3952 6348
248 371 393 431 “97

1103 373 1467 432 EXPOSITIO
1502 375 1730 431 SUPER
1768 374 2135 434 JEREMIAM.
2175 410 2245 419 —
2282 379 2411 436 LIB.
2452 381 2635 440 XVIII.

3383 396 3522 454 1198

245 488 453 544 carnali
481 489 827 560 suggestione
859 487 1163 560 fatigamur.
1197 488 1351 543 Unde
1381 505 1526 544 nunc
1567 489 1833 545 Jeremias
1859 492 1911 554 Α
1938 487 2116 545 futura
2133 493 2469 563 prohibetur,
2484 497 2582 553 sed
2598 500 2721 555 dum
2740 499 3015 573 inopinata
3043 505 3189 561 salus
3211 512 3521 578 percussio-

244 578 302 633 in
336 580 586 648 praesenti
624 578 1007 635 lamentatione
1046 578 1309 659 deplorat,
1349 580 1580 636 dicens:
1619 600 1639 633 ι
1673 581 1832 637 Foris

244 668 504 725 interficit
540 670 769 739 gladius,
811 679 867 726 et
885 670 1031 726 domi
1059 686 1208 726 mors
1235 671 1427 728 similis
1470 680 1575 727 est.
1615 691 1635 725 ι
1673 671 1831 730 Foris

242 760 393 815 enim
419 759 626 831 gladius
652 760 929 828 interficit,
952 777 1075 817 cum
1102 776 1201 817 nos
1226 763 1464 817 exterius
1493 760 1693 819 feriens
1713 764 1833 819 vin-

242 849 389 907 dicta
414 850 658 917 conﬂcit;
684 853 778 907 sed
800 852 944 907 domi
972 867 1116 908 mors
1141 851 1333 907 similis
1372 860 1476 918 est,
1506 854 1633 924 quia
1660 861 1716 910 et
1736 852 1833 909 ﬂa-

243 945 386 1015 gella
415 945 632 1015 quidem
662 946 892 999 sustinet
917 984 932 1010 ,
977 953 1032 999 et
1061 952 1241 999 tamen
1272 944 1415 1000 ihtus
1442 946 1772 1002 conscientia
1799 960 1833 1001 a

244 1034 606 1089 tentationum
629 1035 877 1089 sordibus
899 1034 1097 1088 munda
1112 1050 1217 1090 non
1243 1042 1343 1090 est.
1371 1034 1507 1091 Hinc
1523 1037 1692 1093 David
1713 1038 1791 1092 ait
1814 1054 1827 1093 :

248 1142 269 1175 ι
304 1122 464 1177 Fiant
486 1132 741 1192 tanquam
775 1124 947 1194 pulvis
976 1133 1100 1178 ante
1122 1124 1315 1181 faciem
1339 1126 1511 1193 venti,
1534 1135 1589 1182 et
1610 1129 1832 1199 angelus

243 1212 459 1269 Domini
484 1212 723 1285 afﬂigens
750 1230 843 1270 eos
874 1212 1047 1286 (Psal.
1074 1217 1135 1286 ι).
1174 1236 1195 1268 ›
1234 1217 1370 1283 Quia
1397 1218 1542 1272 enim
1588 1218 1643 1272 in
1670 1219 1836 1275 corde

242 1321 344 1360 suo
365 1321 496 1360 aura
518 1306 831 1360 tentationis
860 1307 1085 1377 rapitur,
1114 1307 1269 1375 quasi
1310 1316 1437 1363 ante
1463 1309 1611 1364 venti
1634 1308 1835 1364 faciem

240 1395 421 1464 pulvis
471 1396 729 1451 elevatur.
783 1397 919 1450 Dum
971 1398 1111 1451 inter
1165 1383 1280 1453 huic
1327 1399 1510 1455 divina
1564 1401 1834 1457 districtio

242 1489 508 1556 percutit,
548 1490 675 1558 quid
719 1488 864 1543 aliud
904 1504 1066 1557 quam
1106 1489 1329 1562 angelus
1370 1493 1581 1548 Domini
1609 1491 1832 1566 afﬂigit?

243 1575 354 1633 Sed
383 1580 497 1633 haec
519 1578 677 1633 aliter
706 1588 938 1650 aguntur
965 1596 995 1634 a
1044 1582 1309 1652 reprobis,
1343 1584 1500 1643 aliter
1523 1585 1590 1639 ah
1620 1586 1828 1644 electis.

239 1666 460 1722 Illorum
485 1683 716 1738 namque
746 1670 909 1724 corda
936 1669 1006 1724 ita
1039 1679 1338 1739 tentantur,
1364 1681 1424 1727 ut
1450 1675 1789 1729 consentiant
1813 1693 1827 1730 :

241 1756 476 1813 istorum
533 1773 663 1815 vero
714 1762 1039 1817 tentationes
1087 1763 1303 1833 quidem
1352 1766 1682 1836 suscipiunt,
1737 1767 1832 1823 sed

1939 594 2064 634 nem
2109 585 2380 653 sequitur,
2439 586 2700 645 salvantis
2754 591 2929 649 virtus
2982 598 3193 666 cognita
3242 601 3524 661 ardentius

1937 682 2167 728 ametur.
2201 674 2336 731 Cum
2363 678 2615 736 innoxius
2640 680 2850 754 ﬂagello
2890 689 3162 755 atteritur,
3188 691 3238 746 ei
3276 708 3376 763 per
3422 709 3522 765 pa-

1938 762 2185 821 tientiam
2237 780 2448 821 summa
2497 770 2817 827 cumuletur.
2870 773 3024 841 Quod
3066 778 3231 834 etiam
3276 762 3525 854 exemplo

1937 853 2147 922 prolato
2174 855 2408 913 lucidius
2432 857 2513 913 fit.
2534 859 2837 931 Aliquando
2872 854 3014 923 enim
3050 880 3306 940 peccator
3328 853 3526 947 percu-

1938 943 2089 1011 titur,
2112 955 2172 1001 ut
2221 943 2425 1019 absque
2472 954 2855 1011 retractatione
2894 960 3168 1028 puniatur,
3198 943 3348 1020 sicut
3372 967 3522 1037 peri-

1938 1042 2074 1091 turae
2111 1036 2310 1095 Iudaeae
2357 1041 2600 1097 dicitur:
2649 1064 2667 1096 ι
2718 1043 2879 1117 Plaga
2930 1049 3133 1107 inimici
3179 1036 3426 1124 percussi
3471 1066 3527 1116 te

1940 1127 2291 1198 castigatione
2312 1132 2516 1187 crudeli
2542 1132 2679 1205 (Jer.
2708 1138 2863 1209 xxx).
2899 1159 2919 1192 ι
2954 1139 3022 1195 Et
3043 1158 3255 1201 rursum
3282 1166 3294 1201 :
3332 1168 3350 1200 ‹
3383 1148 3526 1217 Quid

1940 1216 2144 1274 clamas
2170 1221 2236 1274 ad
2261 1237 2346 1277 me
2368 1239 2532 1294 super
2557 1227 2887 1285 contritione
2916 1233 3051 1287 tua?
3094 1216 3425 1296 lnsanahilis
3442 1249 3530 1297 est

1941 1309 2094 1364 dolor
2118 1319 2260 1368 tuus.
2301 1332 2320 1365 ι
2354 1313 2425 1369 Ut
2466 1318 2772 1389 corrigatur
2801 1330 2981 1377 autem
3027 1324 3315 1395 aliquando
3342 1345 3529 1400 pecca-

1942 1409 2027 1456 tor
2054 1404 2372 1472 percutitur,
2402 1413 2462 1459 ut
2479 1406 2555 1460 ait
2587 1407 2843 1465 Dominus
2872 1412 2927 1467 in
2956 1413 3250 1487 Evangelia
3283 1437 3295 1472 :
3334 1437 3355 1470 ι
3388 1420 3530 1478 Ecce

1941 1506 2108 1549 sanus
2137 1492 2311 1549 factus
2339 1510 2427 1559 es,
2448 1493 2562 1564 jam
2586 1498 2695 1555 noli
2718 1515 2944 1569 peccare
2971 1504 3158 1577 (Joan.
3185 1507 3261 1580 v).
3297 1529 3317 1562 ι
3349 1511 3530 1570 Verba

1939 1583 2087 1639 enim
2135 1585 2396 1643 salvantis
2424 1588 2689 1657 indicant,
2736 1593 2864 1662 quia
2912 1605 3135 1665 peccata
3163 1603 3527 1670 praicedentia

1940 1672 2109 1729 habiti
2156 1673 2263 1729 vim
2327 1676 2528 1733 doloris
2576 1680 2880 1752 exigebant.
2930 1683 3233 1759 Aliquando
3295 1692 3529 1762 quisque

1944 1777 2051 1817 non
2099 1779 2197 1833 pro
2240 1768 2515 1836 praeterita
2552 1770 2708 1841 culpa
2739 1772 3027 1843 diluenda,
3054 1778 3149 1832 sed
3196 1795 3297 1850 pro
3346 1780 3529 1839 futura

239 1859 565 1921 repugnant.
623 1850 839 1906 Illorum
895 1867 988 1909 cor
1045 1855 1436 1914 delectabiliter
1491 1860 1723 1929 capitur,
1775 1867 1833 1914 et
1860 1840 1911 1902 Β
1937 1850 2151 1941 νίκαιάέ
2180 1858 2498 1923 Damnum?-
2549 1840 2702 1927 Ουδά
2735 1872 2923 1932 aperte
2966 1840 3167 1925 Ρέιυιυε
3197 1840 3280 1927 ’ἀε
3326 1882 3527 1930 semet-

239 1940 290 1995 si
332 1940 397 1994 ad
445 1949 652 2011 tempus
700 1943 843 2012 quod
883 1944 1022 1998 male
1060 1948 1386 2016 suggeritur,
1431 1949 1696 2019 displicet,
1736 1953 1834 2008 sed

242 2031 584 2101 postmodum
615 2047 712 2101 per
742 2032 1185 2090 deliberationem
1230 2036 1394 2091 lubet.
1437 2037 1527 2093 Isti
1578 2054 1707 2095 vero
1751 2042 1833 2097 sic

242 2125 604 2179 tentationum
630 2122 810 2194 jacula
841 2127 1115 2197 excipiunt
1142 2169 1157 2196 ,
1186 2138 1245 2184 ut
1272 2146 1485 2203 semper
1527 2134 1832 2191 resistendo

242 2213 568 2285 fatigentur,
598 2224 654 2269 et
684 2216 729 2269 si
760 2217 976 2285 quando
1022 2234 1193 2287 usque
1226 2220 1293 2273 ad
1338 2220 1677 2278 dilectionem
1710 2231 1829 2279 ten-

245 2312 360 2360 tata
414 2319 562 2365 mens
589 2304 833 2374 rapitur:
868 2306 1041 2376 ipsam
1090 2316 1271 2363 tamen
1320 2310 1479 2366 citius
1528 2313 1829 2382 subreptio-

244 2412 374 2453 nem
404 2412 515 2452 suae
555 2396 928 2452 delectationis
956 2400 1285 2454 erubescunt
1311 2440 1326 2466 ,
1354 2408 1409 2456 et
1438 2401 1564 2457 forti
1599 2418 1830 2459 censura

244 2488 573 2557 redarguunt
600 2486 860 2557 quidquid
889 2487 1031 2542 intra
1073 2503 1133 2543 se
1165 2503 1452 2561 exsurgere
1482 2493 1696 2549 carnale
1737 2494 1829 2549 de-

241 2580 603 2652 prehendunt.

316 2667 429 2725 Sin.
471 2689 488 2720 ι
524 2669 826 2724 Audierunt
845 2669 969 2739 quia
997 2669 1292 2741 ingemisco
1337 2687 1467 2744 ego,
1499 2683 1555 2730 et
1592 2691 1698 2731 non
1746 2687 1831 2735 est

246 2780 265 2814 ι
309 2761 403 2830 qui
430 2759 737 2815 consoletur
782 2774 887 2815 me.
937 2758 1137 2817 Omnes
1166 2762 1372 2818 inimici
1398 2766 1503 2820 mei
1540 2766 1832 2824 audierunt

245 2872 266 2906 ί
315 2852 517 2907 malum
546 2854 1039 2920 meum,Domine,
1072 2854 1235 2909 laetati
1291 2864 1418 2912 sunt
1466 2860 1717 2928 quoniam
1769 2869 1828 2917 tu

247 2962 269 2995 α
317 2943 508 2998 fecisti.
541 2944 826 2999 Adduxisti
856 2945 998 3011 diem
1020 2945 1420 3013 consolationis,
1441 2958 1498 3002 et
1524 2949 1653 3005 ﬂent
1673 2952 1826 3005 simi-

244 3060 264 3092 ι
314 3035 390 3095 les
418 3036 540 3090 mei.
581 3055 600 3087 ι
631 3036 885 3091 Anxianti
927 3037 1121 3091 anima:
1161 3049 1217 3093 et
1262 3038 1537 3096 laboribus
1582 3040 1823 3111 afﬂictae,

239 3131 347 3188 hoc
386 3134 598 3188 videtur
642 3141 760 3180 esse
800 3136 1148 3195 augmentum
1192 3128 1410 3195 doloris,
1443 3133 1586 3201 quod
1628 3133 1716 3188 ille
1768 3134 1825 3191 in

1936 1946 2055 2017 ipso
2106 1946 2273 2002 dicit:
2313 1965 2332 1999 ‹
2381 1948 2461 2005 Ne
2511 1953 2827 2023 magnitudo
2867 1958 3255 2017 revelationum
3302 1965 3527 2022 extollat

1934 2050 2046 2104 me,
2087 2056 2109 2090 ι
2140 2047 2193 2093 et
2219 2048 2416 2095 caetera
2451 2037 2504 2113 (Ι
2536 2040 2658 2096 Cor.
2707 2045 2831 2115 χιι).
2864 2038 2983 2102 Non
3031 2050 3127 2116 ait,
3169 2054 3396 2119 extollit,
3430 2056 3526 2111 sed

1933 2141 1998 2180 ne
2025 2125 2263 2193 extollat,
2288 2137 2475 2199 aperte
2502 2130 2749 2189 indicans
2784 2136 2928 2207 quod
2960 2141 3310 2208 percussione
3340 2144 3432 2199 illa
3460 2162 3531 2202 ne

1931 2217 2144 2271 eveniat
2177 2220 2572 2290 compescitur,
2609 2237 2717 2278 non
2748 2239 2869 2297 qua:
2894 2229 3074 2284 evenit
3119 2231 3275 2303 culpa
3319 2249 3523 2307 purga-

1932 2315 2038 2362 tur.
2093 2308 2488 2380 Nonnunquam
2552 2328 2683 2370 vero
2712 2316 2941 2387 quisque
2980 2335 3081 2376 nec
3110 2337 3209 2392 pro
3247 2327 3523 2394 praeterita

1931 2412 2106 2468 neque
2159 2398 2343 2456 futura
2370 2400 2660 2473 iniquitate
2701 2408 3024 2476 percutitur,
3073 2411 3169 2467 sed
3202 2421 3267 2467 ut
3298 2414 3412 2469 sola
3438 2411 3523 2470 dii

1929 2490 2068 2546 vinas
2131 2492 2347 2550 virtutis
2411 2497 2655 2566 potentia
2713 2512 2781 2553 ex
2837 2509 3117 2572 amputata
3174 2507 3527 2575 percussione

1930 2590 2279 2639 monstretur.
2308 2585 2461 2643 Unde
2485 2603 2608 2643 cum
2639 2588 2867 2646 Domino
2892 2592 2946 2647 in
2976 2584 3267 2666 Evangelia
3290 2598 3355 2654 de
3376 2615 3521 2656 caeco

1930 2679 2058 2727 nato
2096 2673 2333 2730 dicitur:
2370 2694 2390 2727 ι
2425 2676 2524 2733 Hic
2549 2678 2827 2749 peccavit,
2848 2690 2943 2736 aut
2984 2693 3239 2753 parentes
3292 2686 3431 2755 ejus,
3464 2696 3527 2745 ut

1930 2778 2107 2820 caicus
2155 2776 2505 2837 nasceretur,
2560 2790 2580 2822 ι
2634 2772 2909 2843 respondit
2952 2774 3211 2833 Dominus
3263 2778 3449 2835 dicens
3506 2798 3519 2835 :

1935 2872 1955 2904 ι
2000 2854 2184 2926 Neque
2236 2858 2327 2914 hic
2369 2862 2639 2930 peccavit,
2669 2878 2846 2935 neque
2870 2874 3124 2935 parentes
3163 2868 3302 2939 ejus,
3334 2871 3427 2925 sed
3464 2879 3525 2928 ut

1930 2946 2343 3004 manifestentur
2383 2966 2548 3021 Opera
2596 2952 2693 3008 Dei
2724 2954 2778 3009 in
2807 2954 2897 3010 illo
2926 2956 3107 3029 (Joan.
3141 2958 3237 3031 rx).
3282 2981 3301 3013 ι
3330 2960 3387 3019 l’n
3414 2978 3521 3032 qua

1929 3038 2369 3095 manifestatione
2412 3042 2540 3109 quid
2579 3044 2780 3112 agitur,
2831 3046 3018 3101 nisiut
3057 3062 3127 3102 ex
3170 3048 3379 3121 ﬂagello
3403 3069 3521 3110 me-

1924 3120 2159 3184 ‘ritorum
2190 3132 2363 3187 virtus
2406 3142 2688 3205 augeatur,
2724 3151 2915 3207 magna
2945 3137 3012 3194 de
3052 3120 3316 3209 patientia
3364 3143 3519 3201 forti-

236 3237 350 3293 quo
389 3237 538 3291 spem
577 3222 766 3277 ιτεὼυη
785 3216 1184 3290 ροηδυξδιξυῃξς,
1222 3217 1397 3271 dilfert
1437 3198 1593 3288 opem
1632 3220 1825 3277 afferre
1852 3198 1899 3261 Ε
1932 3216 2057 3270 tudo
2082 3220 2405 3288 generetur?
2431 3198 2537 3275 sed
2567 3198 2694 3277 dum
2732 3198 2877 3292 juste
2920 3198 3179 3284 Dominus
3228 3198 3519 3303 unicuique

237 3312 441 3369 solatii.
471 3312 581 3367 Nec
608 3328 713 3367 non
746 3317 802 3368 et
832 3314 935 3369 hoc
973 3317 1269 3369 maximum
1302 3308 1377 3370 illi
1419 3310 1655 3365 ditiorem
1683 3313 1827 3385 inge-

242 3401 334 3465 rit,
363 3402 505 3469 quod
530 3416 651 3455 eant
677 3401 881 3457 inimici
905 3404 1184 3471 derident,
1208 3408 1361 3475 quasi
1387 3423 1479 3476 spe
1510 3409 1767 3464 fi'usit‘ma
1796 3420 1828 3457 a

239 3490 468 3547 Domino
509 3507 606 3547 suo
638 3493 776 3548 hanc
803 3494 1029 3549 haberet
1057 3494 1403 3551 calumniam.
1437 3498 1563 3561 Tale
1590 3512 1675 3555 est
1696 3502 1827 3563 illud

236 3583 537 3639 Psalmistae
583 3602 596 3637 :
658 3601 676 3634 ι
732 3582 834 3649 Qui
882 3584 1285 3663 custodiebant,
1337 3587 1541 3658 inquit,
1586 3591 1825 3665 animam

238 3688 435 3737 meam,
472 3673 754 3728 consilium
784 3672 1029 3728 fecerunt
1054 3674 1109 3729 in
1149 3690 1337 3742 unum,
1366 3677 1609 3734 dicentes
1638 3694 1652 3733 :
1684 3682 1824 3739 Deus

236 3766 525 3835 dereliquit
585 3779 748 3830 eum,
798 3765 1223 3834 persequimini,
1278 3778 1334 3821 et
1383 3771 1825 3839 comprehendite

234 3872 361 3913 eum
400 3856 523 3926 quia
571 3870 678 3909 non
727 3862 809 3909 est
848 3856 940 3925 qui
988 3855 1180 3927 eripiet
1216 3870 1339 3911 eum
1389 3855 1563 3929 (Psal.
1608 3862 1757 3931 Lxx).
1798 3880 1819 3915 ι

235 3949 309 4005 Et
337 3950 387 4002 in
412 3948 702 4019 Evangelia
726 3946 894 4002 Judaei
916 3948 1201 4003 Dominum
1224 3950 1279 4003 iu
1306 3965 1468 4005 cruce
1503 3966 1822 4023 suspensum

236 4038 538 4110 irridebant
564 4079 578 4103 ,
602 4038 881 4093 dicentes:
920 4059 935 4088 τ
969 4039 1117 4093 Alios
1164 4040 1519 4108 salvos‘fecit,
1543 4057 1601 4098 se
1647 4045 1822 4113 ipsum

236 4140 345 4186 non
370 4139 551 4200 potest
576 4130 778 4184 salvum
814 4128 1012 4184 facere.
1042 4129 1099 4184 Si
1131 4145 1226 4185 rex
1254 4130 1419 4185 Israel
1450 4143 1554 4199 cst,
1596 4134 1823 4193 descen-

236 4221 331 4278 dat
352 4236 492 4275 nunc
518 4221 583 4276 de
628 4236 809 4287 cruce,
837 4230 894 4276 et:
934 4223 1215 4276 credemus
1243 4223 1315 4276 ei.
1347 4221 1579 4278 Conﬂdit
1604 4226 1658 4279 in
1689 4226 1817 4293 Deo,

235 4313 426 4369 liberet
453 4329 576 4367 eum
606 4328 745 4366 nunc
768 4314 812 4367 si
835 4311 1169 4383 vult(illaltli.
1188 4312 1377 4383 xxv").
1400 4331 1419 4363 ι
1456 4312 1561 4368 Sed
1588 4314 1710 4369 talis
1744 4330 1819 4368 to-

234 4404 393 4475 quela
421 4402 703 4457 manifesta
716 4410 798 4456 est
814 4400 1161 4471 blasphemia,
1177 4416 1297 4470 quae
1321 4417 1425 4455 non
1440 4403 1585 4456 laedit
1607 4404 1817 4473 pericli-

236 4503 461 4558 tantem,
496 4496 592 4549 sed
632 4494 886 4549 interficit
910 4492 1391 4562 blaSphemantem.
1425 4491 1542 4548 Non
1565 4502 1645 4548 est
1675 4497 1815 4549 enim

238 4589 293 4642 in
315 4587 423 4640 ullo
456 4584 956 4655 reprehendendum
988 4581 1249 4651 judicium
1295 4583 1409 4646 Dei,
1440 4583 1583 4653 quod
1605 4599 1818 4655 semper

226 4676 435 4749 justum
462 4685 563 4741 est,
591 4685 646 4730 et
660 4674 804 4743 juste
831 4674 1067 4745 disponit
1091 4673 1293 4740 omnia,
1322 4675 1417 4729 sed
1449 4678 1816 4731 venerandum

235 4780 401 4841 atque
442 4769 757 4831 timendum,
787 4768 916 4837 quia
946 4766 1128 4821 omnia
1178 4781 1512 4838 quaecunque
1558 4767 1671 4821 vult
1712 4768 1817 4823 Do-

235 4863 447 4930 minus,
474 4860 602 4914 facit
632 4860 684 4913 in
708 4859 845 4913 ctelo
873 4866 927 4912 et
952 4859 1004 4911 in
1036 4866 1199 4923 terra,
1227 4858 1282 4912 in
1306 4858 1444 4912 mari
1471 4866 1525 4912 et
1554 4858 1608 4911 in
1642 4860 1817 4914 omni-

234 4954 338 5011 bus
366 4952 573 5021 abyssis
606 4970 616 5003 :
635 4949 812 5017 justus
838 4950 1095 5003 Dominus
1116 4950 1170 5003 in
1198 4950 1449 5005 omnibus
1475 4951 1735 5033 viissuis,
1762 4960 1819 5007 et

235 5050 460 5099 sanctus
489 5042 541 5094 in
571 5040 821 5094 omnibus
863 5040 1117 5108 operibus
1161 5040 1307 5105 suis,
1349 5055 1449 5095 nec
1479 5040 1814 5112 derelinquet

234 5148 425 5191 omnes
472 5141 749 5203 sperantes
779 5132 831 5185 in
872 5132 1083 5196 se,.imo
1109 5122 1381 5195 orationes
1421 5147 1605 5188 eorum
1648 5148 1812 5190 exau-

1930 3308 2225 3361 secundum
2271 3323 2432 3377 opera
2463 3325 2561 3365 sua
2603 3313 2874 3379 retribuit,
2919 3315 3210 3372 videndum
3256 3330 3340 3375 est
3386 3324 3520 3392 quid

1931 3394 2216 3465 sequitur:
2252 3416 2269 3448 ‹
2306 3397 2612 3466 Adduxisti,
2661 3402 2854 3472 inquit,
2908 3404 3051 3460 diem
3107 3409 3517 3481 consolationis,

1927 3494 1983 3565 et
2031 3485 2159 3543 ﬁerit
2190 3487 2392 3551 similes
2438 3490 2565 3553 tue'i.
2594 3511 2619 3546 λι
2652 3490 2960 3556 Consolatio
2986 3510 3144 3574 eigo,
3167 3516 3290 3576 qua:
3317 3502 3517 3578 injuste

1926 3589 2200 3657 oppressis
2224 3604 2256 3642 a
2282 3590 2508 3644 Domino
2531 3591 2827 3657 confertur,
2859 3600 2913 3647 et
2937 3608 3121 3663 poena,
3148 3606 3269 3666 Quae
3292 3583 3515 3670 oppres-

1927 3678 2142 3733 seribus
2163 3694 2349 3733 eorum
2376 3680 2573 3735 merito
2598 3680 2856 3751 inﬂigitur
2878 3723 2893 3748 ,
2923 3698 2988 3738 ex
3006 3682 3156 3751 justo
3187 3685 3391 3755 judicio
3405 3689 3511 3765 Dei

1926 3772 2246 3839 procedunt,
2279 3780 2338 3825 ut
2369 3773 2598 3841 recipiat
2632 3774 3001 3845 unusquisque
3023 3774 3237 3847 propria
3265 3783 3512 3851 corporis

1925 3870 2086 3930 prout
2124 3861 2324 3932 gessit,
2362 3862 2476 3917 sive
2522 3863 2721 3919 bonum
2769 3864 2881 3921 sive
2938 3868 3157 3924 malum.
3208 3870 3370 3928 Poena
3425 3884 3509 3929 est

1926 3951 2299 4021 reproborum,
2331 3955 2422 4023 qui
2455 3955 2631 4010 aliena
2665 3955 2922 4013 felicitate
2942 3962 3267 4017 cruciantur.
3318 3965 3504 4021 Addu-

1926 4042 2001 4095 cit
2023 4056 2150 4111 ergo
2200 4030 2379 4098 divina
2422 4044 2731 4113 clementia,
2762 4058 2883 4117 post
2912 4049 3114 4113 illatam
3171 4055 3342 4109 servis
3393 4058 3505 4113 suis

1924 4130 2117 4203 ﬂagelli
2170 4136 2601 4205 correptionem,
2654 4140 2757 4207 piae
2788 4128 3173 4199 miserationis
3222 4154 3505 4216 paternam

1925 4223 2366 4289 consolationem,
2397 4234 2454 4280 ut
2479 4236 2603 4296 post
2646 4228 2954 4285 diuturnum
2984 4232 3220 4289 laborem
3270 4236 3507 4293 habeant

1924 4314 2222 4381 respirandi
2268 4324 2627 4385 potestatem;
2692 4328 2745 4373 et
2810 4336 2841 4375 e
2884 4325 3157 4379 contrario
3209 4330 3502 4385 tortoribus

1922 4418 2105 4476 eorum
2137 4413 2260 4473 post
2299 4422 2494 4461 vanam
2525 4410 2710 4464 mundi
2740 4400 2979 4467 laetitiam
3020 4415 3180 4484 justae
3203 4417 3500 4475 damnatio-

1874 4492 2010 4575 \‘nis
2058 4492 2249 4547 reddet
2302 4495 2611 4550 diuturnam
2669 4498 2995 4557 calamitatis
3049 4506 3502 4575 mmstitiam,‘ut

1924 4584 2186 4652 recipiant
2242 4585 2295 4638 in
2338 4587 2642 4655 semetipsis
2693 4591 2833 4665 quod
2887 4591 3067 4661 inique
3117 4609 3400 4665 gesserunt
3440 4601 3497 4656 in

1920 4676 2201 4745 proximis.
2256 4676 2348 4733 Sic
2406 4676 2469 4732 ﬁt
2507 4688 2565 4732 ut
2612 4664 2868 4749 paiientia
2926 4664 3234 4741 sanctorum
3272 4704 3499 4747 corone-

1922 4778 2031 4833 tur,
2056 4776 2111 4823 et
2139 4766 2401 4838 injustitia
2441 4769 2746 4838 iniquorum
2788 4772 3060 4840 puniatur.
3085 4775 3238 4842 Quod
3261 4764 3317 4833 et
3354 4779 3495 4836 Pau-

1920 4860 2004 4915 lus
2055 4858 2326 4928 apostolus
2380 4858 2436 4912 in
2485 4859 2720 4930 Epistola
2767 4876 2861 4915 sua
2923 4865 3186 4929 ostendit,
3239 4867 3423 4925 dicens
3475 4892 3488 4925 :

1928 4974 1945 5005 ‹
1982 4951 2193 5007 Justum
2221 4960 2303 5007 est
2351 4944 2489 5022 apud
2538 4954 2701 5008 Deum
2734 4956 3033 5012 retribuere
3085 4960 3487 5021 tribulationem

1916 5044 1999 5098 his
2044 5044 2134 5112 qui
2182 5059 2279 5099 vos
2308 5044 2589 5108 tribulant,
2614 5054 2671 5100 et
2694 5047 2867 5113 vobis,
2890 5050 2992 5119 qui,
3015 5051 3361 5121 tribulamini,
3404 5073 3491 5113 re-

1914 5136 2093 5205 quiem
2142 5134 2454 5201 nobiscum,
2512 5137 2567 5190 in
2616 5138 2943 5195 revelatione
2980 5141 3193 5198 Domini
3238 5144 3362 5203 Jesu
3418 5151 3486 5207 de

235 5226 367 5289 diet,
392 5232 445 5277 et
472 5224 647 5278 salvos
694 5221 855 5277 faciet
881 5237 993 5277 eos.
1051 5222 1156 5285 Sed
1184 5224 1479 5289 notandum
1519 5227 1660 5294 quod
1688 5240 1811 5298 per-
1910 5226 2049 5281 caelo
2071 5238 2191 5281 cum
2212 5226 2417 5297 angelis
2443 5227 2658 5283 virtutis
2684 5228 2817 5299 ejus.
2841 5229 3132 5311 lnﬂamma
3154 5235 3295 5307 ignis
3307 5238 3484 5297 dantis

236 5314 544 5372 eussionum
596 5312 803 5365 diversa
852 5322 977 5366 sunt
1023 5322 1238 5384 genera.
1286 5315 1413 5381 Alia
1448 5332 1683 5387 namque
1727 5328 1811 5389 est
1909 5316 2201 5371 vindictam
2246 5317 2332 5371 bis
2382 5318 2472 5387 qui
2512 5333 2618 5373 non
2654 5330 2923 5395 noverunt
2950 5322 3140 5391 Deum,
3169 5337 3225 5380 et
3252 5328 3343 5398 qui
3372 5344 3484 5386 non

234 5405 534 5480 percussio,
567 5418 671 5473 qua
692 5410 945 5473 peccator
972 5407 1289 5474 percutitur,
1317 5417 1375 5460 ut
1393 5398 1805 5465 sine'retractae

240 5498 384 5554 tione
404 5496 678 5565 puniatur,
720 5493 823 5556 alia
844 5510 946 5563 qua
968 5507 1219 5563 peccator
1238 5500 1560 5567 percutitur,
1590 5508 1649 5553 ut
1689 5515 1807 5556 cor-

241 5587 463 5657 rigatur,
491 5585 593 5638 alia
620 5599 725 5653 qua
751 5600 1131 5653 nonnunquam
1173 5589 1439 5656 quispiam
1487 5588 1804 5657 percutitur,

238 5691 345 5731 non
371 5684 427 5728 ut
446 5676 714 5744 praeterita
742 5675 992 5744 corrigat,
1024 5675 1115 5727 sed
1147 5692 1211 5731 ne
1236 5685 1455 5730 ventura
1483 5676 1807 5743 committat,

240 5763 464 5835 diaper
514 5780 675 5834 quam
718 5778 817 5820 nec
865 5768 1133 5834 prii-terim
1164 5766 1317 5837 culpa
1368 5762 1672 5837 corrigitur,
1708 5786 1806 5824 nec

1912 5404 2171 5485 obediunt
2199 5406 2484 5477 Evangelio
2525 5408 2733 5463 Domini
2787 5412 2957 5465 nostri
3000 5411 3125 5469 Jesu
3166 5414 3369 5474 Christi
3394 5419 3482 5492 (ΙΙ

1914 5484 2093 5551 Thess.
2126 5496 2217 5567 1).»
2260 5497 2336 5551 De
2357 5513 2463 5566 quo
2490 5499 2663 5567 adhuc
2683 5501 2928 5555 subditur
2965 5521 2977 5556 :

1930 5569 1935 5575 ’
1986 5583 2154 5639 ΤΙιαιι.
2200 5605 2217 5637 ι
2272 5582 2605 5657 Ingrediatur
2634 5603 2791 5643 omne
2822 5592 3019 5647 malum
3060 5610 3243 5650 eorum
3292 5614 3477 5657 coram

1918 5694 1933 5726 ι
1983 5684 2056 5742 te,
2087 5686 2139 5730 et
2163 5685 2215 5730 tu
2250 5676 2521 5731 vindemia
2566 5693 2656 5733 eos
2689 5680 2824 5734 sicut
2860 5672 3198 5739 vindemiasti
3225 5704 3313 5740 me
3354 5706 3480 5759 pro-

1918 5786 1936 5818 ‹
1983 5777 2100 5837 pter
2148 5782 2333 5823 omnes
2382 5769 2692 5839 iniquitates
2726 5787 2899 5829 meas.
2944 5773 3090 5829 Multi
3126 5779 3265 5832 enim
3305 5782 3475 5850 genii-
