3952 6326
442 361 581 417 “99

1085 361 1149 417 B.
1192 361 1446 418 RABANI
1481 359 1701 421 MAURI
1736 361 2056 419 ARCHIEP.
2096 360 2713 423 MOGUNT.OPERUM
2749 363 2932 422 PARS
2968 365 3056 422 Ill.

3586 370 3726 428 ηυο

436 486 523 530 tus
554 488 681 539 Ille],
706 483 761 529 et
800 487 897 528 cor
927 488 1109 530 meum
1140 490 1395 530 moerens.
1434 494 1452 527 ι
1484 473 1599 531 Hoc
1641 476 1842 546 quippe
1881 484 2021 541 erat,
2054 479 2105 541 Α
2129 475 2312 533 Aaron
2346 478 2593 546 educata,
2628 479 2702 534 ita
2724 488 2786 535 ut
2826 476 3088 536 vocabulo
3132 481 3350 539 seabeili
3398 482 3601 557 pedum
3628 486 3731 543 Do-

429 566 671 621 ﬁdclium
722 564 875 618 turba
933 572 991 619 ut
1045 574 1440 621 rememoretur
1485 566 1539 621 in
1587 575 1881 637 conspectu
1927 568 2024 624 Dei

430 664 847 727 persecutorum
872 672 1094 711 suorum
1124 657 1301 729 plaga,
1330 668 1597 729 quatenus
1634 673 1730 715 eos
1771 673 1870 730 per
1896 675 2025 715 con-

429 750 648 822 dignam
674 750 967 804 vindictam
998 750 1205 819 justum
1222 748 1487 818 judicium
1540 751 1637 806 Dei
1684 752 2028 821 corripiendo

430 840 719 905 humiliet,
767 840 859 909 qui
909 839 1275 909 superbiendo
1325 841 1609 912 multiplici
1644 843 2027 912 persecutione

428 946 542 985 non
568 930 863 993 timuerunt
893 930 1234 986 coniessores
1261 930 1360 985 Dei
1396 931 1645 1001 fatigare.
1675 932 2026 991 Vindemiare

430 1021 579 1074 enim
623 1028 709 1075 est
756 1034 1199 1089 unumquemque
1245 1035 1469 1091 operum
1523 1036 1745 1077 suorum
1788 1023 2027 1079 fructum

425 1124 651 1170 metere.
680 1112 992 1170 Vindemiat
1039 1115 1185 1171 enim
1231 1116 1492 1172 Dominus
1535 1117 1719 1172 hostes
1752 1132 1902 1184 suos,
1932 1117 2026 1188 qui

425 1214 648 1261 sanctos
704 1204 820 1274 ejus
871 1206 1370 1271 vindemiaverunt,
1410 1206 1628 1275 quando
1672 1222 1772 1277 pro
1822 1207 2027 1262 contri-

425 1297 577 1351 tione
634 1298 941 1367 temporali,
972 1312 1081 1367 qua
1127 1296 1246 1351 illos
1293 1297 1360 1351 ad
1404 1298 1783 1368 probationem
1834 1313 2023 1354 eorum

420 1388 731 1459 opprimere
752 1387 1003 1457 permissi
1024 1396 1171 1453 sunt,
1195 1373 1251 1443 in
1277 1388 1461 1445 futuro
1478 1382 1686 1457 judicio
1707 1398 2025 1460 perpetuam

423 1479 590 1535 faciet
630 1480 873 1551 recipere
900 1478 1187 1534 ultionem.
1245 1479 1352 1535 Sed
1395 1481 1498 1537 hoc
1535 1482 1897 1547 intiman’dum
1940 1491 2024 1537 est

426 1570 573 1641 quod
613 1572 833 1640 quando
871 1570 1048 1625 sancti
1071 1571 1175 1624 viri
1206 1572 1587 1641 deprecatorio
1630 1587 1786 1628 more
1830 1581 2021 1628 contra

424 1663 613 1718 hostes
670 1678 797 1718 suos
845 1672 1061 1734 rogant,
1098 1678 1205 1717 non
1244 1671 1371 1717 volo
1413 1663 1654 1731 malitiae,
1689 1664 1787 1720 s‘ed
1827 1666 2024 1737 spiritu

398 1747 758 1824 ~prophetiae,
790 1755 893 1809 hoc
942 1753 1087 1824 quod
1139 1754 1218 1809 eis
1266 1754 1563 1825 praescium
1609 1753 1853 1812 futurum
1885 1772 2024 1828 prae-

2134 566 2268 620 mini
2296 576 2520 638 propter
2546 578 2746 623 statum
2774 569 2941 637 divini
2972 568 3169 635 cultus,
3192 572 3284 640 qui
3322 572 3376 627 in
3424 574 3542 644 ipsa
3570 574 3728 645 plebe

2133 666 2268 725 tunc.
2292 660 2598 729 praecipuus
2621 667 2761 724 erat,
2788 661 2985 715 merito
3033 672 3462 732 nuncuparetur,
3490 680 3639 719 nunc
3666 666 3731 721 de

2130 762 2343 804 summa
2375 749 2635 807 felicitate
2664 749 2718 805 in
2755 752 3047 807 maximam
3097 753 3375 809 miseriam
3404 755 3461 811 in
3512 756 3599 811 die
3648 755 3730 813 Iu-

2130 840 2273 895 roris
2318 840 2531 897 Domini
2571 850 2626 896 et
2648 841 2897 897 vindictae
2935 844 2992 899 in
3037 858 3160 899 eam
3209 845 3454 915 prolatae,
3484 847 3730 916 quaside

2130 928 2270 984 cmlo
2323 929 2378 984 in
2410 938 2615 985 terram
2663 930 2903 1002 projecta
2932 941 2989 988 et
3015 934 3331 989 conculcata
3363 936 3479 990 sit?
3501 936 3731 1008 Mystice

2130 1024 2310 1071 autem
2365 1017 2547 1073 anima
2600 1020 2912 1089 peccatrix,
2956 1036 3076 1091 quae
3110 1023 3382 1093 quondam
3428 1025 3624 1079 habuit
3651 1024 3731 1080 luo

2128 1120 2253 1162 men
2285 1108 2555 1173 scientia,
2587 1118 2643 1163 et
2671 1109 2949 1179 speculum
2992 1111 3188 1168 divina:
3230 1115 3729 1185 contemplationis,

2128 1201 2346 1269 quando
2390 1201 2555 1271 pedes
2607 1202 2845 1269 Domini,
2869 1202 2973 1258 hoc
3008 1212 3114 1270 est,
3143 1208 3374 1278 vestigia
3426 1218 3729 1277 przecepto-

2128 1305 2248 1344 rum
2303 1289 2460 1358 ejus,
2510 1291 2565 1346 in
2615 1293 2795 1348 cordis
2844 1293 2988 1349 illius
3049 1306 3261 1353 secreto
3309 1299 3726 1366 consistebant,

2128 1395 2276 1436 nunc
2304 1390 2531 1453 propter
2571 1384 2871 1440 caecitatem
2930 1385 3111 1442 cordis
3140 1396 3196 1443 et
3224 1390 3524 1459 nequitiam
3548 1406 3730 1461 pravae

2128 1470 2379 1536 aetionis,
2404 1471 2473 1527 de
2500 1472 2736 1529 culmine
2777 1475 3035 1530 virtutum
3095 1476 3149 1532 in
3182 1479 3429 1535 foeditate
3482 1491 3727 1538 terreno-

2126 1576 2247 1618 rum
2274 1561 2666 1619 desideriorum
2695 1566 2968 1637 prolapsa,
2985 1566 3134 1636 justo
3154 1566 3358 1638 judicio
3385 1572 3481 1627 Dei
3540 1585 3726 1643 spreta

2116 1662 2293 1735 atque
2318 1654 2580 1711 derelicta
2618 1658 2687 1713 ab
2726 1658 2973 1715 hostibus
3024 1662 3395 1719 conculcatur.
3433 1664 3589 1720 Unde
3616 1681 3728 1722 mc-

2127 1746 2235 1802 rito
2287 1748 2551 1818 propheta
2597 1746 2716 1817 ejus
2748 1748 2906 1807 deﬂet
2962 1752 3196 1820 ruinam,
3244 1755 3371 1825 quia
3425 1770 3457 1809 a
3512 1771 3728 1813 summo

426 1847 654 1904 dicunt:
685 1846 774 1901 vel
806 1847 975 1902 etiam
1008 1855 1197 1901 contra
1238 1846 1513 1918 spiritales
1540 1848 1813 1918 nequitias
1839 1859 2017 1916 orant,
2050 1844 2098 1904 B
2127 1841 2336 1898 honore
2390 1842 2458 1897 ad
2512 1845 2809 1900 maximam
2860 1845 3112 1902 devoluta
3158 1856 3242 1904 est
3274 1850 3582 1917 miseriam,
3633 1867 3727 1923 per

423 1954 562 2008 quos
589 1938 990 2008 incorrigibiles
1024 1953 1148 1994 esse
1182 1939 1387 2004 sciunt,
1412 1948 1473 1994 ut
1489 1937 1698 2007 justam
1724 1955 1753 1993 a
1791 1939 2022 1995 Domino

423 2033 690 2102 recipiant
719 2033 1071 2088 sententiam.
1130 2032 1270 2089 Hinc
1298 2042 1383 2089 est
1407 2032 1539 2089 illud
1578 2034 1724 2103 quod
1764 2033 1819 2087 in
1864 2032 2020 2088 Psal-

415 2137 505 2175 mo
533 2122 803 2191 Pmpheta
853 2122 1143 2177 Dominum
1184 2133 1376 2178 contra
1414 2132 1676 2179 nocentes
1722 2139 1784 2189 se
1827 2138 2025 2193 preca-

426 2220 536 2280 tur,
563 2214 751 2268 dicens
780 2229 793 2267 :
836 2230 855 2263 ι
891 2211 1105 2278 Judica,
1140 2214 1389 2280 Domine,
1413 2222 1673 2270 nocentes
1710 2228 1823 2280 me,
1845 2228 2018 2285 expu-

418 2318 526 2377 gna
585 2302 963 2373 impugnantes
997 2318 1085 2358 me
1117 2300 1291 2374 (Psal.
1336 2304 1513 2376 xuii).
1551 2324 1569 2357 ι
1606 2303 1895 2374 Assumpta
1921 2319 2022 2374 pro

418 2393 577 2447 nobis
631 2391 831 2446 clamat
876 2391 1188 2457 inﬁrmitas,
1238 2400 1300 2446 ut
1364 2393 1694 2449 damnentur
1737 2402 2019 2460 nocentes,

417 2482 473 2538 id
507 2490 586 2537 est
639 2482 909 2549 diabolus,
963 2497 1087 2537 cum
1145 2482 1412 2537 ministris
1452 2483 1586 2549 suis,
1620 2482 1767 2553 quod
1794 2490 2023 2538 noverat

420 2587 543 2629 esse
576 2576 886 2627 venturum.
940 2570 1109 2627 Malos
1135 2572 1279 2626 enim
1317 2571 1574 2643 judicari,
1622 2573 1871 2628 damnari
1902 2582 2017 2640 est,

417 2664 544 2736 quia
568 2670 845 2733 nequeunt
866 2662 921 2717 in
961 2662 1356 2733 disceptatione
1386 2662 1634 2729 liberari,
1675 2663 1767 2733 qui
1804 2678 2021 2734 semper

420 2754 609 2824 pravis
668 2753 975 2809 actionibus
1008 2754 1306 2824 probantur
1333 2753 1615 2825 implicati.
1653 2754 1761 2810 Sed
1786 2755 1915 2821 hoc,
1959 2763 2019 2809 ut

415 2844 619 2899 dictum
667 2852 771 2911 est,
819 2845 887 2899 ad
943 2843 1216 2899 diabolum
1267 2845 1503 2915 pertinet
1529 2861 1652 2901 cum
1696 2845 2020 2915 sequacibus

417 2937 551 3002 suis,
580 2952 675 3006 per
704 2950 839 3007 quos
861 2937 1111 3006 provenit
1136 2934 1375 2991 Iudaica:
1398 2937 1691 2992 voluntatis
1734 2937 2014 3008 iniquitas.

417 3024 555 3079 Nam
592 3042 716 3079 cum
748 3027 862 3097 ipse
892 3027 1196 3097 praecipiat,
1224 3026 1330 3081 Pro
1360 3027 1592 3083 inimicis
1620 3029 1818 3083 vestris
1844 3038 2015 3095 orate,

414 3119 727 3175 hominibus
752 3119 868 3173 hmc
897 3134 1005 3173 non
1026 3126 1204 3188 potest
1230 3119 1521 3175 convenire
1550 3122 1837 3175 sententia.
1866 3120 2016 3190 Ipsos

2123 1950 2287 2005 quam
2312 1936 2555 1990 omnium
2578 1934 2693 2005 jam
2728 1937 3004 2008 despectui
3030 1947 3181 2009 patet
3201 1950 3257 1995 et
3286 1940 3557 1997 irrisioni.

2192 2024 2344 2079 Belli.
2383 2044 2402 2077 ι
2440 2024 2805 2098 Praecipitavit
2824 2029 3085 2085 Dominus
3114 2047 3216 2087 nec
3252 2034 3517 2103 pepercit,
3547 2036 3725 2090 omnia

2128 2136 2146 2169 ‹
2189 2118 2431 2189 speciosa
2462 2118 2630 2175 Iacob
2656 2138 2669 2172 :
2699 2120 2966 2175 destruxit
2986 2122 3041 2175 in
3068 2121 3251 2178 furore
3273 2140 3373 2179 suo
3396 2126 3728 2182 munitiones

2128 2226 2147 2260 ι
2187 2208 2409 2280 virginis
2430 2206 2603 2277 Iudae,
2634 2218 2691 2265 et
2717 2209 2915 2280 dejecit
2939 2211 2995 2265 in
3029 2220 3253 2277 terram,
3283 2212 3477 2282 polluit
3502 2229 3727 2284 regnu-

2128 2317 2146 2349 ι
2180 2306 2232 2352 et
2253 2299 2533 2368 .principes
2558 2299 2695 2369 ejus.
2717 2318 2736 2349 ι
2784 2298 3014 2370 Propter
3053 2308 3279 2371 peccata
3329 2302 3477 2357 enim
3509 2301 3725 2359 Judaeo-

2122 2404 2265 2454 rum,
2312 2399 2368 2443 et
2397 2389 2861 2461 transgressiones
2909 2390 3111 2460 quibus
3159 2392 3628 2462 transgredientes
3662 2395 3731 2449 le

2121 2496 2242 2551 gem
2270 2480 2369 2534 Dei
2418 2482 2730 2537 testimonia
2756 2479 2873 2550 ejus
2902 2497 3010 2537 non
3054 2483 3453 2551 custodierunt,
3482 2487 3729 2542 servien-

2123 2581 2205 2627 tes
2227 2572 2333 2628 diis
2377 2571 2569 2627 alienis
2615 2581 2671 2627 et
2697 2574 2983 2629 adorantes
3011 2572 3173 2640 idola,
3203 2582 3261 2629 et
3313 2576 3612 2632 simulacra
3637 2594 3727 2634 eo-

2123 2679 2243 2719 rum
2264 2672 2588 2720 veuerantes
2610 2663 2677 2719 ad
2710 2663 3116 2720 similitudinem
3144 2666 3409 2735 gentium,
3438 2684 3562 2739 qute
3582 2670 3721 2725 circa

2120 2768 2215 2809 eos
2245 2761 2426 2820 erant,
2456 2752 2702 2809 irritatus
2731 2752 2996 2809 Dominus
3018 2755 3238 2811 tradidit
3260 2755 3440 2826 ipsum
3466 2759 3723 2828 populum

2121 2858 2275 2899 suum
2306 2844 2361 2898 in
2405 2859 2598 2899 manus
2628 2843 2893 2915 gentium,
2945 2852 2999 2898 et
3045 2842 3307 2900 dominati
3349 2855 3479 2901 sunt
3529 2864 3718 2905 eorum

2119 2936 2212 3004 qui
2243 2936 2475 2995 oderunt
2505 2952 2618 2991 eos.
2647 2935 2949 3006 Omniaque
2975 2937 3217 3007 speciosa
3246 2936 3441 3005 Jacob,
3472 2956 3597 3011 qua:
3619 2943 3718 2997 ha-

2120 3026 2285 3081 bebat
2318 3026 2372 3081 in
2420 3034 2615 3081 ornatu
2671 3025 3018 3081 famosissimi
3063 3028 3265 3098 templi,
3296 3038 3353 3084 et
3397 3030 3551 3085 cultu
3581 3031 3719 3087 cele-

2120 3115 2361 3171 berrimo
2389 3131 2498 3185 quo
2520 3131 2579 3171 se
2604 3116 2905 3187 nobiliores
2932 3118 3144 3173 caeteris
3178 3120 3576 3191 gentibusesse
3602 3138 3714 3178 cre-

415 3226 547 3282 crgo
575 3212 712 3281 petit
740 3210 936 3265 debere
969 3210 1235 3275 damnari,
1261 3226 1398 3281 quos
1422 3211 1622 3266 virtute
1658 3189 2014 3282 praescientiae
2038 3189 2089 3252 ο
2121 3207 2340 3273 debant,
2373 3207 2628 3263 Dominus
2662 3207 3043 3280 praecipitavit,
3078 3216 3133 3263 et
3158 3189 3429 3265 destruxit
3458 3212 3514 3266 in
3537 3210 3720 3269 furore

414 3322 527 3363 suae
556 3307 707 3361 novit
734 3306 802 3361 ad
831 3307 1223 3377 ptenitudinem
1254 3308 1491 3363 remedia
1513 3326 1622 3365 non
1646 3311 1852 3365 venire.
1878 3310 2015 3367 Nam

415 3400 472 3457 in
520 3398 973 3467 subsequentibus
1020 3398 1112 3453 ubi
1165 3400 1313 3453 venit
1362 3402 1429 3454 ad
1478 3400 1748 3467 homines,
1774 3401 2014 3456 converti

423 3502 520 3543 eos
552 3488 844 3554 desiderat,
877 3505 986 3543 non
1009 3489 1206 3559 perire,
1237 3499 1299 3544 ut
1322 3498 1405 3545 est
1434 3491 1565 3546 illud
1589 3508 1603 3545 :
1627 3511 1645 3542 ι
1665 3490 2016 3547 Confundan-

422 3586 514 3632 tur
565 3586 621 3633 et
681 3588 1034 3635 revereantur
1096 3581 1435 3651 inquirentes
1497 3597 1737 3637 animam
1802 3598 2011 3651 meam;

414 3676 736 3723 avertantur
789 3678 1088 3725 retrorsum
1139 3679 1196 3725 et
1249 3672 1596 3737 erubescant,
1630 3673 1722 3744 qui
1772 3675 2017 3745 cogitant

412 3758 547 3812 mihi
598 3758 740 3813 mala
786 3758 959 3831 (Psal.
1017 3760 1230 3834 χχχιχ).
1294 3780 1313 3813 ›
1368 3762 1605 3833 Hicjam
1648 3763 1743 3817 ubi
1767 3765 1917 3818 venit
1945 3764 2015 3819 ad

412 3850 662 3906 homines
691 3852 1049 3923 corrigibiles,
1102 3868 1210 3907 non
1262 3853 1570 3909 malediCtio
1608 3853 1872 3920 funditur,
1919 3854 2016 3909 sed

413 3942 682 3997 correctio
730 3943 1053 4012 postulatur.
1108 3942 1377 3999 Confundi
1418 3952 1502 3999 est
1552 3944 1694 3999 facta
1743 3959 1842 3999 sua
1891 3959 2015 3999 eru-

413 4032 669 4098 bescere,
722 4042 777 4087 et
824 4035 878 4089 in
930 4033 1209 4088 meliorem
1279 4035 1607 4089 sententiam
1666 4037 2009 4090 commutari.

415 4122 554 4178 Nam
611 4123 765 4178 etilli
837 4122 1047 4179 confusi
1102 4124 1397 4189 dicuntur,
1457 4124 1549 4193 qui
1615 4124 2014 4195 conjunguntur

420 4220 487 4273 ad
538 4233 775 4288 poenam.
820 4215 925 4272 Sed
962 4226 1021 4271 ut
1070 4217 1173 4271 hoc
1232 4216 1406 4287 magis
1452 4216 1862 4271 conversionem
1925 4217 2012 4271 in-

418 4309 660 4380 telligere
696 4309 1005 4374 debuisset,
1041 4310 1248 4365 addidit
1282 4328 1301 4360 r
1338 4318 1717 4373 revereantur,
1750 4329 1769 4361 ι
1811 4308 1864 4363 id
1893 4318 2009 4377 est,

417 4402 691 4456 cmcndati
723 4400 937 4467 colant,
966 4415 1127 4470 quem
1168 4402 1602 4471 persequendum
1636 4415 1756 4455 esse
1781 4409 2008 4471 putave—

417 4500 561 4549 rant.

1045 4584 1273 4642 CAPUT
1309 4586 1373 4641 ll.

486 4678 673 4749 Aleph.
708 4694 728 4730 ε
770 4678 1050 4745 Quomodo
1081 4678 1290 4735 obtexit
1315 4679 1548 4752 caligine
1592 4680 1645 4734 in
1692 4679 1875 4735 furore
1911 4694 2009 4736 suo

425 4787 443 4820 ε
490 4767 941 4838 Domiriusliliam
986 4766 1160 4822 Sion?
1202 4768 1439 4837 Projecit
1495 4771 1561 4825 de
1615 4770 1754 4825 coelo
1800 4770 1854 4824 in
1902 4777 2010 4824 ter-

424 4882 442 4913 ι
491 4878 606 4916 ram
649 4860 906 4930 inclytam
935 4860 1125 4927 Israel,
1155 4869 1211 4915 et
1254 4877 1359 4915 non
1398 4869 1484 4916 est
1532 4863 1849 4916 recordatus
1895 4877 2008 4918 sca-

423 4972 439 5003 σ
490 4950 611 5005 belli
643 4950 840 5020 pedum
868 4965 1085 5004 suorum
1122 4954 1175 5004 in
1206 4951 1292 5003 die
1329 4950 1530 5005 furoris
1564 4953 1666 5005 sui.
1715 4972 1732 5001 ι
1776 4950 2005 5006 Ventum

419 5054 502 5097 est
536 5044 602 5097 ad
648 5041 940 5097 secundum
1009 5042 1378 5111 alphabetum,
1416 5043 1507 5096 ubi
1556 5044 1695 5102 sicut
1746 5043 1798 5095 in
1835 5044 2011 5110 primo

420 5136 850 5204 obstupescendo
899 5133 1405 5204 llierosolymitanze
1458 5134 1608 5188 urbis
1660 5135 2009 5203 improvisam

422 5228 732 5289 minam,et
762 5224 935 5293 plebis
987 5225 1223 5280 Judaica:
1270 5224 1607 5293 insperatum
1660 5238 1843 5279 casum
1886 5240 2013 5294 pro-

420 5320 578 5385 pheta
611 5316 943 5385 deplorabat,
975 5315 1054 5369 sic
1076 5316 1240 5369 etiam
1267 5332 1411 5370 nunc
1457 5306 1776 5370 admirando
1812 5316 2012 5385 quaeri-

422 5419 526 5462 tat:
546 5411 824 5473 Quomodo
854 5408 1217 5477 pulcherrima
1246 5408 1508 5463 habitatio
1538 5407 1692 5473 Sion,
1722 5415 1776 5463 et
1808 5408 2004 5481 inclyta

421 5500 783 5554 lsraclitarum
822 5488 984 5569 gens,
1011 5513 1134 5569 qua:
1162 5499 1405 5570 angelico
1431 5500 1732 5555 ministerio
1766 5499 2003 5566 sulfulta,

420 5608 519 5663 per
569 5593 737 5663 ipsius
778 5591 989 5646 Domini
1047 5592 1299 5646 ducatum
1347 5592 1414 5646 de
1464 5599 1610 5648 terra
1660 5590 1879 5662 Egypti
1910 5605 2008 5660 per

424 5697 578 5736 mare
610 5684 851 5738 Rubrum
918 5683 1177 5737 translata
1231 5693 1336 5748 cst,
1388 5691 1443 5737 et
1491 5683 1544 5737 in
1586 5683 1802 5739 deserto
1827 5682 2007 5737 multis

421 5773 697 5831 miraculis
727 5791 785 5831 ac
813 5775 1008 5831 divinis
1044 5773 1249 5831 solatiis
1276 5774 1577 5831 diutissime
1601 5789 1698 5835 per
1745 5773 1926 5830 Mosen
1953 5785 2007 5830 et

2034 4546 2090 4607 D

2120 3312 2219 3353 suo
2248 3296 2582 3352 munitiones
2642 3297 2854 3352 urbium
2903 3295 3059 3364 Juda,
3093 3306 3295 3354 statum
3344 3316 3627 3358 murorum
3654 3319 3718 3360 ac

2123 3390 2356 3444 turrium
2378 3390 2433 3444 in
2464 3398 2665 3444 terram
2711 3388 2992 3459 dejiciens,
3017 3390 3313 3462 polluitque
3341 3394 3601 3449 honorem
3632 3410 3721 3449 re-

2121 3480 2211 3551 gni
2243 3489 2299 3535 et
2338 3480 2704 3549 principatum
2754 3478 2899 3549 ejus,
2954 3479 3031 3534 ita
3077 3487 3137 3535 ut
3181 3481 3480 3540 nobiliores
3529 3499 3719 3539 eorum

2119 3572 2305 3627 hostes
2348 3571 2432 3627 sui
2480 3572 2725 3641 captivos
2754 3570 3012 3627 ducentes
3037 3572 3101 3633 in
3139 3573 3459 3628 servitutem
3509 3576 3721 3645 redige-

2119 3669 2266 3731 rent,
2314 3669 2371 3717 et
2401 3661 2679 3717 eunuchos
2727 3660 2975 3718 facerent
3026 3670 3189 3733 atque
3234 3664 3527 3733 deformes,
3577 3668 3722 3722 sicut

2118 3752 2255 3808 liber
2296 3752 2450 3808 Isaiae
2500 3763 2752 3821 testatur,
2804 3754 2897 3809 ubi
2952 3754 3067 3825 ipse
3108 3757 3372 3827 propheta
3420 3760 3491 3814 ad
3535 3774 3720 3831 rege-

2118 3838 2410 3900 Ezech'iam
2456 3844 2670 3900 locutus
2704 3852 2807 3911 est,
2864 3844 3087 3907 dicens:
3122 3865 3141 3897 ι
3178 3845 3320 3901 Ecce
3349 3848 3467 3903 dies
3494 3850 3721 3905 veniunt

2118 3935 2504 3991 etauferentur
2528 3936 2713 3991 omnia
2738 3935 2859 4005 qua:
2896 3936 2951 3991 ia
2998 3935 3159 3993 domo
3186 3945 3278 3991 tua
3315 3946 3469 4005 sunt,
3508 3949 3564 3995 et
3592 3956 3716 4010 qua:

2119 4027 2623 4083 thesaurizaverunt
2670 4036 2853 4098 patres
2892 4028 2971 4083 tui
3017 4044 3191 4099 usque
3216 4030 3285 4084 ad
3315 4029 3459 4085 diem
3491 4031 3631 4086 hanc
3658 4032 3716 4086 in

2115 4120 2464 4191 Babylonem.
2498 4120 2614 4175 Non
2666 4120 3068 4190 derelinquetur
3112 4122 3431 4193 quidquam,
3460 4124 3718 4182 dicitDo-

2115 4212 2331 4267 minus:
2363 4220 2419 4266 et
2446 4213 2512 4267 de
2535 4211 2660 4267 ﬁliis
2701 4212 2825 4280 tuis,
2860 4213 2951 4283 qui
2982 4213 3205 4269 exibunt
3250 4215 3316 4272 de
3370 4224 3423 4271 te
3455 4234 3593 4287 quos
3620 4236 3714 4292 ge-

2114 4306 2299 4360 nueris
2329 4304 2538 4371 tollent,
2570 4315 2625 4359 et
2664 4314 2824 4360 erunt
2847 4306 3081 4362 eunuchi
3113 4308 3169 4362 in
3208 4308 3407 4378 palatio
3440 4312 3586 4383 regis
3616 4314 3716 4367 Ba-

2114 4393 2326 4465 bylonis
2376 4393 2788 4465 (Isa.xxstx).»
2842 4394 3066 4465 Mystice
3108 4406 3288 4453 autem
3330 4400 3567 4455 destruit
3614 4404 3717 4458 Do-

2114 4484 2295 4539 minus
2313 4484 2554 4553 speciosa
2574 4482 2901 4552 Jacob,cum
2926 4486 3178 4542 decorem
3203 4490 3422 4558 animae,
3447 4492 3715 4550 diabolica

2118 4584 2236 4629 arte
2264 4575 2572 4645 decrepitae,
2603 4576 2830 4645 spernit,
2864 4589 2917 4631 et
2938 4577 3295 4635 munitionem
3322 4581 3590 4639 doctrina:
3618 4601 3714 4641 sae-

2116 4666 2287 4741 culari
2311 4666 2579 4735 sapientia
2605 4668 2835 4721 condita:
2852 4708 2867 4734 ,
2894 4666 2951 4740 in
2977 4684 3081 4738 qua
3113 4669 3350 4726 maxime
3378 4672 3711 4741 conﬁdebat,

2117 4736 2306 4815 diruit.
2340 4759 2538 4813 Polluit
2584 4760 2847 4815 honorem
2875 4736 3029 4832 regni
3057 4770 3113 4817 et
3156 4762 3522 4834 principatum
3574 4736 3711 4835 ejus,

2118 4867 2276 4921 quem
2309 4852 2497 4907 habuit
2520 4852 2575 4906 in
2601 4853 2949 4921 perceptione
2986 4854 3350 4923 baptismatis,
3379 4864 3431 4911 et
3457 4861 3714 4915 unctione

2117 4944 2259 4997 sacri
2292 4943 2623 5009 chrismatis,
2652 4944 2729 4998 ita
2750 4952 2811 4997 ut
2848 4942 2962 5013 jam
3008 4960 3116 4999 non
3144 4956 3421 5002 mereatur
3449 4966 3576 5004 cum
3604 4966 3713 5007 cae-

2119 5034 2525 5089 terislidelibus
2548 5034 2616 5088 ab
2657 5034 2901 5102 apostolo
2932 5033 3093 5090 Petro
3129 5036 3317 5091 audire
3342 5055 3357 5091 :
3387 5058 3405 5089 ‹
3444 5038 3555 5093 Vos
3580 5040 3712 5096 estis

2116 5140 2285 5195 genus
2311 5124 2566 5189 electum,
2600 5120 2777 5194 regale
2800 5123 3184 5189 sacerdotium,
3226 5138 3361 5193 gens
3383 5135 3593 5191 sancta,
3621 5144 3713 5198 po-

2114 5218 2273 5288 pulus
2306 5218 2699 5287 acquisitionis,
2734 5225 2793 5271 ut
2823 5219 3157 5274 annuntietis
3185 5220 3419 5275 virtutes
3445 5220 3589 5291 ejus,
3615 5226 3707 5294 qui

2116 5312 2183 5366 de
2210 5312 2450 5365 tenebris
2496 5325 2593 5365 vos
2622 5310 2837 5364 vocavit
2864 5311 2919 5364 in
2948 5310 3271 5366 admirabile
3318 5310 3503 5368 lumen
3544 5330 3707 5369 suum

2116 5402 2169 5474 (Ι
2210 5401 2355 5458 Petr.
2406 5402 2490 5473 ιι).
2514 5420 2531 5453 ι
2566 5400 2792 5467 Quando
2840 5401 3069 5457 diversis
3100 5402 3269 5457 servit
3310 5403 3477 5470 vitiis,
3509 5414 3566 5459 ct
3614 5406 3710 5460 ob-

2116 5501 2381 5564 temperat
2402 5491 2579 5548 hostis
2600 5490 2809 5561 antiqui
2833 5490 3177 5548 suasionibus
3201 5490 3477 5563 malignis,
3504 5494 3573 5550 de
3597 5509 3704 5566 quo

2113 5596 2169 5643 et
2193 5587 2433 5643 subditur
2460 5600 2473 5636 :

2189 5677 2410 5732 (.‘himel.
2452 5696 2469 5728 ι
2508 5675 2785 5744 Confregit
2832 5677 2887 5731 in
2942 5676 3025 5731 ira
3072 5675 3276 5734 furoris
3327 5689 3491 5730 omne
3532 5688 3702 5729 cornu

2122 5794 2138 5827 (
2175 5771 2355 5838 Israel,
2408 5770 2605 5825 avertit
2656 5776 2949 5823 retrorsum
2992 5767 3271 5823 dexteram
3320 5779 3475 5823 suam
3503 5780 3536 5822 a
3563 5763 3703 5820 facie
