3952 6358
274 381 408 440 1201

1116 392 1476 451 EXPOSITIO
1515 392 1738 451 SUPER
1777 389 2138 448 JEREMIAM.
2177 424 2245 434 —
2283 392 2411 449 LIB.
2451 391 2636 449 XVIII.

3378 393 3519 448 1202

276 514 299 550 ι
330 498 557 566 inimici,
586 508 641 558 ct
664 502 941 559 succendit
970 504 1023 560 iu
1048 500 1214 562 .Iacob
1235 509 1387 578 quasi
1418 510 1593 580 ignem
1615 508 1845 565 ﬁamuue
1873 506 1925 568 A
1949 506 2153 561 meritis
2179 508 2383 561 dalllm-
2444 506 2550 563 Set]
2572 507 2699 578 quia
2734 506 2806 562 ila
2834 506 2906 562 Sil
2934 506 3044 580 D60
3069 504 3347 575 Ρὶίὶοῖῑυιην
3368 504 3519 572 mlius

274 604 297 639 ε
334 588 599 645 devorans
622 591 674 646 in
704 607 855 664 gyro.
881 613 899 646 ι
929 594 1043 651 Non
1066 598 1239 654 solum
1265 600 1409 654 enim
1433 601 1743 657 universum
1762 615 1849 657 re-

268 692 437 749 gnum
466 678 774 739 Iudaeorum
803 686 1062 743 Dominus
1087 689 1373 755 destruxit,
1400 698 1457 746 et
1482 691 1846 748 defensionem

269 768 506 825 dexterae
530 786 640 828 sua:
664 774 730 829 ab
750 774 829 832 eis
848 776 1117 843 auferens,
1145 785 1345 834 terram
1366 796 1553 836 eorum
1574 781 1630 836 in
1657 798 1847 838 manus

270 854 509 914 hostium
537 861 605 915 ad
632 864 1014 922 devastandam
1040 868 1283 934 tradidit,
1306 876 1401 927 sed
1434 880 1489 927 et
1509 870 1846 928 Hierusalem

267 950 555 1018 mysticam
582 957 795 1023 quando
816 973 848 1012 a
874 959 1101 1015 Domino
1117 963 1422 1030 recesserit,
1453 971 1508 1019 et
1534 964 1636 1019 diis
1650 964 1846 1020 alienis

265 1046 323 1092 et
345 1039 573 1098 diversis
617 1045 907 1103 sceleribus
962 1050 1225 1116 servierit,
1253 1052 1565 1109 defensione
1611 1054 1847 1111 coelestis

264 1129 455 1184 auxilii
481 1134 745 1201 privatam
789 1135 1018 1195 ﬂammae
1046 1141 1283 1199 libidinis
1319 1151 1373 1199 et
1399 1142 1569 1197 furori
1610 1143 1845 1198 hostium

260 1222 337 1277 ad
363 1226 795 1284 succendendum
826 1231 1008 1286 tradit.
1044 1233 1277 1289 Dextera
1331 1234 1478 1289 enim
1528 1232 1703 1289 Patris
1750 1234 1845 1289 Dei

264 1312 574 1383 unigenitus
595 1316 765 1374 Filius
790 1331 892 1387 est,
915 1336 1014 1390 per
1040 1338 1200 1391 quem
1221 1330 1275 1378 et
1303 1322 1555 1377 solatium
1584 1331 1639 1378 et
1659 1322 1845 1379 defen-

258 1405 472 1462 sionem
502 1407 748 1467 ﬁdelibus
768 1413 880 1469 suis
904 1423 1126 1484 praestat
1150 1432 1163 1467 :
1196 1414 1291 1470 sed
1314 1415 1527 1484 quando
1548 1414 1638 1470 illo
1669 1414 1840 1471 offen-

258 1509 348 1559 so,
381 1512 487 1550 non
515 1514 787 1556 meremur
814 1503 883 1557 ab
914 1503 1143 1559 inimicis
1191 1504 1428 1572 liberari,
1476 1506 1632 1575 quasi
1658 1505 1841 1561 traditi

258 1586 530 1657 videmur,
559 1606 681 1647 cum
731 1594 1065 1652 defensorem
1116 1598 1322 1652 nullum
1374 1598 1655 1655 habemus.
1688 1598 1841 1655 Unde

252 1680 516 1748 propheta
545 1683 697 1752 quasi
724 1685 996 1741 desertum
1024 1703 1055 1741 a
1098 1688 1325 1744 Domino
1348 1688 1603 1760 papulum
1630 1687 1841 1744 Judte0«

255 1783 381 1823 rum
428 1783 750 1842 conquestus
798 1776 854 1830 in
904 1776 1131 1832 Psalmis
1156 1780 1233 1833 ait
1271 1797 1285 1832 :
1331 1798 1350 1831 ‹
1394 1779 1594 1850 thuid
1638 1781 1838 1835 avertis

1948 603 2028 651 est
2054 596 2346 666 gratuitum
2374 610 2531 652 omne
2567 577 2709 668 quod
2739 577 2979 668 praestat,
3022 595 3319 667 complacet
3354 596 3520 651 etiam

1947 686 2002 741 in
2026 688 2149 755 illis,
2178 688 2393 758 quando
2420 688 2487 745 de
2522 697 2633 745 toto
2668 690 2868 746 mundo
2911 688 3023 745 sola
3049 703 3180 759 gens
3210 688 3380 743 electa
3408 693 3515 754 est,

1947 777 2012 833 de
2039 794 2145 849 qua
2186 779 2436 835 Salvator
2470 780 2728 838 Dominus
2758 782 3071 847 adveniret,
3095 781 3189 852 qui
3213 780 3516 847 brachium,

1944 870 2168 925 victoria
2207 880 2262 926 ct
2298 871 2555 927 fortitudo
2600 881 2909 928 estnostra
2951 890 2964 926 :
3007 872 3093 928 cui
3131 872 3177 927 si
3226 885 3516 943 peccaver-

1946 962 2106 1028 mius,
2137 970 2192 1019 et
2237 962 2438 1019 diutius
2481 978 2579 1033 per
2621 963 2937 1033 patientiam
2974 963 3089 1032 ejus
3121 963 3417 1035 exspectati
3451 964 3518 1020 ad

1947 1068 2068 1111 eum
2092 1072 2185 1125 per
2209 1055 2581 1125 paenitentiam
2613 1056 2809 1111 reverti
2838 1054 3183 1120 uoluerimus,
3219 1055 3390 1111 tendit
3426 1071 3517 1109 ar-

1945 1160 2067 1200 cum
2091 1146 2273 1215 judicii
2295 1147 2379 1201 sui
2403 1154 2747 1213 contra‘nos,
2775 1157 2831 1203 et
2860 1148 3081 1203 dextera
3116 1147 3370 1217 potentiae
3410 1162 3521 1201 suae

1945 1236 2202 1307 quidquid
2240 1247 2434 1293 ornatu
2473 1238 2712 1295 scientiae
2754 1238 2838 1292 vel
2877 1237 3137 1294 virtutum
3188 1237 3292 1293 visi
3336 1252 3521 1291 sumus
3612 1234 3615 1237 λ

1944 1328 2164 1396 habere,
2197 1337 2366 1385 totum
2402 1331 2628 1400 dissipat
2659 1346 2673 1385 :
2703 1340 2758 1386 et
2779 1339 2996 1387 exercet
3036 1331 3093 1387 in
3141 1329 3297 1386 nobis
3342 1329 3517 1384 vindi-

1943 1426 2087 1473 ctam
2118 1419 2500 1491 indignationis
2529 1435 2657 1485 sute,
2695 1435 2758 1475 eo
2790 1422 2933 1489 quod
2961 1421 3291 1475 uoluerimus
3318 1420 3516 1476 intelli-

1941 1522 2071 1578 gere
2114 1510 2537 1565 misericordiam
2575 1520 2630 1564 et
2667 1510 3076 1566 beneﬁcentiam
3105 1511 3380 1568 immenszc
3404 1511 3514 1567 cle-

1942 1599 2156 1653 mentia:
2185 1614 2313 1654 suac.

2012 1689 2113 1743 lle.
2135 1709 2153 1741 ι
2174 1691 2372 1748 Factus
2395 1701 2479 1748 est
2498 1691 2758 1748 Dominus
2782 1693 2929 1748 velut
2952 1692 3201 1750 inimicus
3224 1708 3239 1750 :
3264 1694 3514 1766 praecipi-

1949 1800 1966 1831 ι
2005 1784 2138 1837 tavit
2161 1784 2342 1846 Israel,
2364 1786 2724 1855 praecipitavit
2756 1788 2938 1841 omnia
2973 1788 3173 1843 mtenia
3195 1789 3329 1858 ejus,
3358 1790 3515 1845 dissi-

255 1874 476 1915 manum
504 1871 670 1929 tuam,
703 1873 757 1919 et
790 1866 1068 1923 dexteram
1100 1876 1247 1923 tuam
1289 1869 1354 1923 de
1382 1869 1559 1923 medio
1597 1869 1717 1923 sinu
1746 1878 1836 1923 tuo
1864 1856 1912 1915 Β
1946 1890 1964 1923 ι
1997 1873 2144 1941 pavit
2170 1873 2494 1928 munitiones
2535 1874 2758 1941 ejus,‘et
2783 1876 3008 1945 replevit
3038 1878 3091 1933 in
3121 1856 3388 1935 ﬁliaJuda
3420 1881 3518 1933 hu-
3566 1942 3569 1943 ν

250 1948 309 2011 in
336 1951 535 2007 ﬁnem?
564 1974 582 2007 ι
619 1952 789 2025 (Psal.
817 1958 1031 2028 L‘xxin.)
1060 1957 1226 2025 Quasi
1247 1959 1474 2024 offenso,
1501 1959 1660 2029 quasi
1702 1958 1840 2015 irato

251 2039 503 2107 Domino,
542 2042 670 2098 dicit
693 2061 705 2097 :
728 2044 819 2113 qui
845 2046 1015 2100 noluit
1035 2055 1343 2117 peccatores
1364 2049 1590 2120 populos
1617 2050 1835 2115 intueri,

248 2140 314 2186 ut
346 2134 527 2189 adhuc
554 2134 608 2189 in
653 2151 749 2190 sua
778 2136 1065 2193 videantur
1109 2155 1429 2209 permanere
1456 2143 1713 2212 nequitia.
1746 2142 1839 2199 Ille

248 2222 394 2275 enim
426 2238 560 2292 quos
584 2225 981 2295 dispensatione
1014 2230 1248 2285 mirabili
1273 2231 1515 2301 placatus
1549 2235 1839 2289 attenderit

250 2312 498 2382 corripit,
527 2331 664 2383 quos
691 2318 953 2388 propitius
996 2321 1237 2377 intuetur
1261 2326 1534 2381 emendat.
1564 2326 1716 2394 Quod
1742 2344 1837 2383 au-

250 2410 361 2458 tem
392 2405 562 2460 dicit:
597 2426 614 2459 r
646 2407 880 2465 Dextera
911 2420 1003 2467 tua
1058 2414 1124 2468 de
1153 2417 1329 2471 medio
1374 2418 1497 2473 sinu
1548 2428 1640 2475 tuo
1693 2422 1746 2476 in
1778 2422 1835 2476 ﬁ-

248 2512 397 2562 nem,
430 2517 447 2549 )
483 2499 754 2570 signiﬁcat
796 2502 940 2572 quod
989 2506 1132 2561 sient
1180 2506 1314 2563 Mosi
1359 2524 1554 2565 manus
1591 2512 1831 2579 dextera,

248 2585 465 2641 Domini
484 2586 641 2657 jussu
664 2591 731 2646 de
754 2592 873 2647 sinu
906 2595 1139 2663 prolata,
1172 2597 1381 2668 leprosa
1403 2611 1694 2673 conspecta
1728 2613 1830 2671 est,

248 2675 554 2748 iterumque
604 2681 657 2734 in
710 2683 887 2738 sinuin
936 2678 1175 2741 retracta
1222 2700 1434 2755 curata,
1483 2693 1557 2747 ita
1606 2696 1833 2765 populus

244 2763 555 2821 Iudaeorum
584 2769 770 2826 exiens
812 2786 842 2824 a
868 2772 1095 2830 Domino
1120 2774 1341 2833 Christo
1370 2763 1692 2839 immundus
1714 2784 1826 2850 ﬁat,

246 2854 316 2909 ad
341 2870 465 2910 eum
491 2871 622 2913 vero
671 2874 965 2917 conversus
1009 2863 1079 2919 ad
1116 2866 1409 2931 pristinam
1457 2870 1643 2927 redeat
1686 2874 1832 2929 saui-

246 2950 438 3000 tatem.

318 3036 529 3092 Daleth.
584 3059 603 3091 ι
643 3040 896 3098 Tetendit
932 3044 1192 3102 Dominus
1247 3063 1432 3106 arcum
1473 3067 1629 3108 suum
1672 3056 1827 3125 quasi

252 3143 272 3178 ι
302 3127 583 3195 inimicus,
617 3133 851 3187 tirmavit
878 3134 1151 3191 dexteram
1178 3153 1330 3193 suam
1358 3142 1511 3210 quasi
1540 3143 1709 3199 hostis
1730 3186 1745 3210 ,
1774 3153 1829 3199 et

1948 1980 1968 2014 ι
2003 1963 2265 2019 miliatum
2313 1970 2370 2018 ct
2412 1964 2768 2021 humiliatam.
2827 1986 2845 2018 ι
2888 1967 3080 2023 Factus
3129 1977 3212 2025 est
3258 1971 3516 2026 Dominus

1939 2041 2083 2111 velut
2125 2057 2375 2113 inimicus
2428 2072 2711 2130 synagoga:
2756 2058 3083 2127 Judzeorum,
3139 2064 3367 2132 quando
3397 2079 3517 2119 eam

1938 2147 2118 2202 hostili
2166 2147 2342 2219 gladio
2394 2132 2668 2203 devastari
2718 2148 2864 2216 fecit,
2911 2149 3107 2220 dejecit
3171 2152 3400 2216 moenia,
3462 2161 3517 2207 et

1937 2237 2202 2292 destruxit
2223 2238 2547 2293 munitiones
2573 2238 2733 2303 illius,
2763 2248 2819 2293 et
2846 2239 3073 2309 replevit
3099 2239 3153 2294 in
3176 2239 3290 2309 ipso
3317 2240 3514 2310 popqu

1935 2312 2275 2384 bumiliatum
2344 2336 2400 2384 et
2465 2330 2842 2398 humiliatam,
2905 2331 3008 2387 hoc
3076 2340 3162 2389 est
3228 2340 3515 2404 utrumque

1934 2432 2120 2474 sexum
2152 2419 2431 2489 multiplici
2474 2420 2790 2477 confusione
2831 2422 3212 2492 deSpicabilem
3260 2424 3511 2479 reddidit.

1932 2507 2097 2563 Juxta
2135 2510 2443 2581 allegoriam
2465 2526 2615 2578 vero,
2644 2512 2786 2568 sicut
2814 2512 3012 2568 moenia
3050 2513 3105 2569 in
3148 2512 3371 2569 urbibus
3415 2529 3514 2584 pro

1932 2608 2252 2654 ornamento
2298 2606 2425 2656 sunt
2477 2601 2805 2657 munitiones
2848 2618 2976 2657 vero
3020 2602 3074 2657 in
3123 2602 3513 2667 defensionem.

1932 2691 2005 2746 ita
2057 2691 2161 2745 alia
2216 2700 2341 2747 sunt
2404 2692 2543 2747 dona
2591 2708 2712 2763 quae
2758 2709 2856 2749 nos
2911 2692 3191 2758 muniunt,
3233 2693 3337 2747 alia
3394 2709 3515 2764 qua:

1929 2789 2125 2836 ornant
2161 2800 2174 2836 :
2206 2783 2502 2853 prophetia:
2550 2785 2785 2854 quippe,
2836 2785 3112 2851 doctrina,
3163 2799 3362 2855 genera
3405 2784 3512 2838 lin-

1929 2885 2186 2943 guarum,
2228 2872 2565 2927 curationum
2604 2870 2804 2939 virtus,
2845 2874 2999 2943 quasi
3029 2873 3276 2944 quaedam
3314 2874 3510 2928 inmitia

1929 2964 2126 3018 mentis
2156 2972 2299 3017 sunt.
2328 2962 2457 3030 Quae
2482 2964 2694 3019 etiamsi
2718 2964 2946 3034 quisque
2975 2980 3083 3019 non
3115 2964 3332 3030 habeat,
3365 2972 3512 3020 stare

1928 3056 2171 3110 munitus
2197 3069 2295 3125 per
2321 3053 2481 3110 ﬁdem
2517 3062 2572 3110 et
2602 3054 2869 3131 justitiam
2897 3064 3077 3125 potest
3107 3074 3119 3110 :
3150 3057 3396 3128 quamvis
3423 3072 3511 3111 or-

1930 3146 2089 3200 natus
2116 3146 2376 3200 virtutum
2411 3145 2693 3200 altitudine
2722 3147 2943 3201 minime
2986 3161 3107 3202 esse
3128 3147 3387 3201 videatur.
3413 3147 3500 3201 Fi-

251 3235 273 3270 r
300 3218 501 3273 occidit
525 3234 684 3276 omne
715 3223 859 3291 quod
885 3224 1168 3293 pulchrum
1198 3241 1314 3285 erat
1337 3234 1457 3289 visu
1494 3236 1548 3289 in
1582 3238 1831 3293 taberna-
1856 3214 1903 3279 (ἶ
1936 3237 2028 3291 des
2066 3250 2215 3301 vero,
2237 3251 2358 3307 spes
2404 3245 2462 3293 et
2496 3236 2734 3293 Charitas
2782 3252 2888 3292 non
2937 3244 3120 3293 nostra
3147 3237 3368 3303 mmnia,
3415 3238 3509 3293 sed

251 3324 273 3358 ε
300 3308 423 3363 culo
448 3308 570 3364 ﬁliae
598 3309 748 3378 Sion,
776 3321 831 3367 et
854 3313 1040 3371 eﬁ‘udit
1078 3322 1232 3388 quasi
1280 3322 1457 3392 ignem
1510 3326 1835 3398 indignatio-

248 3417 271 3451 ι
298 3414 420 3454 nem
452 3415 623 3456 suam.
657 3421 675 3454 ι
721 3402 967 3461 Tetendit
997 3407 1253 3466 Dominus
1280 3428 1467 3470 arcum
1495 3433 1649 3473 suum
1678 3422 1833 3490 quasi

243 3490 517 3559 inimicus,
564 3501 618 3549 et
661 3494 934 3553 dexteram
972 3515 1124 3556 suam
1172 3502 1409 3559 ﬁrmavit
1446 3508 1599 3575 quasi
1639 3509 1830 3576 hostis,

244 3600 371 3641 cum
405 3586 723 3643 dimicantes
766 3598 954 3645 contra
1002 3592 1339 3651 Hierusalem
1386 3597 1682 3667 Chaldzeos,
1720 3602 1832 3671 sive

246 3675 521 3733 Romanos
542 3718 557 3743 ,
587 3681 893 3749 superiores
919 3684 1047 3738 fecit
1066 3725 1079 3748 ,
1106 3686 1231 3740 data
1259 3687 1364 3742 illis
1389 3696 1652 3757 potestate
1675 3702 1733 3747 ut
1752 3694 1834 3748 in-

243 3767 538 3824 cenderent
580 3771 839 3840 templum
869 3782 924 3828 et
958 3774 1300 3833 destruerent
1340 3796 1524 3839 muros
1567 3783 1832 3853 civitatis,

244 3869 310 3910 eo
341 3858 484 3925 quod
524 3858 639 3928 ipse
682 3861 849 3915 iratus
872 3878 978 3916 non
1006 3875 1253 3932 parceret
1274 3867 1399 3933 illis,
1428 3871 1519 3938 qui
1548 3871 1833 3942 aliquando

245 3946 493 4015 patribus
522 3963 708 4003 eorum
734 3949 975 4019 placatus
999 3960 1202 4009 terram
1228 3956 1566 4014 diversarum
1591 3963 1832 4032 gentium

246 4036 314 4089 ad
343 4036 719 4104 possidendam
764 4039 1063 4109 distribuit;
1100 4045 1241 4100 sicut
1280 4047 1566 4105 Psalmista
1604 4061 1834 4108 testatur

248 4124 633 4207 adODominum
670 4120 913 4185 dicens':
950 4132 1139 4190 Manus
1179 4143 1269 4190 tua
1305 4148 1492 4209 gentes
1517 4142 1835 4212 disperdidit

246 4222 303 4268 et
329 4214 585 4284 plautasti
613 4232 727 4285 eos,
777 4220 1009 4277 afllixisti
1054 4227 1279 4295 populos
1321 4238 1375 4283 et
1421 4232 1671 4301 expulisti
1717 4251 1829 4292 eos.

247 4304 365 4359 Non
394 4308 538 4361 enim
576 4308 631 4362 in
662 4310 839 4379 gladio
869 4326 965 4367 suo
986 4315 1333 4382 possidebunt
1364 4330 1561 4375 terram
1582 4363 1597 4388 ,
1626 4332 1681 4378 et
1710 4326 1829 4380 bra—

246 4395 433 4449 chium
475 4412 662 4451 eorum
711 4414 818 4453 non
863 4402 1092 4458 salvahit
1120 4421 1235 4472 eos,
1274 4410 1368 4464 sed
1412 4412 1631 4468 dextera
1667 4422 1753 4468 tua
1780 4425 1836 4471 et

245 4484 529 4539 brachium
566 4494 738 4553 tuum,
770 4498 827 4543 et
854 4490 1174 4550 illuminatio
1211 4498 1387 4554 vultus
1426 4502 1530 4568 tui,
1579 4504 1834 4572 quoniatn

1936 3330 2265 3386 munitiones
2296 3338 2443 3392 sunt,
2458 3344 2591 3399 quas
2621 3330 2666 3384 si
2697 3329 2894 3384 habere
2915 3323 3253 3401 negligimus,
3276 3328 3510 3384 hostium

1934 3420 2143 3476 insidiis
2170 3405 2435 3491 pa'temus.
2487 3419 2563 3475 De
2603 3418 2785 3475 Judtea
2821 3434 2948 3491 ergo
2999 3421 3125 3490 quia
3169 3420 3509 3491 prophetiam

1934 3520 2093 3580 atque
2139 3511 2475 3574 doctrinam,
2506 3509 2592 3563 vel
2641 3509 3025 3564 miraculorum
3071 3510 3223 3580 signa
3268 3509 3507 3574 abstulit,

1934 3602 2131 3656 mmni‘a
2158 3599 2515 3671 praecipitavit
2542 3617 2555 3653 :
2588 3599 2714 3668 quia
2750 3614 2874 3654 vero
2902 3614 3071 3669 spem,
3104 3599 3264 3654 ﬁdem
3295 3609 3350 3655 et
3375 3601 3508 3655 cha-

1934 3692 2149 3746 ritatem
2180 3701 2398 3762 propter
2426 3690 2543 3759 ejus
2567 3690 2820 3745 duritiam
2857 3692 3068 3745 auferre
3094 3690 3363 3761 permisit,
3392 3706 3514 3745 mu-

1937 3782 2168 3836 nitiones
2210 3779 2327 3851 ejus
2377 3780 2641 3850 dissipare
2691 3780 2913 3835 studuit.
2961 3779 3162 3835 Rectus
3197 3795 3329 3835 vero
3380 3782 3513 3835 ordo

1934 3882 2180 3927 servatus
2203 3880 2302 3935 est,
2333 3880 2391 3926 ut
2416 3872 2567 3941 prius
2589 3872 2788 3925 moenia
2810 3880 2864 3926 et
2893 3880 3016 3941 post
3042 3872 3368 3926 munitiones
3401 3872 3512 3926 dis-

1934 3963 2121 4033 sipatae
2149 3963 2455 4018 dicerentur
2488 3980 2501 4016 :
2537 3962 2663 4032 quia
2691 3978 2813 4017 cum
2836 3964 3107 4033 peccatrix
3141 3964 3319 4017 anima
3348 3962 3510 4018 relin-

1934 4055 2136 4123 quitur,
2155 4054 2306 4125 prius
2332 4054 2399 4108 ab
2419 4069 2483 4108 ea
2512 4054 2773 4109 virtutum
2802 4055 2941 4108 dona
2967 4069 3084 4125 qua).
3113 4055 3180 4110 ad
3206 4055 3518 4111 manifesta-

1934 4146 2133 4199 tionem
2169 4145 2389 4215 spiritus
2415 4144 2542 4199 data
2570 4152 2715 4211 sunt,
2737 4155 2791 4199 et
2824 4145 3161 4216 postmodum
3198 4147 3334 4217 spei,
3365 4147 3509 4213 ﬁdei,

1934 4245 2096 4305 atque
2122 4235 2401 4290 charitatis
2422 4234 2768 4290 fundamenta
2795 4235 3159 4301 destruantur,
3176 4252 3294 4306 quae
3320 4246 3512 4291 cuncta

1935 4326 2211 4389 Dominus,
2241 4342 2271 4379 a
2310 4325 2529 4395 perﬁdis
2568 4326 2766 4393 ablata,
2799 4327 3085 4399 gentilitati
3117 4328 3320 4395 tribuit,
3354 4337 3515 4398 atquc

1935 4434 2001 4471 ex
2041 4419 2145 4482 his,
2171 4433 2289 4487 quae
2320 4418 2625 4473 inﬁdelibus
2650 4420 2895 4485 abstulit,
2919 4430 3131 4476 mentes
3163 4422 3393 4477 ﬁdelium
3422 4439 3516 4477 or-

1935 4507 2102 4561 navit.
2151 4507 2300 4561 Unde
2341 4516 2396 4562 et
2434 4509 2694 4578 scriptum
2731 4517 2857 4565 est:
2894 4510 3104 4579 Speciei
3144 4513 3333 4570 domus
3374 4518 3514 4572 divi-

248 4576 573 4673 complacuit
610 4579 706 4634 tibi
743 4581 797 4635 in
837 4582 963 4638 illis.
1013 4585 1092 4641 Ne
1138 4590 1282 4643 enim
1324 4599 1575 4660 putarent
1622 4594 1831 4653 Hebmei
1858 4572 2065 4652 Ddere
2112 4600 2299 4669 spolia.
2356 4600 2490 4655 Cum
2540 4572 2683 4655 enim
2736 4572 2995 4657 virtutum
3042 4605 3210 4673 spolia
3254 4623 3285 4661 a
3315 4608 3513 4665 Iudaeis

249 4683 308 4722 se
360 4671 777 4740 triumphatores
820 4676 932 4731 suis
960 4677 1167 4735 viribus
1196 4683 1500 4751 exstitisse,
1549 4688 1835 4755 proﬁtetur

248 4757 368 4812 illos
423 4776 528 4814 non
576 4762 631 4815 in
676 4778 774 4818 suo
827 4764 1004 4833 gladio
1034 4767 1199 4824 fuisse
1228 4772 1475 4839 victores,
1504 4790 1605 4831 nec
1632 4783 1833 4835 terram

248 4849 489 4915 gentium
537 4851 638 4905 sibi
686 4855 900 4923 propria
952 4856 1264 4916 fortitudine
1323 4864 1640 4922 vindicasse.
1703 4868 1834 4924 Bra-

249 4938 433 4992 chium
462 4955 560 5008 pro
589 4944 780 4999 robore
807 4946 1053 5014 dicimus,
1098 4955 1351 5021 quoniam
1391 4957 1505 5026 ipso
1546 4960 1835 5017 dimicante

248 5036 540 5097 pugnatur,
574 5033 667 5087 sed
710 5033 851 5091 istud
893 5037 1173 5099 brachium
1210 5059 1324 5105 ,non
1364 5062 1457 5101 eos
1492 5049 1560 5103 ab
1597 5050 1829 5109 inimicis

248 5118 365 5175 suis
388 5118 617 5175 liberare
642 5125 938 5192 prtevaluit,
966 5142 1099 5195 quos
1122 5132 1423 5200 specialiter
1443 5136 1614 5193 virtus
1648 5139 1826 5197 divina

251 5208 499 5263 salvavit.
543 5210 632 5266 Sic
658 5213 781 5267 dum
810 5213 1153 5273 Hebraeorum
1199 5231 1349 5279 actus
1386 5228 1692 5295 exponitur,
1725 5232 1827 5285 hu-

250 5312 413 5351 mano
445 5302 627 5366 generi
668 5302 903 5371 proﬁcua
946 5305 1194 5363 doctrina
1240 5322 1543 5381 praestatur.
1597 5317 1829 5374 Dextera

251 5387 397 5440 enim
443 5389 708 5457 signiﬁcat
745 5407 1058 5463 prosperam
1086 5410 1316 5469 partem,
1363 5405 1642 5462 brachium
1676 5408 1832 5465 forti-

254 5482 516 5549 tudinem,
557 5484 872 5544 illuminatio
901 5492 1201 5561 consilium,
1240 5514 1360 5567 qua:
1398 5500 1653 5557 Dominus
1691 5520 1831 5573 prae-

254 5570 510 5628 liantibus
533 5574 759 5642 confert,
789 5582 1001 5648 quando
1021 5581 1301 5640 victoriam
1328 5589 1527 5644 donare
1560 5570 1829 5662 dignatur.

256 5664 362 5719 Sed
388 5682 453 5720 ne
482 5668 723 5723 dicerent
763 5690 775 5725 :
815 5674 1001 5729 Patres
1024 5678 1195 5731 nostri
1239 5694 1337 5736 suo
1387 5683 1579 5737 merito
1618 5685 1836 5754 placue-

256 5765 404 5823 runt,
430 5758 548 5816 ideo
570 5766 718 5819 tanta
745 5773 916 5820 sunta
938 5767 1163 5824 Domino
1185 5774 1480 5842 consecuti,
1503 5776 1701 5847 intulit,
1724 5796 1831 5840 non

1937 4689 2178 4753 abstulit,
2223 4689 2403 4742 domui
2444 4689 2623 4744 cordis
2669 4690 2968 4760 gentilium,
3004 4708 3165 4763 quam
3210 4711 3307 4766 per
3355 4699 3515 4755 ﬁdem

1937 4778 2237 4832 inhabitare
2258 4778 2507 4848 dignatus
2525 4787 2630 4845 est,
2662 4782 2841 4851 specie
2889 4784 3151 4839 donorum
3181 4786 3345 4854 dedit,
3370 4792 3515 4859 quod

1937 4870 2183 4925 videlicet
2212 4878 2421 4941 gestum
2468 4880 2551 4926 est
2599 4887 2721 4926 cum
2767 4874 2932 4928 verba
2976 4874 3071 4930 Dei
3119 4884 3175 4932 et
3206 4875 3512 4935 Iudaeorum

1936 4959 2162 5029 populus
2192 4960 2261 5014 ad
2285 4960 2450 5014 solam
2500 4961 2734 5016 litteram
2756 5003 2771 5027 ,
2815 4979 2933 5032 quae
2955 4966 3174 5032 occidit,
3218 4969 3508 5040 acciperet,

1938 5058 1993 5105 et
2019 5066 2279 5108 conversa
2310 5052 2582 5123 gentilitas
2606 5069 2701 5123 per
2721 5055 2986 5125 spiritum,
3011 5057 3101 5126 qui
3130 5058 3384 5127 viviﬁcat,
3416 5076 3510 5119 uc-

1939 5151 2199 5199 ΠῦῑΓὶΙΓθῐ.

2020 5231 2152 5286 Vau.
2177 5253 2194 5285 ‹
2216 5234 2282 5289 Et
2300 5234 2577 5307 dissipavit
2598 5239 2754 5308 quasi
2776 5239 2992 5296 hortum
3015 5243 3302 5298 tentorium
3332 5262 3506 5313 suum,

1945 5339 1967 5377 ί
2005 5322 2291 5379 demolitus
2327 5337 2409 5381 est
2436 5327 2838 5384 tabernaculum
2881 5347 3057 5388 suum.
3089 5332 3354 5390 Oblivioni
3403 5347 3512 5393 tra-

1946 5433 1964 5465 ‹
2002 5414 2141 5469 didit
2162 5416 2416 5471 Dominus
2458 5418 2515 5473 in
2564 5418 2691 5475 Sion
2733 5421 3077 5478 festivitatem
3116 5433 3171 5481 et
3207 5428 3510 5496 sabbatum,

1944 5523 1964 5555 ‹
1999 5514 2053 5560 et
2082 5508 2369 5577 opprobrio
2391 5509 2446 5563 in
2487 5510 2854 5581 indignatione
2896 5512 3093 5570 furoris
3138 5516 3221 5573 sui
3246 5533 3425 5590 regem
3456 5529 3514 5575 et

1943 5616 1961 5648 ι
2000 5599 2355 5653 sacerdotem.
2418 5618 2436 5651 ι
2481 5598 2781 5672 (Ηὶενοη.)
2823 5602 3047 5673 Propter
3089 5617 3310 5676 peccata
3364 5611 3509 5664 enim

1935 5688 2301 5745 Israelitarum
2334 5691 2613 5761 dissipavit
2658 5696 2945 5750 tentorium
2976 5710 3153 5763 suum,
3182 5700 3332 5768 quasi
3378 5702 3505 5755 hor—

1935 5788 2048 5837 tum
2085 5781 2368 5839 demolitus
2413 5791 2499 5842 est
2532 5785 2935 5843 tabernaculum
2980 5804 3157 5846 suum.
3194 5791 3252 5846 In
3287 5792 3509 5850 oblivio-
