3952 6312
434 363 457 415 4
468 364 571 417 2υῦ

1082 361 1142 413 Β.
1183 356 1432 412 [MBAN
1476 357 1693 413 MAURI
1731 356 2046 413 ARCIIIEP.
2094 358 2401 414 MUCUNT.
2438 359 2724 415 OI‘EltUM
2761 359 2942 416 PARS
2974 363 3059 416 ΙΙΙ.

3579 361 3721 423 ms

436 496 557 533 nem
580 476 796 532 tradidit
819 476 1140 532 festivitates
1167 486 1221 531 et
1248 476 1494 541 sabbata,
1528 486 1581 531 et
1606 485 1771 531 totam
1806 486 2018 547 gentem
2047 480 2097 540 Α
2125 478 2293 546 LXIV).
2331 496 2351 530 ι
2377 477 2597 548 Mystice
2630 487 2805 533 autem
2831 478 3027 546 repulit
3057 479 3315 533 Dominus
3343 478 3519 532 altare
3541 493 3717 544 suum,

436 582 694 638 spernens
723 567 880 621 simul
920 582 1042 621 cum
1075 566 1289 636 regibus
1334 574 1387 621 et
1428 566 1798 621 sacerdotibus
1840 567 1893 620 in
1922 582 2021 636 op-

434 663 712 732 probrium
747 662 1074 733 captivitatis
1098 662 1265 717 dedit.
1300 663 1357 717 In
1387 663 1781 719 tentorii‘cnim
1806 661 2025 716 nomine

435 763 491 807 ct
522 754 895 817 tabernaculi,
929 754 1177 823 quamvis
1213 753 1464 810 videatur
1515 770 1679 809 unum
1730 766 1925 808 sonare
1960 768 2025 808 eo

435 845 578 914 quod
628 845 977 901 tabernacula
1020 846 1145 900 inde
1194 845 1303 901 sint
1356 847 1533 911 dicta,
1600 845 1746 916 quod
1802 844 2027 898 cortina:

435 937 683 992 distenta:
725 936 944 992 funibus
1000 938 1365 994 tabernaculis
1413 940 1557 994 intra
1615 936 1884 993 stantibus
1933 952 2026 1007 ap-

434 1026 833 1097 penderentur,
875 1044 994 1099 quae
1043 1030 1277 1084 tentoria
1328 1029 1701 1083 sustinerent:
1747 1036 1926 1081 tamen
1970 1027 2024 1080 in

434 1116 668 1171 tentorio
708 1116 837 1172 illud
870 1118 1275 1174 tabernaculum
1305 1130 1446 1187 quoa
1494 1116 1705 1188 Moyses
1730 1116 1783 1170 in
1812 1118 2025 1171 deserto

432 1206 741 1273 fabricavit,
770 1218 823 1263 et
850 1210 903 1262 in
937 1210 1281 1277 tabernaculo
1312 1210 1413 1263 hoc
1443 1208 1699 1279 templum
1738 1208 1880 1278 quod
1927 1206 2025 1261 Sa-

433 1296 618 1352 lomon
644 1298 698 1351 in
739 1306 883 1352 terra
914 1301 1349 1369 repromissionis
1378 1300 1696 1366 mdincavit;
1739 1315 2025 1375 possumus

435 1390 704 1460 accipere,
740 1407 859 1460 qua:
888 1402 1118 1463 utraque
1147 1404 1366 1463 propter
1418 1393 1620 1448 scelera
1658 1393 2023 1448 habitatorum

434 1479 697 1536 Dominus
724 1482 777 1536 in
812 1499 1005 1539 manus
1051 1485 1289 1539 hostium
1332 1486 1577 1551 tradidit,
1610 1486 1751 1541 sicut
1780 1487 1833 1540 in
1874 1485 2025 1539 Psal-

434 1572 573 1626 terio
611 1572 805 1643 legitur
838 1592 850 1627 :
891 1593 908 1625 ‹
948 1574 1166 1645 Repulit
1193 1576 1602 1630 tabernaculum
1654 1575 1795 1639 Silo,
1840 1575 2023 1631 taber-

433 1662 689 1718 naculum
724 1680 902 1729 suum,
935 1666 990 1719 in
1020 1681 1129 1735 quo
1153 1667 1419 1721 habitavit
1463 1667 1605 1721 inter
1645 1668 1896 1723 homines
1924 1686 1937 1721 :
1968 1675 2025 1722 et

433 1754 658 1808 tradidit
689 1755 744 1809 in
784 1756 1157 1825 captivitatem
1182 1758 1414 1813 virtutes
1451 1773 1676 1823 eorum,
1705 1768 1761 1814 et
1786 1758 2024 1829 pulchri-

434 1845 647 1900 tudines
686 1860 871 1900 eorum
900 1846 956 1901 in
1000 1863 1193 1903 manus
1240 1849 1445 1904 inimici
1491 1846 1677 1921 (Psaf.
1734 1851 1962 1921 Lxxvn).
1996 1869 2015 1903 ι
2050 1824 2099 1885 Β

433 1933 777 2005 Rursumque
798 1952 897 2006 per
938 1947 1258 2009 praesentem
1296 1939 1612 2010 prophetam
1632 1981 1645 2005 ,
1682 1940 1734 1995 id
1762 1949 1845 1995 est
1870 1939 2025 1996 Jere-

434 2026 621 2092 miam,
643 2027 901 2083 Dominus
923 2030 976 2103 in
998 2031 1368 2099 superioribus
1392 2030 1469 2085 ait
1500 2044 1562 2103 τε(
1595 2030 1815 2085 Faciam
1843 2031 2026 2085 domui

434 2116 560 2171 huic
586 2117 641 2171 in
665 2132 769 2187 qua
786 2101 1092 2174 invocatum
1118 2128 1203 2176 est
1222 2136 1419 2177 nomen
1434 2101 1636 2188 meum,
1661 2130 1716 2177 et
1740 2122 1793 2177 in
1808 2136 1915 2191 qua
1930 2136 2027 2177 vos

434 2206 648 2263 habetis
673 2208 947 2276 fiduciam,
972 2221 1025 2266 et
1046 2212 1167 2266 loco
1184 2227 1345 2281 quem
1368 2213 1490 2268 dedi
1510 2214 1680 2278 vobis,
1708 2223 1763 2268 et
1780 2213 2027 2283 patrihus

434 2298 649 2365 vestris,
692 2301 831 2355 sicut
874 2301 980 2358 feci
1010 2302 1160 2359 Silo:
1204 2304 1487 2375 projiciam
1516 2319 1613 2360 vos
1642 2321 1673 2359 a
1702 2303 1841 2360 facie
1884 2320 2023 2371 mea,

432 2391 572 2445 sicut
603 2392 805 2462 projeci
848 2410 1038 2450 omnes
1080 2394 1275 2451 fratres
1320 2411 1471 2451 meos
1499 2396 1811 2452 universum
1842 2412 2026 2457 semen

432 2482 693 2553 Ephraim
720 2485 935 2557 (Jerem.
963 2487 1135 2557 xxvi).
1166 2507 1185 2540 ι
1224 2486 1377 2543 Unde
1416 2488 1573 2543 nobis
1599 2488 1887 2542 videndum
1917 2497 2024 2553 est,

436 2590 753 2653 ne'propter
786 2580 1101 2650 iniquitates
1145 2590 1364 2636 nostras
1399 2580 1765 2637 habitaculum
1791 2582 2027 2652 pectoris

434 2672 606 2727 nostri
635 2672 848 2727 deserat
895 2671 1227 2727 inhabitator
1275 2671 1510 2742 Spiritus
1531 2682 1774 2738 sanctus,
1808 2680 2027 2741 respuat

434 2761 795 2828 sacerdotium
836 2769 891 2816 et
926 2762 1184 2831 despiciat
1225 2762 1470 2817 ordinem
1512 2762 1789 2832 regiminis
1834 2763 2021 2825 nostri,

435 2853 734 2922 fiamusque
774 2852 911 2907 sicut
940 2853 1131 2907 hortus
1160 2852 1473 2922 dissipatus,
1514 2852 1607 2906 ubi
1636 2850 2025 2906 nullus-virtu-

435 2952 549 2997 tum
572 2944 807 3015 gignitur
833 2943 1060 2999 fructus.
1094 2942 1440 2999 Metuendum
1472 2943 1635 3013 igitur
1664 2950 1745 2997 est
1782 2956 1851 3019 ne
1875 2951 2026 2997 tanta

435 3034 703 3087 suavitate
730 3042 785 3088 et
802 3031 1141 3102 jucunditate
1178 3033 1396 3103 privati,
1441 3032 1495 3086 in
1525 3032 1944 3086 amaritudinem
1972 3040 2028 3085 et

437 3125 736 3179 foeditatem
786 3125 1162 3195 perveniamus
1218 3124 1623 3193 sempiternam.
1680 3123 1822 3177 Dicit
1878 3121 2025 3176 enim

434 3216 732 3272 Corinthiis
779 3215 1066 3271 manifeste
1113 3215 1313 3271 Paulus
1381 3215 1699 3286 apostolus:
1738 3233 1756 3265 ι
1795 3214 2027 3269 Nescitis

435 3308 564 3379 quia
597 3308 855 3377 templum
884 3292 1002 3362 Dei
1046 3307 1195 3368 estis,
1239 3314 1294 3361 et
1321 3307 1545 3378 spiritus
1572 3304 1667 3360 Dei
1722 3305 1932 3360 habitat
1972 3304 2028 3358 in

434 3400 628 3456 vobis?
649 3398 707 3453 Si
731 3399 855 3470 quis
879 3408 1058 3452 autem
1081 3396 1336 3467 templum
1370 3397 1464 3451 Dei
1494 3395 1796 3459 violaverit,
1828 3393 2031 3465 disper-

439 3495 531 3548 det
577 3493 725 3546 illum
760 3493 922 3546 Deus.
967 3489 1247 3560 Templum
1295 3489 1441 3543 enim
1493 3488 1589 3543 Dei
1622 3496 1868 3542 sanctum
1922 3495 2024 3551 est,

436 3585 582 3657 quod
613 3584 747 3639 estis
779 3598 872 3638 vos
896 3582 947 3654 (Ι
978 3578 1100 3636 Cor.
1134 3581 1195 3649 ι).
1233 3599 1251 3631 ι
1285 3580 1353 3633 Ει
1394 3580 1525 3634 item
1574 3596 1586 3631 :
1623 3597 1642 3630 ι
1672 3577 1754 3631 An
1783 3577 2025 3641 nescitis,

436 3678 632 3747 inquit,
665 3676 921 3746 quoniam
969 3675 1211 3729 membra
1238 3681 1416 3727 vestra
1447 3670 1702 3742 templum
1733 3678 1859 3725 sunt
1907 3668 2029 3739 Spi-

436 3768 577 3823 ritus
626 3766 796 3822 sancti
844 3765 935 3835 qui
973 3765 1027 3819 in
1074 3763 1227 3818 vobis
1256 3768 1361 3826 est,
1398 3776 1559 3829 quem
1603 3760 1813 3814 habetis
1843 3774 1875 3813 a
1923 3759 2029 3815 Do-

436 3860 606 3925 mino,
638 3866 691 3914 et
720 3874 826 3913 non
864 3857 995 3912 estis
1037 3854 1239 3911 vestri?
1274 3852 1456 3921 Empti
1488 3854 1633 3907 enim
1674 3853 1807 3906 estis
1850 3852 2027 3921 pretio

440 3965 659 4019 magno,
684 3947 981 4019 gloriﬁcate
998 3958 1054 4003 et
1079 3955 1292 4018 portate
1312 3948 1485 4003 Deum
1510 3947 1565 4001 in
1593 3959 1821 4015 corpore
1846 3951 2028 3999 vestro

440 4041 493 4113 (1
523 4039 645 4095 Cor.
681 4042 768 4113 ιι).
806 4061 823 4093 ι

510 4132 665 4188 Zain.
703 4153 721 4185 ι
756 4132 972 4203 Repulit
1016 4132 1276 4187 Dominus
1314 4130 1482 4185 altare
1528 4143 1705 4194 suum,
1752 4126 2029 4182 maledixit

443 4248 462 4280 ι
502 4225 913 4284 sanctificationi
940 4239 1049 4279 sure
1102 4223 1348 4278 Tradidit
1374 4224 1427 4277 in
1470 4237 1663 4277 manus
1685 4220 1887 4275 inimici
1909 4236 2030 4274 mu-

444 4340 461 4372 ι
503 4336 593 4374 ros
634 4321 863 4373 turrium
908 4320 1042 4388 ejus.
1072 4316 1271 4379 Vocem
1322 4314 1588 4374 dederunt
1634 4312 1687 4366 in
1730 4310 1893 4366 domo
1923 4309 2031 4365 Do-

446 4431 464 4463 r
503 4413 655 4475 mini,
680 4412 819 4466 sicut
843 4410 894 4464 in
918 4411 1002 4465 die
1028 4411 1276 4466 solemni.
1302 4430 1320 4462 ι
1340 4411 1525 4464 Altare
1554 4424 1711 4464 suum
1738 4402 2022 4477 repulisse,

2053 3173 2099 3237 C

2125 572 2339 640 quando
2367 574 2605 641 peccatis
2632 573 2833 626 nostris
2858 570 3219 641 exigentibus,
3254 572 3411 642 quasi
3453 572 3722 639 ingratam

2124 661 2355 732 despicit
2404 678 2553 716 aram
2584 662 2766 717 cordis
2802 662 2994 726 nostri,
3018 670 3073 715 et
3102 663 3299 716 avertit
3341 662 3538 717 faciem
3569 675 3725 715 suam

2127 766 2157 805 a
2194 752 2369 814 nobis,
2398 752 2540 807 unde
2568 753 2699 807 salvi
2730 752 2845 806 fieri
2875 752 3256 817 debueramus,
3285 754 3427 807 sicut
3462 754 3725 822 scriptum

2126 849 2211 896 est
2234 855 2257 895 ξε
2279 858 2297 891 ι
2328 840 2565 897 Ostende
2602 844 2758 897 nobis
2804 843 2996 898 faciem
3030 853 3200 909 tuam,
3234 854 3289 897 et
3338 844 3473 899 salvi
3523 846 3726 901 erimus

2128 930 2302 1016 (Paul.
2334 933 2542 1006 uxrx).
2579 955 2597 987 ι
2640 934 2749 989 Nec
2786 950 2977 1004 preces
3023 946 3237 992 nostras
3263 939 3521 1003 attendit,
3554 953 3727 1009 neque

2128 1027 2429 1083 oblationes
2500 1028 2710 1097 recipit.
2782 1027 3070 1082 Maledicit'
3114 1030 3537 1086 sanctificationi
3593 1045 3726 1094 suae,

2128 1118 2344 1188 quando
2373 1117 2740 1173 Christianum
2771 1134 2967 1173 nomen
3016 1119 3070 1173 in
3106 1136 3213 1189 quo
3256 1122 3646 1191 gloriabantur,
3676 1129 3729 1175 et

2128 1208 2273 1276 quod
2323 1208 2375 1262 in
2431 1223 2591 1262 sacro
2650 1210 2972 1279 baptismate
3022 1225 3119 1280 per
3174 1213 3347 1265 sancti
3416 1212 3729 1265 chrismatis

2128 1288 2439 1356 unctionem
2482 1303 2837 1371 suscepimus,
2873 1301 3137 1371 pollutum
3166 1302 3404 1367 duxerit,
3435 1303 3565 1373 quia
3600 1300 3730 1356 faei-

2126 1408 2261 1449 nora
2290 1400 2469 1447 nostra
2501 1402 2556 1448 et
2580 1393 2734 1463 pravi
2762 1402 2915 1447 actus
2957 1394 3129 1448 nostri
3158 1393 3261 1448 hoc
3285 1404 3725 1462 promcruerunt.

2127 1487 2315 1541 Tradit
2363 1488 2418 1541 in
2470 1502 2663 1543 manus
2723 1490 2965 1543 omnium
3019 1471 3365 1543 inimicorum
3414 1498 3724 1542 nostrorum

2126 1578 2309 1633 omnia
2354 1592 2505 1631 arma
2548 1586 2733 1632 nostra
2769 1586 2825 1633 et
2871 1579 3203 1634 munitiones
3236 1580 3288 1633 in
3324 1579 3523 1649 quibus
3562 1577 3728 1633 confi-

2125 1668 2404 1733 debamus,
2433 1672 2689 1739 quoniam
2724 1670 2775 1724 in
2802 1672 2949 1725 omni
2992 1674 3405 1728 conversatione
3443 1681 3631 1727 nostra
3662 1671 3727 1725 ad

2125 1758 2351 1813 nihilum
2382 1759 2587 1814 redacti
2623 1775 2827 1827 sumus,
2860 1777 2959 1817 nec
2984 1765 3302 1832 praepositos
3331 1779 3510 1833 neque
3539 1761 3727 1817 defen-

2128 1864 2280 1904 sores
2311 1848 2422 1919 jam
2450 1849 2612 1905 utiles
2639 1850 2839 1906 habere
2865 1867 3153 1915 meremur,
3182 1855 3307 1923 quia
3338 1855 3390 1908 in
3418 1856 3581 1908 domo
3621 1854 3727 1908 Do-

2127 1939 2283 2005 mini,
2308 1939 2397 1995 ubi
2429 1938 2566 2005 laus,
2597 1940 2770 1995 honor
2801 1950 2855 1996 et
2902 1941 3070 2012 gloria
3120 1942 3479 1998 confessionis
3532 1958 3726 1999 sonare

2129 2032 2334 2097 debuit,
2352 2032 2425 2087 ibi
2448 2032 2653 2088 clamor
2673 2042 2727 2089 et
2748 2034 3079 2105 blasphemia
3103 2036 3368 2091 resultant
3393 2045 3445 2091 et
3479 2037 3728 2107 negotia-

2128 2124 2207 2179 tio
2244 2131 2460 2179 terrena
2507 2133 2793 2179 exercetur
2836 2144 2846 2178 ε
2899 2141 2997 2195 pro
3025 2142 3134 2195 quo
3169 2128 3416 2182 irritatus
3468 2128 3729 2184 Dominus

2130 2214 2400 2285 ﬂagellum
2424 2214 2489 2269 de
2514 2213 2765 2270 funiculis
2792 2213 2996 2270 faciens
3017 2230 3205 2271 omnes
3235 2218 3395 2287 ejccit
3414 2218 3482 2273 de
3506 2218 3725 2288 templo,

2128 2304 2617 2361 nummulariorum
2661 2305 2848 2361 effudit
2877 2322 2977 2373 res,
3012 2317 3069 2362 et
3102 2308 3394 2362 cathedras
3452 2308 3729 2364 columbas

2128 2396 2480 2450 vendentium
2512 2397 2727 2450 evertit.

2204 2486 2365 2541 Heth.
2398 2507 2416 2539 ι
2453 2486 2721 2558 Cogitavit
2749 2487 3011 2544 Dominus
3051 2489 3316 2559 dissipare
3354 2506 3571 2544 murum
3605 2490 3729 2545 tilia:

2136 2597 2155 2631 ε
2193 2576 2344 2642 Sion,
2380 2577 2608 2631 tetendit
2635 2576 2932 2630 funiculum
2963 2593 3138 2643 suum,
3158 2588 3212 2633 et
3241 2595 3348 2632 non
3379 2580 3580 2634 avertit
3609 2595 3726 2633 ma-

2136 2687 2156 2720 ί
2192 2684 2322 2722 num
2376 2684 2529 2722 suam
2569 2683 2597 2721 a
2627 2668 2948 2737 perditione.
2990 2668 3261 2739 Luxitque
3288 2670 3644 2731 antemurale,
3675 2676 3731 2725 et

2136 2779 2155 2811 ε
2193 2776 2379 2814 murus
2400 2760 2605 2829 pariter
2626 2759 2919 2829 dissipatus
2946 2770 3049 2814 est.
3097 2778 3114 2809 ι
3143 2758 3284 2815 Urbs
3310 2762 3412 2814 ista
3445 2759 3600 2827 cujus
3629 2759 3730 2814 Do-

2130 2850 2310 2903 minus
2347 2850 2602 2916 cogitavit
2644 2850 2909 2919 dissipare
2955 2866 3165 2904 murum
3204 2852 3547 2919 tetenditque
3592 2850 3725 2906 funi-

2131 2938 2334 3002 culum,
2362 2938 2466 2993 boc
2496 2947 2601 3003 est,
2627 2948 2835 2993 rectam
2862 2949 2918 2993 et
2939 2940 3256 3010 condignam
3286 2941 3599 2995 mercedem
3627 2954 3723 2993 ne-

2130 3029 2314 3099 quitiae
2345 3044 2456 3084 suae
2484 3029 2711 3084 reddere
2761 3031 2810 3084 ei
2846 3030 3141 3099 disposuit,
3171 3047 3445 3103 synagoga
3502 3042 3586 3086 est
3628 3030 3725 3086 Ju-

2130 3118 2394 3185 dteorum,
2421 3135 2539 3189 quae
2566 3135 2781 3192 semper
2804 3122 3034 3190 superbe
3071 3132 3126 3177 et
3168 3124 3510 3179 contentiose
3535 3124 3729 3193 agebat

2131 3220 2318 3268 contra
2369 3212 2686 3277 Dominum,
2724 3215 3016 3283 prophetas
3044 3215 3162 3286 ejus
3204 3224 3257 3270 et
3296 3218 3520 3272 nuntios
3558 3217 3625 3271 ad
3667 3231 3726 3271 se

2131 3304 2325 3359 missos
2350 3304 2703 3375 persequens,
2738 3306 3030 3361 novissime
3064 3322 3189 3361 vero
3219 3308 3394 3377 ipsum
3428 3310 3723 3373 haeredem,

2130 3394 2233 3449 hoc
2261 3403 2364 3461 est,
2395 3396 2612 3451 unicum
2660 3395 2824 3451 tilium
2858 3395 2973 3465 ejus
3002 3398 3292 3453 interfecit.
3345 3398 3500 3454 Unde
3528 3411 3586 3453 ct
3615 3400 3726 3469 ipse

2129 3486 2390 3541 Dominus
2411 3486 2589 3555 justus
2612 3487 2779 3557 judex
2801 3498 2856 3543 et
2875 3487 3143 3558 justitiam
3165 3489 3413 3561 diligens,
3433 3507 3545 3559 non
3573 3506 3728 3546 aver-

2130 3578 2197 3632 tit
2222 3593 2439 3631 manum
2461 3592 2612 3631 suam
2636 3594 2665 3631 a
2691 3578 2993 3648 perditione
3024 3579 3159 3650 ejus,
3189 3579 3283 3633 sed
3326 3588 3537 3634 terram
3580 3564 3723 3635 illia;

2130 3668 2285 3735 quasi
2314 3667 2551 3723 funiculo
2580 3671 2829 3735 metiens,
2864 3670 3110 3724 hostibus
3131 3671 3480 3739 partiendam
3512 3673 3722 3727 dividit.

2130 3758 2339 3812 Murum
2384 3768 2439 3813 et
2476 3758 2809 3837 antemurale
2856 3760 3175 3829 dissipavit,
3229 3777 3351 3815 cum
3407 3764 3725 3833 angelorum

2130 3850 2428 3905 custodiam
2455 3858 2508 3904 et
2550 3849 2937 3916 defensionem,
2976 3866 3137 3920 quam
3172 3852 3385 3907 Domini
3436 3855 3643 3922 pietate
3669 3863 3725 3910 et

2128 3948 2343 4011 patrum
2370 3956 2590 3995 suorum
2617 3942 2807 3997 merito
2836 3944 2964 3997 olim
2994 3943 3316 4011 habuerant,
3333 3948 3403 4001 ab
3429 3945 3547 4016 ipsa
3574 3963 3724 4004 sece-

2130 4033 2259 4090 dere
2280 4032 2428 4087 fecit.
2452 4033 2493 4085 E
2519 4035 2792 4089 contrario
2814 4050 2963 4101 vero,
2991 4035 3097 4090 alia
3127 4045 3209 4091 est
3230 4038 3360 4092 urbs
3380 4038 3495 4105 illa,
3524 4040 3592 4095 de
3620 4056 3724 4111 qua

2130 4124 2186 4179 in
2214 4124 2351 4179 Isaia
2389 4124 2619 4195 legimus
2668 4132 2790 4195 post
2831 4127 3212 4182 contritionem
3243 4128 3398 4184 Moab
3445 4132 3723 4187 canticum

2129 4214 2345 4270 celebre
2385 4215 2743 4284 compositum
2773 4230 2912 4283 esse,
2953 4218 3043 4273 ubi
3071 4218 3146 4273 ita
3193 4218 3389 4290 legitur
3421 4226 3449 4273 :‘
3477 4241 3495 4271 ‹
3534 4221 3593 4275 In
3638 4222 3726 4279 die

2132 4308 2221 4363 illa
2269 4309 2575 4363 cantabitur
2601 4310 2872 4365 canticum
2900 4310 3042 4365 istud
3075 4312 3127 4365 in
3162 4319 3305 4366 terra
3345 4309 3484 4365 Juda
3522 4331 3533 4367 :
3584 4313 3723 4371 Urbs

2131 4401 2464 4459 fortitudinis
2493 4411 2691 4460 nostra:
2728 4402 2996 4472 salvator,
3024 4413 3260 4478 ponetur
3300 4405 3365 4462 in
3400 4418 3467 4463 ea
3512 4422 3723 4475 murus,

436 4516 493 4562 et
528 4503 944 4561 sanctificationi
977 4518 1087 4557 sum
1124 4502 1466 4557 maledixisse
1500 4500 1760 4556 Dominus
1793 4498 2024 4553 dicitur:
2053 4522 2107 4581 D
2134 4506 2187 4551 et
2221 4495 2574 4550 antemurale.
2624 4496 2844 4564 Aperite
2874 4507 3060 4565 portas
3101 4507 3155 4552 et
3213 4498 3550 4570 ingrediatur
3597 4516 3724 4571 gens

436 4599 563 4667 quia
593 4598 797 4652 hostias
832 4596 1125 4651 secundum
1148 4594 1317 4665 legem
1342 4593 1569 4655 oblatas,
1594 4607 1729 4663 quas
1757 4590 2024 4645 salutares

437 4690 636 4745 ibidem
660 4686 911 4756 appellat,
934 4695 989 4740 et
1014 4684 1187 4738 altare
1221 4685 1275 4738 in
1305 4699 1412 4752 quo
1440 4684 1642 4737 eadem
1673 4682 1867 4737 hostia
1892 4680 2024 4737 olfe-

438 4781 699 4836 rcbantur
722 4777 944 4847 respuit,
976 4775 1043 4829 ad
1070 4775 1481 4844 diripiendaque
1508 4776 1748 4829 hostium
1774 4772 2024 4827 manibus

438 4860 679 4934 tradidit,
714 4868 875 4923 simul
906 4882 1030 4922 cum
1059 4866 1215 4931 urbe,
1240 4874 1401 4934 atque
1425 4864 1843 4935 propugnaculis
1867 4864 1983 4934 ejus
2006 4878 2021 4936 ξ

441 4964 840 5031 clamoremque
870 4960 1214 5029 blasphemiae
1242 4958 1405 5012 iidem
1432 4961 1620 5013 hostes
1646 4957 1699 5011 in
1728 4958 1889 5011 domo
1920 4957 2024 5010 Do-

439 5054 571 5108 mini
602 5055 885 5118 dederunt,
917 5053 1007 5107 ubi
1044 5052 1314 5122 quondam
1352 5051 1539 5105 laudes
1566 5050 1621 5103 in
1668 5046 2021 5101 solemnitati-

442 5146 544 5201 bus
578 5144 743 5198 variis
794 5158 890 5212 per
919 5144 1129 5198 diversa
1155 5157 1377 5211 organa,
1409 5140 1717 5195 sacerdotes
1764 5146 1816 5191 et
1848 5137 2023 5191 levita:

440 5235 642 5304 templo
680 5243 735 5289 et
765 5234 871 5287 ritu
902 5233 1156 5287 inviolato
1199 5233 1467 5287 canebant
1490 5248 1502 5284 :
1529 5230 1673 5299 quod
1700 5228 1828 5283 olim
1855 5228 2023 5282 Isaias

438 5328 700 5398 propheta
731 5325 1044 5395 deplorabat
1090 5324 1317 5378 dicens:
1350 5342 1369 5374 ι
1408 5323 1547 5377 Ecce
1598 5321 1826 5389 respice,
1856 5336 2023 5390 popu-

440 5417 526 5473 lus
552 5426 693 5481 tuus,
724 5430 912 5471 omnes
942 5431 1054 5478 nos,
1081 5423 1136 5469 et
1184 5414 1372 5467 civitas
1422 5413 1592 5466 sancti
1625 5411 1699 5465 tui
1747 5409 1887 5464 facta
1938 5420 2021 5465 est

441 5510 677 5571 deserta,
707 5505 836 5561 Sion
868 5506 1077 5561 deserta
1108 5505 1245 5560 facta
1272 5512 1373 5560 est.
1419 5503 1753 5558 Hierusalem
1783 5502 2020 5557 desolata

436 5598 634 5653 domus
672 5596 1116 5652 sanctificationis
1150 5605 1346 5651 nostrae
1374 5636 1387 5659 ,
1439 5594 1525 5648 ubi
1578 5593 1931 5648 laudavcrunt
1972 5602 2022 5647 te

438 5697 624 5759 patres
680 5689 884 5752 nostri,
940 5689 1081 5741 facta
1126 5696 1210 5739 est
1267 5687 1319 5739 in
1365 5687 1700 5739 exustionem
1757 5686 1915 5755 ignis,
1969 5694 2021 5738 et

442 5782 625 5838 Omnia
654 5780 1027 5836 desiderabilia
1054 5789 1235 5833 nostra
1265 5793 1420 5831 versa
1448 5786 1571 5831 sunt
1597 5779 1649 5834 in
1677 5777 1861 5830 ruinas
1888 5776 2020 5850 (Isn-

2127 4588 2297 4660 justa,
2329 4586 2637 4643 custodiens
2673 4587 2955 4641 veritatem
2987 4586 3124 4659 (lsa.
3168 4589 3335 4661 xxvi).
3372 4608 3390 4639 ι
3426 4588 3720 4663 [Munius]

2134 4680 2263 4748 ρυω
2292 4689 2373 4735 est
2400 4680 2505 4734 ista
2532 4680 2684 4743 urbs,
2718 4678 2821 4733 nisi
2860 4678 2949 4732 illa
2971 4694 3093 4748 qua:
3130 4680 3183 4733 in
3215 4687 3397 4735 monte
3428 4682 3533 4735 sita
3558 4682 3722 4738 latere

2132 4790 2238 4830 non
2272 4764 2497 4843 potest?
2526 4772 2591 4826 de
2632 4786 2737 4841 qua
2787 4779 2843 4825 et
2886 4771 2941 4824 in
2986 4770 3091 4826 alio
3136 4770 3257 4826 loco
3296 4773 3563 4842 scriptum
3596 4783 3720 4828 est:

2138 4885 2157 4917 ι
2198 4864 2463 4919 Fluminis
2516 4864 2748 4933 impetus
2790 4861 3030 4917 laetiﬁcat
3083 4864 3361 4918 civitatem
3412 4865 3510 4920 Dei
3548 4866 3717 4938 (Psal.

2132 4953 2311 5024 mn).
2342 4973 2361 5005 ι
2391 4954 2467 5007 Et.
2490 4966 2707 5007 rursum
2737 4966 2751 5005 :
2780 4971 2798 5003 ‹
2834 4951 3081 5006 Gloriosa
3104 4953 3246 5008 dicta
3289 4964 3416 5009 sunt
3443 4955 3514 5010 de
3543 4965 3615 5019 te,
3644 4956 3719 5011 ci-

2130 5046 2272 5100 vitas
2301 5045 2398 5099 Dei
2436 5041 2609 5115 (Psal.
2636 5041 2878 5111 Lxxxvt).
2913 5061 2932 5091 ›
2968 5040 3136 5109 Hujus
3163 5043 3312 5098 urbis
3342 5044 3435 5097 ille
3472 5046 3720 5101 conditor

2131 5144 2234 5200 est,
2264 5137 2330 5191 de
2353 5149 2461 5205 quo
2484 5134 2724 5203 loquitur
2750 5132 2910 5186 Pater
2945 5146 2960 5185 :
2989 5131 3096 5187 Iste
3121 5127 3411 5188 aadiﬁCabit
3443 5135 3715 5191 civitatem

2132 5243 2327 5283 meam.
2367 5228 2479 5281 lmo
2506 5227 2634 5280 urbs
2661 5225 2991 5281 fortitudinis
3020 5231 3222 5279 nostrae
3244 5224 3488 5281 salvator
3515 5236 3616 5293 est,
3665 5227 3716 5283 id

2131 5329 2233 5384 est,
2282 5317 2442 5373 Jesus
2486 5335 2497 5370 :
2536 5335 2555 5365 ‹
2599 5314 2667 5369 Et
2699 5322 2931 5382 ponetur
2979 5314 3034 5368 in
3066 5328 3129 5369 ea
3160 5329 3348 5369 murus
3379 5322 3433 5370 et
3472 5324 3718 5370 antemn-

2131 5409 2265 5472 rale,
2287 5427 2305 5459 »
2342 5422 2528 5461 murus
2551 5406 2811 5459 bonorum
2840 5419 3085 5473 operum,
3109 5412 3163 5458 et
3191 5404 3533 5458 antemurale
3557 5414 3716 5461 recta

2130 5498 2274 5562 ﬁdei,
2301 5507 2360 5550 ut
2387 5495 2581 5564 duplici
2614 5502 2760 5562 septa
2799 5494 2868 5547 sit
2897 5494 3249 5547 munimento.
3273 5491 3393 5548 Non
3433 5494 3578 5548 enim
3600 5492 3712 5549 suf~

2131 5590 2245 5644 ﬁcit
2273 5604 2488 5643 murum
2514 5574 2713 5641 habere
2740 5587 2858 5641 lidei
2881 5627 2894 5651 ,
2935 5586 3037 5640 nisi
3069 5586 3183 5654 ipsa
3212 5584 3346 5639 fides
3389 5586 3551 5640 bonis
3588 5600 3715 5656 ope-

2130 5683 2279 5737 ribus
2303 5682 2671 5744 conlirmetur.
2691 5679 2787 5733 llic
2814 5696 2999 5734 murus
3022 5687 3075 5733 ct
3096 5679 3199 5733 hoc
3225 5678 3713 5743 antemurale,sive

2130 5775 2565 5841 circunnnurale,
2586 5774 2651 5829 de
2670 5774 2805 5829 vivis
2826 5774 3090 5844 lapidibus
3111 5771 3431 5840 exstruitur,
3451 5770 3544 5843 qui
3557 5768 3711 5840 juxta
