3952 6312
197 390 337 445 ηαδ

1043 394 1404 452 EXPOSI'I‘IO
1443 392 1665 450 SUPER
1700 391 2067 450 JEREMIAM.
2094 420 2177 433 ν-
2216 382 2339 448 LIB.
2382 394 2565 450 XVIII.

3318 397 3457 452 1206

195 508 521 580 Prophetam
550 510 835 565 volvuntur
858 524 1020 580 super
1040 520 1261 580 terram,
1287 518 1391 565 etc.
1412 510 1563 577 Quod
1594 517 1772 565 autem
1802 513 1851 571 Α
1879 518 2251 565 servaverunt.
2288 498 2491 565 Idcirco
2524 508 2836 579 abiecerunt
2863 512 2914 564 in
2968 519 3111 589 terra
3150 504 3329 582 capita
3357 527 3456 569 sua

193 599 330 657 dicit
346 620 358 654 :
383 620 401 653 ι
421 600 644 670 Aperite
658 610 841 671 portas
855 610 909 655 et
929 601 1261 673 ingrediatur
1272 616 1405 671 gens
1420 602 1588 671 justa,
1606 610 1779 655 custo-

192 692 351 749 diens
369 694 679 760 veritatem;
706 714 724 747 ι
750 696 1005 764 praecepit
1017 692 1278 753 Dominus
1298 693 1523 761 angelis,
1539 695 1629 763 qui
1654 708 1780 767 pqr-

193 784 268 839 tis
299 784 447 838 urbis
474 784 766 839 Dominicae
784 784 1163 855 praesidebant,
1198 793 1256 839 ut
1298 786 1543 854 aperiant
1571 794 1775 854 portas,

192 884 251 932 et
284 862 775 949 ingrediatur‘gens
795 876 963 946 justa,
997 878 1308 933 custodiens
1336 877 1639 941 veritatem,
1671 891 1778 931 non

192 968 423 1039 populus
446 968 775 1033 Judteorum,
814 970 907 1039 qui
933 967 1173 1037 abjectus
1198 972 1303 1034 εει,
1329 968 1421 1023 sed
1457 983 1587 1039 gens
1604 956 1777 1036 justa,

193 1075 316 1129 qua:
343 1072 407 1111 ex
447 1058 550 1113 ﬁde
582 1058 815 1112 ﬁdelium
866 1074 1060 1114 nomen
1092 1059 1320 1127 accepit,
1360 1058 1542 1126 utique
1577 1058 1664 1113 ille
1716 1060 1781 1114 de

192 1148 390 1217 quibus
417 1158 470 1204 et
515 1160 732 1205 sanctus
781 1151 1059 1220 loquitur:
1101 1173 1118 1204 ‹
1157 1152 1379 1220 Aperite
1420 1150 1550 1205 mibi
1597 1160 1781 1221 portas

186 1238 450 1309 justitite,
505 1250 559 1296 et
612 1243 889 1314 ingressus
949 1245 1002 1298 in
1054 1260 1147 1299 eas
1198 1243 1499 1298 conﬁtebor
1552 1242 1780 1297 Domino

194 1326 371 1399 (Psal.
397 1331 587 1402 cxvii).
638 1352 656 1384 ι
703 1332 810 1387 Has
834 1342 1012 1388 autem
1056 1342 1239 1403 portas
1267 1332 1445 1387 nullus
1472 1334 1669 1403 poterit
1700 1334 1781 1387 in-

193 1423 367 1491 gredi,
413 1423 515 1477 nisi
546 1426 638 1493 qui
675 1425 741 1479 de
781 1426 953 1494 portis
995 1427 1183 1480 mortis
1225 1426 1388 1481 fuerit
1418 1426 1696 1493 liberatus,
1729 1436 1784 1481 et

194 1526 320 1566 cum
366 1513 649 1570 Psalmista
685 1518 920 1571 dixerit:
956 1538 973 1568 ι
1011 1518 1111 1585 Qui
1140 1518 1349 1573 exaltas
1394 1534 1480 1573 me
1522 1520 1588 1573 de
1612 1520 1782 1589 portis

196 1603 410 1668 mortis,
460 1613 518 1658 ut
574 1608 889 1661 annuntiem
938 1623 1125 1663 omnes
1179 1608 1512 1663 laudatibnes
1564 1617 1682 1663 tuas
1728 1609 1781 1663 in

194 1692 373 1762 portis
422 1692 541 1748 lilia:
589 1694 718 1751 Sion
752 1695 925 1767 (Psal.
972 1698 1068 1768 ix).
1102 1720 1118 1749 ι
1155 1697 1285 1753 Cum
1315 1700 1462 1755 enim
1509 1698 1574 1753 de
1614 1700 1789 1769 portis

196 1783 391 1837 mortis
443 1783 707 1840 fuerimus
742 1788 948 1855 erepti,
983 1798 1109 1842 tunc
1161 1789 1214 1842 in
1261 1789 1433 1858 portis
1470 1787 1593 1842 tiliae
1649 1786 1781 1842 Sion

1884 600 2116 671 virgines
2166 599 2522 667 Hierusalem,
2565 616 2688 656 eum
2730 608 2938 682 mentes
2967 602 3189 658 tristitia
3241 612 3455 659 terrena

1880 702 2127 765 gravatas
2173 694 2224 748 in
2267 694 2373 748 ima
2402 694 2807 763 depresserunt,
2839 708 2937 750 nec
2960 694 3072 770 jam
3122 696 3191 752 ad
3233 698 3457 755 caeleste

1880 783 2130 855 gaudium
2172 782 2280 838 ullo
2328 774 2487 839 modo
2538 785 2778 854 aspirare
2825 790 3302 859 praesumpserunt.
3330 787 3459 844 Haec

1879 888 2008 945 ergo
2037 875 2216 930 omnia
2264 874 2517 929 admonet
2550 889 2649 930 nos
2678 890 2744 930 ne
2773 876 2941 931 simus
2984 891 3175 948 segnes
3207 886 3261 935 et
3294 878 3457 949 tepidi

1882 966 1950 1020 ad
1976 966 2284 1021 discendam
2312 966 2548 1021 divinam
2572 966 2909 1037 sapientiam,
2928 978 2984 1041 et
3007 970 3269 1025 virtutum
3292 984 3459 1043 opera

1882 1058 2202 1123 exercenda,
2236 1072 2303 1111 ne
2329 1056 2714 1131 fortepropter
2741 1057 2986 1111 inertiam
3016 1069 3257 1123 nostram
3303 1075 3458 1131 sper-

1882 1145 2060 1201 nendo
2108 1148 2318 1202 deserat
2363 1128 2698 1203 nosrauCtor
2734 1156 2953 1213 noster,
3000 1128 3460 1219 destituamurque

1882 1237 2028 1291 omni
2070 1237 2279 1303 solatio,
2313 1254 2409 1293 nec
2441 1240 2551 1310 jam
2588 1240 2882 1294 habeamus
2910 1240 3081 1310 portis
3113 1249 3181 1295 .et
3220 1242 3463 1296 vectibus

1884 1328 2176 1383 destructis
2212 1344 2366 1398 reges
2383 1339 2436 1382 et
2466 1330 2732 1397 principes
2763 1331 2977 1399 quinos
2998 1332 3199 1387 ducant
3232 1332 3281 1385 in
3316 1332 3462 1385 viam

1878 1415 2117 1485 justitiae,
2154 1433 2253 1473 nec
2290 1417 2404 1486 jam
2460 1418 2544 1472 lex
2584 1419 2675 1473 Dei
2725 1429 2779 1475 et
2826 1421 3204 1490 prophetarum
3240 1422 3461 1477 oracula

1884 1506 2187 1562 illuminent
2216 1509 2375 1563 corda
2408 1517 2591 1563 nostra
2624 1528 2635 1562 :
2662 1510 3048 1580 sedeamusque
3075 1514 3129 1567 in
3164 1522 3307 1568 terra
3339 1530 3462 1568 car-

1886 1598 1970 1651 nis
1998 1606 2195 1653 nostrae
2224 1598 2502 1653 desideriis
2526 1599 2677 1669 quasi
2704 1607 2883 1654 cinere
2905 1601 3180 1669 polluti,et
3210 1604 3463 1657 vitiorum

1886 1689 2017 1744 setis
2052 1689 2469 1752 circumamicti,
2510 1698 2674 1753 totam
2706 1690 2947 1761 gloriam,
2980 1707 3141 1761 quam
3168 1695 3223 1747 in
3256 1692 3465 1747 caelesti

1882 1788 2055 1848 regno
2083 1779 2283 1834 habere
2315 1788 2681 1849 potueramus,
2718 1776 3005 1850 perdamus
3049 1801 3059 1835 :
3083 1784 3467 1853 jaceamusque

196 1888 388 1929 omnes
432 1873 764 1932 laudationes
814 1878 1024 1931 Domini
1071 1887 1293 1932 cantare
1345 1878 1681 1947 poterimus,
1734 1884 1789 1931 et
1816 1868 1946 1927 Bin
1963 1868 2323 1935 terra,doncc
2342 1887 2468 1926 caro
2489 1880 2671 1926 nostra
2698 1873 2750 1927 in
2775 1875 3231 1943 pulverem.unde
3255 1884 3467 1945 sumpta

199 1966 469 2035 quomOdo
492 1974 677 2034 portas
698 1968 888 2021 mortis
921 1984 1042 2021 reos
1083 1983 1202 2022 esse
1228 1968 1459 2035 peccati,
1486 1967 1552 2021 de
1592 1966 1791 2035 quibus

200 2054 269 2108 ad
308 2054 526 2110 Petrum
568 2056 765 2110 dicitur
796 2076 809 2110 :
842 2076 859 2108 ι
897 2056 1074 2111 Porta:
1104 2056 1261 2111 inferi
1292 2073 1396 2111 non
1424 2057 1791 2127 pnevalebunt

203 2146 495 2201 adversum
520 2154 573 2201 te
600 2145 814 2217 (Matth.
852 2146 991 2215 XVI),
1034 2166 1051 2196 ι
1088 2147 1166 2201 sic
1196 2136 1378 2216 portas
1406 2148 1585 2201 omnia
1625 2150 1789 2216 Opera

200 2234 488 2300 virtutum,
530 2235 683 2303 quasi
727 2235 819 2303 qui
853 2235 1014 2289 fuerit
1056 2236 1329 2305 ingressus
1357 2251 1519 2289 unam
1553 2234 1792 2290 inveniet

201 2333 440 2395 portam,
477 2324 542 2388 de
568 2339 671 2392 qua
703 2323 901 2378 dicitur
936 2342 947 2377 :
980 2344 996 2374 ι
1041 2324 1165 2379 Haec
1195 2332 1349 2390 porta
1379 2316 1637 2379 Domini:
1658 2324 1791 2392 justi

206 2412 488 2468 intrabunt
522 2412 574 2465 in
616 2426 738 2465 eam
787 2411 985 2481 (Joan.
1035 2414 1182 2481 xxv).
1218 2431 1235 2462 ι
1268 2412 1335 2466 Et
1376 2413 1646 2481 quomodo
1697 2428 1795 2482 per

208 2504 392 2577 plures
418 2503 743 2575 margaritas
765 2504 830 2556 ad
857 2518 1019 2556 unam
1046 2503 1287 2573 pergitur
1316 2504 1686 2573 margaritam,
1718 2503 1795 2557 sic

212 2610 309 2665 per
360 2594 555 2649 multas
593 2594 706 2648 vias
750 2601 800 2648 et
840 2590 1019 2664 portas
1059 2594 1401 2663 pervenimus
1444 2592 1511 2645 ad
1555 2608 1675 2646 eum
1702 2593 1793 2663 qui

213 2688 348 2745 dicit
363 2702 483 2742 esse
504 2702 561 2742 se
585 2687 745 2752 viam,
766 2694 820 2740 et
841 2693 1051 2755 portam
1073 2699 1170 2754 per
1184 2683 1346 2754 quam
1369 2684 1707 2755 ingredimur
1728 2684 1792 2737 ad

211 2779 453 2837 Patrem.

288 2871 470 2925 Thetin.
507 2888 525 2921 ε
558 2869 757 2925 Deﬁxaa
796 2877 919 2924 sunt
946 2869 1000 2923 in
1034 2877 1179 2923 terra
1209 2877 1377 2938 porta:
1399 2868 1536 2938 ejus,
1563 2868 1797 2939 perdidit

218 2981 241 3014 ι
275 2970 329 3018 et
355 2962 611 3017 contrivit
642 2970 822 3017 vectes
861 2962 999 3031 ejus,
1052 2974 1231 3031 regem
1278 2960 1395 3031 ejus
1432 2967 1485 3014 et
1529 2958 1797 3029 principes

219 3073 239 3107 ς
276 3054 395 3123 ejus
417 3056 469 3109 in
492 3054 758 3125 gentibus.
790 3053 905 3108 Non
927 3065 1010 3108 est
1038 3053 1144 3118 lex,
1178 3062 1231 3107 et
1261 3054 1537 3124 prophetae
1556 3052 1669 3121 ejus
1692 3067 1797 3107 non

220 3160 242 3197 ε
278 3144 600 3200 invenerunt
650 3145 915 3199 visionem
958 3158 987 3197 a
1038 3144 1282 3198 Domino.
1321 3161 1339 3193 ι
1387 3141 1500 3197 Hoc
1544 3140 1800 3197 describit

1892 1968 1999 2025 est,
2030 1970 2353 2027 revertatur,
2389 1971 2443 2018 et
2490 1962 2613 2017 ﬁnis
2640 1973 2822 2019 noster
2848 1964 2941 2020 ﬁat
2972 1966 3220 2022 interitus
3267 1968 3467 2037 sempi-

1894 2058 2099 2105 teruus.

1984 2140 2148 2212 Caph.
2206 2160 2224 2193 (
2273 2142 2594 2198 Defecerunt
2654 2159 2765 2219 pra:
2819 2145 3071 2217 lacrymis
3117 2146 3275 2201 oculi'
3316 2147 3465 2211 mei,

1899 2251 1917 2284 ι
1952 2234 2267 2288 conturbata
2303 2244 2429 2289 sunt
2455 2234 2661 2290 viscera
2687 2250 2826 2289 mea.
2858 2233 3096 2290 Effusum
3128 2244 3213 2289 est
3246 2235 3297 2288 in
3326 2244 3468 2290 terra

1900 2321 2105 2390 «jecur
2162 2338 2381 2387 meum,
2447 2327 2607 2393 super
2660 2312 3041 2381 contritionem
3110 2325 3232 2381 ﬁlia:
3287 2324 3468 2396 populi

1901 2432 1919 2464 ι
1956 2414 2092 2480 mei,
2132 2429 2254 2469 cum
2312 2414 2567 2471 deﬁceret
2614 2416 2867 2485 parvulus
2902 2425 2957 2470 et
3003 2416 3208 2471 lactens
3248 2417 3301 2470 in
3353 2416 3470 2485 pla-

1901 2525 1918 2557 ι
1958 2506 2057 2561 teis
2097 2497 2297 2577 oppidi.
2342 2527 2360 2560 ι
2400 2508 2597 2562 Videns
2638 2510 2895 2578 propheta
2932 2510 3150 2563 nimiam
3194 2507 3473 2563 contritio-

1894 2612 2017 2652 nem
2066 2598 2240 2668 gentis
2294 2614 2405 2655 sua:
2468 2600 2829 2670 templumque
2860 2601 3136 2656 incensum
3187 2609 3240 2655 et
3286 2599 3473 2654 civita-

1898 2678 2006 2743 tem
2031 2690 2382 2753 devastatam,
2428 2689 2665 2761 nullique
2696 2691 2869 2757 sexui,
2899 2690 2982 2744 vel
3012 2690 3156 2744 aetati
3204 2691 3388 2747 hostes
3418 2688 3472 2743 in

1895 2795 2030 2835 nece
2062 2795 2316 2851 parcere,
2360 2781 2563 2851 ingenti
2594 2782 2779 2837 dolore
2804 2782 3062 2845 turbatus,
3086 2779 3211 2835 ﬂetu
3235 2780 3477 2835 maximo

1897 2870 2157 2940 deplorat,
2194 2872 2268 2925 ita
2305 2879 2362 2925 ut
2409 2872 2549 2926 oculi
2604 2887 2715 2942 prae
2771 2872 3021 2943 lacrymis
3080 2869 3363 2935 deficiant,
3418 2874 3477 2926 et

1898 2963 2075 3017 omnis
2113 2962 2420 3031 jncunditas
2472 2962 2726 3018 desiderii
2775 2973 3018 3018 vertatur
3043 2964 3113 3017 in
3146 2963 3476 3016 anxietatem

1900 3053 2097 3107 cordis.
2132 3053 2270 3119 Quid
2299 3040 2440 3108 enim
2472 3054 2644 3123 majus
2674 3053 2961 3109 dolendum
2990 3052 3111 3118 fuit,
3147 3068 3307 3123 quam
3335 3052 3477 3123 quod

1902 3144 2049 3198 natio
2077 3145 2320 3214 antiqua,
2352 3153 2407 3199 et
2432 3160 2613 3200 semen
2656 3145 3086 3215 patriarcharum
3134 3152 3295 3212 atque
3341 3143 3477 3197 ami—

213 3250 395 3293 sermo
416 3237 790 3307 propheticus,
817 3236 961 3306 quod
996 3237 1269 3291 destructa
1319 3234 1651 3294 Hierusalem
1684 3242 1794 3289 ter-
1824 3230 1869 3293 C
1902 3248 2089 3288 eorum
2124 3233 2239 3298 Dei,
2271 3234 2464 3287 divinis
2491 3233 2697 3303 legibus
2734 3232 2967 3297 erudita,
3000 3240 3054 3285 et
3090 3231 3476 3302 prophetarum

213 3346 369 3397 rena,
397 3332 505 3387 imo
532 3348 803 3404 synagoga
832 3326 1161 3396 Iudaeorum,
1193 3332 1441 3386 doctores
1473 3328 1591 3398 ejus
1618 3338 1672 3383 et
1701 3331 1797 3385 de-

213 3423 483 3488 fensores,
508 3440 642 3495 quos
686 3434 965 3495 portarum
996 3433 1051 3480 et
1090 3426 1325 3479 vectium
1369 3424 1586 3478 nomina
1639 3424 1802 3478 deno-

214 3521 367 3581 tant,
392 3514 610 3570 contriti
640 3523 766 3569 sunt
786 3523 947 3583 atque
972 3515 1215 3584 dissipati
1250 3529 1400 3584 reges
1428 3513 1544 3581 ejus
1564 3522 1623 3568 et
1656 3514 1803 3581 prin-

214 3608 395 3679 cipes,
426 3615 587 3675 atque
617 3609 892 3677 propheta).
909 3623 1023 3677 jam
1049 3622 1153 3661 non
1183 3609 1293 3661 sint
1320 3608 1372 3661 in
1407 3607 1494 3661 illa
1522 3625 1534 3659 :
1584 3607 1676 3662 sed
1704 3606 1804 3660 nec

214 3698 391 3771 legem
432 3697 744 3754 inviolatam
780 3700 1033 3765 habeant,
1070 3714 1243 3769 neque
1286 3700 1546 3755 visionem
1578 3700 1805 3768 prophe-

218 3790 386 3845 ticam
426 3805 457 3844 a
511 3791 737 3850 Domino
782 3792 984 3847 habere
1030 3800 1342 3845 mereantur
1394 3810 1404 3845 ε
1459 3792 1583 3861 quia
1634 3792 1805 3861 ipsum

216 3896 410 3936 verum
453 3882 839 3952 legislatorem,
868 3892 922 3936 et
952 3884 1234 3937 Dominum
1263 3884 1645 3951 prophetarum
1674 3897 1808 3950 prze—

221 3973 526 4029 seutialiter
551 3975 617 4050 ad
646 3989 705 4028 se
741 3974 1049 4029 venientem
1082 3973 1322 4041 recipere
1354 3972 1804 4042 dedignabantur.

210 4062 341 4136 Ipse
370 4066 512 4120 enim
540 4064 661 4119 Ilnis
690 4075 773 4120 est
803 4066 935 4137 le'gis
963 4066 1027 4119 ad
1054 4066 1319 4134 justitiam
1350 4066 1493 4119 omni
1514 4064 1759 4120 credenti
1792 4080 1806 4116 :

218 4172 493 4226 verusqne
536 4156 801 4226 Propheta
834 4166 1117 4227 paternam
1137 4199 1151 4222 ,
1183 4166 1237 4211 et
1271 4173 1420 4212 suam
1471 4157 1812 4212 credentibus

222 4250 554 4305 annuntians
585 4250 937 4315 voluntatem,
984 4252 1048 4305 de
1078 4266 1183 4319 quo
1214 4250 1387 4304 Moses
1437 4249 1563 4304 olim
1603 4249 1814 4303 Israeli-

224 4342 299 4397 tis
329 4342 405 4395 ait
430 4358 444 4394 :
469 4360 484 4392 t
510 4339 827 4409 Prophetam
856 4342 1008 4395 vobis
1033 4342 1290 4395 Dominus
1316 4340 1598 4396 suscitabit
1620 4341 1684 4393 de
1708 4339 1815 4395 Ira-

222 4432 400 4487 tribus
449 4432 660 4495 vestris,
694 4439 945 4501 tanquam
974 4447 1060 4485 me
1110 4432 1283 4501 ipsum
1315 4422 1563 4485 audiatis.
1598 4431 1665 4484 Et
1690 4430 1813 4495 erit,

221 4522 403 4578 omnis
452 4522 757 4591 quicunque
809 4538 914 4577 non
971 4522 1202 4576 audierit
1251 4522 1566 4591 prophetam
1630 4520 1811 4585 illum,

222 4614 679 4670 exterminabitur
725 4614 901 4669 anima
946 4613 1062 4684 ejus
1104 4615 1168 4670 de
1210 4614 1406 4685 populo
1462 4629 1561 4671 suo
1612 4612 1804 4685 (Deut.

227 4722 367 4761 xvnt
386 4706 427 4775 ).
467 4727 483 4758 ι

302 4796 423 4851 I'od.
473 4816 491 4847 ι
545 4797 814 4852 Sederunt
869 4798 920 4851 in
978 4806 1164 4862 terra,
1225 4798 1598 4851 conticuerunt
1654 4810 1809 4850 senes

233 4908 253 4941 ι
295 4888 419 4943 lilia:
464 4888 614 4953 Sion,
663 4898 1081 4958 consperserunt
1127 4890 1311 4943 cinere
1340 4889 1517 4957 capita
1563 4904 1677 4951 sua,
1722 4894 1809 4941 ac-

234 4992 257 5027 (
299 4975 459 5030 cincti
490 4984 616 5029 sunt
640 4975 849 5030 ciliciis.
881 4974 1208 5045 Abjecerunt
1247 4976 1301 5029 in
1330 4984 1473 5029 terra
1505 4975 1680 5043 capita
1714 4989 1807 5028 sua

236 5086 259 5121 ι
298 5068 539 5135 virgines
560 5060 912 5122 Hierusalem.
946 5086 963 5118 ι
990 5066 1254 5121 Sederunt
1294 5067 1347 5119 in
1386 5074 1543 5129 terra,
1585 5065 1675 5134 qui
1709 5075 1814 5119 ter-

230 5174 387 5224 rena,
418 5174 523 5213 non
545 5159 781 5214 coelestia
799 5159 967 5213 secuti
990 5158 1389 5214 suntdesideria
1408 5175 1420 5222 ;
1440 5158 1815 5212 conticuerunt

233 5264 395 5306 senes
420 5266 625 5315 eorum,
656 5249 780 5319 quia
811 5266 914 5304 non
946 5251 1249 5305 habuerunt
1294 5248 1586 5319 spiritalem
1642 5249 1815 5302 scien-

233 5341 369 5396 tiam
406 5340 539 5410 legis
568 5339 685 5405 Dei,
716 5338 857 5393 unde
881 5354 980 5394 nec
1000 5340 1112 5410 jam
1141 5340 1349 5393 deserta
1381 5338 1607 5391 veritate
1634 5337 1812 5391 consi-

234 5429 368 5486 lium
407 5431 537 5486 utile
583 5431 916 5485 auditoribus
961 5432 1073 5486 suis
1098 5432 1335 5500 praebere
1364 5430 1635 5484 valebant.
1668 5430 1813 5483 Filize

236 5517 373 5578 Sion
402 5536 704 5591 conspersae
741 5528 865 5575 sunt
898 5521 1076 5589 capita
1128 5537 1244 5585 sua,
1287 5520 1649 5588 accinctaeque
1695 5519 1813 5572 cili-

238 5612 366 5677 ciis,
406 5612 619 5683 lugubri
650 5613 849 5666 indutae
877 5620 1003 5665 sunt
1049 5620 1385 5681 tegumento,
1435 5611 1687 5679 quoniam
1725 5627 1817 5665 or-

241 5712 431 5762 natum
459 5705 738 5769 virtutum,
771 5712 823 5757 et
850 5705 1125 5773 sapientiae
1168 5704 1443 5775 spiritalis,
1474 5720 1578 5772 quo
1612 5705 1677 5758 ad
1712 5721 1818 5759 co}-

243 5792 398 5858 lestis
447 5794 591 5864 regis
647 5794 938 5850 thalamum
997 5795 1305 5867 pertingere
1354 5796 1654 5852 debuerant
1714 5814 1819 5854 non

1903 3322 2135 3378 oraculis
2176 3324 2369 3393 amplus
2425 3322 2749 3389 confortata,
2782 3323 2838 3377 in
2898 3332 3101 3376 tantam
3150 3320 3478 3393 apostasiam

1904 3415 2130 3481 venerit,
2148 3427 2205 3469 ut
2230 3418 2322 3471 Dei
2351 3416 2432 3471 sui
2455 3416 2620 3487 oblita
2646 3405 2866 3487 propter
2897 3416 3283 3470 immanitatem
3315 3414 3483 3471 scele-

1905 3522 2045 3574 rum.
2073 3506 2377 3561 traderetur
2406 3507 2458 3561 in
2490 3522 2684 3561 manus
2716 3506 2949 3561 hostium
2980 3506 3073 3560 Dei
3126 3520 3322 3567 nomen
3364 3505 3481 3559 bla-

1905 3596 2320 3663 sphemantium.
2353 3596 2457 3651 Sed
2488 3607 2543 3651 et
2572 3611 2713 3650 nunc
2759 3597 2873 3665 pari
2915 3597 3077 3650 modo
3108 3594 3350 3651 deﬂenda
3399 3604 3484 3649 est

1906 3688 2058 3742 ruina
2089 3689 2388 3744 animarum
2417 3689 2688 3758 quondam
2717 3688 2949 3742 fidelium
2967 3728 2981 3752 ,
3006 3703 3125 3757 qua:
3154 3687 3328 3757 pretio
3359 3701 3483 3743 san-

1908 3780 2082 3849 guinis
2107 3778 2303 3834 Christi
2340 3782 2651 3851 redemptze,
2678 3787 2732 3834 et
2762 3780 2901 3833 unda
2932 3778 3275 3848 baptismatis
3297 3792 3326 3831 a
3368 3792 3486 3832 sor-

1910 3872 2065 3927 dibus
2086 3884 2431 3941 peccatorum
2472 3873 2689 3936 ablutae,
2721 3872 3055 3943 mysticaque
3080 3859 3333 3925 unctione
3360 3884 3485 3923 cou-

1910 3972 2153 4025 secratze,
2193 3964 2384 4017 iterum
2418 3979 2563 4017 nunc
2594 3964 2645 4016 in
2691 3977 2903 4017 caenum
2933 3970 2987 4016 et
3012 3961 3208 4015 sordes
3231 3960 3484 4014 vitiorum

1910 4051 2171 4108 devoluta:
2196 4062 2351 4116 sunt,
2377 4053 2449 4106 ita
2498 4061 2555 4106 ut
2584 4052 2636 4106 hi
2664 4066 2755 4121 qm
2783 4052 3144 4106 innocentiam
3186 4059 3241 4108 el
3286 4049 3489 4119 simpli-

1912 4144 2130 4198 citatem
2180 4142 2526 4211 parvulorum
2572 4142 2889 4197 videbantur
2924 4141 3165 4206 imitari,
3194 4141 3245 4195 in
3296 4140 3489 4209 plateis

1914 4235 2099 4289 mundi
2137 4238 2191 4290 et
2236 4235 2416 4289 saeculi
2454 4235 2736 4289 desideriis
2776 4236 2844 4288 ab
2876 4235 3116 4288 hostibus
3160 4232 3489 4301 spiritalibus

1914 4333 2225 4379 enecentur.
2257 4322 2405 4378 Hanc
2434 4324 2643 4379 ruinam
2691 4322 2982 4376 maximam
3007 4322 3225 4392 perﬁda:
3252 4322 3490 4376 civitatis

1916 4414 2029 4483 ipse
2074 4412 2331 4468 Dominus
2362 4414 2415 4467 in
2466 4412 2756 4480 Evangelio
2796 4411 2989 4482 legitur
3038 4410 3365 4481 deplorasse,
3399 4410 3491 4465 ubi

1918 4504 2173 4573 scriptum
2210 4511 2337 4557 est:
2373 4520 2391 4553 ‹
2423 4501 2556 4557 Cum
2603 4502 3056 4572 appropinquaret
3102 4500 3258 4555 Jesus
3300 4499 3490 4553 Hieru-

1839 4577 1891 4636 Ι)
1918 4595 2311 4660 salem,videns
2364 4594 2633 4649 civitatem
2662 4592 2807 4648 ﬂevu
2856 4607 3017 4655 super
3062 4590 3205 4645 illam
3254 4590 3485 4645 dicens:

1917 4686 2050 4753 Quia
2074 4688 2119 4741 si
2149 4688 2489 4757 cognovisses
2516 4692 2569 4739 et
2594 4694 2649 4738 tu
2670 4724 2684 4750 ,
2712 4693 2766 4739 et
2796 4684 3013 4755 quidem
3045 4683 3097 4737 in
3125 4683 3227 4736 hac
3254 4682 3339 4737 die
3374 4690 3488 4746 tua,

1916 4795 2035 4848 qua:
2064 4779 2129 4833 ad
2165 4792 2352 4847 pacem
2374 4777 2493 4842 tibi,
2531 4791 2674 4831 nunc
2703 4786 2881 4830 autem
2928 4774 3242 4829 abscondita
3266 4782 3391 4826 sunt
3418 4773 3490 4827 ab

1916 4871 2085 4925 oculis
2117 4871 2241 4933 tuis,
2270 4870 2395 4939 quia
2430 4869 2647 4924 venient
2674 4869 2786 4922 dies
2812 4868 2863 4920 in
2894 4875 2963 4932 te,
2999 4872 3053 4920 et
3080 4865 3494 4920 circumdabunt

1916 4972 1969 5019 te
2003 4962 2201 5015 inimici
2231 4947 2304 5015 tui
2336 4962 2505 5025 vallo,
2534 4968 2587 5014 et
2618 4958 3043 5027 coangustabunt
3096 4967 3148 5012 te
3176 4957 3412 5027 undique
3439 4966 3493 5011 et

1918 5056 1984 5109 ad
2026 5063 2223 5108 terram
2251 5059 2594 5107 consternent
2624 5060 2696 5116 te,
2735 5059 2791 5105 et
2829 5050 2966 5121 filios
3008 5058 3146 5115 tuos,
3189 5050 3279 5118 qui
3332 5048 3385 5103 in
3440 5056 3494 5105 te

1919 5156 2064 5211 sunt,
2099 5154 2153 5199 et
2207 5159 2311 5197 non
2362 5143 2670 5212 relinquent
2699 5142 2751 5196 in
2802 5150 2852 5195 te
2896 5140 3128 5209 lapidem
3165 5154 3325 5210 super
3358 5138 3493 5209 lapi-

1920 5237 2040 5291 dem
2067 5276 2079 5299 ,
2124 5250 2187 5289 eo
2222 5234 2362 5302 quod
2407 5248 2511 5287 non
2548 5231 2859 5302 cognoveris
2910 5238 3121 5300 tempus
3172 5229 3495 5285 visitationis

1919 5338 2024 5384 tute
2078 5328 2227 5399 (Luc.
2260 5328 2393 5397 tux).
2440 5348 2457 5380 ι
2498 5312 2701 5397 [Creg.]
2746 5324 2857 5381 Hoc
2880 5324 3044 5379 Semel
3072 5323 3181 5392 egit
3209 5338 3331 5377 cum
3357 5323 3497 5393 peri-

1920 5428 2097 5475 turam
2136 5419 2407 5475 civitatem
2446 5431 2566 5470 esse
2610 5415 2878 5469 nuntiavit
2902 5454 2915 5478 ,
2952 5414 3055 5468 hoc
3102 5412 3343 5482 quotidie
3391 5413 3496 5467 Re-

1924 5514 2168 5583 demptor
2216 5520 2397 5565 noster
2424 5524 2521 5579 per
2562 5508 2761 5562 electos
2807 5520 2933 5561 suos
2982 5520 3143 5575 agere
3191 5503 3497 5558 nullatenus

1924 5615 2118 5671 cessat,
2146 5620 2265 5660 cum
2297 5605 2556 5674 quosdam
2585 5617 2649 5656 ex
2674 5601 2813 5655 bona
2843 5600 2951 5653 vita
2997 5599 3064 5651 ad
3104 5594 3283 5652 mores
3313 5612 3496 5666 repro-

1923 5704 2021 5758 bos
2061 5698 2370 5771 pervenisse
2422 5696 2738 5751 considerat.
2770 5691 2978 5762 Plangit
3026 5690 3170 5771 enim
3224 5684 3497 5757 eos,'qui

1924 5758 2171 5854 nesciunt
2198 5807 2294 5850 cur
2318 5793 2655 5866 plangantur,
2692 5785 2951 5861 quijuxta
2982 5758 3285 5843 Sdlomonis
3308 5783 3500 5853 verba,
