3952 6326
453 327 585 380 120⁵1

1088 328 1147 383 Β.
1187 330 1438 385 RABANI
1476 329 1694 386 MAURl
1733 331 2054 388 ARCIIIEP.
2099 331 2407 389 MOGUNT.
2446 330 2732 387 OPERUM
2776 329 2954 386 PARS
2992 331 3077 386 Ill.

3592 333 3729 390 19.08

455 455 474 488 ι
513 436 766 492 laetantur
788 452 911 494 cum
948 439 1091 494 male
1111 440 1357 506 fecerint,
1388 447 1442 495 et
1469 442 1746 498 exsultant
1787 445 1842 497 in
1874 446 2035 500 rebus
2062 447 2113 507 Α
2140 445 2312 510 diam;
2348 459 2506 498 mane
2532 453 2879 515 consurgent,
2909 452 2962 499 et
2989 461 3096 499 non
3119 446 3397 502 invenient
3422 459 3511 499 me
3540 444 3726 518 (Prov.

448 527 698 598 pessimis
745 525 931 599 (Prov.
957 528 1059 601 n):
1101 549 1119 580 ι
1154 530 1280 599 quia
1328 531 1374 586 si
1416 531 1821 590 damnationem
1854 550 2027 599 suam,

448 632 569 687 qua:
613 617 695 674 eis
720 617 985 684 imminet,
1037 619 1401 690 agnovissent,
1435 625 1754 695 semetipsos
1784 642 1905 682 cum
1959 627 2037 680 la-

449 709 652 780 crymis
683 708 1019 780 plangerent.
1050 709 1264 781 Maligni
1303 714 1501 785 quippe
1541 716 1762 786 spiritus
1796 718 2037 787 undique

448 801 688 855 animam
709 808 1024 872 angustant,
1045 802 1262 872 quando
1295 803 1346 859 ei
1372 820 1478 860 non
1503 807 1672 862 solum
1703 809 1906 879 operis,
1938 825 2035 864 ve-

449 908 569 947 rum
595 891 759 948 etiam
802 893 1086 950 locutionis
1113 902 1277 967 atque
1319 896 1539 966 insuper
1561 899 1906 968 cogitationis
1934 900 2037 957 ini-

342 1050 346 1054 ε
447 987 683 1057 quitates
719 986 981 1057 replicant
1019 1006 1033 1043 :
1063 995 1123 1044 ut
1147 1005 1268 1060 qua;
1309 991 1460 1061 prius
1488 1005 1548 1046 se
1575 1007 1672 1061 per
1712 993 1880 1047 multa
1906 993 2038 1050 dila-

451 1082 586 1136 tavit
609 1082 661 1136 in
689 1080 914 1146 scelere,
945 1082 1013 1138 ad
1041 1091 1343 1144 extremum
1373 1083 1440 1138 de
1481 1085 1733 1140 omnibus
1775 1094 2032 1157 anguste-

449 1181 538 1228 tur
564 1174 619 1229 in
662 1173 1038 1230 retributione.
1090 1173 1241 1229 Tunc
1292 1175 1475 1230 anima
1517 1191 1616 1246 per
1653 1179 2033 1248 cogitationem

450 1276 636 1323 reatus
685 1267 772 1322 sui
827 1267 896 1323 ad
970 1275 1174 1323 terram
1248 1268 1629 1333 consternitur,
1698 1284 1819 1323 cum
1881 1283 2031 1336 caro,

449 1374 611 1426 quain
656 1359 826 1414 vitam
875 1356 1125 1424 credidit,
1148 1357 1325 1413 redire
1371 1357 1438 1412 ad
1483 1357 1758 1429 pulverem
1787 1367 2031 1430 urgetur.

447 1449 600 1506 Tunc
647 1449 702 1504 in
728 1457 961 1505 mortem
989 1448 1086 1504 ﬁlii
1112 1449 1227 1532 ejus
1259 1449 1477 1516 cadunt,
1509 1466 1633 1506 cum
1680 1450 2036 1521 cogitationes

449 1540 666 1608 illicitas,
693 1556 814 1610 quae
835 1541 996 1595 modo
1024 1555 1092 1595 ex
1118 1539 1207 1594 illa
1234 1540 1524 1611 prodeunt,
1556 1541 1611 1596 in
1632 1549 1876 1596 extrema
1907 1542 2034 1597 vitm

448 1633 651 1687 ultione
697 1633 1045 1702 dissipantur,
1077 1631 1220 1686 sicut
1260 1633 1520 1702 scriptum
1561 1639 1645 1686 est
1675 1646 1689 1684 :
1741 1631 1798 1686 In
1830 1630 1921 1686 illa
1948 1631 2036 1687 die

445 1723 698 1790 peribunt
738 1736 927 1776 omnes
957 1720 1314 1790 cogitationes
1364 1734 1572 1776 eorum.
1627 1721 1734 1777 Sed
1765 1730 1892 1777 tunc
1923 1720 2034 1775 fru-

2136 535 2210 609 i).
2242 555 2262 588 ι
2313 534 2540 604 Semper
2585 550 2713 605 ergo
2770 544 3073 590 extremum
3124 536 3265 591 diem
3313 537 3575 592 debemus
3617 551 3732 592 me-

2135 634 2326 690 tuere,
2377 641 2537 695 quem
2600 641 2875 695 nunquam
2906 637 3226 698 'possumus
3279 629 3496 698 quando
3545 630 3733 685 veniat

2136 716 2448 786 praevidere.
2483 715 2625 772 Ecce
2675 731 2818 772 nunc
2845 718 3021 789 ipsum
3051 718 3196 772 diem
3232 718 3288 772 in
3324 735 3432 789 quo
3453 720 3732 790 loquimur

2137 806 2206 860 ad
2265 806 2510 862 inducias
2580 808 2956 863 conversionis
3029 809 3366 879 accipimus,
3427 819 3484 866 et
3546 821 3730 867 tamen

2135 895 2279 950 mala
2327 911 2446 967 quae
2507 895 2733 953 fecimus
2788 897 2920 954 ﬁere
2975 915 3312 955 recusamus.
3381 898 3501 956 Non
3553 900 3731 956 solum

2135 989 2428 1044 commissa
2488 1005 2597 1045 non
2658 990 3006 1062 plangimus,
3063 993 3160 1048 sed
3225 993 3391 1048 etiam
3443 1007 3564 1063 quae
3638 991 3733 1048 de-

2135 1079 2365 1136 ﬂeantur
2395 1097 2674 1154 augemus,
2721 1092 2817 1137 aut
2843 1083 2888 1138 si
2920 1083 3097 1153 aliqua
3142 1098 3240 1139 nos
3265 1085 3550 1156 aegritudo,
3577 1083 3623 1139 si
3653 1085 3728 1139 si-

2137 1187 2242 1242 gna
2289 1173 2628 1244 aegritudinis
2679 1174 2917 1229 vicinam
2965 1183 3202 1230 mortem
3240 1176 3593 1241 denuntient,
3649 1176 3732 1230 in-

2138 1264 2328 1320 ducias
2370 1264 2581 1320 vivendi
2624 1266 2954 1336 quierimus,
3000 1273 3061 1321 ut
3105 1277 3325 1337 peccata
3386 1275 3572 1324 nostra
3639 1268 3732 1324 de-

2136 1351 2385 1420 ﬂeamus,
2409 1363 2464 1409 et
2491 1369 2585 1410 eas
2617 1371 2740 1411 cum
2777 1371 2973 1427 magno
3001 1365 3138 1412 aestu
3181 1357 3433 1414 desiderii
3467 1358 3731 1429 petimus,

2138 1463 2275 1518 quas
2323 1457 2574 1519 acceptas
2617 1448 2779 1504 modo
2826 1465 2924 1520 pro
2959 1449 3128 1506 nihilo
3165 1451 3445 1507 habemus.
3493 1451 3732 1506 Proinde

2139 1538 2617 1608 incomparabilem
2637 1540 2853 1596 ruinam
2885 1541 3300 1615 Synagogte,vel
3330 1545 3508 1614 potius
3535 1545 3731 1598 anima:

2139 1632 2477 1699 Christianae,
2510 1637 2770 1706 pr0pheta
2827 1638 3185 1707 conspiciens,
3233 1640 3300 1694 ad
3328 1640 3498 1710 ipsam
3529 1637 3728 1694 Hieru-

2140 1724 2309 1779 salem
2339 1741 2646 1781 sermonem
2673 1729 2944 1782 convertit
2975 1729 3160 1785 dicens
3184 1771 3196 1784 .

446 1824 560 1869 stra
610 1816 733 1885 quis
757 1815 954 1885 quierit
977 1815 1362 1872 consolationis
1385 1816 1664 1882 auxilium,
1696 1832 1820 1871 cum
1849 1816 1905 1871 in
1929 1813 2036 1872 ﬁne
2064 1823 2113 1882 B
2214 1815 2374 1870 Mem.
2412 1835 2431 1866 ‹
2464 1815 2560 1871 Cui
2601 1819 2927 1888 comparabo
2968 1827 3041 1885 te,
3070 1820 3154 1874 vel
3183 1821 3267 1876 cui
3304 1820 3620 1876 assimilabo
3646 1829 3722 1885 te,

445 1913 747 1964 extremum
771 1917 925 1980 urget
943 1906 1226 1977 iudicium.
1251 1907 1420 1963 Recte
1449 1907 1818 1977 subjungitur:

518 2001 736 2055 Lamed.
775 2018 794 2053 ‹
830 1999 1093 2057 Matribus
1123 2001 1236 2056 suis
1266 2001 1536 2065 dixerunt,
1568 2000 1665 2056 Ubi
1688 2009 1771 2056 est
1792 2000 2034 2056 triticum

454 2111 471 2144 ι
508 2101 564 2148 et
593 2092 814 2147 vinum?
837 2107 962 2147 cum
992 2090 1286 2148 deﬁcerent
1310 2091 1467 2161 quasi
1501 2090 1769 2145 vulnerati
1821 2091 1876 2146 in
1919 2090 2035 2161 pla-

453 2204 470 2235 ι
516 2184 614 2239 teis
634 2184 869 2239 civitatis
905 2202 917 2238 :
960 2199 1082 2238 cum
1111 2183 1429 2238 exhalarent
1453 2183 1662 2239 animas
1686 2199 1813 2239 suas
1834 2183 1889 2238 in
1913 2182 2036 2238 sinu

453 2292 470 2323 ι
508 2282 745 2327 matrum
773 2289 1013 2328 suarum.
1049 2293 1066 2326 ι
1100 2272 1325 2328 Frustra
1372 2282 1501 2329 tunc
1541 2274 1817 2331 auditores
1865 2272 2036 2343 negli-

452 2379 639 2437 gentes
675 2376 921 2438 quzerunt
957 2383 987 2431 a
1019 2368 1333 2423 doctoribus
1369 2368 1482 2423 suis
1515 2369 1755 2424 triticum
1793 2367 1946 2423 verbi
1983 2375 2037 2422 et

451 2461 634 2514 vinum
668 2461 851 2533 gratiae
903 2461 1183 2531 spiritalis,
1212 2477 1335 2517 cum
1363 2463 1416 2516 in
1461 2463 1689 2518 terrenis
1715 2462 1946 2535 negotiis
1982 2469 2038 2516 et

449 2551 811 2622 voluptatibus
835 2551 1016 2606 saeculi
1048 2552 1114 2606 ad
1137 2551 1404 2607 defectum
1427 2553 1774 2622 pervenerint
1802 2568 2037 2622 praesen-

451 2643 518 2696 tis
559 2643 705 2708 vitae,
738 2651 792 2696 et
821 2644 919 2698 sub
943 2643 1060 2712 ipso
1089 2642 1472 2713 magistrorum
1496 2643 1793 2698 nutrimine
1827 2653 2037 2714 tempus

449 2732 712 2786 indultum
761 2733 1098 2802 perdiderint
1147 2733 1202 2787 in
1240 2750 1407 2804 prava
1452 2744 1887 2791 conversatione.
1918 2734 2038 2790 Non

447 2822 592 2876 enim
627 2832 754 2877 tunc
775 2829 985 2892 tempus
1012 2831 1097 2878 est
1132 2824 1380 2886 remedii,
1412 2824 1506 2880 sed
1547 2825 1787 2891 ultionis,
1820 2826 2037 2896 quando

448 2911 724 2966 districtus
763 2911 928 2983 judex
973 2914 1186 2980 veniet,
1217 2915 1560 2988 singulorum
1589 2925 1745 2972 actus
1787 2925 1842 2972 et
1871 2918 2037 2972 vitam

449 3001 740 3067 discutere,
795 3017 892 3072 per
936 3003 1321 3060 discretionem
1368 3003 1500 3074 justi
1561 3005 1846 3062 examinis.
1903 3007 2041 3063 Hinc

449 3103 532 3146 cst
556 3093 700 3162 quod
733 3094 786 3148 in
815 3095 1106 3167 Evangelio
1137 3096 1460 3152 adveniente
1486 3113 1717 3167 sponso,
1743 3097 1903 3155 fatua:
1930 3100 2040 3154 vir-

2145 1925 2164 1956 ‹
2203 1906 2310 1960 ﬁlia
2339 1907 2720 1963 Hierusalem?
2751 1909 2849 1964 Cui
2884 1909 3179 1980 adaequabo
3210 1920 3283 1977 te,
3324 1920 3377 1967 et
3405 1911 3729 1966 consolabor

2144 2017 2160 2048 ι
2196 2005 2249 2052 te
2277 1997 2449 2069 virgo,
2495 1997 2604 2052 ﬁlia
2638 1998 2806 2055 Sion?
2835 1999 3024 2072 Magna
3069 2003 3211 2057 enim
3250 2002 3396 2057 velut
3425 2019 3576 2058 mare
3597 2018 3730 2059 con-

2142 2108 2161 2142 ‹
2197 2090 2346 2144 tritio
2376 2098 2493 2156 tua,
2525 2092 2648 2161 quis
2693 2092 2999 2148 medebitur
3027 2095 3142 2149 tui?
3183 2115 3201 2147 ι
3237 2095 3424 2164 Magna
3452 2096 3597 2151 enim
3644 2095 3729 2152 di-

2137 2177 2344 2249 gnitate
2401 2192 2672 2249 synagoga
2726 2179 3040 2236 Iudaeorum
3098 2185 3430 2253 temporibus
3485 2185 3622 2254 legis
3676 2192 3732 2241 et

2135 2270 2543 2339 preplietarum,
2591 2271 2693 2325 sub
2741 2271 2959 2341 regibus
3007 2281 3063 2328 et
3106 2275 3491 2341 sacerdotibus,
3544 2274 3732 2334 multis

2137 2365 2386 2435 gentibus
2412 2371 2466 2419 et
2493 2363 2805 2419 nationibus
2835 2363 3152 2429 excellebat,
3188 2367 3276 2422 cui
3304 2366 3382 2422 lex
3415 2367 3594 2422 divina
3643 2382 3728 2422 re-

2139 2455 2230 2526 gni
2263 2455 2488 2510 ducatus
2515 2462 2571 2509 et
2595 2455 2772 2510 cultus
2796 2457 3014 2524 pietatis
3039 2465 3176 2523 erat,
3201 2458 3397 2529 cuique
3423 2472 3522 2529 per
3567 2473 3731 2514 evan-

2139 2543 2367 2615 gelicam
2412 2545 2775 2600 ostensioncm
2827 2553 2884 2600 et
2918 2545 3291 2616 propheticam
3332 2548 3598 2603 visionem
3642 2563 3730 2604 se-

2139 2642 2289 2690 creta
2335 2650 2431 2690 sua
2476 2635 2591 2705 ipse
2632 2635 2892 2691 Dominus
2924 2635 3204 2702 revelavit,
3243 2647 3299 2692 et
3344 2653 3466 2707 qua:
3507 2638 3729 2696 vitanda

2142 2739 2330 2795 quaeve
2355 2724 2560 2794 agenda
2607 2733 2767 2780 erant
2810 2741 2909 2780 suo
2944 2726 3168 2783 oraculo
3202 2727 3613 2783 demonstravit.
3662 2729 3732 2784 At

2140 2827 2428 2888 pestqnam
2481 2820 2722 2875 deseruit
2762 2821 2930 2877 Deum
2971 2829 3028 2878 et
3054 2837 3196 2878 vano
3219 2838 3407 2879 errore
3451 2823 3637 2880 delusa
3665 2824 3732 2880 ad

2141 2907 2502 2963 idololatriam
2527 2910 2840 2977 declinavit,
2855 2911 3031 2967 valida
3053 2912 3334 2970 collisione
3353 2915 3591 2970 contrita
3614 2923 3729 2983 est,

2142 3005 2198 3052 et
2225 2996 2477 3053 ﬂuctibus
2521 3000 2963 3069 persecutionum
2993 3003 3147 3072 quasi
3179 3004 3348 3060 maris
3386 3006 3730 3077 tempestati-

2141 3088 2243 3144 bus
2278 3098 2639 3159 conquassata
2679 3100 2843 3162 atque
2882 3093 3163 3150 submersa
3215 3106 3320 3150 est.
3375 3096 3639 3153 Similiter
3679 3106 3734 3154 et

450 3185 603 3255 gines
644 3185 939 3254 prudentes
990 3187 1401 3256 postulaverunt
1438 3197 1498 3242 ut
1528 3189 1594 3244 de
1624 3189 1744 3245 oleo
1788 3205 1886 3244 suo
1939 3190 2039 3245 ali-

2147 3179 2337 3234 animze
2364 3181 2708 3249 Christianae,
2737 3182 2890 3253 cujus
2917 3199 2946 3239 a
2987 3193 3131 3240 statu
3161 3196 3325 3246 rectae
3354 3186 3503 3254 ﬁdei,
3533 3198 3588 3244 et
3625 3189 3734 3245 cel-

467 3286 712 3349 }uantuin
740 3278 817 3333 eis
845 3278 1120 3349 :tribuant,
1162 3281 1288 3350 quia
1317 3279 1593 3350 lampades
1620 3297 1811 3338 earum
1841 3283 2041 3339 exstin-

452 3379 690 3441 guuntur
739 3369 952 3441 (Matth.
1008 3371 1156 3444 xxv).
1214 3373 1367 3439 Quod
1417 3381 1599 3429 tamen
1651 3375 1898 3445 accipere
1932 3389 2040 3430 non

455 3473 735 3518 merentur
791 3483 805 3516 :
855 3463 982 3535 quia
1033 3465 1278 3535 quisquis
1329 3481 1472 3520 nunc
1524 3465 1591 3520 ad
1644 3466 2042 3524 correctionem

455 3562 617 3624 atque
649 3554 1078 3609 meliorationem
1119 3571 1276 3610 suam
1314 3555 1495 3626 perdit
1542 3556 1645 3611 sibi
1674 3565 1888 3626 tempus
1912 3571 2042 3612 con-

453 3659 686 3709 cessum,
703 3659 1045 3714 nequaquam
1070 3653 1198 3699 tunc
1228 3644 1388 3700 alieni
1417 3645 1596 3715 operis
1620 3645 1858 3716 postulat
1885 3645 2041 3700 auxi-

456 3733 610 3789 lium.
642 3733 795 3794 Tunc
841 3735 990 3807 regni
1036 3736 1203 3806 janua
1249 3736 1555 3807 lugentibus
1588 3736 1889 3802 clauditur,
1923 3751 2044 3806 quae

456 3827 615 3882 modo
644 3827 886 3897 quotidie
910 3828 1300 3899 paenitentibus
1347 3829 1608 3900 aperitur.
1642 3829 1760 3884 Erit
1806 3843 2044 3898 namque

458 3925 587 3972 tunc
613 3917 1062 3987 pmnitentia,sed
1082 3917 1356 3974 fructuosa
1380 3918 1494 3989 jam
1515 3936 1624 3975 non
1654 3919 1776 3986 erit,
1793 3919 1918 3989 quia
1942 3934 2041 3974 ne-

457 4022 730 4076 quaquam
775 4017 902 4062 tunc
937 4008 1150 4063 veniam
1191 4007 1458 4075 inveniet,
1501 4009 1629 4078 quia
1663 4018 1848 4080 aptum
1871 4009 2044 4065 veniae

457 4107 668 4168 tempus
705 4098 960 4169 perdidit.
1005 4099 1142 4153 Hinc
1179 4100 1382 4154 etenim
1421 4099 1622 4155 Paulus
1648 4100 1819 4156 dicit:
1853 4117 1872 4150 ‹
1905 4100 2046 4155 Ecce

455 4207 604 4247 nunc
636 4200 845 4262 tempus
875 4192 1228 4262 acceptabile,
1255 4208 1382 4248 ecce
1416 4209 1566 4268 nunc
1585 4194 1701 4249 dies
1739 4193 1931 4250 salutis
1958 4191 2045 4265 (II

459 4281 583 4337 Cor.
609 4284 706 4355 vi).
751 4304 769 4337 ι
804 4284 942 4340 Hinc
974 4285 1233 4356 propheta
1261 4285 1338 4340 ait
1372 4305 1384 4340 :
1424 4303 1442 4336 ‹
1482 4286 1717 4354 Quaerite
1755 4285 2044 4342 Dominum

460 4373 589 4426 dum
637 4375 868 4428 inveniri
896 4377 1094 4443 potest,
1129 4376 1375 4432 invocate
1422 4393 1545 4432 eum
1575 4379 1702 4432 dum
1750 4392 1920 4450 prope
1961 4387 2047 4434 est

461 4463 598 4535 (Isa.
633 4463 743 4534 LV).
784 4485 802 4517 ›
841 4464 993 4520 Unde
1025 4473 1078 4520 et
1107 4468 1326 4521 easdem
1377 4467 1554 4522 fatuas
1605 4469 1845 4539 virgines
1896 4469 2047 4524 invo-

2147 3270 2380 3326 situdine
2422 3272 2703 3340 virtutum,
2757 3273 3020 3330 immensa
3074 3275 3336 3332 virtutum
3378 3280 3539 3333 ruina
3594 3279 3730 3347 fuit,

2145 3365 2345 3420 nullius
2361 3375 2445 3421 est
2472 3365 2690 3422 miseria
2708 3365 3058 3438 coarqu'anda,
3078 3384 3197 3440 qua:
3217 3385 3284 3425 ex
3298 3373 3578 3426 consortio
3601 3371 3737 3428 divi-

2146 3475 2236 3525 no,
2254 3467 2308 3514 et
2334 3459 2590 3516 societate
2619 3461 2931 3532 angelorum
2960 3469 3275 3517 sanctorum
3300 3462 3354 3517 in
3370 3462 3734 3533 malignorum

2146 3549 2435 3619 spirituum
2475 3551 2679 3606 decidit
2719 3538 3041 3618 dominium,
3091 3552 3184 3621 qui
3212 3565 3333 3606 eam
3378 3553 3547 3608 variis
3588 3553 3735 3610 vitiis

2147 3649 2310 3708 atque
2362 3639 2662 3695 sceleribus
2689 3641 3039 3711 captivatam,
3073 3641 3182 3696 huc
3229 3641 3469 3712 illucque
3496 3658 3598 3714 per
3639 3658 3739 3700 sa-

2147 3730 2251 3786 culi
2280 3732 2547 3786 undantes
2575 3731 2733 3808 luxus
2783 3747 2849 3788 ac
2892 3747 3052 3788 casus
3099 3734 3381 3801 vertendo,
3425 3735 3483 3789 in
3523 3734 3735 3792 foveam

2146 3822 2467 3891 perditionis
2481 3823 2804 3892 propellunt,
2820 3823 2873 3877 in
2894 3823 3316 3895 barathrumque
3335 3826 3601 3897 gehennae
3623 3841 3738 3896 per-

2146 3912 2439 3983 petualiter
2467 3913 2796 3983 puniendam
2827 3913 3171 3983 praicipitare
3198 3914 3550 3970 contendunt.
3601 3913 3735 3968 Hinc

2150 4019 2277 4074 ergo
2305 4004 2446 4059 unde
2475 4011 2624 4058 tanta
2665 4004 2803 4058 mala
2831 4005 3262 4075 supervenerint,
3299 4005 3564 4076 propheta
3611 4004 3737 4060 sub-

2143 4094 2418 4166 iungendo
2443 4096 2678 4150 ostendit
2705 4096 2918 4150 dicens:

2223 4187 2371 4242 Nun.
2403 4207 2419 4240 ι
2463 4188 2744 4259 Propheta:
2786 4189 2860 4243 tui
2890 4188 3143 4244 viderunt
3175 4189 3266 4244 tibi
3298 4189 3431 4247 falsa
3467 4197 3523 4245 et
3548 4189 3730 4254 stulta,

2156 4298 2176 4332 ‹
2219 4295 2317 4335 nec
2347 4280 2665 4350 aperiebant
2712 4281 3057 4352 iniquitatem
3084 4290 3251 4348 tuam,
3281 4293 3341 4338 ut
3370 4291 3423 4338 te
3473 4284 3540 4339 ad
3566 4283 3736 4355 paani-

2155 4392 2174 4424 ‹
2213 4373 2436 4428 tentiam
2463 4382 2842 4442 provocarent.
2872 4370 3138 4428 Viderunt
3182 4382 3362 4430 autem
3394 4374 3490 4430 tibi
3523 4389 3734 4430 assum-

2157 4483 2176 4516 ι
2210 4465 2423 4534 ptiones
2452 4463 2619 4519 falsas
2647 4471 2702 4518 et
2723 4462 3031 4532 ejectiones.
3065 4483 3083 4517 ι
3131 4463 3283 4520 Sicut
3308 4479 3437 4534 ergo
3467 4465 3735 4534 quondam

460 4566 649 4612 cantes
680 4557 940 4612 Dominus
965 4573 1073 4612 non
1120 4559 1272 4614 audit
1313 4573 1328 4614 :
1367 4560 1492 4630 quia
1536 4560 1862 4616 interclausa
1894 4561 2045 4632 regni
2076 4542 2129 4603 D
2155 4555 2635 4626 pseudoprophetae
2661 4555 2814 4610 falsis
2837 4555 3107 4611 vaticiniis
3133 4564 3190 4611 et
3234 4557 3587 4612 mendacibus
3615 4570 3736 4626 pro-

455 4648 644 4716 janua,
678 4649 723 4702 is
751 4663 918 4718 prope
960 4663 1080 4705 esse
1107 4658 1341 4720 poterat,
1373 4666 1540 4722 prope
1558 4651 1673 4722 jam
1700 4666 1809 4706 non
1837 4658 1939 4705 est.
1969 4650 2048 4706 lbi

461 4741 605 4795 enim
641 4741 751 4811 jam
783 4756 814 4794 a
842 4739 1070 4795 Domino
1112 4757 1220 4796 non
1260 4751 1440 4813 potest
1484 4744 1681 4799 mereri
1707 4745 1851 4813 quod
1889 4743 2045 4812 petit,

461 4832 553 4901 qui
581 4833 669 4886 hic
698 4831 868 4887 noluit
894 4833 1083 4887 audire
1123 4833 1265 4902 quod
1305 4832 1487 4902 jussit.
1522 4834 1624 4901 Qui
1677 4843 1888 4904 tempus
1918 4850 2048 4890 con-

465 4939 611 4992 grua:
635 4923 966 4992 paenitentiae
994 4924 1248 4993 perdidit,
1267 4923 1472 4980 frustra
1501 4933 1627 4981 ante
1654 4926 1804 4999 regni
1827 4925 2049 4994 ianuam

464 5030 588 5068 cum
619 5016 874 5084 precibus
919 5016 1088 5071 venit.
1137 5015 1274 5072 Hinc
1313 5017 1512 5072 etenim
1554 5032 1653 5086 per
1705 5007 2050 5073 Salomonem

466 5105 726 5159 Dominus
755 5105 928 5161 dicit:
965 5124 983 5157 ‹
1020 5106 1219 5161 Vocavi
1257 5115 1312 5161 et
1355 5093 1633 5174 renuistis,
1662 5107 1880 5163 extendi
1929 5123 2052 5162 ma-

465 5212 596 5250 num
631 5212 810 5250 meam
857 5206 913 5252 et
956 5212 1064 5252 non
1092 5197 1197 5253 fuit
1234 5199 1326 5268 qui
1370 5200 1656 5269 aspiceret.
1716 5201 2052 5271 Despexistis

466 5303 623 5344 omne
655 5289 938 5345 consilium
986 5304 1187 5354 meum,
1235 5299 1290 5344 et
1328 5289 1728 5362 increpationes
1771 5306 1922 5348 meas
1958 5309 2050 5348 ne-

466 5382 743 5452 glexistis,
784 5398 883 5451 ego
917 5397 1132 5451 quoque
1181 5383 1232 5436 in
1266 5382 1485 5437 interitu
1531 5393 1711 5439 vestro
1753 5385 1962 5451 ridebo,
1995 5395 2050 5442 et

467 5475 810 5529 subsannaho
833 5490 956 5528 cum
976 5475 1128 5530 vobis
1152 5475 1293 5544 quod
1319 5475 1588 5532 timebatis
1609 5477 1908 5542 advenerit,
1924 5493 2050 5533 cum

467 5565 687 5618 irruerit
711 5564 984 5635 repentina
1009 5565 1304 5630 calamitas,
1321 5568 1535 5636 quando
1554 5569 1764 5623 venerit
1785 5585 1946 5638 super
1958 5586 2054 5627 vos

470 5655 743 5710 tribulatio
785 5665 837 5709 et
871 5658 1113 5728 angustia
1142 5698 1154 5720 ,
1207 5658 1485 5713 calamitas
1528 5668 1581 5714 et
1617 5660 1863 5716 interitus
1898 5663 2052 5731 quasi

472 5754 761 5822 tempestas
779 5749 1037 5820 ingruerit
1059 5767 1069 5804 :
1090 5756 1214 5804 tunc
1233 5748 1556 5804 invocabunt
1574 5766 1678 5819 mc,
1694 5758 1748 5806 et
1773 5766 1875 5806 non
1898 5766 2057 5808 exau-

2158 4645 2339 4700 missis
2387 4651 2600 4714 gentem
2628 4642 2937 4706 Iudaeorum
2977 4645 3328 4710 seducebant,
3387 4645 3462 4698 ita
3503 4653 3559 4700 et
3598 4660 3735 4700 nunc

2159 4735 2400 4789 haeretici
2430 4741 2591 4803 atque
2621 4734 2954 4788 schismatici
2979 4733 3120 4790 ﬁctis
3148 4732 3496 4803 opinionibus
3515 4775 3530 4800 ,
3560 4743 3615 4790 et
3643 4735 3732 4791 do—

2156 4825 2288 4880 losis
2331 4825 2890 4895 argumentationibus
2930 4825 3093 4881 corda
3141 4825 3469 4895 simplicium
3519 4841 3548 4880 a
3599 4826 3729 4882 veri-

2160 4924 2272 4972 tate
2296 4924 2460 4971 rectae
2482 4915 2606 4971 ﬁdei
2632 4923 2688 4970 et
2711 4923 2856 4970 statu
2878 4915 3142 4971 bonorum
3168 4930 3394 4985 operum
3425 4915 3732 4972 subvertere

2161 5015 2411 5063 certant:
2442 5007 2545 5062 hoc
2570 5014 2860 5062 attestante
2906 5006 3070 5062 Petro
3108 5007 3352 5078 apostolo
3395 5008 3489 5076 qui
3531 5009 3586 5063 in
3617 5008 3736 5079 Epi-

2154 5097 2292 5152 stola
2323 5113 2419 5152 sua
2445 5097 2521 5152 ita
2543 5097 2622 5151 ait
2647 5114 2661 5150 :
2696 5115 2714 5148 ‹
2751 5097 2992 5152 Fuerunt
3019 5111 3147 5152 vero
3177 5097 3660 5168 pseudopropheta:
3683 5097 3734 5152 in

2154 5191 2375 5262 populo,
2407 5191 2548 5246 sicut
2575 5199 2628 5246 et
2656 5190 2712 5244 in
2743 5189 2896 5244 vobis
2921 5197 3082 5244 erunt
3121 5190 3368 5261 magistri
3415 5191 3731 5253 mendaces,

2155 5282 2250 5352 qui
2281 5281 2536 5338 inducent
2558 5289 2737 5337 sectas
2757 5280 3099 5349 perditionis,
3125 5289 3180 5336 et
3206 5296 3330 5335 eum
3367 5281 3462 5350 qui
3488 5281 3618 5338 emit
3643 5295 3735 5336 eos

2155 5373 2444 5427 Dominum
2469 5379 2748 5443 negantes,
2793 5371 3212 5440 superducentes
3241 5371 3345 5426 sibi
3369 5371 3600 5427 celerem
3622 5387 3734 5443 per-

2156 5465 2438 5531 ditionem,
2483 5474 2537 5521 et
2584 5463 2738 5517 multi
2786 5471 3079 5531 sequentur
3121 5461 3363 5516 luxurias
3389 5477 3597 5525 eorum,
3642 5475 3735 5531 per

2159 5572 2293 5626 quos
2321 5557 2407 5609 via
2433 5554 2682 5608 veritatis
2713 5553 3189 5624 blasphemabitur,
3245 5564 3299 5607 et
3330 5553 3387 5607 in
3417 5555 3638 5608 avaritia
3676 5551 3734 5627 ﬁ-

2159 5657 2260 5709 ctis
2291 5656 2470 5709 verbis
2496 5655 2561 5708 de
2587 5653 2739 5707 vobis
2779 5651 3214 5722 negotiabuntur,
3244 5649 3442 5720 quibus
3480 5649 3735 5719 judicitnn

2157 5748 2267 5816 jam
2288 5749 2416 5804 olim
2438 5763 2544 5803 non
2567 5755 2765 5811 cessat,
2782 5756 2836 5802 et
2852 5745 3082 5816 perditio
3099 5759 3205 5801 non
3222 5743 3482 5801 dormitat
3495 5744 3543 5804 (1
3551 5743 3576 5797 1
3592 5742 3729 5800 Petr.
