3952 6312
199 352 340 409 1209

1079 340 1700 400 ΕΧΡΟΞΙΤΙΟοδυΡΕΒ
1735 338 2096 398 δΕΒΕΜῐΑΜ.
2140 372 2209 384 —-
2245 344 2371 400 LIB.
2416 344 2555 401 XIX.

3324 344 3462 404 1210

200 468 286 539 ιι).
312 485 330 518 ι
351 464 489 520 Hinc
508 470 563 518 et
587 476 683 532 per
708 460 902 515 lsaiam
926 460 1155 516 dicitur:
1188 478 1208 510 ι
1238 456 1331 513 Vze
1357 460 1447 529 qui
1471 459 1649 515 dicitis
1673 473 1780 513 ma-
1807 460 1857 520 Λ
1883 477 2011 516 num
2060 462 2316 528 irritans,
2364 462 2679 532 jamdudum
2720 464 2925 535 justam
2975 478 3210 535 pugnam
3251 478 3465 534 prome-

203 558 312 613 lum
358 557 581 620 bonum,
626 562 681 609 et
700 549 919 609 'bonum
952 552 1183 621 malum,
1231 560 1490 622 ponentes
1531 553 1782 607 tenebras

201 648 398 711 lucem,
448 653 505 700 et
546 644 721 713 lucem
788 644 1071 709 tenebras,
1123 651 1388 714 ponentes
1436 660 1678 699 amarum
1725 642 1779 697 in

201 738 378 802 dulce,
411 745 467 792 et
495 735 649 790 dulce
676 735 734 789 in
767 750 1011 790 amarum
1041 734 1177 807 (Isa.
1209 734 1284 805 v).
1321 754 1339 786 ι
1370 734 1471 801 Qui
1494 736 1637 790 enim
1660 749 1782 806 pec-

200 829 349 884 canti
376 836 433 883 et
457 828 657 898 iniquis
680 828 933 897 Operibus
962 825 1261 883 attendenti
1298 826 1567 896 promittit
1608 826 1783 897 impu-

202 921 390 975 nitatis
445 919 818 985 securitatem,
857 918 1187 989 prophetiae
1241 918 1606 974 maledictioni
1657 919 1783 974 sub-

194 1000 726 1080 iacebit-Similiter
753 1015 808 1063 et
856 1008 965 1074 ille,
994 1009 1087 1078 qui
1114 1010 1313 1064 bonum
1346 1017 1527 1064 actum
1564 1024 1661 1077 per
1701 1010 1783 1063 in-

198 1099 402 1154 vidiam
437 1098 692 1163 detrahit,
729 1106 784 1151 et
812 1098 1170 1154 benefacienti
1231 1098 1652 1154 contradicendo
1692 1098 1784 1153 ad-

196 1189 553 1245 versabitur:
582 1204 659 1244 vze
688 1190 1098 1260 sempiternum,
1124 1190 1171 1245 si
1206 1204 1316 1245 non
1361 1202 1422 1244 se
1463 1189 1781 1255 correxerit,

198 1288 447 1343 habebit.
481 1288 636 1344 Unde
666 1288 963 1344 cavendum
991 1296 1073 1342 est
1100 1301 1170 1342 ne
1205 1302 1305 1358 pro
1326 1288 1555 1343 veritate
1590 1303 1785 1357 sequa-

198 1397 324 1436 mur
357 1381 716 1447 mendacium,
752 1396 820 1436 ne
845 1395 942 1450 pro
991 1380 1195 1437 lumine
1238 1380 1505 1437 tenebras.
1551 1399 1569 1432 ι
1606 1380 1783 1435 Multae

197 1474 346 1528 enim
370 1481 497 1529 sunt
520 1473 619 1527 via:
645 1486 764 1541 quae
792 1471 1034 1526 videntur
1057 1471 1363 1545 hominibus
1398 1479 1583 1537 rectae,
1611 1478 1666 1525 et
1685 1485 1783 1525 no-

196 1563 425 1619 vissima
483 1576 673 1617 eorum
732 1561 1053 1632 perveniunt
1102 1560 1157 1615 in
1201 1560 1527 1632 profundum
1584 1558 1781 1615 inferni

200 1653 388 1717 (Prov.
420 1653 557 1725 31v).
608 1653 706 1709 Est
735 1668 947 1723 quoque
968 1652 1187 1723 periens
1213 1652 1266 1705 in
1288 1650 1499 1720 justitia
1530 1666 1625 1706 sua
1645 1692 1659 1715 ,
1696 1650 1783 1705 cui

199 1745 443 1800 dicitur:
477 1765 496 1798 ι
528 1744 605 1800 Ne
631 1745 707 1800 sis
728 1743 906 1813 justus
946 1742 1175 1798 multum
1207 1740 1398 1813 (Eccti.
1428 1740 1550 1813 vn).
1586 1759 1603 1791 ι
1637 1739 1784 1806 Quas

1883 553 2112 619 ruisset,
2142 553 2390 607 nisi'eam
2411 554 2708 609 conditoris
2732 554 2817 609 sui
2845 554 3062 609 bonitas
3101 554 3193 609 diu
3227 552 3466 609 tolerans

1881 642 1967 711 pie
1994 653 2049 698 et
2081 643 2354 712 patienter
2389 641 2658 697 suﬂ‘erret.
2699 642 2805 699 Sed
2834 642 3094 714 quoniam
3132 642 3376 699 converti
3408 648 3467 699 et

1882 747 2098 787 cessare
2154 732 2327 787 noluit
2380 747 2413 786 a
2460 740 2638 801 coepta
2688 734 2945 802 nequitia,
3002 734 3221 789 tandem
3274 748 3467 789 secun-

1882 826 2007 881 dum
2050 826 2243 883 merita
2288 840 2387 881 sua
2436 825 2760 897 condignam
2807 826 3066 883 ultionem
3108 828 3331 897 recepit.
3373 824 3465 883 Sic

1881 918 2006 973 olim
2031 920 2099 975 ad
2131 918 2351 990 Moysen
2378 918 2637 976 famulum
2683 936 2839 976 suum
2865 923 3079 991 quando
3123 939 3223 994 pro
3264 922 3464 993 populo

1883 1008 1952 1063 ad
1980 1009 2337 1066 idololatriam
2368 1025 2632 1067 converso
2659 1013 2870 1069 .orabat
2888 1052 2905 1079 ,
2958 1012 3213 1068 Dominus
3240 1027 3464 1083 respon-

1883 1100 1981 1167 dit,
2009 1102 2190 1158 dicens
2214 1121 2227 1157 :
2267 1120 2287 1154 ι
2318 1103 2595 1159 Dimittam
2615 1101 2773 1172 juxta
2800 1105 3025 1159 verbum
3050 1111 3225 1171 tuum,
3249 1117 3462 1159 verum-

1884 1201 2065 1249 tamen
2093 1196 2145 1250 in
2179 1194 2266 1251 die
2296 1195 2517 1251 ultionis
2547 1196 2781 1269 visitabo
2823 1204 2878 1250 et
2919 1196 3023 1251 hoc
3050 1203 3332 1267 peccatum
3370 1210 3464 1250 eo-

1884 1302 2023 1342 rum.
2058 1307 2077 1340 ι
2124 1287 2279 1343 Unde
2307 1303 2451 1343 nunc
2488 1288 2617 1343 dicit
2645 1306 2657 1342 :
2695 1308 2714 1340 ‹
2747 1288 2901 1345 Fecit
2928 1287 3190 1343 Dominus
3214 1301 3335 1356 quae
3370 1296 3465 1342 co-

1883 1379 2091 1450 gitavit,
2116 1378 2402 1449 complevit
2424 1392 2725 1434 sermonem
2754 1394 2908 1435 suum
2933 1394 3093 1451 quem
3133 1385 3467 1451 praeceperat

1882 1486 1913 1525 a
1943 1473 2133 1529 diebus
2170 1472 2424 1542 antiquis,
2457 1473 2725 1529 destruxit
2754 1484 2808 1531 et
2835 1490 2943 1531 non
2973 1476 3243 1545 pepercit,
3280 1497 3300 1531 ι
3331 1491 3470 1548 quo-

1881 1564 2029 1618 niam
2076 1564 2260 1636 plagas
2287 1580 2423 1635 quas
2466 1566 2522 1620 in
2570 1567 2849 1638 prophetis
2899 1576 2954 1623 et
2999 1568 3114 1640 lege
3155 1569 3467 1641 frequenter

1883 1656 2265 1713 comminando
2330 1659 2691 1727 praedixerat,
2744 1662 2964 1718 tandem
3017 1663 3083 1718 ad
3131 1663 3472 1719 iracundiam

1884 1759 2210 1819 provocatus
2254 1765 2415 1820 super
2443 1766 2537 1807 eos
2566 1751 2873 1808 inducebat.
2908 1752 3077 1824 Igitur
3122 1754 3168 1808 si
3208 1753 3321 1809 htec
3349 1767 3470 1809 cor-

199 1838 274 1893 ob
320 1852 513 1892 causas
538 1835 703 1891 Israel
748 1832 1016 1905 promittit
1042 1847 1101 1887 se
1141 1831 1227 1885 via
1259 1829 1656 1885 ambulaturum
1696 1844 1785 1884 re-
1812 1818 1860 1877 Β
1889 1818 2101 1909 ῥοηιιεε
2129 1818 2334 1894 inimici
2360 1848 2550 1894 contra
2577 1839 2912 1896 Hierusalem
2934 1818 3209 1897 terrenam
3230 1833 3360 1897 tunc
3389 1838 3467 1898 re.

200 1927 311 1998 gia,
360 1941 461 1982 nec
511 1926 575 1981 ad
599 1925 899 1989 sinistram,
947 1937 1047 1977 nec
1074 1921 1142 1975 ad
1180 1922 1456 1977 dexteram
1486 1919 1784 1975 declinatu-

200 2033 345 2072 rum.
374 2018 441 2071 Et
460 2024 521 2071 ut
557 2015 748 2086 loquar
777 2013 921 2084 quod
949 2012 1144 2079 sentio,
1186 2010 1395 2067 difﬁcile
1424 2012 1527 2066 hoc
1561 2010 1785 2065 maledi-

199 2118 294 2167 cto
319 2110 440 2180 quis
465 2123 653 2164 carere
676 2115 881 2179 potest,
908 2121 1031 2162 cum
1066 2112 1119 2161 et
1143 2104 1299 2159 malis
1322 2102 1632 2173 frequenter
1654 2102 1786 2157 adu—

201 2198 380 2256 lemur
403 2206 624 2270 propter
662 2196 983 2268 potentiam,
1030 2203 1083 2251 et
1114 2195 1283 2250 bonos
1310 2192 1634 2263 despicimus
1655 2205 1787 2262 pro-

200 2300 329 2362 pter
372 2291 627 2361 inopiam.
680 2287 835 2344 Unde
863 2285 1255 2359 signilicantius
1297 2286 1679 2355 interpretatus
1704 2290 1788 2338 est

200 2380 400 2451 Aquila
424 2398 437 2434 :
469 2380 594 2435 «Va:
612 2378 704 2449 qui
730 2379 915 2433 dicunt
938 2378 1100 2442 malo,
1116 2376 1294 2431 Bonus
1314 2391 1393 2442 es,
1409 2383 1465 2430 et
1489 2376 1652 2440 bono,
1677 2374 1787 2428 Μεισ-

202 2472 291 2528 lus
333 2486 408 2538 es,
443 2491 461 2524 ι
490 2479 544 2527 et
568 2472 623 2526 in
664 2471 809 2525 hunc
831 2467 1079 2540 congruit
1107 2477 1326 2522 sensum
1364 2465 1493 2521 illud
1523 2463 1666 2536 quod
1691 2462 1789 2519 Sa-

205 2564 390 2621 lomon
419 2562 475 2619 in
517 2561 826 2617 Proverbiis
860 2560 1136 2631 loquitur:
1171 2577 1189 2610 ι
1221 2558 1322 2624 Qui
1358 2557 1568 2628 judicat
1582 2555 1789 2625 justum

204 2652 463 2721 injustum
490 2690 507 2717 ,
558 2658 613 2704 et
665 2648 926 2718 injustum
968 2648 1216 2718 justum,
1282 2645 1662 2702 abominabilis
1708 2652 1792 2700 est

204 2749 438 2812 uterque
460 2739 600 2810 apud
628 2739 799 2793 Deum
826 2736 1006 2809 (Prov.
1030 2735 1186 2808 xvii).
1221 2754 1241 2789 ι

279 2831 521 2888 Samech.
566 2848 586 2883 ι
620 2829 942 2889 Plauserunt
987 2842 1148 2897 super
1176 2835 1231 2882 te
1273 2828 1557 2891 manibus,
1603 2840 1793 2883 omnes

212 2942 233 2975 ι
273 2930 614 2992 transeuntes
656 2936 754 2993 per
775 2920 959 2986 viam,
1008 2918 1362 2975 sibilaverunt
1411 2926 1467 2974 et
1510 2924 1795 2973 moverunt

212 3032 234 3065 ‹
274 3022 437 3085 caput
476 3028 631 3069 suum
654 3027 815 3082 super
842 3010 1007 3065 ﬁliam
1031 3010 1362 3066 Hierusalem
1386 3030 1397 3063 :
1433 3009 1680 3064 Haeccine
1710 3016 1796 3064 est

212 3124 233 3156 ι
273 3103 423 3168 urbs,
456 3102 715 3167 dicentes,
747 3099 971 3170 perfecti
1001 3099 1231 3166 decoris,
1247 3099 1500 3170 gaudium
1527 3100 1795 3154 universa

214 3214 234 3248 α
278 3195 471 3252 terrae?
501 3193 770 3264 (Hierom)
802 3213 821 3245 ι
857 3190 1125 3247 Gaudium
1154 3192 1405 3261 exprimit
1428 3192 1793 3259 inimicorum,
1821 3161 1868 3224 Ο

208 3300 319 3355 quo
346 3284 509 3339 laetati
534 3290 660 3338 sunt
688 3282 755 3337 de
786 3296 917 3337 casu
940 3280 1331 3347 Israelitarum,
1359 3280 1451 3351 qui
1478 3281 1798 3355 plaudentes

200 3374 483 3440 manibus,
528 3388 622 3429 ore
647 3372 944 3438 sibilantes,
973 3381 1240 3444 caputque
1268 3380 1567 3437 moventes,
1599 3374 1653 3426 in
1682 3352 1798 3428 ma-

209 3476 317 3518 nus
350 3461 692 3517 inimicorum
740 3461 807 3515 de
852 3476 1062 3516 summa
1102 3460 1361 3517 felicitate
1397 3476 1491 3517 eos
1533 3462 1797 3518 decidisse

211 3572 338 3611 cum
368 3554 618 3610 irrisione
668 3553 1018 3609 insultabant.
1073 3554 1248 3611 Motus
1276 3563 1455 3609 autem
1485 3555 1678 3625 capitis
1728 3555 1795 3609 ad

212 3645 664 3702 consuetudinem
705 3646 941 3717 pertinet
970 3646 1132 3702 nimis
1161 3647 1532 3713 irascentium,
1580 3654 1635 3702 et
1661 3645 1797 3701 invi-

216 3737 307 3793 dia
335 3736 699 3791 aestuantium.
731 3735 865 3790 Nam
897 3736 1148 3806 quotiens
1172 3737 1353 3793 furore
1385 3737 1795 3811 succettdimur,

215 3827 914 3893 tttrbuientaqcommotione
959 3821 1150 3898 capitis
1187 3828 1598 3884 comminamur.
1645 3827 1798 3882 Unde

212 3934 299 3982 est
344 3925 475 3980 illud
500 3924 643 3993 quod
670 3921 839 3978 Judaei
885 3920 1172 3979 Dominum
1218 3919 1492 3978 Christum
1538 3920 1591 3977 in
1637 3933 1797 3977 cruce

210 4014 539 4087 pendentem
583 4020 968 4085 praetereuntes
1016 4013 1474 4082 blasphemabant,
1519 4020 1797 4067 moventes

213 4106 394 4174 capita
423 4118 519 4159 sua
549 4111 604 4159 et
630 4103 869 4159 dicentes
898 4118 913 4157 :
951 4120 969 4154 ι
1006 4101 1141 4158 Vahl
1170 4102 1261 4173 qui
1285 4102 1519 4157 destruis
1541 4102 1797 4172 templum

212 4196 334 4261 Dei,
366 4202 421 4249 et
444 4194 499 4249 in
525 4194 701 4249 triduo
726 4194 856 4249 illud
882 4193 1175 4249 resedilicas
1199 4211 1211 4247 :
1246 4192 1393 4247 salva
1421 4193 1793 4263 temetipsum;

213 4287 259 4342 si
290 4285 462 4341 Filius
483 4286 580 4341 Dei
606 4300 688 4353 es,
711 4286 974 4342 descende
1003 4286 1069 4340 de
1105 4300 1265 4341 cruce
1294 4284 1507 4358 (Matth.
1539 4286 1733 4355 xxvii).
1771 4304 1790 4337 ι

215 4381 288 4437 ad
315 4380 564 4436 eumdem
592 4394 809 4435 sensum
852 4379 1075 4449 respicit
1110 4379 1214 4435 hoc
1242 4378 1385 4449 quod
1415 4377 1752 4449 subjungitur
1777 4394 1791 4431 :

288 4472 423 4530 Phe.
468 4492 488 4526 ι
518 4473 854 4544 Aperuerunt
880 4488 1042 4543 super
1066 4480 1118 4528 te
1145 4488 1208 4528 os
1247 4487 1425 4538 suum,
1457 4486 1646 4527 omnes
1690 4469 1794 4524 ini-
1820 4506 1873 4565 Ι)

219 4586 240 4620 ι
278 4566 406 4622 mici
436 4564 513 4619 tui
537 4564 885 4621 sibilaverunt
918 4562 1331 4620 et‘fremuerunt
1352 4562 1620 4626 dentibus,
1646 4560 1795 4616 dixe-

219 4677 241 4709 ι
278 4662 423 4718 runt,
451 4653 856 4710 Devorabimus.
888 4653 969 4708 En
999 4655 1099 4709 ista
1123 4653 1238 4709 dies
1257 4668 1420 4721 quam
1448 4653 1797 4722 exspectaba-

223 4769 242 4803 ι
281 4764 425 4814 mus,
452 4748 776 4813 invenimus,
805 4748 1057 4803 vidimus.
1093 4767 1111 4799 ι
1145 4745 1433 4817 (ΜΑιιιιυε).
1457 4744 1608 4799 lllum
1651 4745 1795 4799 enim

215 4840 364 4893 diem
392 4839 575 4894 hostes
623 4852 835 4907 semper
863 4836 1240 4891 desiderabant
1271 4838 1478 4901 venire,
1503 4836 1629 4906 quia
1668 4836 1795 4891 lice-

219 4934 306 4982 ret
334 4927 413 4981 eis
441 4935 607 4982 totam
636 4925 797 4980 simul
839 4935 1053 4997 gentem
1080 4923 1386 4981 Iudaeorum
1431 4924 1607 4995 gladio
1649 4926 1793 4980 occi-

218 5017 390 5073 sionis
429 5026 484 5072 et
509 5016 827 5071 vastationis
849 5016 1127 5081 devorare;
1158 5015 1252 5070 sed
1286 5014 1411 5085 quia
1449 5014 1554 5068 hoc
1581 5014 1800 5069 minime

216 5106 295 5175 ita
328 5107 547 5162 evenire
586 5105 871 5176 potuisset,
920 5104 1027 5159 nisi
1073 5103 1415 5159 multitudine
1458 5102 1799 5173 impietatum

218 5200 443 5254 suarum
466 5197 724 5251 Dominus
775 5196 878 5250 hoc
899 5193 1048 5263 justo
1066 5195 1270 5268 judicio
1294 5193 1413 5249 ﬁeri
1442 5194 1798 5264 permisisset,

218 5288 475 5345 continuo
499 5286 759 5357 propheta
785 5283 1095 5353 subiungit:

292 5379 413 5433 Ain.
436 5396 455 5429 ι
482 5376 631 5432 Fecit
658 5375 913 5430 Dominus
934 5391 1053 5443 quae
1076 5374 1350 5446 cogitavit,
1380 5374 1666 5444 complevit
1687 5388 1799 5429 ser-

225 5487 246 5519 ι
277 5484 491 5525 monem
523 5483 676 5524 suum
704 5483 864 5537 quem
888 5476 1219 5536 praeceperat
1247 5482 1275 5520 τι
1303 5466 1492 5521 diebus
1536 5465 1794 5535 antiquis.

229 5577 250 5609 ‹
286 5560 565 5616 Destruxit
605 5568 660 5615 et
705 5575 810 5613 non
855 5559 1113 5628 pepercit,
1142 5567 1197 5613 et
1226 5559 1516 5613 laetiticavit
1560 5573 1721 5628 super
1749 5566 1801 5614 te

232 5668 252 5701 ι
292 5649 585 5717 inimicum,
610 5650 856 5706 exaltavil
888 5663 1056 5703 cornu
1075 5649 1310 5703 hostium
1342 5656 1571 5701 tuorum.
1596 5668 1615 5701 ι
1650 5648 1802 5716 (Hie-

232 5759 252 5793 ι
282 5740 431 5812 ron.)
504 5740 710 5812 Scepius
755 5756 884 5815 ergo
927 5740 1212 5813 Synagoga
1259 5738 1567 5796 Iudaeorum
1617 5739 1800 5798 Domi-

1886 1939 2102 1997 cerunt,
2131 1932 2259 2002 quid
2287 1931 2554 2001 spiritales
2597 1932 2852 2002 nequitias
2889 1941 2944 1987 et
2990 1933 3225 1988 ministri
3260 1932 3466 2003 antiqui

1884 2023 2057 2078 hostis
2094 2021 2288 2077 facturi
2329 2028 2456 2078 sunt
2485 2037 2616 2094 erga
2652 2021 2952 2092 spiritalem
2991 2019 3322 2087 Jerusalem,
3365 2025 3473 2079 hoc

1886 2121 1969 2170 est
1995 2113 2228 2168 animam
2253 2112 2637 2177 Christianam,
2664 2114 2877 2181 quando
2907 2126 3046 2178 eam,
3083 2126 3185 2180 pro
3212 2112 3325 2167 suis
3368 2110 3470 2167 ini-

1887 2206 2181 2275 quitatibus
2210 2204 2313 2259 sibi
2351 2221 2381 2259 a
2411 2204 2636 2258 Domino
2680 2204 2956 2270 traditam,
2985 2204 3223 2274 undique
3249 2204 3428 2274 poenis
3451 2243 3468 2270 ,

1888 2297 2125 2367 undique
2171 2297 2443 2352 doloribus
2471 2296 2829 2362 circumdant,
2879 2310 2981 2350 nec
3016 2309 3135 2350 eam
3177 2296 3470 2366 quidquam

1888 2387 2185 2455 tuncjuvat
2211 2389 2355 2458 quod
2375 2388 2427 2441 in
2457 2388 2731 2458 praeterita
2753 2396 2913 2444 aetate
2935 2387 3137 2459 aliquid
3163 2388 3228 2443 de
3254 2396 3469 2444 terrena

1888 2479 2147 2535 felicitate
2172 2480 2453 2534 habuerat!
2487 2479 2642 2536 Unde
2661 2495 2782 2535 eam
2812 2480 3072 2536 Dominus
3097 2479 3199 2537 sub
3220 2488 3347 2553 typo
3366 2493 3461 2551 pe-

1890 2572 2077 2628 riturae
2104 2570 2341 2626 civitatis
2363 2570 2502 2625 sicut
2519 2568 2633 2639 jam
2674 2586 2835 2642 supra
2868 2570 3207 2627 ostendimus
3230 2568 3470 2637 deﬂevit,

1892 2663 2078 2719 dicens
2106 2676 2161 2715 :c
2182 2660 2317 2729 Quia
2345 2661 2388 2716 si
2412 2662 2757 2733 cognovisses
2785 2670 2841 2717 et
2862 2670 2941 2727 tu,
2963 2669 3019 2716 et
3041 2662 3255 2732 quidem
3284 2660 3340 2715 in
3372 2662 3475 2716 hac

1893 2753 1980 2809 die
2010 2760 2122 2817 tua,
2163 2768 2282 2823 quae
2317 2754 2383 2809 ad
2422 2768 2611 2823 pacem
2635 2754 2753 2821 tibi,
2784 2768 2928 2808 nunc
2952 2761 3131 2808 autem
3153 2750 3473 2807 abscondita

1895 2850 2020 2899 sunt
2070 2843 2159 2917 ab,
2187 2843 2357 2899 oculis
2405 2845 2512 2900 tuis
2556 2845 2740 2912 :Quia
2775 2845 2997 2906 venient
3043 2844 3158 2899 dies
3207 2843 3262 2898 in
3300 2850 3377 2908 te,
3418 2848 3476 2898 et

1897 2932 2308 2989 circumdahunt
2323 2942 2377 2989 te
2399 2934 2604 2990 inimici
2619 2936 2697 2989 tui
2713 2935 2873 2999 vallo,
2897 2942 2955 2989 et
2968 2932 3401 3005 coangustahunt
3420 2938 3474 2987 te

1896 3024 2154 3095 undique.
2196 3042 2214 3076 ι
2246 3022 2447 3098 (Greg.)
2480 3025 2643 3081 Suam
2666 3026 2759 3081 hic
2792 3026 2935 3082 diem
2961 3026 3124 3081 habet
3157 3024 3338 3079 anima
3359 3036 3478 3095 per-

1897 3130 2073 3181 versa,
2112 3130 2233 3184 quae
2271 3116 2585 3171 transitorio
2624 3116 2820 3186 gaudet
2864 3114 2921 3169 in
2970 3123 3227 3183 tempore,
3279 3110 3366 3167 cui
3409 3125 3475 3167 ea

1899 3224 2019 3279 quae
2072 3208 2289 3273 adsunt,
2337 3209 2403 3263 ad
2430 3222 2618 3277 pacem
2649 3214 2800 3272 sunt,
2841 3205 2970 3275 quia
3023 3205 3148 3261 dum
3204 3218 3273 3258 ex
3312 3202 3475 3259 rebus

1899 3300 2285 3369 temporalibus
2304 3299 2534 3364 laetatur,
2558 3298 2684 3353 dum
2706 3297 3004 3353 honoribus
3026 3295 3319 3359 extollitur,
3346 3293 3475 3367 dum

1896 3388 1949 3445 in
1992 3390 2176 3445 carnis
2212 3389 2485 3460 voluptate
2530 3388 2839 3455 resolvitur,
2883 3389 3010 3444 dum
3063 3386 3207 3444 nulla
3233 3394 3478 3442 ventura:

1895 3478 2070 3547 pinnae
2101 3477 2388 3533 formidine
2424 3486 2676 3545 terretur,
2707 3493 2895 3548 pacem
2943 3477 3105 3533 habet
3132 3478 3189 3532 in
3222 3476 3309 3532 die
3334 3490 3430 3531 sua
3453 3514 3471 3541 ,

1896 3586 2015 3640 quae
2063 3586 2225 3643 grave
2269 3570 2632 3626 damnationis
2678 3570 2990 3626 scandalum
3034 3570 3088 3625 in
3130 3569 3217 3625 die
3253 3567 3476 3624 habebit

1897 3662 2090 3716 aliena.
2117 3661 2193 3715 lbi
2222 3662 2364 3715 enim
2397 3659 2677 3730 afﬂigenda
2702 3668 2786 3715 est
2811 3660 2900 3715 ubi
2924 3660 3056 3731 justi
3094 3660 3382 3725 ltetantur',
3418 3665 3475 3714 et

1898 3764 2091 3808 cuncta
2120 3768 2240 3823 quae
2280 3752 2438 3807 modo
2467 3751 2551 3806 ad‘
2571 3765 2759 3821 pacem
2784 3758 2932 3815 sunt,
2970 3758 3097 3807 tunc
3128 3750 3180 3805 in
3225 3749 3478 3809 amaritu-

1897 3845 2075 3899 dinem
2124 3845 2255 3898 rixre
2285 3844 2582 3907 vertentur,
2628 3843 2753 3911 quia
2807 3840 2975 3898 rixari
3016 3856 3199 3897 secum
3238 3840 3469 3909 incipit:

1895 3932 2003 3991 Cur
2044 3933 2442 3991 damnationem
2491 3949 2611 4004 quae
2662 3934 2864 4004 patitur
2909 3948 3019 3988 non
3068 3930 3329 4001 expavit,
3380 3944 3477 3984 cur

1897 4042 1928 4081 a
1976 4025 2365 4095 prospiciendis
2420 4024 2577 4078 malis
2628 4021 2975 4093 sequentibus
3032 4020 3216 4076 oculos
3280 4018 3474 4075 mentis

1897 4117 2132 4173 clausit?
2167 4114 2317 4171 Unde
2339 4122 2394 4168 et
2424 4114 2621 4169 dicitur
2653 4132 2665 4167 :
2703 4131 2723 4163 ι
2754 4111 2906 4168 Nunc
2952 4118 3132 4167 autem
3160 4110 3473 4166 abscondita

1897 4216 2023 4265 sunt
2044 4208 2111 4262 ab
2144 4206 2313 4261 oculis
2342 4206 2465 4259 tuis.
2500 4224 2518 4256 ι
2554 4204 2814 4259 Perversa
2861 4203 3057 4272 quippe
3085 4202 3265 4257 anima
3306 4201 3471 4257 rebus

1895 4298 2251 4369 praesentibus
2275 4296 2473 4360 dedita,
2504 4295 2554 4357 in
2587 4294 2815 4349 terrenis
2835 4292 3194 4362 voluptatibus
3213 4291 3469 4357 resoluta,

1898 4385 2179 4443 abscondit
2205 4384 2307 4439 sibi
2335 4383 2475 4438 mala
2504 4382 2803 4453 sequentia,
2824 4382 2954 4452 quia
2980 4380 3165 4437 videre
3193 4379 3373 4435 futura
3394 4394 3473 4436 re-

1899 4478 2052 4548 fugit,
2084 4492 2203 4547 quae
2228 4483 2549 4546 praesentem
2586 4474 2826 4529 laetitiam
2855 4473 3202 4543 perturbant;
3235 4472 3471 4540 dumque

1901 4568 1956 4621 in
1983 4566 2264 4637 przesentis
2294 4565 2417 4619 vitm
2444 4563 2797 4619 oblectatione
2823 4576 2881 4618 se
2908 4561 3130 4627 deserit,
3173 4560 3301 4630 quid
3330 4558 3474 4615 aliud

1903 4673 2065 4729 quam
2094 4656 2288 4711 clausis
2310 4654 2477 4709 oculis
2501 4653 2569 4706 ad
2596 4654 2774 4723 ignem
2797 4652 2981 4708 vadit?
3008 4650 3159 4707 Unde
3186 4652 3323 4706 bene
3343 4649 3475 4705 scri-

1901 4757 2050 4819 ptum
2078 4757 2161 4802 est
2194 4764 2205 4799 :
2247 4763 2265 4797 ι
2301 4746 2358 4799 ιιι
2384 4745 2470 4798 die
2497 4744 2761 4799 bonorum
2790 4759 2857 4798 ne
2885 4744 3168 4809 immemor
3205 4743 3280 4798 sis
3304 4741 3475 4798 malo-

1904 4852 2020 4891 rum
2070 4834 2258 4907 (Ecclz‘.
2308 4831 2407 4903 ιι).
2449 4852 2466 4884 ι
2522 4833 2588 4887 Et
2628 4832 2772 4887 unde
2805 4846 2901 4900 per
2938 4830 3163 4886 Paulum
3211 4831 3411 4885 dicitur
3454 4846 3469 4885 :

1910 4946 1929 4979 ι
1965 4927 2063 4994 Qui
2091 4924 2321 4995 gaudent
2352 4933 2604 4992 tanquam
2636 4937 2743 4976 non
2773 4922 3069 4993 gaudentes
3099 4921 3208 4975 sint
3250 4920 3300 4994 (Ι
3346 4919 3471 4975 Cor.

1906 5016 2097 5087 xxv"),
2132 5034 2149 5066 ι
2190 5017 2316 5083 quia
2363 5022 2417 5070 et
2444 5014 2488 5068 si
2516 5029 2621 5084 qua
2648 5020 2732 5068 est
2774 5012 3053 5083 praesentis
3083 5012 3373 5081 temporis,
3400 5011 3474 5066 ita

1906 5115 1988 5162 est
2016 5105 2223 5175 agenda
2252 5104 2452 5170 laetitia,
2476 5112 2533 5157 ut
2561 5118 2835 5173 nunquam
2867 5099 3169 5157 amaritudo
3196 5099 3474 5171 sequentis

1900 5195 2087 5267 judicii
2116 5194 2331 5249 recedat
2357 5209 2387 5245 a
2430 5194 2711 5257 memoria,
2754 5202 3020 5263 quatenus
3041 5191 3166 5246 dum
3192 5206 3345 5246 mens
3383 5205 3476 5260 pa-

1902 5286 2024 5341 vida
2050 5293 2305 5341 extremm
2335 5283 2552 5337 ultionis
2588 5283 2778 5337 timore
2804 5280 3166 5351 transfigitur,
3212 5289 3476 5350 quantum

1904 5395 2049 5435 nunc
2094 5392 2331 5448 prwsens
2379 5376 2580 5441 laetitia,
2620 5384 2823 5429 tantum
2872 5382 2995 5444 post
3031 5354 3113 5428 ira
3144 5375 3475 5445 subsequens

1902 5474 2251 5537 temperetur.
2290 5465 2425 5519 Hinc
2474 5479 2706 5533 namque
2757 5462 3017 5531 scriptum
3046 5471 3177 5517 est:
3214 5482 3232 5514 ι
3282 5463 3477 5518 beatus

1902 5560 2062 5612 homo
2090 5558 2183 5626 qui
2227 5570 2441 5625 semper
2470 5564 2550 5609 est
2591 5554 2849 5625 pavidus;
2882 5554 2972 5624 qui
3011 5568 3139 5609 vero
3167 5544 3363 5608 mentis
3393 5560 3477 5609 est

1902 5648 2068 5712 durae,
2113 5656 2329 5703 corruet
2358 5646 2411 5699 in
2460 5646 2656 5711 malum
2688 5642 2870 5705 (Prov.
2902 5644 3078 5715 xvm).
3130 5664 3149 5697 ι
3188 5643 3478 5715 Sequentis

1900 5739 2047 5796 enim
2094 5739 2175 5795 ira
2220 5736 2408 5809 judicii
2458 5744 2607 5793 tanto
2653 5744 2781 5791 tunc
2810 5733 3106 5791 districtior
3148 5733 3473 5805 portabitur.
