  <div class='ocr_page' id='page_1' title='image "/cluster/home/n/w/nwhite01/storage/ocr_20150623/111/uva.x000827067/613.png"; bbox 0 0 3952 6318; ppageno 0'>
   <div class='ocr_carea' id='block_1_1' title="bbox 470 338 601 453">
    <p class='ocr_par' dir='ltr' id='par_1_1' title="bbox 470 338 601 453">
     <span class='ocr_line' id='line_1_1' title="bbox 470 338 601 453; baseline 0.008 -36"><span class='ocrx_word' id='word_1_1' title='bbox 471 360 601 419; x_wconf 73' lang='lat' dir='ltr'><strong>mi</strong></span> 
     </span>
    </p>
   </div>
   <div class='ocr_carea' id='block_1_2' title="bbox 1107 334 2057 418">
    <p class='ocr_par' dir='ltr' id='par_1_2' title="bbox 1107 352 2057 418">
     <span class='ocr_line' id='line_1_2' title="bbox 1107 352 2057 418; baseline -0.002 -1"><span class='ocrx_word' id='word_1_2' title='bbox 1107 362 1167 417; x_wconf 84' lang='grc' dir='ltr'><strong>Β.</strong></span> <span class='ocrx_word' id='word_1_3' title='bbox 1210 362 1460 418; x_wconf 78' lang='lat' dir='ltr'><strong>RABANI</strong></span> <span class='ocrx_word' id='word_1_4' title='bbox 1494 361 1713 418; x_wconf 83' lang='lat' dir='ltr'><strong>MAURI</strong></span> <span class='ocrx_word' id='word_1_5' title='bbox 1750 352 2057 416; x_wconf 79' lang='lat' dir='ltr'><strong>ARCHIEP.</strong></span> 
     </span>
    </p>
   </div>
   <div class='ocr_carea' id='block_1_3' title="bbox 2162 334 3075 418">
    <p class='ocr_par' dir='ltr' id='par_1_3' title="bbox 2162 334 3075 416">
     <span class='ocr_line' id='line_1_3' title="bbox 2162 334 3075 416; baseline -0.001 0"><span class='ocrx_word' id='word_1_6' title='bbox 2162 358 2411 416; x_wconf 84' lang='lat' dir='ltr'><strong>OGUNT.</strong></span> <span class='ocrx_word' id='word_1_7' title='bbox 2451 334 2737 416; x_wconf 68' lang='lat' dir='ltr'><strong>erantin</strong></span> <span class='ocrx_word' id='word_1_8' title='bbox 2776 359 2954 416; x_wconf 81' lang='lat' dir='ltr'><strong>PARS</strong></span> <span class='ocrx_word' id='word_1_9' title='bbox 2989 360 3075 416; x_wconf 92' lang='grc' dir='ltr'>ιιι.</span> 
     </span>
    </p>
   </div>
   <div class='ocr_carea' id='block_1_4' title="bbox 3608 366 3743 422">
    <p class='ocr_par' dir='ltr' id='par_1_4' title="bbox 3608 366 3743 422">
     <span class='ocr_line' id='line_1_4' title="bbox 3608 366 3743 422; baseline 0.022 -3"><span class='ocrx_word' id='word_1_10' title='bbox 3608 366 3743 422; x_wconf 61' lang='lat' dir='ltr'><strong>{ili</strong></span> 
     </span>
    </p>
   </div>
   <div class='ocr_carea' id='block_1_5' title="bbox 468 469 3744 547">
    <p class='ocr_par' dir='ltr' id='par_1_5' title="bbox 468 469 3744 547">
     <span class='ocr_line' id='line_1_5' title="bbox 468 469 3744 547; baseline 0 -16"><span class='ocrx_word' id='word_1_11' title='bbox 468 484 668 547; x_wconf 88' lang='lat' dir='ltr'><strong>quanto</strong></span> <span class='ocrx_word' id='word_1_12' title='bbox 694 488 837 530; x_wconf 92' lang='lat' dir='ltr'><strong>nunc</strong></span> <span class='ocrx_word' id='word_1_13' title='bbox 862 484 918 529; x_wconf 89' lang='lat' dir='ltr'><strong>et</strong></span> <span class='ocrx_word' id='word_1_14' title='bbox 946 476 1088 530; x_wconf 88' lang='lat' dir='ltr'><strong>inter</strong></span> <span class='ocrx_word' id='word_1_15' title='bbox 1112 474 1297 543; x_wconf 82' lang='lat' dir='ltr'><strong>culpas</strong></span> <span class='ocrx_word' id='word_1_16' title='bbox 1335 472 1557 527; x_wconf 90' lang='lat' dir='ltr'><strong>minime</strong></span> <span class='ocrx_word' id='word_1_17' title='bbox 1587 473 1824 526; x_wconf 75' lang='lat' dir='ltr'><strong>timetur.</strong></span> <span class='ocrx_word' id='word_1_18' title='bbox 1856 472 2045 539; x_wconf 88' lang='lat' dir='ltr'><strong>Sequi-</strong></span> <span class='ocrx_word' id='word_1_19' title='bbox 2074 474 2126 532; x_wconf 84' lang='grc' dir='ltr'>Α</span> <span class='ocrx_word' id='word_1_20' title='bbox 2150 484 2303 523; x_wconf 63' lang='lat' dir='ltr'><strong>cinna</strong></span> <span class='ocrx_word' id='word_1_21' title='bbox 2340 470 2587 524; x_wconf 74' lang='lat' dir='ltr'><strong>recubuit</strong></span> <span class='ocrx_word' id='word_1_22' title='bbox 2621 469 2802 541; x_wconf 82' lang='lat' dir='ltr'><strong>(Joan.</strong></span> <span class='ocrx_word' id='word_1_23' title='bbox 2847 472 2981 543; x_wconf 83' lang='lat' dir='ltr'><strong>xxi).</strong></span> <span class='ocrx_word' id='word_1_24' title='bbox 3020 471 3153 526; x_wconf 86' lang='lat' dir='ltr'><strong>Nam</strong></span> <span class='ocrx_word' id='word_1_25' title='bbox 3184 488 3306 527; x_wconf 91' lang='lat' dir='ltr'><strong>eum</strong></span> <span class='ocrx_word' id='word_1_26' title='bbox 3358 474 3637 545; x_wconf 84' lang='lat' dir='ltr'><strong>PrOpheta</strong></span> <span class='ocrx_word' id='word_1_27' title='bbox 3669 478 3744 532; x_wconf 89' lang='lat' dir='ltr'><strong>di-</strong></span> 
     </span>
    </p>
   </div>
   <div class='ocr_carea' id='block_1_6' title="bbox 469 562 2049 633">
    <p class='ocr_par' dir='ltr' id='par_1_6' title="bbox 469 562 2049 633">
     <span class='ocr_line' id='line_1_6' title="bbox 469 562 2049 633; baseline -0.006 -8"><span class='ocrx_word' id='word_1_28' title='bbox 469 580 599 625; x_wconf 88' lang='lat' dir='ltr'><strong>tur:</strong></span> <span class='ocrx_word' id='word_1_29' title='bbox 634 584 654 618; x_wconf 75' lang='grc'><strong>(</strong></span> <span class='ocrx_word' id='word_1_30' title='bbox 690 565 825 633; x_wconf 83' lang='lat' dir='ltr'><strong>Quia</strong></span> <span class='ocrx_word' id='word_1_31' title='bbox 858 566 1073 620; x_wconf 92' lang='lat' dir='ltr'><strong>venient</strong></span> <span class='ocrx_word' id='word_1_32' title='bbox 1115 566 1229 619; x_wconf 89' lang='lat' dir='ltr'><strong>dies</strong></span> <span class='ocrx_word' id='word_1_33' title='bbox 1256 565 1310 618; x_wconf 91' lang='lat' dir='ltr'><strong>in</strong></span> <span class='ocrx_word' id='word_1_34' title='bbox 1364 572 1415 619; x_wconf 91' lang='lat' dir='ltr'><strong>te</strong></span> <span class='ocrx_word' id='word_1_35' title='bbox 1454 574 1506 619; x_wconf 88' lang='lat' dir='ltr'><strong>et</strong></span> <span class='ocrx_word' id='word_1_36' title='bbox 1544 562 1953 617; x_wconf 76' lang='lat' dir='ltr'><strong>cireumdabunt</strong></span> <span class='ocrx_word' id='word_1_37' title='bbox 1998 571 2049 617; x_wconf 93' lang='lat' dir='ltr'><strong>te</strong></span> 
     </span>
    </p>
   </div>
   <div class='ocr_carea' id='block_1_7' title="bbox 469 653 2051 725">
    <p class='ocr_par' dir='ltr' id='par_1_7' title="bbox 469 653 2051 725">
     <span class='ocr_line' id='line_1_7' title="bbox 469 653 2051 725; baseline -0.004 -10"><span class='ocrx_word' id='word_1_38' title='bbox 469 658 673 716; x_wconf 87' lang='lat' dir='ltr'><strong>inimici</strong></span> <span class='ocrx_word' id='word_1_39' title='bbox 699 658 773 713; x_wconf 92' lang='lat' dir='ltr'><strong>tui</strong></span> <span class='ocrx_word' id='word_1_40' title='bbox 795 656 960 711; x_wconf 70' lang='lat' dir='ltr'><strong>vallo;</strong></span> <span class='ocrx_word' id='word_1_41' title='bbox 989 674 1007 707; x_wconf 74' lang='grc' dir='ltr'><strong>ι</strong></span> <span class='ocrx_word' id='word_1_42' title='bbox 1034 653 1133 722; x_wconf 85' lang='lat' dir='ltr'><strong>Qui</strong></span> <span class='ocrx_word' id='word_1_43' title='bbox 1168 670 1405 725; x_wconf 88' lang='lat' dir='ltr'><strong>unquam</strong></span> <span class='ocrx_word' id='word_1_44' title='bbox 1432 664 1557 711; x_wconf 91' lang='lat' dir='ltr'><strong>sunt</strong></span> <span class='ocrx_word' id='word_1_45' title='bbox 1580 655 1829 710; x_wconf 72' lang='lat' dir='ltr'><strong>humana:</strong></span> <span class='ocrx_word' id='word_1_46' title='bbox 1857 654 2051 709; x_wconf 86' lang='lat' dir='ltr'><strong>animae</strong></span> 
     </span>
    </p>
   </div>
   <div class='ocr_carea' id='block_1_8' title="bbox 468 744 2051 821">
    <p class='ocr_par' dir='ltr' id='par_1_8' title="bbox 468 744 2051 821">
     <span class='ocr_line' id='line_1_8' title="bbox 468 744 2051 821; baseline -0.004 -15"><span class='ocrx_word' id='word_1_47' title='bbox 468 750 703 821; x_wconf 75' lang='lat' dir='ltr'><strong>majores</strong></span> <span class='ocrx_word' id='word_1_48' title='bbox 733 746 969 812; x_wconf 85' lang='lat' dir='ltr'><strong>inimici,</strong></span> <span class='ocrx_word' id='word_1_49' title='bbox 1016 760 1179 817; x_wconf 88' lang='lat' dir='ltr'><strong>quam</strong></span> <span class='ocrx_word' id='word_1_50' title='bbox 1234 746 1451 817; x_wconf 91' lang='lat' dir='ltr'><strong>maligni</strong></span> <span class='ocrx_word' id='word_1_51' title='bbox 1499 746 1737 815; x_wconf 78' lang='lat' dir='ltr'><strong>spiritus,</strong></span> <span class='ocrx_word' id='word_1_52' title='bbox 1771 744 1862 813; x_wconf 86' lang='lat' dir='ltr'><strong>qui</strong></span> <span class='ocrx_word' id='word_1_53' title='bbox 1910 745 2051 799; x_wconf 86' lang='lat' dir='ltr'><strong>hanc</strong></span> 
     </span>
    </p>
   </div>
   <div class='ocr_carea' id='block_1_9' title="bbox 469 822 2052 912">
    <p class='ocr_par' dir='ltr' id='par_1_9' title="bbox 469 822 2052 912">
     <span class='ocr_line' id='line_1_9' title="bbox 469 822 2052 912; baseline -0.004 -15"><span class='ocrx_word' id='word_1_54' title='bbox 469 847 756 897; x_wconf 82' lang='lat' dir='ltr'><strong>exeuntem</strong></span> <span class='ocrx_word' id='word_1_55' title='bbox 783 853 812 893; x_wconf 91' lang='lat' dir='ltr'><strong>a</strong></span> <span class='ocrx_word' id='word_1_56' title='bbox 843 822 1070 912; x_wconf 69' lang='lat' dir='ltr'><strong>corpore</strong></span> <span class='ocrx_word' id='word_1_57' title='bbox 1096 836 1366 902; x_wconf 86' lang='lat' dir='ltr'><strong>obsident,</strong></span> <span class='ocrx_word' id='word_1_58' title='bbox 1388 828 1548 906; x_wconf 78' lang='lat' dir='ltr'><strong>quam</strong></span> <span class='ocrx_word' id='word_1_59' title='bbox 1580 835 1635 889; x_wconf 93' lang='lat' dir='ltr'><strong>in</strong></span> <span class='ocrx_word' id='word_1_60' title='bbox 1659 835 1839 890; x_wconf 91' lang='lat' dir='ltr'><strong>carnis</strong></span> <span class='ocrx_word' id='word_1_61' title='bbox 1865 849 2052 891; x_wconf 90' lang='lat' dir='ltr'><strong>amore</strong></span> 
     </span>
    </p>
   </div>
   <div class='ocr_carea' id='block_1_10' title="bbox 470 925 2052 1004">
    <p class='ocr_par' dir='ltr' id='par_1_10' title="bbox 470 925 2052 1004">
     <span class='ocr_line' id='line_1_10' title="bbox 470 925 2052 1004; baseline -0.005 -17"><span class='ocrx_word' id='word_1_62' title='bbox 470 925 725 1004; x_wconf 40' lang='lat' dir='ltr'><strong>positam‘</strong></span> <span class='ocrx_word' id='word_1_63' title='bbox 744 928 1073 998; x_wconf 45' lang='lat' dir='ltr'><strong>decepto’riis</strong></span> <span class='ocrx_word' id='word_1_64' title='bbox 1103 927 1549 982; x_wconf 91' lang='lat' dir='ltr'><strong>delectationibus</strong></span> <span class='ocrx_word' id='word_1_65' title='bbox 1582 925 1801 979; x_wconf 87' lang='lat' dir='ltr'><strong>foveant</strong></span> <span class='ocrx_word' id='word_1_66' title='bbox 1842 942 1855 979; x_wconf 89' lang='lat'><strong>:</strong></span> <span class='ocrx_word' id='word_1_67' title='bbox 1887 930 2052 994; x_wconf 81' lang='lat' dir='ltr'><strong>quam</strong></span> 
     </span>
    </p>
   </div>
   <div class='ocr_carea' id='block_1_11' title="bbox 468 1015 2048 1089">
    <p class='ocr_par' dir='ltr' id='par_1_11' title="bbox 468 1015 2048 1089">
     <span class='ocr_line' id='line_1_11' title="bbox 468 1015 2048 1089; baseline -0.004 -11"><span class='ocrx_word' id='word_1_68' title='bbox 468 1024 609 1079; x_wconf 88' lang='lat' dir='ltr'><strong>vallo</strong></span> <span class='ocrx_word' id='word_1_69' title='bbox 642 1018 999 1085; x_wconf 84' lang='lat' dir='ltr'><strong>circumdant,</strong></span> <span class='ocrx_word' id='word_1_70' title='bbox 1039 1018 1164 1089; x_wconf 88' lang='lat' dir='ltr'><strong>quia</strong></span> <span class='ocrx_word' id='word_1_71' title='bbox 1194 1026 1319 1073; x_wconf 85' lang='lat' dir='ltr'><strong>ante</strong></span> <span class='ocrx_word' id='word_1_72' title='bbox 1358 1018 1555 1071; x_wconf 92' lang='lat' dir='ltr'><strong>mentis</strong></span> <span class='ocrx_word' id='word_1_73' title='bbox 1584 1016 1701 1086; x_wconf 88' lang='lat' dir='ltr'><strong>ejus</strong></span> <span class='ocrx_word' id='word_1_74' title='bbox 1729 1015 1916 1071; x_wconf 92' lang='lat' dir='ltr'><strong>oculos</strong></span> <span class='ocrx_word' id='word_1_75' title='bbox 1960 1031 2048 1071; x_wconf 90' lang='lat' dir='ltr'><strong>re-</strong></span> 
     </span>
    </p>
   </div>
   <div class='ocr_carea' id='block_1_12' title="bbox 470 1108 2049 1182">
    <p class='ocr_par' dir='ltr' id='par_1_12' title="bbox 470 1108 2049 1182">
     <span class='ocr_line' id='line_1_12' title="bbox 470 1108 2049 1182; baseline -0.005 -12"><span class='ocrx_word' id='word_1_76' title='bbox 470 1114 642 1170; x_wconf 91' lang='lat' dir='ltr'><strong>ductis</strong></span> <span class='ocrx_word' id='word_1_77' title='bbox 691 1112 1062 1182; x_wconf 86' lang='lat' dir='ltr'><strong>iniquitatibus</strong></span> <span class='ocrx_word' id='word_1_78' title='bbox 1117 1125 1250 1180; x_wconf 86' lang='lat' dir='ltr'><strong>quas</strong></span> <span class='ocrx_word' id='word_1_79' title='bbox 1282 1109 1633 1179; x_wconf 86' lang='lat' dir='ltr'><strong>perpetravit,</strong></span> <span class='ocrx_word' id='word_1_80' title='bbox 1681 1108 1823 1162; x_wconf 90' lang='lat' dir='ltr'><strong>hanc</strong></span> <span class='ocrx_word' id='word_1_81' title='bbox 1862 1109 1929 1162; x_wconf 92' lang='lat' dir='ltr'><strong>ad</strong></span> <span class='ocrx_word' id='word_1_82' title='bbox 1959 1124 2049 1164; x_wconf 86' lang='lat' dir='ltr'><strong>sa-</strong></span> 
     </span>
    </p>
   </div>
   <div class='ocr_carea' id='block_1_13' title="bbox 468 1200 2050 1264">
    <p class='ocr_par' dir='ltr' id='par_1_13' title="bbox 468 1200 2050 1264">
     <span class='ocr_line' id='line_1_13' title="bbox 468 1200 2050 1264; baseline -0.003 -7"><span class='ocrx_word' id='word_1_83' title='bbox 468 1204 709 1259; x_wconf 90' lang='lat' dir='ltr'><strong>tietatem</strong></span> <span class='ocrx_word' id='word_1_84' title='bbox 737 1219 848 1258; x_wconf 63' lang='lat' dir='ltr'><strong>suae</strong></span> <span class='ocrx_word' id='word_1_85' title='bbox 877 1201 1239 1257; x_wconf 88' lang='lat' dir='ltr'><strong>damnationis</strong></span> <span class='ocrx_word' id='word_1_86' title='bbox 1269 1200 1545 1254; x_wconf 87' lang='lat' dir='ltr'><strong>trahentes</strong></span> <span class='ocrx_word' id='word_1_87' title='bbox 1572 1209 1877 1264; x_wconf 89' lang='lat' dir='ltr'><strong>coarctant,</strong></span> <span class='ocrx_word' id='word_1_88' title='bbox 1907 1211 1968 1253; x_wconf 92' lang='lat' dir='ltr'><strong>ut</strong></span> <span class='ocrx_word' id='word_1_89' title='bbox 1998 1201 2050 1253; x_wconf 91' lang='lat' dir='ltr'><strong>in</strong></span> 
     </span>
    </p>
   </div>
   <div class='ocr_carea' id='block_1_14' title="bbox 468 1292 2053 1365">
    <p class='ocr_par' dir='ltr' id='par_1_14' title="bbox 468 1292 2053 1365">
     <span class='ocr_line' id='line_1_14' title="bbox 468 1292 2053 1365; baseline -0.003 -15"><span class='ocrx_word' id='word_1_90' title='bbox 468 1294 582 1365; x_wconf 89' lang='lat' dir='ltr'><strong>ipsa</strong></span> <span class='ocrx_word' id='word_1_91' title='bbox 604 1294 715 1364; x_wconf 87' lang='lat' dir='ltr'><strong>jam</strong></span> <span class='ocrx_word' id='word_1_92' title='bbox 742 1292 1084 1348; x_wconf 78' lang='lat' dir='ltr'><strong>extremitate</strong></span> <span class='ocrx_word' id='word_1_93' title='bbox 1113 1293 1236 1346; x_wconf 69' lang='lat' dir='ltr'><strong>vitae</strong></span> <span class='ocrx_word' id='word_1_94' title='bbox 1267 1292 1626 1360; x_wconf 90' lang='lat' dir='ltr'><strong>deprehensa,</strong></span> <span class='ocrx_word' id='word_1_95' title='bbox 1663 1307 1691 1344; x_wconf 92' lang='lat' dir='ltr'><strong>a</strong></span> <span class='ocrx_word' id='word_1_96' title='bbox 1717 1292 1914 1361; x_wconf 90' lang='lat' dir='ltr'><strong>quibus</strong></span> <span class='ocrx_word' id='word_1_97' title='bbox 1958 1293 2053 1346; x_wconf 91' lang='lat' dir='ltr'><strong>ho-</strong></span> 
     </span>
    </p>
   </div>
   <div class='ocr_carea' id='block_1_15' title="bbox 468 1382 2055 1447">
    <p class='ocr_par' dir='ltr' id='par_1_15' title="bbox 468 1382 2055 1447">
     <span class='ocr_line' id='line_1_15' title="bbox 468 1382 2055 1447; baseline -0.003 -6"><span class='ocrx_word' id='word_1_98' title='bbox 468 1384 642 1441; x_wconf 87' lang='lat' dir='ltr'><strong>stibus</strong></span> <span class='ocrx_word' id='word_1_99' title='bbox 662 1384 1015 1440; x_wconf 89' lang='lat' dir='ltr'><strong>circumclusa</strong></span> <span class='ocrx_word' id='word_1_100' title='bbox 1045 1382 1115 1438; x_wconf 90' lang='lat' dir='ltr'><strong>sit</strong></span> <span class='ocrx_word' id='word_1_101' title='bbox 1139 1383 1341 1447; x_wconf 84' lang='lat' dir='ltr'><strong>videat,</strong></span> <span class='ocrx_word' id='word_1_102' title='bbox 1358 1391 1425 1436; x_wconf 88' lang='lat' dir='ltr'><strong>-et</strong></span> <span class='ocrx_word' id='word_1_103' title='bbox 1448 1390 1631 1436; x_wconf 90' lang='lat' dir='ltr'><strong>tamen</strong></span> <span class='ocrx_word' id='word_1_104' title='bbox 1652 1382 1913 1437; x_wconf 88' lang='lat' dir='ltr'><strong>evadendi</strong></span> <span class='ocrx_word' id='word_1_105' title='bbox 1942 1383 2055 1437; x_wconf 88' lang='lat' dir='ltr'><strong>adi-</strong></span> 
     </span>
    </p>
   </div>
   <div class='ocr_carea' id='block_1_16' title="bbox 471 1472 2052 1545">
    <p class='ocr_par' dir='ltr' id='par_1_16' title="bbox 471 1472 2052 1545">
     <span class='ocr_line' id='line_1_16' title="bbox 471 1472 2052 1545; baseline -0.004 -13"><span class='ocrx_word' id='word_1_106' title='bbox 471 1485 584 1533; x_wconf 89' lang='lat' dir='ltr'><strong>tum</strong></span> <span class='ocrx_word' id='word_1_107' title='bbox 612 1477 856 1532; x_wconf 88' lang='lat' dir='ltr'><strong>invenire</strong></span> <span class='ocrx_word' id='word_1_108' title='bbox 884 1490 989 1531; x_wconf 91' lang='lat' dir='ltr'><strong>non</strong></span> <span class='ocrx_word' id='word_1_109' title='bbox 1014 1475 1204 1545; x_wconf 86' lang='lat' dir='ltr'><strong>possit,</strong></span> <span class='ocrx_word' id='word_1_110' title='bbox 1235 1474 1362 1543; x_wconf 86' lang='lat' dir='ltr'><strong>quia</strong></span> <span class='ocrx_word' id='word_1_111' title='bbox 1392 1474 1605 1543; x_wconf 89' lang='lat' dir='ltr'><strong>operari</strong></span> <span class='ocrx_word' id='word_1_112' title='bbox 1626 1472 1737 1541; x_wconf 88' lang='lat' dir='ltr'><strong>jam</strong></span> <span class='ocrx_word' id='word_1_113' title='bbox 1782 1474 1923 1528; x_wconf 92' lang='lat' dir='ltr'><strong>bona</strong></span> <span class='ocrx_word' id='word_1_114' title='bbox 1946 1488 2052 1527; x_wconf 91' lang='lat' dir='ltr'><strong>non</strong></span> 
     </span>
    </p>
   </div>
   <div class='ocr_carea' id='block_1_17' title="bbox 472 1564 2052 1639">
    <p class='ocr_par' dir='ltr' id='par_1_17' title="bbox 472 1564 2052 1639">
     <span class='ocr_line' id='line_1_17' title="bbox 472 1564 2052 1639; baseline -0.004 -15"><span class='ocrx_word' id='word_1_115' title='bbox 472 1569 621 1636; x_wconf 87' lang='lat' dir='ltr'><strong>licet,</strong></span> <span class='ocrx_word' id='word_1_116' title='bbox 652 1584 772 1639; x_wconf 61' lang='lat' dir='ltr'><strong>qua</strong></span> <span class='ocrx_word' id='word_1_117' title='bbox 795 1584 917 1624; x_wconf 90' lang='lat' dir='ltr'><strong>eum</strong></span> <span class='ocrx_word' id='word_1_118' title='bbox 947 1568 1099 1623; x_wconf 89' lang='lat' dir='ltr'><strong>licuit</strong></span> <span class='ocrx_word' id='word_1_119' title='bbox 1132 1582 1295 1637; x_wconf 87' lang='lat' dir='ltr'><strong>agere</strong></span> <span class='ocrx_word' id='word_1_120' title='bbox 1319 1566 1665 1636; x_wconf 84' lang='lat' dir='ltr'><strong>contempsit.</strong></span> <span class='ocrx_word' id='word_1_121' title='bbox 1697 1564 2052 1636; x_wconf 88' lang='lat' dir='ltr'><strong>Cogitandum</strong></span> 
     </span>
    </p>
   </div>
   <div class='ocr_carea' id='block_1_18' title="bbox 466 1655 2055 1728">
    <p class='ocr_par' dir='ltr' id='par_1_18' title="bbox 466 1655 2055 1728">
     <span class='ocr_line' id='line_1_18' title="bbox 466 1655 2055 1728; baseline -0.004 -13"><span class='ocrx_word' id='word_1_122' title='bbox 466 1659 629 1715; x_wconf 81' lang='lat' dir='ltr'><strong>v‘alde</strong></span> <span class='ocrx_word' id='word_1_123' title='bbox 654 1666 738 1713; x_wconf 90' lang='lat' dir='ltr'><strong>est</strong></span> <span class='ocrx_word' id='word_1_124' title='bbox 765 1666 1027 1728; x_wconf 92' lang='lat' dir='ltr'><strong>quantum</strong></span> <span class='ocrx_word' id='word_1_125' title='bbox 1067 1658 1223 1713; x_wconf 90' lang='lat' dir='ltr'><strong>nobis</strong></span> <span class='ocrx_word' id='word_1_126' title='bbox 1252 1656 1358 1711; x_wconf 91' lang='lat' dir='ltr'><strong>erit</strong></span> <span class='ocrx_word' id='word_1_127' title='bbox 1389 1655 1650 1710; x_wconf 84' lang='lat' dir='ltr'><strong>terribilis</strong></span> <span class='ocrx_word' id='word_1_128' title='bbox 1686 1656 1817 1709; x_wconf 92' lang='lat' dir='ltr'><strong>hora</strong></span> <span class='ocrx_word' id='word_1_129' title='bbox 1857 1664 2055 1709; x_wconf 67' lang='lat' dir='ltr'><strong>nostra:</strong></span> 
     </span>
    </p>
   </div>
   <div class='ocr_carea' id='block_1_19' title="bbox 467 1747 2054 1820">
    <p class='ocr_par' dir='ltr' id='par_1_19' title="bbox 467 1747 2054 1820">
     <span class='ocr_line' id='line_1_19' title="bbox 467 1747 2054 1820; baseline -0.004 -14"><span class='ocrx_word' id='word_1_130' title='bbox 467 1749 836 1815; x_wconf 83' lang='lat' dir='ltr'><strong>resolutionis,</strong></span> <span class='ocrx_word' id='word_1_131' title='bbox 885 1749 976 1819; x_wconf 82' lang='lat' dir='ltr'><strong>qui</strong></span> <span class='ocrx_word' id='word_1_132' title='bbox 1021 1762 1188 1820; x_wconf 78' lang='lat' dir='ltr'><strong>pavor</strong></span> <span class='ocrx_word' id='word_1_133' title='bbox 1215 1747 1486 1809; x_wconf 85' lang='lat' dir='ltr'><strong>mceroris,</strong></span> <span class='ocrx_word' id='word_1_134' title='bbox 1514 1754 1717 1815; x_wconf 88' lang='lat' dir='ltr'><strong>quanta</strong></span> <span class='ocrx_word' id='word_1_135' title='bbox 1764 1753 1894 1800; x_wconf 90' lang='lat' dir='ltr'><strong>tunc</strong></span> <span class='ocrx_word' id='word_1_136' title='bbox 1933 1760 2054 1799; x_wconf 86' lang='lat' dir='ltr'><strong>om-</strong></span> 
     </span>
    </p>
   </div>
   <div class='ocr_carea' id='block_1_20' title="bbox 2154 568 3741 640">
    <p class='ocr_par' dir='ltr' id='par_1_20' title="bbox 2154 568 3741 640">
     <span class='ocr_line' id='line_1_20' title="bbox 2154 568 3741 640; baseline 0.002 -18"><span class='ocrx_word' id='word_1_137' title='bbox 2154 575 2275 622; x_wconf 88' lang='lat' dir='ltr'><strong>cat:</strong></span> <span class='ocrx_word' id='word_1_138' title='bbox 2311 584 2330 618; x_wconf 88' lang='grc'><strong>‹</strong></span> <span class='ocrx_word' id='word_1_139' title='bbox 2364 568 2503 622; x_wconf 88' lang='lat' dir='ltr'><strong>Ecce</strong></span> <span class='ocrx_word' id='word_1_140' title='bbox 2530 568 2673 623; x_wconf 93' lang='lat' dir='ltr'><strong>enim</strong></span> <span class='ocrx_word' id='word_1_141' title='bbox 2701 568 2755 622; x_wconf 91' lang='lat' dir='ltr'><strong>in</strong></span> <span class='ocrx_word' id='word_1_142' title='bbox 2786 569 3157 638; x_wconf 87' lang='lat' dir='ltr'><strong>iniquitatibus</strong></span> <span class='ocrx_word' id='word_1_143' title='bbox 3180 583 3481 640; x_wconf 89' lang='lat' dir='ltr'><strong>conceptus</strong></span> <span class='ocrx_word' id='word_1_144' title='bbox 3509 587 3651 633; x_wconf 85' lang='lat' dir='ltr'><strong>sum,</strong></span> <span class='ocrx_word' id='word_1_145' title='bbox 3690 582 3741 627; x_wconf 87' lang='lat' dir='ltr'><strong>et</strong></span> 
     </span>
    </p>
   </div>
   <div class='ocr_carea' id='block_1_21' title="bbox 2153 657 3745 731">
    <p class='ocr_par' dir='ltr' id='par_1_21' title="bbox 2153 657 3745 731">
     <span class='ocr_line' id='line_1_21' title="bbox 2153 657 3745 731; baseline 0.004 -20"><span class='ocrx_word' id='word_1_146' title='bbox 2153 659 2207 712; x_wconf 92' lang='lat' dir='ltr'><strong>in</strong></span> <span class='ocrx_word' id='word_1_147' title='bbox 2248 657 2461 713; x_wconf 87' lang='lat' dir='ltr'><strong>delictis</strong></span> <span class='ocrx_word' id='word_1_148' title='bbox 2502 659 2715 729; x_wconf 88' lang='lat' dir='ltr'><strong>peperit</strong></span> <span class='ocrx_word' id='word_1_149' title='bbox 2763 674 2849 713; x_wconf 91' lang='lat' dir='ltr'><strong>me</strong></span> <span class='ocrx_word' id='word_1_150' title='bbox 2874 668 3050 713; x_wconf 87' lang='lat' dir='ltr'><strong>mater</strong></span> <span class='ocrx_word' id='word_1_151' title='bbox 3092 674 3209 713; x_wconf 90' lang='lat' dir='ltr'><strong>mea</strong></span> <span class='ocrx_word' id='word_1_152' title='bbox 3242 658 3417 728; x_wconf 82' lang='lat' dir='ltr'><strong>(Psal.</strong></span> <span class='ocrx_word' id='word_1_153' title='bbox 3462 662 3541 731; x_wconf 74' lang='grc' dir='ltr'><strong>ι),</strong></span> <span class='ocrx_word' id='word_1_154' title='bbox 3573 682 3593 714; x_wconf 74' lang='grc' dir='ltr'><strong>ι</strong></span> <span class='ocrx_word' id='word_1_155' title='bbox 3632 662 3745 717; x_wconf 85' lang='lat' dir='ltr'><strong>sine</strong></span> 
     </span>
    </p>
   </div>
   <div class='ocr_carea' id='block_1_22' title="bbox 2155 748 3742 820">
    <p class='ocr_par' dir='ltr' id='par_1_22' title="bbox 2155 748 3742 820">
     <span class='ocr_line' id='line_1_22' title="bbox 2155 748 3742 820; baseline 0.003 -16"><span class='ocrx_word' id='word_1_156' title='bbox 2155 748 2309 817; x_wconf 89' lang='lat' dir='ltr'><strong>culpa</strong></span> <span class='ocrx_word' id='word_1_157' title='bbox 2352 751 2406 804; x_wconf 93' lang='lat' dir='ltr'><strong>in</strong></span> <span class='ocrx_word' id='word_1_158' title='bbox 2438 749 2641 804; x_wconf 91' lang='lat' dir='ltr'><strong>mundo</strong></span> <span class='ocrx_word' id='word_1_159' title='bbox 2688 764 2805 805; x_wconf 86' lang='lat' dir='ltr'><strong>esse</strong></span> <span class='ocrx_word' id='word_1_160' title='bbox 2855 764 2962 804; x_wconf 93' lang='lat' dir='ltr'><strong>non</strong></span> <span class='ocrx_word' id='word_1_161' title='bbox 3019 751 3214 820; x_wconf 89' lang='lat' dir='ltr'><strong>potuit,</strong></span> <span class='ocrx_word' id='word_1_162' title='bbox 3257 752 3349 820; x_wconf 93' lang='lat' dir='ltr'><strong>qui</strong></span> <span class='ocrx_word' id='word_1_163' title='bbox 3389 753 3453 809; x_wconf 86' lang='lat' dir='ltr'><strong>in.</strong></span> <span class='ocrx_word' id='word_1_164' title='bbox 3482 754 3742 809; x_wconf 90' lang='lat' dir='ltr'><strong>mundum</strong></span> 
     </span>
    </p>
   </div>
   <div class='ocr_carea' id='block_1_23' title="bbox 2154 839 3739 910">
    <p class='ocr_par' dir='ltr' id='par_1_23' title="bbox 2154 839 3739 910">
     <span class='ocr_line' id='line_1_23' title="bbox 2154 839 3739 910; baseline 0.003 -16"><span class='ocrx_word' id='word_1_165' title='bbox 2154 853 2277 894; x_wconf 90' lang='lat' dir='ltr'><strong>cum</strong></span> <span class='ocrx_word' id='word_1_166' title='bbox 2301 839 2457 909; x_wconf 91' lang='lat' dir='ltr'><strong>culpa</strong></span> <span class='ocrx_word' id='word_1_167' title='bbox 2487 840 2655 894; x_wconf 86' lang='lat' dir='ltr'><strong>venit.</strong></span> <span class='ocrx_word' id='word_1_168' title='bbox 2704 840 2841 895; x_wconf 89' lang='lat' dir='ltr'><strong>Hinc</strong></span> <span class='ocrx_word' id='word_1_169' title='bbox 2868 855 3104 910; x_wconf 88' lang='lat' dir='ltr'><strong>namque</strong></span> <span class='ocrx_word' id='word_1_170' title='bbox 3136 840 3280 895; x_wconf 88' lang='lat' dir='ltr'><strong>idem</strong></span> <span class='ocrx_word' id='word_1_171' title='bbox 3325 840 3601 910; x_wconf 85' lang='lat' dir='ltr'><strong>Propheta</strong></span> <span class='ocrx_word' id='word_1_172' title='bbox 3631 846 3739 899; x_wconf 87' lang='lat' dir='ltr'><strong>ait:</strong></span> 
     </span>
    </p>
   </div>
   <div class='ocr_carea' id='block_1_24' title="bbox 2161 929 3745 1001">
    <p class='ocr_par' dir='ltr' id='par_1_24' title="bbox 2161 929 3745 1001">
     <span class='ocr_line' id='line_1_24' title="bbox 2161 929 3745 1001; baseline 0.005 -19"><span class='ocrx_word' id='word_1_173' title='bbox 2161 949 2178 981; x_wconf 76' lang='grc' dir='ltr'><strong>ι</strong></span> <span class='ocrx_word' id='word_1_174' title='bbox 2208 930 2323 985; x_wconf 83' lang='lat' dir='ltr'><strong>Non</strong></span> <span class='ocrx_word' id='word_1_175' title='bbox 2365 929 2751 1000; x_wconf 83' lang='lat' dir='ltr'><strong>justiﬂcabitur</strong></span> <span class='ocrx_word' id='word_1_176' title='bbox 2796 932 2849 985; x_wconf 89' lang='lat' dir='ltr'><strong>in</strong></span> <span class='ocrx_word' id='word_1_177' title='bbox 2873 942 3166 1001; x_wconf 88' lang='lat' dir='ltr'><strong>conspectu</strong></span> <span class='ocrx_word' id='word_1_178' title='bbox 3209 943 3302 989; x_wconf 92' lang='lat' dir='ltr'><strong>tuo</strong></span> <span class='ocrx_word' id='word_1_179' title='bbox 3337 935 3523 989; x_wconf 91' lang='lat' dir='ltr'><strong>omnis</strong></span> <span class='ocrx_word' id='word_1_180' title='bbox 3562 937 3745 990; x_wconf 83' lang='lat' dir='ltr'><strong>vivens</strong></span> 
     </span>
    </p>
   </div>
   <div class='ocr_carea' id='block_1_25' title="bbox 2155 1018 3746 1099">
    <p class='ocr_par' dir='ltr' id='par_1_25' title="bbox 2155 1018 3746 1099">
     <span class='ocr_line' id='line_1_25' title="bbox 2155 1018 3746 1099; baseline 0.005 -28"><span class='ocrx_word' id='word_1_181' title='bbox 2155 1018 2328 1092; x_wconf 84' lang='lat' dir='ltr'><strong>(Psal.</strong></span> <span class='ocrx_word' id='word_1_182' title='bbox 2360 1020 2550 1099; x_wconf 68' lang='lat' dir='ltr'><strong>excit).</strong></span> <span class='ocrx_word' id='word_1_183' title='bbox 2586 1041 2605 1074; x_wconf 74' lang='grc' dir='ltr'><strong>ι</strong></span> <span class='ocrx_word' id='word_1_184' title='bbox 2634 1021 2770 1076; x_wconf 86' lang='lat' dir='ltr'><strong>Hinc</strong></span> <span class='ocrx_word' id='word_1_185' title='bbox 2805 1021 3061 1076; x_wconf 90' lang='lat' dir='ltr'><strong>Salomon</strong></span> <span class='ocrx_word' id='word_1_186' title='bbox 3109 1024 3222 1077; x_wconf 88' lang='lat' dir='ltr'><strong>ait:</strong></span> <span class='ocrx_word' id='word_1_187' title='bbox 3258 1044 3276 1074; x_wconf 85' lang='grc'><strong>‹</strong></span> <span class='ocrx_word' id='word_1_188' title='bbox 3314 1024 3431 1079; x_wconf 89' lang='lat' dir='ltr'><strong>Non</strong></span> <span class='ocrx_word' id='word_1_189' title='bbox 3464 1037 3551 1079; x_wconf 89' lang='lat' dir='ltr'><strong>est</strong></span> <span class='ocrx_word' id='word_1_190' title='bbox 3590 1026 3746 1079; x_wconf 79' lang='lat' dir='ltr'><strong>hoino</strong></span> 
     </span>
    </p>
   </div>
   <div class='ocr_carea' id='block_1_26' title="bbox 2156 1110 3743 1184">
    <p class='ocr_par' dir='ltr' id='par_1_26' title="bbox 2156 1110 3743 1184">
     <span class='ocr_line' id='line_1_26' title="bbox 2156 1110 3743 1184; baseline 0 -21"><span class='ocrx_word' id='word_1_191' title='bbox 2156 1110 2209 1164; x_wconf 94' lang='lat' dir='ltr'><strong>in</strong></span> <span class='ocrx_word' id='word_1_192' title='bbox 2233 1112 2505 1181; x_wconf 83' lang='lat' dir='ltr'><strong>terra,qui</strong></span> <span class='ocrx_word' id='word_1_193' title='bbox 2536 1110 2704 1165; x_wconf 82' lang='lat' dir='ltr'><strong>faciat</strong></span> <span class='ocrx_word' id='word_1_194' title='bbox 2730 1113 2928 1165; x_wconf 85' lang='lat' dir='ltr'><strong>bonum</strong></span> <span class='ocrx_word' id='word_1_195' title='bbox 2947 1122 3002 1165; x_wconf 92' lang='lat' dir='ltr'><strong>et</strong></span> <span class='ocrx_word' id='word_1_196' title='bbox 3024 1128 3127 1167; x_wconf 91' lang='lat' dir='ltr'><strong>non</strong></span> <span class='ocrx_word' id='word_1_197' title='bbox 3156 1123 3342 1182; x_wconf 86' lang='lat' dir='ltr'><strong>peccet</strong></span> <span class='ocrx_word' id='word_1_198' title='bbox 3365 1114 3563 1184; x_wconf 83' lang='lat' dir='ltr'><strong>(Eccli.</strong></span> <span class='ocrx_word' id='word_1_199' title='bbox 3583 1116 3703 1179; x_wconf 79' lang='lat' dir='ltr'><strong>vn).</strong></span> <span class='ocrx_word' id='word_1_200' title='bbox 3728 1135 3743 1163; x_wconf 73' lang='grc' dir='ltr'><strong>ι</strong></span> 
     </span>
    </p>
   </div>
   <div class='ocr_carea' id='block_1_27' title="bbox 2156 1198 3746 1272">
    <p class='ocr_par' dir='ltr' id='par_1_27' title="bbox 2156 1198 3746 1272">
     <span class='ocr_line' id='line_1_27' title="bbox 2156 1198 3746 1272; baseline 0.004 -21"><span class='ocrx_word' id='word_1_201' title='bbox 2156 1198 2293 1255; x_wconf 83' lang='lat' dir='ltr'><strong>llinc</strong></span> <span class='ocrx_word' id='word_1_202' title='bbox 2329 1200 2568 1256; x_wconf 85' lang='lat' dir='ltr'><strong>Joannes</strong></span> <span class='ocrx_word' id='word_1_203' title='bbox 2603 1201 2729 1255; x_wconf 88' lang='lat' dir='ltr'><strong>dicit</strong></span> <span class='ocrx_word' id='word_1_204' title='bbox 2770 1222 2783 1254; x_wconf 85' lang='lat'><strong>:</strong></span> <span class='ocrx_word' id='word_1_205' title='bbox 2816 1220 2835 1251; x_wconf 83' lang='grc'><strong>«</strong></span> <span class='ocrx_word' id='word_1_206' title='bbox 2871 1201 2927 1256; x_wconf 92' lang='lat' dir='ltr'><strong>Si</strong></span> <span class='ocrx_word' id='word_1_207' title='bbox 2959 1202 3255 1257; x_wconf 82' lang='lat' dir='ltr'><strong>dixerimus</strong></span> <span class='ocrx_word' id='word_1_208' title='bbox 3301 1204 3429 1271; x_wconf 86' lang='lat' dir='ltr'><strong>quia</strong></span> <span class='ocrx_word' id='word_1_209' title='bbox 3461 1214 3746 1272; x_wconf 89' lang='lat' dir='ltr'><strong>peccatum</strong></span> 
     </span>
    </p>
   </div>
   <div class='ocr_carea' id='block_1_28' title="bbox 2153 1293 3751 1362">
    <p class='ocr_par' dir='ltr' id='par_1_28' title="bbox 2153 1293 3751 1362">
     <span class='ocr_line' id='line_1_28' title="bbox 2153 1293 3751 1362; baseline 0 -17"><span class='ocrx_word' id='word_1_210' title='bbox 2153 1308 2259 1345; x_wconf 83' lang='lat' dir='ltr'><strong>nnn</strong></span> <span class='ocrx_word' id='word_1_211' title='bbox 2287 1294 2566 1356; x_wconf 88' lang='lat' dir='ltr'><strong>habemus,</strong></span> <span class='ocrx_word' id='word_1_212' title='bbox 2606 1293 2704 1362; x_wconf 83' lang='lat' dir='ltr'><strong>ipsi</strong></span> <span class='ocrx_word' id='word_1_213' title='bbox 2739 1308 2838 1348; x_wconf 92' lang='lat' dir='ltr'><strong>nos</strong></span> <span class='ocrx_word' id='word_1_214' title='bbox 2879 1294 3208 1358; x_wconf 88' lang='lat' dir='ltr'><strong>seducimus,</strong></span> <span class='ocrx_word' id='word_1_215' title='bbox 3244 1302 3302 1348; x_wconf 91' lang='lat' dir='ltr'><strong>et</strong></span> <span class='ocrx_word' id='word_1_216' title='bbox 3327 1295 3535 1349; x_wconf 88' lang='lat' dir='ltr'><strong>veritas</strong></span> <span class='ocrx_word' id='word_1_217' title='bbox 3573 1296 3627 1348; x_wconf 91' lang='lat' dir='ltr'><strong>in</strong></span> <span class='ocrx_word' id='word_1_218' title='bbox 3664 1312 3751 1347; x_wconf 90' lang='lat' dir='ltr'><strong>no-</strong></span> 
     </span>
    </p>
   </div>
   <div class='ocr_carea' id='block_1_29' title="bbox 2154 1388 3749 1457">
    <p class='ocr_par' dir='ltr' id='par_1_29' title="bbox 2154 1388 3749 1457">
     <span class='ocr_line' id='line_1_29' title="bbox 2154 1388 3749 1457; baseline 0.003 -16"><span class='ocrx_word' id='word_1_219' title='bbox 2154 1388 2237 1441; x_wconf 90' lang='lat' dir='ltr'><strong>bis</strong></span> <span class='ocrx_word' id='word_1_220' title='bbox 2286 1404 2390 1442; x_wconf 93' lang='lat' dir='ltr'><strong>non</strong></span> <span class='ocrx_word' id='word_1_221' title='bbox 2420 1397 2501 1443; x_wconf 87' lang='lat' dir='ltr'><strong>est</strong></span> <span class='ocrx_word' id='word_1_222' title='bbox 2533 1388 2585 1457; x_wconf 93' lang='lat' dir='ltr'><strong>(I</strong></span> <span class='ocrx_word' id='word_1_223' title='bbox 2612 1388 2771 1443; x_wconf 82' lang='grc' dir='ltr'><strong>Ιυαη.</strong></span> <span class='ocrx_word' id='word_1_224' title='bbox 2826 1392 2887 1456; x_wconf 91' lang='grc' dir='ltr'><strong>ι).</strong></span> <span class='ocrx_word' id='word_1_225' title='bbox 2924 1410 2942 1441; x_wconf 73' lang='grc' dir='ltr'><strong>ι</strong></span> <span class='ocrx_word' id='word_1_226' title='bbox 3000 1389 3137 1445; x_wconf 84' lang='lat' dir='ltr'><strong>Hinc</strong></span> <span class='ocrx_word' id='word_1_227' title='bbox 3175 1390 3410 1447; x_wconf 90' lang='lat' dir='ltr'><strong>Jacobus</strong></span> <span class='ocrx_word' id='word_1_228' title='bbox 3459 1393 3541 1445; x_wconf 89' lang='lat' dir='ltr'><strong>ait</strong></span> <span class='ocrx_word' id='word_1_229' title='bbox 3586 1407 3600 1445; x_wconf 89' lang='lat'>:</span> <span class='ocrx_word' id='word_1_230' title='bbox 3636 1411 3654 1442; x_wconf 71' lang='grc' dir='ltr'><strong>ι</strong></span> <span class='ocrx_word' id='word_1_231' title='bbox 3697 1393 3749 1445; x_wconf 91' lang='lat' dir='ltr'><strong>In</strong></span> 
     </span>
    </p>
   </div>
   <div class='ocr_carea' id='block_1_30' title="bbox 2156 1478 3747 1552">
    <p class='ocr_par' dir='ltr' id='par_1_30' title="bbox 2156 1478 3747 1552">
     <span class='ocr_line' id='line_1_30' title="bbox 2156 1478 3747 1552; baseline 0.003 -21"><span class='ocrx_word' id='word_1_232' title='bbox 2156 1478 2340 1534; x_wconf 91' lang='lat' dir='ltr'><strong>ultis</strong></span> <span class='ocrx_word' id='word_1_233' title='bbox 2380 1478 2701 1534; x_wconf 82' lang='lat' dir='ltr'><strong>oll‘endimus</strong></span> <span class='ocrx_word' id='word_1_234' title='bbox 2732 1494 2921 1535; x_wconf 90' lang='lat' dir='ltr'><strong>omnes</strong></span> <span class='ocrx_word' id='word_1_235' title='bbox 2950 1480 3091 1551; x_wconf 83' lang='lat' dir='ltr'><strong>(Jac.</strong></span> <span class='ocrx_word' id='word_1_236' title='bbox 3123 1482 3228 1552; x_wconf 88' lang='grc' dir='ltr'>ιιι).</span> <span class='ocrx_word' id='word_1_237' title='bbox 3265 1501 3283 1533; x_wconf 73' lang='grc' dir='ltr'><strong>ι</strong></span> <span class='ocrx_word' id='word_1_238' title='bbox 3332 1481 3564 1537; x_wconf 86' lang='lat' dir='ltr'><strong>Constat</strong></span> <span class='ocrx_word' id='word_1_239' title='bbox 3608 1484 3747 1535; x_wconf 85' lang='lat' dir='ltr'><strong>enim</strong></span> 
     </span>
    </p>
   </div>
   <div class='ocr_carea' id='block_1_31' title="bbox 2156 1570 3747 1643">
    <p class='ocr_par' dir='ltr' id='par_1_31' title="bbox 2156 1570 3747 1643">
     <span class='ocr_line' id='line_1_31' title="bbox 2156 1570 3747 1643; baseline 0.003 -20"><span class='ocrx_word' id='word_1_240' title='bbox 2156 1570 2281 1639; x_wconf 91' lang='lat' dir='ltr'><strong>quia</strong></span> <span class='ocrx_word' id='word_1_241' title='bbox 2346 1586 2539 1626; x_wconf 90' lang='lat' dir='ltr'><strong>omnes</strong></span> <span class='ocrx_word' id='word_1_242' title='bbox 2588 1571 2678 1640; x_wconf 89' lang='lat' dir='ltr'><strong>qui</strong></span> <span class='ocrx_word' id='word_1_243' title='bbox 2735 1570 2803 1625; x_wconf 92' lang='lat' dir='ltr'><strong>de</strong></span> <span class='ocrx_word' id='word_1_244' title='bbox 2845 1572 3027 1627; x_wconf 88' lang='lat' dir='ltr'><strong>carnis</strong></span> <span class='ocrx_word' id='word_1_245' title='bbox 3085 1572 3441 1630; x_wconf 88' lang='lat' dir='ltr'><strong>delectatione</strong></span> <span class='ocrx_word' id='word_1_246' title='bbox 3501 1575 3747 1643; x_wconf 80' lang='lat' dir='ltr'><strong>concepti</strong></span> 
     </span>
    </p>
   </div>
   <div class='ocr_carea' id='block_1_32' title="bbox 2154 1660 3746 1730">
    <p class='ocr_par' dir='ltr' id='par_1_32' title="bbox 2154 1660 3746 1730">
     <span class='ocr_line' id='line_1_32' title="bbox 2154 1660 3746 1730; baseline 0.002 -16"><span class='ocrx_word' id='word_1_247' title='bbox 2154 1670 2302 1726; x_wconf 90' lang='lat' dir='ltr'><strong>sunt,</strong></span> <span class='ocrx_word' id='word_1_248' title='bbox 2350 1661 2406 1714; x_wconf 92' lang='lat' dir='ltr'><strong>in</strong></span> <span class='ocrx_word' id='word_1_249' title='bbox 2436 1675 2625 1716; x_wconf 87' lang='lat' dir='ltr'><strong>eorum</strong></span> <span class='ocrx_word' id='word_1_250' title='bbox 2662 1661 2848 1730; x_wconf 90' lang='lat' dir='ltr'><strong>procul</strong></span> <span class='ocrx_word' id='word_1_251' title='bbox 2877 1660 3060 1727; x_wconf 92' lang='lat' dir='ltr'><strong>dubio,</strong></span> <span class='ocrx_word' id='word_1_252' title='bbox 3098 1662 3452 1727; x_wconf 65' lang='lat' dir='ltr'><strong>vel»actione,</strong></span> <span class='ocrx_word' id='word_1_253' title='bbox 3488 1664 3576 1718; x_wconf 85' lang='lat' dir='ltr'><strong>vel</strong></span> <span class='ocrx_word' id='word_1_254' title='bbox 3606 1664 3746 1717; x_wconf 83' lang='lat' dir='ltr'><strong>locu-</strong></span> 
     </span>
    </p>
   </div>
   <div class='ocr_carea' id='block_1_33' title="bbox 2157 1751 3744 1827">
    <p class='ocr_par' dir='ltr' id='par_1_33' title="bbox 2157 1751 3744 1827">
     <span class='ocr_line' id='line_1_33' title="bbox 2157 1751 3744 1827; baseline 0.001 -22"><span class='ocrx_word' id='word_1_255' title='bbox 2157 1751 2324 1816; x_wconf 90' lang='lat' dir='ltr'><strong>tione,</strong></span> <span class='ocrx_word' id='word_1_256' title='bbox 2354 1751 2440 1805; x_wconf 88' lang='lat' dir='ltr'><strong>vel</strong></span> <span class='ocrx_word' id='word_1_257' title='bbox 2465 1751 2816 1821; x_wconf 83' lang='lat' dir='ltr'><strong>cogitatione,</strong></span> <span class='ocrx_word' id='word_1_258' title='bbox 2845 1751 3045 1819; x_wconf 89' lang='lat' dir='ltr'><strong>aliquid</strong></span> <span class='ocrx_word' id='word_1_259' title='bbox 3078 1767 3235 1827; x_wconf 88' lang='lat' dir='ltr'><strong>suum</strong></span> <span class='ocrx_word' id='word_1_260' title='bbox 3269 1755 3526 1823; x_wconf 78' lang='lat' dir='ltr'><strong>princeps</strong></span> <span class='ocrx_word' id='word_1_261' title='bbox 3564 1755 3744 1807; x_wconf 85' lang='lat' dir='ltr'><strong>mundi</strong></span> 
     </span>
    </p>
   </div>
   <div class='ocr_carea' id='block_1_34' title="bbox 468 1830 3742 1915">
    <p class='ocr_par' dir='ltr' id='par_1_34' title="bbox 468 1830 3742 1915">
     <span class='ocr_line' id='line_1_34' title="bbox 468 1830 3742 1915; baseline 0.001 -18"><span class='ocrx_word' id='word_1_262' title='bbox 468 1842 619 1897; x_wconf 89' lang='lat' dir='ltr'><strong>nium</strong></span> <span class='ocrx_word' id='word_1_263' title='bbox 649 1840 911 1896; x_wconf 90' lang='lat' dir='ltr'><strong>malorum</strong></span> <span class='ocrx_word' id='word_1_264' title='bbox 958 1840 1239 1905; x_wconf 82' lang='lat' dir='ltr'><strong>memoria,</strong></span> <span class='ocrx_word' id='word_1_265' title='bbox 1270 1834 1392 1910; x_wconf 66' lang='lat' dir='ltr'><strong>quin</strong></span> <span class='ocrx_word' id='word_1_266' title='bbox 1418 1839 1617 1894; x_wconf 90' lang='lat' dir='ltr'><strong>oblivio</strong></span> <span class='ocrx_word' id='word_1_267' title='bbox 1648 1847 1936 1894; x_wconf 67' lang='lat' dir='ltr'><strong>transacta:</strong></span> <span class='ocrx_word' id='word_1_268' title='bbox 1973 1838 2054 1893; x_wconf 84' lang='lat' dir='ltr'><strong>fe-</strong></span> <span class='ocrx_word' id='word_1_269' title='bbox 2086 1830 2131 1890; x_wconf 81' lang='grc' dir='ltr'>Β</span> <span class='ocrx_word' id='word_1_270' title='bbox 2160 1840 2320 1909; x_wconf 72' lang='lat' dir='ltr'><strong>hujus</strong></span> <span class='ocrx_word' id='word_1_271' title='bbox 2348 1842 2557 1895; x_wconf 90' lang='lat' dir='ltr'><strong>habuit.</strong></span> <span class='ocrx_word' id='word_1_272' title='bbox 2588 1840 2693 1895; x_wconf 90' lang='lat' dir='ltr'><strong>Sed</strong></span> <span class='ocrx_word' id='word_1_273' title='bbox 2730 1842 2935 1897; x_wconf 90' lang='lat' dir='ltr'><strong>idcirco</strong></span> <span class='ocrx_word' id='word_1_274' title='bbox 2969 1842 3112 1908; x_wconf 91' lang='lat' dir='ltr'><strong>illos,</strong></span> <span class='ocrx_word' id='word_1_275' title='bbox 3136 1843 3221 1896; x_wconf 88' lang='lat' dir='ltr'><strong>vel</strong></span> <span class='ocrx_word' id='word_1_276' title='bbox 3258 1852 3379 1913; x_wconf 90' lang='lat' dir='ltr'><strong>post</strong></span> <span class='ocrx_word' id='word_1_277' title='bbox 3428 1860 3644 1915; x_wconf 89' lang='lat' dir='ltr'><strong>rapere,</strong></span> <span class='ocrx_word' id='word_1_278' title='bbox 3672 1845 3742 1899; x_wconf 78' lang='lat' dir='ltr'><strong>vel</strong></span> 
     </span>
    </p>
   </div>
   <div class='ocr_carea' id='block_1_35' title="bbox 468 1930 2059 2003">
    <p class='ocr_par' dir='ltr' id='par_1_35' title="bbox 468 1930 2059 2003">
     <span class='ocr_line' id='line_1_35' title="bbox 468 1930 2059 2003; baseline -0.001 -15"><span class='ocrx_word' id='word_1_279' title='bbox 468 1932 710 2000; x_wconf 87' lang='lat' dir='ltr'><strong>licitatls,</strong></span> <span class='ocrx_word' id='word_1_280' title='bbox 766 1948 887 2003; x_wconf 71' lang='lat' dir='ltr'><strong>quae</strong></span> <span class='ocrx_word' id='word_1_281' title='bbox 912 1932 1143 1987; x_wconf 82' lang='lat' dir='ltr'><strong>formido</strong></span> <span class='ocrx_word' id='word_1_282' title='bbox 1186 1941 1242 1987; x_wconf 91' lang='lat' dir='ltr'><strong>et</strong></span> <span class='ocrx_word' id='word_1_283' title='bbox 1272 1932 1633 1987; x_wconf 88' lang='lat' dir='ltr'><strong>consideratio</strong></span> <span class='ocrx_word' id='word_1_284' title='bbox 1673 1930 1889 2000; x_wconf 86' lang='lat' dir='ltr'><strong>judicis.</strong></span> <span class='ocrx_word' id='word_1_285' title='bbox 1920 1931 2059 1998; x_wconf 86' lang='lat' dir='ltr'><strong>Quid</strong></span> 
     </span>
    </p>
   </div>
   <div class='ocr_carea' id='block_1_36' title="bbox 469 2023 2056 2099">
    <p class='ocr_par' dir='ltr' id='par_1_36' title="bbox 469 2023 2056 2099">
     <span class='ocr_line' id='line_1_36' title="bbox 469 2023 2056 2099; baseline -0.004 -17"><span class='ocrx_word' id='word_1_286' title='bbox 469 2040 602 2099; x_wconf 79' lang='lat' dir='ltr'><strong>ergo</strong></span> <span class='ocrx_word' id='word_1_287' title='bbox 638 2041 758 2082; x_wconf 90' lang='lat' dir='ltr'><strong>esse</strong></span> <span class='ocrx_word' id='word_1_288' title='bbox 799 2025 957 2081; x_wconf 93' lang='lat' dir='ltr'><strong>nobis</strong></span> <span class='ocrx_word' id='word_1_289' title='bbox 1004 2025 1069 2079; x_wconf 88' lang='lat' dir='ltr'><strong>de</strong></span> <span class='ocrx_word' id='word_1_290' title='bbox 1115 2024 1474 2093; x_wconf 65' lang='lat' dir='ltr'><strong>prtesentibus</strong></span> <span class='ocrx_word' id='word_1_291' title='bbox 1522 2024 1590 2077; x_wconf 88' lang='lat' dir='ltr'><strong>ad</strong></span> <span class='ocrx_word' id='word_1_292' title='bbox 1640 2023 2056 2077; x_wconf 88' lang='lat' dir='ltr'><strong>delectationem</strong></span> 
     </span>
    </p>
   </div>
   <div class='ocr_carea' id='block_1_37' title="bbox 472 2108 2061 2187">
    <p class='ocr_par' dir='ltr' id='par_1_37' title="bbox 472 2108 2061 2187">
     <span class='ocr_line' id='line_1_37' title="bbox 472 2108 2061 2187; baseline -0.006 -13"><span class='ocrx_word' id='word_1_293' title='bbox 472 2108 647 2180; x_wconf 82' lang='lat' dir='ltr'><strong>debet,</strong></span> <span class='ocrx_word' id='word_1_294' title='bbox 679 2116 893 2187; x_wconf 88' lang='lat' dir='ltr'><strong>quando</strong></span> <span class='ocrx_word' id='word_1_295' title='bbox 919 2115 1129 2171; x_wconf 90' lang='lat' dir='ltr'><strong>cunctis</strong></span> <span class='ocrx_word' id='word_1_296' title='bbox 1161 2114 1322 2169; x_wconf 87' lang='lat' dir='ltr'><strong>simul</strong></span> <span class='ocrx_word' id='word_1_297' title='bbox 1355 2113 1763 2168; x_wconf 87' lang='lat' dir='ltr'><strong>transeuntibus</strong></span> <span class='ocrx_word' id='word_1_298' title='bbox 1786 2128 1893 2167; x_wconf 91' lang='lat' dir='ltr'><strong>non</strong></span> <span class='ocrx_word' id='word_1_299' title='bbox 1915 2112 2061 2165; x_wconf 90' lang='lat' dir='ltr'><strong>valet</strong></span> 
     </span>
    </p>
   </div>
   <div class='ocr_carea' id='block_1_38' title="bbox 471 2203 2057 2278">
    <p class='ocr_par' dir='ltr' id='par_1_38' title="bbox 471 2203 2057 2278">
     <span class='ocr_line' id='line_1_38' title="bbox 471 2203 2057 2278; baseline -0.006 -13"><span class='ocrx_word' id='word_1_300' title='bbox 471 2210 708 2265; x_wconf 89' lang='lat' dir='ltr'><strong>transire</strong></span> <span class='ocrx_word' id='word_1_301' title='bbox 731 2209 874 2278; x_wconf 92' lang='lat' dir='ltr'><strong>quod</strong></span> <span class='ocrx_word' id='word_1_302' title='bbox 901 2206 1169 2270; x_wconf 76' lang='lat' dir='ltr'><strong>imminet,</strong></span> <span class='ocrx_word' id='word_1_303' title='bbox 1204 2206 1420 2275; x_wconf 89' lang='lat' dir='ltr'><strong>quando</strong></span> <span class='ocrx_word' id='word_1_304' title='bbox 1450 2213 1505 2259; x_wconf 92' lang='lat' dir='ltr'><strong>et</strong></span> <span class='ocrx_word' id='word_1_305' title='bbox 1534 2206 1637 2260; x_wconf 87' lang='lat' dir='ltr'><strong>hoc</strong></span> <span class='ocrx_word' id='word_1_306' title='bbox 1668 2204 1910 2258; x_wconf 78' lang='lat' dir='ltr'><strong>funditus</strong></span> <span class='ocrx_word' id='word_1_307' title='bbox 1936 2203 2057 2257; x_wconf 81' lang='lat' dir='ltr'><strong>lini-</strong></span> 
     </span>
    </p>
   </div>
   <div class='ocr_carea' id='block_1_39' title="bbox 473 2296 2060 2371">
    <p class='ocr_par' dir='ltr' id='par_1_39' title="bbox 473 2296 2060 2371">
     <span class='ocr_line' id='line_1_39' title="bbox 473 2296 2060 2371; baseline -0.006 -13"><span class='ocrx_word' id='word_1_308' title='bbox 473 2311 565 2358; x_wconf 89' lang='lat' dir='ltr'><strong>tur</strong></span> <span class='ocrx_word' id='word_1_309' title='bbox 593 2302 735 2371; x_wconf 90' lang='lat' dir='ltr'><strong>quod</strong></span> <span class='ocrx_word' id='word_1_310' title='bbox 762 2300 1023 2371; x_wconf 80' lang='lat' dir='ltr'><strong>diligitur,</strong></span> <span class='ocrx_word' id='word_1_311' title='bbox 1056 2306 1112 2354; x_wconf 91' lang='lat' dir='ltr'><strong>et</strong></span> <span class='ocrx_word' id='word_1_312' title='bbox 1137 2298 1267 2353; x_wconf 93' lang='lat' dir='ltr'><strong>illud</strong></span> <span class='ocrx_word' id='word_1_313' title='bbox 1294 2297 1570 2367; x_wconf 87' lang='lat' dir='ltr'><strong>incipitur,</strong></span> <span class='ocrx_word' id='word_1_314' title='bbox 1609 2297 1699 2351; x_wconf 91' lang='lat' dir='ltr'><strong>ubi</strong></span> <span class='ocrx_word' id='word_1_315' title='bbox 1741 2296 1897 2351; x_wconf 90' lang='lat' dir='ltr'><strong>dolor</strong></span> <span class='ocrx_word' id='word_1_316' title='bbox 1922 2311 2060 2349; x_wconf 92' lang='lat' dir='ltr'><strong>nun-</strong></span> 
     </span>
    </p>
   </div>
   <div class='ocr_carea' id='block_1_40' title="bbox 474 2386 2059 2465">
    <p class='ocr_par' dir='ltr' id='par_1_40' title="bbox 474 2386 2059 2465">
     <span class='ocr_line' id='line_1_40' title="bbox 474 2386 2059 2465; baseline -0.006 -17"><span class='ocrx_word' id='word_1_317' title='bbox 474 2409 640 2465; x_wconf 83' lang='lat' dir='ltr'><strong>quam</strong></span> <span class='ocrx_word' id='word_1_318' title='bbox 675 2392 894 2447; x_wconf 79' lang='lat' dir='ltr'><strong>linitur?</strong></span> <span class='ocrx_word' id='word_1_319' title='bbox 920 2390 1071 2445; x_wconf 90' lang='lat' dir='ltr'><strong>Tunc</strong></span> <span class='ocrx_word' id='word_1_320' title='bbox 1103 2389 1321 2459; x_wconf 78' lang='lat' dir='ltr'><strong>maligni</strong></span> <span class='ocrx_word' id='word_1_321' title='bbox 1350 2389 1573 2458; x_wconf 89' lang='lat' dir='ltr'><strong>spiritus</strong></span> <span class='ocrx_word' id='word_1_322' title='bbox 1606 2386 1917 2457; x_wconf 88' lang='lat' dir='ltr'><strong>egrediente</strong></span> <span class='ocrx_word' id='word_1_323' title='bbox 1939 2386 2059 2439; x_wconf 88' lang='lat' dir='ltr'><strong>ani-</strong></span> 
     </span>
    </p>
   </div>
   <div class='ocr_carea' id='block_1_41' title="bbox 473 2478 2059 2554">
    <p class='ocr_par' dir='ltr' id='par_1_41' title="bbox 473 2478 2059 2554">
     <span class='ocr_line' id='line_1_41' title="bbox 473 2478 2059 2554; baseline -0.005 -17"><span class='ocrx_word' id='word_1_324' title='bbox 473 2497 564 2538; x_wconf 89' lang='lat' dir='ltr'><strong>ma</strong></span> <span class='ocrx_word' id='word_1_325' title='bbox 599 2497 693 2537; x_wconf 87' lang='lat' dir='ltr'><strong>sua</strong></span> <span class='ocrx_word' id='word_1_326' title='bbox 734 2496 897 2551; x_wconf 87' lang='lat' dir='ltr'><strong>opera</strong></span> <span class='ocrx_word' id='word_1_327' title='bbox 928 2480 1245 2550; x_wconf 89' lang='lat' dir='ltr'><strong>requirunt,</strong></span> <span class='ocrx_word' id='word_1_328' title='bbox 1283 2488 1409 2533; x_wconf 92' lang='lat' dir='ltr'><strong>tunc</strong></span> <span class='ocrx_word' id='word_1_329' title='bbox 1437 2478 1577 2532; x_wconf 90' lang='lat' dir='ltr'><strong>mala</strong></span> <span class='ocrx_word' id='word_1_330' title='bbox 1607 2493 1726 2554; x_wconf 68' lang='lat' dir='ltr'><strong>qua:</strong></span> <span class='ocrx_word' id='word_1_331' title='bbox 1769 2483 2059 2531; x_wconf 90' lang='lat' dir='ltr'><strong>suaserunt</strong></span> 
     </span>
    </p>
   </div>
   <div class='ocr_carea' id='block_1_42' title="bbox 478 2565 2062 2642">
    <p class='ocr_par' dir='ltr' id='par_1_42' title="bbox 478 2565 2062 2642">
     <span class='ocr_line' id='line_1_42' title="bbox 478 2565 2062 2642; baseline -0.004 -15"><span class='ocrx_word' id='word_1_332' title='bbox 478 2572 761 2642; x_wconf 85' lang='lat' dir='ltr'><strong>replicant,</strong></span> <span class='ocrx_word' id='word_1_333' title='bbox 793 2579 855 2626; x_wconf 91' lang='lat' dir='ltr'><strong>ut</strong></span> <span class='ocrx_word' id='word_1_334' title='bbox 883 2570 1084 2626; x_wconf 89' lang='lat' dir='ltr'><strong>sociam</strong></span> <span class='ocrx_word' id='word_1_335' title='bbox 1114 2569 1181 2623; x_wconf 91' lang='lat' dir='ltr'><strong>ad</strong></span> <span class='ocrx_word' id='word_1_336' title='bbox 1211 2576 1479 2623; x_wconf 89' lang='lat' dir='ltr'><strong>tormenta</strong></span> <span class='ocrx_word' id='word_1_337' title='bbox 1512 2567 1748 2622; x_wconf 88' lang='lat' dir='ltr'><strong>trahant.</strong></span> <span class='ocrx_word' id='word_1_338' title='bbox 1793 2565 1976 2621; x_wconf 88' lang='lat' dir='ltr'><strong>Potest</strong></span> <span class='ocrx_word' id='word_1_339' title='bbox 2008 2574 2062 2621; x_wconf 90' lang='lat' dir='ltr'><strong>et</strong></span> 
     </span>
    </p>
   </div>
   <div class='ocr_carea' id='block_1_43' title="bbox 477 2662 1435 2736">
    <p class='ocr_par' dir='ltr' id='par_1_43' title="bbox 477 2662 1435 2736">
     <span class='ocr_line' id='line_1_43' title="bbox 477 2662 1435 2736; baseline -0.007 -14"><span class='ocrx_word' id='word_1_340' title='bbox 477 2663 585 2721; x_wconf 88' lang='lat' dir='ltr'><strong>hoc</strong></span> <span class='ocrx_word' id='word_1_341' title='bbox 610 2665 782 2736; x_wconf 89' lang='lat' dir='ltr'><strong>aptari</strong></span> <span class='ocrx_word' id='word_1_342' title='bbox 803 2663 932 2718; x_wconf 91' lang='lat' dir='ltr'><strong>illud</strong></span> <span class='ocrx_word' id='word_1_343' title='bbox 959 2662 1104 2734; x_wconf 90' lang='lat' dir='ltr'><strong>quod</strong></span> <span class='ocrx_word' id='word_1_344' title='bbox 1142 2662 1388 2731; x_wconf 88' lang='lat' dir='ltr'><strong>sequitur</strong></span> <span class='ocrx_word' id='word_1_345' title='bbox 1420 2675 1435 2715; x_wconf 90' lang='lat'><strong>:</strong></span> 
     </span>
    </p>
   </div>
   <div class='ocr_carea' id='block_1_44' title="bbox 553 2749 2062 2819">
    <p class='ocr_par' dir='ltr' id='par_1_44' title="bbox 553 2749 2062 2819">
     <span class='ocr_line' id='line_1_44' title="bbox 553 2749 2062 2819; baseline -0.005 -9"><span class='ocrx_word' id='word_1_346' title='bbox 553 2754 713 2811; x_wconf 85' lang='lat' dir='ltr'><strong>Sade.</strong></span> <span class='ocrx_word' id='word_1_347' title='bbox 750 2773 769 2805; x_wconf 74' lang='grc' dir='ltr'><strong>ι</strong></span> <span class='ocrx_word' id='word_1_348' title='bbox 804 2752 1069 2810; x_wconf 90' lang='lat' dir='ltr'><strong>Clamavit</strong></span> <span class='ocrx_word' id='word_1_349' title='bbox 1097 2767 1191 2807; x_wconf 91' lang='lat' dir='ltr'><strong>cor</strong></span> <span class='ocrx_word' id='word_1_350' title='bbox 1231 2767 1417 2807; x_wconf 87' lang='lat' dir='ltr'><strong>eorum</strong></span> <span class='ocrx_word' id='word_1_351' title='bbox 1448 2750 1515 2806; x_wconf 89' lang='lat' dir='ltr'><strong>ad</strong></span> <span class='ocrx_word' id='word_1_352' title='bbox 1558 2749 1865 2815; x_wconf 92' lang='lat' dir='ltr'><strong>Dominum,</strong></span> <span class='ocrx_word' id='word_1_353' title='bbox 1900 2763 2062 2819; x_wconf 89' lang='lat' dir='ltr'><strong>super</strong></span> 
     </span>
    </p>
   </div>
   <div class='ocr_carea' id='block_1_45' title="bbox 473 2840 2061 2914">
    <p class='ocr_par' dir='ltr' id='par_1_45' title="bbox 473 2840 2061 2914">
     <span class='ocr_line' id='line_1_45' title="bbox 473 2840 2061 2914; baseline -0.007 -12"><span class='ocrx_word' id='word_1_354' title='bbox 473 2861 659 2905; x_wconf 87' lang='lat' dir='ltr'><strong>muros</strong></span> <span class='ocrx_word' id='word_1_355' title='bbox 688 2844 811 2900; x_wconf 58' lang='lat' dir='ltr'><strong>illia;</strong></span> <span class='ocrx_word' id='word_1_356' title='bbox 837 2843 985 2899; x_wconf 91' lang='lat' dir='ltr'><strong>Sion.</strong></span> <span class='ocrx_word' id='word_1_357' title='bbox 1020 2864 1041 2895; x_wconf 77' lang='grc' dir='ltr'><strong>ι</strong></span> <span class='ocrx_word' id='word_1_358' title='bbox 1073 2840 1569 2914; x_wconf 81' lang='lat' dir='ltr'><strong>(Hieron.)Clamor</strong></span> <span class='ocrx_word' id='word_1_359' title='bbox 1592 2841 1681 2901; x_wconf 80' lang='lat' dir='ltr'><strong>hic</strong></span> <span class='ocrx_word' id='word_1_360' title='bbox 1707 2841 2061 2895; x_wconf 81' lang='lat' dir='ltr'><strong>intentionem</strong></span> 
     </span>
    </p>
   </div>
   <div class='ocr_carea' id='block_1_46' title="bbox 475 2932 2067 3003">
    <p class='ocr_par' dir='ltr' id='par_1_46' title="bbox 475 2932 2067 3003">
     <span class='ocr_line' id='line_1_46' title="bbox 475 2932 2067 3003; baseline -0.004 -12"><span class='ocrx_word' id='word_1_361' title='bbox 475 2937 695 3003; x_wconf 87' lang='lat' dir='ltr'><strong>mentis,</strong></span> <span class='ocrx_word' id='word_1_362' title='bbox 738 2950 846 2990; x_wconf 90' lang='lat' dir='ltr'><strong>non</strong></span> <span class='ocrx_word' id='word_1_363' title='bbox 871 2934 1255 2990; x_wconf 87' lang='lat' dir='ltr'><strong>exaltationem</strong></span> <span class='ocrx_word' id='word_1_364' title='bbox 1290 2934 1440 2988; x_wconf 90' lang='lat' dir='ltr'><strong>vocis</strong></span> <span class='ocrx_word' id='word_1_365' title='bbox 1485 2932 1771 3003; x_wconf 82' lang='lat' dir='ltr'><strong>signiﬁcat.</strong></span> <span class='ocrx_word' id='word_1_366' title='bbox 1815 2933 2067 2992; x_wconf 63' lang='lat' dir='ltr'><strong>Clamant</strong></span> 
     </span>
    </p>
   </div>
   <div class='ocr_carea' id='block_1_47' title="bbox 475 3022 2063 3097">
    <p class='ocr_par' dir='ltr' id='par_1_47' title="bbox 475 3022 2063 3097">
     <span class='ocr_line' id='line_1_47' title="bbox 475 3022 2063 3097; baseline -0.007 -13"><span class='ocrx_word' id='word_1_367' title='bbox 475 3028 619 3085; x_wconf 89' lang='lat' dir='ltr'><strong>enim</strong></span> <span class='ocrx_word' id='word_1_368' title='bbox 650 3024 887 3096; x_wconf 88' lang='lat' dir='ltr'><strong>perversi</strong></span> <span class='ocrx_word' id='word_1_369' title='bbox 913 3024 1182 3088; x_wconf 86' lang='lat' dir='ltr'><strong>homines,</strong></span> <span class='ocrx_word' id='word_1_370' title='bbox 1214 3023 1329 3078; x_wconf 88' lang='lat' dir='ltr'><strong>sive</strong></span> <span class='ocrx_word' id='word_1_371' title='bbox 1368 3023 1621 3092; x_wconf 73' lang='lat' dir='ltr'><strong>nequitia:</strong></span> <span class='ocrx_word' id='word_1_372' title='bbox 1652 3022 1924 3097; x_wconf 65' lang='lat' dir='ltr'><strong>spiritales</strong></span> <span class='ocrx_word' id='word_1_373' title='bbox 1968 3044 2063 3083; x_wconf 74' lang='grc' dir='ltr'><strong>ου-</strong></span> 
     </span>
    </p>
   </div>
   <div class='ocr_carea' id='block_1_48' title="bbox 475 3113 2071 3193">
    <p class='ocr_par' dir='ltr' id='par_1_48' title="bbox 475 3113 2071 3193">
     <span class='ocr_line' id='line_1_48' title="bbox 475 3113 2071 3193; baseline -0.007 -13"><span class='ocrx_word' id='word_1_374' title='bbox 475 3136 595 3180; x_wconf 77' lang='lat' dir='ltr'><strong>rant</strong></span> <span class='ocrx_word' id='word_1_375' title='bbox 628 3118 848 3179; x_wconf 81' lang='lat' dir='ltr'><strong>Domino</strong></span> <span class='ocrx_word' id='word_1_376' title='bbox 870 3132 1029 3193; x_wconf 81' lang='lat' dir='ltr'><strong>super</strong></span> <span class='ocrx_word' id='word_1_377' title='bbox 1052 3131 1233 3175; x_wconf 81' lang='lat' dir='ltr'><strong>muros</strong></span> <span class='ocrx_word' id='word_1_378' title='bbox 1253 3115 1376 3176; x_wconf 74' lang='lat' dir='ltr'><strong>illia:</strong></span> <span class='ocrx_word' id='word_1_379' title='bbox 1402 3113 1553 3182; x_wconf 68' lang='lat' dir='ltr'><strong>Sion,</strong></span> <span class='ocrx_word' id='word_1_380' title='bbox 1570 3132 1694 3176; x_wconf 89' lang='lat' dir='ltr'><strong>cum</strong></span> <span class='ocrx_word' id='word_1_381' title='bbox 1711 3128 2071 3190; x_wconf 75' lang='lat' dir='ltr'><strong>potestatem,</strong></span> 
     </span>
    </p>
   </div>
   <div class='ocr_carea' id='block_1_49' title="bbox 2158 1930 3745 2001">
    <p class='ocr_par' dir='ltr' id='par_1_49' title="bbox 2158 1930 3745 2001">
     <span class='ocr_line' id='line_1_49' title="bbox 2158 1930 3745 2001; baseline 0.003 -17"><span class='ocrx_word' id='word_1_382' title='bbox 2158 1930 2311 2001; x_wconf 90' lang='lat' dir='ltr'><strong>prius</strong></span> <span class='ocrx_word' id='word_1_383' title='bbox 2370 1939 2554 1985; x_wconf 89' lang='lat' dir='ltr'><strong>tenere</strong></span> <span class='ocrx_word' id='word_1_384' title='bbox 2612 1946 2716 1984; x_wconf 92' lang='lat' dir='ltr'><strong>non</strong></span> <span class='ocrx_word' id='word_1_385' title='bbox 2759 1932 2967 2000; x_wconf 91' lang='lat' dir='ltr'><strong>potuit,</strong></span> <span class='ocrx_word' id='word_1_386' title='bbox 3023 1932 3148 2000; x_wconf 90' lang='lat' dir='ltr'><strong>quia</strong></span> <span class='ocrx_word' id='word_1_387' title='bbox 3208 1947 3302 1986; x_wconf 89' lang='lat' dir='ltr'><strong>eos</strong></span> <span class='ocrx_word' id='word_1_388' title='bbox 3341 1933 3433 1986; x_wconf 92' lang='lat' dir='ltr'><strong>ille</strong></span> <span class='ocrx_word' id='word_1_389' title='bbox 3475 1947 3507 1985; x_wconf 91' lang='lat' dir='ltr'><strong>a</strong></span> <span class='ocrx_word' id='word_1_390' title='bbox 3557 1934 3745 1988; x_wconf 84' lang='lat' dir='ltr'><strong>debitis</strong></span> 
     </span>
    </p>
   </div>
   <div class='ocr_carea' id='block_1_50' title="bbox 2161 2014 3745 2089">
    <p class='ocr_par' dir='ltr' id='par_1_50' title="bbox 2161 2014 3745 2089">
     <span class='ocr_line' id='line_1_50' title="bbox 2161 2014 3745 2089; baseline 0.003 -14"><span class='ocrx_word' id='word_1_391' title='bbox 2161 2020 2273 2075; x_wconf 87' lang='lat' dir='ltr'><strong>suis</strong></span> <span class='ocrx_word' id='word_1_392' title='bbox 2302 2014 2519 2087; x_wconf 85' lang='lat' dir='ltr'><strong>eripuit,</strong></span> <span class='ocrx_word' id='word_1_393' title='bbox 2556 2020 2649 2088; x_wconf 92' lang='lat' dir='ltr'><strong>qui</strong></span> <span class='ocrx_word' id='word_1_394' title='bbox 2700 2036 2798 2089; x_wconf 91' lang='lat' dir='ltr'><strong>pro</strong></span> <span class='ocrx_word' id='word_1_395' title='bbox 2837 2021 2994 2076; x_wconf 84' lang='lat' dir='ltr'><strong>nobis</strong></span> <span class='ocrx_word' id='word_1_396' title='bbox 3034 2022 3151 2075; x_wconf 91' lang='lat' dir='ltr'><strong>sine</strong></span> <span class='ocrx_word' id='word_1_397' title='bbox 3191 2022 3373 2077; x_wconf 88' lang='lat' dir='ltr'><strong>debito</strong></span> <span class='ocrx_word' id='word_1_398' title='bbox 3413 2026 3610 2078; x_wconf 91' lang='lat' dir='ltr'><strong>mortis</strong></span> <span class='ocrx_word' id='word_1_399' title='bbox 3657 2025 3745 2079; x_wconf 87' lang='lat' dir='ltr'><strong>de—</strong></span> 
     </span>
    </p>
   </div>
   <div class='ocr_carea' id='block_1_51' title="bbox 2158 2110 3746 2180">
    <p class='ocr_par' dir='ltr' id='par_1_51' title="bbox 2158 2110 3746 2180">
     <span class='ocr_line' id='line_1_51' title="bbox 2158 2110 3746 2180; baseline 0.002 -14"><span class='ocrx_word' id='word_1_400' title='bbox 2158 2112 2330 2166; x_wconf 90' lang='lat' dir='ltr'><strong>bitum</strong></span> <span class='ocrx_word' id='word_1_401' title='bbox 2363 2110 2547 2175; x_wconf 90' lang='lat' dir='ltr'><strong>solvit,</strong></span> <span class='ocrx_word' id='word_1_402' title='bbox 2598 2126 2659 2163; x_wconf 67' lang='lat' dir='ltr'><strong>ut</strong></span> <span class='ocrx_word' id='word_1_403' title='bbox 2706 2126 2805 2165; x_wconf 92' lang='lat' dir='ltr'><strong>nos</strong></span> <span class='ocrx_word' id='word_1_404' title='bbox 2835 2112 2955 2166; x_wconf 92' lang='lat' dir='ltr'><strong>ideo</strong></span> <span class='ocrx_word' id='word_1_405' title='bbox 2986 2112 3087 2165; x_wconf 87' lang='lat' dir='ltr'><strong>sub</strong></span> <span class='ocrx_word' id='word_1_406' title='bbox 3112 2110 3236 2180; x_wconf 88' lang='lat' dir='ltr'><strong>jure</strong></span> <span class='ocrx_word' id='word_1_407' title='bbox 3261 2114 3434 2168; x_wconf 90' lang='lat' dir='ltr'><strong>hostis</strong></span> <span class='ocrx_word' id='word_1_408' title='bbox 3461 2117 3635 2169; x_wconf 91' lang='lat' dir='ltr'><strong>nostri</strong></span> <span class='ocrx_word' id='word_1_409' title='bbox 3660 2116 3746 2169; x_wconf 81' lang='lat' dir='ltr'><strong>de-</strong></span> 
     </span>
    </p>
   </div>
   <div class='ocr_carea' id='block_1_52' title="bbox 2159 2202 3747 2272">
    <p class='ocr_par' dir='ltr' id='par_1_52' title="bbox 2159 2202 3747 2272">
     <span class='ocr_line' id='line_1_52' title="bbox 2159 2202 3747 2272; baseline 0.002 -15"><span class='ocrx_word' id='word_1_410' title='bbox 2159 2202 2273 2257; x_wconf 89' lang='lat' dir='ltr'><strong>bita</strong></span> <span class='ocrx_word' id='word_1_411' title='bbox 2304 2208 2489 2256; x_wconf 89' lang='lat' dir='ltr'><strong>nostra</strong></span> <span class='ocrx_word' id='word_1_412' title='bbox 2539 2216 2641 2254; x_wconf 91' lang='lat' dir='ltr'><strong>non</strong></span> <span class='ocrx_word' id='word_1_413' title='bbox 2695 2210 2947 2265; x_wconf 88' lang='lat' dir='ltr'><strong>teneant,</strong></span> <span class='ocrx_word' id='word_1_414' title='bbox 2988 2204 3112 2272; x_wconf 84' lang='lat' dir='ltr'><strong>quia</strong></span> <span class='ocrx_word' id='word_1_415' title='bbox 3138 2218 3235 2271; x_wconf 92' lang='lat' dir='ltr'><strong>pro</strong></span> <span class='ocrx_word' id='word_1_416' title='bbox 3270 2206 3428 2259; x_wconf 87' lang='lat' dir='ltr'><strong>nobis</strong></span> <span class='ocrx_word' id='word_1_417' title='bbox 3480 2206 3747 2261; x_wconf 76' lang='lat' dir='ltr'><strong>mediator</strong></span> 
     </span>
    </p>
   </div>
   <div class='ocr_carea' id='block_1_53' title="bbox 2161 2282 3743 2363">
    <p class='ocr_par' dir='ltr' id='par_1_53' title="bbox 2161 2282 3743 2363">
     <span class='ocr_line' id='line_1_53' title="bbox 2161 2282 3743 2363; baseline 0.001 -17"><span class='ocrx_word' id='word_1_418' title='bbox 2161 2292 2254 2346; x_wconf 74' lang='lat' dir='ltr'><strong>Dei</strong></span> <span class='ocrx_word' id='word_1_419' title='bbox 2282 2300 2335 2344; x_wconf 91' lang='lat' dir='ltr'><strong>et</strong></span> <span class='ocrx_word' id='word_1_420' title='bbox 2362 2282 2641 2345; x_wconf 84' lang='lat' dir='ltr'><strong>hominum</strong></span> <span class='ocrx_word' id='word_1_421' title='bbox 2682 2290 2844 2345; x_wconf 88' lang='lat' dir='ltr'><strong>homo</strong></span> <span class='ocrx_word' id='word_1_422' title='bbox 2872 2289 3119 2346; x_wconf 86' lang='lat' dir='ltr'><strong>Christus</strong></span> <span class='ocrx_word' id='word_1_423' title='bbox 3145 2289 3303 2346; x_wconf 86' lang='lat' dir='ltr'><strong>Jesus</strong></span> <span class='ocrx_word' id='word_1_424' title='bbox 3334 2295 3579 2363; x_wconf 81' lang='lat' dir='ltr'><strong>gratuito</strong></span> <span class='ocrx_word' id='word_1_425' title='bbox 3622 2296 3743 2348; x_wconf 84' lang='lat' dir='ltr'><strong>red-</strong></span> 
     </span>
    </p>
   </div>
   <div class='ocr_carea' id='block_1_54' title="bbox 2162 2380 3745 2452">
    <p class='ocr_par' dir='ltr' id='par_1_54' title="bbox 2162 2380 3745 2452">
     <span class='ocr_line' id='line_1_54' title="bbox 2162 2380 3745 2452; baseline 0.003 -16"><span class='ocrx_word' id='word_1_426' title='bbox 2162 2381 2295 2436; x_wconf 88' lang='lat' dir='ltr'><strong>didit</strong></span> <span class='ocrx_word' id='word_1_427' title='bbox 2316 2382 2460 2450; x_wconf 91' lang='lat' dir='ltr'><strong>quod</strong></span> <span class='ocrx_word' id='word_1_428' title='bbox 2486 2396 2592 2435; x_wconf 89' lang='lat' dir='ltr'><strong>non</strong></span> <span class='ocrx_word' id='word_1_429' title='bbox 2621 2380 2868 2435; x_wconf 89' lang='lat' dir='ltr'><strong>debebat.</strong></span> <span class='ocrx_word' id='word_1_430' title='bbox 2908 2382 3009 2447; x_wconf 86' lang='lat' dir='ltr'><strong>Qui</strong></span> <span class='ocrx_word' id='word_1_431' title='bbox 3042 2384 3185 2437; x_wconf 84' lang='lat' dir='ltr'><strong>enim</strong></span> <span class='ocrx_word' id='word_1_432' title='bbox 3208 2398 3307 2452; x_wconf 90' lang='lat' dir='ltr'><strong>pro</strong></span> <span class='ocrx_word' id='word_1_433' title='bbox 3331 2383 3487 2437; x_wconf 91' lang='lat' dir='ltr'><strong>nobis</strong></span> <span class='ocrx_word' id='word_1_434' title='bbox 3520 2395 3745 2440; x_wconf 88' lang='lat' dir='ltr'><strong>mortem</strong></span> 
     </span>
    </p>
   </div>
   <div class='ocr_carea' id='block_1_55' title="bbox 2162 2470 3747 2536">
    <p class='ocr_par' dir='ltr' id='par_1_55' title="bbox 2162 2470 3747 2536">
     <span class='ocr_line' id='line_1_55' title="bbox 2162 2470 3747 2536; baseline 0.002 -10"><span class='ocrx_word' id='word_1_435' title='bbox 2162 2473 2341 2527; x_wconf 91' lang='lat' dir='ltr'><strong>carnis</strong></span> <span class='ocrx_word' id='word_1_436' title='bbox 2385 2470 2675 2525; x_wconf 89' lang='lat' dir='ltr'><strong>indebitam</strong></span> <span class='ocrx_word' id='word_1_437' title='bbox 2711 2472 2975 2536; x_wconf 89' lang='lat' dir='ltr'><strong>reddidit,</strong></span> <span class='ocrx_word' id='word_1_438' title='bbox 3006 2487 3103 2526; x_wconf 93' lang='lat' dir='ltr'><strong>nos</strong></span> <span class='ocrx_word' id='word_1_439' title='bbox 3133 2488 3163 2525; x_wconf 91' lang='lat' dir='ltr'><strong>a</strong></span> <span class='ocrx_word' id='word_1_440' title='bbox 3209 2473 3390 2527; x_wconf 87' lang='lat' dir='ltr'><strong>debita</strong></span> <span class='ocrx_word' id='word_1_441' title='bbox 3420 2485 3595 2529; x_wconf 82' lang='lat' dir='ltr'><strong>morte</strong></span> <span class='ocrx_word' id='word_1_442' title='bbox 3625 2475 3747 2529; x_wconf 87' lang='lat' dir='ltr'><strong>libe-</strong></span> 
     </span>
    </p>
   </div>
   <div class='ocr_carea' id='block_1_56' title="bbox 2162 2561 3745 2634">
    <p class='ocr_par' dir='ltr' id='par_1_56' title="bbox 2162 2561 3745 2634">
     <span class='ocr_line' id='line_1_56' title="bbox 2162 2561 3745 2634; baseline 0.002 -17"><span class='ocrx_word' id='word_1_443' title='bbox 2162 2565 2321 2617; x_wconf 91' lang='lat' dir='ltr'><strong>ravit.</strong></span> <span class='ocrx_word' id='word_1_444' title='bbox 2354 2561 2445 2617; x_wconf 87' lang='lat' dir='ltr'><strong>Ait</strong></span> <span class='ocrx_word' id='word_1_445' title='bbox 2468 2562 2654 2617; x_wconf 89' lang='lat' dir='ltr'><strong>enim:</strong></span> <span class='ocrx_word' id='word_1_446' title='bbox 2691 2581 2708 2613; x_wconf 69' lang='grc' dir='ltr'><strong>ι</strong></span> <span class='ocrx_word' id='word_1_447' title='bbox 2744 2563 2907 2633; x_wconf 78' lang='lat' dir='ltr'><strong>Venit</strong></span> <span class='ocrx_word' id='word_1_448' title='bbox 2947 2564 3087 2619; x_wconf 91' lang='lat' dir='ltr'><strong>enim</strong></span> <span class='ocrx_word' id='word_1_449' title='bbox 3132 2566 3385 2634; x_wconf 86' lang='lat' dir='ltr'><strong>princeps</strong></span> <span class='ocrx_word' id='word_1_450' title='bbox 3426 2568 3610 2620; x_wconf 86' lang='lat' dir='ltr'><strong>mundi</strong></span> <span class='ocrx_word' id='word_1_451' title='bbox 3650 2569 3745 2621; x_wconf 86' lang='lat' dir='ltr'><strong>hu-</strong></span> 
     </span>
    </p>
   </div>
   <div class='ocr_carea' id='block_1_57' title="bbox 2160 2655 3745 2733">
    <p class='ocr_par' dir='ltr' id='par_1_57' title="bbox 2160 2655 3745 2733">
     <span class='ocr_line' id='line_1_57' title="bbox 2160 2655 3745 2733; baseline 0.006 -23"><span class='ocrx_word' id='word_1_452' title='bbox 2160 2655 2265 2726; x_wconf 87' lang='lat' dir='ltr'><strong>jus,</strong></span> <span class='ocrx_word' id='word_1_453' title='bbox 2299 2665 2353 2711; x_wconf 93' lang='lat' dir='ltr'><strong>et</strong></span> <span class='ocrx_word' id='word_1_454' title='bbox 2400 2658 2454 2711; x_wconf 92' lang='lat' dir='ltr'><strong>in</strong></span> <span class='ocrx_word' id='word_1_455' title='bbox 2497 2672 2585 2711; x_wconf 88' lang='lat' dir='ltr'><strong>me</strong></span> <span class='ocrx_word' id='word_1_456' title='bbox 2625 2670 2730 2710; x_wconf 91' lang='lat' dir='ltr'><strong>non</strong></span> <span class='ocrx_word' id='word_1_457' title='bbox 2781 2657 2943 2711; x_wconf 82' lang='lat' dir='ltr'><strong>habet</strong></span> <span class='ocrx_word' id='word_1_458' title='bbox 2985 2657 3299 2733; x_wconf 72' lang='lat' dir='ltr'><strong>quidquam.</strong></span> <span class='ocrx_word' id='word_1_459' title='bbox 3338 2684 3355 2716; x_wconf 85' lang='grc'><strong>›</strong></span> <span class='ocrx_word' id='word_1_460' title='bbox 3399 2658 3562 2720; x_wconf 87' lang='lat' dir='ltr'><strong>Unde</strong></span> <span class='ocrx_word' id='word_1_461' title='bbox 3596 2664 3745 2733; x_wconf 69' lang='lat' dir='ltr'><strong>juxta</strong></span> 
     </span>
    </p>
   </div>
   <div class='ocr_carea' id='block_1_58' title="bbox 2163 2747 3748 2825">
    <p class='ocr_par' dir='ltr' id='par_1_58' title="bbox 2163 2747 3748 2825">
     <span class='ocr_line' id='line_1_58' title="bbox 2163 2747 3748 2825; baseline 0.004 -21"><span class='ocrx_word' id='word_1_462' title='bbox 2163 2748 2297 2806; x_wconf 80' lang='lat' dir='ltr'><strong>illud</strong></span> <span class='ocrx_word' id='word_1_463' title='bbox 2325 2749 2470 2825; x_wconf 76' lang='lat' dir='ltr'><strong>quod</strong></span> <span class='ocrx_word' id='word_1_464' title='bbox 2507 2764 2604 2810; x_wconf 83' lang='lat' dir='ltr'><strong>nus</strong></span> <span class='ocrx_word' id='word_1_465' title='bbox 2640 2747 2907 2824; x_wconf 77' lang='lat' dir='ltr'><strong>Pl‘ophcta</strong></span> <span class='ocrx_word' id='word_1_466' title='bbox 2947 2755 3285 2820; x_wconf 86' lang='lat' dir='ltr'><strong>exhortatur,</strong></span> <span class='ocrx_word' id='word_1_467' title='bbox 3331 2756 3561 2810; x_wconf 86' lang='lat' dir='ltr'><strong>dicens:</strong></span> <span class='ocrx_word' id='word_1_468' title='bbox 3600 2777 3617 2806; x_wconf 76' lang='grc' dir='ltr'>ί</span> <span class='ocrx_word' id='word_1_469' title='bbox 3650 2758 3748 2811; x_wconf 78' lang='lat' dir='ltr'><strong>De-</strong></span> 
     </span>
    </p>
   </div>
   <div class='ocr_carea' id='block_1_59' title="bbox 2167 2845 3749 2917">
    <p class='ocr_par' dir='ltr' id='par_1_59' title="bbox 2167 2845 3749 2917">
     <span class='ocr_line' id='line_1_59' title="bbox 2167 2845 3749 2917; baseline -0.001 -15"><span class='ocrx_word' id='word_1_470' title='bbox 2167 2848 2269 2902; x_wconf 89' lang='lat' dir='ltr'><strong>duc</strong></span> <span class='ocrx_word' id='word_1_471' title='bbox 2310 2846 2462 2915; x_wconf 83' lang='lat' dir='ltr'><strong>quasi</strong></span> <span class='ocrx_word' id='word_1_472' title='bbox 2515 2855 2813 2900; x_wconf 88' lang='lat' dir='ltr'><strong>torrentem</strong></span> <span class='ocrx_word' id='word_1_473' title='bbox 2874 2845 3145 2917; x_wconf 86' lang='lat' dir='ltr'><strong>lacrymas</strong></span> <span class='ocrx_word' id='word_1_474' title='bbox 3203 2861 3302 2915; x_wconf 91' lang='lat' dir='ltr'><strong>per</strong></span> <span class='ocrx_word' id='word_1_475' title='bbox 3350 2846 3493 2902; x_wconf 89' lang='lat' dir='ltr'><strong>diem</strong></span> <span class='ocrx_word' id='word_1_476' title='bbox 3556 2858 3608 2903; x_wconf 90' lang='lat' dir='ltr'><strong>et</strong></span> <span class='ocrx_word' id='word_1_477' title='bbox 3654 2864 3749 2917; x_wconf 87' lang='lat' dir='ltr'><strong>per</strong></span> 
     </span>
    </p>
   </div>
   <div class='ocr_carea' id='block_1_60' title="bbox 2167 2934 3739 3014">
    <p class='ocr_par' dir='ltr' id='par_1_60' title="bbox 2167 2934 3739 3014">
     <span class='ocr_line' id='line_1_60' title="bbox 2167 2934 3739 3014; baseline 0.001 -19"><span class='ocrx_word' id='word_1_478' title='bbox 2167 2951 2404 3008; x_wconf 89' lang='lat' dir='ltr'><strong>noctem,</strong></span> <span class='ocrx_word' id='word_1_479' title='bbox 2446 2958 2554 2998; x_wconf 93' lang='lat' dir='ltr'><strong>non</strong></span> <span class='ocrx_word' id='word_1_480' title='bbox 2603 2946 2697 2999; x_wconf 88' lang='lat' dir='ltr'><strong>des</strong></span> <span class='ocrx_word' id='word_1_481' title='bbox 2740 2944 2982 3013; x_wconf 91' lang='lat' dir='ltr'><strong>requiem</strong></span> <span class='ocrx_word' id='word_1_482' title='bbox 3029 2934 3165 3007; x_wconf 86' lang='lat' dir='ltr'><strong>tibi,</strong></span> <span class='ocrx_word' id='word_1_483' title='bbox 3216 2960 3391 3014; x_wconf 87' lang='lat' dir='ltr'><strong>neque</strong></span> <span class='ocrx_word' id='word_1_484' title='bbox 3431 2934 3608 3001; x_wconf 83' lang='lat' dir='ltr'><strong>taceat</strong></span> <span class='ocrx_word' id='word_1_485' title='bbox 3647 2961 3739 3014; x_wconf 84' lang='lat' dir='ltr'><strong>pn-</strong></span> 
     </span>
    </p>
   </div>
   <div class='ocr_carea' id='block_1_61' title="bbox 2167 3031 3748 3109">
    <p class='ocr_par' dir='ltr' id='par_1_61' title="bbox 2167 3031 3748 3109">
     <span class='ocr_line' id='line_1_61' title="bbox 2167 3031 3748 3109; baseline 0.006 -25"><span class='ocrx_word' id='word_1_486' title='bbox 2167 3031 2292 3101; x_wconf 90' lang='lat' dir='ltr'><strong>pilla</strong></span> <span class='ocrx_word' id='word_1_487' title='bbox 2336 3033 2476 3086; x_wconf 91' lang='lat' dir='ltr'><strong>oculi</strong></span> <span class='ocrx_word' id='word_1_488' title='bbox 2528 3034 2627 3088; x_wconf 92' lang='lat' dir='ltr'><strong>tni.</strong></span> <span class='ocrx_word' id='word_1_489' title='bbox 2674 3054 2692 3087; x_wconf 72' lang='grc' dir='ltr'><strong>ι</strong></span> <span class='ocrx_word' id='word_1_490' title='bbox 2746 3034 3038 3107; x_wconf 66' lang='grc' dir='ltr'>(Μλιιιιυε.)</span> <span class='ocrx_word' id='word_1_491' title='bbox 3093 3034 3250 3092; x_wconf 83' lang='lat' dir='ltr'><strong>Omni</strong></span> <span class='ocrx_word' id='word_1_492' title='bbox 3298 3045 3542 3107; x_wconf 89' lang='lat' dir='ltr'><strong>tempore</strong></span> <span class='ocrx_word' id='word_1_493' title='bbox 3575 3038 3748 3109; x_wconf 83' lang='lat' dir='ltr'><strong>lacry-</strong></span> 
     </span>
    </p>
   </div>
   <div class='ocr_carea' id='block_1_62' title="bbox 2169 3121 3744 3196">
    <p class='ocr_par' dir='ltr' id='par_1_62' title="bbox 2169 3121 3744 3196">
     <span class='ocr_line' id='line_1_62' title="bbox 2169 3121 3744 3196; baseline 0.004 -17"><span class='ocrx_word' id='word_1_494' title='bbox 2169 3139 2287 3180; x_wconf 78' lang='lat' dir='ltr'><strong>nas</strong></span> <span class='ocrx_word' id='word_1_495' title='bbox 2314 3140 2409 3195; x_wconf 90' lang='lat' dir='ltr'><strong>per</strong></span> <span class='ocrx_word' id='word_1_496' title='bbox 2435 3121 2900 3196; x_wconf 85' lang='lat' dir='ltr'><strong>compunctionem</strong></span> <span class='ocrx_word' id='word_1_497' title='bbox 2930 3128 3109 3183; x_wconf 92' lang='lat' dir='ltr'><strong>cordis</strong></span> <span class='ocrx_word' id='word_1_498' title='bbox 3150 3127 3427 3184; x_wconf 76' lang='lat' dir='ltr'><strong>eﬂ‘undere</strong></span> <span class='ocrx_word' id='word_1_499' title='bbox 3471 3130 3744 3194; x_wconf 80' lang='lat' dir='ltr'><strong>debemus,</strong></span> 
     </span>
    </p>
   </div>
   <div class='ocr_carea' id='block_1_63' title="bbox 476 3190 3746 3289">
    <p class='ocr_par' dir='ltr' id='par_1_63' title="bbox 476 3190 3746 3289">
     <span class='ocr_line' id='line_1_63' title="bbox 476 3190 3746 3289; baseline 0.001 -18"><span class='ocrx_word' id='word_1_500' title='bbox 476 3234 583 3289; x_wconf 87' lang='lat' dir='ltr'><strong>qua</strong></span> <span class='ocrx_word' id='word_1_501' title='bbox 638 3216 979 3273; x_wconf 89' lang='lat' dir='ltr'><strong>dominantur</strong></span> <span class='ocrx_word' id='word_1_502' title='bbox 1030 3215 1169 3285; x_wconf 86' lang='lat' dir='ltr'><strong>plebi</strong></span> <span class='ocrx_word' id='word_1_503' title='bbox 1217 3214 1301 3269; x_wconf 92' lang='lat' dir='ltr'><strong>vel</strong></span> <span class='ocrx_word' id='word_1_504' title='bbox 1343 3228 1537 3268; x_wconf 74' lang='lat' dir='ltr'><strong>81]!sz</strong></span> <span class='ocrx_word' id='word_1_505' title='bbox 1581 3214 1890 3284; x_wconf 86' lang='lat' dir='ltr'><strong>peccatrici,</strong></span> <span class='ocrx_word' id='word_1_506' title='bbox 1941 3228 2053 3267; x_wconf 72' lang='lat' dir='ltr'><strong>sua:</strong></span> <span class='ocrx_word' id='word_1_507' title='bbox 2080 3190 2127 3254; x_wconf 67' lang='grc' dir='ltr'>Ο</span> <span class='ocrx_word' id='word_1_508' title='bbox 2150 3217 2249 3285; x_wconf 89' lang='lat' dir='ltr'><strong>qui</strong></span> <span class='ocrx_word' id='word_1_509' title='bbox 2280 3226 2551 3272; x_wconf 91' lang='lat' dir='ltr'><strong>auctorem</strong></span> <span class='ocrx_word' id='word_1_510' title='bbox 2582 3227 2825 3280; x_wconf 88' lang='lat' dir='ltr'><strong>nostrum</strong></span> <span class='ocrx_word' id='word_1_511' title='bbox 2856 3220 3057 3273; x_wconf 90' lang='lat' dir='ltr'><strong>nostris</strong></span> <span class='ocrx_word' id='word_1_512' title='bbox 3090 3220 3463 3288; x_wconf 87' lang='lat' dir='ltr'><strong>iniquitatibus</strong></span> <span class='ocrx_word' id='word_1_513' title='bbox 3486 3190 3746 3274; x_wconf 78' lang='lat' dir='ltr'><strong>offensum</strong></span> 
     </span>
    </p>
   </div>
   <div class='ocr_carea' id='block_1_64' title="bbox 479 3295 2055 3379">
    <p class='ocr_par' dir='ltr' id='par_1_64' title="bbox 479 3295 2055 3379">
     <span class='ocr_line' id='line_1_64' title="bbox 479 3295 2055 3379; baseline -0.003 -12"><span class='ocrx_word' id='word_1_514' title='bbox 479 3312 761 3367; x_wconf 89' lang='lat' dir='ltr'><strong>ascribunt</strong></span> <span class='ocrx_word' id='word_1_515' title='bbox 786 3308 1057 3379; x_wconf 65' lang='lat' dir='ltr'><strong>potentiae,</strong></span> <span class='ocrx_word' id='word_1_516' title='bbox 1092 3323 1196 3363; x_wconf 92' lang='lat' dir='ltr'><strong>non</strong></span> <span class='ocrx_word' id='word_1_517' title='bbox 1218 3306 1422 3376; x_wconf 85' lang='lat' dir='ltr'><strong>judicio</strong></span> <span class='ocrx_word' id='word_1_518' title='bbox 1441 3295 1811 3377; x_wconf 89' lang='lat' dir='ltr'><strong>permissionis</strong></span> <span class='ocrx_word' id='word_1_519' title='bbox 1836 3307 2055 3373; x_wconf 62' lang='lat' dir='ltr'><strong>divinae,</strong></span> 
     </span>
    </p>
   </div>
   <div class='ocr_carea' id='block_1_65' title="bbox 478 3397 2054 3472">
    <p class='ocr_par' dir='ltr' id='par_1_65' title="bbox 478 3397 2054 3472">
     <span class='ocr_line' id='line_1_65' title="bbox 478 3397 2054 3472; baseline -0.003 -17"><span class='ocrx_word' id='word_1_520' title='bbox 478 3415 709 3472; x_wconf 90' lang='lat' dir='ltr'><strong>quorum</strong></span> <span class='ocrx_word' id='word_1_521' title='bbox 728 3398 1066 3470; x_wconf 87' lang='lat' dir='ltr'><strong>blasphemia</strong></span> <span class='ocrx_word' id='word_1_522' title='bbox 1083 3438 1098 3463; x_wconf 94' lang='lat'><strong>,</strong></span> <span class='ocrx_word' id='word_1_523' title='bbox 1128 3412 1232 3468; x_wconf 86' lang='lat' dir='ltr'><strong>qua</strong></span> <span class='ocrx_word' id='word_1_524' title='bbox 1262 3406 1455 3454; x_wconf 89' lang='lat' dir='ltr'><strong>contra</strong></span> <span class='ocrx_word' id='word_1_525' title='bbox 1482 3397 1769 3452; x_wconf 90' lang='lat' dir='ltr'><strong>Dominum</strong></span> <span class='ocrx_word' id='word_1_526' title='bbox 1795 3398 2054 3464; x_wconf 90' lang='lat' dir='ltr'><strong>clamant,</strong></span> 
     </span>
    </p>
   </div>
   <div class='ocr_carea' id='block_1_66' title="bbox 477 3488 2060 3564">
    <p class='ocr_par' dir='ltr' id='par_1_66' title="bbox 477 3488 2060 3564">
     <span class='ocr_line' id='line_1_66' title="bbox 477 3488 2060 3564; baseline -0.003 -15"><span class='ocrx_word' id='word_1_527' title='bbox 477 3494 742 3564; x_wconf 88' lang='lat' dir='ltr'><strong>condigna</strong></span> <span class='ocrx_word' id='word_1_528' title='bbox 772 3506 880 3547; x_wconf 92' lang='lat' dir='ltr'><strong>non</strong></span> <span class='ocrx_word' id='word_1_529' title='bbox 920 3490 1112 3547; x_wconf 86' lang='lat' dir='ltr'><strong>evadet</strong></span> <span class='ocrx_word' id='word_1_530' title='bbox 1140 3498 1427 3545; x_wconf 91' lang='lat' dir='ltr'><strong>tormenta.</strong></span> <span class='ocrx_word' id='word_1_531' title='bbox 1455 3488 1589 3545; x_wconf 89' lang='lat' dir='ltr'><strong>Cum</strong></span> <span class='ocrx_word' id='word_1_532' title='bbox 1634 3490 1777 3545; x_wconf 91' lang='lat' dir='ltr'><strong>enim</strong></span> <span class='ocrx_word' id='word_1_533' title='bbox 1808 3489 2060 3559; x_wconf 86' lang='lat' dir='ltr'><strong>expleve-</strong></span> 
     </span>
    </p>
   </div>
   <div class='ocr_carea' id='block_1_67' title="bbox 480 3580 2054 3653">
    <p class='ocr_par' dir='ltr' id='par_1_67' title="bbox 480 3580 2054 3653">
     <span class='ocr_line' id='line_1_67' title="bbox 480 3580 2054 3653; baseline -0.003 -14"><span class='ocrx_word' id='word_1_534' title='bbox 480 3584 592 3640; x_wconf 91' lang='lat' dir='ltr'><strong>rint</strong></span> <span class='ocrx_word' id='word_1_535' title='bbox 620 3582 841 3653; x_wconf 84' lang='lat' dir='ltr'><strong>superni</strong></span> <span class='ocrx_word' id='word_1_536' title='bbox 879 3580 1068 3637; x_wconf 84' lang='lat' dir='ltr'><strong>arbitri</strong></span> <span class='ocrx_word' id='word_1_537' title='bbox 1108 3580 1163 3635; x_wconf 91' lang='lat' dir='ltr'><strong>in</strong></span> <span class='ocrx_word' id='word_1_538' title='bbox 1199 3581 1526 3647; x_wconf 88' lang='lat' dir='ltr'><strong>adversariis</strong></span> <span class='ocrx_word' id='word_1_539' title='bbox 1551 3581 1663 3640; x_wconf 89' lang='lat' dir='ltr'><strong>suis</strong></span> <span class='ocrx_word' id='word_1_540' title='bbox 1690 3589 1897 3636; x_wconf 87' lang='lat' dir='ltr'><strong>secreta</strong></span> <span class='ocrx_word' id='word_1_541' title='bbox 1915 3580 2054 3651; x_wconf 90' lang='lat' dir='ltr'><strong>judi-</strong></span> 
     </span>
    </p>
   </div>
   <div class='ocr_carea' id='block_1_68' title="bbox 484 3670 2056 3743">
    <p class='ocr_par' dir='ltr' id='par_1_68' title="bbox 484 3670 2056 3743">
     <span class='ocr_line' id='line_1_68' title="bbox 484 3670 2056 3743; baseline -0.005 -12"><span class='ocrx_word' id='word_1_542' title='bbox 484 3677 590 3741; x_wconf 89' lang='lat' dir='ltr'><strong>cia,</strong></span> <span class='ocrx_word' id='word_1_543' title='bbox 618 3684 749 3730; x_wconf 90' lang='lat' dir='ltr'><strong>tunc</strong></span> <span class='ocrx_word' id='word_1_544' title='bbox 775 3682 830 3728; x_wconf 91' lang='lat' dir='ltr'><strong>et</strong></span> <span class='ocrx_word' id='word_1_545' title='bbox 858 3672 961 3743; x_wconf 89' lang='lat' dir='ltr'><strong>ipsi</strong></span> <span class='ocrx_word' id='word_1_546' title='bbox 1003 3678 1186 3726; x_wconf 87' lang='lat' dir='ltr'><strong>reatus</strong></span> <span class='ocrx_word' id='word_1_547' title='bbox 1229 3671 1311 3726; x_wconf 88' lang='lat' dir='ltr'><strong>sui</strong></span> <span class='ocrx_word' id='word_1_548' title='bbox 1334 3670 1479 3739; x_wconf 85' lang='lat' dir='ltr'><strong>justa</strong></span> <span class='ocrx_word' id='word_1_549' title='bbox 1525 3672 1785 3742; x_wconf 89' lang='lat' dir='ltr'><strong>recipient</strong></span> <span class='ocrx_word' id='word_1_550' title='bbox 1814 3672 2056 3740; x_wconf 81' lang='lat' dir='ltr'><strong>praemia.</strong></span> 
     </span>
    </p>
   </div>
   <div class='ocr_carea' id='block_1_69' title="bbox 478 3761 2061 3833">
    <p class='ocr_par' dir='ltr' id='par_1_69' title="bbox 478 3761 2061 3833">
     <span class='ocr_line' id='line_1_69' title="bbox 478 3761 2061 3833; baseline -0.004 -12"><span class='ocrx_word' id='word_1_551' title='bbox 478 3762 651 3821; x_wconf 71' lang='lat' dir='ltr'><strong>Nulla:</strong></span> <span class='ocrx_word' id='word_1_552' title='bbox 680 3764 823 3819; x_wconf 88' lang='lat' dir='ltr'><strong>enim</strong></span> <span class='ocrx_word' id='word_1_553' title='bbox 854 3776 1098 3833; x_wconf 69' lang='lat' dir='ltr'><strong>personae</strong></span> <span class='ocrx_word' id='word_1_554' title='bbox 1130 3769 1389 3832; x_wconf 89' lang='lat' dir='ltr'><strong>parcunt,</strong></span> <span class='ocrx_word' id='word_1_555' title='bbox 1426 3762 1550 3831; x_wconf 88' lang='lat' dir='ltr'><strong>quia</strong></span> <span class='ocrx_word' id='word_1_556' title='bbox 1576 3761 1827 3815; x_wconf 89' lang='lat' dir='ltr'><strong>omnibus</strong></span> <span class='ocrx_word' id='word_1_557' title='bbox 1865 3762 2061 3830; x_wconf 90' lang='lat' dir='ltr'><strong>quibus</strong></span> 
     </span>
    </p>
   </div>
   <div class='ocr_carea' id='block_1_70' title="bbox 478 3853 2057 3928">
    <p class='ocr_par' dir='ltr' id='par_1_70' title="bbox 478 3853 2057 3928">
     <span class='ocr_line' id='line_1_70' title="bbox 478 3853 2057 3928; baseline -0.004 -17"><span class='ocrx_word' id='word_1_558' title='bbox 478 3863 729 3928; x_wconf 88' lang='lat' dir='ltr'><strong>possunt,</strong></span> <span class='ocrx_word' id='word_1_559' title='bbox 764 3862 818 3910; x_wconf 91' lang='lat' dir='ltr'><strong>et</strong></span> <span class='ocrx_word' id='word_1_560' title='bbox 848 3861 1105 3927; x_wconf 88' lang='lat' dir='ltr'><strong>quantum</strong></span> <span class='ocrx_word' id='word_1_561' title='bbox 1134 3853 1543 3923; x_wconf 84' lang='lat' dir='ltr'><strong>permittuntur,</strong></span> <span class='ocrx_word' id='word_1_562' title='bbox 1587 3867 1783 3907; x_wconf 90' lang='lat' dir='ltr'><strong>nocere</strong></span> <span class='ocrx_word' id='word_1_563' title='bbox 1809 3853 2057 3921; x_wconf 89' lang='lat' dir='ltr'><strong>cupiunt,</strong></span> 
     </span>
    </p>
   </div>
   <div class='ocr_carea' id='block_1_71' title="bbox 480 3943 2055 4022">
    <p class='ocr_par' dir='ltr' id='par_1_71' title="bbox 480 3943 2055 4022">
     <span class='ocr_line' id='line_1_71' title="bbox 480 3943 2055 4022; baseline -0.004 -18"><span class='ocrx_word' id='word_1_564' title='bbox 480 3962 683 4018; x_wconf 85' lang='lat' dir='ltr'><strong>eosque</strong></span> <span class='ocrx_word' id='word_1_565' title='bbox 708 3946 1035 4022; x_wconf 72' lang='lat' dir='ltr'><strong>perditionis</strong></span> <span class='ocrx_word' id='word_1_566' title='bbox 1078 3960 1186 4000; x_wconf 75' lang='lat' dir='ltr'><strong>suae</strong></span> <span class='ocrx_word' id='word_1_567' title='bbox 1228 3954 1507 3999; x_wconf 87' lang='lat' dir='ltr'><strong>consortes</strong></span> <span class='ocrx_word' id='word_1_568' title='bbox 1551 3943 1752 3999; x_wconf 87' lang='lat' dir='ltr'><strong>habere</strong></span> <span class='ocrx_word' id='word_1_569' title='bbox 1788 3950 2055 4013; x_wconf 68' lang='lat' dir='ltr'><strong>quaerunt.</strong></span> 
     </span>
    </p>
   </div>
   <div class='ocr_carea' id='block_1_72' title="bbox 480 4036 2059 4115">
    <p class='ocr_par' dir='ltr' id='par_1_72' title="bbox 480 4036 2059 4115">
     <span class='ocr_line' id='line_1_72' title="bbox 480 4036 2059 4115; baseline -0.003 -21"><span class='ocrx_word' id='word_1_570' title='bbox 480 4038 687 4115; x_wconf 86' lang='lat' dir='ltr'><strong>(Greg.)</strong></span> <span class='ocrx_word' id='word_1_571' title='bbox 724 4038 877 4095; x_wconf 88' lang='lat' dir='ltr'><strong>Unde</strong></span> <span class='ocrx_word' id='word_1_572' title='bbox 918 4054 1018 4093; x_wconf 87' lang='lat' dir='ltr'><strong>nec</strong></span> <span class='ocrx_word' id='word_1_573' title='bbox 1041 4039 1176 4109; x_wconf 84' lang='lat' dir='ltr'><strong>opus</strong></span> <span class='ocrx_word' id='word_1_574' title='bbox 1203 4047 1286 4093; x_wconf 92' lang='lat' dir='ltr'><strong>est</strong></span> <span class='ocrx_word' id='word_1_575' title='bbox 1322 4040 1425 4092; x_wconf 90' lang='lat' dir='ltr'><strong>hoc</strong></span> <span class='ocrx_word' id='word_1_576' title='bbox 1464 4036 1799 4092; x_wconf 90' lang='lat' dir='ltr'><strong>solummodo</strong></span> <span class='ocrx_word' id='word_1_577' title='bbox 1830 4036 1895 4091; x_wconf 90' lang='lat' dir='ltr'><strong>de</strong></span> <span class='ocrx_word' id='word_1_578' title='bbox 1932 4050 2059 4106; x_wconf 88' lang='lat' dir='ltr'><strong>per-</strong></span> 
     </span>
    </p>
   </div>
   <div class='ocr_carea' id='block_1_73' title="bbox 484 4128 2059 4197">
    <p class='ocr_par' dir='ltr' id='par_1_73' title="bbox 484 4128 2059 4197">
     <span class='ocr_line' id='line_1_73' title="bbox 484 4128 2059 4197; baseline -0.004 -10"><span class='ocrx_word' id='word_1_579' title='bbox 484 4145 645 4187; x_wconf 88' lang='lat' dir='ltr'><strong>versa</strong></span> <span class='ocrx_word' id='word_1_580' title='bbox 697 4128 877 4183; x_wconf 89' lang='lat' dir='ltr'><strong>anima</strong></span> <span class='ocrx_word' id='word_1_581' title='bbox 918 4129 1120 4193; x_wconf 85' lang='lat' dir='ltr'><strong>dicere,</strong></span> <span class='ocrx_word' id='word_1_582' title='bbox 1164 4128 1289 4197; x_wconf 83' lang='lat' dir='ltr'><strong>quia</strong></span> <span class='ocrx_word' id='word_1_583' title='bbox 1331 4143 1452 4183; x_wconf 88' lang='lat' dir='ltr'><strong>eam</strong></span> <span class='ocrx_word' id='word_1_584' title='bbox 1507 4135 1865 4195; x_wconf 85' lang='lat' dir='ltr'><strong>coangustare</strong></span> <span class='ocrx_word' id='word_1_585' title='bbox 1911 4141 2059 4196; x_wconf 68' lang='lat' dir='ltr'><strong>quaa-</strong></span> 
     </span>
    </p>
   </div>
   <div class='ocr_carea' id='block_1_74' title="bbox 482 4214 2058 4287">
    <p class='ocr_par' dir='ltr' id='par_1_74' title="bbox 482 4214 2058 4287">
     <span class='ocr_line' id='line_1_74' title="bbox 482 4214 2058 4287; baseline -0.005 -13"><span class='ocrx_word' id='word_1_586' title='bbox 482 4225 632 4282; x_wconf 86' lang='lat' dir='ltr'><strong>runt,</strong></span> <span class='ocrx_word' id='word_1_587' title='bbox 664 4233 788 4272; x_wconf 91' lang='lat' dir='ltr'><strong>cum</strong></span> <span class='ocrx_word' id='word_1_588' title='bbox 826 4217 893 4272; x_wconf 90' lang='lat' dir='ltr'><strong>ad</strong></span> <span class='ocrx_word' id='word_1_589' title='bbox 934 4217 1135 4273; x_wconf 86' lang='lat' dir='ltr'><strong>electos</strong></span> <span class='ocrx_word' id='word_1_590' title='bbox 1167 4232 1408 4287; x_wconf 90' lang='lat' dir='ltr'><strong>quosque</strong></span> <span class='ocrx_word' id='word_1_591' title='bbox 1437 4216 1775 4287; x_wconf 87' lang='lat' dir='ltr'><strong>egredientes</strong></span> <span class='ocrx_word' id='word_1_592' title='bbox 1819 4214 2058 4277; x_wconf 89' lang='lat' dir='ltr'><strong>veniant,</strong></span> 
     </span>
    </p>
   </div>
   <div class='ocr_carea' id='block_1_75' title="bbox 482 4304 2056 4377">
    <p class='ocr_par' dir='ltr' id='par_1_75' title="bbox 482 4304 2056 4377">
     <span class='ocr_line' id='line_1_75' title="bbox 482 4304 2056 4377; baseline -0.004 -15"><span class='ocrx_word' id='word_1_593' title='bbox 482 4316 540 4363; x_wconf 89' lang='lat' dir='ltr'><strong>et</strong></span> <span class='ocrx_word' id='word_1_594' title='bbox 584 4324 739 4362; x_wconf 93' lang='lat' dir='ltr'><strong>suum</strong></span> <span class='ocrx_word' id='word_1_595' title='bbox 789 4309 844 4362; x_wconf 92' lang='lat' dir='ltr'><strong>in</strong></span> <span class='ocrx_word' id='word_1_596' title='bbox 875 4308 1001 4373; x_wconf 86' lang='lat' dir='ltr'><strong>illis,</strong></span> <span class='ocrx_word' id='word_1_597' title='bbox 1053 4309 1096 4363; x_wconf 90' lang='lat' dir='ltr'><strong>si</strong></span> <span class='ocrx_word' id='word_1_598' title='bbox 1134 4307 1478 4377; x_wconf 67' lang='lat' dir='ltr'><strong>praevaleant,</strong></span> <span class='ocrx_word' id='word_1_599' title='bbox 1532 4306 1733 4377; x_wconf 90' lang='lat' dir='ltr'><strong>aliquid</strong></span> <span class='ocrx_word' id='word_1_600' title='bbox 1760 4304 2056 4374; x_wconf 86' lang='lat' dir='ltr'><strong>requirant.</strong></span> 
     </span>
    </p>
   </div>
   <div class='ocr_carea' id='block_1_76' title="bbox 484 4394 2059 4466">
    <p class='ocr_par' dir='ltr' id='par_1_76' title="bbox 484 4394 2059 4466">
     <span class='ocr_line' id='line_1_76' title="bbox 484 4394 2059 4466; baseline -0.004 -14"><span class='ocrx_word' id='word_1_601' title='bbox 484 4395 639 4454; x_wconf 87' lang='lat' dir='ltr'><strong>Unus</strong></span> <span class='ocrx_word' id='word_1_602' title='bbox 667 4405 848 4451; x_wconf 88' lang='lat' dir='ltr'><strong>autem</strong></span> <span class='ocrx_word' id='word_1_603' title='bbox 875 4397 930 4451; x_wconf 89' lang='lat' dir='ltr'><strong>in</strong></span> <span class='ocrx_word' id='word_1_604' title='bbox 957 4397 1205 4451; x_wconf 91' lang='lat' dir='ltr'><strong>omnibus</strong></span> <span class='ocrx_word' id='word_1_605' title='bbox 1227 4397 1455 4460; x_wconf 83' lang='lat' dir='ltr'><strong>exstitit,</strong></span> <span class='ocrx_word' id='word_1_606' title='bbox 1485 4397 1577 4466; x_wconf 90' lang='lat' dir='ltr'><strong>qui</strong></span> <span class='ocrx_word' id='word_1_607' title='bbox 1602 4404 1727 4449; x_wconf 90' lang='lat' dir='ltr'><strong>ante</strong></span> <span class='ocrx_word' id='word_1_608' title='bbox 1754 4394 2059 4463; x_wconf 87' lang='lat' dir='ltr'><strong>passionem</strong></span> 
     </span>
    </p>
   </div>
   <div class='ocr_carea' id='block_1_77' title="bbox 480 4483 2060 4553">
    <p class='ocr_par' dir='ltr' id='par_1_77' title="bbox 480 4483 2060 4553">
     <span class='ocr_line' id='line_1_77' title="bbox 480 4483 2060 4553; baseline -0.003 -11"><span class='ocrx_word' id='word_1_609' title='bbox 480 4498 633 4542; x_wconf 75' lang='lat' dir='ltr'><strong>suam</strong></span> <span class='ocrx_word' id='word_1_610' title='bbox 658 4484 825 4540; x_wconf 83' lang='lat' dir='ltr'><strong>libera</strong></span> <span class='ocrx_word' id='word_1_611' title='bbox 850 4499 982 4540; x_wconf 88' lang='lat' dir='ltr'><strong>voce</strong></span> <span class='ocrx_word' id='word_1_612' title='bbox 1009 4486 1146 4540; x_wconf 75' lang='lat' dir='ltr'><strong>dixit</strong></span> <span class='ocrx_word' id='word_1_613' title='bbox 1176 4504 1187 4538; x_wconf 90' lang='lat'><strong>:</strong></span> <span class='ocrx_word' id='word_1_614' title='bbox 1224 4506 1241 4537; x_wconf 88' lang='grc'>‹</span> <span class='ocrx_word' id='word_1_615' title='bbox 1276 4484 1394 4539; x_wconf 87' lang='lat' dir='ltr'><strong>Jam</strong></span> <span class='ocrx_word' id='word_1_616' title='bbox 1442 4501 1547 4539; x_wconf 91' lang='lat' dir='ltr'><strong>non</strong></span> <span class='ocrx_word' id='word_1_617' title='bbox 1576 4483 1739 4538; x_wconf 92' lang='lat' dir='ltr'><strong>multa</strong></span> <span class='ocrx_word' id='word_1_618' title='bbox 1764 4483 1953 4553; x_wconf 89' lang='lat' dir='ltr'><strong>loquar</strong></span> <span class='ocrx_word' id='word_1_619' title='bbox 1972 4498 2060 4537; x_wconf 90' lang='lat' dir='ltr'><strong>vo-</strong></span> 
     </span>
    </p>
   </div>
   <div class='ocr_carea' id='block_1_78' title="bbox 482 4572 2058 4645">
    <p class='ocr_par' dir='ltr' id='par_1_78' title="bbox 482 4572 2058 4645">
     <span class='ocr_line' id='line_1_78' title="bbox 482 4572 2058 4645; baseline -0.004 -14"><span class='ocrx_word' id='word_1_620' title='bbox 482 4576 715 4642; x_wconf 88' lang='lat' dir='ltr'><strong>biscum,</strong></span> <span class='ocrx_word' id='word_1_621' title='bbox 752 4577 899 4631; x_wconf 88' lang='lat' dir='ltr'><strong>venit</strong></span> <span class='ocrx_word' id='word_1_622' title='bbox 920 4576 1060 4630; x_wconf 92' lang='lat' dir='ltr'><strong>enim</strong></span> <span class='ocrx_word' id='word_1_623' title='bbox 1090 4576 1343 4645; x_wconf 87' lang='lat' dir='ltr'><strong>princeps</strong></span> <span class='ocrx_word' id='word_1_624' title='bbox 1376 4575 1559 4629; x_wconf 89' lang='lat' dir='ltr'><strong>mundi</strong></span> <span class='ocrx_word' id='word_1_625' title='bbox 1590 4573 1767 4642; x_wconf 88' lang='lat' dir='ltr'><strong>hujus,</strong></span> <span class='ocrx_word' id='word_1_626' title='bbox 1795 4580 1851 4627; x_wconf 92' lang='lat' dir='ltr'><strong>et</strong></span> <span class='ocrx_word' id='word_1_627' title='bbox 1877 4572 1932 4626; x_wconf 92' lang='lat' dir='ltr'><strong>in</strong></span> <span class='ocrx_word' id='word_1_628' title='bbox 1971 4588 2058 4626; x_wconf 90' lang='lat' dir='ltr'><strong>me</strong></span> 
     </span>
    </p>
   </div>
   <div class='ocr_carea' id='block_1_79' title="bbox 482 4665 2059 4739">
    <p class='ocr_par' dir='ltr' id='par_1_79' title="bbox 482 4665 2059 4739">
     <span class='ocr_line' id='line_1_79' title="bbox 482 4665 2059 4739; baseline -0.004 -15"><span class='ocrx_word' id='word_1_629' title='bbox 482 4683 593 4724; x_wconf 88' lang='lat' dir='ltr'><strong>non</strong></span> <span class='ocrx_word' id='word_1_630' title='bbox 619 4670 781 4723; x_wconf 86' lang='lat' dir='ltr'><strong>habet</strong></span> <span class='ocrx_word' id='word_1_631' title='bbox 804 4667 1095 4737; x_wconf 89' lang='lat' dir='ltr'><strong>quidquam</strong></span> <span class='ocrx_word' id='word_1_632' title='bbox 1136 4667 1315 4739; x_wconf 87' lang='lat' dir='ltr'><strong>(Joan.</strong></span> <span class='ocrx_word' id='word_1_633' title='bbox 1348 4667 1479 4739; x_wconf 83' lang='lat' dir='ltr'><strong>xiv).</strong></span> <span class='ocrx_word' id='word_1_634' title='bbox 1513 4686 1531 4719; x_wconf 75' lang='grc' dir='ltr'><strong>ι</strong></span> <span class='ocrx_word' id='word_1_635' title='bbox 1563 4666 1699 4734; x_wconf 87' lang='lat' dir='ltr'><strong>Quia</strong></span> <span class='ocrx_word' id='word_1_636' title='bbox 1730 4665 1872 4720; x_wconf 88' lang='lat' dir='ltr'><strong>enim</strong></span> <span class='ocrx_word' id='word_1_637' title='bbox 1916 4665 2059 4718; x_wconf 90' lang='lat' dir='ltr'><strong>hunc</strong></span> 
     </span>
    </p>
   </div>
   <div class='ocr_carea' id='block_1_80' title="bbox 480 4754 2057 4823">
    <p class='ocr_par' dir='ltr' id='par_1_80' title="bbox 480 4754 2057 4823">
     <span class='ocr_line' id='line_1_80' title="bbox 480 4754 2057 4823; baseline -0.005 -8"><span class='ocrx_word' id='word_1_638' title='bbox 480 4760 765 4816; x_wconf 85' lang='lat' dir='ltr'><strong>mortalem</strong></span> <span class='ocrx_word' id='word_1_639' title='bbox 818 4758 1090 4823; x_wconf 80' lang='lat' dir='ltr'><strong>hominem</strong></span> <span class='ocrx_word' id='word_1_640' title='bbox 1119 4758 1271 4822; x_wconf 87' lang='lat' dir='ltr'><strong>vidit,</strong></span> <span class='ocrx_word' id='word_1_641' title='bbox 1304 4773 1458 4812; x_wconf 90' lang='lat' dir='ltr'><strong>suum</strong></span> <span class='ocrx_word' id='word_1_642' title='bbox 1503 4760 1556 4810; x_wconf 92' lang='lat' dir='ltr'><strong>in</strong></span> <span class='ocrx_word' id='word_1_643' title='bbox 1587 4756 1675 4811; x_wconf 87' lang='lat' dir='ltr'><strong>illo</strong></span> <span class='ocrx_word' id='word_1_644' title='bbox 1701 4754 1884 4809; x_wconf 93' lang='lat' dir='ltr'><strong>mundi</strong></span> <span class='ocrx_word' id='word_1_645' title='bbox 1905 4754 2057 4823; x_wconf 84' lang='lat' dir='ltr'><strong>prin-</strong></span> 
     </span>
    </p>
   </div>
   <div class='ocr_carea' id='block_1_81' title="bbox 482 4842 2058 4918">
    <p class='ocr_par' dir='ltr' id='par_1_81' title="bbox 482 4842 2058 4918">
     <span class='ocr_line' id='line_1_81' title="bbox 482 4842 2058 4918; baseline -0.006 -13"><span class='ocrx_word' id='word_1_646' title='bbox 482 4864 610 4918; x_wconf 92' lang='lat' dir='ltr'><strong>ceps</strong></span> <span class='ocrx_word' id='word_1_647' title='bbox 658 4847 857 4917; x_wconf 83' lang='lat' dir='ltr'><strong>aliquid</strong></span> <span class='ocrx_word' id='word_1_648' title='bbox 888 4847 1128 4902; x_wconf 87' lang='lat' dir='ltr'><strong>invenire</strong></span> <span class='ocrx_word' id='word_1_649' title='bbox 1156 4861 1312 4917; x_wconf 89' lang='lat' dir='ltr'><strong>posse</strong></span> <span class='ocrx_word' id='word_1_650' title='bbox 1356 4846 1601 4909; x_wconf 88' lang='lat' dir='ltr'><strong>credidit,</strong></span> <span class='ocrx_word' id='word_1_651' title='bbox 1649 4845 1745 4899; x_wconf 88' lang='lat' dir='ltr'><strong>sed</strong></span> <span class='ocrx_word' id='word_1_652' title='bbox 1788 4844 1905 4899; x_wconf 92' lang='lat' dir='ltr'><strong>sine</strong></span> <span class='ocrx_word' id='word_1_653' title='bbox 1950 4842 2058 4896; x_wconf 92' lang='lat' dir='ltr'><strong>ullo</strong></span> 
     </span>
    </p>
   </div>
   <div class='ocr_carea' id='block_1_82' title="bbox 482 4934 2058 5010">
    <p class='ocr_par' dir='ltr' id='par_1_82' title="bbox 482 4934 2058 5010">
     <span class='ocr_line' id='line_1_82' title="bbox 482 4934 2058 5010; baseline -0.004 -17"><span class='ocrx_word' id='word_1_654' title='bbox 482 4946 706 5010; x_wconf 84' lang='lat' dir='ltr'><strong>peccato</strong></span> <span class='ocrx_word' id='word_1_655' title='bbox 730 4952 761 4991; x_wconf 92' lang='lat' dir='ltr'><strong>a</strong></span> <span class='ocrx_word' id='word_1_656' title='bbox 791 4937 973 4991; x_wconf 91' lang='lat' dir='ltr'><strong>mundi</strong></span> <span class='ocrx_word' id='word_1_657' title='bbox 1007 4937 1351 5006; x_wconf 86' lang='lat' dir='ltr'><strong>corruptione</strong></span> <span class='ocrx_word' id='word_1_658' title='bbox 1379 4935 1529 4999; x_wconf 82' lang='lat' dir='ltr'><strong>exiit,</strong></span> <span class='ocrx_word' id='word_1_659' title='bbox 1558 4934 1651 5005; x_wconf 85' lang='lat' dir='ltr'><strong>qui</strong></span> <span class='ocrx_word' id='word_1_660' title='bbox 1693 4934 1809 4989; x_wconf 90' lang='lat' dir='ltr'><strong>sine</strong></span> <span class='ocrx_word' id='word_1_661' title='bbox 1836 4940 2058 5003; x_wconf 90' lang='lat' dir='ltr'><strong>peccato</strong></span> 
     </span>
    </p>
   </div>
   <div class='ocr_carea' id='block_1_83' title="bbox 483 5022 2058 5093">
    <p class='ocr_par' dir='ltr' id='par_1_83' title="bbox 483 5022 2058 5093">
     <span class='ocr_line' id='line_1_83' title="bbox 483 5022 2058 5093; baseline -0.004 -10"><span class='ocrx_word' id='word_1_662' title='bbox 483 5027 538 5083; x_wconf 88' lang='lat' dir='ltr'><strong>in</strong></span> <span class='ocrx_word' id='word_1_663' title='bbox 570 5026 826 5081; x_wconf 92' lang='lat' dir='ltr'><strong>mundum</strong></span> <span class='ocrx_word' id='word_1_664' title='bbox 854 5026 1018 5081; x_wconf 90' lang='lat' dir='ltr'><strong>venit.</strong></span> <span class='ocrx_word' id='word_1_665' title='bbox 1064 5025 1177 5081; x_wconf 83' lang='lat' dir='ltr'><strong>Hoc</strong></span> <span class='ocrx_word' id='word_1_666' title='bbox 1223 5026 1288 5079; x_wconf 90' lang='lat' dir='ltr'><strong>de</strong></span> <span class='ocrx_word' id='word_1_667' title='bbox 1322 5027 1381 5081; x_wconf 73' lang='lat' dir='ltr'><strong>se</strong></span> <span class='ocrx_word' id='word_1_668' title='bbox 1415 5033 1603 5080; x_wconf 90' lang='lat' dir='ltr'><strong>contra</strong></span> <span class='ocrx_word' id='word_1_669' title='bbox 1648 5023 1830 5078; x_wconf 86' lang='lat' dir='ltr'><strong>mundi</strong></span> <span class='ocrx_word' id='word_1_670' title='bbox 1859 5022 2058 5093; x_wconf 89' lang='lat' dir='ltr'><strong>princi-</strong></span> 
     </span>
    </p>
   </div>
   <div class='ocr_carea' id='block_1_84' title="bbox 481 5110 2057 5189">
    <p class='ocr_par' dir='ltr' id='par_1_84' title="bbox 481 5110 2057 5189">
     <span class='ocr_line' id='line_1_84' title="bbox 481 5110 2057 5189; baseline -0.003 -18"><span class='ocrx_word' id='word_1_671' title='bbox 481 5131 608 5189; x_wconf 89' lang='lat' dir='ltr'><strong>pem</strong></span> <span class='ocrx_word' id='word_1_672' title='bbox 637 5132 735 5171; x_wconf 87' lang='lat' dir='ltr'><strong>nec</strong></span> <span class='ocrx_word' id='word_1_673' title='bbox 758 5116 951 5171; x_wconf 86' lang='lat' dir='ltr'><strong>Petrus</strong></span> <span class='ocrx_word' id='word_1_674' title='bbox 974 5116 1153 5172; x_wconf 87' lang='lat' dir='ltr'><strong>dicere</strong></span> <span class='ocrx_word' id='word_1_675' title='bbox 1182 5114 1545 5185; x_wconf 83' lang='lat' dir='ltr'><strong>praesumpsit,</strong></span> <span class='ocrx_word' id='word_1_676' title='bbox 1580 5114 1671 5183; x_wconf 89' lang='lat' dir='ltr'><strong>qui</strong></span> <span class='ocrx_word' id='word_1_677' title='bbox 1719 5110 1906 5167; x_wconf 90' lang='lat' dir='ltr'><strong>audire</strong></span> <span class='ocrx_word' id='word_1_678' title='bbox 1944 5126 2057 5167; x_wconf 89' lang='lat' dir='ltr'><strong>me-</strong></span> 
     </span>
    </p>
   </div>
   <div class='ocr_carea' id='block_1_85' title="bbox 482 5200 2057 5273">
    <p class='ocr_par' dir='ltr' id='par_1_85' title="bbox 482 5200 2057 5273">
     <span class='ocr_line' id='line_1_85' title="bbox 482 5200 2057 5273; baseline -0.006 -11"><span class='ocrx_word' id='word_1_679' title='bbox 482 5206 593 5262; x_wconf 89' lang='lat' dir='ltr'><strong>ruit</strong></span> <span class='ocrx_word' id='word_1_680' title='bbox 631 5223 643 5258; x_wconf 90' lang='lat'><strong>:</strong></span> <span class='ocrx_word' id='word_1_681' title='bbox 697 5222 715 5255; x_wconf 85' lang='grc'><strong><em>‹</em></strong></span> <span class='ocrx_word' id='word_1_682' title='bbox 750 5203 1093 5272; x_wconf 66' lang='lat' dir='ltr'><strong>Quaecunque</strong></span> <span class='ocrx_word' id='word_1_683' title='bbox 1138 5204 1387 5273; x_wconf 88' lang='lat' dir='ltr'><strong>ligaveris</strong></span> <span class='ocrx_word' id='word_1_684' title='bbox 1428 5218 1592 5273; x_wconf 86' lang='lat' dir='ltr'><strong>super</strong></span> <span class='ocrx_word' id='word_1_685' title='bbox 1634 5212 1853 5266; x_wconf 89' lang='lat' dir='ltr'><strong>terram,</strong></span> <span class='ocrx_word' id='word_1_686' title='bbox 1896 5200 2057 5271; x_wconf 87' lang='lat' dir='ltr'><strong>ligata</strong></span> 
     </span>
    </p>
   </div>
   <div class='ocr_carea' id='block_1_86' title="bbox 484 5292 2057 5363">
    <p class='ocr_par' dir='ltr' id='par_1_86' title="bbox 484 5292 2057 5363">
     <span class='ocr_line' id='line_1_86' title="bbox 484 5292 2057 5363; baseline -0.004 -12"><span class='ocrx_word' id='word_1_687' title='bbox 484 5304 645 5351; x_wconf 87' lang='lat' dir='ltr'><strong>erunt</strong></span> <span class='ocrx_word' id='word_1_688' title='bbox 671 5303 723 5349; x_wconf 92' lang='lat' dir='ltr'><strong>et</strong></span> <span class='ocrx_word' id='word_1_689' title='bbox 754 5296 808 5349; x_wconf 93' lang='lat' dir='ltr'><strong>in</strong></span> <span class='ocrx_word' id='word_1_690' title='bbox 836 5294 1007 5361; x_wconf 74' lang='lat' dir='ltr'><strong>ccelo;</strong></span> <span class='ocrx_word' id='word_1_691' title='bbox 1039 5304 1090 5348; x_wconf 86' lang='lat' dir='ltr'><strong>et</strong></span> <span class='ocrx_word' id='word_1_692' title='bbox 1113 5292 1467 5363; x_wconf 89' lang='lat' dir='ltr'><strong>quodcunque</strong></span> <span class='ocrx_word' id='word_1_693' title='bbox 1496 5293 1721 5347; x_wconf 90' lang='lat' dir='ltr'><strong>solveris</strong></span> <span class='ocrx_word' id='word_1_694' title='bbox 1750 5306 1911 5361; x_wconf 88' lang='lat' dir='ltr'><strong>super</strong></span> <span class='ocrx_word' id='word_1_695' title='bbox 1945 5299 2057 5345; x_wconf 81' lang='lat' dir='ltr'><strong>ter-</strong></span> 
     </span>
    </p>
   </div>
   <div class='ocr_carea' id='block_1_87' title="bbox 483 5382 2061 5455">
    <p class='ocr_par' dir='ltr' id='par_1_87' title="bbox 483 5382 2061 5455">
     <span class='ocr_line' id='line_1_87' title="bbox 483 5382 2061 5455; baseline -0.002 -13"><span class='ocrx_word' id='word_1_696' title='bbox 483 5400 625 5452; x_wconf 84' lang='lat' dir='ltr'><strong>ram,</strong></span> <span class='ocrx_word' id='word_1_697' title='bbox 653 5385 883 5439; x_wconf 91' lang='lat' dir='ltr'><strong>solutum</strong></span> <span class='ocrx_word' id='word_1_698' title='bbox 905 5386 1007 5440; x_wconf 90' lang='lat' dir='ltr'><strong>erit</strong></span> <span class='ocrx_word' id='word_1_699' title='bbox 1031 5400 1079 5441; x_wconf 83' lang='lat' dir='ltr'><strong>ei</strong></span> <span class='ocrx_word' id='word_1_700' title='bbox 1108 5386 1161 5439; x_wconf 91' lang='lat' dir='ltr'><strong>in</strong></span> <span class='ocrx_word' id='word_1_701' title='bbox 1189 5385 1328 5439; x_wconf 68' lang='lat' dir='ltr'><strong>cwlo</strong></span> <span class='ocrx_word' id='word_1_702' title='bbox 1351 5384 1564 5453; x_wconf 82' lang='lat' dir='ltr'><strong>(Matth.</strong></span> <span class='ocrx_word' id='word_1_703' title='bbox 1594 5382 1722 5455; x_wconf 82' lang='lat' dir='ltr'><strong>xvi).</strong></span> <span class='ocrx_word' id='word_1_704' title='bbox 1765 5403 1782 5435; x_wconf 77' lang='grc' dir='ltr'><strong>ι</strong></span> <span class='ocrx_word' id='word_1_705' title='bbox 1824 5384 1936 5438; x_wconf 86' lang='lat' dir='ltr'><strong>Hoc</strong></span> <span class='ocrx_word' id='word_1_706' title='bbox 1961 5400 2061 5439; x_wconf 87' lang='lat' dir='ltr'><strong>nec</strong></span> 
     </span>
    </p>
   </div>
   <div class='ocr_carea' id='block_1_88' title="bbox 480 5474 2063 5543">
    <p class='ocr_par' dir='ltr' id='par_1_88' title="bbox 480 5474 2063 5543">
     <span class='ocr_line' id='line_1_88' title="bbox 480 5474 2063 5543; baseline -0.004 -8"><span class='ocrx_word' id='word_1_707' title='bbox 480 5476 683 5535; x_wconf 82' lang='lat' dir='ltr'><strong>Paulus</strong></span> <span class='ocrx_word' id='word_1_708' title='bbox 724 5475 903 5529; x_wconf 88' lang='lat' dir='ltr'><strong>dicere</strong></span> <span class='ocrx_word' id='word_1_709' title='bbox 950 5474 1324 5543; x_wconf 79' lang='lat' dir='ltr'><strong>praesumpsit,</strong></span> <span class='ocrx_word' id='word_1_710' title='bbox 1386 5476 1477 5543; x_wconf 91' lang='lat' dir='ltr'><strong>qui</strong></span> <span class='ocrx_word' id='word_1_711' title='bbox 1513 5474 1825 5543; x_wconf 90' lang='lat' dir='ltr'><strong>priusquam</strong></span> <span class='ocrx_word' id='word_1_712' title='bbox 1877 5476 2063 5529; x_wconf 90' lang='lat' dir='ltr'><strong>mortis</strong></span> 
     </span>
    </p>
   </div>
   <div class='ocr_carea' id='block_1_89' title="bbox 484 5563 2061 5637">
    <p class='ocr_par' dir='ltr' id='par_1_89' title="bbox 484 5563 2061 5637">
     <span class='ocr_line' id='line_1_89' title="bbox 484 5563 2061 5637; baseline -0.004 -12"><span class='ocrx_word' id='word_1_713' title='bbox 484 5570 723 5624; x_wconf 84' lang='lat' dir='ltr'><strong>debitum</strong></span> <span class='ocrx_word' id='word_1_714' title='bbox 749 5566 1001 5629; x_wconf 89' lang='lat' dir='ltr'><strong>solveret,</strong></span> <span class='ocrx_word' id='word_1_715' title='bbox 1032 5563 1099 5617; x_wconf 91' lang='lat' dir='ltr'><strong>ad</strong></span> <span class='ocrx_word' id='word_1_716' title='bbox 1144 5566 1287 5619; x_wconf 86' lang='lat' dir='ltr'><strong>tertii</strong></span> <span class='ocrx_word' id='word_1_717' title='bbox 1316 5565 1436 5620; x_wconf 70' lang='lat' dir='ltr'><strong>cmli</strong></span> <span class='ocrx_word' id='word_1_718' title='bbox 1470 5574 1675 5619; x_wconf 89' lang='lat' dir='ltr'><strong>secreta</strong></span> <span class='ocrx_word' id='word_1_719' title='bbox 1705 5566 1951 5634; x_wconf 85' lang='lat' dir='ltr'><strong>pervenit</strong></span> <span class='ocrx_word' id='word_1_720' title='bbox 1976 5565 2025 5637; x_wconf 89' lang='grc'><strong>(1</strong></span> <span class='ocrx_word' id='word_1_721' title='bbox 2034 5566 2061 5618; x_wconf 91' lang='grc'><em>1</em></span> 
     </span>
    </p>
   </div>
   <div class='ocr_carea' id='block_1_90' title="bbox 484 5655 2059 5731">
    <p class='ocr_par' dir='ltr' id='par_1_90' title="bbox 484 5655 2059 5731">
     <span class='ocr_line' id='line_1_90' title="bbox 484 5655 2059 5731; baseline -0.001 -16"><span class='ocrx_word' id='word_1_722' title='bbox 484 5659 607 5727; x_wconf 76' lang='lat' dir='ltr'><strong>Cor.</strong></span> <span class='ocrx_word' id='word_1_723' title='bbox 638 5658 759 5727; x_wconf 84' lang='lat' dir='ltr'><strong>xu).</strong></span> <span class='ocrx_word' id='word_1_724' title='bbox 802 5656 915 5711; x_wconf 81' lang='lat' dir='ltr'><strong>Hoc</strong></span> <span class='ocrx_word' id='word_1_725' title='bbox 956 5671 1058 5710; x_wconf 93' lang='lat' dir='ltr'><strong>nec</strong></span> <span class='ocrx_word' id='word_1_726' title='bbox 1089 5655 1324 5711; x_wconf 80' lang='lat' dir='ltr'><strong>Joannes</strong></span> <span class='ocrx_word' id='word_1_727' title='bbox 1376 5659 1555 5713; x_wconf 88' lang='lat' dir='ltr'><strong>dicere</strong></span> <span class='ocrx_word' id='word_1_728' title='bbox 1589 5674 1753 5713; x_wconf 89' lang='lat' dir='ltr'><strong>ausus</strong></span> <span class='ocrx_word' id='word_1_729' title='bbox 1798 5671 1879 5714; x_wconf 90' lang='lat' dir='ltr'><strong>est</strong></span> <span class='ocrx_word' id='word_1_730' title='bbox 1906 5702 1919 5725; x_wconf 94' lang='lat'><strong>,</strong></span> <span class='ocrx_word' id='word_1_731' title='bbox 1970 5664 2059 5731; x_wconf 91' lang='lat' dir='ltr'><strong>qni</strong></span> 
     </span>
    </p>
   </div>
   <div class='ocr_carea' id='block_1_91' title="bbox 483 5746 2059 5836">
    <p class='ocr_par' dir='ltr' id='par_1_91' title="bbox 483 5746 2059 5836">
     <span class='ocr_line' id='line_1_91' title="bbox 483 5746 2059 5836; baseline 0.003 -31"><span class='ocrx_word' id='word_1_732' title='bbox 483 5765 583 5836; x_wconf 86' lang='lat' dir='ltr'><strong>pro</strong></span> <span class='ocrx_word' id='word_1_733' title='bbox 617 5763 800 5804; x_wconf 84' lang='lat' dir='ltr'><strong>amore</strong></span> <span class='ocrx_word' id='word_1_734' title='bbox 820 5746 1092 5821; x_wconf 56' lang='grc' dir='ltr'>ιιι-πείριιο</span> <span class='ocrx_word' id='word_1_735' title='bbox 1134 5748 1187 5803; x_wconf 91' lang='lat' dir='ltr'><strong>in</strong></span> <span class='ocrx_word' id='word_1_736' title='bbox 1218 5747 1592 5822; x_wconf 82' lang='lat' dir='ltr'><strong>Redemptoris</strong></span> <span class='ocrx_word' id='word_1_737' title='bbox 1635 5752 1717 5808; x_wconf 91' lang='lat' dir='ltr'><strong>sui</strong></span> <span class='ocrx_word' id='word_1_738' title='bbox 1758 5765 1977 5827; x_wconf 86' lang='lat' dir='ltr'><strong>pectore</strong></span> <span class='ocrx_word' id='word_1_739' title='bbox 2008 5758 2059 5812; x_wconf 70' lang='lat' dir='ltr'><strong>in</strong></span> 
     </span>
    </p>
   </div>
   <div class='ocr_carea' id='block_1_92' title="bbox 2158 3307 3749 3379">
    <p class='ocr_par' dir='ltr' id='par_1_92' title="bbox 2158 3307 3749 3379">
     <span class='ocr_line' id='line_1_92' title="bbox 2158 3307 3749 3379; baseline 0.001 -17"><span class='ocrx_word' id='word_1_740' title='bbox 2158 3323 2265 3363; x_wconf 92' lang='lat' dir='ltr'><strong>non</strong></span> <span class='ocrx_word' id='word_1_741' title='bbox 2291 3307 2599 3377; x_wconf 83' lang='lat' dir='ltr'><strong>ignoramus</strong></span> <span class='ocrx_word' id='word_1_742' title='bbox 2641 3326 2654 3361; x_wconf 89' lang='lat'><strong>:</strong></span> <span class='ocrx_word' id='word_1_743' title='bbox 2692 3323 2797 3362; x_wconf 94' lang='lat' dir='ltr'><strong>non</strong></span> <span class='ocrx_word' id='word_1_744' title='bbox 2828 3308 3184 3376; x_wconf 70' lang='lat' dir='ltr'><strong>dissolvantur</strong></span> <span class='ocrx_word' id='word_1_745' title='bbox 3214 3310 3367 3379; x_wconf 83' lang='lat' dir='ltr'><strong>pigra</strong></span> <span class='ocrx_word' id='word_1_746' title='bbox 3398 3312 3593 3364; x_wconf 81' lang='lat' dir='ltr'><strong>inertia</strong></span> <span class='ocrx_word' id='word_1_747' title='bbox 3612 3352 3625 3374; x_wconf 91' lang='lat'><strong>,</strong></span> <span class='ocrx_word' id='word_1_748' title='bbox 3651 3325 3749 3364; x_wconf 87' lang='lat' dir='ltr'><strong>nec</strong></span> 
     </span>
    </p>
   </div>
   <div class='ocr_carea' id='block_1_93' title="bbox 2157 3398 3747 3474">
    <p class='ocr_par' dir='ltr' id='par_1_93' title="bbox 2157 3398 3747 3474">
     <span class='ocr_line' id='line_1_93' title="bbox 2157 3398 3747 3474; baseline 0.003 -23"><span class='ocrx_word' id='word_1_749' title='bbox 2157 3412 2255 3467; x_wconf 91' lang='lat' dir='ltr'><strong>per</strong></span> <span class='ocrx_word' id='word_1_750' title='bbox 2275 3398 2534 3453; x_wconf 86' lang='lat' dir='ltr'><strong>desidiam</strong></span> <span class='ocrx_word' id='word_1_751' title='bbox 2564 3406 2618 3452; x_wconf 91' lang='lat' dir='ltr'><strong>et</strong></span> <span class='ocrx_word' id='word_1_752' title='bbox 2644 3414 2835 3461; x_wconf 78' lang='lat' dir='ltr'><strong>vanam</strong></span> <span class='ocrx_word' id='word_1_753' title='bbox 2863 3399 3209 3474; x_wconf 81' lang='lat' dir='ltr'><strong>securitatem</strong></span> <span class='ocrx_word' id='word_1_754' title='bbox 3229 3410 3405 3455; x_wconf 91' lang='lat' dir='ltr'><strong>cesset</strong></span> <span class='ocrx_word' id='word_1_755' title='bbox 3440 3416 3469 3453; x_wconf 90' lang='lat' dir='ltr'><strong>a</strong></span> <span class='ocrx_word' id='word_1_756' title='bbox 3495 3400 3747 3472; x_wconf 77' lang='lat' dir='ltr'><strong>lacrymis</strong></span> 
     </span>
    </p>
   </div>
   <div class='ocr_carea' id='block_1_94' title="bbox 2157 3487 3743 3560">
    <p class='ocr_par' dir='ltr' id='par_1_94' title="bbox 2157 3487 3743 3560">
     <span class='ocr_line' id='line_1_94' title="bbox 2157 3487 3743 3560; baseline 0.001 -18"><span class='ocrx_word' id='word_1_757' title='bbox 2157 3487 2359 3560; x_wconf 91' lang='lat' dir='ltr'><strong>pupilla</strong></span> <span class='ocrx_word' id='word_1_758' title='bbox 2377 3487 2520 3543; x_wconf 87' lang='lat' dir='ltr'><strong>oculi</strong></span> <span class='ocrx_word' id='word_1_759' title='bbox 2548 3488 2737 3542; x_wconf 91' lang='lat' dir='ltr'><strong>nostri.</strong></span> <span class='ocrx_word' id='word_1_760' title='bbox 2768 3487 3212 3560; x_wconf 76' lang='lat' dir='ltr'><strong>Przeoccupemus</strong></span> <span class='ocrx_word' id='word_1_761' title='bbox 3238 3489 3431 3545; x_wconf 86' lang='lat' dir='ltr'><strong>faciem</strong></span> <span class='ocrx_word' id='word_1_762' title='bbox 3448 3490 3667 3545; x_wconf 82' lang='lat' dir='ltr'><strong>Domini</strong></span> <span class='ocrx_word' id='word_1_763' title='bbox 3695 3493 3743 3545; x_wconf 86' lang='lat' dir='ltr'><strong>in</strong></span> 
     </span>
    </p>
   </div>
   <div class='ocr_carea' id='block_1_95' title="bbox 2158 3576 3746 3650">
    <p class='ocr_par' dir='ltr' id='par_1_95' title="bbox 2158 3576 3746 3650">
     <span class='ocr_line' id='line_1_95' title="bbox 2158 3576 3746 3650; baseline -0.001 -17"><span class='ocrx_word' id='word_1_764' title='bbox 2158 3576 2518 3643; x_wconf 84' lang='lat' dir='ltr'><strong>confessione,</strong></span> <span class='ocrx_word' id='word_1_765' title='bbox 2546 3578 2674 3631; x_wconf 89' lang='lat' dir='ltr'><strong>etin</strong></span> <span class='ocrx_word' id='word_1_766' title='bbox 2700 3576 2920 3647; x_wconf 91' lang='lat' dir='ltr'><strong>psalmis</strong></span> <span class='ocrx_word' id='word_1_767' title='bbox 2941 3576 3232 3646; x_wconf 91' lang='lat' dir='ltr'><strong>jubilemus</strong></span> <span class='ocrx_word' id='word_1_768' title='bbox 3255 3581 3326 3635; x_wconf 90' lang='lat' dir='ltr'><strong>ei.</strong></span> <span class='ocrx_word' id='word_1_769' title='bbox 3370 3580 3634 3635; x_wconf 86' lang='lat' dir='ltr'><strong>Lavemus</strong></span> <span class='ocrx_word' id='word_1_770' title='bbox 3648 3596 3746 3650; x_wconf 83' lang='lat' dir='ltr'><strong>per</strong></span> 
     </span>
    </p>
   </div>
   <div class='ocr_carea' id='block_1_96' title="bbox 2160 3670 3742 3743">
    <p class='ocr_par' dir='ltr' id='par_1_96' title="bbox 2160 3670 3742 3743">
     <span class='ocr_line' id='line_1_96' title="bbox 2160 3670 3742 3743; baseline -0.002 -16"><span class='ocrx_word' id='word_1_771' title='bbox 2160 3670 2398 3742; x_wconf 87' lang='lat' dir='ltr'><strong>singulas</strong></span> <span class='ocrx_word' id='word_1_772' title='bbox 2443 3680 2629 3725; x_wconf 90' lang='lat' dir='ltr'><strong>noctes</strong></span> <span class='ocrx_word' id='word_1_773' title='bbox 2678 3670 3153 3725; x_wconf 85' lang='lat' dir='ltr'><strong>lectumnostrum</strong></span> <span class='ocrx_word' id='word_1_774' title='bbox 3199 3672 3476 3743; x_wconf 88' lang='lat' dir='ltr'><strong>lacrymis,</strong></span> <span class='ocrx_word' id='word_1_775' title='bbox 3518 3682 3742 3728; x_wconf 90' lang='lat' dir='ltr'><strong>stratum</strong></span> 
     </span>
    </p>
   </div>
   <div class='ocr_carea' id='block_1_97' title="bbox 2160 3759 3741 3832">
    <p class='ocr_par' dir='ltr' id='par_1_97' title="bbox 2160 3759 3741 3832">
     <span class='ocr_line' id='line_1_97' title="bbox 2160 3759 3741 3832; baseline -0.001 -15"><span class='ocrx_word' id='word_1_776' title='bbox 2160 3771 2405 3817; x_wconf 90' lang='lat' dir='ltr'><strong>nostrum</strong></span> <span class='ocrx_word' id='word_1_777' title='bbox 2436 3761 2693 3832; x_wconf 80' lang='lat' dir='ltr'><strong>rigemus,</strong></span> <span class='ocrx_word' id='word_1_778' title='bbox 2718 3761 3105 3815; x_wconf 75' lang='lat' dir='ltr'><strong>misericordia:</strong></span> <span class='ocrx_word' id='word_1_779' title='bbox 3132 3759 3384 3831; x_wconf 89' lang='lat' dir='ltr'><strong>op&#39;eribus</strong></span> <span class='ocrx_word' id='word_1_780' title='bbox 3411 3763 3741 3826; x_wconf 86' lang='lat' dir='ltr'><strong>insistamus,</strong></span> 
     </span>
    </p>
   </div>
   <div class='ocr_carea' id='block_1_98' title="bbox 2159 3838 3746 3925">
    <p class='ocr_par' dir='ltr' id='par_1_98' title="bbox 2159 3838 3746 3925">
     <span class='ocr_line' id='line_1_98' title="bbox 2159 3838 3746 3925; baseline 0 -18"><span class='ocrx_word' id='word_1_781' title='bbox 2159 3860 2216 3907; x_wconf 90' lang='lat' dir='ltr'><strong>et</strong></span> <span class='ocrx_word' id='word_1_782' title='bbox 2261 3838 2654 3925; x_wconf 77' lang='lat' dir='ltr'><strong>eleeinosynam</strong></span> <span class='ocrx_word' id='word_1_783' title='bbox 2694 3852 3019 3923; x_wconf 86' lang='lat' dir='ltr'><strong>pauperibus</strong></span> <span class='ocrx_word' id='word_1_784' title='bbox 3060 3852 3282 3922; x_wconf 89' lang='lat' dir='ltr'><strong>largiter</strong></span> <span class='ocrx_word' id='word_1_785' title='bbox 3314 3853 3643 3918; x_wconf 86' lang='lat' dir='ltr'><strong>tribuamus,</strong></span> <span class='ocrx_word' id='word_1_786' title='bbox 3694 3864 3746 3909; x_wconf 91' lang='lat' dir='ltr'><strong>et</strong></span> 
     </span>
    </p>
   </div>
   <div class='ocr_carea' id='block_1_99' title="bbox 2161 3942 3749 4013">
    <p class='ocr_par' dir='ltr' id='par_1_99' title="bbox 2161 3942 3749 4013">
     <span class='ocr_line' id='line_1_99' title="bbox 2161 3942 3749 4013; baseline 0.001 -18"><span class='ocrx_word' id='word_1_787' title='bbox 2161 3950 2271 3995; x_wconf 85' lang='lat' dir='ltr'><strong>tam</strong></span> <span class='ocrx_word' id='word_1_788' title='bbox 2299 3958 2398 4012; x_wconf 91' lang='lat' dir='ltr'><strong>pro</strong></span> <span class='ocrx_word' id='word_1_789' title='bbox 2430 3942 2605 4009; x_wconf 89' lang='lat' dir='ltr'><strong>nobis,</strong></span> <span class='ocrx_word' id='word_1_790' title='bbox 2638 3956 2799 4012; x_wconf 75' lang='lat' dir='ltr'><strong>(luam</strong></span> <span class='ocrx_word' id='word_1_791' title='bbox 2829 3945 2994 3998; x_wconf 90' lang='lat' dir='ltr'><strong>etiam</strong></span> <span class='ocrx_word' id='word_1_792' title='bbox 3020 3958 3118 4013; x_wconf 91' lang='lat' dir='ltr'><strong>pro</strong></span> <span class='ocrx_word' id='word_1_793' title='bbox 3167 3944 3431 4013; x_wconf 76' lang='lat' dir='ltr'><strong>proximis</strong></span> <span class='ocrx_word' id='word_1_794' title='bbox 3468 3945 3667 3999; x_wconf 89' lang='lat' dir='ltr'><strong>nostris</strong></span> <span class='ocrx_word' id='word_1_795' title='bbox 3695 3952 3749 3998; x_wconf 86' lang='lat' dir='ltr'><strong>et</strong></span> 
     </span>
    </p>
   </div>
   <div class='ocr_carea' id='block_1_100' title="bbox 2161 4017 3741 4100">
    <p class='ocr_par' dir='ltr' id='par_1_100' title="bbox 2161 4017 3741 4100">
     <span class='ocr_line' id='line_1_100' title="bbox 2161 4017 3741 4100; baseline 0.001 -11"><span class='ocrx_word' id='word_1_796' title='bbox 2161 4034 2316 4090; x_wconf 92' lang='lat' dir='ltr'><strong>nobis</strong></span> <span class='ocrx_word' id='word_1_797' title='bbox 2342 4036 2664 4100; x_wconf 90' lang='lat' dir='ltr'><strong>commissis,</strong></span> <span class='ocrx_word' id='word_1_798' title='bbox 2697 4034 3122 4089; x_wconf 87' lang='lat' dir='ltr'><strong>misericordiam</strong></span> <span class='ocrx_word' id='word_1_799' title='bbox 3148 4017 3369 4092; x_wconf 81' lang='lat' dir='ltr'><strong>Domini</strong></span> <span class='ocrx_word' id='word_1_800' title='bbox 3405 4035 3625 4091; x_wconf 83' lang='lat' dir='ltr'><strong>assidue</strong></span> <span class='ocrx_word' id='word_1_801' title='bbox 3652 4036 3741 4090; x_wconf 84' lang='lat' dir='ltr'><strong>de-</strong></span> 
     </span>
    </p>
   </div>
   <div class='ocr_carea' id='block_1_101' title="bbox 2160 4124 3042 4198">
    <p class='ocr_par' dir='ltr' id='par_1_101' title="bbox 2160 4124 3042 4198">
     <span class='ocr_line' id='line_1_101' title="bbox 2160 4124 3042 4198; baseline -0.001 -19"><span class='ocrx_word' id='word_1_802' title='bbox 2160 4140 2468 4198; x_wconf 90' lang='lat' dir='ltr'><strong>precemur.</strong></span> <span class='ocrx_word' id='word_1_803' title='bbox 2506 4124 2659 4181; x_wconf 89' lang='lat' dir='ltr'><strong>Unde</strong></span> <span class='ocrx_word' id='word_1_804' title='bbox 2680 4134 2733 4180; x_wconf 89' lang='lat' dir='ltr'><strong>et</strong></span> <span class='ocrx_word' id='word_1_805' title='bbox 2760 4126 3001 4195; x_wconf 87' lang='lat' dir='ltr'><strong>sequitur</strong></span> <span class='ocrx_word' id='word_1_806' title='bbox 3032 4145 3042 4178; x_wconf 95' lang='lat'>:</span> 
     </span>
    </p>
   </div>
   <div class='ocr_carea' id='block_1_102' title="bbox 2234 4215 3743 4291">
    <p class='ocr_par' dir='ltr' id='par_1_102' title="bbox 2234 4215 3743 4291">
     <span class='ocr_line' id='line_1_102' title="bbox 2234 4215 3743 4291; baseline 0.003 -21"><span class='ocrx_word' id='word_1_807' title='bbox 2234 4215 2397 4285; x_wconf 85' lang='lat' dir='ltr'><strong>Caph.</strong></span> <span class='ocrx_word' id='word_1_808' title='bbox 2434 4235 2451 4267; x_wconf 84' lang='grc'>‹</span> <span class='ocrx_word' id='word_1_809' title='bbox 2481 4215 2776 4286; x_wconf 89' lang='lat' dir='ltr'><strong>Consurge,</strong></span> <span class='ocrx_word' id='word_1_810' title='bbox 2811 4215 2969 4275; x_wconf 84' lang='lat' dir='ltr'><strong>lauda</strong></span> <span class='ocrx_word' id='word_1_811' title='bbox 3000 4215 3055 4269; x_wconf 92' lang='lat' dir='ltr'><strong>in</strong></span> <span class='ocrx_word' id='word_1_812' title='bbox 3102 4226 3260 4273; x_wconf 91' lang='lat' dir='ltr'><strong>nocte</strong></span> <span class='ocrx_word' id='word_1_813' title='bbox 3288 4219 3341 4273; x_wconf 94' lang='lat' dir='ltr'><strong>in</strong></span> <span class='ocrx_word' id='word_1_814' title='bbox 3372 4218 3639 4291; x_wconf 87' lang='lat' dir='ltr'><strong>principio</strong></span> <span class='ocrx_word' id='word_1_815' title='bbox 3665 4220 3743 4274; x_wconf 83' lang='lat' dir='ltr'><strong>vi-</strong></span> 
     </span>
    </p>
   </div>
   <div class='ocr_carea' id='block_1_103' title="bbox 2168 4304 3740 4377">
    <p class='ocr_par' dir='ltr' id='par_1_103' title="bbox 2168 4304 3740 4377">
     <span class='ocr_line' id='line_1_103' title="bbox 2168 4304 3740 4377; baseline 0.006 -19"><span class='ocrx_word' id='word_1_816' title='bbox 2168 4323 2189 4359; x_wconf 75' lang='lat' dir='ltr'><strong>r</strong></span> <span class='ocrx_word' id='word_1_817' title='bbox 2228 4306 2498 4376; x_wconf 88' lang='lat' dir='ltr'><strong>giliarum,</strong></span> <span class='ocrx_word' id='word_1_818' title='bbox 2530 4304 2741 4361; x_wconf 68' lang='lat' dir='ltr'><strong>eﬂunde</strong></span> <span class='ocrx_word' id='word_1_819' title='bbox 2771 4306 2909 4361; x_wconf 90' lang='lat' dir='ltr'><strong>sicut</strong></span> <span class='ocrx_word' id='word_1_820' title='bbox 2939 4322 3131 4377; x_wconf 85' lang='lat' dir='ltr'><strong>aquam</strong></span> <span class='ocrx_word' id='word_1_821' title='bbox 3157 4323 3252 4364; x_wconf 82' lang='lat' dir='ltr'><strong>cur</strong></span> <span class='ocrx_word' id='word_1_822' title='bbox 3279 4316 3431 4365; x_wconf 84' lang='lat' dir='ltr'><strong>tuum</strong></span> <span class='ocrx_word' id='word_1_823' title='bbox 3461 4323 3589 4367; x_wconf 91' lang='lat' dir='ltr'><strong>ante</strong></span> <span class='ocrx_word' id='word_1_824' title='bbox 3615 4328 3740 4368; x_wconf 88' lang='lat' dir='ltr'><strong>con-</strong></span> 
     </span>
    </p>
   </div>
   <div class='ocr_carea' id='block_1_104' title="bbox 2170 4394 3741 4472">
    <p class='ocr_par' dir='ltr' id='par_1_104' title="bbox 2170 4394 3741 4472">
     <span class='ocr_line' id='line_1_104' title="bbox 2170 4394 3741 4472; baseline 0.006 -25"><span class='ocrx_word' id='word_1_825' title='bbox 2170 4415 2189 4447; x_wconf 84' lang='grc'><em>‹</em></span> <span class='ocrx_word' id='word_1_826' title='bbox 2226 4404 2470 4464; x_wconf 90' lang='lat' dir='ltr'><strong>spectum</strong></span> <span class='ocrx_word' id='word_1_827' title='bbox 2517 4395 2751 4450; x_wconf 90' lang='lat' dir='ltr'><strong>Domini.</strong></span> <span class='ocrx_word' id='word_1_828' title='bbox 2785 4394 2927 4451; x_wconf 87' lang='lat' dir='ltr'><strong>Leva</strong></span> <span class='ocrx_word' id='word_1_829' title='bbox 2975 4397 3043 4451; x_wconf 76' lang='lat' dir='ltr'><strong>ad</strong></span> <span class='ocrx_word' id='word_1_830' title='bbox 3072 4412 3196 4452; x_wconf 89' lang='lat' dir='ltr'><strong>eum</strong></span> <span class='ocrx_word' id='word_1_831' title='bbox 3247 4414 3440 4455; x_wconf 90' lang='lat' dir='ltr'><strong>manus</strong></span> <span class='ocrx_word' id='word_1_832' title='bbox 3488 4411 3610 4455; x_wconf 86' lang='lat' dir='ltr'><strong>tuas</strong></span> <span class='ocrx_word' id='word_1_833' title='bbox 3648 4418 3741 4472; x_wconf 90' lang='lat' dir='ltr'><strong>pro</strong></span> 
     </span>
    </p>
   </div>
   <div class='ocr_carea' id='block_1_105' title="bbox 2171 4488 3739 4560">
    <p class='ocr_par' dir='ltr' id='par_1_105' title="bbox 2171 4488 3739 4560">
     <span class='ocr_line' id='line_1_105' title="bbox 2171 4488 3739 4560; baseline 0.007 -22"><span class='ocrx_word' id='word_1_834' title='bbox 2171 4507 2189 4538; x_wconf 84' lang='grc'><strong>‹</strong></span> <span class='ocrx_word' id='word_1_835' title='bbox 2224 4488 2505 4542; x_wconf 87' lang='lat' dir='ltr'><strong>animabus</strong></span> <span class='ocrx_word' id='word_1_836' title='bbox 2550 4488 2897 4556; x_wconf 89' lang='lat' dir='ltr'><strong>parvulorum</strong></span> <span class='ocrx_word' id='word_1_837' title='bbox 2945 4496 3181 4555; x_wconf 87' lang='lat' dir='ltr'><strong>tuorum,</strong></span> <span class='ocrx_word' id='word_1_838' title='bbox 3212 4490 3303 4560; x_wconf 89' lang='lat' dir='ltr'><strong>qui</strong></span> <span class='ocrx_word' id='word_1_839' title='bbox 3341 4491 3657 4548; x_wconf 81' lang='lat' dir='ltr'><strong>defecerunt</strong></span> <span class='ocrx_word' id='word_1_840' title='bbox 3690 4494 3739 4547; x_wconf 89' lang='lat' dir='ltr'><strong>in</strong></span> 
     </span>
    </p>
   </div>
   <div class='ocr_carea' id='block_1_106' title="bbox 2170 4561 3741 4654">
    <p class='ocr_par' dir='ltr' id='par_1_106' title="bbox 2170 4561 3741 4654">
     <span class='ocr_line' id='line_1_106' title="bbox 2170 4561 3741 4654; baseline 0.004 -24"><span class='ocrx_word' id='word_1_841' title='bbox 2170 4598 2187 4630; x_wconf 77' lang='grc' dir='ltr'><strong>ι</strong></span> <span class='ocrx_word' id='word_1_842' title='bbox 2222 4578 2382 4644; x_wconf 79' lang='lat' dir='ltr'><strong>fame,</strong></span> <span class='ocrx_word' id='word_1_843' title='bbox 2412 4586 2466 4634; x_wconf 89' lang='lat' dir='ltr'><strong>et</strong></span> <span class='ocrx_word' id='word_1_844' title='bbox 2496 4578 2549 4632; x_wconf 92' lang='lat' dir='ltr'><strong>in</strong></span> <span class='ocrx_word' id='word_1_845' title='bbox 2574 4579 2749 4649; x_wconf 76' lang='lat' dir='ltr'><strong>capite</strong></span> <span class='ocrx_word' id='word_1_846' title='bbox 2773 4561 3015 4634; x_wconf 76' lang='lat' dir='ltr'><strong>omnium</strong></span> <span class='ocrx_word' id='word_1_847' title='bbox 3044 4580 3490 4650; x_wconf 89' lang='lat' dir='ltr'><strong>compeditorum.</strong></span> <span class='ocrx_word' id='word_1_848' title='bbox 3543 4602 3561 4635; x_wconf 87' lang='grc'><strong>›</strong></span> <span class='ocrx_word' id='word_1_849' title='bbox 3593 4583 3741 4654; x_wconf 73' lang='lat' dir='ltr'><strong>(Hie-</strong></span> 
     </span>
    </p>
   </div>
   <div class='ocr_carea' id='block_1_107' title="bbox 2164 4669 3742 4744">
    <p class='ocr_par' dir='ltr' id='par_1_107' title="bbox 2164 4669 3742 4744">
     <span class='ocr_line' id='line_1_107' title="bbox 2164 4669 3742 4744; baseline 0.003 -21"><span class='ocrx_word' id='word_1_850' title='bbox 2164 4669 2621 4741; x_wconf 84' lang='lat' dir='ltr'><strong>ron.)&#39;Consurgit</strong></span> <span class='ocrx_word' id='word_1_851' title='bbox 2645 4670 2699 4725; x_wconf 94' lang='lat' dir='ltr'><strong>in</strong></span> <span class='ocrx_word' id='word_1_852' title='bbox 2725 4681 2904 4737; x_wconf 91' lang='lat' dir='ltr'><strong>nocte,</strong></span> <span class='ocrx_word' id='word_1_853' title='bbox 2936 4672 3026 4740; x_wconf 92' lang='lat' dir='ltr'><strong>qui</strong></span> <span class='ocrx_word' id='word_1_854' title='bbox 3054 4674 3106 4725; x_wconf 90' lang='lat' dir='ltr'><strong>in</strong></span> <span class='ocrx_word' id='word_1_855' title='bbox 3138 4674 3486 4729; x_wconf 90' lang='lat' dir='ltr'><strong>tribulatione</strong></span> <span class='ocrx_word' id='word_1_856' title='bbox 3514 4690 3742 4744; x_wconf 62' lang='lat' dir='ltr'><strong>praesen-</strong></span> 
     </span>
    </p>
   </div>
   <div class='ocr_carea' id='block_1_108' title="bbox 2163 4763 3741 4833">
    <p class='ocr_par' dir='ltr' id='par_1_108' title="bbox 2163 4763 3741 4833">
     <span class='ocr_line' id='line_1_108' title="bbox 2163 4763 3741 4833; baseline 0.001 -16"><span class='ocrx_word' id='word_1_857' title='bbox 2163 4763 2237 4817; x_wconf 92' lang='lat' dir='ltr'><strong>tis</strong></span> <span class='ocrx_word' id='word_1_858' title='bbox 2261 4763 2386 4816; x_wconf 61' lang='lat' dir='ltr'><strong>vitae</strong></span> <span class='ocrx_word' id='word_1_859' title='bbox 2415 4771 2683 4833; x_wconf 89' lang='lat' dir='ltr'><strong>torporem</strong></span> <span class='ocrx_word' id='word_1_860' title='bbox 2712 4777 2743 4816; x_wconf 93' lang='lat' dir='ltr'><strong>a</strong></span> <span class='ocrx_word' id='word_1_861' title='bbox 2772 4777 2831 4817; x_wconf 92' lang='lat' dir='ltr'><strong>se</strong></span> <span class='ocrx_word' id='word_1_862' title='bbox 2855 4764 3058 4817; x_wconf 80' lang='lat' dir='ltr'><strong>excutit</strong></span> <span class='ocrx_word' id='word_1_863' title='bbox 3087 4763 3457 4833; x_wconf 66' lang='lat' dir='ltr'><strong>negligentiae;</strong></span> <span class='ocrx_word' id='word_1_864' title='bbox 3483 4766 3666 4819; x_wconf 85' lang='lat' dir='ltr'><strong>laudat</strong></span> <span class='ocrx_word' id='word_1_865' title='bbox 3688 4765 3741 4818; x_wconf 89' lang='lat' dir='ltr'><strong>in</strong></span> 
     </span>
    </p>
   </div>
   <div class='ocr_carea' id='block_1_109' title="bbox 2162 4851 3739 4925">
    <p class='ocr_par' dir='ltr' id='par_1_109' title="bbox 2162 4851 3739 4925">
     <span class='ocr_line' id='line_1_109' title="bbox 2162 4851 3739 4925; baseline 0.001 -19"><span class='ocrx_word' id='word_1_866' title='bbox 2162 4851 2429 4923; x_wconf 83' lang='lat' dir='ltr'><strong>principio</strong></span> <span class='ocrx_word' id='word_1_867' title='bbox 2456 4853 2784 4923; x_wconf 90' lang='lat' dir='ltr'><strong>vigiliarum,</strong></span> <span class='ocrx_word' id='word_1_868' title='bbox 2814 4854 2906 4925; x_wconf 89' lang='lat' dir='ltr'><strong>qui</strong></span> <span class='ocrx_word' id='word_1_869' title='bbox 2937 4853 2990 4907; x_wconf 93' lang='lat' dir='ltr'><strong>in</strong></span> <span class='ocrx_word' id='word_1_870' title='bbox 3028 4854 3172 4907; x_wconf 92' lang='lat' dir='ltr'><strong>omni</strong></span> <span class='ocrx_word' id='word_1_871' title='bbox 3204 4856 3617 4910; x_wconf 87' lang='lat' dir='ltr'><strong>conversatione</strong></span> <span class='ocrx_word' id='word_1_872' title='bbox 3647 4869 3739 4909; x_wconf 80' lang='lat' dir='ltr'><strong>sua</strong></span> 
     </span>
    </p>
   </div>
   <div class='ocr_carea' id='block_1_110' title="bbox 2165 4942 3740 5014">
    <p class='ocr_par' dir='ltr' id='par_1_110' title="bbox 2165 4942 3740 5014">
     <span class='ocr_line' id='line_1_110' title="bbox 2165 4942 3740 5014; baseline 0.003 -19"><span class='ocrx_word' id='word_1_873' title='bbox 2165 4949 2439 4995; x_wconf 91' lang='lat' dir='ltr'><strong>strenuum</strong></span> <span class='ocrx_word' id='word_1_874' title='bbox 2465 4957 2525 4996; x_wconf 87' lang='lat' dir='ltr'><strong>se</strong></span> <span class='ocrx_word' id='word_1_875' title='bbox 2564 4942 2781 4997; x_wconf 84' lang='lat' dir='ltr'><strong>adhibet</strong></span> <span class='ocrx_word' id='word_1_876' title='bbox 2804 4951 2859 4996; x_wconf 90' lang='lat' dir='ltr'><strong>et</strong></span> <span class='ocrx_word' id='word_1_877' title='bbox 2896 4953 3138 5007; x_wconf 89' lang='lat' dir='ltr'><strong>cautum,</strong></span> <span class='ocrx_word' id='word_1_878' title='bbox 3178 4953 3231 4997; x_wconf 91' lang='lat' dir='ltr'><strong>et</strong></span> <span class='ocrx_word' id='word_1_879' title='bbox 3264 4946 3524 5014; x_wconf 89' lang='lat' dir='ltr'><strong>quidquid</strong></span> <span class='ocrx_word' id='word_1_880' title='bbox 3553 4946 3740 5000; x_wconf 83' lang='lat' dir='ltr'><strong>adver—</strong></span> 
     </span>
    </p>
   </div>
   <div class='ocr_carea' id='block_1_111' title="bbox 2164 5031 3741 5101">
    <p class='ocr_par' dir='ltr' id='par_1_111' title="bbox 2164 5031 3741 5101">
     <span class='ocr_line' id='line_1_111' title="bbox 2164 5031 3741 5101; baseline 0.001 -15"><span class='ocrx_word' id='word_1_881' title='bbox 2164 5032 2340 5086; x_wconf 89' lang='lat' dir='ltr'><strong>sitatis</strong></span> <span class='ocrx_word' id='word_1_882' title='bbox 2359 5032 2577 5101; x_wconf 88' lang='lat' dir='ltr'><strong>patitur,</strong></span> <span class='ocrx_word' id='word_1_883' title='bbox 2600 5038 2769 5085; x_wconf 92' lang='lat' dir='ltr'><strong>totum</strong></span> <span class='ocrx_word' id='word_1_884' title='bbox 2794 5031 2861 5085; x_wconf 92' lang='lat' dir='ltr'><strong>ad</strong></span> <span class='ocrx_word' id='word_1_885' title='bbox 2880 5032 3272 5087; x_wconf 81' lang='lat' dir='ltr'><strong>confessionem</strong></span> <span class='ocrx_word' id='word_1_886' title='bbox 3302 5032 3477 5088; x_wconf 88' lang='lat' dir='ltr'><strong>laudis</strong></span> <span class='ocrx_word' id='word_1_887' title='bbox 3504 5034 3598 5089; x_wconf 89' lang='lat' dir='ltr'><strong>Dei</strong></span> <span class='ocrx_word' id='word_1_888' title='bbox 3619 5049 3741 5089; x_wconf 80' lang='lat' dir='ltr'><strong>eon-</strong></span> 
     </span>
    </p>
   </div>
   <div class='ocr_carea' id='block_1_112' title="bbox 2163 5121 3738 5194">
    <p class='ocr_par' dir='ltr' id='par_1_112' title="bbox 2163 5121 3738 5194">
     <span class='ocr_line' id='line_1_112' title="bbox 2163 5121 3738 5194; baseline 0.003 -18"><span class='ocrx_word' id='word_1_889' title='bbox 2163 5130 2377 5177; x_wconf 89' lang='lat' dir='ltr'><strong>vertere</strong></span> <span class='ocrx_word' id='word_1_890' title='bbox 2402 5124 2610 5177; x_wconf 90' lang='lat' dir='ltr'><strong>nititur.</strong></span> <span class='ocrx_word' id='word_1_891' title='bbox 2643 5121 2881 5178; x_wconf 72' lang='lat' dir='ltr'><strong>Eﬁ‘undit</strong></span> <span class='ocrx_word' id='word_1_892' title='bbox 2906 5125 3047 5179; x_wconf 91' lang='lat' dir='ltr'><strong>sicut</strong></span> <span class='ocrx_word' id='word_1_893' title='bbox 3072 5140 3267 5194; x_wconf 87' lang='lat' dir='ltr'><strong>aquam</strong></span> <span class='ocrx_word' id='word_1_894' title='bbox 3300 5140 3397 5188; x_wconf 81' lang='lat' dir='ltr'><strong>cor</strong></span> <span class='ocrx_word' id='word_1_895' title='bbox 3433 5142 3589 5181; x_wconf 87' lang='lat' dir='ltr'><strong>suum</strong></span> <span class='ocrx_word' id='word_1_896' title='bbox 3620 5135 3738 5180; x_wconf 87' lang='lat' dir='ltr'><strong>ante</strong></span> 
     </span>
    </p>
   </div>
   <div class='ocr_carea' id='block_1_113' title="bbox 2165 5216 3738 5286">
    <p class='ocr_par' dir='ltr' id='par_1_113' title="bbox 2165 5216 3738 5286">
     <span class='ocr_line' id='line_1_113' title="bbox 2165 5216 3738 5286; baseline 0.003 -17"><span class='ocrx_word' id='word_1_897' title='bbox 2165 5226 2512 5285; x_wconf 88' lang='lat' dir='ltr'><strong>conspectum</strong></span> <span class='ocrx_word' id='word_1_898' title='bbox 2564 5216 2797 5281; x_wconf 91' lang='lat' dir='ltr'><strong>Domini,</strong></span> <span class='ocrx_word' id='word_1_899' title='bbox 2848 5218 2938 5286; x_wconf 93' lang='lat' dir='ltr'><strong>qui</strong></span> <span class='ocrx_word' id='word_1_900' title='bbox 2987 5232 3049 5272; x_wconf 83' lang='lat' dir='ltr'><strong>ex</strong></span> <span class='ocrx_word' id='word_1_901' title='bbox 3096 5219 3287 5274; x_wconf 90' lang='lat' dir='ltr'><strong>intimo</strong></span> <span class='ocrx_word' id='word_1_902' title='bbox 3337 5218 3535 5275; x_wconf 69' lang='lat' dir='ltr'><strong>affectu</strong></span> <span class='ocrx_word' id='word_1_903' title='bbox 3564 5220 3738 5276; x_wconf 86' lang='lat' dir='ltr'><strong>cordis</strong></span> 
     </span>
    </p>
   </div>
   <div class='ocr_carea' id='block_1_114' title="bbox 2164 5307 3738 5379">
    <p class='ocr_par' dir='ltr' id='par_1_114' title="bbox 2164 5307 3738 5379">
     <span class='ocr_line' id='line_1_114' title="bbox 2164 5307 3738 5379; baseline 0.004 -20"><span class='ocrx_word' id='word_1_904' title='bbox 2164 5307 2414 5376; x_wconf 88' lang='lat' dir='ltr'><strong>producit</strong></span> <span class='ocrx_word' id='word_1_905' title='bbox 2441 5308 2707 5379; x_wconf 86' lang='lat' dir='ltr'><strong>lacrymas</strong></span> <span class='ocrx_word' id='word_1_906' title='bbox 2728 5309 3176 5377; x_wconf 87' lang='lat' dir='ltr'><strong>compunctionis.</strong></span> <span class='ocrx_word' id='word_1_907' title='bbox 3212 5328 3231 5361; x_wconf 85' lang='grc'><strong><em>‹</em></strong></span> <span class='ocrx_word' id='word_1_908' title='bbox 3265 5308 3607 5367; x_wconf 73' lang='lat' dir='ltr'><strong>Sacrificium</strong></span> <span class='ocrx_word' id='word_1_909' title='bbox 3631 5311 3738 5365; x_wconf 87' lang='lat' dir='ltr'><strong>Deo</strong></span> 
     </span>
    </p>
   </div>
   <div class='ocr_carea' id='block_1_115' title="bbox 2168 5396 3738 5465">
    <p class='ocr_par' dir='ltr' id='par_1_115' title="bbox 2168 5396 3738 5465">
     <span class='ocr_line' id='line_1_115' title="bbox 2168 5396 3738 5465; baseline 0.003 -14"><span class='ocrx_word' id='word_1_910' title='bbox 2168 5405 2250 5451; x_wconf 90' lang='lat' dir='ltr'><strong>est</strong></span> <span class='ocrx_word' id='word_1_911' title='bbox 2280 5397 2500 5465; x_wconf 91' lang='lat' dir='ltr'><strong>spiritus</strong></span> <span class='ocrx_word' id='word_1_912' title='bbox 2521 5396 2937 5463; x_wconf 90' lang='lat' dir='ltr'><strong>contribulatus,</strong></span> <span class='ocrx_word' id='word_1_913' title='bbox 2967 5414 3060 5455; x_wconf 91' lang='lat' dir='ltr'><strong>cor</strong></span> <span class='ocrx_word' id='word_1_914' title='bbox 3087 5400 3383 5454; x_wconf 89' lang='lat' dir='ltr'><strong>contritum</strong></span> <span class='ocrx_word' id='word_1_915' title='bbox 3410 5409 3464 5455; x_wconf 91' lang='lat' dir='ltr'><strong>et</strong></span> <span class='ocrx_word' id='word_1_916' title='bbox 3492 5401 3738 5455; x_wconf 82' lang='lat' dir='ltr'><strong>humilia-</strong></span> 
     </span>
    </p>
   </div>
   <div class='ocr_carea' id='block_1_116' title="bbox 2168 5488 3737 5560">
    <p class='ocr_par' dir='ltr' id='par_1_116' title="bbox 2168 5488 3737 5560">
     <span class='ocr_line' id='line_1_116' title="bbox 2168 5488 3737 5560; baseline 0.001 -17"><span class='ocrx_word' id='word_1_917' title='bbox 2168 5498 2282 5543; x_wconf 90' lang='lat' dir='ltr'><strong>tum</strong></span> <span class='ocrx_word' id='word_1_918' title='bbox 2314 5490 2453 5543; x_wconf 91' lang='lat' dir='ltr'><strong>Deus</strong></span> <span class='ocrx_word' id='word_1_919' title='bbox 2482 5503 2585 5542; x_wconf 89' lang='lat' dir='ltr'><strong>non</strong></span> <span class='ocrx_word' id='word_1_920' title='bbox 2619 5488 2824 5558; x_wconf 91' lang='lat' dir='ltr'><strong>spernit</strong></span> <span class='ocrx_word' id='word_1_921' title='bbox 2862 5488 3045 5559; x_wconf 75' lang='grc' dir='ltr'><strong>’(·Ρεαι.</strong></span> <span class='ocrx_word' id='word_1_922' title='bbox 3084 5488 3158 5560; x_wconf 77' lang='grc' dir='ltr'><strong>ι).</strong></span> <span class='ocrx_word' id='word_1_923' title='bbox 3198 5510 3216 5541; x_wconf 75' lang='grc' dir='ltr'><strong>ι</strong></span> <span class='ocrx_word' id='word_1_924' title='bbox 3251 5489 3422 5546; x_wconf 86' lang='lat' dir='ltr'><strong>Levat</strong></span> <span class='ocrx_word' id='word_1_925' title='bbox 3469 5492 3535 5546; x_wconf 87' lang='lat' dir='ltr'><strong>ad</strong></span> <span class='ocrx_word' id='word_1_926' title='bbox 3565 5490 3737 5547; x_wconf 87' lang='lat' dir='ltr'><strong>Domi-</strong></span> 
     </span>
    </p>
   </div>
   <div class='ocr_carea' id='block_1_117' title="bbox 2168 5583 3733 5651">
    <p class='ocr_par' dir='ltr' id='par_1_117' title="bbox 2168 5583 3733 5651">
     <span class='ocr_line' id='line_1_117' title="bbox 2168 5583 3733 5651; baseline 0.001 -17"><span class='ocrx_word' id='word_1_927' title='bbox 2168 5598 2298 5636; x_wconf 92' lang='lat' dir='ltr'><strong>num</strong></span> <span class='ocrx_word' id='word_1_928' title='bbox 2330 5596 2518 5637; x_wconf 86' lang='lat' dir='ltr'><strong>manus</strong></span> <span class='ocrx_word' id='word_1_929' title='bbox 2545 5597 2671 5634; x_wconf 89' lang='lat' dir='ltr'><strong>suas</strong></span> <span class='ocrx_word' id='word_1_930' title='bbox 2700 5596 2799 5650; x_wconf 87' lang='lat' dir='ltr'><strong>pro</strong></span> <span class='ocrx_word' id='word_1_931' title='bbox 2821 5583 3099 5635; x_wconf 88' lang='lat' dir='ltr'><strong>animabus</strong></span> <span class='ocrx_word' id='word_1_932' title='bbox 3125 5583 3473 5651; x_wconf 85' lang='lat' dir='ltr'><strong>parvulorum</strong></span> <span class='ocrx_word' id='word_1_933' title='bbox 3503 5598 3733 5643; x_wconf 84' lang='lat' dir='ltr'><strong>suorum,</strong></span> 
     </span>
    </p>
   </div>
   <div class='ocr_carea' id='block_1_118' title="bbox 2168 5670 3739 5743">
    <p class='ocr_par' dir='ltr' id='par_1_118' title="bbox 2168 5670 3739 5743">
     <span class='ocr_line' id='line_1_118' title="bbox 2168 5670 3739 5743; baseline -0.003 -16"><span class='ocrx_word' id='word_1_934' title='bbox 2168 5678 2256 5743; x_wconf 91' lang='lat' dir='ltr'><strong>qui</strong></span> <span class='ocrx_word' id='word_1_935' title='bbox 2287 5672 2599 5727; x_wconf 84' lang='lat' dir='ltr'><strong>defecerunt</strong></span> <span class='ocrx_word' id='word_1_936' title='bbox 2640 5670 2783 5725; x_wconf 81' lang='lat' dir='ltr'><strong>fame</strong></span> <span class='ocrx_word' id='word_1_937' title='bbox 2830 5674 2883 5726; x_wconf 93' lang='lat' dir='ltr'><strong>in</strong></span> <span class='ocrx_word' id='word_1_938' title='bbox 2927 5672 3099 5741; x_wconf 89' lang='lat' dir='ltr'><strong>capite</strong></span> <span class='ocrx_word' id='word_1_939' title='bbox 3130 5675 3370 5727; x_wconf 88' lang='lat' dir='ltr'><strong>omnium</strong></span> <span class='ocrx_word' id='word_1_940' title='bbox 3415 5673 3739 5743; x_wconf 72' lang='lat' dir='ltr'><strong>wmpeditu-</strong></span> 
     </span>
    </p>
   </div>
   <div class='ocr_carea' id='block_1_119' title="bbox 2168 5760 3739 5840">
    <p class='ocr_par' dir='ltr' id='par_1_119' title="bbox 2168 5760 3739 5840">
     <span class='ocr_line' id='line_1_119' title="bbox 2168 5760 3739 5840; baseline -0.003 -18"><span class='ocrx_word' id='word_1_941' title='bbox 2168 5781 2306 5834; x_wconf 89' lang='lat' dir='ltr'><strong>rum,</strong></span> <span class='ocrx_word' id='word_1_942' title='bbox 2336 5764 2438 5840; x_wconf 78' lang='lat' dir='ltr'><strong>qui</strong></span> <span class='ocrx_word' id='word_1_943' title='bbox 2483 5762 2856 5835; x_wconf 88' lang='lat' dir='ltr'><strong>operationem</strong></span> <span class='ocrx_word' id='word_1_944' title='bbox 2902 5762 3285 5825; x_wconf 68' lang='lat' dir='ltr'><strong>misericordiae</strong></span> <span class='ocrx_word' id='word_1_945' title='bbox 3325 5778 3427 5823; x_wconf 78' lang='lat' dir='ltr'><strong>pro</strong></span> <span class='ocrx_word' id='word_1_946' title='bbox 3455 5760 3739 5828; x_wconf 64' lang='lat' dir='ltr'><strong>humilibus</strong></span> 
     </span>
    </p>
   </div>
  </div>
