3952 6312
178 372 324 430 1213

1062 375 1422 430 EXPOSlTll)
1460 375 1680 430 SUPER
1722 372 2087 429 JEREHIAM.
2130 406 2197 414 -—
2236 375 2358 428 LIB.
2400 374 2537 427 XIX.

3302 372 3432 429 12H

177 498 233 543 et
261 489 497 559 parvulis
521 488 720 544 Christi
766 490 1039 553 membris,
1073 488 1215 543 fame
1242 497 1296 543 ct
1334 490 1419 543 siti
1451 504 1759 557 usquequa-
1792 491 1839 549 Α
1864 488 1995 542 dans
2017 498 2225 542 terrcna
2244 489 2541 543 substantia
2566 490 2665 543 nisi
2689 488 3002 557 capillorum
3016 489 3247 560 speciem
3269 490 3445 547 leuet?

176 595 284 649 que
312 580 365 633 in
397 579 637 635 terminis
664 581 844 634 mundi
888 578 1275 643 laborantibus,
1316 595 1500 634 curam
1544 580 1763 635 adhibet

176 686 245 724 ex
278 670 490 724 sincera
518 669 824 726 dilectione.
842 669 1055 723 Nullum
1084 671 1226 724 enim
1257 685 1450 725 munus
1478 672 1587 725 Deo
1609 683 1763 724 acce-

175 760 435 830 ptabilius
486 769 569 815 est
611 776 771 831 quam
816 762 1158 831 compunctio
1196 760 1409 825 cordis,
1444 762 1650 830 prolata
1695 774 1762 814 ex

176 849 364 903 radice
421 865 562 904 vera:
596 849 922 903 dilectionis.
982 847 1119 901 Hinc
1167 857 1252 902 est
1305 848 1456 913 illud,
1506 850 1647 919 quod
1706 848 1761 902 in

176 936 471 1007 Evangelio
498 937 758 991 Dominus
801 952 922 990 cum
940 934 1214 1005 ingressus
1242 934 1431 991 fuisset
1462 937 1514 991 in
1544 938 1761 991 domum

176 1027 463 1094 Pharisaei,
503 1029 570 1083 ad
630 1028 917 1097 prandium
961 1028 1250 1090 discubuit,
1298 1029 1467 1099 magis
1510 1028 1763 1098 lacrymis

176 1118 420 1174 mulieris
445 1120 783 1188 peccatricis,
817 1136 977 1188 quam
1009 1119 1232 1174 delicias
1256 1119 1536 1189 epularum
1575 1120 1762 1174 Phari-

175 1211 270 1266 saei
324 1211 590 1280 probavit,
629 1208 719 1264 ubi
766 1211 841 1264 ita
890 1210 1127 1280 legitur:
1168 1229 1185 1259 ‹
1230 1208 1511 1279 Ingressus
1541 1207 1760 1264 domum

172 1301 434 1357 Pharisaei
466 1302 756 1364 discubuit,
808 1310 862 1355 et
889 1316 1016 1355 ecce
1045 1300 1259 1365 mulier,
1288 1316 1408 1370 quae
1434 1289 1551 1354 erat
1582 1300 1635 1353 in
1682 1300 1763 1354 ci-

173 1396 347 1449 vitate
393 1396 688 1463 peccatrix,
724 1402 783 1448 ut
830 1395 1081 1463 cognovit
1128 1396 1269 1462 quod
1317 1394 1655 1449 recubuisset
1707 1395 1762 1447 in

174 1486 339 1539 domo
395 1484 651 1538 Pharisaai
715 1484 897 1538 attulit
951 1483 1283 1537 alabastrum
1342 1485 1597 1552 unguenti
1633 1524 1645 1547 ,
1710 1492 1765 1537 et

174 1585 328 1631 stans
356 1586 502 1631 retro
531 1591 690 1631 secus
730 1576 897 1645 pedes
921 1575 1055 1643 ejus,
1104 1574 1360 1645 lacrymis
1388 1576 1556 1645 cespit
1587 1576 1764 1646 rigare

171 1668 342 1737 pedes
398 1667 554 1736 ejus,
607 1676 662 1722 et
712 1675 985 1737 unguento
1026 1668 1279 1737 ungebat.
1337 1658 1536 1721 Videas
1583 1678 1764 1724 autem

170 1761 499 1829 Phariszeus,
544 1764 634 1834 qui
666 1771 956 1817 vocaverat
982 1778 1126 1827 eum,
1154 1763 1229 1816 ait
1270 1762 1410 1816 intra
1440 1777 1495 1816 se
1526 1763 1711 1816 dicens
1745 1777 1757 1811 :

172 1854 277 1910 llic
308 1854 352 1909 si
383 1866 525 1910 esset
576 1856 838 1925 propheta
888 1855 1051 1908 sciret
1101 1853 1308 1921 utique,
1351 1867 1470 1921 quae
1505 1860 1556 1905 et
1590 1850 1763 1920 qualis

170 1956 321 2003 esset
374 1949 477 2002 ista
509 1948 702 2002 mulier
733 1963 851 2015 quae
896 1948 1068 2017 tangit
1116 1963 1265 2011 eum,
1314 1946 1439 2015 quia
1491 1943 1765 2014 peccatrix

171 2046 260 2091 est
288 2035 438 2106 (Luc.
471 2035 587 2107 vn).
629 2056 645 2087 ι
684 2035 886 2107 [Creg.]
921 2034 1027 2090 Sed
1050 2034 1161 2103 jam
1188 2037 1289 2091 iste
1317 2036 1581 2105 superbus
1605 2043 1659 2088 et
1678 2048 1765 2087 ar-

172 2144 374 2197 rogans
422 2142 525 2196 qua
584 2129 847 2206 sententia
901 2127 1276 2192 convincatur,
1336 2125 1638 2180 audiamus.
1688 2124 1763 2178 De

172 2221 384 2287 duobus
416 2222 623 2291 quippe"
651 2222 698 2275 ei
733 2222 1062 2276 debitoribus
1093 2222 1406 2291 paradigma
1434 2218 1721 2289 Opponitur
1746 2258 1760 2282 ,

174 2330 408 2383 quorum
438 2330 575 2368 unus
606 2315 802 2379 minus,
832 2315 971 2368 alius
992 2314 1222 2382 amplius
1257 2314 1451 2377 debet;
1483 2321 1761 2365 utrorum-

173 2420 280 2475 que
328 2404 511 2458 debito
539 2403 781 2467 dimisso,
830 2404 950 2472 quis
994 2403 1223 2471 amplius
1253 2402 1561 2471 largitorem
1600 2399 1765 2453 debiti

176 2494 385 2562 diligat,
432 2494 812 2563 interrogatur.
855 2492 1061 2559 Quibus
1088 2493 1271 2546 verbis
1296 2492 1544 2560 protinus
1568 2490 1656 2544 ille
1684 2504 1766 2544 re-

175 2586 432 2655 spondit:
472 2604 489 2636 ι
518 2585 609 2639 llle
632 2585 750 2654 plus
779 2584 972 2654 diligit,
1002 2584 1087 2637 cui
1116 2584 1236 2653 plus
1263 2583 1570 2637 dimittitur.
1604 2601 1622 2633 ι
1650 2579 1766 2647 Qua

175 2678 233 2732 in
281 2690 338 2730 re
374 2675 669 2729 notandum
717 2682 799 2729 est
826 2675 949 2743 quia
990 2675 1115 2727 dum
1149 2689 1245 2727 sua
1285 2673 1549 2726 sententia
1577 2670 1766 2723 Phari-

176 2782 318 2821 saeus
354 2765 694 2821 convincitur
718 2805 733 2827 ,
779 2766 931 2834 quasi
968 2765 1314 2834 phreneticus
1365 2762 1544 2816 funem
1585 2770 1765 2831 portat

174 2874 244 2913 ex
272 2874 381 2929 quo
431 2859 642 2929 ligetur.
699 2858 1100 2911 Enumerantur
1152 2856 1202 2909 ei
1257 2855 1393 2908 bona
1427 2853 1761 2923 peccatricis,

174 2958 564 3006 enumerantur
589 2949 725 3003 mala
754 2949 888 3003 falsa
911 2948 1064 3016 justi,
1096 2963 1215 3002 cum
1246 2946 1479 3000 dicitur:
1516 2964 1533 2995 ‹
1565 2943 1764 2997 lntravi

176 3043 229 3096 in
265 3041 485 3108 domum
526 3049 692 3104 tuam,
739 3054 933 3108 aquam
964 3039 1189 3107 pedibus
1219 3038 1354 3103 meis
1390 3052 1493 3089 non
1536 3034 1761 3098 dedisti,

176 3132 293 3187 hzec
324 3141 505 3186 autem
556 3131 808 3200 lacrymis
852 3130 1045 3199 rigavit
1073 3130 1238 3198 pedes
1269 3144 1439 3193 meos,
1468 3136 1522 3183 et
1553 3126 1763 3197 capillis

175 3226 292 3278 suis
326 3224 497 3279 tersit.
523 3223 777 3278 Osculum
804 3223 932 3276 mihi
965 3238 1070 3278 non
1101 3222 1320 3286 dedisti,
1352 3224 1465 3277 haec
1489 3230 1668 3275 autem
1693 3235 1761 3274 ex

176 3332 284 3387 quo
317 3314 517 3372 intravi
550 3331 656 3370 non
700 3315 930 3370 cessavit
958 3314 1190 3369 osculari
1228 3314 1389 3385 pedes
1424 3328 1593 3369 meos.
1633 3311 1762 3367 Oleo

178 3418 341 3480 caput
370 3424 545 3463 meum
570 3424 676 3484 non
701 3408 928 3470 unxisti,
968 3407 1081 3460 base
1105 3419 1285 3459 autem
1314 3405 1469 3458 unxit
1489 3410 1760 3475 unguento

176 3503 343 3573 pedes
368 3516 516 3555 meos
530 3499 737 3571 (IDid.).
763 3520 781 3551 ι
808 3499 935 3553 Post
953 3499 1414 3554 enumerationem
1429 3512 1556 3553 vero
1571 3498 1757 3553 subin-

177 3592 352 3647 fertur
376 3592 674 3646 sententia:
702 3611 717 3641 ι
740 3590 967 3659 Propter
984 3589 1123 3658 quod
1137 3589 1257 3645 dico
1274 3590 1388 3655 tibi,
1412 3589 1760 3643 remittuntur

174 3686 221 3739 ei
250 3692 470 3754 peccata
502 3683 690 3748 multa,
720 3684 971 3751 quoniam
999 3682 1183 3736 dilexit
1234 3682 1459 3735 multum
1489 3679 1699 3751 (lbid.).
1734 3697 1753 3731 ι

174 3772 346 3839 Quem
366 3787 600 3841 namque
614 3771 916 3825 Pharismus
938 3772 1003 3825 de
1039 3770 1171 3825 falsa
1191 3770 1400 3839 jnstitia
1426 3764 1760 3840 prresmnens

174 3862 277 3917 nisi
292 3860 573 3916 Judaicum
592 3859 864 3930 pupulum,
884 3876 1040 3928 quem
1059 3858 1329 3927 peccatrix
1344 3857 1554 3921 mulier,
1581 3858 1673 3910 sed
1691 3856 1755 3910 ad

174 3952 402 4020 vestigia
435 3949 646 4009 Domini
679 3949 899 4003 veniens
930 3956 985 4003 et
1015 3948 1234 4018 plorans
1258 3989 1271 4013 ,
1304 3946 1409 4001 nisi
1441 3959 1755 4001 conversam

173 4041 529 4113 gentilitatem
558 4040 857 4111 signiﬁcat?
878 4039 1007 4106 Quae
1029 4056 1151 4093 cum
1176 4039 1446 4093 alabastro
1474 4037 1641 4102 venit,
1663 4052 1760 4089 un-

174 4141 431 4205 guentum
447 4132 600 4196 fudit,
632 4140 778 4186 retro
801 4146 957 4186 secus
973 4131 1134 4199 pedes
1157 4129 1367 4184 Domini
1392 4128 1559 4191 stetit,
1578 4127 1757 4197 lacry-

176 4227 279 4281 mis
302 4225 466 4295 pedes
492 4224 707 4294 rigavit,
733 4223 940 4293 capillis
967 4223 1139 4284 tersit,
1174 4221 1496 4287 eosdemque
1519 4231 1655 4286 quos
1676 4216 1758 4270 in-

176 4316 438 4371 fundebat
467 4323 524 4369 et
553 4315 792 4385 tergebat
818 4315 979 4382 pedes
998 4312 1230 4367 osculari
1260 4327 1364 4365 non
1388 4309 1614 4365 destitit.
1648 4308 1756 4363 Nos

173 4424 304 4479 ergo
331 4408 638 4463 illa'mulier
659 4407 955 4477 expressit,
979 4406 1023 4461 si
1052 4415 1163 4460 toto
1193 4408 1353 4461 corde
1378 4406 1444 4459 ad
1474 4406 1754 4459 Dominum

166 4509 295 4574 post
318 4507 539 4569 peccata
567 4498 863 4560 redeamus,
891 4497 935 4551 si
952 4498 1067 4566 ejus
1088 4497 1420 4566 poenitentia
1444 4496 1617 4551 luctus
1634 4495 1753 4549 imi-

175 4603 371 4647 temur.
404 4590 462 4644 Si
490 4590 651 4659 igitur
672 4598 816 4643 recta
834 4603 996 4658 Opera
1024 4588 1253 4657 agimus,
1272 4588 1468 4656 quibus
1490 4588 1757 4656 opinionis

172 4684 301 4740 boni
327 4684 511 4738 odoris
539 4682 837 4737 Ecclesium
866 4696 1263 4751 respergamus,
1302 4681 1430 4748 quid
1466 4681 1519 4735 in
1545 4680 1755 4734 Domini

171 4790 405 4847 corppre
433 4774 535 4827 nisi
567 4783 896 4843 unguentum
926 4772 1233 4825 fundimus?
1270 4770 1376 4824 Sed
1407 4784 1560 4824 secus
1596 4771 1759 4840 pedes

170 4868 302 4924 Jcsu
339 4864 532 4919 mulier
558 4863 727 4917 stetit.
760 4861 959 4915 Contra
988 4862 1149 4930 pedes
1188 4860 1329 4913 enim
1365 4859 1576 4913 Domini
1605 4859 1756 4914 steti-

171 4975 297 5016 mus
325 4973 468 5021 cum,
514 4954 805 5025 inpeccatis
850 4952 1044 5021 positi,
1080 4951 1195 5019 ejus
1236 4952 1518 5005 itineribus
1559 4952 1755 5005 retine-

169 5055 388 5111 bamur.
423 5048 528 5104 Sed
564 5047 609 5101 si
640 5047 705 5100 ad
736 5060 920 5099 veram
960 5043 1331 5113 paenitentiam
1384 5051 1505 5111 post
1536 5052 1753 5111 peccata

170 5142 561 5205 convertimur,
574 5138 685 5207 jam
703 5145 851 5213 retro
886 5130 1038 5190 SCCUS
1060 5134 1220 5204 pedes
1242 5143 1469 5197 stamus,
1496 5134 1618 5202 quia
1644 5131 1756 5200 ejus

169 5236 399 5303 vestigia
448 5231 725 5303 sequimur
760 5244 917 5299 quem
964 5226 1425 5296 impugnabamus.
1479 5224 1754 5295 Lacrymis

172 5323 370 5382 mulier
404 5324 567 5390 pedes
589 5323 748 5392 rigat,
782 5319 925 5389 quod
957 5334 1055 5373 nos
1099 5330 1309 5385 quoque
1337 5317 1606 5370 veraciter
1645 5314 1755 5384 agi-

172 5430 319 5479 mus,
367 5412 412 5466 si
455 5410 779 5480 quibuslibet
834 5398 1041 5464 ultimis
1086 5408 1345 5462 membris
1398 5405 1611 5459 Domini
1658 5420 1755 5473 per

173 5499 531 5558 confessionis
560 5498 809 5552 affectum
842 5498 1186 5563 inclinamur,
1215 5497 1258 5551 si
1300 5496 1505 5550 sanctis
1544 5494 1659 5565 ejus
1702 5494 1754 5547 in

174 5593 523 5649 tribulatione
543 5587 919 5657 compatiinur,
938 5590 983 5642 si
1005 5604 1192 5643 eorum
1219 5588 1492 5641 tristitiam
1518 5596 1755 5641 nostram

173 5686 514 5753 deputamus.
535 5681 750 5751 Capillis
775 5682 963 5736 mulier
984 5683 1164 5751 pedes,
1184 5697 1317 5750 quos
1334 5680 1623 5750 rigaverat,
1650 5689 1757 5734 ter-

176 5775 269 5837 sit.
307 5774 498 5849 Capilli
518 5775 716 5851 quippe
742 5773 1075 5849 superﬂuunt
1100 5774 1335 5847 corpori,
1361 5783 1415 5831 et
1435 5776 1563 5847 quid
1592 5778 1757 5833 abun-

1864 596 1981 650 quac
2029 582 2153 632 dum
2206 580 2271 633 ad
2315 596 2468 634 usum
2509 581 2844 633 necessitatis
2882 579 3236 648 superfluunt,
3278 580 3443 634 etiam

1864 674 2105 730 abscissa
2148 688 2256 727 non
2291 672 2472 728 sentit.
2502 672 2717 741 Capillis
2757 687 2884 743 ergo
2917 672 3126 726 Domini
3150 671 3313 741 pedes
3342 679 3444 727 ter-

1862 769 2057 839 gimus,
2081 768 2296 837 quando
2319 767 2518 823 sanctis
2542 766 2675 834 ejus,
2698 769 2891 837 quibus
2917 783 2981 822 ex
3008 766 3272 821 cbaritate
3300 781 3443 820 com-

1861 863 2116 932 patimur,
2145 862 2307 918 etiam
2340 877 2405 916 ex
2432 861 2516 916 his
2545 877 2663 930 quae
2692 863 2843 916 nobis
2865 861 3197 933 superﬂuunt
3224 860 3445 915 misere-

1863 970 2000 1016 mur,
2024 963 2291 1025 quatenus
2314 955 2392 1009 sic
2418 970 2569 1009 mens
2587 969 2683 1023 per
2704 956 3129 1022 compassionem
3160 955 3358 1017 doleat,
3386 961 3445 1007 ut

1864 1046 2022 1099 etiam
2062 1046 2208 1114 larga
2251 1061 2443 1099 manus
2474 1045 2719 1100 affectum
2754 1044 2951 1099 doloris
2982 1047 3249 1099 ostendat.
3284 1043 3445 1114 Rigat

1864 1150 2093 1204 namque
2114 1136 2367 1206 lacrymis
2391 1134 2767 1205 Redemptoris
2787 1135 2970 1205 pedes,
2990 1136 3083 1189 sed
3106 1134 3312 1203 capillis
3335 1134 3445 1188 suis

1864 1240 1969 1279 non
2002 1225 2180 1293 tergit,
2212 1225 2303 1294 qui
2332 1235 2602 1293 utcunque
2630 1225 2998 1294 proximorum
3023 1224 3192 1277 dolori
3231 1240 3446 1293 compa-

1865 1314 2014 1380 titur,
2047 1316 2139 1368 sed
2167 1325 2343 1368 tamen
2367 1328 2431 1369 ex
2460 1316 2546 1370 his
2572 1330 2691 1384 quas
2713 1315 2811 1369 sibi
2838 1313 3195 1383 superfluunt,
3218 1330 3323 1369 non
3350 1314 3447 1367 mi-

1866 1414 2099 1460 seretur.
2131 1404 2312 1459 Plorat
2331 1414 2384 1460 et
2409 1420 2514 1459 non
2540 1408 2720 1475 tergit,
2742 1408 2832 1474 qui
2862 1409 3024 1460 verba
3048 1392 3262 1475 quidem
3293 1405 3443 1459 dolo-

1867 1497 1943 1551 ris
1976 1496 2181 1560 tribuit,
2215 1496 2307 1550 sed
2334 1511 2439 1550 non
2473 1496 2827 1549 ministrando
2852 1512 2971 1565 qua:
2997 1497 3190 1550 desunt
3212 1498 3320 1569 vim
3354 1497 3447 1549 do-

1865 1589 1994 1643 loris
2028 1588 2249 1642 minime
2276 1588 2525 1643 abscidit.
2564 1588 2849 1644 Osculatur
2887 1590 3077 1644 mulier
3110 1592 3275 1659 pedes
3314 1605 3447 1659 quos

1867 1678 2058 1750 tergitj,
2090 1678 2231 1746 quod
2276 1693 2375 1733 nos
2414 1694 2623 1747 quoque
2656 1680 2813 1747 plene
2850 1681 3080 1748 agimus,
3125 1681 3169 1735 si
3212 1682 3449 1736 studiose

1866 1770 2160 1840 diligimus,
2195 1785 2332 1839 quos
2371 1787 2435 1826 ex
2474 1771 2726 1839 largitate
2764 1774 3122 1837 continemus,
3166 1788 3233 1827 ne
3270 1774 3447 1844 gravis

1789 1831 1839 1890 Β
1870 1859 2025 1912 nobis
2050 1859 2118 1911 sit
2158 1858 2450 1913 necessitas
2476 1860 2729 1925 proximi,
2768 1875 2837 1913 ne
2865 1861 2978 1930 ipsa
3010 1862 3126 1929 ejus
3156 1862 3447 1931 indigentia

1870 1966 1987 2020 qua:
2004 1958 2356 2015 sustentatur,
2378 1948 2472 2004 flat
2496 1966 2745 2015 onerosa,
2768 1960 2821 2007 et
2846 1967 2965 2006 cum
2991 1968 3181 2006 manus
3202 1968 3450 2008 necessa-

1867 2043 1947 2097 ria
1976 2041 2180 2101 tribuit,
2216 2040 2426 2095 animus
2453 2055 2482 2093 a
2527 2041 2812 2097 dilectione
2836 2050 3120 2111 torpescat.
3156 2041 3446 2113 (MAURUS.)

1864 2136 2052 2205 Igitur,
2070 2143 2353 2203 postquam
2370 2133 2683 2203 prophetam
2700 2133 2950 2187 miseram
2967 2133 3240 2188 civitatem
3256 2134 3320 2187 ad
3337 2149 3449 2202 pm-

1866 2224 2146 2277 nitentiam
2178 2231 2230 2276 et
2251 2222 2511 2276 orationis
2540 2223 2803 2291 lacrymas
2823 2225 3155 2291 provocavit,
3184 2223 3248 2275 ad
3274 2224 3449 2290 ipsum

1865 2315 2150 2371 Dominum
2178 2316 2220 2369 si
2241 2316 2546 2384 quomodoa
2572 2315 2804 2370 vindicta
2829 2330 2949 2370 eum
2970 2315 3149 2386 placet
3173 2317 3335 2371 verba
3357 2317 3451 2370 de-

1864 2404 2195 2475 precationis
2218 2406 2503 2468 convertit,
2533 2405 2715 2459 dicens
2741 2424 2752 2458 :

1944 2493 2066 2548 Res.
2123 2512 2141 2544 ‹
2177 2494 2327 2557 Vide,
2381 2494 2621 2557 Domine,
2667 2503 2720 2548 et
2746 2494 3024 2549 considera
3068 2510 3226 2563 quem
3255 2494 3441 2549 vinde-

1878 2603 1896 2636 ‹
1933 2584 2185 2638 miaveris
2218 2584 2312 2637 ita.
2347 2583 2557 2654 Ergone
2612 2585 2891 2638 comedent
2928 2585 3182 2639 mulieres
3215 2583 3446 2637 fructum

1873 2695 1890 2725 r
1926 2692 2104 2740 suum,
2143 2674 2397 2743 parvulos
2439 2675 2503 2727 ad
2540 2689 2842 2742 mensuram
2865 2675 3078 2744 palmm,
3111 2675 3151 2727 si
3184 2675 3450 2729 occiditur

1872 2786 1890 2818 ι
1926 2768 1977 2821 in
2010 2766 2316 2821 sanctuario
2339 2762 2544 2818 Domini
2571 2764 2823 2818 sacerdos
2852 2773 2905 2817 et
2935 2764 3267 2832 propheta?»
3306 2764 3449 2817 Inter

1850 2868 2057 2915 'czetera
2100 2874 2313 2927 quoque
2356 2857 2495 2911 mala
2544 2872 2660 2926 quae
2708 2856 2919 2912 miserae
2955 2858 3099 2926 genti
3139 2856 3442 2912 Iudaeorum

1867 2949 2202 3011 acciderunt,
2251 2946 2381 3001 illud
2432 2962 2643 3016 quoque
2693 2948 2939 3017 contigit,
2986 2949 3127 3016 quod
3187 2948 3443 3008 mulieres

1865 3054 2052 3094 eorum
2094 3037 2342 3109 parvulos
2390 3035 2640 3102 infantes,
2678 3045 2729 3090 et
2776 3035 3009 3091 fructum
3052 3038 3190 3091 uteri
3223 3038 3302 3091 sui
3326 3052 3449 3106 pro-

1865 3142 1988 3200 pter
2042 3130 2201 3185 famis
2229 3129 2461 3199 inepiam
2502 3128 2871 3183 comederunt.
2931 3128 3084 3184 Unde
3135 3137 3216 3184 est
3273 3129 3441 3182 illud:

1867 3219 2002 3286 Quia
2032 3221 2085 3273 in
2114 3221 2392 3274 obsidione
2431 3217 2690 3273 Samariae
2733 3218 2926 3274 mulier
2955 3220 3020 3274 ad
3050 3219 3231 3275 Joram
3261 3234 3445 3289 regem

1863 3312 2121 3367 clamavit
2166 3327 2263 3381 pro
2292 3310 2564 3366 occisione
2615 3308 2706 3363 filii
2760 3309 2863 3373 sui,
2903 3325 3062 3378 quem
3106 3324 3226 3364 cum
3271 3309 3445 3381 vicina

1861 3419 1955 3459 sua
1976 3404 2232 3469 comedit,
2268 3412 2541 3472 expetens,
2605 3411 2665 3455 ut
2703 3400 2874 3471 ipsius
2915 3401 3054 3456 illius
3095 3402 3342 3455 similiter
3378 3401 3443 3455 ad

1859 3496 2245 3551 comestionem
2270 3493 2529 3549 ambabus
2552 3494 2768 3547 daretur
2790 3491 2897 3562 (IV
2920 3492 3043 3563 Reg.
3075 3492 3170 3564 vr).
3198 3492 3286 3547 Sic
3309 3507 3441 3560 quo-

1858 3602 1964 3658 que
1988 3595 2042 3641 et
2071 3586 2123 3639 in
2152 3585 2460 3656 captivitate
2511 3584 2697 3639 ultima
2744 3583 3134 3648 Romanorum,
3178 3584 3276 3637 sub
3318 3581 3439 3638 Tito

1861 3687 1914 3733 et
1949 3678 2276 3747 Vespasiano
2302 3676 2656 3748 principibus,
2695 3675 2888 3730 mulier
2912 3675 3155 3743 quaedam
3194 3688 3262 3728 ex
3290 3673 3443 3743 plebe

1862 3786 2013 3831 trans
2041 3774 2326 3830 Iordanem
2370 3772 2723 3828 habitantium
2773 3766 3283 3834 incolarum,Maria
3332 3785 3429 3823 no-

1860 3868 2023 3928 mine,
2064 3864 2301 3919 Eleazari
2333 3863 2458 3927 ﬁlia,
2491 3877 2686 3934 genere
2719 3876 2783 3917 ac
2820 3850 3021 3915 divitiis
3062 3858 3274 3923 nobilis,
3316 3874 3438 3913 cum

1863 3957 1967 4011 alia
2031 3954 2371 4010 multitudine
2432 3952 2644 4021 fugiens
2702 3953 2757 4007 in
2810 3949 3236 4021 Hierosolymam
3296 3964 3431 4005 rece-

1858 4058 1948 4118 pta
1976 4089 1989 4112 ,
2039 4062 2163 4101 cum
2214 4046 2425 4101 caeteris
2476 4044 2840 4099 obsidebatur.
2876 4042 2977 4099 Ubi
3005 4058 3127 4098 cum
3155 4057 3183 4096 a
3217 4042 3441 4112 raptori-

1858 4140 1962 4194 bus
1984 4140 2145 4193 rebus
2170 4137 2419 4193 omnibus
2440 4145 2493 4191 et
2512 4132 2833 4191 victualihus
2848 4134 3141 4204 exspoliata
3164 4135 3356 4199 fuerat,
3374 4135 3439 4188 ad

1858 4238 2159 4284 extremum
2188 4226 2506 4281 necessitate
2536 4223 2691 4279 famis
2718 4232 2942 4294 cogente
2964 4223 3237 4292 proprium
3271 4222 3435 4277 filium

1858 4319 2147 4373 laetantem
2197 4316 2489 4378 interfecit,
2517 4324 2832 4385 partemque
2858 4314 2974 4383 ejus
2999 4330 3235 4385 coqueus
3260 4330 3439 4369 eome-

1860 4409 1957 4473 dit,
1976 4414 2184 4477 partem
2209 4422 2335 4461 vero
2357 4406 2411 4460 in
2440 4406 2676 4459 futurum
2701 4404 2764 4459 ad
2790 4403 3174 4459 comedendum
3200 4418 3437 4458 reserva-

1858 4500 1954 4553 vit.
1989 4499 2141 4554 Unde
2166 4506 2221 4553 et
2258 4499 2442 4553 nidore
2485 4507 2673 4552 assatae
2715 4498 2894 4551 carnis
2929 4498 3027 4565 ipsi
3062 4507 3307 4566 raptores
3338 4513 3433 4551 ex-

1863 4590 2031 4653 citati,
2072 4605 2193 4644 cum
2235 4588 2431 4643 factum
2464 4596 2865 4658 compererunt,
2895 4588 3055 4642 nimis
3082 4590 3437 4643 exborrentes

1863 4690 2220 4738 secesserunt.
2269 4678 2420 4746 Quod
2463 4690 2638 4735 autem
2683 4681 2735 4734 in
2779 4680 3086 4735 sanctuario
3112 4681 3321 4734 Domini
3353 4696 3437 4733 sa-

1860 4775 2105 4829 cerdotes
2138 4762 2189 4829 et
2219 4775 2513 4843 prophctre,
2545 4774 2694 4843 pueri
2724 4782 2778 4828 et
2801 4788 2978 4838 senes,
3002 4774 3226 4842 juvenes
3250 4780 3303 4825 et
3324 4772 3434 4825 vir-

1859 4863 2028 4932 gines,
2080 4863 2256 4931 gladio
2306 4863 2635 4927 ceciderunt,
2685 4863 2922 4917 historia:
2964 4862 3157 4917 divinae
3193 4876 3291 4917 nec
3328 4876 3433 4917 non

1858 4963 1913 5006 et
1940 4954 2060 5006 libri
2091 4953 2305 5023 Josepbi
2338 4953 2756 5022 historiographi
2795 4953 2860 5008 de
2890 4955 3098 5008 excidio
3134 4954 3280 5007 urbis
3308 4951 3431 5007 Hie.

1863 5045 2142 5116 rosolymm
2174 5043 2458 5099 manifeste
2488 5044 2699 5098 docent.
2730 5044 2950 5114 Mystice
2977 5051 3154 5098 autem
3183 5040 3435 5097 mulieres

1864 5137 2093 5189 fructum
2140 5135 2281 5188 uteri
2323 5135 2405 5188 sui
2448 5134 2749 5196 comedent,
2798 5133 3011 5201 quando
3038 5132 3227 5186 anima:
3246 5146 3433 5201 pecca-

1866 5229 2025 5282 trices
2067 5227 2215 5295 justo
2252 5226 2431 5296 judice
2462 5225 2573 5278 Deo
2598 5225 2931 5279 retribuente
2958 5238 3178 5293 operum
3212 5238 3429 5277 suorum

1861 5322 2180 5391 condignam
2212 5317 2515 5371 mercedem
2550 5316 2834 5385 recipiunt.
2871 5313 3145 5369 Occiditur
3172 5313 3432 5382 propheta

1860 5422 1915 5468 et
1950 5412 2200 5467 sacerdos
2230 5410 2283 5463 in
2312 5407 2620 5463 sanctuario
2649 5406 2881 5469 Domini,
2924 5421 3045 5459 cum
3071 5404 3171 5473 ipsi
3199 5400 3432 5455 ministri

1858 5504 2047 5557 altaris
2081 5509 2134 5555 et
2175 5500 2556 5568 przedicatores
2590 5498 2741 5551 verbi
2780 5496 2895 5561 Dei,
2922 5504 3137 5565 propter
3161 5493 3434 5564 negligen-

1860 5594 1986 5647 tiam
2014 5606 2163 5646 suam
2193 5598 2353 5659 atque
2384 5588 2659 5649 desidiam,
2691 5588 2755 5641 de
2781 5602 2877 5641 suo
2906 5584 3077 5640 ofﬁcio
3106 5584 3243 5639 unde
3271 5598 3429 5637 coro-

1858 5683 1975 5736 nari
2005 5680 2323 5743 debuerant,
2350 5677 2594 5731 meritam
2621 5692 2834 5747 paruam
2869 5675 3089 5729 ultionis
3112 5674 3426 5728 sortiuntur.

1932 5773 2046 5831 Sin.
2087 5792 2105 5825 ‹
2124 5771 2415 5828 Jacuerunt
2438 5768 2493 5825 in
2523 5777 2664 5826 terra
2695 5770 2827 5827 foris
2852 5782 2986 5840 puer
3012 5774 3067 5824 et
3100 5780 3287 5838 senes,
3321 5763 3431 5820 vlt-
