3952 6312
534 325 669 380 1215

1172 327 1230 381 Β.
1274 328 1525 384 RABANI
1561 329 1777 387 MAURI
1815 332 2133 391 ARCHIEP.
2176 334 2485 397 MOGUNT.
2514 340 2799 399 OPERUM
2837 343 3013 403 PARS
3051 346 3139 401 Ill.

3652 352 3789 413 1916

537 434 556 465 ι
589 429 758 512 gntes
784 428 917 512 meae
958 421 1013 512 et
1047 419 1271 512 juvenes
1305 419 1411 512 mei
1457 417 1768 477 ceciderunt
1810 422 1865 478 in
1910 423 2104 495 gladio.
2134 433 2187 492 Α
2216 449 2236 482 ‹
2268 430 2503 499 Domini,
2528 435 2621 503 qui
2641 433 2923 507 effugeret,
2953 445 3009 492 et
3035 438 3456 509 relinqueretur.
3489 441 3637 512 Quos
3662 448 3793 504 edu-

536 524 555 557 ι
588 506 909 562 [interfecisti
955 508 1012 563 in
1056 508 1142 565 die
1174 508 1374 567 furoris
1403 512 1503 579 tui,
1522 514 1854 593 percussisti
1882 530 1983 571 nec
2010 517 2111 572 mi-

535 601 760 653 isertus
804 613 884 654 es.
908 619 928 652 ι
988 599 1176 657 Iacent
1223 602 1279 657 in
1326 612 1470 659 terra
1509 603 1640 661 foris
1680 622 1815 677 puer
1842 615 1897 663 et
1921 623 2109 678 senex,

528 704 650 744 cum
693 688 767 743 illi
809 691 902 760 qui
931 692 1295 748 innocentiam
1330 696 1591 765 puerilem
1636 699 1984 769 simulabant,
2024 702 2112 759 vel

527 780 603 835 illi
644 780 736 851 qui
775 781 1100 838 videbantur
1138 785 1362 841 consilio
1396 787 1605 857 plebem
1636 804 1857 862 regere,
1881 794 2111 851 terrenis

528 870 809 926 desideriis
854 872 1246 941 incumbentes,
1292 888 1513 947 propter
1552 878 1912 937 faeinorosam
1941 883 2109 940 vitam

527 960 594 1015 de
640 960 859 1017 civitate
895 964 1110 1020 Domini
1156 964 1331 1035 ejecti,
1378 977 1535 1023 terra:
1560 970 1646 1024 cui
1670 970 1853 1027 animo
1880 972 2111 1030 irl'haase-

526 1062 651 1109 rant
678 1056 1117 1126 eoaequabuntur,
1148 1059 1429 1130 pulvisque
1464 1062 1674 1132 pulveri
1708 1064 1981 1121 reddetur.
2024 1066 2111 1121 Si-

525 1147 729 1201 militer
768 1156 824 1203 et
863 1149 957 1219 qui
1007 1151 1393 1207 continentiam
1420 1192 1423 1195 -
1450 1153 1748 1223 virgineam
1789 1156 2110 1212 videbantur

524 1235 728 1292 habere
755 1277 771 1302 ,
815 1246 872 1293 et
920 1238 1087 1294 robur
1131 1240 1429 1309 iuventutis
1490 1243 1547 1298 in
1598 1245 1913 1315 operatione
1967 1247 2109 1303 bona

524 1339 801 1393 exercere,
844 1336 1064 1398 propter
1109 1330 1443 1402 hypocrisin,
1491 1348 1651 1404 quam
1707 1350 1890 1392 coram
1937 1340 2107 1395 oculis

521 1414 798 1473 hominum
852 1430 1152 1491 gesserant,
1204 1423 1379 1493 gladio
1416 1407 1607 1482 futura:
1634 1425 1995 1485 damnationis
2021 1444 2109 1486 oc-

522 1504 788 1562 eidentur.
826 1508 1103 1566 lnterfecit
1149 1513 1294 1567 enim
1342 1515 1579 1570 vindicta
1634 1516 1871 1572 caelestis
1920 1518 1976 1573 in
2020 1520 2108 1574 die

524 1594 723 1652 furoris
764 1596 981 1655 Domini
1029 1601 1183 1657 fictos
1231 1604 1597 1671 simulatores,
1629 1621 1737 1661 non
1770 1621 1927 1664 veros
1953 1624 2107 1665 exse-

522 1697 741 1745 cutores
803 1705 1081 1747 sacrarum
1139 1695 1423 1751 virtutum.
1487 1697 1641 1754 Unde
1690 1700 1749 1755 in
1810 1700 2105 1774 Evangelio

2220 538 2239 571 ι
2271 521 2391 577 cavi
2428 529 2484 577 et
2517 526 2769 591 enutrivi,
2800 526 3233 585 inimicus-meus
3259 534 3605 604 consumpsit
3627 548 3789 593 eosn

2212 610 2376 677 Quasi
2416 613 2484 668 ad
2519 614 2661 669 diem
2694 614 2988 672 solemnem
3018 618 3199 675 hostes
3220 621 3401 677 vocati
3425 634 3553 680 sunt
3581 626 3651 680 ad
3671 624 3793 683 sub-

2210 703 2516 759 versionem
2554 700 3070 776 perfidce'civ’itatis,
3097 713 3222 783 quia
3251 713 3306 768 id
3341 718 3487 784 quod
3516 718 3793 776 desidera-

2208 794 2360 860 bant,
2377 794 2604 853 Domino
2628 799 3000 868 permittente,
3024 804 3329 860 eveniebat.
3344 805 3634 864 Interitum
3651 811 3794 868 enim

2208 884 2513 942 Judaeon
2555 903 2717 960 quem
2741 894 3087 962 appetebant,
3116 898 3433 969 conspicere
3458 911 3793 958 meruerant.

2206 974 2398 1043 Aliter,
2428 979 2611 1036 hostes
2631 983 2786 1051 quasi
2813 984 2988 1039 vocati
3020 986 3091 1040 ad
3114 987 3516 1047 solemnitatem
3544 994 3797 1065 veniunt,

2209 1082 2330 1123 cum
2374 1070 2593 1153 maligni
2651 1073 2877 1142 spiritus
2927 1075 2982 1130 in
3024 1077 3110 1131 die
3146 1074 3340 1145 judicii
3378 1083 3447 1137 ad
3492 1085 3799 1154 puniendos

2206 1170 2524 1228 peccatores
2567 1162 2901 1220 exsultantes
2950 1169 3293 1223 conveniunt.
3345 1170 3603 1228 Gaudent
3654 1175 3797 1231 enim

2209 1251 2284 1305 illi
2308 1252 2373 1307 de
2394 1254 2552 1309 ruina
2574 1256 2901 1324 animarum,
2928 1260 3053 1329 quia
3079 1276 3188 1317 non
3210 1262 3465 1333 ignorant
3487 1267 3556 1321 ad
3576 1268 3797 1339 supple-

2209 1340 2411 1398 tionem
2434 1359 2684 1413 supernae
2713 1347 2982 1415 civitatis,
3008 1350 3151 1407 unde
3176 1351 3253 1408 illi
3280 1364 3632 1422 corruerant,
3655 1372 3799 1413 crea-

2210 1442 2324 1490 tum
2359 1451 2479 1492 esse
2510 1454 2681 1509 genus
2727 1440 3043 1511 humanum,
3090 1452 3147 1500 et
3194 1446 3265 1502 ob
3299 1447 3406 1503 hoc
3453 1464 3514 1505 se
3554 1449 3799 1520 privatos

2207 1533 2409 1580 aeterna
2450 1526 2708 1585 felicitate
2745 1532 3159 1601 conspicientes,
3192 1535 3441 1593 homines
3476 1553 3547 1595 ne
3582 1540 3799 1609 paradi-

2207 1631 2327 1672 sum
2382 1617 2617 1674 habeant
2662 1627 2776 1676 toto
2828 1623 2948 1677 nisu
2997 1639 3095 1695 per
3146 1625 3409 1683 invidiam
3452 1630 3800 1700 praecipitare

2207 1708 2483 1767 festinant.
2528 1712 2643 1770 Hoc
2675 1723 2855 1770 tamen
2889 1732 2998 1772 non
3036 1718 3151 1773 sine
3175 1720 3368 1790 grandi
3394 1721 3585 1777 dolore
3615 1730 3798 1777 sancta

520 1777 734 1881 (Matth.
782 1781 1190 1881 xxvi-virgines
1236 1787 1412 1881 stulta:
1452 1788 1505 1843 in
1540 1790 1770 1846 adventu
1813 1794 1995 1862 sponsi
2025 1793 2101 1849 le-
2129 1796 2176 1856 Β
2202 1798 2445 1856 Ecclesia
2489 1803 2740 1871 sustinet,
2782 1820 2907 1860 eum
2952 1805 3093 1863 ﬁlios
3132 1777 3259 1865 suos
3296 1826 3433 1881 quos
3467 1812 3799 1881 baptismate

521 1878 722 1940 guntur
766 1874 1135 1931 mendicantes
1178 1884 1333 1953 extra
1362 1877 1584 1947 januam
1621 1881 1930 1951 nuptiarum
1968 1883 2103 1940 foris

521 1965 866 2021 remansisse.
914 1967 981 2022 Et
1023 1968 1078 2023 in
1130 1970 1351 2040 psalmis
1403 1971 1664 2042 scriptum
1713 1981 1835 2029 est:
1864 1974 2099 2033 Iuvenes

520 2052 700 2121 ignem
725 2056 1046 2123 comedisse,
1076 2068 1134 2114 et
1156 2060 1392 2131 virgines
1427 2076 1613 2118 eorum
1641 2063 1963 2121 lamentatas
1991 2082 2100 2123 non

519 2157 639 2199 esse
666 2142 838 2216 (Psal.
863 2148 1093 2223 Lxxvn).

593 2234 763 2290 Thau.
801 2256 821 2289 ς
850 2236 1067 2295 Vocasti
1118 2242 1270 2311 quasi
1327 2244 1395 2299 ad
1446 2244 1589 2301 diem
1642 2246 1968 2316 solemnem,
2008 2249 2101 2318 qui

522 2341 541 2375 ‹
573 2332 840 2383 terrerent
868 2344 957 2386 me
983 2329 1051 2386 de
1079 2331 1326 2399 circuitu,
1358 2342 1539 2390 etnon
1569 2335 1673 2392 fuit
1695 2338 1752 2393 in
1786 2338 1873 2394 die
1901 2338 2101 2395 furoris

2207 1894 2414 1964 genuit,
2464 1906 2521 1950 et
2546 1899 2903 1954 sacramentis
2943 1900 3141 1957 divinis
3180 1901 3394 1968 imbuit,
3426 1904 3533 1959 sub
3559 1905 3801 1961 inimico-

2206 1999 2324 2038 rum
2348 2000 2511 2042 manu
2538 2002 2638 2058 per
2668 1988 2881 2044 diversa
2911 1990 3116 2047 scelera
3139 1994 3379 2062 quotidie
3407 1999 3611 2051 cadere
3635 1996 3793 2052 videt.

2207 2074 2361 2144 Quod
2392 2076 2449 2132 in
2471 2080 2747 2150 sequentis
2773 2080 2895 2136 libri
2912 2082 3068 2139 initio
3093 2086 3226 2141 satis
3253 2085 3435 2141 lucide
3457 2088 3797 2144 demonstra-

2205 2167 2374 2235 bitur,
2419 2170 2675 2239 quoniam
2708 2180 3032 2241 praesentem
3063 2174 3259 2231 librum
3284 2175 3377 2233 hic
3405 2176 3577 2234 ﬁnem
3598 2177 3797 2237 habere

2206 2271 2510 2315 censemus.

517 2489 3780 2531 Μ

1527 2625 1827 2706 LIBER
1882 2606 2232 2709 NONUS
2288 2628 2774 2709 DECIMUS.

591 2907 863 2984 (Ηίενοη.)
917 2909 1157 2967 Primam
1204 2920 1413 2985 partem
1467 2899 1898 2976 Lamentationis
1946 2917 2096 2976 Jere-

517 3005 659 3070 mine,
691 3019 811 3075 qua:
851 3004 1056 3062 duobus
1101 3007 1400 3076 alphabetis
1443 3011 1599 3079 quasi
1646 3010 1881 3082 Saphico
1923 3020 2097 3067 metro

516 3096 717 3166 scripta
760 3105 994 3163 constat,
1032 3098 1155 3168 quia
1196 3106 1308 3153 tres
1355 3100 1651 3156 versiculos
1696 3102 1791 3171 qui
1838 3101 1939 3157 sibi
1968 3116 2098 3156 con-

516 3191 642 3245 nexi
666 3199 812 3256 sunt,
837 3199 892 3246 et
917 3190 984 3246 ab
1004 3206 1111 3245 una
1141 3191 1323 3246 littera
1347 3198 1528 3247 tamen
1568 3192 1857 3264 incipiunt,
1890 3192 2096 3248 heroici

518 3296 730 3337 comma
753 3280 1045 3348 concludit,
1059 3281 1199 3338 sicut
1217 3280 1333 3349 jam
1353 3298 1515 3354 supra
1538 3291 1814 3339 ostensum
1828 3290 1914 3338 est
1934 3297 2099 3352 expo-

513 3374 693 3428 nendo
748 3373 1203 3429 transcurrimus:
1234 3388 1378 3428 nunc
1421 3373 1487 3428 ad
1530 3374 1821 3429 secundam
1861 3381 2096 3443 partem,

516 3465 609 3519 ubi
636 3464 853 3518 tertium
876 3463 1239 3535 alphabetum,
1263 3465 1403 3535 quod
1429 3464 1674 3520 trimetro
1700 3464 1963 3536 scriptum
1989 3474 2094 3529 est,

470 3612 473 3621 ν
512 3562 568 3609 et
588 3568 618 3607 a
647 3555 815 3609 ternis
839 3554 1055 3620 litteris,
1075 3556 1169 3609 sed
1194 3555 1421 3621 eisdem,
1446 3556 1581 3610 terni
1598 3570 1789 3611 versus
1811 3555 2093 3625 incipiunt,

466 3634 469 3637 ’
511 3646 905 3717 explanandam
958 3646 1238 3714 veniamus
1284 3663 1296 3700 :
1346 3645 1448 3702 hoc
1495 3646 1549 3700 in
1609 3646 1799 3717 primis
1854 3645 2097 3700 volentes

514 3739 639 3795 sciri
666 3739 809 3809 quod
846 3738 961 3793 haec
988 3752 1115 3807 pars
1142 3737 1377 3807 primum
1406 3738 1770 3805 calamitatem
1800 3736 1979 3807 gentis
2006 3735 2098 3791 Ju-

512 3830 663 3897 dzeae,
710 3846 806 3885 seu
844 3830 1024 3900 potius
1068 3828 1288 3883 humani
1325 3829 1538 3898 generis
1582 3827 1825 3885 deﬂendo
1854 3840 2095 3896 pronun-

514 3925 635 3990 tiat,
686 3923 878 3978 deinde
924 3928 1320 3977 sacramentum
1368 3920 1659 3976 Dominicae
1704 3918 2096 3974 incarnationis

515 4031 579 4070 ac
600 4014 868 4085 passionis
903 4012 1186 4069 manifeste
1215 4012 1486 4083 exprimit,
1518 4010 1609 4067 ubi
1641 4010 1949 4066 Iudaeorum
1971 4024 2095 4080 per-

514 4108 721 4163 secutio
748 4116 805 4161 et
835 4106 1137 4163 innocentis
1176 4104 1375 4161 Christi
1413 4116 1572 4175 poena
1602 4116 1667 4157 ac
1708 4117 1855 4158 mors
1884 4100 2092 4157 deseris

514 4192 679 4255 bitur.

1131 4285 1357 4343 CAPUT
1393 4284 1477 4340 Ill.

585 4382 769 4453 Aleph.
807 4398 826 4434 ι
856 4380 968 4449 Ego
1014 4379 1097 4433 vir
1143 4378 1332 4433 videns
1378 4385 1749 4448 paupertatem
1789 4389 1987 4440 meam,
2036 4373 2092 4429 in

2202 2920 2347 2976 enim
2391 2932 2533 2990 saepe
2572 2917 2630 2974 in
2660 2914 2956 2990 Scripturis
2982 2915 3204 2987 ponitur
3222 2928 3325 2985 pro
3345 2914 3593 2985 placare,
3634 2919 3791 2974 utest

2206 3009 2375 3065 illud:
2410 3028 2428 3062 ‹
2456 3008 2804 3074 Convertere,
2849 3007 3096 3074 Domine,
3144 3005 3571 3077 aliquantulum,
3624 3015 3681 3061 et
3705 3006 3791 3063 de-

2202 3114 2427 3171 precare
2479 3114 2641 3170 super
2678 3112 2865 3165 servos
2903 3106 3025 3153 tuos
3073 3094 3249 3170 (Psal.
3295 3096 3585 3168 una)»
3624 3095 3792 3153 Vertit

2199 3190 2344 3244 enim
2376 3188 2635 3245 Dominus
2658 3203 2879 3243 manum
2902 3203 3090 3255 suam,
3117 3187 3333 3259 quando
3376 3186 3526 3257 juste
3567 3187 3627 3243 in
3673 3201 3791 3266 mos

2200 3280 2438 3335 debitam
2454 3279 2718 3335 ultionem
2737 3266 3000 3345 immittit,
3017 3286 3073 3333 et
3086 3279 3352 3334 convertit
3370 3294 3598 3333 manum
3619 3293 3791 3348 suam,

2201 3371 2415 3441 quando
2441 3370 2867 3431 misericorditer
2895 3385 2925 3424 a
2948 3370 3187 3425 vindicta
3212 3370 3543 3426 sententiam
3572 3384 3791 3441 suspen-

2199 3461 2298 3516 dit.
2331 3460 2605 3531 Scriptum
2648 3468 2734 3515 est
2778 3460 2927 3522 enim
2949 3461 3018 3517 de
3042 3459 3133 3515 illo
3160 3477 3176 3514 :
3205 3460 3470 3515 Dominus
3499 3460 3791 3518 mortificat

2197 3559 2253 3608 et
2278 3550 2537 3616 viviflcat,
2568 3550 2786 3606 deducit
2821 3550 2890 3605 ad
2923 3549 3148 3616 inferos,
3184 3556 3243 3605 et
3262 3549 3495 3605 reducit.
3534 3548 3792 3605 Dominus

2196 3655 2487 3712 pauperem
2510 3640 2664 3706 facit,
2691 3648 2747 3696 et
2772 3640 2928 3707 ditat,
2960 3640 3231 3706 humiliat,
3255 3647 3312 3695 et
3339 3639 3621 3696 sublimat.
3648 3640 3717 3695 Et
3738 3639 3792 3695 in

2198 3731 2603 3787 Deuteronomii
2638 3731 2851 3786 cantico
2889 3732 3005 3800 ipse
3034 3729 3168 3786 dicit
3198 3746 3211 3783 :
3243 3746 3263 3781 ι
3292 3728 3407 3801 Ego
3434 3730 3710 3797 occidam,
3738 3739 3793 3787 et

2196 3821 2379 3876 vivere
2429 3819 2659 3888 faciam;
2701 3823 3020 3891 percutiam,
3065 3828 3120 3875 et
3147 3835 3248 3891 ego
3291 3821 3496 3876 sanabo
3528 3838 3543 3873 :
3580 3829 3642 3877 et
3684 3834 3791 3876 non

2198 3920 2283 3967 est
2308 3913 2401 3982 qui
2430 3912 2627 3982 eripiat
2651 3912 2719 3967 de
2746 3911 2996 3968 manibus
3021 3910 3158 3967 meis
3184 3910 3366 3981 (Deut.
3396 3909 3600 3982 xuii).
3624 3928 3647 3963 ι

2267 4004 2419 4059 Belli.
2466 4023 2486 4057 ι
2535 4004 2817 4061 Vetustam
2859 4002 2989 4059 fecit
3040 4003 3302 4059 Dominus
3352 4002 3554 4071 pellem
3614 4016 3787 4057 meam

2204 4115 2224 4150 ι
2265 4104 2322 4153 et
2350 4112 2567 4153 carnem
2597 4111 2793 4160 meam,
2827 4095 3086 4150 contrivit
3106 4108 3229 4149 ossa
3252 4107 3396 4148 mea.
3428 4111 3447 4146 ι
3485 4092 3550 4148 In
3576 4092 3717 4163 pelle
3739 4102 3791 4149 et

2199 4201 2362 4242 carne
2389 4185 2661 4241 exteriora
2688 4192 2742 4239 et
2768 4184 2951 4240 mollia
2976 4198 3203 4254 quaeque
3230 4182 3485 4253 exprimit
3505 4221 3523 4249 ,
3557 4182 3613 4237 in
3651 4182 3788 4237 ossi-

2199 4279 2300 4333 bus
2330 4293 2545 4349 quoque
2582 4279 2748 4334 robur
2793 4279 3091 4334 internum.
3146 4275 3430 4332 Vetustam
3481 4290 3616 4347 ergo
3663 4275 3787 4331 fecit

2200 4366 2460 4423 Dominus
2502 4367 2700 4437 pellem
2751 4366 3062 4423 Iudaeorum
3098 4374 3155 4423 et
3192 4381 3435 4433 carnem,
3480 4366 3702 4437 quando
3734 4366 3785 4420 in

520 4493 540 4526 ι
574 4437 725 4545 virga
758 4437 1139 4543 indignationis
1173 4468 1309 4539 ejus.
1340 4437 1687 4541 ttulimus.)
1728 4437 2092 4537 Conqueritur
2118 4437 2171 4497 D
2196 4456 2556 4513 exterioribus
2586 4458 2749 4513 rebus
2774 4473 2871 4528 per
2907 4458 3257 4529 indigentiam
3292 4456 3425 4512 fecit
3462 4457 3781 4513 defamem.

515 4582 645 4636 ergo
689 4564 917 4635 populus
962 4562 1137 4617 fidelis
1180 4569 1548 4632 paupertatem
1584 4576 1761 4626 suam,
1812 4560 1868 4614 in
1910 4559 2093 4614 c'orre-

523 4655 710 4724 ptione
752 4652 1138 4722 indignationis
1182 4652 1417 4727 Domini,
1448 4651 1573 4722 quia
1607 4650 1867 4721 plurimos
1898 4665 1929 4704 a
1956 4658 2099 4705 statu

517 4753 678 4799 rectae
710 4744 837 4798 fidei
884 4750 940 4797 et
980 4742 1156 4797 studio
1190 4743 1456 4797 bonorum
1493 4757 1717 4812 operum
1753 4742 1807 4797 in
1850 4742 2099 4797 tenebras

515 4835 717 4889 erroris
744 4842 799 4887 et
821 4834 1077 4889 vitiorum
1110 4833 1427 4888 barathrum
1447 4832 1623 4887 cernit
1642 4830 1871 4898 devolvi,
1901 4850 1919 4883 ι
1940 4830 2097 4886 multi

516 4924 659 4979 enim
690 4931 814 4978 sunt
850 4922 1049 4999 vocati,
1079 4924 1237 4991 pauci
1258 4938 1387 4979 vero
1413 4921 1591 4977 electi.
1622 4940 1642 4973 ι

590 5014 775 5083 Aleph.
822 5030 842 5063 α
869 5011 952 5066 Me
996 5011 1223 5066 minavit
1264 5020 1321 5066 et
1362 5010 1582 5066 adduxit
1622 5010 1676 5064 in
1714 5010 1986 5075 tenebras,
2042 5018 2099 5067 et

524 5122 543 5153 ‹
577 5118 683 5162 non
713 5103 767 5155 in
793 5101 986 5155 lucem.
1018 5121 1036 5154 ι
1088 5100 1201 5157 Hoc
1246 5109 1330 5156 est
1375 5100 1429 5154 in
1476 5098 1877 5154 tribulationem
1905 5100 2099 5156 cadere

518 5194 782 5263 permisit,
814 5201 868 5247 et
897 5208 1002 5249 non
1028 5192 1085 5246 in
1113 5191 1529 5262 prosperitatem
1561 5190 1812 5245 servavit.

588 5286 771 5355 Aleplt.
809 5304 827 5336 ί
850 5285 1082 5341 Tantum
1108 5286 1163 5339 in
1190 5298 1277 5339 me
1306 5283 1487 5350 vertit,
1510 5286 1565 5339 et
1587 5282 1852 5339 convertit
1878 5298 2099 5362 manum

524 5393 544 5426 ι
580 5389 735 5430 suam
779 5382 889 5430 tota
927 5375 1031 5429 die.
1064 5395 1081 5427 ι
1126 5374 1241 5429 Hoc
1289 5373 1434 5427 enim
1484 5374 1675 5439 sentit,
1718 5372 1849 5442 justi
1899 5372 2099 5441 judicis

520 5466 785 5521 sententia
825 5466 1167 5530 decernente,
1198 5466 1300 5520 sibi
1317 5463 1471 5534 juxta
1512 5466 1706 5519 merita
1735 5482 1829 5523 sua
1856 5468 2094 5534 evenire,

520 5556 663 5627 quod
715 5571 773 5611 se
816 5555 1006 5609 recolit
1051 5554 1284 5624 propriis
1338 5555 1548 5608 actibus
1590 5556 1909 5623 promereri.
1965 5556 2098 5610 Illud

521 5657 700 5702 tamen
753 5643 1201 5700 considerandum
1248 5651 1331 5697 est
1380 5644 1522 5712 quod
1567 5642 1696 5719 ilicit
1725 5657 1739 5696 ε
1769 5643 2000 5697 Tantum
2041 5647 2097 5699 in

520 5749 610 5793 me
655 5737 838 5803 vertit,
876 5742 933 5791 et
968 5734 1235 5791 convertit
1284 5747 1505 5789 manum
1550 5748 1722 5788 suam.
1769 5732 2095 5789 Convertere

2204 4567 2223 4600 ι
2256 4547 2522 4603 Contrivit
2561 4564 2685 4604 ossa
2720 4563 2931 4613 eorum,
2963 4568 2981 4601 ι
3024 4549 3239 4619 quando
3283 4547 3541 4604 duritiam
3590 4547 3783 4603 mentis

2199 4656 2387 4697 eorum
2420 4641 2637 4696 minuit.
2670 4639 2872 4712 (Greg.)
2904 4639 3043 4695 Hinc
3069 4655 3283 4710 quoque
3310 4653 3409 4712 per
3439 4640 3663 4693 beatum
3687 4637 3783 4694 Job

2201 4733 2400 4789 dicitur
2423 4750 2439 4788 :
2469 4752 2487 4784 ι
2511 4731 2662 4789 Cutis
2681 4748 2798 4786 mea
2829 4732 3109 4803 denigrata
3141 4742 3226 4788 est
3254 4743 3418 4800 super
3443 4745 3555 4796 me,
3581 4739 3638 4785 et
3663 4745 3781 4785 ossa

2199 4838 2318 4879 mea
2370 4831 2631 4879 aruerunt
2668 4838 2780 4893 prae
2819 4832 3069 4878 caumate
3097 4820 3231 4894 (Job
3260 4822 3424 4893 xxx).
3451 4839 3471 4873 ι
3504 4819 3652 4876 Bene
3683 4822 3782 4877 hoc

2200 4922 2400 4969 sanctae
2432 4913 2683 4969 Ecclesiae
2710 4914 2934 4969 vocibus
2959 4913 3225 4983 congruit,
3250 4928 3372 4981 quae
3395 4912 3637 4968 dolorem
3662 4925 3773 4981 per

2200 5003 2496 5058 secutionis
2544 5002 2746 5056 ultimae
2771 5003 2824 5057 in
2854 5001 3083 5056 infirmis
3128 5001 3367 5071 graviter
3402 5001 3570 5055 sentit
3594 5014 3609 5053 :
3631 5013 3776 5055 cum~

2200 5110 2305 5164 que
2333 5097 2402 5149 ab
2433 5094 2523 5149 illa
2554 5095 2644 5151 alii
2684 5100 2932 5164 pereunt,
2970 5091 3297 5148 valentiores
3324 5092 3525 5163 quique
3546 5104 3775 5146 mtrrore

2200 5186 2531 5243 cruciantur.
2569 5186 2820 5241 Exterior
2859 5183 3056 5253 quippe
3083 5198 3243 5239 causa
3282 5182 3402 5253 ejus
3442 5191 3530 5237 est
3563 5189 3772 5236 terrena

2202 5276 2528 5345 dispensatio
2547 5316 2563 5342 ,
2586 5274 2815 5331 interior
2843 5287 3006 5340 vero,
3033 5287 3167 5329 cura
3195 5272 3454 5329 ctelestis.
3478 5270 3628 5327 Cutis
3648 5282 3770 5339 ergo

2200 5369 2417 5423 nomine
2463 5366 2663 5421 infirmi
2705 5364 3009 5436 signantur,
3045 5363 3139 5434 qui
3168 5379 3316 5419 nunc
3349 5364 3416 5438 in.
3435 5378 3499 5418 ea
3521 5356 3770 5417 exteriori

2202 5458 2421 5512 utilitati
2462 5457 2793 5513 deserviunt.
2843 5454 2948 5509 Per
2970 5470 3092 5511 ossa
3124 5470 3255 5509 vero
3286 5454 3457 5511 fortes
3490 5452 3605 5520 ejus
3637 5449 3760 5521 figu-

2203 5548 2306 5602 rati
2333 5556 2476 5612 sunt,
2506 5549 2557 5603 in
2588 5548 2783 5617 quibus
2806 5545 3050 5615 corporis
3086 5544 3228 5599 illius
3258 5551 3373 5599 tota
3399 5554 3658 5611 compago
3680 5552 3763 5594 so-

2202 5644 2419 5698 lidatur.
2456 5644 2593 5709 Quia
2634 5642 2798 5711 igitur
2841 5648 2934 5693 aut
2977 5638 3259 5710 provocati
3301 5635 3636 5701 muneribus,
3681 5637 3767 5686 aut

2200 5735 2665 5804 persecutionibus
2702 5729 2882 5788 amicti
2912 5729 3067 5788 multi
3096 5728 3153 5786 in
3179 5741 3246 5785 ea
3278 5726 3349 5783 ab
3372 5734 3518 5784 statu
3545 5722 3664 5781 fidei
3693 5720 3766 5777 in-
