3952 6312
161 377 301 438 5317

1035 383 1403 444 EXPOSITIO
1438 384 1670 444 SUPER
1706 381 2073 444 JEREMIAM.
2110 415 2181 430 --
2215 385 2343 443 LIB.
2382 383 2525 444 XIX.

3294 395 3432 455 1218

161 488 563 594 ﬁrmicedunt.
587 505 820 594 eengfiee
846 492 944 563 ipsi
972 504 1258 594 pendeam
1286 496 1748 594 cecideruntper-
1776 506 1829 566 Α
1856 522 2031 571 ratur.
2090 514 2198 571 Sed
2250 517 2392 572 hanc
2448 515 2865 587 dispensationis
2909 523 3137 594 gratiam
3188 531 3431 587 nonnulli

164 592 490 651 sequuntur,
512 584 638 652 quid
658 583 803 639 aliud
827 599 988 654 quam
1017 586 1159 641 cutis
1175 601 1285 641 suae
1301 587 1636 658 nigredinem
1658 605 1756 659 pa-

163 671 321 739 titur,
349 681 409 727 ut
438 672 494 727 in
521 674 652 743 ipsis
676 676 1018 744 postmodum
1055 676 1197 732 fmda
1234 686 1510 747 appareat,
1550 678 1607 733 in
1638 678 1757 749 qui-

163 760 269 817 bus
290 762 439 833 prius
458 762 682 833 pulchra
696 764 1001 820 videbatur?
1016 766 1150 820 Dum
1164 766 1310 821 enim
1322 767 1379 822 hi
1393 768 1485 838 qui
1497 768 1648 838 prius
1665 781 1758 823 ex-

163 852 370 906 teriora
390 850 528 907 bene
550 852 868 923 dispensare
898 864 1308 922 consueverant,
1334 864 1521 912 contra
1552 857 1755 914 electos

162 940 264 996 Dei
292 944 636 1012 postmodum
673 944 921 1010 saeviunt,
962 945 1118 1015 quasi
1144 946 1283 1002 cutis
1304 945 1559 1005 Ecclesiae
1599 956 1754 1004 ante-

162 1032 302 1087 acta:
336 1031 561 1100 iustitiae
598 1033 834 1091 colorem
873 1036 1139 1106 perdidit],
1166 1052 1287 1109 quae
1324 1038 1391 1094 ad
1418 1038 1754 1112 nigredinem

164 1116 477 1192 iniquitatis
504 1123 655 1180 venit

235 1212 391 1268 ΒετΙι.
443 1232 464 1268 ‹
490 1213 804 1273 ,λΕάὶθοενίι
839 1218 898 1273 in
934 1235 1065 1292 gyro
1103 1236 1256 1289 meo,
1307 1229 1364 1279 et
1401 1222 1758 1281 circumdedit

169 1320 192 1358 ι
226 1319 318 1360 me
346 1305 470 1362 felle
496 1315 553 1363 et
571 1307 779 1365 labore.
808 1328 829 1363 ι
874 1310 1145 1385 (Ηὶενοη.)
1187 1313 1327 1382 Quid
1364 1322 1450 1381 est
1487 1316 1755 1373 aediﬁcare

162 1394 222 1451 in
265 1412 419 1469 gyro,
456 1397 561 1454 nisi
590 1399 839 1469 undique
861 1402 1133 1472 pressuris
1171 1405 1485 1460 coarctare?
1516 1405 1584 1460 Et
1626 1406 1756 1477 quid

162 1495 252 1542 est
289 1489 628 1546 circumdare
669 1490 797 1547 felle
830 1499 886 1547 et
928 1492 1136 1561 labore,
1171 1495 1273 1551 nisi
1317 1497 1677 1553 amaritudine
1700 1505 1757 1553 et

162 1578 352 1637 labore
380 1582 642 1653 repletam
670 1588 1061 1658 coangustare?
1085 1587 1237 1644 Unde
1259 1596 1313 1644 et
1341 1589 1624 1645 subditur:

236 1669 391 1725 Belli.
438 1689 457 1724 ι
480 1672 540 1727 ln
566 1664 871 1731 tenebrosis
895 1675 1182 1732 collocavit
1200 1692 1309 1743 me,
1336 1678 1492 1749 quasi
1512 1686 1756 1741 mortuos

170 1779 193 1815 ι
226 1763 607 1834 sempiternos.
648 1784 668 1819 ι
720 1765 1042 1840 (Mannum)
1079 1769 1140 1825 ln
1183 1769 1487 1826 tenebrosis
1525 1769 1755 1827 collocat

1856 606 2020 660 etiam
2066 604 2303 660 ﬁdelium
2344 606 2613 676 ignorant,
2660 624 2727 665 ex
2760 626 2987 682 quorum
3009 615 3171 669 etiam
3199 632 3432 687 persona

1855 713 1955 769 per
1975 698 2191 753 beatum
2215 697 2316 753 Job
2341 699 2466 754 alibi
2500 699 2699 756 dicitur
2722 721 2735 756 :
2765 703 2905 758 Ecce
2937 704 3181 763 clamabo
3204 709 3312 763 vim
3338 725 3433 781 pa-

1855 792 1996 847 tiens
2019 800 2075 848 et
2103 807 2262 849 nemo
2309 792 2522 859 audiet;
2567 795 2925 863 vociferabor,
2977 806 3032 852 et
3080 814 3187 853 non
3218 810 3302 856 est
3339 803 3432 871 qui

1850 880 2057 953 judicet
2101 880 2225 955 (Job
2275 880 2413 955 xxx).
2450 880 2569 939 Non
2614 894 2697 939 est
2738 886 2883 941 enim
2921 887 3013 957 qui
3050 888 3256 958 judicet
3298 891 3431 946 dici-

1856 979 1967 1039 tur,
2013 972 2233 1044 quando
2274 972 2521 1043 judicare
2564 974 2863 1031 dissimulat
2910 977 3024 1046 ipse
3062 980 3154 1049 qui
3194 989 3299 1048 est,
3338 983 3431 1053 qui

1857 1075 2079 1117 causam
2126 1070 2370 1117 nostram
2410 1071 2596 1119 contra
2644 1065 3036 1132 adversarium,
3076 1078 3271 1138 prteter
3310 1089 3434 1129 eum

1837 1152 1949 1224 qui
1970 1152 2199 1223 judicet,
2233 1168 2341 1209 non
2363 1162 2465 1209 est.
2497 1155 2607 1211 Nec
2632 1156 2812 1211 tamen
2838 1156 2942 1211 hoc
2968 1157 3084 1213 sine
3103 1159 3306 1229 judicio
3331 1170 3431 1228 est,

1856 1243 1999 1314 quod
2039 1240 2305 1311 judicium
2350 1242 2610 1311 diﬂ‘ertur,
2654 1246 2783 1316 quia
2824 1254 2879 1302 et
2919 1262 3040 1311 cum
3081 1249 3198 1306 haec
3243 1250 3435 1309 beatus

1848 1333 1956 1391 Job
1982 1332 2191 1390 diceret
2215 1343 2270 1389 et
2293 1336 2465 1391 sancti
2493 1336 2595 1391 viri
2623 1337 2837 1403 merita,
2863 1347 2919 1393 et
2946 1338 3239 1396 adversarii
3268 1356 3433 1412 poena

1859 1425 2155 1484 crescebat.
2186 1424 2300 1481 Hoc
2326 1426 2499 1496 ipsum
2530 1442 2658 1499 ergo
2681 1426 2945 1496 judicium
2982 1430 3183 1500 judicis
3218 1431 3435 1497 diﬂ‘erre

1857 1514 1979 1584 fuit,
2008 1515 2285 1587 utsinguli
2328 1516 2481 1587 juxta
2514 1516 2714 1572 merita
2751 1532 2848 1573 sua
2872 1519 3195 1590 condignam
3219 1536 3433 1579 merce-

1859 1608 1981 1664 dem
2009 1609 2065 1664 in
2090 1606 2270 1663 futuro
2295 1608 2614 1679 reciperent.
3349 1668 3354 1679 ,

1930 1696 2154 1753 Ghimel.
2194 1716 2214 1750 ι
2243 1696 2517 1754 Conclusit
2556 1698 2673 1754 vias
2707 1714 2859 1755 meas
2880 1699 3148 1771 lapidibus
3191 1700 3434 1771 quadris,

1862 1786 2085 1843 semitas
2104 1801 2255 1842 meas
2276 1786 2558 1868 subvertit.
2580 1807 2599 1841 ι
2619 1786 2845 1859 (Mum)
2871 1789 2943 1845 Ut
2976 1790 3282 1846 ostenderet
3305 1790 3437 1845 vali-

377 1867 497 1910 ωοΐ
500 1862 641 1953 “105"
666 1857 1050 1953 “mnilernost
1094 1860 1314 1953 (ιυειιᾲο
1336 1860 1507 1953 Ϋοωηί
1560 1861 1754 1953 φιδιίο
1780 1854 1830 1917 Β
1859 1877 1943 1934 dis
1977 1893 2037 1933 se
2067 1878 2503 1935 tribulationibus
2530 1852 2877 1948 coarctatam,
2916 1882 3182 1953 lapidibus
3215 1884 3437 1953 quadris

165 1944 456 2001 destitutos
472 1986 489 2012 ,
531 1946 735 2003 nullam
764 1948 896 2004 sinit
920 1949 988 2005 de
1012 1951 1273 2022 praesenti
1294 1952 1408 2007 vita
1432 1952 1758 2010 consolatio-

162 2052 295 2092 nem
324 2053 545 2107 sperare
571 2038 818 2099 afﬂictos.
849 2041 927 2098 De
955 2057 1062 2114 quo
1092 2042 1271 2100 adhuc
1294 2044 1638 2116 subjungitur
1667 2061 1683 2101 :

240 2124 467 2182 Ghimel.
504 2127 1049 2187 «Circumaediﬁcavit
1092 2134 1379 2191 adversum
1414 2150 1525 2202 me,
1560 2139 1621 2190 ut
1645 2150 1753 2192 non

170 2233 193 2267 ι
224 2215 474 2287 egrediar
506 2221 822 2290 aggravavit
860 2224 1172 2292 compedem
1198 2240 1400 2280 meum.
1425 2245 1443 2277 ι
1482 2225 1754 2298 (Ηὶει-οη.)

178 2305 318 2362 Cum
343 2308 632 2364 adversum
654 2324 713 2366 se
741 2310 1075 2367 obsidionem
1099 2314 1241 2369 vallo
1263 2323 1319 2371 et
1344 2316 1627 2387 aggeribus
1650 2316 1757 2372 ciro

173 2398 625 2455 cumaediﬁcatam
677 2389 963 2472 conspicit,
1002 2406 1313 2474 compedem
1359 2392 1533 2462 suum
1560 2421 1753 2480 aggra-

165 2497 358 2544 vatum
394 2490 611 2558 asserit,
647 2491 774 2561 quia
798 2490 918 2561 ejus
944 2493 1148 2549 exitum
1174 2495 1445 2565 quomodo
1473 2496 1754 2552 calamita-

168 2589 283 2635 tem
309 2582 523 2648 evadat,
550 2596 655 2637 non
682 2582 909 2637 invenit.
939 2583 1094 2651 Quod
1119 2592 1341 2641 sanctus
1363 2585 1465 2642 Job
1489 2586 1755 2644 similibus

171 2670 359 2727 verbis
393 2672 665 2741 expressit
702 2672 887 2729 dicens
916 2691 930 2727 :
968 2691 987 2725 ι
1022 2672 1285 2730 Semitam
1314 2692 1491 2732 meam
1520 2679 1754 2735 circum-

166 2761 357 2833 sepsit,
375 2760 449 2815 ita
470 2768 528 2816 ut
543 2762 777 2818 transire
796 2777 904 2818 non
926 2764 1150 2835 possim,
1166 2774 1223 2820 et
1240 2765 1296 2820 in
1319 2766 1453 2823 calle
1468 2782 1588 2824 meo
1609 2777 1758 2824 tene-

168 2854 302 2910 bras
320 2853 498 2925 posuit
519 2852 664 2925 (Job.
689 2852 825 2926 mi).
849 2873 867 2905 ι
886 2853 1098 2929 [Greg.]
1123 2855 1277 2923 Quod
1297 2857 1365 2916 ad
1386 2858 1601 2913 inﬁrma
1625 2875 1758 2930 quo-

170 2945 541 3014 quemetnbra
562 2952 763 3001 sancta:
776 2945 1035 3002 Ecclesiae
1048 2962 1158 3003 non
1180 2948 1477 3019 incongrue
1499 2949 1757 3021 refertur,

172 3034 389 3104 quando
409 3048 508 3104 per
530 3034 635 3090 hoc
654 3035 797 3104 quod
823 3050 989 3105 prave
1018 3052 1138 3092 sese
1162 3039 1336 3109 egisse
1371 3042 1755 3109 meminerunt,

1857 1983 1917 2025 se
1967 1968 2278 2024 conclusam
2324 1969 2475 2035 dicit,
2515 1976 2571 2024 et
2614 1971 2863 2026 semitam
2906 1986 3189 2041 gressuum
3216 1986 3436 2027 suorum

1855 2058 2193 2121 subversam.
2226 2059 2361 2127 Quia
2384 2067 2551 2130 petrze
2580 2060 2805 2115 solidam
2849 2060 3079 2117 formam
3120 2062 3436 2132 quadratam

1854 2147 2139 2221 habentes,
2168 2148 2474 2219 ubicunque
2498 2149 2685 2220 posita:
2710 2150 2933 2216 fuerint,
2960 2150 3081 2205 ﬁxae
3099 2151 3300 2221 jacent,
3336 2166 3436 2206 nec

1855 2238 2052 2293 alicubi
2113 2238 2284 2294 relabi
2334 2247 2580 2308 possunt.
2649 2239 2873 2311 Mystice
2910 2248 3092 2296 autem
3138 2240 3437 2296 electorum

1854 2330 2087 2401 populus
2110 2330 2379 2400 lapidibus
2399 2332 2621 2402 quadris
2642 2333 2782 2403 apud
2808 2331 3050 2401 iniquum
3073 2332 3436 2401 concluditur,

1857 2436 1980 2489 cum
2001 2420 2050 2492 ej
2060 2438 2122 2477 us
2147 2438 2274 2478 caro
2302 2422 2511 2493 antiqui
2536 2422 2708 2477 hostis
2733 2422 3198 2492 persecutionibus
3223 2431 3439 2493 tempo-

1856 2510 2045 2566 raliter
2093 2512 2272 2567 datur.
2326 2511 2491 2583 Cujus
2539 2512 2629 2568 illc
2673 2513 2926 2568 semitam
2973 2514 3260 2577 subvertit,
3311 2514 3438 2584 quia

1856 2608 2129 2656 tormenta
2183 2616 2281 2657 sua
2336 2616 2462 2657 eum
2519 2602 2747 2658 evadere
2806 2617 2915 2657 non
2970 2602 3291 2673 permittit,
3336 2616 3440 2659 nec

1857 2699 2144 2748 contentus
2180 2701 2264 2748 est
2300 2693 2635 2749 solummodo
2671 2707 2887 2749 carnem
2926 2693 3260 2749 cruciatibus
3301 2690 3438 2747 allii-

1857 2796 2005 2851 gere,
2030 2782 2140 2837 imo
2161 2782 2325 2837 etiam
2348 2782 2471 2838 dolo
2494 2791 2551 2839 et
2570 2782 2779 2859 insidiis
2798 2783 2914 2853 ejus
2936 2782 3173 2837 animam
3196 2781 3438 2838 funditus

1856 2873 2053 2945 quaerit
2090 2873 2423 2929 subvertere.
2458 2873 2610 2929 Unde
2638 2874 3010 2945 subjungitur:

1925 2963 2138 3020 Daleth.
2169 2983 2188 3016 ‹
2218 2964 2389 3021 Ursus
2430 2964 2688 3021 insidians
2729 2964 2904 3022 factus
2946 2973 3031 3020 est
3073 2964 3243 3030 mihi,
3276 2965 3362 3021 leo
3384 2965 3438 3021 in

1864 3072 1883 3106 ι
1916 3053 2264 3111 absconditis.
2303 3073 2321 3107 ι
2355 3054 2460 3110 Per
2484 3056 2581 3110 has
2608 3056 2740 3112 duas
2782 3055 2983 3111 bestias
3026 3054 3394 3112 ferocissimas
3418 3096 3435 3123 ,

173 3139 206 3178 ³
234 3125 376 3217 non?
418 3140 633 3217 quoque
669 3139 834 3217 Opere
870 3127 1242 3195 retardantur.
1265 3136 1321 3184 ει
1349 3144 1416 3187 81
1440 3130 1755 3187 inﬁrmitate
1781 3197 1823 3217 η
1858 3144 2023 3199 nimis
2067 3145 2307 3200 dolosam
2348 3153 2405 3201 et
2443 3146 2713 3202 crudelem
2754 3148 3187 3217 persecutionem
3230 3147 3439 3216 antiqui

170 3215 394 3287 Propria
436 3215 634 3281 ῑίωίάίν
666 3216 809 3272 bona
845 3230 1033 3273 contra
1061 3218 1179 3274 hac
1204 3218 1367 3275 Γοῐῐίδ
1397 3221 1616 3291 λεεωὰὶ
1641 3238 1751 3279 non
1778 3197 1824 3262 Ο
1854 3233 2026 3289 hostis
2060 3234 2347 3303 exprimit,
2378 3235 2470 3304 qui
2498 3250 2595 3304 per
2622 3197 2897 3291 ministros
2927 3251 3054 3291 suos
3084 3236 3245 3291 alium
3281 3197 3437 3292 blan-

172 3317 529 3379 przesumunt.
561 3309 777 3365 Timent
810 3310 953 3367 enim
981 3326 1175 3384 magna
1207 3313 1350 3369 bona
1374 3313 1631 3385 incipere,
1659 3316 1752 3390 qui

1862 3327 2125 3393 dimentis,
2148 3328 2312 3383 alium
2327 3328 2513 3396 minis,
2538 3328 2700 3385 alium
2716 3330 3008 3400 suppliciis,
3027 3348 3057 3386 a
3077 3334 3267 3388 semita
3280 3345 3443 3390 rectae

174 3413 237 3454 se
281 3400 501 3495 in_8ni8
550 3400 760 3455 adibus
811 3400 1055 3495 inﬁrmos
1101 3416 1223 3458 esse
1265 3404 1646 3460 meminerunt
1686 3406 1753 3461 Εῑ
1852 3417 1977 3474 ﬁdei
2028 3420 2370 3485 subvertere,
2418 3427 2472 3474 et
2503 3434 2535 3474 a
2579 3436 2675 3491 spe
2723 3421 2961 3478 caelestis
3011 3424 3226 3492 auxilii,
3279 3424 3440 3495 quasi

174 3505 300 3545 cum
325 3490 639 3562 plerumque
660 3493 824 3548 etiam
848 3493 1049 3549 bonum
1096 3495 1239 3566 quod
1263 3495 1463 3567 eligant
1484 3498 1753 3565 nesciunt,

1862 3511 2150 3565 desolatam
2177 3520 2412 3568 atterere
2435 3490 2624 3583 cupit;
2644 3512 2797 3581 Unde
2822 3516 3065 3590 sequitur
3096 3534 3109 3547 ο

175 3581 332 3682 quasi
380 3582 433 3637 in
466 3582 599 3682 calle
624 3598 736 3682 .suo
772 3585 976 3654 positas
1015 3587 1268 3682 tenebras
1309 3589 1747 3659 perhorrescunt.
1929 3600 2133 3656 Dazczh,
2172 3620 2190 3652 ι
2231 3601 2463 3660 Semitas
2487 3581 2639 3663 {item}
2660 3581 2924 3663 subverti}
2952 3617 3006 3663 ει
3030 3609 3292 3682 confregit,
3318 3626 3439 3678 me,

176 3670 312 3768 nam
335 3687 476 3744 saepe
506 3673 582 3768 ile
606 3674 673 3730 de
701 3690 802 3768 sue
825 3690 989 3768 opere
1032 3675 1095 3730 fit
1138 3678 1352 3768 animus
1396 3679 1655 3746 incertus.
1695 3688 1757 3735 ut
1860 3709 1878 3743 ι
1914 3691 2092 3761 posuit
2130 3708 2215 3751 mc
2269 3694 2580 3753 desolatam.
2620 3714 2640 3749 ι
2700 3696 2777 3752 De
2826 3697 2987 3768 hujus
3038 3670 3443 3755 leonisinsidiis

179 3761 396 3832 ignoret
426 3764 648 3820 omnino
680 3766 809 3836 quid
841 3766 1033 3831 virtus,
1073 3768 1201 3836 quid
1230 3767 1386 3838 culpa
1410 3769 1502 3823 sit.
1531 3769 1591 3824 In
1621 3770 1756 3826 calle
1854 3782 2125 3853 propheta
2171 3790 2225 3844 in
2268 3788 2499 3845 psalmis
2546 3796 2797 3855 testatur,
2842 3761 3028 3845 ἀήθης
3080 3807 3091 3843 ε
3129 3809 3148 3842 ς
3180 3788 3345 3846 sedet
3386 3791 3441 3846 in

176 3868 309 3926 ergo
333 3869 432 3913 suo
457 3856 713 3913 tenebras
746 3857 971 3922 invenit,
1000 3858 1093 3927 qui
1125 3859 1181 3913 in
1209 3859 1296 3913 his
1322 3874 1443 3928 quae
1472 3874 1633 3931 agere
1662 3876 1757 3929 ap-

1862 3872 2067 3934 iusidiis
2089 3896 2211 3934 cum
2234 3879 2491 3935 divitibus
2514 3879 2569 3933 in
2595 3880 2821 3935 occultis
2840 3918 2855 3945 ,
2881 3888 2942 3933 ut
2967 3879 3257 3933 interficiat
3283 3879 3441 3933 inno-

174 3949 333 4040 petit.
362 3947 494 4040 quid
528 3948 729 4019 elisere
768 3947 961 4004 debeat
1006 3949 1198 4005 nescit-
1238 3949 1373 4017 Quia
1414 3950 1572 4019 isitw
1616 3967 1759 4026 sape
1858 3976 2071 4024 contem
2098 3966 2270 4040 (Ρεαι.
2314 3968 2413 4037 ιι).
2461 3986 2481 4020 ι
2521 3965 2673 4023 Oculi
2704 3966 2821 4035 ejus
2864 3966 2919 4021 in
2952 3980 3241 4037 pauperem
3269 3969 3446 4039 respi-

176 4037 523 4102 ἱηίιτωίῑθιθ,
560 4052 945 4107 nonnunquam
991 4053 1119 4095 νθτο
1146 4040 1455 4110 ignorantia
1478 4054 1756 4114 peccatur.
1858 4060 2041 4125 ciunt,
2084 4037 2374 4114 insidiatur
2413 4059 2470 4114 in
2495 4058 2709 4115 occulto
2745 4060 2886 4114 sicut
2921 4059 3004 4115 leo
3034 4060 3090 4115 in
3119 4059 3283 4115 cubili
3320 4037 3439 4116 suo.

175 4143 244 4184 ex
286 4128 685 4221 inﬁrmantibus
717 4129 932 4185 dicitur.
970 4150 989 4184 ι
1019 4130 1281 4189 Semitam
1314 4151 1491 4191 meam
1521 4139 1757 4193 circum-
1857 4149 2150 4206 Insidiatur
2182 4157 2243 4205 ut
2279 4152 2460 4220 rapiat
2487 4165 2777 4221 pauperem
2823 4168 2837 4203 :
2881 4165 3072 4221 rapere
3116 4166 3404 4221 pauperem
3427 4192 3442 4219 ,

176 4220 348 4289 sepsit
373 4228 427 4276 et
450 4221 681 4276 transire
711 4238 819 4278 non
847 4237 1105 4293 possum;
1137 4243 1156 4277 ι
1191 4240 1257 4279 ex
1282 4227 1362 4281 eis
1393 4243 1546 4293 vere.
1572 4230 1665 4298 qui
1690 4230 1758 4284 ad
1860 4239 1985 4294 dum
2025 4239 2293 4294 abstrahit
2333 4220 2565 4295 eum.rln
2594 4238 2790 4307 laqueo
2813 4254 2911 4293 suo
2946 4220 3248 4293 nuntiliavit
3286 4256 3440 4307 eum,

173 4310 354 4381 ipsum
375 4325 510 4382 opus
532 4312 752 4379 bonum,
781 4314 923 4383 quod
947 4314 1167 4385 eligant,
1192 4316 1447 4387 caligant,
1470 4319 1756 4376 subditur:
1861 4327 2142 4381 inclinavit
2188 4340 2248 4381 se
2289 4334 2345 4380 et
2380 4327 2540 4381 cadet
2582 4340 2707 4381 cum
2733 4326 3098 4381 dominabitur
3122 4342 3437 4397 pauperum.

180 4420 201 4453 ι
231 4402 300 4457 Ει
332 4402 389 4457 in
415 4402 551 4459 calle
575 4419 696 4460 meo
723 4406 976 4461 tenebras
1000 4407 1199 4475 posuit.
1222 4426 1241 4459 ι
1270 4407 1350 4462 Ex
1371 4422 1531 4478 paena
1556 4412 1759 4466 etenim
1862 4417 2149 4489 (Cassiod.)
2186 4417 2354 4473 Actus
2394 4417 2712 4475 Antichristi
2757 4418 3029 4474 latronum
3069 4420 3442 4475 consuetudini

174 4491 350 4562 culpat
388 4500 475 4547 est
510 4493 700 4547 Videre
726 4493 929 4549 bonum
964 4496 1108 4565 (100d
1134 4511 1295 4567 agere
1328 4497 1548 4567 debeat.
1574 4508 1758 4555 tamen
1784 4544 1838 4579 η
1862 4509 2218 4579 comparavit,
2234 4508 2326 4579 qui
2356 4507 2595 4564 occultas
2620 4509 2736 4563 vias
2758 4510 3091 4575 insident,ut
3120 4510 3446 4567 interﬁciant

174 4582 408 4653 implere
436 4596 548 4638 non
573 4598 752 4654 P0888.
794 4584 863 4640 Ει
888 4601 1141 4643 rursum:
1172 4607 1192 4641 ι
1228 4589 1307 4644 Ex
1328 4592 1563 4661 graviori
1600 4607 1759 4662 pana
1781 4582 1837 4606 ³⁷
1862 4600 2197 4655 innocentes.
2224 4600 2353 4655 Tale
2380 4600 2524 4656 enim
2553 4599 2869 4654 Antichristi
2892 4615 3112 4670 regnum
3140 4601 3271 4655 dicit
3296 4602 3443 4655 futu-

175 4670 351 4741 culpae
379 4678 493 4739 est,
522 4672 651 4743 quid
690 4688 853 4745 agere
882 4675 1078 4733 debeat
1102 4692 1205 4734 nec
1224 4680 1428 4735 videre.
1445 4683 1481 4733 ἰ
1528 4680 1683 4737 Unde
1705 4691 1761 4739 et
1862 4704 2006 4755 rum,
2022 4690 2166 4760 quod
2178 4690 2247 4745 ad
2260 4698 2556 4758 martyrum
2574 4703 2828 4750 coronam
2846 4696 2901 4743 et
2919 4688 3214 4743 inﬁdelium
3230 4690 3443 4745 ruinam

175 4771 371 4819 contra
410 4763 528 4819 hinc
562 4772 791 4835 utraque
824 4767 1126 4824 Ρεείιωίεῐίὲ
1162 4784 1295 4825 νοοθ
1326 4770 1525 4825 dicitur
1548 4778 1563 4825 ξ
1602 4789 1621 4823 ι
1650 4772 1761 4827 DO-
1863 4787 2075 4836 constat
2121 4795 2241 4834 esse
2285 4779 2627 4848 permissum.
2683 4778 2836 4849 Saepe
2875 4782 3018 4835 enim
3048 4780 3101 4834 in
3148 4778 3444 4851 Scripturis

176 4853 382 4942 inlunis
412 4851 737 4909 iunminaiio
765 4864 996 4928 πιαίνει
1024 4856 1172 4911 8³108
1199 4871 1340 4923 mea.
1370 4874 1531 4928 quem
1560 4860 1760 4917 timebo
1864 4871 2058 4928 divinis
2098 4870 2293 4925 divites
2338 4870 2393 4924 in
2442 4870 2584 4924 malo
2612 4871 2968 4941 accipiuntur,
3012 4880 3150 4927 sicut
3182 4887 3445 4942 pauperes

178 4938 358 5013 (Psal.
381 4942 565 5011 xxvi)?
598 4942 796 4998 Contra
829 4945 1149 5016 ignorantia:
1175 4948 1318 5003 enim
1350 4950 1604 5005 tenebras
1640 4950 1764 5006 illu-

1865 4962 1921 5017 in
1947 4964 2108 5017 bono.
2134 4959 2443 5016 lnterticere
2461 4975 2589 5015 vero
2614 4962 2954 5017 innocentem
2995 4971 3077 5017 est
3099 4963 3164 5017 de
3190 4962 3443 5034 religioso

176 5029 432 5097 minatio,
457 5039 641 5086 contra
664 5030 1034 5090 inﬁrmitatem
1054 5051 1186 5091 vero
1206 5037 1350 5092 salus
1374 5046 1457 5093 est
1479 5038 1759 5109 Dominus,

178 5120 399 5191 quando
421 5128 478 5177 et
508 5121 745 5177 ostendit
786 5121 917 5191 quid
942 5123 1136 5178 debeat
1163 5124 1233 5180 ad
1264 5127 1531 5196 agendum
1558 5130 1758 5199 appeti,

179 5221 240 5269 et
262 5214 414 5292 ‘vires
447 5215 673 5283 praebet,
718 5223 778 5270 ut
805 5215 949 5285 quod
976 5218 1287 5273 ostenderat
1320 5221 1493 5287 possit
1528 5223 1759 5293 impleri.

256 5289 483 5359 Clamet.
550 5322 569 5355 ι
609 5304 717 5361 Sed
761 5315 818 5361 et
860 5322 983 5362 cum
1028 5306 1332 5363 clamavero
1370 5317 1427 5364 et
1467 5289 1760 5384 rogavero,

186 5415 213 5454 ι
241 5397 473 5458 exclusit
512 5397 815 5453 orationem
856 5414 1054 5455 meam.
1100 5420 1119 5453 ι
1164 5398 1366 5473 (Greg.)
1412 5401 1763 5475 Omnipotens

183 5490 333 5549 Deus
385 5490 514 5560 quid
560 5489 716 5545 nobis
766 5489 1104 5559 profuturum
1153 5507 1274 5548 esse
1324 5494 1499 5549 valeat
1552 5499 1759 5564 sciens,

184 5581 493 5639 dissimulat
522 5582 779 5637 exaudire
805 5581 1100 5637 dolentium
1124 5598 1333 5651 vocem,
1362 5596 1421 5641 ut
1438 5566 1632 5658 augeat
1662 5588 1764 5642 uti-

186 5674 417 5739 litatem,
467 5683 529 5727 ut
579 5684 839 5745 purgetur
873 5675 983 5731 vita
1026 5690 1126 5746 per
1166 5692 1413 5747 poenam,
1466 5688 1523 5735 et
1568 5683 1767 5752 quietis

188 5763 576 5835 tranquillitas,
608 5767 734 5835 quia
762 5767 852 5824 hic
875 5766 1106 5828 inveniri
1133 5784 1243 5826 non
1266 5770 1430 5839 valet,
1457 5772 1586 5830 alibi
1614 5789 1763 5844 quae-

1866 5053 2046 5108 facere
2074 5052 2395 5122 sacrilegum
2415 5093 2429 5117 ,
2476 5053 2695 5123 ejusque
2724 5054 2959 5108 animam
2987 5062 3245 5125 perpetua
3274 5063 3446 5109 morte

1869 5138 2143 5198 damnare.
2182 5143 2317 5198 Nam
2358 5159 2478 5199 cum
2509 5144 2659 5211 dicit,
2688 5145 2872 5200 oculos
2918 5143 3033 5213 ejus
3060 5146 3114 5199 in
3154 5160 3444 5216 pauperem

1868 5234 2158 5304 respicere,
2199 5251 2307 5291 non
2357 5236 2578 5305 respicit
2620 5241 2680 5291 ut
2725 5237 3052 5307 prospiciat,
3099 5239 3196 5293 sed
3239 5239 3306 5291 ad
3342 5239 3445 5292 hoc

1868 5324 2128 5395 intendit,
2160 5335 2223 5382 ut
2245 5328 2496 5397 perimat.
2527 5326 2761 5382 Leonem
2802 5328 2859 5381 in
2896 5328 3060 5384 cubili
3091 5343 3190 5383 suo
3232 5327 3443 5383 antela-

1870 5422 1983 5468 tum
2023 5416 2155 5470 dicit
2171 5415 2587 5482 Antichristum,
2619 5418 2709 5486 qui
2739 5417 2994 5471 atrociter
3014 5426 3070 5472 et
3092 5418 3277 5475 dolose
3302 5418 3449 5477 lace-

1866 5512 2083 5560 raturus
2110 5515 2196 5561 est
2219 5508 2473 5577 p0pulum
2508 5506 2893 5562 Christianum.
2932 5507 3079 5563 Inter
3116 5508 3267 5564 initia
3300 5508 3448 5565 enim

1865 5598 2168 5668 persecutio
2211 5598 2465 5653 Ecclesiae
2521 5588 2756 5653 violenta
2810 5605 3022 5653 tantum
3068 5600 3201 5664 fuit,
3254 5614 3376 5653 cum
3410 5613 3448 5653 a

1865 5686 2090 5755 paganis
2113 5687 2614 5757 proscriptionibus,
2657 5690 2940 5746 tormentis
2955 5730 2970 5757 ,
2996 5691 3231 5753 caedibus
3255 5689 3447 5747 Cbris-

1866 5777 2001 5834 tiani
2030 5778 2099 5845 ad
2127 5777 2394 5838 idolorum
2427 5780 2693 5839 sacriﬁcia
2719 5790 3058 5852 cogerentur.
3093 5779 3276 5839 Altera
3302 5781 3448 5839 frau-
