3952 6312
495 339 645 401 IIl-9

1142 338 1205 394 B.
1247 336 1501 394 RABANI
1541 334 1761 393 MAURI
1796 331 2116 391 ARCHIEP.
2156 332 2466 389 MOGUNT.
2510 332 2794 389 OPERUM
2831 332 3009 388 PARS
3042 332 3129 389 ill.

3645 330 3785 387 raso

491 452 747 517 duienta,
778 466 897 523 qua
938 466 1084 507 nunc
1124 466 1223 521 per
1267 449 1551 505 hareticos
1596 456 1662 507 et.
1692 448 1856 503 falsos
1906 447 2083 518 agitur
2107 449 2161 509 Α
2187 446 2418 502 Domini.
2458 446 2533 500 De
2579 461 2686 516 quo
2712 446 2779 501 ad
2808 446 2971 501 corda
3008 446 3291 501 hominum
3337 447 3481 502 sicut
3526 447 3784 502 terientes

490 544 827 602 Christianos
866 562 877 597 :
916 542 1208 598 novissima
1237 551 1513 611 superest,
1538 558 1659 611 qua
1683 559 1780 613 per
1803 542 2081 595 Antichri-

492 646 633 694 stum
660 636 971 707 pradicitur
994 642 1350 690 esseventura
1368 674 1381 697 ,
1412 648 1517 702 qua
1544 634 1677 688 nihil
1692 633 2078 703 periculosius,

491 729 747 801 quoniam
788 728 891 783 erit
921 728 1155 799 violenta
1191 726 1353 780 nimis
1384 742 1451 781 ex
1488 736 1753 795 potestate
1790 725 1941 795 regni
1971 725 2081 780 sin-

493 818 717 892 gularis,
747 826 800 873 et
822 818 1128 887 deceptiosa
1158 816 1468 881 miraculis;
1495 824 1557 869 ut
1578 816 1718 870 sicut
1738 815 1999 869 Dominus
2025 815 2081 869 in

492 908 785 979 Evangelia
817 908 947 963 dicit
984 926 995 961 :
1030 907 1265 963 Seducat
1298 908 1484 972 etiam,
1518 907 1565 963 si
1593 906 1711 962 ﬁeri
1741 915 1940 976 potest,
1972 907 2082 962 eie-

490 1007 628 1057 ctos.
659 999 891 1055 Proinde
920 999 1118 1054 ad’vim
1145 1000 1401 1068 pertinet,
1418 998 1562 1068 quod
1590 998 1828 1067 positum
1857 1008 1941 1054 est
1970 999 2079 1065 leo,

490 1092 560 1148 sd
591 1091 742 1148 dolos
767 1090 911 1160 quod
934 1090 1032 1154 ait,
1061 1090 1114 1145 in
1145 1088 1309 1150 cubili
1333 1104 1431 1142 suo
1459 1102 1473 1141 :
1498 1088 1575 1143 sic
1608 1096 1849 1158 utraque
1876 1090 2078 1158 iniqui-

492 1188 632 1237 tates
672 1179 787 1248 ejus
826 1162 1053 1251 singulis
1098 1179 1441 1234 sermonibus
1486 1178 1827 1233 intimantur.
1867 1179 2081 1250 Rapere

490 1286 620 1328 vero
645 1286 956 1342 pauperem,
987 1269 1255 1341 signiﬁcat
1278 1262 1516 1325 subitum
1538 1270 1835 1340 periculum
1862 1272 2076 1339 anima,

490 1363 558 1421 ad
577 1363 721 1434 quod
737 1363 827 1418 ille
853 1362 1272 1418 nefandissimus
1297 1362 1517 1416 trahere
1532 1362 1723 1416 nititur
1737 1363 2074 1419 innocentes.

489 1454 625 1511 Dum
639 1454 1019 1519 attrahiteum,
1034 1453 1088 1509 id
1103 1461 1209 1519 est,
1232 1454 1357 1509 dum
1377 1454 1524 1508 illum
1553 1469 1583 1508 a
1602 1454 1826 1510 veritate
1854 1455 2079 1509 cultura

489 1548 556 1603 ad
584 1548 819 1603 nominis
871 1548 956 1603 sui
996 1547 1400 1601 venerationem
1436 1547 1658 1601 molitur
1702 1547 1989 1609 adducere.
2018 1547 2079 1602 In

489 1637 683 1710 laqueo
717 1654 815 1695 suo
853 1638 1158 1693 bumiliavit
1203 1654 1345 1693 eum.
1376 1639 1628 1708 Laqueus
1660 1638 1932 1711 signiﬁcat
1977 1641 2075 1695 do-

488 1730 624 1797 lum,
656 1745 762 1801 quo
796 1729 1118 1799 simplicium
1150 1729 1316 1785 cOrda
1344 1731 1653 1799 capiuntur,
1684 1737 1739 1785 et
1768 1730 1912 1785 velut
1935 1730 2077 1786 nodo

2185 539 2415 610 sagitta,
2446 539 2526 594 sic
2555 547 2824 593 terrentes
2854 538 3134 593 sententia
3166 538 3407 595 veniunt.
3440 536 3603 593 Unde
3633 546 3783 593 recte

2183 643 2397 701 quoque
2441 644 2539 699 per
2584 629 2931 683 Psalmistam
2986 627 3187 682 dicitur
3229 646 3241 681 :
3293 646 3313 679 ι
3366 628 3574 683 Arcum
3620 640 3781 684 suum

2184 720 2408 774 tetendit
2436 728 2492 773 et
2518 719 2728 789 paravit
2755 718 2926 784 illum,
2955 727 3008 773 et
3026 718 3079 772 in
3107 718 3222 788 ipso
3237 719 3450 788 paravit
3474 734 3610 774 vasa
3636 733 3783 774 mor-

2186 809 2514 880 tis,-sagittas
2530 823 2656 863 suas
2676 806 2989 862 ardentibus
3003 805 3179 862 eﬂecit
3195 806 3368 878 (Psal.
3392 807 3514 879 vn).
3540 828 3558 860 ι
3575 808 3781 862 Arcum

2182 917 2417 972 namque
2447 916 2604 956 suum
2641 900 2900 955 Dominus
2931 902 3176 967 tetendit,
3206 901 3299 971 qui
3339 901 3557 955 cunctis
3586 915 3778 972 pecca-

2184 991 2391 1047 toribus
2417 1005 2517 1060 per
2558 988 2897 1061 Scripturam
2922 998 3165 1045 sanctam
3215 988 3392 1044 minas
3419 990 3694 1044 exhibuit.
3724 989 3782 1045 In

2181 1100 2288 1155 quo
2314 1100 2440 1141 arcu
2481 1087 2695 1141 scilicet
2732 1100 2859 1139 vasa
2885 1087 3075 1139 mortis
3117 1085 3444 1155 praparavit
3486 1103 3500 1139 :
3534 1086 3667 1155 quia
3697 1099 3782 1139 se-

2181 1177 2414 1232 cundum
2446 1176 2647 1247 eloquii
2673 1178 2756 1233 sui
2786 1176 3110 1231 sententiam
3142 1191 3237 1230 eos
3266 1177 3361 1245 qui
3392 1192 3543 1232 nunc
3576 1174 3782 1245 corrigi

2182 1266 2485 1339 negligunt,
2517 1267 2777 1336 reprobus
2807 1268 3046 1322 damnat.
3078 1266 3136 1320 ln
3180 1282 3287 1337 quo
3330 1271 3501 1323 etiam
3552 1270 3781 1339 sagittas

2181 1373 2307 1413 suas
2336 1358 2593 1413 ardentes
2621 1356 2799 1412 eﬂ‘ecit
2816 1398 2830 1423 ,
2860 1358 2986 1427 quia
3009 1358 3077 1412 ad
3103 1372 3197 1413 eos
3227 1374 3362 1428 quos
3385 1374 3485 1429 per
3510 1368 3781 1413 terrorem

2179 1449 2435 1520 corrigit,
2469 1463 2729 1504 accensas
2757 1450 3046 1505 verborum
3078 1450 3376 1506 sententias
3402 1451 3633 1506 emittit.
3668 1470 3686 1501 ‹
3722 1450 3782 1504 Et

2178 1538 2376 1609 posuit,
2393 1539 2693 1609 inquit,[me
2716 1540 2858 1594 sicut
2888 1540 3101 1610 signum
3126 1541 3194 1594 ad
3214 1542 3489 1612 sagittam.
3513 1562 3533 1594 ι
3555 1540 3781 1597 Constat

2181 1634 2463 1699 nimirum,
2486 1635 2631 1703 quod
2652 1634 2856 1689 idcirco
2881 1635 3092 1704 signum
3115 1634 3354 1704 ponitur,
3374 1643 3435 1688 ut
3451 1637 3776 1705 sagittarum

2181 1725 2470 1780 emissione
2492 1723 2737 1779 feriatur.
2764 1724 2964 1781 Fidelis
3002 1725 3185 1794 itaque
3221 1726 3449 1796 populus
3477 1726 3534 1779 in
3560 1726 3773 1796 signum

487 1820 883 1901 perversitatis.
920 1818 1345 1890 lacrymabiliter
1404 1821 1716 1892 alligantur.
1767 1821 2081 1877 Humiliabit
2108 1808 2157 1868 Β
2186 1816 2327 1871 hosti
2368 1831 2466 1871 suo
2494 1824 2577 1871 est
2603 1816 2812 1887 positus
2852 1816 2959 1889 qui
2987 1818 3260 1872 eum-suis
3301 1803 3500 1873 ictibus
3543 1817 3773 1887 impetit,

488 1922 669 1969 autem
711 1916 847 1969 bene
874 1913 1079 1969 dictum
1104 1922 1186 1970 est
1217 1932 1228 1966 :
1261 1916 1515 1983 quoniam
1546 1916 1611 1970 de
1647 1931 1776 1970 vera
1818 1914 2080 1987 religione

486 2004 604 2061 sine
627 2004 790 2060 dubio
813 2004 1034 2070 cadunt,
1066 2006 1156 2073 qui
1186 2007 1254 2059 ad
1282 2006 1470 2059 insana
1502 2006 1753 2076 dogmata
1777 2008 2081 2077 perducun-

488 2106 593 2154 tur.
634 2097 735 2153 Hic
776 2098 888 2168 jam
932 2096 999 2151 de
1044 2097 1160 2167 ipso
1192 2107 1421 2168 tyranno
1454 2098 1687 2164 dicitur,
1736 2100 1827 2167 qui
1877 2099 1931 2152 in
1981 2098 2077 2152 Dei

485 2207 671 2275 servos
700 2194 962 2263 permissa
990 2202 1256 2264 potestate
1289 2196 1641 2265 grassabitur.
1690 2195 1975 2250 inclinabit
1994 2209 2073 2262 se,

485 2283 539 2340 id
568 2296 671 2350 est,
709 2300 829 2339 cum
863 2285 1102 2340 animum
1132 2301 1287 2341 suum
1316 2287 1479 2357 nimia
1505 2287 1838 2356 perditorum
1883 2276 2076 2353 aequi-

483 2374 683 2431 sitione
709 2357 997 2439 remiserit,
1031 2384 1086 2431 et
1107 2376 1263 2444 quasi
1291 2377 1556 2430 malorum
1582 2377 1736 2445 copia
1764 2376 2077 2447 crapulatus

487 2462 541 2520 in
566 2463 783 2534 aliquod
809 2464 977 2518 otium
1005 2472 1129 2535 post
1168 2472 1475 2519 sanctorum
1507 2480 1696 2533 poenas
1732 2464 2076 2520 aﬂlictiones-

484 2571 591 2629 que
641 2556 968 2627 pervenerit.
1025 2555 1175 2611 Tunc
1221 2556 1463 2626 ergo‘de
1510 2570 1605 2611 sua
1655 2556 2074 2625 prasumptione

468 2643 847 2719 nequissimus
877 2647 1070 2713 cadet,
1098 2648 1315 2717 quando
1346 2647 1419 2701 illi
1447 2662 1568 2702 cum
1610 2647 1723 2701 suis
1750 2647 2075 2716 sequacibus

480 2739 855 2811 supervenerit
903 2737 1217 2807 repentinus
1272 2737 1526 2792 interitus
1583 2750 1597 2791 :
1658 2736 1818 2792 ﬁnem
1878 2736 2075 2806 quippe

480 2828 663 2890 saculi
693 2828 899 2894 nescit,
946 2829 1203 2898 quoniam
1234 2842 1356 2883 eum
1391 2826 1648 2882 Dominus
1692 2827 1746 2880 in
1796 2841 1891 2882 sua
1922 2834 2075 2895 pote-

480 2926 628 2977 state
647 2919 945 2975 constituit.
1494 2978 1501 2983 ,

553 3014 762 3072 Daletlt.
818 3034 838 3067 ‹
892 3014 1151 3071 Tetendit
1194 3029 1381 3069 arcum
1421 3029 1611 3079 suum,
1660 3021 1718 3069 et
1760 3012 1942 3084 posuit
1984 3027 2072 3067 me

487 3124 508 3162 ι
542 3107 699 3179 quasi
745 3098 977 3177 signum
1008 3104 1090 3159 ad-
1134 3104 1405 3175 sagittam.
1468 3124 1486 3157 ι
1536 3092 1739 3176 (σπέος.)
1798 3102 1906 3159 Hoc
1955 3111 2067 3169 est,

481 3198 810 3256 sententiam
854 3196 1046 3267 judicii
1076 3199 1156 3253 sui
1203 3199 1257 3252 in
1288 3213 1373 3252 me
1408 3194 1648 3271 detexit,
1673 3206 1728 3251 et
1756 3204 1910 3251 certo
1958 3198 2068 3252 ictu

480 3289 855 3361 castigationis
883 3289 1161 3359 corripuit.
1186 3288 1359 3343 Arcus
1387 3296 1565 3341 autem
1592 3288 1811 3341 nomine
1833 3288 1885 3341 in
1914 3302 2069 3342 sacro

478 3379 696 3451 eloquio
731 3380 1021 3450 aliquando
1054 3378 1319 3435 malorum
1356 3378 1595 3442 insidia,
1636 3375 1926 3447 aliquando
1953 3378 2070 3431 dies

474 3464 670 3540 judicii
700 3509 714 3535 ,
756 3463 1059 3539 aliquando
1112 3484 1241 3523 vero
1292 3469 1405 3538 ipsa
1454 3468 1641 3522 eadem
1670 3482 1823 3523 sacra
1854 3467 2069 3537 eloquia

481 3559 861 3631 designantur.
912 3558 1016 3613 Per
1062 3574 1248 3613 arcum
1296 3574 1426 3612 vero
1472 3558 1679 3612 insidia
1726 3558 2065 3629 ﬁgurantur,

481 3651 624 3709 sicut
674 3651 961 3706 Psalmista
1008 3652 1139 3707 dicit
1179 3668 1193 3706 :
1245 3668 1262 3701 ι
1317 3650 1665 3705 lntenderunt
1690 3666 1902 3716 arcum,
1952 3666 2070 3705 rem

480 3756 725 3799 amaram
774 3741 1181 3813 (Psal.t.x1tt).
1236 3741 1340 3797 Per
1389 3757 1574 3797 arcum
1622 3757 1835 3811 quoque
1879 3742 2070 3813 judicii

482 3831 600 3889 dies
627 3826 963 3901 designatur,
1008 3831 1149 3886 sicut
1188 3844 1284 3900 per
1309 3830 1557 3885 eumdem
1591 3847 1803 3885 rursum
1842 3830 2070 3887 Psalmi-

484 3931 626 3979 stam
668 3924 867 3978 dicitur
897 3941 910 3976 :
949 3942 967 3974 ι
1002 3922 1294 3979 Ostendisti
1321 3923 1519 3993 populo
1553 3931 1645 3979 tuo
1676 3923 1808 3978 dura
1829 3963 1843 3989 ,
1871 3925 2067 3993 potasti

481 4028 581 4069 nos
603 4013 727 4066 vino
756 4012 1204 4083 compunctionis.
1245 4012 1448 4067 Dedisti
1496 4012 1861 4067 metuentibus
1897 4023 1948 4068 te
1998 4014 2073 4069 si-

483 4106 905 4177 gniﬁcationem,
930 4114 989 4159 ut
1011 4104 1217 4176 fugiant
1245 4122 1274 4160 a
1306 4106 1447 4161 facie
1478 4123 1637 4161 arcus
1662 4106 1834 4178 (Psal.
1867 4107 2004 4177 ιιι).
2044 4126 2064 4158 ι

480 4197 539 4254 in
568 4214 696 4252 arcu
727 4199 871 4252 enim
900 4206 1103 4267 quanto
1134 4198 1345 4269 longius
1380 4199 1614 4252 trahitur
1646 4199 1849 4253 chorda
1870 4239 1885 4265 ,
1919 4207 2072 4253 tanto

481 4290 547 4347 de
570 4306 632 4345 eo
653 4290 949 4345 districtior
972 4290 1084 4345 exit
1108 4292 1324 4360 sagitta.
1354 4288 1445 4345 Sic
1468 4291 1724 4345 nimirum
1746 4292 1828 4345 sic
1841 4291 2071 4345 extremi

474 4378 667 4452 judicii
694 4382 841 4446 dies,
886 4389 1089 4450 quanto
1122 4379 1278 4451 longe
1315 4379 1561 4435 differtur
1592 4390 1653 4435 ut
1678 4381 1889 4447 veniat,
1921 4390 2072 4435 tanto

482 4486 606 4529 cum
638 4472 846 4526 venerit
894 4472 960 4526 de
1012 4470 1104 4525 illo
1150 4472 1447 4526 districtior
1487 4472 1752 4527 sententia
1799 4473 2066 4543 procedit.
2095 4508 2149 4567 Β

480 4557 688 4617 Idcirco
717 4567 895 4614 autem
927 4575 1070 4615 nunc
1099 4559 1330 4615 diversis
1358 4560 1599 4615 cladibus
1627 4562 1979 4631 percutimur,
2008 4569 2069 4615 ut

386 4720 389 4721 ν
485 4650 571 4706 his
595 4652 824 4705 correcti
848 4652 1147 4719 paratiores
1178 4658 1306 4707 tunc
1330 4651 1561 4706 inveniri
1582 4651 1885 4727 _valeamus.
1913 4650 2068 4707 Unde

484 4740 593 4795 illic
616 4741 955 4810 pramissum
983 4748 1066 4796 est
1093 4760 1105 4793 :
1140 4751 1160 4792 ι
1190 4741 1484 4798 Ostendisti
1511 4742 1709 4814 populo
1735 4750 1826 4798 tuo
1853 4744 2007 4807 dura,
2039 4761 2058 4794 ι

483 4830 693 4903 ﬂagella
720 4830 973 4886 videlicet
998 4832 1179 4886 saculi
1198 4872 1213 4897 ,
1253 4847 1372 4901 qua
1400 4842 1711 4888 secuturum
1743 4832 1962 4903 gravius
1980 4832 2068 4900 ju-

486 4921 613 4978 dicii
639 4922 780 4976 diem
816 4928 1172 4991 pracurrunt.
1214 4940 1231 4972 ‹
1270 4920 1476 4977 Potasti
1515 4939 1613 4977 nos
1653 4924 1780 4978 vino
1806 4938 2068 4993 compun—

486 5011 703 5076 ctionis,
730 5029 747 5061 ι
780 5021 839 5063 ιιι
863 5019 1078 5065 terrena
1111 5010 1302 5081 gaudia
1330 5012 1383 5065 in
1408 5012 1674 5083 lacrymas
1700 5020 2066 5068 verterentur.

492 5122 513 5156 ι
542 5104 747 5158 Dedisti
769 5104 1136 5158 metuentibus
1159 5112 1209 5157 te
1230 5102 1700 5173 signiﬁcationem,
1724 5114 1783 5158 ut
1806 5104 2012 5175 iugiant
2038 5119 2068 5157 a

486 5192 624 5249 facie
648 5207 827 5247 arcus.
848 5212 867 5244 ι
890 5192 969 5246 Ac
988 5192 1034 5247 si
1059 5192 1293 5247 diceret:
1315 5192 1428 5247 Hoc
1454 5203 1663 5262 tempus
1684 5194 2070 5247 misericordiae

486 5294 588 5351 est,
636 5284 766 5339 illud
798 5293 1009 5353 tempus
1050 5283 1236 5352 judicii
1286 5285 1410 5339 erit.
1460 5284 1563 5339 Per
1601 5286 1700 5339 ista
1746 5299 1873 5354 ergo
1911 5282 2072 5351 hujus

489 5377 747 5447 temporis
776 5374 986 5446 ﬂagella
1014 5374 1307 5443 signiﬁcas,
1332 5376 1599 5443 quomodo
1626 5384 1754 5429 tunc
1781 5388 2068 5444 percussu-

490 5482 584 5522 rus
621 5466 1046 5539 [persecuturus]
1075 5482 1166 5531 es,
1199 5468 1416 5535 quando
1444 5482 1549 5521 non
1578 5480 1807 5537 parcens
1821 5464 2066 5533 iudicas,

489 5560 581 5631 qui
618 5560 706 5630 sic}
733 5558 980 5614 districte
1020 5561 1179 5614 modo
1212 5559 1450 5627 percutis
1481 5560 1693 5627 quando
1728 5558 1925 5627 parcis.
1955 5557 2070 5611 Ali-

490 5650 706 5718 quando
733 5650 876 5704 enitn
916 5663 1013 5719 per
1038 5663 1220 5703 arcum
1249 5649 1412 5702 etiam
1436 5664 1591 5702 sacra
1622 5647 1900 5718 Scriptura
1930 5652 2070 5707 desi-

490 5750 705 5811 gnatur.
742 5741 858 5813 ipsa
888 5756 1103 5811 quoque
1148 5756 1304 5797 arcus
1332 5741 1569 5797 Ecclesia
1594 5782 1608 5807 ,
1642 5742 1756 5811 ipsa
1787 5758 1946 5799 arcus
1991 5752 2073 5799 est

2182 1922 2304 1962 cum
2334 1908 2447 1962 suis
2492 1907 2963 1979 persecutionibus
2986 1906 3193 1978 aﬂligit.
3240 1909 3342 1976 Qui
3374 1910 3522 1965 enim
3570 1909 3627 1963 in
3675 1911 3773 1963 hac

2181 2000 2291 2054 vlta
2318 2000 2535 2056 assidue
2558 2001 2697 2055 mala
2723 2000 2951 2066 tolerat,
2976 2001 3117 2055 velut
3146 2001 3199 2056 in
3225 2002 3378 2072 signo
3404 2004 3621 2073 positus
3638 2002 3774 2057 ictus

2180 2092 2408 2162 suscipit
2435 2090 2701 2147 ferientis.
2736 2092 2891 2147 Unde
2915 2100 2967 2146 et
3003 2092 3325 2161 pradicator
3352 2094 3606 2165 egregius
3653 2108 3773 2147 cum

2176 2184 2613 2253 persecutionum
2646 2183 2788 2237 mala
2836 2183 3135 2249 toleraret,
3185 2191 3347 2254 atque
3377 2186 3479 2239 sub
3512 2198 3773 2255 persecu-

2171 2273 2324 2328 tione
2351 2273 2785 2329 adversariorum
2808 2282 3078 2343 gemeret,
3110 2283 3352 2329 teneram
3381 2275 3773 2347 discipulorum

2178 2373 2414 2421 mentem
2443 2366 2508 2421 de
2532 2366 2643 2420 suis
2672 2364 3051 2422 aﬂlictionibus
3082 2366 3394 2423 consolatus
3423 2370 3498 2423 ait
3551 2388 3563 2423 :
3616 2388 3636 2419 ι
3669 2368 3773 2439 Ipsi

2177 2457 2322 2512 enim
2364 2457 2517 2512 scitis
2541 2459 2668 2528 quia
2714 2458 2769 2512 in
2807 2459 2911 2513 hoc
2955 2458 3115 2528 positi
3166 2474 3370 2513 sumus.
3413 2478 3433 2512 ι
3465 2460 3545 2514 Ac
3590 2461 3640 2514 si
3696 2459 3775 2514 eis

2180 2556 2365 2618 aperte
2393 2548 2541 2604 dicat
2575 2568 2588 2603 :
2627 2567 2645 2599 ι
2685 2548 2824 2616 Quid
2851 2551 2907 2604 in
2934 2551 3037 2606 hoc
3061 2557 3304 2620 tempore
3332 2550 3555 2615 vulnera
3581 2560 3773 2607 nostra

2178 2639 2485 2693 miramini?
2514 2638 2615 2706 Qui
2667 2640 2712 2693 si
2748 2646 2948 2693 aterna
2977 2640 3170 2711 gaudia
3212 2646 3535 2709 quarimus,
3565 2640 3677 2696 huc
3704 2640 3773 2696 ad

2176 2728 2279 2785 hoc
2312 2730 2559 2784 venimus
2590 2738 2651 2782 ut
2680 2728 2940 2783 feriamur
2972 2728 3022 2801 (ι
3055 2728 3234 2783 Thess.
3264 2729 3366 2798 ιιι).
3409 2749 3428 2781 ι

2247 2820 2349 2877 He.
2384 2842 2402 2875 ς
2440 2822 2585 2877 Misit
2613 2824 2667 2877 in
2694 2823 2915 2878 renibus
2943 2823 3078 2879 meis
3101 2824 3239 2879 ﬁlias
3266 2825 3535 2893 pharetra
3560 2839 3698 2879 sua.
3745 2844 3765 2876 ι

2180 2917 2448 2991 (Ηὶενοη.)
2500 2917 2675 2971 Filias
2720 2917 2988 2987 pharetra
3032 2918 3256 2987 sagittas
3284 2917 3432 2972 dicit.
3464 2916 3608 2972 Misit
3634 2932 3771 2988 ergo

2178 3012 2233 3065 in
2272 3010 2488 3064 renibus
2524 3006 2661 3061 ﬁlias
2690 3008 2992 3077 pharetra,
3049 3023 3170 3062 cum
3215 3008 3455 3062 carnalia
3494 3008 3770 3064 desideria

2177 3105 2231 3158 in
2266 3102 2576 3158 hominibus
2598 3100 2753 3169 juxta
2786 3102 3004 3156 modum
3037 3102 3452 3170 dispensationis
3484 3117 3595 3157 sua
3630 3117 3765 3155 con-

2175 3210 2308 3266 grua
2338 3192 2698 3264 castigatione
2725 3192 3005 3262 corripuit.
3052 3191 3126 3245 De
3154 3191 3257 3246 hac
3276 3192 3471 3262 quippe
3508 3192 3769 3260 pharetra

2176 3289 2229 3342 in
2256 3286 2357 3341 Job
2395 3288 2468 3340 ita
2513 3286 2774 3354 scriptum
2820 3293 2948 3339 est'
2988 3302 3006 3335 ι
3052 3284 3371 3338 Pharetram
3417 3285 3559 3338 enim
3608 3299 3767 3337 suam

2177 3377 2405 3446 aperuit,
2448 3384 2503 3429 et
2548 3374 2736 3429 afﬂixit
2772 3388 2857 3427 me
2888 3373 3030 3445 (Job.
3064 3373 3169 3445 ιιι).
3214 3393 3231 3425 ι
3272 3373 3409 3441 Quid
3436 3387 3533 3443 per
3561 3374 3766 3443 phare-

2177 3480 2313 3525 tram
2344 3469 2460 3535 Dei,
2493 3468 2594 3524 nisi
2618 3466 2890 3523 occultum
2916 3465 3199 3521 consilium
3230 3465 3557 3537 designatur.
3590 3464 3769 3539 Sagit-

2175 3572 2285 3617 tam
2333 3577 2462 3617 vero
2498 3563 2563 3616 de
2606 3562 2865 3631 pharetra
2912 3560 3175 3615 Dominus
3210 3558 3396 3628 ejicit,
3429 3560 3647 3629 quando
3701 3561 3767 3614 de

2173 3654 2386 3709 occulto
2409 3653 2599 3723 judicii
2628 3653 2856 3708 consilio
2902 3663 3145 3722 apertam
3176 3654 3497 3708 sententiain
3544 3654 3763 3710 emittit.

2173 3742 2324 3809 Quod
2350 3744 2495 3797 enim
2530 3743 2829 3812 ﬂagellatur
2862 3743 3111 3812 quisque,
3140 3742 3534 3811 cognoscimus,
3572 3744 3670 3797 sed
3700 3758 3766 3797 ex

2175 3848 2279 3901 qua
2327 3849 2489 3887 causa
2538 3826 2808 3903 ﬂagellum
2851 3833 3033 3887 veniat
3078 3832 3423 3903 ignoramus?
3451 3831 3588 3887 Cum
3629 3847 3765 3887 vero

2174 3935 2295 3996 post
2322 3924 2526 3997 ﬂagella
2552 3926 2677 3985 vita
2711 3926 2977 3979 correctio
3002 3924 3265 3993 sequitur,
3294 3924 3458 3977 etiam
3490 3924 3607 3992 ipsa
3635 3938 3766 3976 con-

2174 4015 2281 4070 silii
2311 4014 2483 4070 virtus
2514 4015 2773 4083 aperitur.
2799 4014 3059 4068 Pharetra
3086 4013 3249 4085 igitur
3273 4012 3455 4068 clausa
3478 4021 3564 4066 est
3589 4009 3767 4066 consi-

2174 4105 2303 4158 lium
2320 4104 2609 4167 occultum,
2627 4105 2721 4158 sed
2741 4113 2927 4173 aperta
2948 4104 3201 4172 pharetra
3217 4100 3523 4174 afﬂigimur,
3546 4105 3762 4173 quando

2175 4214 2272 4267 per
2315 4198 2367 4251 id
2396 4197 2537 4267 quod
2580 4204 2704 4266 post
2746 4195 3039 4267 ﬂagellumc
3073 4196 3333 4265 sequitur,
3383 4212 3491 4264 quo
3537 4198 3761 4251 consilio

2175 4290 2510 4362 ﬂagellamur
2540 4291 2786 4345 videmus
2807 4332 2821 4356 ,
2866 4304 2989 4344 cum
3025 4297 3246 4359 peccata
3296 4288 3558 4342 Dominus
3592 4290 3758 4353 videt,

2138 4430 2141 4431 ν
2176 4391 2232 4435 et
2256 4391 2431 4436 tamen
2454 4397 2674 4435 manum
2697 4381 2764 4435 ad
2783 4381 3077 4434 vindictam
3100 4394 3206 4433 non
3231 4378 3536 4433 commovet
3569 4398 3582 4431 :
3609 4378 3759 4448 quasi

2176 4472 2413 4527 clausam
2436 4473 2749 4541 pharetram
2784 4477 2950 4533 tenet,
2978 4469 3071 4523 sed
3098 4468 3339 4522 feriendo
3364 4469 3568 4523 indicat
3590 4483 3760 4538 quan-

2175 4573 2289 4618 tum
2332 4563 2382 4618 ei
2431 4564 2485 4617 in
2532 4562 2688 4618 nobis
2746 4560 3017 4632 displicuit
3060 4561 3162 4615 hoc
3199 4562 3344 4629 quod
3385 4562 3476 4616 diu
3533 4563 3759 4617 videndo

2172 4653 2440 4707 toleravit.
2475 4650 2745 4723 (ιΙίενοη.)
2770 4650 2916 4704 Alias
2948 4664 3176 4719 namque
3207 4652 3274 4704 de
3305 4652 3503 4720 sagitta
3542 4660 3596 4705 et
3624 4654 3759 4720 pha-

2174 4754 2319 4799 retra
2348 4745 2401 4797 in
2430 4743 2567 4797 lsaia
2596 4743 2805 4813 legitur,
2836 4742 2927 4796 ubi
2954 4742 3027 4794 ita
3053 4741 3313 4809 scriptum
3339 4749 3421 4795 est
3454 4759 3467 4794 :
3520 4760 3539 4792 ‹
3572 4741 3758 4799 Posuit

2172 4852 2259 4892 me
2294 4837 2433 4891 sicut
2462 4836 2713 4906 sagittam
2754 4832 3011 4899 electam,
3042 4842 3097 4887 et
3125 4833 3177 4887 in
3225 4835 3479 4902 pharetra
3511 4849 3607 4889 sua
3640 4836 3758 4891 abs-

2172 4928 2356 4983 condit
2386 4942 2491 4991 me,
2544 4946 2559 4977 ι
2592 4935 2697 4980 etc.
2726 4924 2861 4995 (Isa.
2889 4923 3060 4997 χιιι).
3090 4924 3312 4990 Quando
3350 4926 3482 4980 dicit
3507 4928 3754 4997 sagittam

2173 5020 2420 5083 eiectam,
2445 5019 2680 5073 ostendit
2705 5016 2904 5071 habere
2930 5018 3097 5071 Deum
3126 5016 3353 5085 sagittas
3383 5016 3679 5086 plurimas,
3703 5030 3756 5072 et

2175 5126 2279 5166 non
2310 5110 2528 5165 electas.
2564 5107 2692 5174 Qua
2714 5108 2923 5179 sagitta
2942 5107 3215 5176 propheta
3247 5115 3400 5171 sunt,
3424 5116 3481 5161 ct
3504 5108 3750 5178 apostoli,

2176 5202 2267 5272 qui
2296 5201 2347 5254 in
2375 5207 2487 5254 toto
2508 5200 2640 5254 orbe
2666 5200 2998 5260 discurrunt,
3021 5196 3086 5250 de
3117 5196 3309 5267 quibus
3333 5206 3389 5252 et
3416 5200 3472 5252 in
3502 5198 3607 5253 alio
3635 5199 3753 5256 loco

2176 5290 2389 5343 canitur
2420 5304 2433 5341 :
2479 5308 2496 5338 ‹
2522 5286 2741 5357 Sagitta
2772 5295 2875 5341 tua
2911 5294 3084 5340 acuta
3119 5287 3493 5355 potentissime
3516 5328 3530 5351 ,
3572 5290 3751 5358 populi

2176 5378 2276 5433 sub
2308 5386 2361 5433 te
2381 5378 2594 5432 cadent.
2624 5396 2642 5427 ι
2675 5376 2743 5431 Et
2761 5377 2987 5430 iterum:
3019 5394 3037 5426 ε
3067 5375 3288 5445 Sagitta
3306 5377 3541 5444 potentis
3557 5389 3746 5441 acuta,

2176 5482 2297 5521 cum
2330 5465 2656 5521 carbonibus
2678 5464 3016 5520 desolator'iis
3041 5462 3213 5535 (Psal.
3249 5464 3418 5535 xuv).
3456 5485 3474 5517 ι
3507 5465 3749 5523 Christus

2178 5566 2355 5613 autem
2377 5558 2444 5611 de
2471 5556 2653 5611 multis
2677 5557 2903 5626 sagittis,
2930 5565 2985 5610 et
3008 5556 3133 5609 ﬁliis
3155 5554 3403 5625 plurimis
3432 5572 3534 5611 una
3557 5558 3747 5629 sagitta

2176 5652 2365 5715 electa,
2391 5658 2446 5704 et
2476 5649 2616 5704 ﬁlius
2643 5649 2947 5719 unigenitus
2973 5659 3078 5713 est,
3104 5663 3266 5717 quam
3298 5649 3351 5702 in
3377 5650 3629 5717 pharetra
3656 5665 3746 5704 sua

2179 5742 2477 5807 abscondit,
2510 5740 2561 5797 id
2586 5749 2669 5796 est
2711 5742 2763 5794 in
2792 5740 3026 5795 humano
3068 5755 3312 5809 corpore,
3350 5751 3407 5795 ut
3452 5741 3657 5797 habitet
3696 5742 3747 5795 in
