3952 6334
215 351 353 410 ιῆι

1093 351 1459 411 EXPOSITIO
1499 308 1726 412 SUPER
1764 353 2128 414 JEREMIAM.
2169 390 2238 401 —
2276 358 2404 416 LIB.
2448 359 2591 418 XIX.

3340 373 3479 431 i229.

210 483 280 523 eo
312 468 591 539 plenitudo
618 466 918 523 divinitatis
944 468 1317 538 corporaliter,
1355 477 1606 541 recteque
1646 478 1793 526 esset
1820 473 1867 533 Α
1895 486 1981 526 me
2008 474 2298 529 absinthio.
2336 494 2352 525 δ
2390 495 2407 527 ‹
2437 476 2548 533 Hoc
2571 486 2674 545 est,
2692 479 2928 537 abstulit
2953 483 3085 559 mihi
3111 501 3265 541 usum
3286 489 3479 546 edendi

209 560 549 615 credentium
579 558 732 623 fides,
762 555 847 613 cui
873 567 927 613 et
946 575 1106 630 supra
1140 561 1337 615 dicitur
1368 579 1381 613 :
1414 580 1431 614 ι
1464 560 1544 615 Tu
1571 578 1631 617 es
1654 561 1797 617 Deus

210 651 565 707 absconditus
616 659 672 704 et
718 638 1093 707 nesciebamus
1148 650 1320 724 (Psal.
1355 652 1556 727 .cxrx);
1608 672 1626 705 ι
1678 668 1798 723 qute

209 743 413 813 sagitta
435 752 490 795 et
511 756 705 810 sponsa
730 743 924 797 vulnus
947 743 1220 813 accipiens
1242 743 1479 812 loquitur
1498 745 1553 799 in
1573 744 1801 799 Cantico

208 834 547 889 canticorum
584 853 596 887 :
642 832 985 890 r-Vulnerata
1017 836 1296 889 cbaritatis
1327 852 1426 907 ego
1446 853 1585 892 sum.
1631 858 1650 891 ι

287 922 389 977 He.
424 942 443 975 ‹
482 924 679 980 Factus
708 941 827 980 sum
857 926 909 978 in
946 925 1182 980 derisum
1216 928 1362 981 omni
1395 928 1588 997 populo
1633 942 1755 983 meo
1780 967 1795 993 ,

214 1033 237 1066 ι
275 1015 544 1071 canticum
571 1019 758 1071 eorum
809 1024 919 1071 tota
949 1017 1052 1071 die.
1095 1015 1387 1088 (Mannum)
1436 1003 1798 1076 i‘Derisiones

208 1106 396 1175 populi
425 1106 508 1161 sui
552 1108 811 1177 propheta
848 1123 1040 1178 passus
1070 1117 1173 1175 est,
1219 1112 1437 1180 quando
1461 1113 1644 1167 verbis
1683 1112 1798 1181 ejus

209 1210 321 1249 non
351 1194 666 1261 credebant,
700 1196 806 1251 imo
828 1200 1230 1269 repugnabant,
1261 1202 1500 1256 dicentes
1531 1201 1598 1255 ad
1624 1218 1746 1256 eum
1781 1219 1795 1255 :

215 1303 237 1336 ι
273 1285 608 1341 Mendacium
637 1295 689 1341 tu
715 1281 974 1357 loqueris,
1003 1305 1109 1344 non
1135 1291 1285 1344 misit
1302 1300 1354 1345 te
1376 1292 1633 1347 Dominus
1657 1293 1799 1348 Deus

206 1384 398 1430 noster
434 1375 569 1446 (Jer.
610 1378 784 1447 xuii).
833 1400 852 1432 ι
891 1379 1064 1434 Aliter
1096 1381 1179 1435 his
1212 1382 1394 1438 verbis
1437 1383 1564 1438 illud
1600 1392 1800 1439 sanctte

208 1467 469 1525 Ecclesiae
498 1479 710 1540 tempus
732 1472 1073 1540 exprimitur.
1103 1487 1210 1541 quo
1239 1473 1455 1542 publice
1493 1486 1521 1528 a
1556 1477 1799 1546 reprobis

207 1558 500 1625 irridetur,
554 1561 770 1629 quando
831 1560 1029 1629 iniquis
1081 1564 1451 1619 crescentibus
1494 1563 1548 1619 in
1600 1580 1798 1636 oppro-

206 1647 413 1713 brium,
448 1648 582 1704 fides
608 1646 884 1705 etveritas
907 1652 1012 1705 erit
1042 1652 1095 1706 in
1121 1653 1347 1708 crimine
1378 1673 1391 1707 :
1422 1662 1572 1710 tanto
1602 1657 1797 1727 quippe

207 1740 585 1809 unusquisque
632 1741 937 1812 despectior
986 1753 1129 1809 erit,
1183 1754 1386 1814 quanto
1432 1748 1631 1818 justior
1677 1758 1799 1805 esse

1898 564 2107 631 etpavit
2122 574 2276 633 pastu
2300 565 2493 621 inutili.
2515 567 2715 642 (Greg.)
2738 570 3150 641 Mysticeautem
3171 576 3222 629 in
3240 575 3482 648 Scriptu-

1898 666 1955 706 ra
1981 666 2140 721 sacra
2187 655 2376 709 dentes
2418 655 2704 725 aliquando
2727 661 3140 730 praedicatores,
3190 665 3482 736 aliquando

1896 752 2236 806 verointerni
2251 752 2420 822 accipi
2437 764 2628 808 sensus
2641 754 2831 810 solent.
2850 758 2925 813 De
2950 759 3157 814 sanctis
3179 759 3317 816 enim
3339 776 3481 829 prse-

1898 842 2226 899 dicarorlbus
2266 860 2477 916 sponsae
2504 846 2709 900 dictum
2742 856 2824 901 est
2868 866 2879 902 :
2929 867 2948 900 ι
2985 850 3185 906 Dentes
3214 852 3292 905 tui
3338 852 3481 908 sicut

1898 944 2085 1011 greges
2120 942 2397 990 tonsarum
2428 951 2548 1005 qua:
2577 937 2935 992 ascenderunt
2963 941 3029 994 de
3056 938 3474 1011 lavacro(Cant.

1899 1019 1993 1093 Iv).
2028 1043 2046 1074 ι
2083 1020 2233 1080 Unde
2261 1032 2315 1080 et
2339 1026 2431 1079 uni
2455 1040 2641 1080 eorum
2686 1028 2917 1082 ostensis
2946 1026 2999 1081 in
3031 1029 3200 1101 figura
3229 1032 3479 1101 gentibus

1899 1111 2098 1168 dicitur
2130 1132 2142 1169 :
2180 1134 2199 1167 ‹
2235 1115 2409 1171 Macta
2435 1124 2490 1170 et
2535 1118 2821 1173 manduca.
2859 1131 2877 1169 ι
2914 1118 2971 1174 ld
3008 1108 3128 1186 est,
3153 1129 3478 1177 vetustatem

1898 1218 2084 1261 earum
2113 1219 2352 1273 contere,
2374 1217 2426 1262 et
2450 1210 2501 1263 in
2523 1224 2719 1279 corpus
2740 1208 3017 1275 Ecclesia.
3031 1210 3279 1269 videlicet
3302 1214 3357 1268 in
3383 1221 3477 1269 tua

1899 1298 2138 1353 membra
2171 1308 2441 1354 converte.
2499 1300 2733 1355 Rursum
2786 1302 2911 1372 quia
2960 1300 3149 1358 dentes
3196 1304 3478 1362 interiores

1899 1398 2091 1441 sensus
2115 1386 2287 1457 accipi
2318 1387 2516 1449 solent,
2562 1386 2824 1443 Jeremias
2856 1391 3113 1461 propheta
3140 1406 3285 1447 nunc
3311 1399 3479 1448 testa-

1899 1484 2007 1541 tur,
2049 1476 2234 1532 diCens
2271 1493 2284 1531 :
2335 1496 2352 1527 ι
2391 1476 2574 1548 Fregit
2595 1478 2663 1531 ad
2690 1488 2975 1534 numerum
3015 1481 3204 1537 dentes
3244 1498 3411 1538 meos.
3451 1501 3471 1536 ι

1898 1566 2003 1623 Per
2027 1568 2214 1624 dentes
2242 1569 2439 1623 etenim
2467 1569 2622 1623 cibus
2646 1568 2917 1643 frangitur
2944 1579 3002 1625 ut
3020 1571 3293 1643 gintiatur.
3326 1572 3477 1630 Unde

1897 1670 2003 1711 non
2046 1657 2319 1713 immerito
2352 1657 2603 1712 dentibus
2647 1659 2889 1715 internos
2916 1674 3108 1715 sensus
3144 1662 3473 1732 accipimus,

1898 1748 1988 1819 qui
2037 1748 2245 1821 singula
2284 1765 2402 1821 quae
2433 1750 2675 1821 cogitant
2706 1751 2868 1821 quasi
2904 1753 3163 1807 mandunt
3210 1761 3265 1808 et
3322 1768 3473 1809 corn-

203 1830 475 1919 potuerit;
502 1839 649 1886 tanto
665 1832 1094 1919 abominabiliur,
1112 1848 1218 1906 quo
1236 1836 1574 1893 laudabilior.
1593 1837 1793 1895 Sancta
1826 1826 1869 1884 Β
1899 1841 2182 1903 minuunt,
2242 1851 2404 1909 atque
2462 1840 2527 1893 ad
2576 1850 2820 1895 ventrem
2875 1843 3147 1897 memoriae.
3201 1844 3477 1897 transmit-

204 1914 394 1989 itaque
405 1921 701 1977 electorum
724 1923 967 1979 Ecclesia
988 1914 1293 1981 aiilietionis
1316 1933 1556 1999 tempore
1579 1940 1799 1999 prover-

202 2009 356 2064 bium
382 2012 565 2081 pravis
610 2010 865 2079 efﬁcitur,
897 2016 1021 2082 quia
1046 2026 1169 2068 eum
1198 2016 1372 2088 bonos
1398 2018 1535 2072 mori
1567 2032 1663 2087 per
1688 2026 1799 2085 tor-

201 2107 391 2153 menta
413 2101 772 2171 conspiciunt,
790 2102 858 2157 ab
877 2103 956 2157 eis
975 2102 1383 2159 similitudinem
1405 2105 1799 2165 maledictionis

204 2198 450 2245 sumunt.
484 2190 584 2259 Qui
612 2193 757 2246 enim
794 2194 1163 2248 transitoriam
1202 2204 1431 2251 mortem
1473 2194 1674 2264 vident,
1702 2200 1798 2254 sed

204 2289 611 2350 permanentem
638 2282 805 2336 vitam
840 2298 947 2337 non
978 2283 1161 2339 vident
1193 2302 1205 2337 :
1239 2294 1406 2347 \tanto
1441 2289 1612 2359 magis
1656 2290 1798 2344 derit

206 2368 386 2424 dendo
408 2370 549 2425 mala
569 2373 854 2440 praesentia
870 2372 1102 2444 fugiunt,
1126 2384 1329 2443 quanto
1350 2391 1448 2446 per
1466 2378 1795 2435 intellectum

206 2457 538 2514 intrinsecus
556 2460 621 2514 ad
642 2460 783 2514 bona
807 2464 1178 2530 permanentia
1201 2475 1307 2518 non
1328 2455 1659 2536 pertingunt:
1688 2468 1797 2523 Sed

206 2552 313 2607 scit
339 2561 530 2607 sancta
556 2553 798 2609 Ecclesia
844 2554 897 2609 in
934 2556 1275 2625 passionibus
1314 2570 1594 2625 crescere,
1635 2567 1797 2629 atque

208 2642 357 2698 inter
378 2643 666 2714 opprobria
712 2645 1083 2701 honorabilem
1117 2648 1283 2701 vitam
1313 2655 1497 2704 teneri.
1528 2653 1649 2715 scit,
1696 2668 1796 2718 nec

208 2734 278 2791 de
316 2736 561 2791 adversis
598 2735 774 2804 dejiei,
807 2752 906 2793 nec
929 2737 997 2793 de
1038 2740 1310 2809 prosperis
1354 2740 1604 2812 gloriari;
1646 2743 1796 2797 novit

208 2832 400 2881 contra
425 2835 683 2895 prospera
704 2842 825 2882 men
835 2834 939 2882 tciri
962 2842 1114 2882 suam
1136 2828 1189 2882 in
1211 2830 1511 2900 dejectione
1528 2842 1789 2899 sternere,

207 2916 565 2973 novitcontra
585 2918 811 2972 adversa
832 2916 1069 2971 animum
1087 2918 1153 2973 ad
1173 2934 1324 2989 spem
1355 2922 1572 2989 superni
1602 2914 1793 2976 culmi-

207 3012 295 3068 nis
315 3012 586 3078 exaltare;
606 3012 862 3068 scitbona
880 3028 974 3067 sua
1007 3013 1391 3071 misericordiae
1412 3016 1790 3088 redemptoris,

207 3103 314 3159 scit
330 3103 468 3157 mala
487 3119 581 3159 sua
601 3102 829 3171 justitize
856 3104 1153 3158 retribuere
1175 3104 1395 3174 judicis,
1422 3106 1562 3174 quod
1580 3116 1635 3160 et
1652 3107 1791 3161 bona

194 3191 301 3247 illo
326 3193 589 3263 largiente
603 3166 835 3258 habeat,
851 3201 906 3248 et
920 3193 1055 3247 maia
1073 3192 1161 3246 illo
1173 3166 1515 3263 permittente
1528 3196 1785 3265 patiatur.
1818 3166 1864 3229 C

280 3282 364 3337 He
401 3303 419 3334 ι
449 3283 691 3354 Repievit
733 3299 819 3338 me
851 3285 1236 3350 amaritudine,
1270 3294 1325 3340 et
1372 3286 1657 3353 inebriavit
1704 3305 1792 3346 me

212 3394 232 3427 r
280 3376 575 3430 absinthio.
623 3395 642 3427 ι
678 3373 970 3446 (Mannum)
1016 3374 1391 3446 Amaritudine
1442 3378 1704 3447 repletum
1733 3396 1795 3435 se

204 3466 471 3536 propheta
501 3466 733 3531 asserit,
762 3466 885 3535 quia
934 3481 1039 3519 non
1067 3472 1177 3519 tam
1206 3466 1272 3521 de
1308 3482 1401 3522 sua
1446 3468 1789 3537 calamitate,

207 3560 373 3627 Quam
403 3555 472 3611 de
496 3557 823 3613 contritione
851 3556 1030 3625 populi
1068 3556 1151 3609 sui
1184 3556 1367 3612 dolore
1393 3560 1641 3613 anxiatus
1683 3569 1787 3613 est;

210 3628 553 3701 Undetrabit
579 3646 645 3699 ad
680 3644 1083 3699 similitudinem
1118 3646 1387 3715 potionem
1428 3636 1609 3702 herba:
1636 3664 1787 3703 ama-

208 3737 462 3803 rissimae,
483 3738 611 3807 quia
657 3736 812 3790 valde
861 3734 1117 3791 amictum
1158 3752 1216 3792 se
1255 3738 1399 3792 videt
1447 3739 1790 3797 inimicorum

206 3825 598 3883 devastatione.
645 3826 870 3898 Mystice
909 3834 1089 3881 autem
1126 3825 1391 3883 Jeremias
1436 3829 1600 3884 totius
1647 3831 1700 3883 in
1731 3846 1791 3887 se

206 3918 459 3973 humanae
487 3916 912 3972 conversationis
931 3916 1166 3986 speciem
1190 3930 1432 3983 sumens,
1460 3934 1557 3990 per
1584 3918 1791 3973 lamen-

190 4018 324 4071 ttum
386 4008 669 4078 queritur,
728 4007 913 4062 dicens
964 4023 979 4060 :
1040 4006 1321 4061 Inebriam‘r
1369 4001 1450 4063 ine
1505 4010 1783 4064 absinthio.

205 4100 403 4157 Ebrius
424 4098 652 4169 quisque
690 4098 835 4169 quod
860 4098 1064 4169 patitur
1086 4106 1278 4164 nescit,
1311 4100 1403 4171 qui
1435 4116 1563 4156 vero
1589 4103 1790 4173 absyn-

206 4191 329 4246 tirio
351 4190 668 4268 inebriatur,
698 4198 751 4245 et
778 4190 882 4246 hoc
907 4191 1049 4260 quod
1073 4191 1303 4261 sumpsit
1324 4206 1568 4245 amarum
1597 4200 1699 4258 est,
1731 4202 1787 4247 et

208 4290 390 4337 tamen
440 4292 544 4337 non
608 4282 856 4353 intelligit
918 4282 1162 4337 eamdem
1216 4284 1628 4339 amaritudinem
1680 4300 1787 4353 qua

208 4373 467 4443 repletur.
500 4362 802 4428 Humanum
852 4373 1016 4444 igitur
1043 4384 1214 4444 genus
1262 4381 1412 4429 recto
1447 4375 1541 4429 Dei
1580 4373 1785 4442 judicio

1899 1940 2037 1989 tum.
2072 1931 2217 2000 Quos
2237 1933 2496 2003 propheta
2528 1930 2594 1987 ad
2621 1937 2904 1988 numerum
2931 1932 3133 1989 nactos
3164 1933 3325 1999 dicit,
3349 1934 3477 2004 quia

1892 2018 2045 2096 juxta
2076 2032 2382 2080 mensuram
2405 2022 2828 2094 uniuscujusque
2853 2024 3079 2094 peccati,
3111 2024 3480 2096 intelligentiae

1898 2116 2113 2170 caicitas
2156 2117 2444 2186 generatur
2479 2115 2535 2168 in
2573 2108 2855 2180 sensibus,
2896 2120 2953 2169 et
2997 2114 3290 2169 secundum
3331 2112 3476 2184 quod

1897 2200 2127 2274 quisque
2172 2203 2281 2277 egit
2320 2203 2561 2258 exteritis
2585 2243 2599 2269 ,
2650 2203 2704 2256 in
2734 2217 2801 2258 eo
2850 2202 3195 2273 Obstupescat
3233 2203 3377 2272 quod
3405 2203 3475 2257 de

1898 2298 2126 2352 internis
2162 2300 2321 2365 atque
2366 2293 2724 2349 invisibiiibus
2760 2292 3055 2363 intelligere
3098 2293 3291 2363 potuit.
3323 2292 3480 2348 Unde

1898 2394 2043 2441 recte
2071 2386 2235 2441 etiam
2264 2384 2525 2454 scriptum
2552 2388 2635 2437 est
2666 2399 2679 2435 :
2719 2400 2737 2433 r
2774 2381 2960 2436 Omnis
2996 2380 3158 2435 homo
3182 2380 3273 2450 qui
3299 2394 3481 2437 come-

1896 2477 2037 2534 derit
2062 2490 2222 2531 uvam
2250 2474 2529 2538 acerbam,
2558 2474 2942 2543 obstupescent
2967 2472 3159 2526 dentes
3188 2472 3305 2541 ejus
3335 2471 3471 2543 (Jer.

1898 2568 2049 2637 xxx).
2089 2587 2106 2619 ι
2134 2567 2272 2633 Quid
2299 2577 2529 2635 namque
2557 2580 2658 2618 uva
2684 2562 2879 2619 acerba
2910 2562 3010 2617 nisi
3041 2570 3323 2633 peceatum
3345 2564 3473 2618 est?

1902 2658 2015 2714 Uva
2036 2658 2229 2728 quippe
2250 2656 2443 2712 acerba
2478 2662 2559 2710 est
2590 2654 2797 2709 fructus
2825 2660 2950 2707 ante
2982 2661 3212 2722 tempus.
3236 2653 3478 2724 Quisque

1895 2743 2041 2803 enim
2065 2747 2357 2818 praisentis
2397 2746 2521 2801 vitae
2547 2744 2991 2801 delectationibus
3036 2744 3224 2799 satiari
3267 2742 3476 2799 deside-

1898 2845 2001 2903 rat,
2045 2838 2198 2906 quasi
2229 2834 2434 2890 fructus
2477 2845 2603 2890 ante
2640 2844 2848 2905 tempus
2894 2834 3187 2889 comedere
3233 2832 3470 2888 festinat.

1895 2928 1999 2997 Qui
2051 2929 2215 2999 igitur
2265 2932 2427 2981 uVam
2480 2925 2729 2980 acerbam
2788 2924 3060 2991 comedit,
3116 2923 3307 2980 dentes
3358 2925 3477 2993 ejus

1895 3015 2304 3086 obstupescunt,
2328 3016 2454 3085 quia
2482 3015 2571 3086 qui
2598 3015 2879 3084 praesentis
2909 3015 3093 3070 mundi
3117 3014 3476 3070 delectatione

1895 3106 2156 3177 pascitur,
2197 3107 2394 3161 interni
2426 3104 2540 3174 ejus
2567 3120 2760 3160 sensus
2795 3105 3051 3175 ligantur,
3083 3113 3142 3160 at
3172 3106 3284 3175 jam
3315 3107 3476 3177 spiri-

1898 3196 2027 3252 talia
2048 3196 2321 3260 mandere,
2351 3196 2402 3251 id
2419 3203 2523 3260 est,
2552 3188 2846 3265 intelligere
2866 3203 3162 3264 nequeant,
3185 3197 3474 3265 quiannde

1894 3288 1951 3341 in
1979 3287 2337 3341 exterioribus
2365 3283 2613 3339 delectati
2646 3292 2789 3348 sunt,
2820 3284 2946 3342 inde
2972 3285 3027 3338 iu
3058 3286 3266 3341 intimis
3286 3287 3473 3342 obstu¢

1894 3384 2135 3447 pescunt.
2151 3376 2221 3432 Et
2240 3376 2365 3429 dum
2389 3382 2611 3443 peccato
2628 3375 2805 3427 anima
2827 3374 3087 3443 pascitur,
3105 3390 3297 3445 panem
3308 3377 3475 3447 justi-

1896 3468 1984 3523 tia:
2011 3466 2171 3523 edere
2206 3481 2313 3521 non
2344 3466 2485 3521 valet
2512 3483 2524 3519 :
2553 3466 2805 3535 quoniam
2843 3465 2990 3535 ligati
3020 3468 3209 3522 dentes
3233 3483 3301 3523 ex
3340 3483 3468 3539 pec-

1896 3561 1999 3613 cati
2051 3558 2462 3622 consuetudine,
2504 3556 2711 3625 justum
2752 3558 2895 3625 quod
2936 3557 3082 3612 intus
3119 3559 3260 3627 sapit
3312 3560 3471 3614 edere

1894 3664 2233 3718 nequaquam
2272 3656 2515 3717 possunt.
2541 3646 2655 3701 Hoc
2672 3646 2839 3716 igitur
2864 3646 2982 3701 loco
3014 3648 3141 3716 quia
3170 3649 3376 3715 dentes,
3410 3655 3473 3703 ut

1896 3740 2127 3796 diximus
2154 3780 2167 3803 ,
2214 3739 2453 3792 inter-nos
2507 3732 2701 3791 sensus
2748 3736 3080 3806 accipimus,
3126 3736 3472 3793 considerem

1894 3843 2219 3899 magnopere
2262 3828 2390 3897 quid
2440 3840 2599 3897 agere
2639 3823 2770 3893 justi
2817 3824 3025 3881 soleant
3061 3825 3348 3892 debemus,
3377 3829 3473 3898 qui

1891 3920 2209 3990 plerumque
2237 3921 2283 3974 si
2306 3933 2409 3988 qua
2435 3919 2489 3973 in
2512 3932 2571 3973 se
2598 3916 2848 3986 quaslibet
2871 3910 3103 3971 carnalia
3128 3933 3248 3971 esse
3273 3919 3467 3987 depre—

1893 4012 2161 4073 hendunt,
2210 4011 2325 4063 haec
2374 4008 2602 4062 internis
2630 4009 2875 4062 sensibus
2910 3992 3274 4062 retractantes
3302 4010 3467 4063 vehe-

1892 4111 2100 4157 menter
2160 4103 2214 4155 in
2273 4101 2577 4171 semetipsis
2625 4100 3023 4168 insequuntur,
3076 4098 3361 4155 afﬂictione
3409 4115 3469 4156 se

1890 4201 2178 4248 conterunt
2204 4232 2217 4257 ,
2266 4192 2584 4262 magnisque
2619 4193 2947 4249 cruciatibus
2968 4192 3051 4248 vel
3077 4195 3299 4248 minima
3325 4195 3377 4247 in
3407 4208 3467 4249 se

1890 4302 2054 4358 prava
2093 4282 2425 4357 diiudicant,
2448 4294 2610 4354 atque
2638 4287 2751 4340 haec
2776 4300 2874 4355 per
2910 4286 3284 4356 paenitentiam
3308 4286 3463 4340 dam-

1891 4387 2038 4430 nant.
2094 4376 2244 4441 Quod
2290 4376 2491 4429 idcirco
2519 4384 2715 4444 agunt,
2763 4383 2824 4429 ut
2866 4376 2920 4430 in
2947 4384 3238 4446 conspectu
3280 4378 3471 4432 aeterni

205 4462 262 4518 in
296 4462 661 4533 voluptatibus
692 4462 1135 4537 [calamitatibus]
1169 4463 1279 4518 suis
1315 4463 1415 4518 sibi
1459 4464 1782 4531 demissum,
1811 4468 2079 4566 1)judicis
2103 4475 2157 4521 et
2179 4464 2546 4535 ipsi‘inveniri,
2573 4467 2627 4520 in
2649 4474 2907 4536 quantum
2929 4475 3011 4521 est
3030 4467 3305 4537 possibile,
3328 4470 3468 4523 irreo

204 4560 370 4628 atque
399 4573 495 4630 per
522 4556 739 4614 easdem
763 4557 1063 4628 voluptates
1089 4554 1400 4628 spontaneis
1423 4558 1785 4614 tribulationi-

202 4649 309 4704 bus
348 4648 603 4703 traditum
626 4690 640 4714 ,
665 4649 873 4704 ebrium
901 4657 984 4704 est
1011 4648 1313 4715 absinthio,
1350 4649 1475 4719 quia
1517 4657 1572 4704 et
1602 4664 1787 4705 amara

202 4748 333 4795 sunt
364 4754 483 4808 quae
525 4753 623 4807 pro
653 4738 812 4809 hujus
848 4740 975 4794 vita:
1017 4750 1201 4794 amore
1245 4740 1473 4805 tolerat,
1504 4747 1559 4795 et
1604 4747 1787 4793 tamen

200 4831 450 4886 eamdem
482 4828 895 4885 amaritudinem
920 4830 1162 4883 caecitate
1196 4828 1507 4898 cupiditatis
1528 4830 1681 4898 quasi
1706 4829 1788 4883 in-

208 4920 565 4979 sensibilitate
592 4920 870 4976 ebrietatis
902 4920 1134 4989 ignorat.
1172 4918 1350 4972 Mundi
1377 4919 1520 4973 enim
1562 4917 1787 4989 gloriam

208 5012 434 5076 sitiens,
468 5013 595 5067 dum
644 5011 840 5066 multas
888 5024 986 5080 pro
1029 5024 1093 5064 ea
1143 5009 1515 5063 tribulationes
1562 5009 1782 5079 reperit,

205 5098 454 5159 amarum
477 5113 560 5158 est
578 5104 723 5173 quod
747 5089 881 5157 bibit
904 5119 917 5155 :
941 5102 1033 5155 sed
1050 5100 1189 5170 quod
1214 5100 1315 5154 hoc
1336 5099 1497 5155 nimis
1518 5100 1788 5155 inbianter

205 5197 468 5267 sumpsit,
522 5197 760 5264 ejusdem
806 5194 1179 5249 amaritudinis
1233 5190 1435 5247 malum
1477 5191 1787 5248 discernere

200 5289 319 5361 jam
344 5302 453 5359 pra:
480 5287 592 5355 ipsa
624 5276 881 5340 ebrietate
911 5299 1017 5339 non
1048 5282 1256 5339 sufﬁcit.
1282 5282 1480 5335 Amant
1504 5284 1647 5336 enim
1671 5296 1787 5351 per-

206 5380 352 5435 versi
390 5378 638 5439 homines
668 5391 767 5445 pro
796 5376 952 5445 hujus
994 5378 1179 5431 mundi
1206 5376 1371 5447 gloria
1399 5375 1561 5429 etiam
1612 5376 1783 5429 tribu—

203 5472 468 5535 lationes,
517 5470 829 5537 cunctisque
859 5455 957 5537 pro
1001 5483 1062 5521 ea
1093 5466 1635 5524 sudoribus‘libenter
1671 5483 1785 5523 ser-

206 5562 398 5626 viunt,
458 5570 513 5614 et
541 5560 782 5631 gravium
826 5559 1067 5614 laborum
1110 5558 1240 5631 jugo
1282 5559 1625 5615 devotissirne
1649 5560 1782 5615 colla

210 5653 553 5711 submittunt.
583 5652 660 5706 De
687 5668 792 5721 quo
818 5652 990 5705 adhuc
1025 5654 1271 5708 subditur
1312 5674 1323 5707 :

290 5742 428 5798 Vau.
463 5761 480 5794 ι
508 5742 575 5797 Et
600 5740 757 5813 fregit
778 5744 844 5799 ad
874 5758 1154 5798 numerum
1176 5746 1365 5801 dentes
1394 5761 1565 5809 meos,
1587 5746 1787 5799 cibavit

1891 4557 2283 4626 prehensibiles
2312 4556 2561 4622 debeant,
2607 4564 2662 4612 et
2702 4556 2757 4611 hi
2780 4556 2872 4626 qui
2902 4570 2994 4611 eos
3030 4557 3108 4611 sic
3132 4570 3190 4610 se
3219 4556 3469 4623 judicare

1891 4648 2250 4717 conspiciunt,
2274 4645 2562 4717 emendare
2587 4644 2906 4712 semetipsos
2934 4657 2965 4696 a
2994 4642 3163 4713 culpis
3198 4645 3469 4714 graviori-

1891 4744 1993 4797 bus
2031 4741 2393 4795 inardescant.
2439 4735 2749 4807 (Mannum)
2781 4734 2991 4808 (libavit
3018 4749 3135 4799 me,
3161 4734 3361 4805 inquit,
3392 4736 3471 4791 ci-

1892 4848 2042 4896 nere,
2069 4834 2169 4887 hoc
2190 4838 2293 4893 est,
2309 4826 2483 4909 fragili
2507 4834 2561 4880 et
2580 4828 2756 4881 minus
2776 4825 2917 4890 utili,
2933 4826 3268 4881 sustentabat
3288 4842 3374 4882 me
3392 4828 3469 4881 ci-

1895 4924 2086 4980 borum
2115 4919 2454 4975 adminiculo.
2490 4917 2626 4971 Huic
2669 4916 2832 4971 etiam
2860 4915 2979 4971 loco
3006 4914 3181 4969 simile
3208 4924 3289 4969 est
3332 4915 3465 4969 illud

1892 5014 2033 5084 quod
2080 5012 2347 5083 pteniteus
2377 5010 2431 5062 in
2480 5007 2707 5062 Psalmis
2740 5005 2938 5075 legitur
2970 5004 3172 5060 dixisse
3216 5022 3228 5057 :
3268 5022 3286 5056 ι
3331 5005 3466 5061 Tota

1893 5108 1978 5163 die
2005 5105 2467 5177 exprobraverunt
2491 5116 2575 5155 me
2604 5099 2807 5153 inimici
2832 5098 2957 5162 mei,
2981 5105 3035 5153 et
3056 5101 3147 5167 qui
3174 5097 3466 5152 laudabant

1892 5214 1996 5263 me,
2026 5198 2310 5253 adversum
2342 5208 2427 5248 me
2458 5190 2743 5261 jurabant,
2778 5190 2903 5258 quia
2940 5188 3175 5242 cinerem
3210 5196 3465 5256 tanquam

1889 5304 2081 5359 panem
2111 5285 2518 5344 manducabam,
2547 5290 2605 5335 et
2626 5289 2807 5351 potum
2837 5293 3012 5332 meum
3039 5292 3161 5331 cum
3183 5276 3309 5332 fletu
3334 5288 3466 5332 tem-

1887 5380 2143 5449 perabam
2176 5375 2343 5449 (Psal.
2383 5373 2476 5445 cr).
2516 5391 2531 5423 I
2570 5371 2798 5427 Causam
2835 5368 3012 5423 reddit
3042 5383 3140 5422 cur
3171 5370 3237 5423 ab
3274 5370 3465 5424 amicis

1886 5469 1969 5523 vel
2002 5486 2031 5522 a
2058 5468 2200 5523 notis
2226 5468 2279 5521 in
2305 5465 2421 5534 ejus
2444 5462 2637 5518 faciem
2664 5460 3097 5521 malediceretur,
3125 5460 3264 5513 sicut
3290 5468 3344 5512 et
3362 5458 3462 5514 Job

1886 5559 2172 5630 pertulisse
2216 5554 2559 5610 manifestum
2587 5562 2689 5617 est,
2729 5550 2885 5618 cujus
2923 5550 3033 5603 vita
3070 5550 3331 5619 proximis
3376 5550 3461 5603 vel

1890 5652 2075 5706 amicis
2088 5645 2404 5719 gravissimo
2422 5645 2667 5715 squalore
2683 5644 2953 5698 sordebat.
2972 5640 3262 5696 Sollicitius
3278 5649 3459 5694 tamen

1888 5759 2074 5799 versus
2105 5744 2203 5801 iste
2238 5741 2548 5795 tractandus
2574 5745 2676 5798 est,
2704 5752 2774 5791 ne
2800 5743 2986 5791 contra
3011 5736 3301 5788 humanam
3326 5747 3458 5789 cou-
