3952 6332
512 350 653 407 1225

1180 348 1242 404 Β.
1282 347 1538 405 RABANI
1578 346 1797 405 MAURI
1834 345 2155 404 ARCHIEP.
2197 343 2510 402 MOGUNT.
2551 342 2838 402 OPERUM
2872 342 3053 401 PARS
3089 344 3178 401 Ill.

3657 344 3801 402 ιω

511 464 848 522 suetudinem
895 461 1108 519 favillas
1150 462 1423 533 lignorum
1469 479 1652 519 escam
1694 472 1947 533 putemus
1972 474 2093 516 esse
2120 464 2174 523 Α
2199 461 2290 531 qui
2314 462 2527 515 dicebat
2558 478 2572 517 :
2604 481 2622 512 ι
2660 461 2795 516 Vivo
2819 467 2997 515 autem
3022 461 3137 532 iam
3168 478 3277 518 non
3312 478 3413 536 ego
3435 504 3452 530 ,
3486 464 3623 520 vivit
3662 482 3799 525 vero

508 555 906 627 pmnitentium.
932 555 1182 611 Cinerem
1211 554 1462 610 novimus
1486 562 1803 609 exustorum
1840 552 2094 621 reliquias

509 662 628 705 esse
669 645 964 701 carbonum
982 686 998 711 ,
1028 659 1165 714 quas
1194 646 1393 700 merito
1418 645 1653 716 peccatis
1682 644 1913 699 dicimus
1944 659 2092 699 com-

507 737 709 810 parari,
743 744 803 791 ut
828 735 943 806 ipsa
970 749 1185 805 quoque
1215 735 1453 791 tenuitas
1484 734 1803 789 delictorum
1844 732 2092 788 afﬂictio-

507 840 637 881 num
662 824 937 879 doloribus
956 823 1290 879 absumatur.
1316 823 1453 877 Nam
1476 822 1725 894 quamvis
1745 821 2001 891 exiguum
2026 821 2096 877 de

504 923 729 987 peccato
769 922 1085 985 permaneat
1124 928 1234 969 non
1275 922 1514 969 meretur
1560 912 1783 984 praemia
1806 952 1821 979 ,
1862 910 1959 968 sed
1998 925 2097 982 po-

508 1008 614 1063 tius
638 1016 986 1078 peccatorum
1011 1006 1215 1077 indiget
1246 1005 1425 1060 venia.
1466 1004 1619 1061 Unde
1651 1012 1707 1061 et
1741 1006 1797 1060 in
1828 1005 2098 1075 quinqua-

505 1098 713 1170 gesimo
751 1097 961 1168 psalmo
1001 1096 1264 1168 propheta
1307 1095 1509 1151 clamat
1560 1113 1573 1150 ε
1628 1115 1648 1149 ‹
1693 1095 2095 1169 Usquequaque

504 1187 625 1244 lava
651 1204 739 1246 me
768 1189 832 1246 ab
866 1188 1129 1261 iniiistitia
1160 1202 1302 1254 mea,
1329 1196 1386 1243 et
1427 1204 1459 1243 a
1504 1189 1701 1244 delicto
1735 1203 1857 1245 meo
1892 1190 2093 1246 munda

504 1296 611 1338 me.
671 1300 690 1334 ι
741 1280 935 1337 Merito
989 1295 1118 1352 ergo
1172 1288 1229 1335 et
1274 1280 1420 1350 ipsos
1479 1279 1691 1337 cineres
1746 1290 2093 1354 peccatorum

505 1370 880 1426 sanctissimus
898 1368 1172 1441 paenitens
1191 1383 1515 1425 consumere
1542 1368 1852 1437 festinabat,
1874 1388 1944 1427 ne
1964 1370 2093 1442 quid

503 1471 649 1520 esset
696 1461 992 1528 residuum,
1029 1462 1177 1533 quod
1201 1476 1324 1516 eum
1367 1476 1682 1533 promerere
1720 1478 1830 1531 non
1855 1464 2089 1529 sineret,

504 1569 671 1626 regna
699 1553 982 1611 caelorum.
1012 1571 1032 1605 ι
1068 1552 1137 1608 Et
1156 1560 1361 1624 potum,
1388 1552 1586 1622 inquit,
1610 1567 1790 1608 meum
1813 1568 1939 1608 cum
1964 1552 2094 1607 ﬂetu

503 1646 892 1716 temperabam.
972 1664 992 1697 ι
1052 1644 1201 1700 Istud
1250 1645 1501 1716 quamvis
1555 1644 1827 1701 interdum
1879 1646 2095 1701 videtur

501 1750 662 1809 posse
701 1736 1047 1808 contingere,
1076 1744 1259 1792 tamen
1300 1744 1355 1791 et
1395 1736 1500 1793 hoc
1535 1750 1751 1807 quoque
1776 1736 2095 1807 spiritaliter

2195 554 2252 608 in
2281 568 2367 607 me
2387 552 2635 608 Christus
2660 549 2801 621 (Gal.
2833 556 2969 620 χχι).
3002 571 3020 603 ι
3050 552 3116 606 Et
3137 569 3327 609 rursus
3359 574 3374 609 :
3403 575 3422 606 ι
3454 556 3795 614 Desideriutu

2194 646 2402 701 habens
2430 644 2649 699 dissolvi
2678 652 2734 700 et
2758 660 2880 700 cum
2902 644 3118 699 Christo
3142 660 3282 701 esse.
3311 666 3328 697 ι
3361 646 3466 702 Et:
3504 668 3522 700 ι
3556 648 3685 703 Mihi
3715 651 3794 705 vi-

2192 749 2322 791 vere
2345 733 2593 790 Christus
2611 743 2713 800 est,
2737 744 2794 790 et
2815 735 2953 789 mori
2979 736 3185 790 lucrum
3205 735 3369 804 (Phil.
3390 739 3452 807 ι),
3481 758 3501 791 ι
3527 741 3620 809 qui
3642 749 3797 810 gesta

2196 837 2426 883 terrena:
2471 827 2806 883 fortitudinis
2856 828 2924 881 ad
2951 828 3270 883 memoriam
3303 843 3568 884 revocans
3598 871 3613 895 ,
3642 831 3797 901 quasi

2194 917 2520 988 quaedamin
2555 932 2615 972 se
2641 932 2766 973 ossa
2797 918 3149 983 numerabat,
3184 919 3370 974 dicens
3413 937 3425 971 :
3464 938 3482 971 ι
3519 920 3798 977 [imbricus

2194 1024 2263 1065 ex
2288 1007 2546 1071 Hebraeis,
2580 1010 2877 1088 secundum
2903 1009 3076 1080 legem
3127 1009 3457 1076 Pharisaeus,
3496 1014 3797 1069 secundum

2193 1098 2594 1155 mulationem
2622 1113 2955 1168 persequens
2976 1099 3275 1155 Ecclesiam
3295 1101 3394 1156 Dei
3418 1100 3590 1171 (Phil.
3624 1102 3732 1173 in).
3770 1123 3789 1155 ι

2196 1188 2303 1245 Sed
2328 1189 2622 1259 suSpendio
2648 1190 2861 1255 animm,
2889 1190 3016 1260 quia
3037 1190 3155 1245 haec
3184 1190 3239 1245 in
3262 1205 3322 1245 se
3342 1206 3469 1246 ossa
3495 1192 3789 1257 interfecit,

2193 1278 2442 1349 protinus
2466 1277 2683 1343 asserit,
2714 1277 2807 1347 qui
2834 1275 3109 1348 subiungit
3138 1295 3151 1332 :
3185 1295 3205 1330 ι
3235 1276 3343 1333 Sed
3366 1294 3491 1349 qua:
3513 1280 3653 1335 mihi
3680 1278 3793 1336 fue-

2194 1379 2323 1427 runt
2368 1371 2521 1427 lucra
2544 1410 2560 1437 ,
2609 1371 2726 1427 haec
2774 1369 3070 1427 arbitratus
3100 1386 3217 1426 sum
3256 1379 3485 1443 propter
3512 1370 3789 1427 Christum

2194 1462 2537 1520 detrimenta.
2569 1481 2589 1515 ι
2623 1461 2755 1529 Quae
2784 1462 2961 1518 adhuc
2989 1476 3115 1519 ossa
3139 1463 3194 1517 in
3223 1466 3522 1534 semetipso
3553 1464 3792 1519 insinuat

2192 1555 2567 1611 vehementius
2587 1554 2878 1618 exstincta.
2895 1570 3020 1611 cum
3042 1554 3282 1611 subdidit
3303 1573 3316 1611 :
3339 1575 3360 1608 ι
3379 1556 3619 1627 Propter
3632 1572 3790 1627 quem

2192 1645 2375 1703 omnia
2390 1648 2774 1702 detrimentum
2793 1646 2922 1713 feci,
2934 1653 2990 1701 et
3010 1645 3246 1702 arbitror
3257 1654 3317 1701 ut
3337 1654 3603 1703 stercora.
3617 1667 3637 1700 ι
3655 1646 3791 1703 Mor-

2196 1738 2305 1795 tuis
2316 1753 2447 1795 vero
2466 1740 2679 1795 ossibus
2698 1752 2858 1809 quam
2879 1736 3148 1795 exanimis
3167 1739 3419 1810 pendeat,
3437 1739 3683 1795 ostendit
3704 1738 3787 1793 ille

502 1828 712 1884 aestimo
734 1825 1138 1899 requirendum.
1167 1827 1335 1883 Potus
1365 1835 1451 1883 est
1471 1828 1779 1882 animarum
1808 1826 1900 1883 illa
1930 1826 2094 1884 satie-
2118 1820 2169 1882 B
2195 1845 2319 1887 cum
2337 1830 2629 1902 subiungit,
2651 1827 2839 1886 dicens
2866 1843 2883 1883 :
2914 1847 2934 1882 ι
2962 1828 3036 1886 Ut
3055 1828 3331 1885 Christum
3358 1829 3788 1894 lucrifaciam,et

503 1926 608 1984 tas,
641 1934 761 1989 qua:
782 1916 923 1973 sicut
948 1917 1004 1973 in
1039 1918 1436 1990 septuagesimo
1461 1926 1656 1989 quarto
1675 1916 1893 1973 Psalmo
1916 1918 2087 1973 dicit:

508 2028 527 2062 ε
569 2008 721 2066 Calix
746 2008 801 2064 in
823 2023 987 2063 manu
1007 2008 1222 2063 Domini
1250 2007 1361 2061 vini
1387 2006 1526 2063 meri
1551 2008 1749 2078 plenus
1773 2016 1861 2063 est
1882 2008 2057 2063 mixto
2072 2047 2090 2075 ,

502 2108 559 2158 et
600 2098 884 2155 inclinavit
913 2112 982 2154 ex
1015 2098 1121 2155 hoc
1146 2098 1203 2153 in
1234 2098 1357 2152 hoc.
1399 2115 1417 2149 ι
1457 2096 1579 2168 Ipse
1606 2112 1736 2169 ergo
1781 2104 1944 2168 potus
1970 2104 2089 2165 est,

501 2208 663 2265 quem
704 2193 843 2249 bene
866 2190 1081 2249 ﬂetibus
1120 2199 1511 2261 temperamus,
1556 2192 1672 2263 ipse
1698 2192 1841 2247 calix
1861 2232 1879 2259 ,
1926 2206 2091 2263 quem

501 2282 755 2354 lacrymte
781 2291 982 2338 nostra:
1009 2280 1215 2337 faciunt
1254 2280 1573 2337 dulciorem.
1603 2282 1757 2337 Tunc
1798 2281 1943 2338 enim
1970 2283 2088 2337 ani-

392 2422 395 2425 λ
499 2388 602 2428 tua:
624 2372 920 2444 penetralia
944 2372 1181 2428 caelestis
1209 2372 1300 2427 ille
1332 2381 1491 2442 potus
1516 2373 1835 2445 ingreditur,
1871 2374 2089 2445 quando

498 2463 605 2535 piis
644 2462 858 2519 ﬂetibus
896 2463 1174 2534 irrigatur.
1202 2462 1318 2519 Hoc
1342 2470 1463 2518 erat
1491 2463 1746 2534 poculum
1779 2464 1923 2534 quod
1964 2463 2090 2519 irri-

502 2554 715 2611 soribus
738 2553 1024 2609 videbatur
1042 2553 1324 2625 indignum
1353 2570 1366 2607 :
1401 2552 1492 2607 hic
1520 2552 1673 2608 cibus
1696 2555 1788 2623 qui
1816 2552 2089 2610 deliciosis

497 2644 845 2716 indicabatur
875 2643 1179 2700 horrendus
1219 2660 1233 2697 :
1266 2644 1361 2699 sed
1382 2644 1488 2698 hoc
1508 2644 1684 2715 magis
1708 2645 1883 2700 bonus
1930 2643 2089 2700 Chri-

499 2738 709 2795 stianus
724 2735 883 2792 debet
902 2750 1108 2801 amare,
1122 2733 1265 2792 unde
1284 2733 1458 2806 possit
1480 2733 1550 2790 ad
1570 2733 1662 2790 illa
1687 2732 1924 2790 cmlestis
1944 2734 2090 2804 regis

502 2829 751 2887 convivia
784 2827 1088 2900 pervenire.

578 2919 716 2975 γαπ.
771 2938 791 2973 ι
824 2919 895 2975 Ει
938 2916 1156 2992 repulsa
1183 2924 1291 2975 est
1334 2917 1515 2974 anima
1539 2930 1689 2983 mea,
1737 2915 1936 2973 oblitus
1965 2930 2089 2972 sum

507 3032 526 3067 ι
557 3012 844 3069 bonorum.
882 3029 902 3064 ι

580 3105 715 3160 Vau.
754 3123 773 3156 ι
810 3103 880 3159 Ει
909 3103 1023 3160 dixi
1049 3117 1066 3157 :
1102 3103 1272 3159 Periit
1305 3102 1431 3158 ﬂuis
1458 3117 1646 3169 meus,
1677 3109 1733 3157 et
1760 3114 1886 3173 spes
1906 3114 2029 3156 mea
2052 3114 2084 3155 a

504 3221 524 3255 ‹
560 3199 810 3256 Domino.
850 3216 873 3252 ›
904 3197 964 3253 Si
990 3197 1109 3253 haec
1126 3196 1283 3269 juxta
1327 3195 1617 3252 historiam
1654 3169 2087 3263 considerentur,
2116 3169 2161 3231 C

500 3304 698 3361 magna
719 3286 967 3359 angustia
988 3285 1199 3361 Iudaici
1220 3285 1399 3356 populi
1429 3285 1771 3355 exprimitur,
1798 3285 1890 3355 qui
1916 3300 1976 3339 se
2006 3298 2090 3339 re-

498 3360 711 3453 pulsum
725 3380 792 3435 ab
822 3377 970 3435 omni
989 3360 1246 3432 felicitate
1265 3385 1484 3437 terrena
1503 3384 1557 3431 et
1577 3376 1802 3431 oblitum
1823 3376 2090 3438 bonorum

500 3475 918 3548 praeteritorum,
945 3480 1165 3543 propter
1177 3470 1547 3527 imminentem
1569 3468 1898 3539 captivitatis
1914 3468 2088 3524 tribu-

500 3565 755 3621 lationem
777 3562 1005 3629 asserit,
1034 3576 1135 3617 nec
1150 3558 1265 3630 jam
1285 3559 1448 3617 finem
1486 3560 1769 3631 praesentis
1794 3558 2091 3614 tribulatio-

501 3654 588 3710 nis
603 3653 768 3708 ullum
778 3693 792 3720 ,
807 3652 894 3707 vel
908 3651 1292 3708 consolationis
1304 3666 1456 3723 spem
1470 3651 1672 3706 habere
1686 3664 1744 3705 se
1756 3650 1906 3705 dicit.
1923 3648 2087 3704 Juxta

500 3743 763 3816 mysticos
785 3757 934 3798 'vero
963 3741 1268 3799 intellectus
1287 3741 1585 3797 electorum
1611 3748 1784 3797 cretus
1815 3738 2089 3809 repulsum

505 3851 624 3896 sea
652 3835 847 3893 saeculi
859 3836 1222 3907 prosperitate
1246 3835 1468 3902 fatetur,
1495 3842 1552 3889 et
1571 3832 1796 3889 oblitum
1822 3833 2089 3889 bonorum

503 3926 885 4000 praesentium,
935 3941 1039 3982 nec
1083 3940 1183 3997 pro
1211 3925 1463 3996 praesenti
1500 3922 1685 3980 labore
1714 3924 2090 3979 transitorium

504 4017 785 4089 praemium
808 4031 841 4070 a
862 4016 1090 4072 Domino
1106 4056 1122 4083 ,
1151 4016 1247 4072 sed
1271 4014 1508 4070 futuram
1537 4013 1773 4069 caelestis
1796 4013 1951 4084 regni
1976 4012 2091 4083 glo-

505 4109 643 4165 riam
664 4105 903 4163 ostendit
923 4120 983 4161 se
1004 4105 1377 4176 quaesiturum.
1400 4103 1629 4159 Mundus
1656 4103 1801 4158 enim
1826 4103 2010 4172 periit,
2034 4110 2090 4158 et

504 4195 944 4269 concupiscentia
971 4195 1117 4267 eius;
1147 4195 1242 4265 qui
1268 4202 1446 4249 autem
1478 4192 1610 4248 facit
1634 4194 1967 4249 voluntatem
1992 4193 2090 4249 Dei

504 4299 693 4347 manet
744 4290 803 4344 in
833 4296 1116 4343 aeternum.
1162 4284 1301 4341 Hinc
1325 4300 1423 4357 per
1451 4280 1669 4341 beatum
1708 4283 1807 4339 Job
1836 4284 2033 4339 dicitur
2070 4298 2086 4338 :

510 4400 529 4433 ‹
569 4381 741 4451 Elegit
758 4378 1108 4450 suspendium
1132 4376 1313 4431 anima
1332 4392 1454 4431 mea
1477 4386 1533 4432 et
1551 4388 1782 4432 mortem
1798 4392 1919 4432 ossa
1942 4390 2085 4443 mea,

504 4471 817 4542 desperavi,
849 4482 1190 4539 nequaquam
1224 4467 1367 4521 ultra
1385 4465 1501 4536 iam
1530 4468 1706 4521 vivam
1729 4466 1871 4538 (Job.
1904 4467 2023 4538 vri).
2061 4486 2081 4519 ι

505 4563 715 4637 (Greg.)
744 4562 885 4630 Quid
911 4576 1011 4631 per
1046 4560 1281 4614 animam
1306 4559 1415 4622 nisi
1440 4559 1637 4614 mentis
1668 4557 1926 4623 intentio,
1958 4558 2089 4627 quid

502 4671 602 4727 per
627 4670 751 4710 ossa
777 4654 880 4709 nisi
911 4653 1091 4708 carnis
1118 4650 1376 4707 fortitudo
1400 4650 1675 4722 signatur?
1705 4648 1876 4706 Omne
1907 4657 2088 4703 autem

505 4744 652 4816 quod
696 4740 1082 4813 suspenditur,
1129 4740 1318 4811 procul
1344 4739 1507 4795 dubio
1553 4740 1621 4795 ab
1648 4739 1772 4795 imis
1822 4738 2085 4794 elevatur.

505 4837 699 4892 Anima
741 4850 871 4904 ergo
916 4831 1266 4902 suspendium
1312 4831 1479 4901 eligit,
1513 4838 1572 4884 ut
1598 4844 1723 4884 ossa
1764 4830 2085 4896 moriantur,

509 4926 637 4996 quia
662 4924 791 4979 dum
819 4922 1014 4978 mentis
1038 4921 1267 4977 intentio
1292 4921 1360 4975 ad
1390 4920 1496 4973 alta
1535 4934 1593 4973 se
1617 4919 1825 4982 elevat,
1870 4934 2087 4974 omnem

509 5018 569 5073 in
617 5030 677 5071 se
704 5012 1077 5069 fortitudinem
1100 5012 1225 5067 vita:
1257 5012 1543 5066 exterioris
1569 5020 1747 5066 necat.
1786 5008 1975 5065 Sancti
2010 5018 2091 5066 et-

508 5106 653 5162 enim
678 5104 781 5158 viri
820 5104 1123 5159 certissime
1153 5101 1331 5157 sciunt
1369 5104 1493 5171 quia
1535 5102 1737 5157 habere
1764 5102 1819 5155 in
1845 5102 1949 5157 hac
1977 5102 2088 5156 vita

510 5195 752 5267 requiem
776 5207 1116 5264 nequaquam
1145 5200 1398 5264 possunt,
1423 5200 1481 5247 et
1512 5192 1716 5248 idcirco
1742 5192 2089 5263 suspendium

508 5286 735 5357 eligunt,
760 5285 889 5356 quia
912 5283 1170 5338 nimirum
1198 5283 1464 5339 desideria
1486 5292 1703 5340 terrena
1741 5285 2052 5339 deserentes
2073 5324 2088 5352 ,

514 5374 584 5430 ad
631 5375 741 5429 alta
782 5375 1025 5453 animum
1072 5374 1285 5431 tollunt.
1330 5374 1587 5446 Suspensi
1635 5385 1814 5432 autem
1857 5388 2087 5435 mortem

513 5466 628 5522 suis
652 5466 863 5521 ossibus
886 5464 1147 5533 inferunt,
1182 5467 1307 5537 quia
1334 5481 1522 5523 amore
1550 5484 1795 5540 superna:
1815 5470 2006 5541 patriae
2034 5472 2093 5527 in

512 5561 773 5615 virtutum
812 5559 1006 5615 studiis
1047 5560 1309 5627 accincti,
1345 5560 1451 5617 hoc
1475 5562 1619 5630 quod
1662 5561 1830 5618 fortes
1852 5564 2005 5633 prius
2035 5564 2094 5622 in

515 5651 717 5706 mundo
778 5650 993 5706 fuerant
1052 5643 1271 5708 vinculo.
1328 5652 1645 5709 humilitatis
1712 5654 2089 5727 insequuntur.

516 5742 718 5800 intueri
761 5742 892 5802 libet
933 5744 1205 5815 quomodo
1242 5744 1479 5803 animam
1517 5748 1810 5818 suspendat
1858 5748 2089 5817 Paulus,

2116 4515 2168 4574 D

2193 1921 2442 1977 inveniar
2465 1921 2521 1975 in
2549 1920 2640 1977 illo
2660 1935 2771 1977 non
2795 1920 3002 1977 habens
3030 1935 3207 1975 meam
3231 1920 3502 1990 iustitiam
3524 1959 3541 1986 ,
3572 1934 3694 1989 qua:
3722 1934 3782 1973 ex

2192 2012 2312 2085 lege
2334 2020 2439 2078 est,
2463 2012 2725 2078 sed-eam,
2746 2026 2867 2081 quae
2894 2025 2963 2065 ex
2985 2008 3089 2066 ﬂde
3110 2018 3194 2066 est
3214 2007 3345 2064 Jesu
3372 2009 3605 2065 Christi.
3640 2029 3659 2063 ι
3687 2008 3783 2067 Sed

2194 2102 2319 2174 quia
2353 2102 2563 2159 collatis
2583 2102 2701 2172 eius
2724 2102 3049 2158 testimoniis
3084 2099 3311 2157 Paulum
3335 2102 3405 2157 ad
3428 2102 3542 2157 alta
3570 2118 3785 2173 suspen-

2194 2208 2315 2249 sum
2333 2193 2533 2249 mundo
2557 2200 2830 2249 mortuum
2852 2191 3033 2247 testati
3060 2206 3268 2258 sumus,
3287 2208 3433 2247 nunc
3454 2192 3684 2248 beatum
3696 2190 3784 2245 Job

2192 2284 2240 2341 si
2266 2282 2458 2356 plenus
2485 2285 2677 2340 eodem
2710 2282 2906 2354 spiritu
2930 2282 3220 2339 exterioris
3243 2283 3369 2339 vita:
3399 2284 3782 2353 concupiscen-

2192 2376 2325 2431 tiam
2374 2374 2548 2447 fugiat
2589 2374 2960 2431 ostendamus.
3018 2373 3276 2445 Sequitur
3317 2392 3330 2427 :
3382 2393 3403 2427 ‹
3458 2375 3777 2446 Desperavi,

2196 2466 2398 2537 inquit,
2431 2480 2777 2537 nequaquam
2797 2464 2939 2519 ultra
2956 2463 3069 2535 iam
3094 2464 3293 2520 vivam.
3330 2483 3351 2518 ι
3381 2463 3527 2519 Sunt
3552 2464 3779 2520 nonnulli

2188 2554 2461 2627 iustorum
2496 2556 2589 2626 qui
2616 2556 2697 2611 sic
2735 2554 2978 2611 coelestia
3002 2562 3289 2626 appetunt,
3321 2562 3383 2609 ut
3424 2563 3617 2611 tamen
3640 2563 3777 2610 aeter-

2192 2664 2387 2704 norum
2420 2662 2515 2718 spe
2544 2646 2767 2702 minime
2790 2644 3127 2717 frangantur.
3150 2636 3370 2717 Largita
3393 2644 3664 2701 divinitus
3688 2660 3771 2715 pa-

2191 2738 2448 2795 trimonia
2533 2738 2602 2793 ad
2668 2735 3015 2793 necessitatis
3074 2735 3375 2792 subsidium
3451 2734 3731 2808 possident
3756 2778 3770 2803 ,

2192 2830 2425 2885 honores
2469 2829 2572 2885 sibi
2598 2828 2967 2899 temporaliter
3002 2828 3273 2898 impensos
3302 2835 3491 2883 tenent
3548 2846 3563 2880 :
3616 2827 3772 2883 aliena

2192 2918 2302 2975 non
2348 2920 2636 2986 ambiunt,
2682 2914 2796 2974 Suis
2835 2918 2984 2974 licite
3027 2926 3270 2974 utuntur.
3332 2918 3437 2987 Qui
3483 2926 3671 2974 tamen
3713 2919 3772 2975 ab

2192 3011 2395 3067 eisdem
2431 3012 2593 3067 rebus
2632 3026 2767 3082 quas
2804 3012 3004 3066 habent
3038 3011 3201 3067 alieni
3224 3020 3379 3077 sunt,
3410 3011 3542 3081 quia
3577 3010 3645 3066 ad
3669 3012 3773 3067 haec

2194 3104 2307 3175 ipsa
2326 3120 2445 3174 quae
2464 3104 2740 3174 possident
2765 3120 2831 3159 ex
2853 3103 3121 3159 desiderio
3150 3119 3256 3159 non
3282 3112 3562 3161 tenentur.
3578 3104 3646 3159 Et
3662 3114 3775 3159 sunt

2193 3198 2436 3254 nonnulli
2455 3197 2726 3269 iustorum
2750 3197 2859 3266 qui,
2890 3196 2957 3251 ad
2980 3196 3550 3266 comprehendendum
3573 3196 3771 3252 culmen

2191 3289 2542 3360 perfectionis
2569 3288 2818 3354 accincti,
2856 3286 2982 3342 dum
3011 3286 3202 3341 altiora
3236 3287 3468 3343 interius
3503 3295 3770 3358 appetunt,

2193 3380 2433 3437 exterius
2463 3390 2689 3445 cuncta;
2726 3378 3136 3447 derelinquunt;
3174 3378 3268 3448 qui
3290 3378 3455 3433 rebus
3494 3392 3556 3433 se
3587 3376 3774 3432 nabitis

2192 3474 2434 3539 nudant,
2481 3471 2652 3543 gloria
2686 3471 2909 3527 honoris
2943 3463 3275 3540 cxspoliant;
3323 3470 3417 3540 qui
3444 3470 3771 3525 intemon

2192 3564 2521 3619 desiderium
2548 3577 2646 3632 per
2672 3560 3045 3615 assiduitatem
3084 3573 3146 3613 se
3178 3558 3341 3614 amici
3380 3558 3635 3614 maeroris
3676 3557 3774 3612 aﬂi—

2190 3654 2363 3721 ciunt,
2387 3654 2591 3708 habere
2617 3651 2685 3707 de
2705 3649 3068 3707 exterioribus
3093 3648 3522 3705 consolationem
3552 3649 3769 3703 nolunt:

2191 3746 2283 3815 qui
2312 3743 2541 3799 internis
2569 3740 2778 3813 gaudiis
2804 3740 2929 3795 dum
2957 3746 3137 3792 mente
3161 3737 3508 3808 appropiant,
3532 3738 3699 3791 vitam
3722 3737 3772 3789 in

2192 3851 2251 3892 se
2280 3834 2524 3890 funditus
2553 3845 2825 3903 corporea:
2846 3827 3228 3885 delectationis
3252 3834 3471 3883 necant.

2260 3923 2421 3979 Zain.
2452 3943 2470 3976 ‹
2504 3922 2833 3987 Recordare,
2860 3919 3106 3985 Domine,
3138 3917 3477 3988 paupertatis
3508 3926 3567 3971 et
3603 3924 3771 3970 ῑηιιεο

2198 4034 2217 4067 ‹
2248 4014 2543 4086 gressionis
2573 4027 2728 4077 meae,
2760 4010 3014 4066 absinthii
3044 4016 3099 4063 et
3126 4002 3287 4063 féllis.
3336 4025 3355 4058 ι
3399 4005 3610 4062 Mutata
3637 4006 3772 4060 locn-

2192 4108 2336 4162 tione
2362 4106 2432 4161 ad
2459 4106 2638 4175 ipsum
2664 4104 2953 4159 Dominum
2977 4115 3077 4170 pro
3103 4099 3283 4170 p0puli
3310 4098 3624 4153 calamitate
3655 4111 3772 4168 pro-

2189 4200 2354 4271 pheta
2382 4196 2645 4253 orationis
2671 4193 2833 4250 verba
2866 4191 3166 4256 convertit,
3202 4198 3264 4245 ut
3294 4190 3408 4261 ipse
3450 4188 3544 4258 qui
3577 4187 3772 4258 ﬂagella

2189 4292 2541 4364 peccantibus
2557 4288 2702 4359 iuste
2722 4286 2959 4351 intorsit,
2981 4283 3192 4339 afﬂictis
3210 4298 3368 4354 Opem
3392 4280 3772 4337 misericordia

2191 4382 2485 4454 impendat.
2520 4382 2748 4448 Propter
2779 4375 3269 4446 transgressionem
3296 4388 3428 4445 ergo
3457 4372 3527 4426 ad
3556 4384 3772 4443 pauper-

2196 4484 2360 4529 tatem
2387 4477 2677 4535 venerunt,
2703 4476 2758 4523 et
2794 4465 3213 4521 amaritudinem
3239 4463 3560 4519 vastationis
3600 4470 3652 4517 et
3688 4474 3772 4516 ca-

2194 4562 2459 4636 ptivitatis
2479 4600 2494 4627 ,
2520 4575 2640 4630 qua:
2672 4557 2929 4613 absinthii
2954 4564 3011 4611 et
3031 4555 3172 4611 fellis
3198 4555 3421 4610 nomina
3444 4555 3768 4624 exprimunt,

2193 4655 2306 4725 pati
2336 4659 2649 4708 meruerunt
2673 4667 2685 4702 :
2712 4649 2807 4704 sed
2832 4646 2955 4717 quia
2988 4645 3291 4701 divinitatis
3318 4652 3514 4699 natura
3542 4643 3769 4699 clemens

2192 4755 2276 4802 est
2306 4754 2361 4800 et
2387 4744 2498 4815 pia,
2527 4741 2806 4813 magisque
2839 4740 2906 4793 ad
2939 4738 3327 4808 indulgentiam
3372 4752 3537 4807 quam
3568 4738 3636 4792 ad
3660 4736 3768 4790 vin-

2192 4839 2391 4894 dictam
2421 4848 2609 4905 prona,
2644 4832 2770 4901 quia
2797 4845 2906 4885 non
2930 4829 3044 4884 vult
3071 4837 3303 4883 mortem
3329 4828 3654 4900 peccatoris,
3679 4824 3765 4879 sed

2194 4939 2254 4985 ut
2284 4933 2631 4984 convertatur
2661 4930 2717 4978 et
2743 4924 2910 4987 vivat,
2963 4922 3008 4977 si
3037 4922 3159 4992 quis
3184 4929 3307 4991 post
3346 4920 3557 4990 lapsum
3586 4932 3765 4989 pecca-

2199 5030 2375 5089 torum
2410 5019 2477 5073 ad
2515 5030 2700 5071 veram
2733 5014 3107 5085 paenitentiam
3139 5028 3199 5068 se
3230 5014 3540 5076 convertit,
3590 5014 3695 5067 cito
3735 5025 3762 5063 ει

2197 5110 2545 5166 misericorde
2583 5107 2764 5179 iudice
2792 5106 3003 5160 veniam
3046 5113 3396 5173 peccatorum
3440 5102 3759 5174 impetrabit.

2196 5198 2349 5266 Quod
2406 5205 2461 5252 et
2511 5196 2783 5265 Propheta
2840 5193 2897 5248 in
2953 5192 3303 5262 sequentibus
3358 5192 3600 5248 ostendit
3650 5205 3759 5247 cum

2196 5288 2346 5343 dicit.

2265 5377 2420 5433 Zain.
2456 5396 2476 5430 ε
2525 5375 2782 5433 Memoria
2822 5389 3031 5431 memor
3064 5388 3183 5442 ero,
3209 5382 3266 5431 et
3306 5374 3549 5431 tabescet
3591 5374 3645 5428 in
3681 5382 3757 5425 me

2201 5490 2220 5524 ι
2252 5472 2430 5527 anima
2453 5485 2593 5526 mea.
2624 5487 2645 5522 ι

2265 5562 2421 5619 Zain.
2455 5580 2475 5614 ι
2504 5562 2632 5619 llaec
2657 5559 2898 5616 recolens
2925 5560 2981 5615 in
3009 5558 3173 5615 corde
3200 5570 3342 5624 meo,
3372 5557 3495 5613 ideo
3531 5555 3607 5629 [in
3634 5556 3728 5609 Dec

2202 5674 2221 5708 ι
2254 5657 2501 5727 sperabo.
2532 5674 2549 5707 ι
2599 5653 2701 5721 Qui
2728 5652 2870 5708 enim
2899 5650 3243 5722 semetipsum
3286 5648 3571 5720 diligenter
3600 5642 3749 5713 inspi-

2196 5750 2299 5815 cit,
2327 5757 2381 5805 et
2406 5763 2505 5817 pro
2538 5743 2776 5825 peccatis
2804 5745 2917 5801 suis
2946 5758 3166 5801 carnem
3196 5758 3349 5799 suam
3391 5752 3667 5799 macerare
3704 5742 3749 5790 et
