3952 6354
214 351 362 408 ίὲἓέὶ

1105 344 1471 405 EXPOSITIO
1507 342 1738 402 SUPER
1776 338 2143 397 JEREMIAM.
2185 368 2254 379 —-
2287 338 2414 394 LIB.
2454 338 2594 395 XIX.

3343 338 3480 393 1‘226

214 464 483 521 desideria
513 464 839 519 mortiﬁcare
862 476 969 518 non
992 461 1239 531 despicit,
1262 476 1367 516 non
1390 460 1560 515 solum
1584 458 1799 514 veniam
1826 456 1874 514 Α
1902 452 2075 509 lorum
2101 450 2365 520 scriptum
2389 459 2474 504 est
2497 449 2633 521 (Act.
2666 449 2739 519 γι)
2767 466 2779 501 :
2814 464 2831 497 ‹
2866 446 3103 501 Verbum
3128 447 3340 503 Domini
3370 464 3484 504 cre-

214 556 537 611 delictorum
558 596 571 616 ,
619 554 713 609 sed
745 564 798 609 et
827 567 1120 623 supernum
1160 552 1439 621 praemium
1470 566 1500 605 a
1528 564 1659 605 vero
1688 546 1796 602 sal-

212 653 407 699 vatore
444 653 499 698 et
525 644 947 699 clementissimo
970 641 1155 710 judice
1195 656 1415 711 sperare
1444 640 1679 703 debebit,
1708 637 1799 707 qui

211 748 408 790 omnes
435 734 684 789 homines
708 734 822 787 vult
863 733 1039 788 salvos
1086 746 1207 787 esse
1253 740 1308 786 et
1355 732 1424 785 ad
1470 730 1798 799 agnitionem

210 824 501 896 pervenire
531 825 773 881 veritatis
798 840 811 879 :
843 844 862 876 ι
891 824 1199 879 Misericors
1224 831 1279 879 et
1306 822 1593 877 miserator
1620 819 1801 875 Domi-

210 935 340 985 nus,
369 920 581 987 patiens
607 926 663 972 et
696 918 925 972 multum
960 916 1269 971 misericors
1302 912 1500 986 (Exod.
1530 914 1739 981 xxxrv).
1776 932 1793 964 ι

207 1008 340 1064 Ideo
371 1016 425 1063 et
464 1008 726 1078 propheta
754 1007 895 1062 hanc
923 1004 1348 1077 investigabilem
1380 1002 1800 1074 profunditatem

209 1095 475 1151 bonitatis
520 1096 615 1150 Dei
661 1096 1032 1159 considerans,
1067 1103 1120 1149 et
1148 1093 1329 1164 populi
1369 1095 1452 1148 sui
1492 1102 1704 1148 reatum
1747 1098 1802 1146 et

205 1187 540 1255 proterviam
569 1201 677 1242 non
704 1187 982 1257 ignorans,
1012 1201 1137 1240 mox
1166 1184 1422 1248 subdidit,
1452 1183 1637 1238 dicens
1663 1202 1676 1236 :

288 1274 447 1329 Heth.
478 1294 497 1326 ‹
526 1276 906 1333 Misericordiae
931 1277 1144 1332 Domini
1171 1276 1296 1344 quia
1322 1290 1429 1329 non
1458 1290 1646 1329 sumus
1672 1289 1800 1329 con-

214 1382 235 1415 c
272 1365 509 1434 sumpti,
556 1366 685 1434 quia
712 1382 822 1421 non
854 1366 1169 1421 defecerunt
1198 1365 1575 1420 miserationes
1602 1364 1737 1435 ejus.
1776 1383 1793 1415 ι

209 1453 400 1510 Toties
428 1455 574 1509 enim
609 1470 739 1526 gens
773 1471 939 1527 prava
985 1463 1038 1511 et
1078 1471 1331 1527 perversa
1360 1455 1666 1510 Judmorum
1695 1454 1799 1510 Do-

207 1545 423 1601 minum
458 1547 525 1601 ad
563 1546 894 1602 iracundiam
943 1547 1285 1616 provocando
1328 1546 1597 1610 irritavit,
1649 1552 1708 1599 ut
1752 1546 1797 1600 si

206 1647 336 1689 eam
367 1634 657 1689 secundum
684 1634 947 1704 judicium
977 1636 1138 1691 vellet
1161 1635 1427 1705 judicare,
1475 1642 1530 1689 et
1564 1649 1670 1688 non
1704 1648 1798 1703 per

206 1730 639 1785 misericordiam
663 1730 886 1805 eligeret
904 1730 1174 1799 patienter
1194 1727 1434 1791 sufferre,
1454 1727 1569 1797 jam
1596 1726 1793 1781 dudmn

1904 544 2125 606 scebat,
2153 549 2210 595 et
2241 540 2698 610 multiplicabatur
2728 553 2985 593 numerus
3015 539 3393 607 discipulorum
3428 541 3480 594 in

1903 635 2199 692 Jerusalem
2244 633 2437 701 valde,
2496 633 2665 689 multa
2714 633 2878 687 etiam
2932 632 3088 687 turba
3142 634 3480 688 sacerdotum

1902 728 2187 783 obediebat
2212 726 2355 783 ﬁdei.
2387 746 2405 778 ι
2446 725 2515 780 Et
2543 739 2757 780 rursum
2779 725 2917 796 (Act.
2934 725 3048 797 iv):
3080 744 3098 775 ‹
3128 724 3486 781 Multitudinis

1903 818 2239 874 credentium
2266 826 2448 873 autem
2473 825 2591 873 erat
2613 830 2703 872 cor
2733 832 2917 883 unum,
2940 825 2995 871 et
3021 818 3201 872 anima
3231 834 3355 884 una,
3383 833 3484 874 uec

1903 909 2186 980 quisquam
2213 924 2401 965 eorum
2429 924 2551 980 quae
2578 907 2889 978 possidebat
2925 909 3126 978 aliquid
3162 926 3319 966 suum
3360 927 3481 967 esse

1904 996 2141 1061 dicebat,
2176 999 2270 1053 sed
2299 1007 2455 1053 erant
2483 998 2591 1053 illis
2619 999 2803 1052 omnia
2833 1001 3155 1054 communia.
3191 1001 3486 1057 Et..virtute

1902 1104 2094 1160 magna
2126 1089 2419 1145 reddebant
2444 1090 2690 1160 Apostoli
2725 1090 3094 1145 testimonium
3134 1093 3489 1148 resurrectio-

1902 1179 1986 1235 nis
2013 1178 2139 1236 Jesu
2170 1179 2369 1236 Christi
2395 1181 2607 1237 Domini
2636 1182 2828 1247 nostri,
2857 1189 2910 1237 et
2944 1183 3120 1253 gratia
3150 1198 3341 1253 magna
3371 1193 3491 1240 erat

1902 1267 1957 1323 in
1991 1270 2244 1325 omnibus
2280 1270 2417 1336 illis,
2464 1287 2640 1341 neque
2684 1272 2827 1328 enim
2860 1273 3149 1341 quisquam
3185 1288 3348 1343 egens
3373 1284 3491 1328 erat

1902 1357 2041 1413 inter
2066 1359 2209 1415 illos.
2247 1358 2523 1429 Quotquot
2551 1361 2694 1415 enim
2720 1377 3060 1431 possessores
3100 1377 3349 1433 agrorum
3394 1376 3487 1418 aut

1901 1450 2181 1505 domorum
2207 1460 2345 1517 erat,
2375 1451 2670 1505 vendentes
2696 1449 2992 1506 all'erebant
3028 1435 3258 1521 pretium
3299 1469 3488 1508 eorum

1900 1556 2018 1611 qua:
2038 1542 2365 1608 vendebant,
2380 1552 2434 1597 et
2453 1543 2726 1612 ponebant
2747 1552 2871 1595 ante
2890 1542 3052 1611 pedes
3076 1542 3487 1612 discipulorum,

1899 1634 2242 1691 dividebatur
2266 1645 2445 1691 autem
2474 1636 2697 1707 singulis
2724 1644 2885 1706 prout
2932 1636 3127 1707 cuique
3151 1652 3286 1707 opus
3312 1646 3483 1692 erat.)

1902 1725 2056 1781 Unde
2082 1727 2197 1796 ipse
2224 1736 2619 1797 consequenter
2643 1727 2775 1782 dicit
2796 1747 2813 1783 ηε

206 1820 391 1890 poenis
418 1818 674 1875 deﬁceret
698 1804 848 1886 ,‘nec
878 1818 1294 1876 restaurationis
1323 1832 1473 1888 spem
1502 1817 1665 1871 ullam
1700 1816 1795 1870 ba-
1822 1801 1871 1861 B
1972 1812 2131 1867 Heth.
2167 1832 2185 1864 ι
2218 1814 2352 1870 Pars
2380 1830 2500 1871 mea
2526 1815 2804 1883 Dominus,
2831 1818 2967 1874 dixit
2990 1818 3171 1875 anima
3200 1834 3342 1885 mea,
3367 1834 3489 1890 pro-

204 1912 384 1969 heret.
427 1912 595 1979 Quod.
618 1921 673 1967 et
698 1912 867 1967 Isaias
898 1912 1164 1974 ostendit,
1209 1910 1434 1965 dicens:
1471 1928 1489 1959 ‹
1523 1908 1615 1963 Vae
1653 1909 1797 1977 genti

205 2001 501 2070 peccatrici
520 2041 535 2067 ,
566 2002 765 2071 populo
794 2001 943 2071 gravi
974 2000 1278 2068 iniquitate,
1310 1999 1504 2053 semini
1534 2013 1793 2067 nequam,

206 2091 339 2147 ﬁliis
378 2091 688 2147 sceleratis!
733 2090 1141 2159 Dereliquerunt
1178 2089 1499 2153 Dominum,
1549 2088 1798 2158 blasphe-

206 2190 495 2237 maverunt
516 2190 759 2238 sanctum
780 2181 965 2247 Israel,
1003 2180 1291 2236 abalienati
1314 2188 1441 2234 sunt
1460 2188 1756 2235 retrorsum
1779 2198 1791 2233 :

208 2271 387 2343 Super
415 2288 522 2342 quo
549 2273 846 2341 percutiam
874 2287 971 2328 vos
999 2273 1142 2327 ultra
1171 2272 1431 2327 addentes
1470 2271 1797 2340 praevarica-

209 2362 415 2417 tionem
436 2380 447 2414 :
464 2376 624 2416 omne
646 2370 807 2431 caput
828 2362 1139 2433 languidum
1161 2370 1217 2415 et
1234 2376 1395 2416 omne
1413 2376 1509 2416 cor
1536 2375 1792 2417 moerens.

207 2467 240 2506 a
271 2452 454 2522 planta
484 2453 637 2522 pedis
666 2467 836 2521 usque
875 2452 944 2506 ad
975 2451 1231 2506 verticem
1262 2466 1367 2506 non
1398 2459 1480 2505 est
1509 2451 1712 2505 sanitas
1740 2452 1793 2504 in

208 2554 313 2595 eo:
349 2540 553 2595 Vulnus
599 2550 653 2597 et
700 2542 835 2597 livor
882 2550 937 2597 et
982 2542 1138 2613 plaga
1169 2548 1403 2607 tumens,
1438 2556 1543 2596 non
1574 2551 1657 2597 est
1686 2542 1794 2597 cir-

208 2630 532 2699 cumligata,
564 2646 668 2686 nec
696 2641 881 2686 curata
911 2632 1297 2697 medicamine,
1339 2648 1512 2702 neque
1537 2632 1648 2689 fota
1676 2633 1796 2689 oleo

209 2724 345 2798 (Isa.
374 2725 436 2796 1).
476 2746 492 2776 ι
534 2726 601 2780 Ει
629 2734 752 2795 post
778 2725 1050 2795 paululum
1081 2745 1092 2779 :
1129 2746 1147 2777 ‹
1180 2726 1293 2780 Nisi
1335 2726 1595 2781 Dominus
1633 2742 1764 2782 exer

208 2818 415 2873 cituum
447 2817 754 2887 reliquisset
789 2818 943 2871 nobis
974 2832 1180 2881 semen,
1210 2816 1363 2885 quasi
1393 2815 1625 2871 Sodoma
1656 2817 1791 2872 fuis-

210 2921 393 2963 semus
413 2947 429 2973 ,
466 2915 522 2963 et
550 2908 703 2977 quasi
733 2906 1036 2963 Gomorrha
1068 2906 1269 2962 similes
1296 2922 1560 2962 essemus.
1594 2927 1611 2958 ι
1656 2907 1794 2961 Hine

208 3005 265 3052 ct
293 2996 502 3051 Paulus
522 2997 599 3049 ait
638 2995 814 3067 (Rom.
845 2997 920 3065 nt)
951 3014 963 3049 :
999 3015 1016 3046 ι
1050 2995 1203 3061 Quod
1242 2994 1288 3048 si
1324 2994 1510 3049 volens
1538 2995 1795 3050 Dominus

209 3086 497 3141 ostendere
542 3087 677 3139 iram
722 3096 778 3140 et
824 3093 1006 3140 notam
1040 3084 1232 3153 (facere
1284 3086 1581 3153 potentiam
1613 3100 1787 3151 suam,

1908 1926 1926 1958 ‹
1957 1915 2142 1976 pterea
2171 1908 2497 1978 exspectabo
2516 1923 2661 1963 eum.
2693 1909 3000 1981 »(11ἱειὉη.)
3028 1910 3161 1965 Nam
3180 1913 3357 1982 portio
3383 1913 3488 1966 Do-

1899 1998 2033 2052 mini
2065 1998 2587 2055 ecclesiasticusest
2613 2000 2845 2071 populus
2880 2001 3187 2070 redemptus
3226 2002 3489 2071 sanguine

1898 2087 2135 2155 Christi,
2168 2090 2233 2143 de
2267 2104 2373 2158 quo
2402 2091 2454 2144 in
2487 2091 2698 2146 cantico
2729 2092 3131 2147 Deuteronomii
3164 2093 3338 2150 Moses
3366 2095 3443 2154 ait
3470 2112 3483 2147 :

1905 2198 1923 2231 ί
1952 2178 2087 2234 Pars
2118 2188 2293 2235 autem
2327 2181 2569 2246 Domini,
2603 2183 2831 2251 populus
2859 2183 2975 2251 ejus
2998 2183 3182 2249 Jacob,
3215 2185 3487 2240 funiculus

1896 2270 2227 2325 haereditatis
2273 2271 2390 2341 ejus
2438 2270 2601 2327 Israel
2637 2271 2815 2343 (Deut.
2846 2272 3057 2344 xxx"),
3109 2294 3126 2325 ι
3179 2275 3261 2327 vel
3308 2276 3487 2344 potius

1897 2362 2014 2432 ipse
2050 2363 2308 2419 Dominus
2334 2379 2460 2434 pars
2492 2363 2629 2433 ejus,
2662 2365 2815 2434 cujus
2842 2381 3029 2421 amore
3055 2369 3235 2422 omnia
3268 2377 3485 2424 terrena

1898 2452 2149 2522 despicit,
2178 2462 2233 2508 et
2262 2454 2435 2523 ipsum
2462 2455 2633 2510 solum
2663 2470 2774 2525 prae
2798 2457 3047 2512 omnibus
3072 2457 3271 2513 habere
3299 2458 3483 2529 elegit,

1899 2542 1966 2596 ad
1995 2543 2149 2612 cujus
2182 2552 2458 2612 aspectum
2494 2543 2734 2599 futurum
2781 2545 2943 2599 etiam
2995 2562 3053 2600 se
3096 2555 3484 2616 perventurum

1898 2641 2099 2704 sperat.
2140 2634 2217 2688 Ex
2257 2636 2409 2705 cujus
2443 2651 2668 2706 persona
2710 2636 2977 2706 Propheta
3019 2638 3071 2691 in
3108 2637 3338 2693 Psalmis
3364 2640 3440 2693 ait
3471 2684 3484 2694 .

1903 2743 1921 2775 ‹
1954 2725 2162 2781 Defecit
2192 2741 2286 2781 cor
2316 2742 2497 2782 meum
2539 2737 2594 2783 et
2632 2743 2757 2783 caro
2786 2745 2905 2783 mea
2928 2769 2942 2793 ,
2986 2729 3126 2784 Deus
3167 2715 3351 2785 cordis
3377 2731 3483 2785 mei

1896 2823 1951 2868 et
1982 2830 2107 2883 pars
2128 2830 2247 2871 mea
2271 2816 2414 2871 Deus
2438 2817 2491 2873 in
2516 2818 2707 2873 saecula
2729 2817 2902 2888 (Psal.
2923 2818 3114 2889 Lxxu).
3142 2838 3158 2869 ι
3189 2816 3480 2891 [Cassiod.]

1896 2907 2150 2964 Defectus
2185 2909 2362 2964 dictus
2393 2918 2508 2975 est,
2548 2911 2804 2980 quoniam
2838 2910 2989 2965 deest
3022 2911 3097 2964 illi
3128 2908 3378 2977 eﬁ‘ectus;
3426 2921 3482 2965 et

1891 2998 2015 3067 jure
2059 3001 2317 3069 cogitatio
2360 3000 2594 3055 carnalis
2635 2999 2943 3066 defecerat,
2996 3017 3113 3071 qua:
3162 3016 3219 3057 se
3269 3017 3481 3065 errasse

1896 3092 2154 3146 noscebat
2200 3092 2294 3146 sed
2359 3091 2434 3146 illi
2490 3092 2776 3147 conﬁtetur
2831 3092 2915 3145 eui
2972 3092 3183 3161 culpam
3238 3094 3481 3149 revelare

210 3175 471 3231 sustinuit
501 3176 555 3228 in
584 3174 751 3228 multa
787 3174 1050 3243 patientia
1080 3188 1209 3227 vasa
1244 3173 1339 3227 ira!
1381 3180 1506 3242 apta
1533 3175 1585 3228 in
1621 3175 1790 3229 inter-
1819 3163 1865 3226 C
1896 3180 2192 3235 remedium
2239 3188 2341 3247 est,
2392 3180 2585 3235 delicta
2634 3179 2879 3235 conﬁteri
2907 3182 3188 3235 securitas.
3246 3181 3313 3235 Et
3354 3192 3482 3240 nota

211 3265 346 3321 itum
389 3280 404 3318 :
459 3273 519 3319 ut
561 3265 871 3320 ostenderet
918 3263 1131 3317 divitias
1181 3263 1364 3332 gloriae
1406 3277 1517 3318 sua:
1561 3264 1615 3317 in
1663 3280 1791 3321 vasa

210 3353 624 3417 misericordiae,
667 3367 786 3421 quae
812 3353 1134 3421 praeparavit
1171 3353 1224 3406 in
1254 3352 1510 3423 gloriam,
1558 3370 1694 3424 quos
1738 3366 1793 3411 et

210 3442 423 3498 vocavit
449 3456 548 3497 nos
577 3456 684 3496 non
712 3440 884 3495 solum
914 3455 980 3494 ex
1006 3439 1224 3507 Judaeis,
1258 3443 1351 3498 sed
1377 3444 1539 3499 etiam
1570 3445 1636 3498 de
1664 3460 1790 3515 gen-

210 3533 374 3597 tibus,
398 3540 503 3586 etc.
539 3551 555 3576 ι
610 3530 763 3586 Hunc
792 3530 968 3584 locum
996 3540 1325 3587 memoratus
1354 3533 1629 3602 apostolus
1653 3533 1789 3587 Pau-

210 3624 293 3678 lus
314 3663 329 3689 ,
383 3624 449 3677 ad
484 3623 701 3679 eosdem
737 3622 1011 3679 Romanos
1046 3623 1256 3693 plenius
1290 3624 1508 3679 disserit
1546 3626 1789 3680 scribens

211 3713 384 3787 (Rom.
414 3714 488 3783 χι)
520 3732 531 3767 :
564 3734 581 3765 ‹
612 3714 743 3769 Dico
775 3728 941 3785 ergo:
975 3713 1226 3783 Nunquid
1270 3715 1465 3785 repulit
1507 3715 1645 3771 Deus
1689 3732 1786 3787 po-

209 3807 393 3878 pulum
425 3808 623 3860 suum?
676 3806 830 3861 Absit
868 3824 880 3857 :
933 3823 1059 3861 nam
1098 3816 1152 3859 et
1181 3822 1280 3877 ego
1308 3807 1547 3861 Israelita
1572 3822 1692 3861 sum
1721 3824 1783 3862 ex

210 3900 417 3955 semine
460 3897 726 3962 Abrahae,
778 3897 845 3951 de
882 3897 1024 3952 tribu
1076 3897 1374 3966 Benjamin.
1431 3895 1547 3951 Non
1593 3897 1789 3966 repulit

212 3994 354 4048 Deus
378 3990 590 4060 plebem
620 4004 793 4054 suam,
824 4003 986 4057 quam
1012 3989 1301 4057 prmscivit.
1333 4009 1350 4039 ›
1400 3988 1466 4043 Ει
1503 3998 1624 4058 post
1658 4003 1789 4057 pau-

209 4082 415 4138 lulum:
450 4099 469 4132 ‹
504 4079 595 4135 Sic
638 4096 769 4152 ergo
813 4088 869 4135 et
914 4080 968 4135 in
1008 4081 1112 4136 isto
1152 4089 1395 4150 tempore
1433 4082 1671 4150 reliquiae
1700 4098 1785 4137 se-

210 4176 445 4233 cundum
474 4174 788 4229 electionem
830 4175 1015 4244 gratia:
1054 4174 1214 4228 salvae
1260 4173 1415 4229 factae
1462 4184 1604 4229 sunt.
1640 4194 1659 4227 ι
1709 4174 1787 4228 Ex

210 4280 317 4335 quo
345 4264 648 4319 ostenditur
676 4264 953 4331 superiora
974 4303 987 4327 ,
1026 4278 1145 4331 quae
1174 4270 1360 4317 contra
1389 4262 1690 4319 Jerusalem
1734 4271 1788 4318 et

208 4353 402 4412 Judam
431 4369 607 4409 sermo
650 4355 926 4423 propheta:
960 4354 1110 4408 lsaim
1140 4354 1499 4408 comminatus
1526 4363 1639 4418 est,
1680 4369 1786 4409 Ion

208 4447 278 4502 ad
307 4446 611 4515 Babyloniae
638 4444 972 4513 captivitatis
1001 4443 1281 4499 referenda
1316 4453 1545 4514 tempus,
1592 4444 1685 4498 scd
1720 4446 1785 4500 ad

207 4537 455 4594 ultimam
502 4532 897 4600 Romanorum,
947 4537 1160 4603 quando
1208 4533 1261 4587 in
1309 4534 1581 4602 Apostolis
1627 4533 1785 4587 salvae

210 4630 366 4684 facta:
395 4638 519 4683 sunt
550 4629 789 4697 reliquiae
835 4628 1016 4697 populi
1060 4627 1403 4692 Judmorum,
1452 4637 1507 4680 ct
1556 4644 1658 4681 una
1701 4628 1787 4682 die

210 4722 557 4778 crediderunt
585 4721 687 4775 tria
718 4721 881 4774 millia
915 4729 970 4774 et
1000 4722 1233 4789 quinque
1270 4719 1452 4782 millia,
1495 4728 1549 4773 et
1585 4719 1639 4773 in
1674 4727 1784 4773 toto

210 4815 343 4871 orbe
369 4813 713 4882 Evangelium
755 4812 1079 4866 seminatum
1121 4820 1222 4865 est.
1274 4810 1371 4865 Cui
1400 4811 1564 4865 etiam
1601 4811 1783 4866 sensui

212 4918 443 4973 sequens
469 4903 733 4957 sententia
761 4902 923 4957 favet.
958 4902 1089 4956 Nam
1120 4904 1401 4958 subditur:

285 4993 443 5048 Heth.
478 5011 495 5044 ι
528 4992 661 5049 Novi
693 4993 945 5057 diluculo,
980 4994 1147 5048 multa
1188 5004 1271 5049 est
1309 4995 1440 5049 ﬁdes
1476 5002 1586 5049 tua.
1621 5014 1638 5047 ι
1682 4994 1786 5050 Lo-

212 5085 397 5156 quitur
431 5098 559 5152 ergo
593 5085 853 5153 propheta
900 5085 966 5139 ad
1010 5085 1336 5154 primitivam
1386 5087 1439 5139 in
1486 5084 1783 5142 Jerusalem

212 5177 528 5243 Ecclesiam,
552 5177 775 5233 laudans
787 5177 1021 5246 speciem
1037 5177 1174 5246 ejus,
1195 5194 1330 5246 quae,
1353 5186 1473 5247 post
1492 5179 1784 5234 diluculum

213 5268 623 5323 resurrectionis
672 5266 891 5331 Christi,
942 5276 1178 5323 veterem
1219 5268 1487 5323 hominem
1537 5284 1781 5336 exuens,

212 5358 336 5428 novi
382 5358 614 5412 hominis
656 5357 1107 5428 pulchritudinem
1148 5367 1270 5412 ortu
1312 5373 1407 5413 suo
1451 5358 1777 5415 declarabat.

212 5426 375 5516 Cujus
400 5446 563 5500 etiam
590 5426 755 5501 multa
783 5456 867 5503 est
895 5445 1047 5511 ﬁdes,
1074 5448 1199 5516 quia
1228 5462 1324 5516 per
1352 5448 1580 5517 gratiam
1607 5451 1778 5503 sancti

216 5540 450 5609 Spiritus
478 5536 791 5604 eonfortata,
833 5538 997 5595 verbo
1024 5539 1417 5608 praedicationis
1444 5548 1499 5594 et
1522 5540 1780 5594 virtutum

216 5633 380 5702 signis
413 5631 670 5700 plurimos
720 5632 787 5686 ad
838 5633 1147 5687 societatem
1199 5632 1320 5687 ﬁdei
1369 5640 1422 5686 et
1468 5630 1781 5700 religionem

214 5724 574 5780 Christianam
600 5723 942 5779 convocabat.
981 5722 1132 5778 Unde
1161 5733 1215 5777 et
1246 5724 1297 5776 in
1324 5722 1543 5777 Actibus
1570 5730 1782 5791 aposto-

695 5818 970 5878 PATnOL.
1022 5814 1192 5878 CXI.

1896 3271 2126 3340 quodin
2164 3286 2271 3325 uno
2314 3285 2474 3325 versu
2525 3284 2621 3324 cor
2667 3277 2723 3324 et
2770 3270 2824 3324 in
2874 3270 3015 3324 bono
3058 3272 3277 3340 ponitur
3320 3282 3375 3326 et
3426 3274 3479 3327 in

1894 3361 2074 3416 malo:
2110 3378 2128 3411 ι
2160 3360 2367 3415 Defecit
2391 3375 2503 3431 cor,
2540 3380 2555 3411 ι
2590 3360 2775 3429 utique
2806 3360 2945 3413 mala
2975 3362 3250 3431 cogitatio.
3285 3382 3301 3412 ι
3334 3363 3477 3417 Deus

1894 3459 2074 3504 autem
2100 3450 2297 3512 cordis,
2322 3469 2341 3501 ι
2370 3450 2473 3505 hoc
2502 3456 2603 3513 est,
2633 3459 2822 3503 auctor
2844 3450 2969 3503 boni
2996 3451 3319 3515 intellectus,
3349 3454 3474 3520 quia

1893 3557 2015 3596 eum
2043 3541 2157 3596 sine
2179 3538 2297 3608 ejus
2322 3541 2493 3611 gratia
2519 3555 2679 3594 nemo
2704 3540 2885 3593 habet.
2916 3539 3059 3595 lllius
3080 3556 3212 3595 vero
3240 3543 3475 3597 hominis

1892 3634 2034 3687 Deus
2064 3640 2147 3687 est
2175 3646 2321 3701 pars,
2355 3632 2446 3701 qui
2477 3647 2534 3687 se
2575 3630 2840 3699 majestati
2871 3631 3039 3700 ipsius
3071 3641 3125 3686 et
3153 3633 3472 3687 credulitate

1893 3724 2168 3778 consociat
2209 3732 2263 3778 et
2291 3722 2555 3793 probabili
2612 3723 2821 3777 actione
2862 3722 3223 3777 commendat.
3266 3724 3323 3777 1n
3371 3740 3470 3779 sae-

1891 3814 2010 3867 cula
2047 3828 2207 3876 vero,
2252 3813 2398 3882 quod
2427 3812 2663 3877 addidit,
2712 3826 2925 3881 semper
2963 3827 3022 3866 se
3062 3814 3162 3881 ipsi
3194 3811 3474 3868 adhaerere

1890 3905 2173 3974 promisit,
2226 3905 2366 3974 quod
2411 3919 2598 3958 revera
2628 3902 2991 3973 perfecturum
3019 3912 3140 3969 est,
3192 3921 3467 3974 nunquam

1891 3996 1957 4049 ab
1993 3994 2083 4049 illo
2121 3994 2257 4049 velle
2297 3993 2609 4059 discedere,
2656 3994 2773 4049 sine
2810 4009 2917 4063 quo
2955 3995 3219 4065 contingit
3258 4011 3472 4067 semper

1889 4100 2095 4141 errare.

1964 4176 2145 4231 Theth.
2184 4193 2202 4226 ‹
2234 4176 2414 4230 Bonus
2452 4183 2536 4230 est
2568 4174 2829 4229 Dominus
2857 4175 3196 4244 sperantibus
3230 4178 3281 4231 in
3312 4192 3465 4240 eum,

1897 4287 1915 4319 ‹
1948 4269 2141 4321 animae
2180 4265 2442 4334 quaerenti
2484 4264 2652 4327 illum.
2685 4284 2701 4315 ι
2758 4264 3049 4335 (ΜΑυιιυε.)
3083 4267 3261 4322 Bonus
3290 4269 3469 4337 itaque

1889 4359 2146 4413 Dominus
2196 4357 2536 4425 sperantibus
2584 4356 2637 4408 in
2684 4370 2806 4410 eum
2834 4394 2849 4421 ,
2905 4356 3030 4424 quia
3074 4358 3466 4426 beneplacitum

1889 4460 1973 4505 est
2001 4448 2228 4503 Domino
2263 4463 2425 4517 super
2451 4448 2723 4511 timentes,
2753 4455 2804 4501 et
2834 4447 2887 4503 in
2918 4462 3011 4501 eos
3040 4448 3130 4515 qui
3159 4459 3378 4516 sperant
3415 4451 3465 4503 in

1889 4538 2259 4593 misericordia
2291 4538 2425 4607 ejus.
2472 4537 2640 4602 Quem
2670 4536 2759 4604 qui
2792 4536 3016 4605 requirit
3046 4537 3281 4591 inveniet
3310 4555 3430 4591 eum
3451 4580 3465 4603 ,

1886 4642 1941 4688 et
1962 4634 2028 4687 ad
2052 4634 2267 4687 beatam
2291 4631 2453 4684 vitam
2478 4629 2779 4699 perveniet.
2814 4628 2968 4684 Unde
2991 4629 3120 4683 dicit
3143 4629 3427 4686 Psalmista
3451 4651 3463 4685 :

1894 4741 1910 4772 ‹
1951 4723 2183 4789 Quaerite
2229 4720 2515 4775 Dominum
2568 4727 2622 4773 et
2651 4718 2794 4772 vivet
2840 4720 3015 4772 anima
3065 4729 3239 4773 vestra
3291 4721 3460 4790 (Psal.

1887 4818 2095 4884 vam).
2130 4832 2147 4863 ι
2199 4811 2275 4866 De
2301 4825 2407 4880 quo
2436 4819 2490 4865 et
2518 4808 2683 4863 Isaias
2713 4809 2788 4861 ait
2814 4826 2826 4861 :
2859 4828 2875 4859 ι
2907 4807 3091 4864 Sancti
3122 4809 3213 4879 qui
3244 4822 3467 4879 sperant

1887 4911 1938 4965 in
1976 4908 2223 4972 Domino,
2254 4905 2542 4960 mutabunt
2580 4902 2983 4967 fortitudinem,
3026 4914 3302 4957 assumth
3333 4920 3465 4971 pen-

1890 5015 1988 5054 nas
2018 5008 2077 5052 ut
2105 4997 2303 5066 aquila,
2340 4993 2601 5049 volabunt
2628 5000 2683 5045 et
2709 5007 2815 5046 non
2846 4991 3097 5046 deficient
3127 4991 3260 5061 (Isa.
3292 4993 3401 5061 xc).
3438 5012 3455 5042 ι

1892 5090 1997 5143 Sed
2028 5088 2153 5157 quia
2186 5088 2386 5141 bonum
2415 5092 2499 5139 est
2528 5083 2639 5147 illi,
2687 5083 2774 5152 qui
2824 5090 3002 5152 sperat
3042 5082 3095 5135 in
3134 5082 3374 5141 Domino,
3409 5093 3465 5137 et

1891 5180 1957 5233 ad
1984 5179 2214 5232 futuram
2236 5176 2354 5245 ejus
2368 5174 2530 5227 vitam
2557 5170 2864 5243 [visionem]
2888 5171 3188 5239 pervenire,
3218 5178 3389 5223 certat
3405 5180 3461 5222 ut

1888 5270 2155 5340 patienter
2184 5266 2363 5322 omnia
2394 5266 2618 5319 adversa
2646 5264 2937 5326 sustineat,
2982 5270 3035 5316 et
3071 5262 3187 5315 sine
3217 5261 3459 5314 molestia

1889 5361 2118 5414 aliorum
2150 5364 2472 5428 praesentem
2500 5354 2667 5408 vitam
2706 5354 2905 5417 ducat,
2956 5352 3175 5406 imitans
3217 5351 3362 5404 illum
3398 5353 3462 5405 de

1884 5465 1991 5521 quo
2020 5449 2276 5518 scriptum
2315 5456 2435 5501 est:
2474 5464 2491 5496 ι
2525 5445 2663 5499 Ecce
2705 5459 2890 5499 servus
2930 5458 3117 5508 meus,
3168 5444 3457 5512 suscipiam

1885 5540 2066 5605 illum;
2104 5541 2304 5593 electus
2339 5551 2515 5599 meus,
2558 5534 2877 5602 complacuit
2909 5534 3007 5588 sibi
3059 5534 3113 5586 in
3158 5533 3247 5586 illo
3278 5535 3457 5587 anima

1884 5643 2041 5684 mea:
2102 5627 2223 5681 dedi
2270 5625 2515 5695 spiritum
2564 5638 2741 5677 meum
2790 5639 2949 5692 super
2992 5639 3113 5678 eum
3142 5664 3155 5687 ,
3196 5622 3455 5691 judicium

1884 5716 2132 5788 gentibus
2158 5713 2412 5786 proferet.
2444 5713 2561 5769 Non
2593 5712 2846 5768 clamabit
2872 5728 3044 5781 neque
3080 5712 3306 5783 accipiet
3338 5728 3458 5785 per—

2943 5805 3019 5865 39
