3952 6308
494 281 635 337 1227

1138 282 1199 333 Β.
1243 276 1496 335 RABANI
1533 276 1749 335 MAURI
1786 276 2110 333 ARCHIEP.
2153 271 2467 365 MOGUNT.
2508 277 2793 335 OPERUM
2824 278 3004 336 PARS
3042 282 3131 337 lli.

3648 288 3793 343 i225

487 411 678 452 serram
704 435 718 460 ,
769 408 945 463 neque
995 391 1246 447 audietur
1294 390 1427 448 foris
1470 408 1574 447 vox
1623 392 1739 461 ejus
1766 409 1777 443 :
1808 390 2079 445 calamum
2105 393 2157 452 Α
2183 391 2457 461 patientize
2483 392 2725 447 custodia
2753 390 2926 446 servis
2952 391 3153 447 Ch‘risti
3182 394 3500 450 necessaria
3529 405 3637 459 est,
3662 398 3796 464 quia

485 494 805 558 quassatum
839 500 945 540 non
974 478 1237 549 conteret,
1265 492 1322 537 et
1348 484 1517 538 linum
1543 483 1813 553 fumigans
1848 496 1956 536 non
1985 496 2077 535 ex-

488 580 713 651 stinguit
742 577 879 651 (lca.
904 577 1061 647 mi).
1093 595 1112 627 ι
1147 574 1443 644 Propterea
1466 575 1639 629 dicit:

562 674 746 727 Theth.
769 690 788 723 ι
808 671 1016 726 Bonum
1038 677 1121 745 est
1138 668 1441 738 praestolari
1463 682 1585 723 cum
1607 664 1823 737 silentio
1842 664 2083 720 salutare

492 782 513 817 ι
540 762 776 818 Domini.
810 781 829 813 ι
862 758 1053 816 Omnis
1077 758 1222 813 enim
1249 757 1514 813 bonorum
1540 755 1651 809 vita
1683 754 1970 823 tranquilla
1996 762 2082 808 est

488 864 545 911 et
568 854 802 927 placida,
832 853 975 907 inter
1004 850 1266 921 superbos
1294 864 1425 903 vero
1460 862 1676 918 semper
1697 846 1876 918 jurgia
1908 855 2035 902 sunt
2063 866 2075 902 :

490 945 693 1001 idcirco
736 942 937 999 Paulus
975 938 1555 997 Thessalonicensibus
1603 938 1717 992 ait:
1753 954 1772 987 ι
1806 936 2079 1006 Rogamus

486 1047 671 1095 autem
701 1052 826 1103 vos,
867 1035 1097 1101 fratres,
1134 1042 1195 1089 ut
1233 1033 1520 1089 abundetis
1550 1032 1740 1103 magis,
1778 1040 1833 1087 et
1859 1045 2082 1099 operam

486 1128 645 1193 detis,
678 1134 739 1181 ut
766 1126 938 1197 quieti
967 1125 1109 1191 sitis,
1139 1132 1196 1179 et
1222 1132 1283 1179 ut
1304 1133 1551 1179 vestrum
1580 1123 1854 1194 negotium
1884 1122 2077 1191 agatis,

484 1226 541 1273 et
572 1217 875 1289 operemini
906 1216 1156 1272 manibus
1180 1201 1378 1272 vestris
1418 1216 1559 1271 sicut
1595 1214 1951 1285 przecepimus
1981 1228 2077 1269 vo-

488 1310 587 1374 bis,
621 1317 677 1364 et
704 1318 765 1363 ut
792 1308 1018 1365 honeste
1048 1308 1338 1363 ambuletis
1365 1309 1433 1363 ad
1458 1323 1551 1363 eos
1573 1308 1665 1378 qui
1686 1306 1823 1362 foris
1852 1314 2001 1373 sunt,
2025 1317 2083 1362 et

488 1398 688 1455 nullius
715 1398 920 1469 aliquid
948 1398 1268 1454 desideretis
1295 1397 1347 1469 (Ι
1378 1396 1557 1452 Thess.
1589 1396 1684 1469 tv).
1713 1416 1730 1449 ι
1770 1396 1923 1464 Quod
1952 1396 2081 1466 quia

488 1504 650 1544 nemo
674 1488 918 1559 perfecte
947 1503 1110 1559 agere
1139 1488 1299 1551 valet,
1333 1487 1437 1542 nisi
1467 1488 1557 1555 qui
1591 1502 1650 1542 se
1677 1503 1705 1540 a
1738 1486 1921 1541 mundi
1952 1500 2083 1541 con-

487 1579 840 1648 cupiscentiis
869 1587 926 1634 et
958 1578 1141 1633 saeculi
1171 1578 1403 1650 negotiis
1430 1571 1769 1649 sequestrat,
1799 1577 2082 1647 subsajui-

491 1678 601 1735 tur,
630 1670 819 1726 dicens
843 1688 856 1723 :

2183 483 2273 553 qui
2304 498 2362 536 se
2388 482 2592 537 exaltat
2626 482 3019 549 humiliabitur,
3055 484 3146 553 qui
3177 496 3363 540 autem
3405 487 3460 540 in
3505 487 3793 555 patientizc

2182 576 2379 631 virtute
2400 578 2831 646 perseveraverit
2852 591 3024 646 usque
3043 577 3111 631 ad
3134 576 3426 645 finem,hic
3451 578 3639 633 salvus
3661 578 3789 633 erit.

2184 666 2337 723 Unde
2364 668 2739 739 subjungitur:

2257 756 2379 811 10d.
2404 777 2421 807 ι
2443 758 2612 813 Ponet
2640 759 2693 813 in
2720 759 2942 828 pulvere
2966 774 3028 814 os
3054 775 3231 827 suum,
3254 761 3299 815 si
3326 760 3565 816 fortesit
3589 777 3741 831 spes.
3766 782 3785 813 ι

2182 849 2273 904 ille
2303 851 2503 920 quippe
2533 851 2587 905 in
2618 851 2842 920 pulvere
2869 852 3025 921 ponit
3051 868 3114 907 os
3142 869 3299 908 suum
3319 894 3333 920 ,
3379 856 3473 923 qui
3504 855 3793 909 humiliter

2181 943 2420 998 sentiens
2464 941 2708 1014 fragilem
2757 958 2817 999 se
2863 947 3178 1015 cognoscit,
3239 956 3295 1001 et
3342 948 3410 1003 de
3454 948 3687 1018 pulvere
3731 964 3791 1003 sc

2179 1038 2424 1103 factum,
2476 1038 2673 1093 iterum
2725 1039 2780 1093 in
2828 1038 3105 1107 pulverem
3146 1054 3521 1105 reversurum,
3553 1041 3787 1107 fatetur,

2179 1128 2367 1183 dicens
2396 1143 2519 1183 cum
2551 1128 2865 1199 patriarcha
2888 1128 3177 1183 Abraham
3205 1146 3220 1183 :
3254 1148 3274 1181 ι
3307 1129 3532 1199 Loquor
3568 1130 3639 1183 ad
3683 1130 3791 1186 Do-

2181 1220 2388 1273 minum
2418 1233 2618 1283 meum,
2653 1234 2777 1273 cum
2800 1218 2901 1273 sim
2931 1220 3107 1289 pulvis
3134 1220 3353 1276 etcinis
3372 1218 3531 1291 (Gen.
3554 1220 3739 1289 xvm).
3765 1241 3781 1273 ι

2181 1308 2279 1364 Cui
2308 1309 2472 1364 etiam
2498 1324 2623 1379 spes
2649 1310 2757 1363 erit
2787 1308 2979 1363 futura:
3008 1311 3426 1379 resurrectionis
3451 1328 3465 1364 :
3498 1312 3628 1380 quia
3660 1325 3789 1365 cum

2181 1414 2239 1455 se
2286 1414 2384 1469 per
2426 1400 2805 1469 paenitentiam
2856 1400 3173 1471 castigando
3222 1404 3447 1455 carnem
3492 1410 3784 1465 macerat,

2182 1490 2409 1560 spiritus
2455 1488 2794 1544 remissionis
2840 1496 2897 1545 et
2947 1491 3144 1545 futura:
3190 1490 3376 1561 gloria:
3425 1506 3525 1561 per
3565 1490 3786 1545 Domini

2182 1565 2610 1635 misericordiam
2638 1580 2842 1635 habere
2871 1581 3108 1636 debebit.
3146 1580 3350 1653 (Greg.)
3376 1581 3514 1637 Hinc
3534 1592 3621 1637 est
3640 1582 3785 1651 quod

2184 1674 2374 1729 beatus
2398 1668 2515 1735 Job,
2551 1672 2824 1742 sapientes
2853 1670 3067 1726 Domini
3101 1673 3402 1726 sententias
3437 1672 3690 1735 audiens,
3720 1684 3783 1725 se

560 1759 745 1814 Theth.
780 1778 800 1812 ι
831 1760 1041 1817 Bonum
1070 1768 1157 1816 est
1184 1760 1302 1815 viro
1327 1775 1451 1815 cum
1477 1759 1775 1831 portaverit
1797 1759 1988 1831 jugum
2014 1760 2081 1812 ab
2110 1746 2158 1806 Β
2185 1764 2558 1835 cognoscendo
2587 1778 2695 1818 non
2726 1776 2845 1818 esse
2871 1763 3558 1832 sapientemsemetipsum
3592 1776 3779 1831 repre-

492 1870 514 1906 (
544 1853 912 1909 adolescentia
944 1868 1059 1909 sua.
1096 1873 1114 1904 ι

557 1944 681 2000 Iod.
726 1964 746 1997 ι
781 1943 1001 2000 Sedebit
1041 1945 1318 2000 solitarius
1359 1952 1413 1999 et
1455 1946 1689 2011 tacebit,
1727 1944 1851 2015 quia
1884 1945 2082 2000 levavit

491 2053 513 2089 ι
545 2049 606 2092 se
632 2050 797 2105 super
820 2051 900 2091 se.
935 2054 954 2086 ι
996 2034 1226 2089 Militum
1255 2049 1386 2104 ergo
1416 2032 1618 2089 Christi
1658 2026 1923 2103 perfectio
1961 2040 2079 2098 est,

497 2134 710 2185 emtam
745 2132 982 2180 mentem
1020 2123 1222 2178 habere
1264 2139 1295 2177 a
1334 2125 1547 2179 cunctis
1586 2123 1814 2177 terrenis
1851 2122 2083 2191 negotiis

484 2223 543 2271 et
566 2231 597 2269 a
628 2214 880 2280 tumultu,
912 2212 1070 2282 juxta
1105 2213 1237 2267 illud
1274 2211 1520 2283 Apostoli
1550 2231 1562 2265 :
1598 2231 1617 2263 ι
1647 2211 1818 2265 Nemo
1843 2210 2082 2266 militans

486 2304 599 2360 Deo
634 2305 878 2376 implicat
914 2320 975 2361 se
1013 2303 1363 2360 satcularibus
1393 2302 1653 2373 negotiis,
1700 2310 1759 2355 ut
1792 2302 1841 2356 ei
1871 2301 2081 2370 placeat

486 2399 575 2454 cui
620 2412 679 2454 se
720 2399 969 2469 probavit
1014 2397 1099 2469 (II
1148 2397 1285 2453 Tim.
1332 2397 1429 2464 ιι),
1461 2416 1479 2449 ι
1536 2411 1766 2465 eamque
1817 2403 2081 2465 quantum

488 2492 725 2546 humana
752 2491 1098 2547 imbecillitas
1126 2489 1253 2545 sinit
1276 2488 1499 2554 festinat
1518 2488 1673 2542 unire
1694 2502 1816 2542 cum
1837 2485 2075 2547 Christo.

486 2583 661 2651 Quam
690 2583 909 2654 quidem
937 2584 1171 2654 speciem
1202 2579 1651 2644 conversationis,
1682 2578 1807 2633 boni
1840 2578 2080 2632 eremitae

486 2683 544 2731 et
570 2677 862 2743 monachi,
892 2677 985 2747 qui
1017 2684 1142 2730 voto
1172 2674 1492 2729 menacbico
1518 2672 1758 2743 mysticae
1784 2668 2080 2738 disciplina:

488 2771 713 2841 obligati
748 2780 908 2837 sunt,
948 2771 1155 2849 imitari
1185 2769 1555 2834 contendunt,
1598 2767 1693 2823 sed
1724 2781 1848 2821 rara
1894 2774 1980 2821 est
2023 2772 2079 2819 et

487 2864 831 2933 paucissimis
878 2864 1022 2920 dono
1070 2863 1163 2917 Dei
1217 2864 1331 2917 haec
1376 2860 1640 2933 perfectio
1686 2874 1965 2916 concessa.
2026 2857 2079 2914 Is

486 2958 689 3015 etenim
716 2972 842 3013 vere
869 2964 926 3012 et
949 2972 1054 3011 non
1086 2971 1153 3010 ex
1182 2966 1337 3024 parte
1364 2952 1638 3023 perfectus
1668 2962 1782 3018 est,
1813 2951 1905 3021 qui
1937 2958 1993 3004 et
2022 2950 2078 3004 in

486 3064 671 3113 eremo
701 3048 1009 3119 squalorem
1040 3045 1363 3110 solitudinis,
1394 3052 1449 3099 et
1479 3044 1531 3098 in
1565 3042 1813 3098 coenobio
1848 3039 2077 3095 infirmi-

488 3147 632 3195 tates
669 3138 897 3192 fratrum
935 3136 1129 3205 aaquali
1172 3134 1614 3204 magnanimitate
1664 3138 1932 3188 sustentat
1957 3170 1972 3197 ,
2020 3139 2079 3186 et

487 3235 613 3289 ideo
642 3234 697 3287 in
728 3240 957 3301 utraque
994 3228 1331 3299 professione
1374 3244 1473 3298 per
1513 3227 1695 3282 omnia
1734 3241 2081 3283 consumma-

490 3330 604 3377 tum
634 3322 877 3376 invenire
904 3320 1119 3376 dilIicile
1149 3328 1264 3386 est,
1304 3320 1431 3389 quia
1459 3335 1561 3376 nec
1591 3321 1919 3374 anachoreta
1950 3333 2080 3374 con-

489 3420 754 3481 temptum
813 3426 877 3465 ac
916 3410 1271 3481 privationem
1314 3407 1679 3463 materialium
1714 3422 1941 3473 rerum,
1977 3421 2081 3462 nec

490 3494 761 3557 cmn'obita
793 3500 1088 3555 theoricarn
1122 3501 1188 3553 ad
1220 3499 1489 3570 integrum
1516 3506 1692 3568 potest
1726 3497 1941 3565 assequi
1975 3512 2075 3566 pu-

491 3594 729 3657 ritatem,
778 3593 872 3647 sed
901 3602 1081 3647 tamen
1112 3600 1372 3661 quantum
1400 3592 1791 3661 supercx‘ccllat
1816 3592 2081 3647 serenitas

491 3683 793 3754 tranquilla
810 3684 933 3738 vita:
965 3682 1308 3737 turbulentize
1328 3682 1601 3737 satcularis
1631 3682 2075 3749 conversationis,

489 3778 642 3833 novit
668 3776 759 3845 qui
788 3776 931 3831 hanc
954 3783 1214 3845 expertus
1239 3783 1340 3837 est,
1371 3782 1428 3829 ct
1452 3773 1791 3829 Dominicum
1817 3773 2078 3844 judicium

491 3868 549 3923 in
578 3866 870 3937 Evangelio
903 3866 1043 3919 inter
1069 3865 1205 3919 duas
1229 3864 1483 3918 mulieres
1511 3863 1798 3928 discernit,
1842 3863 1907 3916 ad
1938 3860 2079 3927 Mar-

495 3958 642 4012 tham
673 3956 858 4011 dicens
892 3973 904 4008 :
939 3972 956 4005 t
988 3953 1219 4016 Martha,
1250 3953 1478 4017 Martha,
1508 3952 1738 4007 sollicita
1764 3967 1843 4016 es,
1874 3960 1930 4006 et
1968 3961 2079 4005 tur-

492 4046 641 4102 baris
678 4059 805 4116 erga
845 4043 1097 4115 plurima.
1148 4042 1319 4097 Porro
1350 4057 1516 4095 unum
1553 4052 1636 4097 est
1684 4042 2074 4096 necessarium.

493 4135 664 4189 Maria
692 4134 951 4204 optimam
978 4142 1184 4202 partem
1212 4131 1394 4201 elegit,
1422 4146 1543 4202 qua:
1573 4146 1678 4185 non
1708 4130 1986 4186 auferetur
2010 4132 2077 4187 ab

495 4240 559 4280 ea
590 4222 741 4298 (Luc.
771 4223 849 4293 χ).
881 4242 901 4276 ι
956 4222 1023 4276 Et
1058 4222 1248 4275 beatus
1276 4222 1443 4277 David
1475 4221 1647 4277 solum
1688 4224 1792 4277 hoc
1832 4237 2079 4278 necessa-

496 4316 635 4371 rium
674 4314 878 4371 homini
911 4328 1029 4367 esse
1060 4312 1322 4367 tleliniens
1346 4353 1360 4377 ,
1412 4314 1523 4365 Deo
1567 4313 1768 4382 jugiter
1814 4313 2077 4366 inluurere

2183 1855 2401 1919 hendit,
2448 1854 2673 1909 dicens:
2708 1871 2728 1906 ι
2758 1852 2884 1909 Ideo
2918 1855 3237 1924 insipienter
3272 1854 3489 1910 locutus
3522 1870 3679 1918 sum,
3725 1859 3781 1907 et

2182 1961 2302 2015 quae
2335 1944 2474 1999 ultra
2503 1945 2721 1999 modum
2750 1944 3077 2000 excederent
3102 1946 3386 2001 scientiam
3421 1961 3603 2000 meam
3635 1943 3774 2015 (Job.

2183 2037 2338 2107 xui).
2372 2056 2391 2087 ι
2446 2034 2555 2091 Sed
2583 2036 2711 2105 quia
2748 2035 2893 2090 nulla
2924 2046 3009 2091 est
3036 2037 3271 2105 cognitio
3303 2035 3773 2106 reprehensionis,

2182 2131 2225 2184 si
2266 2145 2372 2185 non
2402 2137 2703 2199 sequantur
2736 2128 2903 2184 etiam
2946 2128 3181 2184 lamenta
3220 2127 3603 2198 ptenitudinis,
3636 2137 3780 2181 recte

2180 2226 2301 2288 post
2324 2218 2803 2287 reprehensionem
2826 2218 3103 2272 subditur:
3135 2236 3152 2268 ι
3178 2217 3244 2272 Ει
3268 2232 3371 2286 ago
3396 2216 3777 2285 penitentiam

2182 2307 2235 2360 in
2265 2306 2445 2365 favilla
2474 2315 2529 2360 et
2554 2307 2758 2361 cinere.
2791 2326 2810 2359 ο
2838 2306 2898 2361 in
2927 2306 3110 2362 favilla
3137 2307 3337 2367 etenim
3365 2314 3422 2361 et
3448 2306 3639 2361 cinere
3660 2318 3774 2375 pa.-

2181 2401 2464 2457 nitentiam
2512 2417 2671 2473 agere
2714 2412 2834 2466 est,
2868 2403 3231 2472 contemplata
3267 2417 3482 2456 summa
3520 2402 3771 2467 εεεωιίι,

2180 2491 2258 2545 nil
2283 2491 2427 2545 aliud
2459 2506 2623 2561 quam
2652 2489 2896 2548 favillam
2935 2507 2994 2548 se
3029 2493 3376 2560 cineremque
3417 2506 3768 2561 cognoscere.
3866 2548 3867 2551 η

2182 2580 2334 2638 Unde
2364 2591 2419 2637 et
2446 2583 2652 2637 civitati
2686 2582 2930 2654 reproba:
2972 2584 3027 2638 in
3066 2584 3359 2653 Evangelio
3398 2583 3665 2637 Dominus
3697 2582 3774 2636 di-

2179 2674 2291 2728 cit:
2327 2694 2345 2725 (
2379 2673 2437 2729 Si
2468 2674 2521 2728 in
2550 2674 2694 2743 Tyro
2738 2682 2795 2727 et
2835 2670 3042 2727 Sidone
3079 2673 3236 2729 facta:
3274 2674 3510 2727 fuissent
3549 2674 3774 2741 virtutes

2178 2781 2299 2836 quae
2324 2764 2479 2820 facta:
2507 2774 2633 2820 sunt
2658 2765 2713 2818 in
2740 2764 2912 2829 vobis,
2942 2765 3071 2819 olim
3100 2767 3152 2819 in
3174 2766 3359 2821 cinere
3376 2773 3434 2818 et
3460 2765 3641 2819 cilicio
3661 2778 3775 2835 po-

2178 2854 2459 2910 nitentiam
2489 2853 2726 2924 egissent
2752 2849 2969 2921 (Matth.
2998 2870 3073 2915 xr,
3096 2853 3209 2925 21).
3245 2872 3263 2904 ι
3285 2853 3343 2908 In
3368 2853 3550 2909 cilicio
3578 2854 3772 2924 quippe

2179 2945 2441 3013 asperitas
2466 2952 2521 2999 et
2541 2944 2887 3012 compunctio
2912 2952 3279 3013 peccatorum,
3304 2943 3359 2997 in
3387 2944 3570 2998 cinere
3590 2953 3773 2999 autem

2178 3037 2354 3107 pulvis
2392 3036 2698 3106 ostenditur
2734 3045 3102 3098 mortuorum,
3148 3044 3204 3089 et
3246 3035 3449 3089 idcirco
3476 3043 3773 3104 utrumque

2183 3130 2286 3186 hoc
2334 3128 2576 3185 adhiberi
2629 3129 2696 3184 ad
2747 3128 3123 3199 paenitentiam
3172 3127 3350 3189 solet,
3405 3136 3467 3182 ut
3522 3128 3576 3181 in
3626 3142 3770 3197 pun-

2180 3222 2361 3277 ctione
2412 3222 2575 3279 cilicii
2617 3237 3013 3293 cognoscamus
3061 3224 3190 3293 quid
3236 3238 3336 3292 per
3379 3217 3588 3292 culpam
3639 3222 3777 3277 feci.

2179 3327 2335 3379 mus,
2375 3322 2431 3367 et
2476 3313 2529 3367 in
2583 3311 2765 3367 favilla
2812 3313 3013 3368 cineris
3058 3314 3453 3383 perpendamus
3496 3313 3624 3382 quid
3673 3328 3777 3381 per

2173 3403 2436 3473 judicium
2471 3401 2597 3458 facti
2637 3419 2844 3458 sumus.
2894 3403 3316 3458 Considerentur
3344 3419 3470 3474 ergo
3502 3405 3553 3456 in
3582 3403 3777 3457 cilicio

2178 3495 2474 3565 pungentia
2507 3494 2671 3559 vitia,
2708 3495 3082 3549 consideretur
3116 3495 3179 3557 in
3210 3495 3389 3548 cinere
3435 3509 3530 3563 per
3567 3495 3775 3548 mortis

2180 3587 2502 3642 sententiam
2550 3587 2888 3655 subsequens
2928 3584 3076 3653 justa
3122 3601 3281 3655 pinna
3317 3585 3583 3639 vitiorum.
3624 3584 3779 3650 Quia

2180 3676 2323 3730 enim
2350 3682 2474 3745 post
2500 3684 2783 3743 peccatum
2816 3674 2999 3729 carnis
3025 3674 3363 3729 contumeliae
3390 3683 3776 3735 surrexerunt,

2178 3765 2356 3821 videat
2394 3767 2558 3821 homo
2588 3766 2640 3820 in
2692 3766 2987 3837 asperitate
3027 3766 3190 3821 cilicii
3232 3765 3585 3835 superbiendo
3631 3767 3781 3835 quid

2178 3856 2306 3912 fecit
2322 3898 2336 3924 ,
2366 3857 2548 3917 videat
2600 3858 2655 3912 iu
2684 3858 2866 3913 cinere
2890 3872 3167 3928 usquequo
3192 3860 3464 3927 peccando
3487 3860 3778 3928 pervenit.

2179 3947 2364 4003 Potest
2399 3962 2613 4017 quoque
2650 3948 2825 4003 cilicio
2850 3949 2965 4018 ipsa
2991 3963 3087 4018 per
3126 3948 3548 4003 recordationem
3592 3956 3784 4018 atque

2178 4027 2553 4109 pteniientiam
2590 4039 2835 4093 dolorum
2878 4039 3097 4108 puuctio
3144 4038 3431 4108 designari.
3475 4036 3608 4092 Nam
3666 4040 3785 4096 hoc

2179 4131 2321 4200 quod
2368 4130 2445 4184 ait
2492 4130 2687 4197 beatus
2730 4128 2852 4194 Job‘,
2905 4130 3021 4200 ipse
3069 4144 3155 4183 me
3203 4129 3554 4198 reprehendo,
3600 4132 3781 4198 qpasi

2179 4222 2414 4291 quodam
2447 4221 2625 4275 cilicio
2652 4220 2928 4289 pungitur,
2970 4220 3096 4274 dum
3133 4221 3187 4273 in
3222 4230 3399 4273 mente
3424 4234 3517 4273 sua
3548 4222 3783 4289 asperis

2180 4313 2622 4381 redargutiouum
2648 4311 2882 4366 stimulis
2908 4310 3261 4366 confricatur.
3292 4311 3349 4364 In
3375 4312 3552 4364 cinere
3577 4320 3781 4365 autem

495 4409 781 4473 desiderat,
805 4407 1015 4463 dicens:
1041 4424 1059 4454 ι
1081 4405 1207 4459 Mihi
1238 4414 1416 4459 autem
1440 4406 1718 4458 adhaerere
1744 4404 1851 4457 Deo
1876 4404 2074 4456 bonum
2100 4442 2154 4502 Β
2180 4407 2292 4477 agit
2327 4405 2702 4476 paenitentiam
2723 4445 2736 4468 ,
2781 4405 2907 4472 quia
2946 4418 3013 4457 ex
3053 4403 3227 4472 primo
3255 4412 3472 4470 peccato
3500 4402 3630 4469 quid
3672 4417 3783 4472 per

494 4507 577 4553 est
600 4538 614 4561 ,
664 4510 863 4567 ponere
896 4496 952 4548 in
979 4495 1206 4548 Domino
1234 4510 1384 4563 spem
1420 4509 1596 4546 meam
1627 4490 1798 4563 (Psal.
1825 4491 2014 4562 Lxxn).
2051 4511 2069 4543 ι

496 4590 564 4643 Et
592 4588 756 4642 alibi:
790 4604 809 4638 ί
843 4586 1013 4643 Unam
1044 4586 1173 4653 petii
1204 4600 1233 4637 a
1257 4585 1503 4646 Domino,
1524 4584 1667 4637 hanc
1692 4584 1987 4652 requiram,
2017 4593 2077 4638 ut

499 4680 791 4732 inhabitem
842 4678 897 4731 in
942 4675 1104 4730 domo
1155 4674 1365 4729 Domini
1415 4674 1665 4727 omnibus
1715 4672 1904 4727 diebus
1952 4671 2076 4725 vitae

499 4783 651 4833 meae,
682 4777 740 4822 ut
766 4748 977 4823 videam
1002 4766 1332 4821 voluntatem
1362 4764 1597 4827 Domini,
1625 4772 1677 4818 et
1701 4762 1912 4817 visitem
1943 4771 2079 4815 tem-

497 4859 640 4929 plum
670 4858 787 4926 ejus
815 4856 988 4930 (Paul.
1018 4856 1187 4927 xxvi).
1221 4876 1238 4908 ι
1293 4855 1410 4910 Una
1439 4869 1570 4925 ergo
1598 4863 1651 4908 et
1676 4853 1788 4907 sola
1819 4860 1902 4907 est
1925 4854 2076 4907 theo—

499 4950 577 5001 ria
602 4988 616 5009 ,
666 4946 721 5000 id
749 4956 831 5002 est
860 4987 875 5012 ,
924 4944 1307 5014 contemplatio
1344 4944 1442 4997 Dei
1466 4983 1481 5007 ,
1533 4944 1619 4998 cui
1663 4943 1857 4997 merito
1891 4941 2073 4995 omnia

492 5036 939 5105 justiﬁcationum
994 5035 1184 5090 merita
1214 5074 1227 5100 ,
1281 5034 1533 5087 universa
1584 5033 1844 5085 virtutum
1897 5030 2074 5086 studia

495 5136 909 5198 postponuntur.
948 5127 1135 5181 Activa
1165 5127 1364 5181 etenim
1397 5126 1505 5178 vita
1536 5140 1659 5179 cum
1689 5136 1914 5191 corpore
1942 5120 2073 5177 deli-

498 5218 611 5282 cit,
658 5216 1068 5285 contemplativa
1104 5224 1283 5269 autem
1315 5215 1427 5267 vita
1466 5214 1554 5268 hic
1594 5213 1866 5281 incipitur,
1917 5221 1975 5266 ut
2014 5212 2069 5265 in

497 5306 703 5363 caelesti
737 5307 907 5376 patria
937 5306 1262 5375 perficiatur,
1291 5302 1643 5373 quia'amoris
1671 5304 1832 5375 ignis,
1864 5304 1955 5373 qui
1983 5303 2071 5357 hic

499 5399 691 5453 ardere
728 5399 975 5461 inchoat,
1024 5412 1144 5451 cum
1179 5398 1353 5465 ipsum
1392 5412 1551 5465 quem
1596 5405 1743 5451 amat
1779 5395 1974 5450 viderit
2014 5395 2069 5449 in

498 5504 685 5545 amore
728 5488 844 5557 ejus
891 5487 1121 5555 amplius
1170 5488 1413 5555 ignescit.
1470 5486 1892 5556 Contemplativa
1942 5501 2070 5556 ergo

498 5581 610 5635 vita
639 5580 855 5634 minimc
889 5580 1151 5642 aufertur,
1196 5578 1319 5645 quia
1356 5580 1630 5632 subtracta
1662 5576 1940 5647 prmscntis
1970 5592 2069 5631 δίε-

500 5672 605 5727 udi
647 5671 765 5729 luco
803 5672 1099 5743 periiaitur.
1157 5670 1265 5725 Sed
1299 5676 1423 5723 ante
1450 5669 1631 5724 omnia
1662 5668 1993 5725 humilitatis-
2014 5678 2069 5722 et

2173 4500 2379 4568 justum
2400 4496 2666 4563 judicium
2694 4493 2869 4548 factus
2897 4495 2967 4548 sit
3010 4493 3239 4548 solerter
3262 4495 3505 4557 attendit,
3534 4494 3775 4550 dicens:

2184 4606 2202 4638 ι
2228 4590 2344 4658 Ago
2368 4585 2740 4657 pcenitentiam
2766 4585 2819 4638 in
2846 4583 3024 4636 favilla
3050 4593 3105 4637 et
3126 4583 3325 4638 cinere.
3347 4601 3366 4633 ι
3402 4584 3478 4636 Ac
3504 4583 3544 4635 si
3572 4595 3777 4651 aperto.

2177 4680 2362 4733 dicat:
2396 4680 2472 4733 De
2517 4676 2665 4731 nullo
2690 4675 2929 4731 auctoris
2970 4675 3076 4728 mei
3122 4674 3262 4728 dono
3307 4674 3583 4742 superbia,
3632 4676 3772 4742 quia

2177 4775 2421 4837 sumptus
2447 4783 2512 4821 ex
2538 4767 2775 4837 pulvere,
2800 4781 2895 4835 per
2929 4765 3088 4819 illata:
3122 4764 3311 4818 mortis
3337 4764 3665 4819 sententiam
3698 4766 3769 4819 ad

2177 4860 2451 4930 pulverem
2487 4873 2575 4913 me
2612 4857 2789 4912 redire
2823 4871 3118 4927 cognosco;
3151 4862 3206 4909 et
3233 4856 3358 4924 quia
3387 4856 3767 4911 necessarium

2176 4958 2257 5004 est
2295 4957 2355 5003 ut
2396 4948 2753 5003 humilitatem
2810 4948 3099 5002 comitetur
3150 4933 3410 5016 patientia
3439 4947 3764 5011 ostendens,

2175 5054 2415 5109 praesens
2444 5038 2711 5108 Propheta
2737 5036 2904 5092 dicit:

2246 5128 2365 5182 Iod.
2401 5148 2419 5179 ι
2450 5127 2607 5183 Dabit
2639 5126 2964 5197 percutienti
3002 5141 3059 5182 se
3093 5124 3389 5188 maxillam,
3423 5124 3763 5179 saturabitur

2182 5238 2199 5270 ι
2227 5218 2549 5288 opprobriis.
2583 5236 2600 5267 ι
2662 5214 2967 5287 (Μλυιιυε.)
3016 5214 3087 5270 Ut
3128 5214 3349 5283 impleat
3384 5212 3761 5282 evangelicum

2178 5310 2351 5364 virum
2377 5309 2463 5363 cui
2488 5308 2724 5363 dicitur:
2754 5324 2773 5357 ‹
2806 5306 2909 5372 Qui
2938 5314 2993 5361 te
3016 5304 3347 5377 percusserit
3376 5303 3429 5358 in
3456 5303 3759 5369 maxillam,

2176 5400 2355 5472 praebe
2382 5398 2431 5452 ei
2458 5405 2515 5452 et
2538 5397 2766 5451 alteram
2787 5394 3004 5467 (Matth.
3028 5395 3102 5466 v).
3128 5414 3146 5446 ι
3183 5394 3336 5461 Quod
3362 5392 3436 5447 illi
3462 5408 3681 5463 quoque
3705 5393 3760 5447 in

2178 5489 2331 5557 culpa
2360 5488 2495 5553 sint,
2526 5487 2619 5557 qui
2650 5485 2879 5541 reddunt
2907 5486 3106 5539 malum
3134 5499 3232 5554 pro
3265 5483 3427 5547 malo,
3457 5490 3514 5537 et
3541 5485 3759 5538 dentem

2178 5593 2275 5647 pro
2288 5578 2470 5641 dente,
2485 5584 2540 5630 et
2563 5574 2777 5630 oculum
2794 5590 2893 5645 pro
2904 5574 3084 5639 oculo,
3099 5573 3334 5628 ostendit
3352 5572 3521 5626 David
3535 5573 3724 5627 dicens
3742 5590 3755 5625 :

2184 5687 2201 5718 ‹
2234 5666 2291 5721 Si
2319 5667 2525 5722 reddidi
2556 5666 2976 5722 retribuentibus
3004 5664 3139 5721 mihi
3166 5664 3351 5730 mala,
3371 5662 3623 5719 decidant
3648 5679 3751 5718 me-
