3952 6360
285 372 423 429 I229

1175 365 1539 425 EXPOSITIO
1580 367 1805 425 SUPER
1841 369 2203 427 JEREMIAM.
2237 403 2306 412 —
2343 374 2472 430 LIB.
2513 375 2651 431 XIX.

3414 383 3553 439 1250

281 489 389 543 rito
410 485 479 542 ab
499 483 732 541 inimicis
759 485 894 540 meis
922 483 1095 538 inanis
1121 481 1295 551 (Psal.
1331 484 1448 555 vn).
1475 504 1494 537 ι
1528 483 1865 555 QuaprOpter
1892 492 1937 549 Α
1969 492 2025 540 et
2049 501 2144 556 per
2168 486 2412 541 diversas
2436 503 2630 557 operas
2658 489 3045 546 beneﬁciorum
3069 508 3175 547 una
3194 494 3444 553 voluntas
3469 507 3554 554 est

281 578 372 633 illa
402 576 695 648 apostolica
726 575 993 632 sententia
1024 573 1196 646 magis
1226 576 1453 630 tenenda
1483 585 1600 641 est,
1641 591 1746 647 qua
1783 575 1864 629 di-

280 671 459 725 citur:
498 687 515 720 ι
551 668 607 723 Si
638 668 890 723 esurierit
930 667 1185 722 inimicus
1217 675 1368 731 tuus,
1418 668 1538 722 ciba
1585 667 1770 733 illum;
1820 669 1865 723 si

277 759 413 825 sitit,
435 769 620 830 putum
650 761 715 814 da
744 759 818 812 illi
847 777 856 812 :
888 759 992 812 hoc
1014 759 1160 813 enim
1188 757 1413 824 faciens,
1439 759 1701 814 carbones
1727 760 1867 829 ignis

276 865 540 922 congeres
579 867 741 920 super
771 857 933 918 caput
970 849 1108 918 ejus.
1162 850 1280 904 Noli
1318 851 1461 905 vinci
1501 867 1531 904 a
1567 852 1728 918 malo,
1771 853 1867 906 sed

275 942 433 997 vince
462 943 516 995 in
545 942 684 994 bono
713 940 916 1000 malum
943 939 1160 1011 (Matth.
1192 956 1355 1005 xxm;
1389 939 1544 994 Rom.
1574 940 1695 1012 xu).
1731 961 1749 992 ›
1801 937 1867 995 Et

277 1034 537 1103 quoniam
567 1043 769 1102 praeter
793 1029 1160 1087 calamitatem
1200 1030 1360 1100 hujus
1395 1033 1578 1087 mundi
1599 1073 1614 1099 ,
1655 1033 1866 1087 miseri-

273 1125 458 1180 cordia
488 1123 700 1178 Domini
735 1123 940 1181 electos
976 1139 1104 1180 suos
1135 1125 1202 1180 de
1231 1125 1487 1195 praesenti
1517 1124 1864 1181 tribulatione

274 1214 597 1281 sublevabit,
633 1229 876 1284 sequitur
911 1233 924 1269 :

343 1303 510 1373 Capit.
546 1322 564 1354 ι
597 1303 735 1370 Quia
766 1320 877 1359 non
916 1306 1130 1377 repellit
1167 1307 1221 1362 in
1253 1309 1641 1378 sempiternum
1675 1310 1858 1365 Domi-

275 1418 294 1450 ι
324 1413 444 1453 nus.
475 1417 494 1449 ι

345 1488 511 1557 Caph.
544 1507 562 1540 ι
594 1488 729 1556 Quia
759 1490 805 1545 si
834 1489 1031 1559 abjecit
1067 1501 1124 1547 et
1162 1494 1530 1560 miserebitur,
1560 1497 1858 1552 secundum

274 1595 294 1630 ο
322 1577 720 1635 multitudinem
745 1581 1238 1637 misericordiarum
1261 1599 1543 1639 suarumn
1572 1584 1691 1640 Non
1712 1587 1859 1642 enim

266 1668 322 1723 in
362 1671 748 1740 sempiternum
785 1661 998 1743 repellit
1031 1673 1295 1731 Dominus
1323 1692 1417 1732 eos
1446 1678 1538 1748 qui
1578 1692 1637 1733 se
1680 1680 1853 1734 corri-

265 1767 400 1831 gere
421 1760 605 1816 volunt
641 1770 696 1818 et
729 1764 983 1819 cohibere
1029 1779 1062 1819 a
1088 1767 1327 1836 peccatis
1369 1786 1381 1820 :
1414 1769 1542 1838 quia
1576 1769 1623 1825 si
1653 1769 1853 1840 abjecit

1968 577 2251 632 subvenire
2276 579 2646 647 peccantibus.
2683 579 2787 635 Sed
2813 592 2874 638 ut
2901 585 3064 638 totius
3083 588 3363 641 sententiae
3381 589 3555 646 virtus

1965 666 2136 736 possit
2163 667 2411 738 intelligi,
2445 671 2684 725 breviter
2710 672 2995 727 dicendum
3024 683 3144 729 est:
3182 675 3239 731 Si
3273 676 3354 732 fas
3383 691 3466 734 est
3493 690 3557 734 ut

1966 759 2166 813 cmlum’
2190 776 2298 814 non
2329 763 2604 831 cooperiat
2630 771 2826 829 terras,
2856 773 3033 835 potest
3063 767 3179 821 fieri
3209 776 3268 822 ut
3293 769 3554 826 Dominus

1967 865 2070 906 non
2099 858 2346 922 protegat
2376 842 2478 907 sibi
2505 854 2797 922 purissime
2819 856 3135 911 servientes.

2038 940 2204 1010 Caph.
2240 963 2257 994 ‹
2292 944 2408 999 Non
2438 945 2582 999 enim
2611 946 2916 1002 humiliavit
2943 965 3009 1003 ex
3039 951 3204 1006 corde
3231 968 3349 1018 suo,
3378 962 3432 1007 et
3462 956 3554 1010 ab-

1973 1050 1989 1081 ι
2016 1015 2150 1100 jecit
2199 1032 2339 1089 filios
2387 1036 2688 1091 hominum.
2721 1057 2739 1088 ι
2803 1037 3096 1109 (Maenas)
3142 1041 3260 1097 Non
3296 1045 3439 1099 enim
3476 1046 3551 1100 ita

1966 1123 2208 1192 despexit
2239 1125 2502 1182 Dominus
2532 1145 2596 1182 ex
2626 1130 2789 1184 corde
2822 1145 2922 1185 suo
2949 1148 3118 1204 genus
3150 1135 3463 1202 humanum,
3499 1147 3553 1192 et

1963 1214 2159 1285 abjecit
2186 1232 2217 1271 a
2246 1222 2631 1298 procuratione
2664 1223 2840 1278 solatii
2880 1225 2962 1280 sui
2986 1266 3000 1292 ,
3048 1235 3106 1280 ut
3154 1227 3292 1282 ultra
3331 1239 3553 1298 propter

1966 1309 2426 1377 transgressiones
2470 1297 2606 1366 nolit
2644 1328 2833 1367 eorum
2876 1330 3063 1369 curam
3109 1316 3311 1372 habere
3355 1327 3409 1374 et
3450 1334 3552 1390 ope

1963 1398 2180 1467 pietatis
2202 1414 2313 1455 sua:
2341 1409 2679 1458 sustentare:
2705 1406 2797 1459 sed
2827 1416 3048 1475 propter
3074 1408 3370 1463 bonitatem
3398 1426 3552 1465 suam

1962 1488 2190 1542 sustinet
2217 1505 2311 1545 eos
2343 1491 2398 1544 in
2428 1493 2596 1548 multa
2623 1495 2884 1563 patientia
2914 1513 3009 1552 sua
3030 1539 3044 1562 ,
3083 1508 3145 1554 ut
3181 1500 3250 1556 de
3275 1503 3418 1556 vasis
3454 1503 3552 1557 iraa

1960 1574 2156 1634 efﬁciat
2184 1596 2312 1635 vasa
2347 1583 2767 1652 misericordiie,
2799 1587 2929 1657 quia
2951 1589 3270 1646 misericors
3298 1603 3354 1646 et
3382 1592 3549 1648 mise-

1961 1679 2107 1725 rator
2144 1671 2426 1740 Dominus,
2474 1677 2688 1746 patiens
2724 1686 2779 1732 et
2821 1679 3051 1757 multum
3091 1683 3421 1759 misericors.
3471 1684 3552 1740 De

1959 1775 2065 1829 quo
2103 1761 2207 1816 alia
2255 1761 2535 1833 Scriptura
2576 1767 2742 1822 dicit:
2779 1787 2797 1819 α
2830 1752 3103 1826 Misereris
3150 1758 3413 1841 omnium,
3439 1775 3549 1831 Do-

262 1850 331 1903 ad
379 1857 609 1934 tempus,
656 1862 712 1908 et
752 1855 912 1924 digne
942 1857 1142 1927 corripi
1175 1858 1243 1912 ab
1273 1859 1519 1914 hostibus
1562 1876 1684 1916 reos
1726 1877 1837 1932 per-

1958 1853 2126 1919 mine,
2171 1856 2298 1924 quia
2336 1859 2518 1912 omnia
2557 1868 2732 1931 potes,
2761 1871 2817 1915 et
2845 1863 3173 1920 dissimulas
3197 1876 3419 1934 peccata
3451 1869 3550 1925 ho-

261 1940 449 2005 misit,
516 1932 710 1997 iterum
763 1947 1044 2001 cenversis
1098 1948 1392 2007 secundum
1454 1951 1853 2008 multitudinem

261 2033 758 2090 rnisericordiarum
799 2053 1020 2093 suarum
1057 2039 1382 2096 beneficium
1421 2052 1664 2112 praastat.
1716 2044 1854 2101 Huic

258 2124 440 2180 simile
462 2134 548 2181 est
573 2126 725 2194 illud,
749 2130 893 2199 quod
915 2114 970 2183 in
991 2130 1220 2185 Psalmis
1242 2133 1412 2188 David
1432 2135 1508 2187 ait
1532 2133 1706 2205 (Psal.
1721 2136 1848 2208 cn):

265 2234 285 2267 ς
314 2215 433 2272 Non
471 2217 525 2272 in
564 2219 726 2275 ﬁnem
757 2220 1022 2276 irascetur
1050 2221 1342 2289 Dominus,
1389 2239 1563 2295 neque
1600 2227 1654 2280 in
1694 2236 1852 2282 aeter-

254 2321 386 2362 num
437 2310 825 2380 indignabitur.
878 2311 996 2367 Non
1048 2315 1346 2391 secundum
1394 2325 1615 2386 peccata
1664 2327 1851 2375 nostra

253 2394 386 2453 fecit
419 2399 596 2466 nobis,
624 2403 1126 2470 neque‘secundum
1169 2404 1481 2474 iniquitates
1515 2416 1730 2462 nostras
1764 2424 1850 2464 re-

255 2488 447 2544 tribuit
494 2490 689 2546 nobis:
737 2492 864 2562 quia
911 2492 1208 2548 secundum
1258 2494 1598 2551 altitudinem
1647 2497 1769 2554 (ιωῙὶ
1816 2514 1848 2553 a

254 2587 403 2635 terra
432 2581 775 2638 confirmavit
811 2567 1074 2640 Dominus
1109 2585 1541 2665 misericordiam
1572 2605 1728 2645 suam
1756 2605 1848 2643 su-

249 2683 350 2740 per
380 2670 633 2727 timentes
671 2687 816 2728 eum.
848 2693 867 2726 ι
918 2668 1208 2748 (ϐαεείόά.)
1253 2675 1364 2733 illis
1392 2679 1614 2735 scilicet
1646 2696 1755 2736 non
1791 2683 1845 2736 in

250 2760 416 2817 ﬁnem
450 2764 735 2832 irascetur,
777 2767 868 2838 qui
903 2769 1094 2824 devota
1128 2769 1496 2828 satisfactione
1525 2775 1844 2845 semetipsos

249 2865 606 2926 cognoscunt,
650 2857 743 2928 qui
786 2859 855 2913 ad
898 2874 1024 2918 eum
1060 2846 1237 2916 redire
1273 2862 1542 2936 diligunt,
1592 2867 1682 2936 qui
1727 2867 1843 2922 ille—

249 2946 443 3002 cebras
463 2949 643 3004 saeculi
666 2965 787 3005 cum
811 2967 910 3007 suo
931 2961 1151 3010 auctore
1171 2965 1548 3014 contemnunt.
1566 2960 1608 3015 E
1628 2971 1837 3031 contra,

247 3025 356 3090 illis
384 3037 440 3090 in
469 3037 632 3093 finem
670 3040 936 3108 irascetur
960 3043 1156 3112 quibus
1186 3047 1431 3102 dicturus
1461 3039 1584 3104 est:
1619 3070 1637 3102 ‹
1668 3029 1745 3105 Ite

244 3127 428 3199 ignem
477 3140 739 3186 internum
790 3132 1003 3205 (Matth.
1044 3135 1194 3207 xxv).
1229 3156 1248 3188 ι
1309 3137 1500 3209 Magna
1551 3140 1839 3197 infelicitas

1958 1947 2164 2000 minum
2205 1958 2428 2019 propter
2471 1953 2872 2020 paenitentiam.
2941 1956 3130 2028 Diligis
3175 1961 3320 2014 enim
3367 1963 3550 2019 omnia

1956 2049 2076 2103 qua:
2108 2047 2254 2103 sunt,
2304 2049 2361 2094 et
2402 2040 2538 2095 nihil
2587 2043 2749 2098 odisti
2795 2045 2985 2100 horum
3032 2063 3154 2117 quae
3200 2048 3397 2117 fecisti,
3447 2066 3548 2108 nec

1953 2125 2098 2179 enim
2137 2129 2326 2184 adiens
2369 2130 2573 2199 aliquid
2612 2135 2939 2189 constituis“
2984 2134 3157 2207 (Psal.
3185 2154 3376 2207 cxuv;
3415 2141 3543 2213 Sap.

1951 2215 2054 2288 ιι).
2084 2237 2105 2269 ι
2156 2220 2435 2285 Quomodo
2476 2231 2656 2277 autem
2703 2236 2886 2294 posset
2931 2226 3134 2297 aliquid
3178 2245 3542 2302 permanere,

1952 2309 2056 2363 nisi
2113 2318 2169 2362 tu
2219 2310 2534 2367 voluisses?
2594 2313 2705 2367 Aut
2753 2316 2896 2384 quod
2954 2331 2986 2370 a
3038 2326 3092 2373 te
3136 2330 3387 2378 vocatum
3435 2341 3544 2382 non

1951 2407 2099 2453 esset
2138 2403 2597 2458 conservaretur?
2640 2404 2826 2462 Parcis
2866 2416 3049 2464 autem
3094 2413 3367 2480 omnibus,
3409 2432 3546 2485 quo-

1952 2487 2098 2542 niam
2143 2497 2234 2544 tua
2277 2500 2422 2556 sunt,
2447 2493 2706 2560 Domine,
2756 2497 2848 2564 qui
2893 2499 3104 2556 animas
3147 2516 3318 2569 amas.
3367 2504 3545 2563 bonus

1948 2587 2004 2632 et
2049 2580 2230 2633 suavis
2283 2591 2386 2648 est,
2429 2582 2676 2656 Domine,
2720 2586 2945 2655 spiritus
2987 2597 3114 2645 tuus
3166 2592 3221 2646 in
3265 2596 3538 2665 omnibus,

1948 2680 2172 2737 propter
2220 2672 2363 2738 quod
2405 2672 2507 2728 hos
2549 2675 2643 2744 qui
2688 2687 2946 2733 exerrant
2990 2683 3236 2751 partibus
3286 2688 3539 2759 corripis,

1948 2766 2002 2814 et
2047 2759 2112 2814 de
2157 2761 2354 2831 quibus
2397 2776 2624 2834 peccant
2661 2769 2958 2826 admonens
3003 2772 3311 2843 alloqueris,
3352 2790 3412 2832 ut
3456 2796 3543 2836 re-

1945 2850 2070 2909 licta
2094 2853 2299 2907 malitia
2339 2869 2528 2909 eorum
2565 2859 2789 2914 credant
2825 2861 2880 2915 in
2910 2871 2979 2929 te,
3009 2863 3254 2921 Domine.
3301 2869 3538 2928 Proinde

1945 2942 2091 2996 nullo
2116 2944 2274 2999 modo
2298 2947 2678 3003 aastimandum
2713 2961 2816 3017 est,
2865 2957 3008 3023 quod
3051 2970 3266 3014 creator
3305 2963 3541 3021 clemen-

1945 3033 2186 3089 tissimus
2227 3049 2388 3091 causa
2432 3040 2503 3093 sit
2537 3042 2855 3109 perditionis
2895 3046 3173 3104 hominum
3201 3052 3530 3124 iniquorum,

1944 3123 2035 3192 qui
2078 3125 2147 3179 ad
2191 3126 2360 3180 Deum
2399 3143 2495 3198 per
2527 3133 2902 3199 paenitentiam
2942 3137 3234 3195 noluerunt
3264 3148 3532 3213 converti,

245 3222 427 3291 perire
472 3223 573 3277 sub
617 3223 706 3293 pio
749 3223 997 3280 Domino.
1057 3226 1136 3280 Ne
1168 3228 1353 3283 tardas
1379 3229 1453 3284 illi
1484 3231 1832 3297 satisfacere,

1944 3215 2035 3269 sed
2077 3220 2452 3288 unusquisque
2497 3221 2552 3275 in
2593 3234 2820 3292 peccato
2861 3243 2958 3281 suo
3002 3229 3281 3287 interibit:
3319 3253 3338 3286 ι
3366 3235 3532 3292 Funi-

243 3313 333 3368 cui
365 3321 416 3370 te
431 3316 714 3385 cognoscis
728 3331 962 3384 errasse,
987 3320 1224 3375 maxime
1245 3312 1366 3377 cum
1387 3325 1829 3393 supplicationem

243 3412 393 3459 tuam
439 3421 662 3462 vacuam
711 3425 821 3465 non
870 3411 1094 3476 sentias,
1128 3413 1175 3468 si
1223 3422 1404 3470 tamen
1450 3431 1573 3471 eam
1621 3418 1832 3490 integro

241 3494 426 3549 animo
462 3505 516 3551 te
549 3497 810 3553 obtulisse
834 3514 1166 3571 cognoscas.
1215 3502 1401 3558 Potest
1431 3506 1537 3561 hoc
1563 3516 1618 3561 et
1645 3509 1711 3563 de
1737 3524 1833 3579 po—

238 3584 370 3654 pulo
408 3583 634 3640 Judaico
675 3589 865 3643 sentiri
888 3630 904 3656 ,
952 3605 1115 3660 quem
1152 3598 1577 3653 convertendum
1615 3610 1833 3656 constat

241 3675 298 3730 in
327 3675 434 3731 ﬁne
462 3678 664 3732 saeculi.
703 3679 780 3734 De
808 3696 915 3750 quo
942 3691 998 3736 et
1021 3682 1314 3754 Apostolus
1344 3687 1477 3742 dicit
1501 3708 1514 3744 :
1551 3708 1570 3741 ‹
1603 3689 1830 3749 Caecitas

239 3780 306 3821 ex
336 3776 488 3835 parte
519 3769 573 3823 in
599 3768 762 3825 Israel
796 3773 1053 3844 contigit,
1089 3782 1148 3829 ut
1175 3776 1451 3844 plenitudo
1478 3781 1718 3850 gentium
1748 3773 1830 3848 in-

241 3858 453 3923 troiret,
490 3866 545 3912 et
575 3860 656 3915 sic
680 3863 856 3918 omnis
885 3862 1049 3919 Israel
1075 3867 1258 3922 salvus
1285 3868 1439 3925 fieret
1466 3871 1642 3943 (Rom.
1671 3875 1770 3946 x1).
1802 3897 1819 3928 ι

238 3937 396 4014 Quod
437 3958 616 4004 autem
652 3952 816 4017 dicit,
849 3973 868 4005 ‹
901 3969 1008 4009 non
1044 3959 1342 4014 secundum
1381 3937 1603 4030 peccata
1639 3937 1826 4022 nostra

238 4034 368 4092 fecit
405 4039 588 4112 nobis,
631 4061 649 4093 ι
702 4045 968 4099 sententia
998 4050 1266 4121 generalis
1312 4060 1427 4118 est,
1482 4057 1609 4124 quia
1663 4073 1824 4115 nemo

236 4134 326 4182 est
359 4130 449 4196 qui
479 4129 599 4198 ejus
629 4133 857 4202 gratiam
892 4137 1062 4205 gratis
1091 4153 1196 4191 non
1221 4139 1436 4205 habeat,
1471 4145 1596 4197 dum
1619 4145 1702 4200 lex
1726 4149 1824 4204 sub

235 4227 462 4290 peccato
491 4231 686 4292 cuncta
715 4223 1027 4291 concludat,
1066 4228 1206 4282 sicut
1238 4238 1464 4285 testatur
1494 4232 1819 4302 Apostolus:

241 4328 262 4362 ι
291 4309 483 4366 Omnia
515 4315 780 4370 conclusit
813 4316 955 4372 Deus
983 4319 1036 4372 in
1069 4320 1467 4390 ineredulitate,
1498 4337 1556 4380 ut
1582 4331 1822 4384 omnium

236 4403 590 4463 misereretur
637 4404 813 4476 (Rom.
863 4409 964 4478 ιι).
1010 4428 1029 4460 ι
1089 4411 1179 4465 Ille
1232 4421 1410 4468 tamen
1463 4421 1823 4474 communiter

231 4491 392 4548 bonis
443 4495 703 4566 malisque
750 4499 1000 4568 spiritum
1053 4504 1254 4569 donat,
1313 4507 1540 4563 salutem
1591 4512 1817 4579 tribuit,

1936 3305 2073 3365 culis
2118 3309 2262 3363 enim
2306 3321 2655 3381 peccatorum
2709 3332 2930 3373 suorum
2977 3324 3352 3396 unusquisque
3395 3343 3527 3384 con-

1934 3397 2244 3468 stringitur,
2281 3410 2339 3455 et
2379 3402 2560 3459 anima
2595 3420 2716 3475 quae
2757 3412 3065 3477 peccaverit
3104 3415 3221 3484 ipsa
3263 3419 3528 3475 morietur

1935 3484 2120 3556 (Prov.
2165 3505 2230 3554 v,
2282 3490 2476 3547 Ezech.
2524 3497 2703 3568 xvtn).
2754 3516 2773 3549 ι
2834 3497 3105 3573 [Ηὶενοη.]
3150 3504 3303 3572 Quod
3342 3517 3526 3565 autem

1932 3580 2145 3636 vincula
2186 3583 2436 3640 dicantur
2475 3601 2595 3642 esse
2639 3599 2862 3658 peccata
2906 3594 3152 3650 crebrius
3199 3597 3449 3668 legimus,
3494 3617 3527 3658 e

1932 3673 2128 3743 quibus
2179 3674 2311 3729 illud
2354 3675 2695 3752 Psalmistae:
2735 3699 2753 3732 ‹
2789 3681 2968 3738 Funes
3014 3696 3365 3754 peccatorum
3411 3691 3524 3745 eir—

1931 3763 2199 3833 cumplexi
2236 3775 2361 3820 sunt
2398 3783 2485 3822 me
2511 3767 2685 3841 (Psal.
2713 3773 2922 3844 cxvut).
2959 3792 2978 3825 ›
3023 3774 3091 3828 Et
3124 3777 3327 3834 Isaias:
3361 3782 3522 3848 «Nae,

1930 3853 2143 3923 inquit,
2195 3861 2286 3927 qui
2337 3861 2559 3915 trahunt
2600 3872 2822 3931 peccata
2869 3874 3126 3936 tanquam
3169 3869 3350 3927 funem
3400 3874 3519 3928 Ion--

1929 3959 2074 4015 gum.
2098 3965 2118 3998 ι
2153 3947 2221 4001 Ει
2245 3947 2507 4005 Dominus
2530 3967 2763 4024 arguens
2803 3956 3057 4025 populum
3092 3960 3517 4031 delinquentem,

1928 4038 2019 4103 qui
2057 4047 2276 4105 peccata
2310 4042 2552 4108 peccatis
2589 4048 2963 4115 conjungendo
3008 4050 3345 4117 sociaverat,
3393 4054 3519 4109 fecit

1926 4127 2194 4198 ﬂagellum
2241 4131 2307 4186 de
2348 4130 2622 4200 funiculis,
2670 4138 2962 4191 ostendens
3009 4140 3089 4194 eis
3116 4145 3390 4209 quomodo
3425 4146 3520 4199 do—

1928 4234 2072 4271 mum
2114 4220 2212 4274 Dei
2257 4220 2517 4275 fecissent
2553 4223 2863 4291 speluncam
2903 4227 3196 4295 latronum,
3239 4241 3293 4286 et
3330 4235 3516 4291 sedem

1926 4310 2187 4364 orationis
2227 4312 2518 4367 vertissent
2558 4314 2613 4368 in
2658 4316 2876 4371 domum
2921 4322 3302 4391 negotiationis
3329 4327 3512 4399 (Joan.

1925 4399 2010 4479 ιι).
2058 4401 2318 4460 Convivia
2353 4425 2568 4480 quoque
2603 4426 2774 4470 ctente
2822 4415 3119 4474 Dominica:
3156 4431 3360 4476 vestem
3408 4442 3516 4481 non

1924 4493 2130 4550 habens
2170 4499 2466 4567 nuptialem
2508 4504 2800 4573 ingressus,
2828 4509 3023 4566 vinctis
3054 4514 3282 4581 pedibus
3308 4531 3373 4570 ac
3402 4534 3518 4572 ma-

233 4585 560 4656 indigentias
587 4589 798 4656 adimit,
830 4600 884 4646 et
911 4595 1241 4663 generaliter
1267 4598 1441 4654 bonus
1471 4610 1576 4667 est,
1609 4605 1819 4660 scilicet
1849 4571 1900 4631 Β
1927 4586 2086 4643 “ibus
2127 4589 2342 4657 ejiCil‘”
2385 4593 2438 4646 ίη
2487 4596 2736 4651 ωηεδνθδ
2779 4602 3096 4658 θκιθτίοτθεο
3148 4605 3214 4658 Ει
3253 4608 3516 4665 Βοπιίιιυδ

229 4676 489 4743 quoniam
507 4679 928 4747 supplicantibus
945 4685 1016 4737 ita
1032 4686 1151 4754 pius
1170 4697 1274 4752 est,
1289 4698 1346 4741 ut
1367 4698 1492 4744 tunc
1507 4693 1678 4762 magis
1693 4712 1817 4750 eum

232 4763 486 4834 dignetur
531 4767 830 4836 absolvere,
854 4775 1068 4841 quando
1117 4777 1383 4832 studuerit
1425 4784 1813 4854 unusquisque,
1834 4798 1848 4829 -’

230 4854 475 4910 adhibita
523 4857 928 4928 satisfactione,
970 4867 1317 4936 semetipsum
1365 4871 1641 4929 damnare.
1683 4877 1842 4932 Illud

231 4957 363 5015 ergo
390 4947 531 5015 quod
573 4949 769 5005 dicitur
798 4961 948 5008 tanto
985 4955 1244 5024 majorem
1273 4975 1394 5016 esse
1425 4979 1452 5016 a
1482 4963 1690 5022 meritis
1718 4984 1812 5024 eo-

231 5050 352 5094 rum
381 5039 806 5099 miserieordiam
837 5045 1073 5114 Domini,
1100 5066 1262 5120 quam
1293 5056 1541 5112 retribuit
1568 5059 1816 5118 ﬁdelibus

229 5127 366 5194 suis,
397 5141 656 5198 quantum
686 5143 862 5204 potest
893 5153 922 5191 a
955 5147 1099 5193 terra
1127 5141 1250 5197 coeli
1281 5147 1565 5204 summitas
1593 5151 1813 5219 elevari,

228 5217 360 5274 illud
399 5220 695 5291 significat,
729 5229 856 5307 quia
888 5230 1027 5287 sicut
1059 5233 1255 5288 caelum
1296 5247 1468 5293 terras
1497 5243 1674 5310 aperit
1697 5283 1710 5309 ,
1761 5217 1816 5300 et

226 5308 590 5378 cmnpetentia
632 5315 893 5372 beneﬁcia
941 5324 1274 5391 temporibtts
1307 5328 1421 5383 suis
1462 5308 1668 5385 homini
1717 5336 1812 5389 tri-

222 5397 378 5468 buit,
422 5404 582 5460 modo
620 5406 828 5475 pluvias
859 5411 1147 5481 inﬂuendo,
1190 5420 1348 5473 modo
1392 5430 1700 5490 praestando
1729 5444 1810 5484 se-

222 5504 385 5558 rena,
414 5496 575 5551 modo
601 5497 776 5569 ipsum
808 5517 984 5556 aerem
1012 5507 1188 5562 ventis
1215 5510 1584 5569 saluberrimis
1611 5524 1812 5588 tempe-

223 5581 419 5650 rando,
448 5586 524 5642 ita
561 5597 618 5643 et
655 5591 1028 5649 misericordia
1064 5597 1274 5654 Domini
1303 5600 1578 5671 fragilitati
1613 5618 1810 5665 nostrze

223 5674 473 5729 noscitur
498 5678 709 5736 diversa
752 5683 1010 5742 beneficia
1052 5698 1328 5757 praestare.
1385 5692 1626 5753 Sustinet
1665 5702 1807 5755 enim

224 5775 288 5819 ut
322 5768 586 5840 corrigat,
622 5772 857 5844 ﬂagellat
885 5787 940 5831 ut
969 5781 1213 5848 erudiat,
1244 5784 1438 5852 probat
1472 5797 1528 5843 ut
1557 5801 1806 5861 praestet,

1925 4684 2073 4736 venit
2114 4693 2172 4736 ut
2210 4685 2297 4739 his
2323 4687 2414 4755 qui
2456 4699 2614 4743 erant
2655 4691 2707 4744 in
2735 4692 2961 4750 vinculis
2987 4695 3212 4764 diceret,
3243 4699 3428 4765 Exite,
3459 4712 3514 4757 ct

1925 4775 2018 4845 qui
2059 4778 2415 4832 versabantur
2451 4780 2504 4836 in
2535 4784 2792 4849 tenebris,
2824 4786 3174 4844 Itevelamini.
3218 4790 3336 4861 Ipse
3365 4795 3511 4849 enim

1929 4886 1946 4918 ι
1979 4866 2140 4921 solvit
2169 4872 2523 4939 compeditos,
2561 4883 2615 4928 et
2650 4876 2919 4932 illuminat
2957 4895 3147 4936 caecos.
3179 4903 3197 4936 ι
3251 4884 3396 4951 Quos
3422 4888 3510 4944 hic

1921 4957 2185 5017 Jeremias
2225 4965 2434 5020 vinctos
2477 4975 2635 5022 terrae
2676 4982 2951 5042 nuncupat
2987 4975 3169 5032 dicens
3202 4995 3215 5030 :

1990 5051 2214 5109 Lamed.
2232 5074 2250 5106 ι
2278 5057 2341 5112 Ut
2358 5068 2664 5116 contereret
2682 5064 2782 5118 sub
2799 5066 3023 5134 pedibus
3047 5068 3160 5124 suis
3175 5084 3363 5126 omnes
3389 5075 3508 5130 vin-

1925 5162 1943 5194 ‹
1981 5134 2096 5200 etes
2123 5155 2300 5202 terrm.
2335 5169 2352 5200 ›
2385 5149 2461 5204 Ne
2494 5152 2745 5222 plangent
2786 5172 2909 5221 eos,
2940 5160 3032 5227 qui
3060 5175 3288 5228 peccare
3319 5179 3501 5234 corpe-

1917 5247 2072 5302 rant,
2097 5241 2388 5312 statimque
2429 5244 2718 5300 desierant.
2760 5267 2777 5297 ‹
2812 5247 2925 5302 Νοη
2959 5260 3041 5305 est
3066 5253 3209 5306 enim
3233 5255 3319 5308 vir
3340 5272 3504 5327 super

1917 5345 2116 5388 terram
2145 5336 2233 5403 qui
2261 5334 2424 5392 faciat
2463 5342 2697 5406 bonum,
2752 5351 2807 5396 et
2855 5344 3141 5414 aliquando
3181 5364 3284 5404 non
3315 5364 3506 5418 peccet

1918 5426 2088 5497 (Eccl.
2106 5426 2223 5499 vn),
2245 5448 2266 5480 θ
2287 5433 2378 5486 sed
2407 5435 2497 5501 qui
2525 5433 2681 5505 longo
2709 5434 2945 5491 funiculo
2971 5452 3194 5508 peccata
3219 5451 3501 5512 protraxe-

1917 5521 2005 5575 rit.
2047 5521 2196 5577 Unde
2221 5531 2273 5577 et
2300 5525 2353 5578 in
2378 5525 2628 5581 Num‘eris
2651 5527 2874 5599 legimus
2895 5531 3082 5601 (Num.
3102 5535 3214 5603 xix)
3233 5551 3246 5588 :
3267 5535 3502 5592 Vaecam

1918 5612 2124 5677 rufam,
2156 5610 2308 5680 cuius
2339 5617 2476 5671 cinis
2515 5619 2753 5688 expiatio
2803 5632 2886 5678 est
2932 5625 3141 5694 populi,
3190 5641 3296 5681 non
3340 5628 3501 5684 aliter

1917 5703 2181 5758 immolari
2213 5713 2267 5758 et
2293 5704 2473 5761 oﬂ'erri
2506 5709 2572 5764 ad
2613 5711 2785 5766 altare
2822 5713 3063 5780 Domini,
3105 5718 3205 5772 nisi
3237 5736 3357 5789 qua:
3389 5729 3500 5776 ter-

1916 5810 2042 5850 rena
2070 5811 2236 5865 opera
2264 5812 2370 5852 non
2398 5798 2609 5869 fecerit,
2635 5803 2931 5874 jugumque
2959 5822 3067 5863 non
3103 5811 3367 5879 traxerit,
3396 5827 3498 5868 nec
