3952 6326
454 330 590 386 1231

1104 328 1164 381 Β.
1207 323 1462 382 RABANI
1499 322 1722 382 MAURI
1754 318 2076 378 ARCHIEP.
2116 317 2427 377 MOGUNT.
2469 318 2754 379 OPERUM
2791 320 2972 378 PARS
3009 323 3094 377 Ill.

3607 325 3750 381 123i

453 441 687 502 vinculis
712 439 828 513 jugi
857 437 1354 495 Nabuchodonosor
1401 437 1579 494 fuerat
1621 436 1859 506 alligata.
1891 433 1958 488 Et
1989 433 2045 487 in
2071 436 2125 495 Α
2149 433 2428 504 quippiam
2454 433 2636 489 videat
2655 441 2711 488 et
2733 433 3075 489 reverberata
3100 435 3522 501 contremiscat;
3547 445 3602 492 et
3624 437 3748 507 quia

452 539 592 595 Isaia
625 538 894 610 propheta
937 549 1038 604 pro
1081 532 1300 603 cingulo
1338 532 1589 587 veritatis
1623 530 1747 586 ﬁliae
1778 528 1909 584 Sion
1935 528 2050 582 cin-

454 638 655 701 guntur
685 628 925 684 funiculo
957 625 1095 696 (Isa.
1119 624 1226 695 ιιι).
1251 621 1542 694 Ahitophel
1570 635 1785 692 quoque
1807 629 1863 674 et
1887 618 2051 674 Iudas

453 737 686 791 quorum
735 720 873 775 alter
913 718 1117 784 David,
1165 717 1304 772 alter
1358 716 1650 787 Dominum
1693 712 2052 784 prodiderunt

454 812 510 884 (Ι
513 811 543 866 Ι
549 811 679 882 Reg.
691 825 833 876 xvn;
847 808 1020 864 Matth
1030 849 1043 862 .
1056 807 1234 880 xxvu)
1244 848 1258 873 ,
1281 807 1410 862 fune
1431 803 1748 876 longissimo
1771 803 2050 857 trahentes

451 912 677 976 peccata
735 918 835 959 sua
889 901 1105 972 periere
1160 899 1489 970 suspendio,
1539 903 1794 967 putantes
1851 893 2052 948 malum

452 994 802 1050 conscientiae
840 990 1100 1063 praesenti
1127 999 1303 1046 morte
1340 988 1516 1053 finiri,
1543 995 1599 1042 et
1622 985 1758 1040 nihil
1786 998 1907 1040 esse
1931 993 2055 1054 post

453 1096 710 1143 mortem.
740 1083 970 1158 (Μλιιιι.)
1000 1083 1216 1138 Domini
1237 1082 1383 1138 enim
1409 1076 1675 1156 judicium
1707 1077 1856 1133 nullo
1893 1075 2054 1136 modo

453 1177 683 1244 errabit,
705 1191 809 1232 nec
838 1172 1048 1246 aliquid
1063 1173 1125 1228 ﬁt
1154 1174 1210 1227 in
1239 1181 1386 1228 terra
1415 1171 1533 1226 sine
1558 1184 1744 1226 causa.
1768 1169 2054 1224 Neminem

452 1267 655 1338 injuste
687 1267 943 1330 damnat,
973 1263 1250 1318 neminem
1279 1262 1525 1334 spernit,
1562 1261 1947 1328 neminemque
1977 1259 2057 1312 in-

454 1359 635 1415 debite
665 1356 931 1428 relinquit
971 1373 984 1408 :
1014 1355 1144 1428 quia
1173 1354 1356 1410 omnia
1395 1367 1624 1408 numero
1646 1393 1662 1419 ,
1709 1365 1966 1406 mensura
2001 1357 2058 1404 et

450 1448 696 1518 pondere
725 1447 987 1518 disponit,
1020 1446 1240 1502 ordinat
1267 1452 1434 1515 atque
1463 1445 1761 1515 gubernat,
1801 1456 1904 1496 nec
1947 1440 2056 1496 ullo

452 1539 618 1594 modo
643 1537 976 1594 credendum
1011 1543 1096 1591 est
1118 1575 1134 1602 ,
1167 1535 1312 1605 quod
1333 1534 1535 1602 aliquid
1561 1545 1660 1604 per
1687 1531 2055 1604 ignorantiam

453 1630 698 1685 auctoris
726 1628 814 1683 sui
835 1627 1120 1696 contingat
1157 1625 1210 1679 in
1245 1625 1410 1680 rebus
1447 1623 1720 1689 humanis,
1747 1623 1902 1693 juxta
1946 1622 2056 1676 ha:-

453 1721 748 1776 reticorum
776 1717 1108 1789 opinionem,
1135 1715 1280 1785 quod
1303 1729 1538 1785 sequens
1558 1714 1830 1770 sententia
1857 1726 2054 1768 sonare

451 1809 685 1864 videtur.

523 1898 744 1954 Lamed.
770 1916 791 1952 ‹
819 1898 892 1957 Ut
911 1897 1211 1955 declinaret
1227 1895 1494 1967 judicium
1518 1898 1646 1966 viri,
1676 1897 1734 1953 in
1763 1903 2058 1968 conspectu

457 2007 478 2043 ε
516 1992 700 2048 vultus
725 1992 1013 2048 Altissimi.
1051 2012 1068 2045 ι

522 2081 744 2137 Lamed.
776 2101 796 2136 ι
839 2082 906 2139 Ut
931 2092 1271 2152 perverteret
1307 2085 1589 2141 hominem
1618 2083 1672 2139 in
1696 2080 1905 2151 judicio
1934 2093 2056 2148 suo,

459 2191 478 2226 ε
509 2173 775 2230 Dominus
804 2173 1091 2245 ignoravit.
1125 2195 1144 2227 ι
1173 2175 1310 2232 Huic
1339 2191 1556 2247 quoque
1579 2160 1759 2230 simile
1787 2183 1891 2240 est,
1915 2173 2058 2243 quod

453 2266 510 2322 in
530 2266 669 2322 libro
693 2264 796 2322 Job
820 2268 874 2321 in
895 2266 1119 2338 Eliphaz
1143 2268 1327 2324 verbis
1351 2267 1675 2340 legitur,'ubi
1700 2267 1774 2322 ita
1797 2264 2058 2338 scriptum

451 2364 540 2412 est
570 2372 585 2409 :
620 2374 640 2408 ι
668 2356 753 2412 An
780 2372 889 2412 non
915 2358 1143 2428 cogitas,
1182 2360 1327 2427 quod
1351 2359 1494 2413 Deus
1521 2359 1789 2413 excelsior
1818 2356 1977 2421 coelo,
2005 2364 2060 2411 et

454 2460 619 2525 super
667 2445 947 2501 stellarum
997 2447 1258 2502 verticem
1304 2446 1630 2502 sublimetur
1679 2445 1824 2517 (Job.
1869 2445 2060 2516 xxii)?

451 2536 522 2592 Et
551 2538 700 2593 dices
735 2557 748 2592 :
783 2539 927 2604 Quid
955 2540 1101 2593 enim
1139 2541 1290 2594 novit
1327 2541 1488 2606 Deus,
1518 2547 1575 2593 et
1604 2541 1760 2610 quasi
1802 2553 1901 2609 per
1927 2539 2060 2594 cali-

455 2627 637 2697 ginem
657 2627 869 2698 judicat
901 2629 1092 2695 nubes,
1127 2629 1413 2685 latibulum
1441 2631 1560 2702 ejus
1589 2645 1693 2686 nec
1716 2639 1906 2686 nostra
1929 2645 2060 2686 con-

455 2719 681 2784 siderat,
703 2729 761 2774 et
781 2720 931 2775 circa
976 2720 1228 2775 cardines
1255 2721 1379 2777 coeli
1406 2721 1781 2795 perambulat?
1803 2741 1823 2774 )
1852 2719 2058 2793 (Greg.)

456 2810 595 2866 Sunt
621 2810 871 2882 plerique
898 2811 972 2865 ita
996 2812 1222 2866 hebetes
1251 2820 1312 2865 ut
1336 2812 1634 2868 formidare
1660 2812 1924 2879 nesciant,
1951 2811 2055 2865 nisi

454 2901 600 2970 quod
649 2900 1007 2971 corporaliter
1049 2901 1277 2957 vident:
1320 2902 1465 2956 unde
1509 2900 1572 2956 fit
1618 2911 1677 2956 ut
1723 2902 1892 2956 Deum
1945 2916 2058 2956 non

455 3001 722 3058 metuant,
757 3007 921 3063 quem
951 2993 1138 3048 videre
1168 3009 1278 3048 non
1306 3002 1550 3064 possunt.
1592 2994 1846 3050 Haeretici
1877 3003 2057 3049 autem

455 3083 584 3153 quia
609 3099 732 3139 esse
761 3099 818 3138 se
847 3084 1122 3152 sapientes
1148 3085 1506 3152 arbitrantur,
1532 3087 1700 3142 verba
1730 3095 1919 3142 contra
1960 3102 2052 3144 ca-

2154 543 2280 584 eum
2313 526 2473 582 sicuti
2519 535 2604 582 est
2649 527 2834 582 videre
2879 542 2988 582 non
3022 534 3239 596 potest,
3287 528 3632 598 aliquatenus
3661 529 3746 583 vi-

2154 615 2331 672 dendo
2347 623 2656 687 cognoscat.
2675 614 2783 670 Sed
2800 616 2917 671 haec
2928 616 3166 671 haeretici
3190 626 3436 672 sanctam
3455 616 3751 672 Ecclesiam

2155 710 2297 766 scire
2323 725 2432 765 non
2456 711 2728 765 aestimant
2745 750 2761 778 ,
2785 712 2912 781 quia
2949 712 3113 768 stulto
3132 713 3339 782 judicio
3373 715 3521 770 solos
3544 730 3602 769 se
3631 726 3752 768 esse

2155 803 2429 873 sapientes
2460 811 2674 872 putant.
2701 801 2908 857 Idcirco
2943 803 3046 858 iste
3083 804 3347 874 propheta
3376 818 3504 858 mox
3527 803 3751 873 corripit

2157 910 2250 952 eos
2277 895 2370 964 qui
2400 895 2503 950 ista
2527 895 2841 963 opinantur,
2872 893 3062 950 dicens
3091 913 3104 949 :

2228 984 2391 1040 Mem.
2416 1003 2434 1036 ι
2463 985 2594 1052 Quis
2615 993 2700 1040 est
2717 985 2820 1040 iste
2838 985 2932 1055 qui
2955 984 3113 1051 dixit,
3136 992 3195 1040 ut
3214 984 3372 1040 fleret
3392 984 3623 1040 Domino
3642 998 3753 1040 non

2163 1097 2182 1130 ι
2209 1078 2474 1149 jubente?
2500 1097 2520 1130 ι

2230 1168 2393 1223 Mem.
2429 1187 2447 1219 ί
2481 1167 2563 1221 Ex
2611 1181 2706 1223 ore
2737 1166 3002 1222 Altissimi
3055 1182 3166 1223 non
3202 1168 3554 1240 egredientur
3577 1209 3593 1235 ,
3652 1183 3754 1225 nec

2163 1277 2182 1312 (
2221 1260 2384 1325 bona,
2414 1273 2514 1313 nec
2541 1259 2702 1312 mala.
2733 1277 2751 1309 ι

2229 1349 2392 1405 Mem.
2433 1369 2450 1402 ‹
2496 1349 2638 1417 Quid
2673 1351 3036 1407 murmuravit
3079 1351 3244 1407 homo
3273 1352 3482 1418 vivens,
3525 1353 3611 1406 vir
3657 1369 3756 1422 pro

2163 1461 2183 1494 ι
2223 1441 2465 1511 peccatis
2492 1442 2626 1497 suis.
2664 1461 2682 1494 ι
2721 1441 3014 1515 (ΜΑυιιυε.)
3044 1443 3291 1498 Fuerunt
3316 1444 3459 1499 enim
3489 1445 3754 1507 haaretiei,

2156 1532 2248 1602 qui
2281 1533 2532 1587 dixerunt
2570 1533 2739 1588 Deum
2774 1550 2882 1589 non
2930 1534 3109 1590 facere
3161 1535 3336 1600 mala,
3390 1545 3584 1591 contra
3627 1537 3757 1592 illud

2157 1624 2303 1693 quod
2331 1624 2594 1694 scriptum
2619 1633 2703 1680 est
2728 1642 2740 1677 :
2784 1644 2802 1676 ‹
2836 1625 2950 1694 Ego
2981 1625 3243 1680 Dominus
3268 1625 3516 1682 formans
3539 1627 3714 1683 lucem
3738 1669 3752 1693 ,

2159 1723 2216 1770 et
2235 1728 2429 1770 creans
2453 1716 2726 1781 tenebras,
2764 1715 2970 1770 faciens
2989 1730 3199 1785 pacem,
3227 1725 3282 1771 et
3315 1730 3512 1772 creans
3558 1716 3756 1771 malum

2080 1809 2130 1869 B
2158 1804 2296 1878 (Ita.
2333 1807 2481 1878 ην).
2513 1827 2531 1859 ι
2566 1807 2608 1862 Ε
2631 1807 2905 1863 contrario
2936 1807 3157 1862 fuerunt
3193 1807 3319 1871 alii,
3364 1809 3458 1878 qui
3508 1808 3760 1863 dixerunt

2159 1899 2331 1953 Deum
2357 1911 2576 1952 creasse
2606 1898 2772 1964 mala,
2803 1908 2992 1954 contra
3047 1900 3103 1954 id
3146 1897 3294 1969 quod
3326 1900 3594 1968 scriptum
3633 1907 3716 1952 est
3743 1915 3757 1952 :

2165 2009 2183 2040 ι
2218 1989 2374 2045 Fecit
2403 1988 2548 2044 Deus
2576 1990 2760 2044 omnia
2788 1990 2929 2044 bona
2968 1989 3138 2060 (Eccl.
3163 2002 3271 2060 ιιι).
3311 2007 3329 2039 ι
3358 1987 3606 2043 Fuerunt
3636 1989 3762 2042 item

2159 2078 2274 2145 alii,
2303 2079 2398 2149 qui
2428 2080 2682 2134 dixerunt
2710 2080 2846 2135 duas
2869 2089 3112 2144 naturas,
3161 2090 3217 2134 et
3262 2080 3398 2135 duas
3427 2080 3764 2135 substantias

2160 2172 2229 2226 ab
2253 2172 2410 2226 initio
2433 2171 2619 2236 fuisse,
2652 2171 2706 2225 id
2738 2181 2846 2236 est,
2873 2173 3069 2226 bonam
3097 2179 3153 2225 et
3181 2171 3404 2235 malam,
3427 2187 3557 2225 cum
3588 2171 3764 2226 omnis

2161 2270 2381 2330 natura,
2403 2268 2499 2320 aut
2517 2269 2734 2320 creator
2758 2262 2828 2324 sit
2850 2301 2865 2326 ,
2907 2271 3000 2315 aut
3032 2271 3223 2315 natura
3257 2260 3582 2334 [creatura].
3618 2261 3762 2316 Unde

2162 2355 2358 2410 falsum
2387 2365 2472 2411 est
2499 2357 2645 2426 quod
2693 2364 2886 2411 natura
2920 2356 3027 2410 ulla
3057 2353 3200 2411 mala
3241 2353 3333 2421 sit,
3382 2367 3508 2408 cum
3550 2360 3764 2410 creator

2159 2459 2406 2501 summus
2460 2454 2516 2500 et
2571 2447 2809 2515 optimus
2848 2448 3118 2502 creaverit
3163 2448 3360 2502 bonam
3409 2457 3761 2512 creaturam,

2161 2539 2288 2608 quia
2331 2539 2468 2593 vidit
2517 2539 2660 2594 Deus
2690 2548 2886 2594 cuncta
2928 2554 3048 2608 quae
3092 2539 3254 2605 fecit,
3303 2549 3360 2595 et
3403 2553 3567 2596 erant
3614 2542 3762 2598 valde

2160 2631 2304 2686 bona
2337 2628 2489 2702 (Gen.
2540 2630 2602 2702 ι).
2655 2631 2883 2700 Tropice
2933 2631 3098 2702 igitur
3145 2631 3288 2686 Deus
3335 2633 3544 2688 dicitur
3585 2634 3761 2689 facere

2161 2723 2328 2789 mala,
2351 2723 2456 2779 hoc
2478 2733 2566 2780 est
2591 2763 2606 2790 ,
2651 2725 2878 2780 adversa
2927 2725 3287 2782 maerentibus
3316 2725 3567 2798 infligere
3610 2729 3760 2798 juxta

2161 2813 2313 2880 illud,
2346 2813 2488 2882 quod
2518 2814 2574 2868 in
2605 2814 2745 2868 Isaia
2779 2814 3040 2885 scriptum
3070 2824 3189 2870 est:
3229 2834 3246 2866 ι
3278 2815 3394 2888 Ego
3417 2817 3684 2872 Dominus
3710 2826 3762 2871 et

2160 2918 2268 2958 non
2292 2913 2376 2960 est
2401 2904 2538 2958 alter
2567 2922 2579 2958 :
2607 2903 2850 2959 formans
2875 2904 3050 2960 lucem
3076 2946 3090 2970 ,
3122 2915 3177 2960 et
3223 2921 3419 2962 creans
3461 2909 3757 2973 tenebras;

2161 2993 2368 3050 faciens
2395 3010 2608 3064 pacem,
2653 3004 2708 3049 et
2739 3009 2932 3050 creans
2970 2997 3208 3050 malum:
3242 3011 3341 3067 ego
3381 2996 3650 3052 Dominus
3686 2997 3762 3052 fa—

2162 3083 2312 3139 ciens
2342 3084 2524 3139 omnia
2554 3085 2692 3140 htec.
2719 3084 2855 3156 Ego,
2880 3086 2988 3153 ait,
3021 3086 3282 3143 Dominus
3309 3097 3366 3143 et
3392 3104 3504 3145 non
3534 3090 3762 3160 amplius

454 3175 686 3231 tbolicos
724 3175 1011 3231 irrisiones
1039 3175 1344 3246 proferunt,
1372 3185 1537 3247 atque
1565 3177 1634 3233 ab
1660 3193 1744 3234 ets
1774 3176 1924 3232 illum
1946 3193 2057 3234 non
2085 3162 2130 3226 C
2161 3183 2318 3230 extra
2359 3190 2467 3231 me.
2506 3195 2524 3228 ι
2554 3175 2760 3232 Praeter
2807 3192 3116 3236 sermcnem
3147 3179 3346 3249 quippe
3394 3190 3564 3251 atque
3599 3184 3762 3239 ratio-

455 3267 652 3323 timere
698 3270 1078 3337 suspicantur,
1124 3284 1288 3338 quem
1326 3270 1511 3325 videre
1557 3272 1920 3341 corporaliter
1963 3287 2058 3327 ne-

456 3367 662 3430 queunt
712 3378 723 3412 :
771 3368 826 3414 et
871 3359 1027 3428 quasi
1072 3375 1170 3430 per
1219 3368 1495 3430 torporem
1544 3377 1736 3418 sensus
1781 3371 2058 3418 auctorem

457 3466 615 3506 suum
657 3449 1009 3516 existiment,
1037 3451 1162 3519 quia
1196 3451 1464 3507 excelsior
1504 3452 1647 3509 ccelo
1673 3461 1785 3520 est,
1809 3462 1867 3508 et
1895 3468 2060 3523 super

458 3539 742 3596 stellarum
773 3540 1008 3594 vertices
1047 3540 1400 3608 sublimatus,
1450 3557 1519 3596 ex
1548 3542 1845 3614 longinquo
1873 3545 2060 3600 videre

458 3647 566 3686 non
612 3645 802 3701 posse;
855 3641 912 3686 et
962 3632 1088 3700 quia
1139 3632 1284 3686 inter
1329 3648 1430 3688 nos
1465 3642 1524 3688 et
1564 3635 1843 3690 caelestem
1874 3635 2058 3691 sedem

459 3729 649 3792 partes
699 3721 843 3775 aeris
895 3721 1203 3786 intersunt,
1257 3723 1412 3791 quasi
1449 3723 1505 3778 in
1544 3726 1686 3780 nube
1732 3725 1909 3781 latens
1962 3740 2061 3794 per

461 3814 752 3885 caliginem
796 3812 1041 3882 iudicet,
1081 3824 1138 3869 et
1173 3816 1542 3886 superioribus
1588 3817 1830 3873 intentus
1880 3819 2061 3873 minus

463 3908 569 3961 ima
597 3907 930 3977 perpendat;
956 3915 1012 3962 et
1037 3906 1164 3961 dum
1193 3907 1316 3962 cmli
1343 3909 1592 3964 cardines
1621 3911 1910 3966 ambiendo
1933 3925 2063 3966 con-

464 3999 706 4068 stringit,
732 4000 994 4054 interiora
1022 4014 1130 4054 non
1168 4001 1370 4055 videat.
1414 3999 1519 4056 Sed
1548 4002 1672 4070 quis
1711 4001 1778 4056 de
1813 4001 1924 4056 Deo
1954 4002 2061 4057 ista

465 4089 551 4143 vel
611 4089 884 4158 desipiens
949 4090 1294 4157 suspicetur,
1351 4091 1443 4158 qui
1493 4091 1754 4145 nimirum
1817 4107 1939 4146 cum
1992 4092 2063 4146 sit

467 4192 683 4247 semper
730 4178 1095 4247 omnipotens,
1139 4179 1213 4232 sic
1245 4178 1475 4233 intendit
1519 4181 1770 4236 omnibus
1813 4190 1872 4235 ut
1921 4181 2063 4236 adsit

469 4268 732 4338 singulis,
795 4270 876 4324 sic
917 4269 1072 4323 adest
1114 4269 1374 4340 singulis,
1433 4279 1494 4324 ut
1567 4271 1728 4325 simul
1810 4272 2063 4327 omnibus

468 4374 748 4429 nunquam
797 4361 957 4414 desit.
1007 4359 1142 4413 Nam
1195 4363 1298 4415 etsi
1335 4363 1596 4430 quosdam
1640 4371 1932 4432 peccantes
1970 4364 2063 4418 de-

466 4452 651 4516 serit,
707 4450 916 4505 eisdem
975 4459 1155 4505 tamen
1207 4452 1339 4521 ipsis
1394 4454 1547 4508 adest
1603 4468 1701 4522 per
1757 4453 2056 4522 judicium,

467 4541 664 4612 quibus
718 4542 906 4596 deesse
947 4544 1189 4596 cernitur
1241 4558 1337 4612 per
1375 4542 1771 4612 adjumentum.
1814 4543 1906 4600 Sic
1952 4547 2058 4599 ita-
2084 4512 2138 4572 ἶ)

469 4647 577 4702 que
644 4634 917 4688 exteriora
979 4635 1313 4698 circumdat,
1369 4645 1428 4689 ut
1481 4636 1743 4690 interiora
1794 4637 2058 4706 impleat:

469 4728 550 4780 sic
596 4724 859 4779 interiora
907 4725 1124 4794 implet,
1177 4734 1238 4779 ut
1281 4728 1555 4782 exteriora
1610 4728 1954 4782 circumdet:
1985 4728 2064 4783 sic

469 4831 682 4870 summa
706 4816 846 4886 regit
875 4824 936 4870 ut
976 4816 1082 4869 ima
1115 4831 1224 4871 non
1254 4816 1467 4872 deserat
1499 4834 1511 4868 :
1543 4818 1622 4872 sic
1669 4819 1792 4872 imis
1822 4831 2063 4886 praesens

469 4919 586 4974 est,
617 4917 733 4963 uta
761 4909 1134 4978 superioribus
1161 4924 1267 4963 non
1302 4910 1521 4964 recedat
1548 4928 1560 4962 :
1591 4910 1669 4964 sic
1710 4908 1842 4963 latet
1876 4909 1933 4962 in
1965 4923 2063 4963 sua

470 5002 692 5072 specie,
745 5009 806 5055 ut
853 5011 1037 5055 tamen
1085 5010 1440 5072 cognoscatur
1486 5003 1540 5056 in
1587 5001 1946 5071 operatione:
1982 5002 2061 5056 sic

470 5095 818 5165 cognoscitur
842 5094 897 5148 in
924 5109 1021 5150 suo
1047 5109 1232 5164 opere,
1257 5103 1318 5149 ut
1341 5103 1517 5148 tamen
1543 5094 1928 5164 comprehendi
1953 5079 2060 5150 non

471 5187 650 5242 valeat
677 5188 1022 5259 agnoscentis
1049 5189 1408 5244 aestimatione
1437 5203 1451 5240 :
1483 5188 1564 5243 sic
1595 5185 1770 5254 adest,
1799 5196 1861 5242 ut
1890 5189 2061 5242 videri

472 5287 741 5348 nequeat:
774 5280 821 5334 si
855 5277 1024 5333 videri
1055 5295 1163 5333 non
1189 5279 1350 5345 valet,
1385 5287 1445 5334 ut
1475 5289 1655 5334 tamen
1684 5279 1803 5349 ejus
1823 5293 2061 5348 praesen-

473 5370 606 5424 tiam
634 5369 748 5438 ipsa
788 5385 881 5422 sua
903 5369 1106 5438 judicia
1132 5377 1400 5424 testentur
1431 5387 1444 5422 :
1475 5370 1552 5424 sic
1576 5385 1635 5425 se
1670 5369 1828 5424 nobis
1864 5369 2062 5424 intelli-

474 5459 708 5530 gendum
752 5460 986 5528 praebet,
1024 5467 1084 5512 ut
1112 5469 1294 5514 tamen
1316 5460 1704 5528 °ipsumnobis
1733 5459 1946 5514 radium
1976 5461 2057 5514 sui

478 5549 780 5604 intellectus
827 5548 1144 5614 obnubilet,
1181 5546 1248 5604 et
1296 5565 1511 5604 rursum
1559 5550 1638 5604 sic
1681 5547 1914 5620 caligine
1962 5564 2060 5604 nos

478 5644 794 5714 ignorantia:
837 5643 1111 5714 reprimit,
1156 5651 1214 5696 ut
1247 5652 1424 5698 tamen
1460 5643 1629 5698 menti
1659 5652 1858 5697 nostrae
1895 5643 2060 5697 radiis

478 5751 587 5790 sua:
641 5735 903 5788 claritatis
948 5733 1294 5796 intermicet,
1355 5741 1621 5801 quatenus
1676 5741 1730 5786 et
1785 5732 2060 5788 sublevata

2162 3283 2288 3323 nem
2317 3268 2684 3338 virtutemque
2732 3283 2910 3324 meam
2938 3309 2954 3336 ,
2983 3278 3039 3325 et
3068 3271 3390 3340 sapientiam
3425 3289 3548 3342 qua:
3581 3275 3635 3329 in
3679 3292 3764 3333 me

2162 3369 2246 3415 est
2281 3377 2292 3413 :
2325 3357 2513 3413 Nullus
2537 3368 2623 3414 est
2655 3357 2793 3414 alter
2814 3361 2957 3416 Deus
2983 3370 3039 3415 et
3065 3361 3183 3417 haec
3204 3361 3330 3428 feci,
3360 3372 3421 3417 ut
3439 3365 3510 3418 ab
3553 3368 3762 3422 oriente

2163 3457 2218 3504 et
2252 3449 2532 3503 occidente
2577 3449 2753 3504 omnis
2781 3450 2930 3505 orbis
2956 3460 3238 3521 agnoscat,
3300 3453 3618 3524 nullumque
3645 3472 3762 3512 esse

2163 3538 2327 3605 alium
2371 3539 2574 3609 absque
2620 3555 2706 3595 me
2737 3540 2907 3595 Deum
2950 3559 2963 3594 :
2999 3561 3016 3592 ‹
3053 3541 3166 3611 Ego
3214 3542 3508 3610 Dominus,
3557 3556 3614 3601 et
3654 3561 3762 3602 non

2162 3640 2247 3686 est
2277 3631 2431 3686 alter.
2477 3652 2493 3684 ι
2528 3632 2690 3687 Pater
2727 3633 2870 3688 enim
2901 3634 2954 3688 in
2991 3633 3148 3698 Filio,
3181 3642 3238 3688 et
3264 3635 3434 3691 Filius
3476 3638 3533 3692 in
3563 3639 3758 3703 Patre,

2163 3723 2255 3791 qui
2309 3722 2550 3792 loquitur
2588 3726 2642 3776 in
2685 3724 3022 3794 Evangelio:
3060 3744 3077 3777 ι
3115 3725 3230 3795 Ego
3276 3734 3332 3782 et
3376 3725 3541 3782 Pater
3591 3746 3758 3785 unum

2163 3830 2353 3868 sumus
2380 3813 2562 3884 (Joan.
2595 3815 2673 3884 ιε).
2712 3834 2730 3867 ι
2762 3814 2821 3868 In
2865 3815 3016 3870 Ezraa
3070 3817 3344 3873 volumine
3386 3820 3624 3888 positum
3677 3828 3762 3876 cst

2162 3903 2446 3973 scripsisse
2499 3903 2697 3975 Cyrum
2752 3905 2818 3958 ad
2867 3921 3059 3961 omnes
3112 3915 3319 3977 gentes,
3377 3908 3582 3964 nullum
3635 3925 3762 3978 esse

2164 3996 2335 4050 Deum
2360 3995 2463 4049 nisi
2493 3995 2666 4050 solum
2689 3995 2858 4050 Deum
2876 3995 3064 4062 Israel,
3081 3998 3196 4053 sive
3218 3998 3293 4052 ita
3324 3998 3756 4070 intelligendum,

2165 4087 2309 4156 quod
2333 4085 2671 4155 captivorum
2716 4085 2937 4152 laxatio,
2977 4096 3033 4141 et
3061 4088 3157 4142 Dei
3187 4087 3243 4143 in
3289 4089 3544 4160 populum
3596 4106 3759 4147 suum

2165 4177 2474 4242 clementia,
2508 4175 2720 4232 cunctis
2742 4177 3001 4247 gentibus‘
3018 4175 3189 4231 Deum
3222 4176 3417 4233 fecerit
3461 4179 3754 4236 notiorem.

2164 4266 2267 4334 Qui
2291 4267 2456 4338 igitur
2486 4267 2609 4321 dedi
2640 4267 2736 4322 tibi
2764 4266 3160 4335 fortitudinem,
3193 4278 3251 4323 et
3269 4268 3417 4324 solus
3441 4269 3585 4325 Deus
3611 4287 3757 4337 sum,

2164 4360 2278 4429 ipse
2308 4373 2397 4414 res
2427 4359 2569 4412 intra
2595 4373 2653 4413 se
2685 4357 2991 4414 contrarias
3015 4357 3177 4424 facio,
3193 4357 3368 4415 lucem
3391 4370 3447 4416 et
3475 4363 3756 4429 tenebras,

2166 4455 2219 4508 id
2257 4461 2342 4508 est
2365 4493 2379 4518 ,
2410 4451 2553 4506 diem
2583 4459 2638 4506 et
2666 4459 2901 4515 noctem,
2933 4466 3122 4520 pacem
3144 4460 3199 4506 et
3228 4451 3429 4508 malum
3455 4493 3470 4516 ,
3504 4454 3608 4508 hoc
3628 4465 3720 4509 cst
3742 4495 3757 4518 ,

2165 4545 2336 4600 otium
2357 4551 2412 4597 et
2438 4541 2656 4607 bellum,
2687 4555 2784 4610 per
2813 4556 2935 4609 quae
2971 4541 3241 4612 significat
3270 4544 3472 4598 iratum
3503 4559 3563 4598 se
3590 4543 3762 4601 fuisse

2165 4632 2360 4703 populo
2399 4647 2514 4694 suo,
2560 4629 2776 4698 quando
2819 4631 3072 4685 tenebras
3117 4631 3467 4701 captivitatis,
3502 4635 3759 4704 malaque

2166 4725 2419 4780 sustinuit
2470 4721 2770 4786 servitutis,
2794 4729 2846 4775 et
2887 4737 3100 4776 rursum
3160 4723 3446 4778 misertum
3475 4764 3491 4789 ,
3534 4727 3757 4794 quando

2166 4815 2380 4870 remissi
2409 4815 2465 4868 in
2491 4814 2745 4883 patriam,
2783 4827 2972 4882 pacem
2997 4821 3055 4868 et
3103 4813 3357 4883 gaudium
3403 4829 3754 4886 receperunt.

2166 4906 2445 4974 Quomodo
2473 4905 2579 4960 luci
2607 4905 2893 4959 contrariae
2918 4905 3154 4959 tenebrae
3181 4912 3339 4969 sunt,
3366 4904 3441 4959 ita
3465 4907 3588 4976 paci
3617 4922 3756 4964 oon-

2166 4999 2392 5053 trarium
2422 5005 2506 5052 est
2533 4995 2752 5051 bellum.
2787 4994 2938 5050 Unde
2980 5002 3036 5048 et
3081 4993 3445 5049 confundatur
3486 4996 3714 5054 haeresis
3738 5039 3752 5063 ,

2166 5105 2287 5160 quas
2313 5087 2574 5143 malorum
2599 5087 2895 5141 arbitratur
2925 5084 3264 5141 conditorem
3289 5085 3480 5148 Deum,
3507 5093 3632 5142 cum
3664 5088 3754 5142 hic

2166 5182 2367 5237 malum
2417 5194 2523 5233 non
2578 5177 2909 5233 contrarium
2957 5177 3118 5239 bono,
3177 5177 3272 5231 sed
3310 5190 3411 5245 pro
3455 5174 3751 5234 afﬂictione

2164 5282 2394 5343 ponatur
2431 5278 2483 5324 et
2526 5269 2685 5334 bello,
2727 5266 3021 5323 secundum
3051 5265 3182 5322 illud
3202 5267 3348 5336 quod
3374 5267 3428 5320 in
3456 5265 3752 5337 Evangelia

2168 5364 2426 5432 scriptum
2447 5369 2556 5416 est:
2579 5379 2597 5411 ‹
2627 5357 2834 5413 Sufficit
2859 5356 2966 5412 diei
2990 5356 3190 5411 malitia
3229 5371 3326 5411 sua
3361 5355 3580 5427 (Matth.
3609 5359 3745 5426 νι).›

2170 5453 2440 5528 [Hierom]
2487 5451 2622 5507 Mala
2652 5465 2772 5522 quae
2797 5449 2942 5503 nulla
2994 5464 3092 5504 sua
3141 5457 3339 5502 natura
3368 5445 3672 5501 subsistunt
3717 5463 3750 5502 a

2167 5547 2396 5603 Domino
2415 5561 2524 5601 non
2553 5552 2824 5606 creantur,
2857 5543 2951 5598 sed
2970 5551 3232 5598 creaturae
3258 5555 3371 5595 suae
3396 5540 3536 5595 mala
3557 5540 3748 5596 Domi-

2167 5654 2268 5693 nus
2320 5637 2564 5701 indicat,
2608 5650 2730 5693 cum
2785 5646 2872 5686 res
2922 5633 3061 5687 bene
3107 5630 3353 5687 conditas
3402 5630 3557 5685 nobis
3603 5630 3748 5685 male

2168 5731 2449 5803 agentibus
2494 5731 2546 5784 in
2595 5726 2858 5796 flagellum
2901 5725 3138 5791 format,
3179 5733 3238 5777 ut
3281 5737 3345 5778 ea
3397 5723 3509 5790 ipsa
3553 5733 3606 5777 ct
3644 5737 3748 5790 per
