3952 6322
244 392 389 451 1233

1133 384 1494 444 EXPOSlTlO
1534 384 1759 443 SUPER
1796 383 2163 442 JEREMIAM.
2205 415 2273 426 —
2308 386 2436 441 LIB.
2482 377 2623 441 XIX.

3377 378 3516 433 1234

246 503 488 559 dolorem
516 515 625 572 quo
662 501 878 564 feriunt,
927 498 1360 567 delinquentibus
1405 497 1547 552 mala
1592 496 1737 561 sint,
1778 502 1834 549 et
1858 500 1911 559 Α
1934 496 2241 552 venientem
2266 506 2604 566 spernentes,
2654 505 2803 553 tanta
2841 495 3133 551 affecerunt
3153 496 3517 562 comumelia,

245 609 348 667 per
392 602 641 649 naturam
670 608 777 663 qua
806 592 1051 648 existunt
1087 591 1249 657 bona,
1283 604 1548 645 venenum
1578 586 1783 643 scilicet
1817 626 1832 652 ,

244 701 399 743 mors
424 686 692 757 siquidem
714 693 800 742 est
821 684 1027 740 homini
1040 724 1068 752 ,,
1096 683 1191 740 sed
1216 690 1397 737 tamen
1426 682 1534 734 vita
1572 679 1833 749 serpenti.

244 777 450 834 Amore
483 777 628 833 enim
680 775 1031 847 praesentium
1084 775 1153 829 ab
1208 771 1446 826 auctoris
1489 769 1662 825 nostri
1706 767 1837 823 dile-

248 872 430 928 ctione
482 873 809 929 recessimus
834 912 850 936 ,
891 878 947 925 et
992 884 1247 940 perversa
1274 882 1427 925 mens
1450 866 1578 922 dum
1605 865 1841 922 delecta-

246 966 397 1022 tione
436 973 699 1021 creatura:
735 978 794 1021 se
824 963 1083 1030 subdidit,
1114 979 1145 1017 a
1165 963 1431 1019 creatoris
1471 977 1532 1018 se
1580 962 1840 1018 societate

247 1054 528 1125 disjunxit.
561 1055 642 1110 Ex
675 1056 763 1111 his
786 1069 916 1125 ergo
940 1054 1007 1108 ab
1032 1061 1255 1109 auctore
1279 1051 1522 1108 ferienda
1551 1059 1690 1115 erat,
1711 1050 1839 1120 quia

244 1157 440 1201 errans
467 1153 744 1201 auctorem
765 1149 1169 1215 postposuerat,
1193 1149 1256 1197 ut
1279 1142 1423 1195 unde
1450 1140 1614 1195 homo
1626 1136 1840 1223 culpam

245 1251 356 1291 non
386 1236 567 1291 timuit
603 1236 867 1307 superbus
904 1234 1221 1299 admittere,
1257 1232 1383 1288 inde
1410 1244 1631 1301 pmnam
1667 1227 1841 1285 corri-

245 1326 453 1397 gendus
496 1326 795 1391 inveniret,
838 1333 900 1380 ut
938 1331 1091 1379 tanto
1130 1322 1284 1379 ocius
1319 1321 1622 1393 respiceret
1645 1319 1713 1373 ad
1751 1316 1841 1373 illa

245 1430 369 1483 quae
398 1415 652 1485 perdidit,
685 1423 891 1484 quanto
930 1410 1135 1467 doloris
1180 1425 1397 1481 ptenam
1448 1424 1571 1465 esse
1623 1406 1841 1477 conspi-

245 1512 396 1558 ceret
418 1518 537 1572 qua:
564 1502 829 1572 quaesivit.
860 1498 1152 1572 (Manlius)
1183 1499 1315 1567 Quis
1360 1508 1446 1554 est
1488 1497 1614 1578 iste,
1642 1494 1839 1566 inquit,

246 1594 341 1663 qui
368 1592 525 1659 dixit,
549 1601 611 1647 ut
642 1593 800 1650 fieret
823 1591 1053 1648 Domino
1085 1606 1191 1646 non
1224 1588 1472 1659 iubente,
1499 1589 1591 1659 qui
1621 1587 1757 1644 nihil
1783 1588 1842 1644 in

245 1684 413 1739 rebus
439 1684 499 1739 tit
522 1683 628 1739 nisi
651 1684 901 1754 jubente,
929 1690 1022 1737 aut
1074 1682 1423 1751 permittente
1463 1681 1592 1745 Deo,
1623 1680 1714 1749 qui
1734 1676 1841 1749 per

244 1776 701 1843 misericordiam,
730 1792 866 1847 quos
905 1774 1021 1829 vult
1059 1783 1216 1829 sanat
1244 1815 1259 1835 ,
1289 1782 1343 1829 et
1390 1788 1493 1827 non
1542 1786 1676 1842 quos
1716 1785 1841 1841 pro-

244 1866 344 1922 bat
391 1882 586 1924 sanare
622 1867 773 1937 justo
814 1866 1019 1937 judicio
1067 1865 1333 1935 permittit
1385 1863 1645 1919 interire?
1690 1863 1861 1931 Qua-v

244 1972 475 2033 propter
512 1963 715 2019 frustra
768 1968 1073 2018 murmurat
1140 1959 1303 2014 homo
1349 1966 1535 2013 contra
1579 1957 1843 2013 factorem

248 2068 431 2118 suum,
460 2053 553 2124 qui
576 2052 756 2122 justus
784 2060 869 2107 est
894 2052 949 2105 in
974 2049 1225 2106 omnibus
1249 2048 1353 2104 viis
1376 2049 1507 2115 suis,
1536 2058 1591 2104 et
1624 2057 1842 2105 sanctus

250 2142 308 2198 in
361 2142 623 2209 omnibus.
661 2142 920 2212 Operibus
971 2140 1105 2196 suis.
1159 2137 1314 2195 Unde
1365 2139 1537 2195 satius
1576 2147 1660 2195 est
1699 2140 1843 2208 quod

250 2250 548 2307 sequamur
593 2235 969 2306 propheticam
1000 2231 1424 2289 admonitionem
1447 2270 1464 2298 ,
1497 2246 1603 2302 qua
1648 2231 1847 2287 exhor-

255 2330 405 2379 tatur
431 2338 531 2378 nos
554 2323 738 2379 dicens
766 2342 778 2377 :
824 2376 827 2379 ,
1680 2364 1683 2365 ν

328 2411 479 2467 Nun.
513 2431 531 2464 ‹
564 2410 887 2468 Scrutemur
909 2411 1031 2467 vias
1058 2419 1305 2477 nostras,
1355 2420 1412 2466 et
1438 2424 1762 2481 quaramus,
1791 2415 1847 2464 et

262 2521 281 2557 ι
321 2511 661 2559 revertamur
688 2505 756 2560 ad
784 2503 1091 2561 Dominum.
1124 2523 1144 2556 ι

335 2592 481 2647 Nan.
516 2613 534 2644 ‹
567 2593 834 2649 Levamus
874 2595 1039 2650 corda
1088 2601 1274 2651 nostra
1310 2608 1433 2649 cum
1476 2593 1727 2651 manibus
1779 2592 1849 2649 ad

264 2701 284 2734 ι
317 2682 489 2737 Deum
516 2683 568 2738 in
597 2684 874 2743 omium.»
912 2682 1205 2740 Sciendum
1230 2699 1360 2740 vero
1410 2694 1495 2740 est
1535 2686 1677 2755 quod
1698 2684 1851 2754 quis-

259 2773 383 2842 quis
404 2788 435 2827 a
464 2775 751 2843 praeceptis
787 2774 1083 2829 Dominicis
1116 2775 1390 2830 discordat
1430 2790 1613 2845 opere,
1640 2775 1849 2844 quoties

259 2877 326 2919 ea
361 2863 511 2918 audit
536 2864 699 2918 corde
727 2879 825 2919 suo
848 2864 1260 2934 reprehenditur
1288 2872 1451 2934 atque
1482 2863 1846 2929 confunditur,

261 2953 389 3026 quia
433 2955 486 3008 id
524 2954 666 3023 quod
708 2953 897 3011 fecerit
937 2964 1271 3010 memoratur
1311 2973 1324 3009 :
1374 2971 1502 3010 nam
1550 2956 1603 3011 in
1644 2971 1751 3026 quo
1792 2970 1853 3011 se

261 3056 477 3097 errasse
520 3043 863 3108 considerat,
934 3045 1047 3113 ipsa
1107 3058 1165 3099 se
1221 3032 1455 3100 latenter
1516 3045 1852 3101 conscientia

262 3142 507 3191 accusat.
536 3133 692 3191 Unde
730 3134 900 3190 David
944 3136 1211 3205 propheta
1260 3138 1579 3207 deprecatur
1621 3138 1845 3193 dicens:

1937 585 2077 641 sicut
2101 585 2239 641 alius
2262 585 2527 655 propheta
2553 586 2792 642 ostendit
2823 585 3009 640 dicens
3040 598 3055 637 :
3088 601 3106 633 ι
3139 583 3368 654 Propter
3387 598 3531 654 pec-7

1935 684 2056 733 cata
2084 675 2228 731 enim
2255 684 2445 731 nostra
2474 716 2489 741 ,
2518 684 2573 731 et
2600 676 2912 746 iniquitates
2940 681 3154 745 patrum
3182 681 3520 741 nostrorum,

1935 766 2236 824 Jerusalem
2284 776 2341 823 et
2383 766 2613 838 populus
2637 777 2762 821 tuus
2791 767 2845 821 in
2872 764 3220 838 opprobrium
3257 772 3383 818 sunt
3406 778 3524 818 om-

1937 859 2096 919 nibus
2122 873 2219 930 pcr
2246 861 2538 917 circuitum
2587 870 2851 915 nostrum.
2888 879 2906 911 ι
2954 859 3107 916 Unde
3154 860 3317 914 etiam
3368 858 3525 914 nobis

1938 951 2237 1006 timendum
2256 959 2360 1016 est,
2388 964 2458 1006 ne
2485 959 2540 1005 et
2574 950 2673 1021 ipsi
2700 990 2715 1015 ,
2763 951 2808 1005 si
2849 950 3333 1021 contempserimus
3381 964 3524 1019 prae-

1939 1049 2093 1111 cepta
2149 1038 2284 1105 Dei,
2350 1048 2405 1094 et
2471 1040 2843 1096 inobedientes
2908 1039 3168 1095 fuerimus
3235 1038 3528 1111 Evangelio

1939 1126 2163 1195 Christi,
2214 1130 2402 1185 duram
2444 1131 2705 1201 gehennae
2732 1129 3034 1185 sentiamus
3057 1130 3351 1184 vindictam
3374 1170 3390 1194 ,
3434 1128 3529 1199 qui

1939 1221 2139 1292 corrigi
2167 1220 2419 1278 nolumus
2440 1223 2508 1278 de
2535 1223 2778 1292 peccatis
2801 1223 2868 1278 ad
2887 1220 3183 1291 justitiam.
3215 1221 3357 1279 Dicit
3381 1222 3527 1276 enim

1928 1309 2229 1381 Apostolus
2256 1310 2445 1380 (Hebr.
2469 1312 2527 1383 κ)
2563 1330 2574 1366 :
2613 1332 2630 1363 ι
2661 1312 2982 1369 Voluntarie
3010 1314 3156 1368 enim
3178 1314 3530 1382 peccantibus

1937 1403 2093 1457 nobis
2120 1410 2244 1473 post
2270 1412 2550 1473 acceptam
2593 1404 2844 1465 notitiam
2883 1405 3132 1461 veritatis
3152 1402 3267 1471 jam
3294 1419 3401 1459 non
3434 1404 3530 1458 de-

1939 1492 2261 1563 relinquitur
2314 1500 2415 1562 pro
2472 1494 2709 1563 peccatis
2763 1496 2941 1551 hostia
2969 1536 2985 1560 ,
3038 1494 3299 1551 terribilis
3351 1504 3531 1547 autem

1939 1585 2187 1654 quaedam
2228 1585 2564 1653 exspectatio
2592 1585 2782 1655 judicii
2806 1626 2822 1651 ,
2868 1594 2925 1642 et
2953 1586 3092 1657 ignis
3117 1584 3389 1640 aenmlatio
3417 1584 3535 1655 [cn-

1938 1676 2214 1751 mulatio],
2267 1692 2388 1748 quae
2436 1684 2820 1749 consumptum
2877 1689 2961 1733 est
3016 1678 3378 1733 adversarios.
3417 1696 3435 1727 ι
3468 1676 3537 1729 Et

1930 1768 2075 1823 item
2104 1786 2117 1820 :
2149 1786 2168 1820 ι
2200 1767 2417 1823 lrritant
2445 1809 2461 1834 ,
2504 1768 2703 1839 inquit,
2742 1768 2868 1839 quis
2895 1766 3099 1823 faciens
3126 1767 3300 1836 legem
3339 1765 3527 1837 Moysi,

1943 1862 2062 1915 sine
2100 1859 2209 1929 ulla
2239 1862 2591 1917 miseratione
2618 1902 2633 1927 ,
2684 1861 2894 1918 duobus
2946 1860 3031 1917 vel
3065 1860 3259 1919 .tribus
3310 1859 3535 1913 testibus

1942 1952 2208 2018 moritur,
2264 1962 2471 2022 quanto
2514 1953 2694 2022 magis
2752 1951 2957 2022 putatis
3008 1951 3278 2007 deteriora
3336 1948 3537 2009 mereri

1946 2042 2228 2113 supplicia,
2252 2042 2347 2113 qui
2367 2040 2564 2098 Filium
2579 2041 2674 2097 Dei
2704 2042 3119 2103 conculcaverit,
3135 2049 3191 2096 et
3214 2039 3537 2110 sanguinem

1946 2118 2261 2209 testamenti
2291 2132 2554 2203 pollutum
2574 2132 2812 2196 duxerit,
2839 2132 2893 2187 in
2917 2147 3023 2203 quo
3044 2132 3410 2187 sanctificatus
3428 2139 3533 2195 est,

1948 2233 2004 2280 et
2028 2224 2242 2295 spiritui
2271 2224 2460 2296 gratia:
2489 2224 2872 2282 contumeliam
2911 2222 3135 2280 fecerit?
3171 2243 3190 2275 ι
3224 2221 3481 2293 Sequitur
3518 2240 3533 2276 :

2017 2314 2265 2370 Samech.
2298 2330 2320 2367 ς
2350 2313 2622 2384 Operuisti
2654 2315 2707 2369 in
2738 2306 2945 2380 furore,
2981 2322 3034 2370 et
3067 2314 3381 2385 percussisti
3413 2328 3536 2379 nos,

1953 2426 1975 2459 ι
2016 2408 2265 2463 occidisti
2294 2416 2350 2462 et
2372 2422 2483 2467 non
2505 2408 2817 2479 pepercisti.
2852 2428 2871 2461 ι
2907 2407 3225 2477 Ubicunque
3273 2408 3418 2463 enim
3450 2406 3533 2461 fu-

1950 2511 2064 2564 τοι,
2088 2497 2175 2555 vel
2201 2498 2284 2555 ira
2310 2498 2410 2556 Dei
2442 2499 2497 2555 in
2530 2498 2829 2571 Scripturis
2856 2500 3076 2572 legitur,
3102 2515 3210 2556 non
3254 2500 3541 2570 perturba-

1952 2591 2029 2647 tio
2066 2592 2304 2671 mentis,
2363 2592 2456 2647 sed
2500 2592 2644 2662 justa
2694 2592 2935 2648 vindicta
2984 2594 3039 2647 in
3092 2606 3251 2663 poena
3284 2590 3542 2661 patientis

1952 2684 2295 2755 exprimitur.
2333 2684 2477 2739 Deus
2502 2685 2646 2739 enim
2675 2684 2996 2739 naturaliter
3038 2685 3160 2754 pius
3206 2697 3420 2751 semper
3445 2683 3542 2737 bo-

1951 2788 2072 2839 nus,
2103 2781 2158 2828 et
2190 2773 2435 2843 placidus
2469 2784 2569 2839 est,
2621 2784 2677 2829 et
2718 2776 2935 2844 semper
2978 2774 3119 2829 idem
3165 2774 3278 2843 ipse
3316 2782 3438 2836 est,
3488 2781 3544 2827 et

1954 2864 2081 2919 anni
2105 2852 2223 2935 ejus
2260 2880 2368 2920 non
2413 2864 2684 2921 deficient.
2726 2865 2805 2919 De
2832 2879 2940 2934 quo
2970 2864 3099 2919 alibi
3127 2863 3365 2933 legitur:
3406 2880 3424 2912 ι
3460 2863 3539 2917 'l‘u

1953 2964 2172 3021 autem,
2226 2954 2457 3011 Domine
2500 2956 2881 3010 universorum
2914 2995 2929 3019 ,
2988 2969 3111 3010 cum
3148 2953 3542 3022 tranquillitate

1948 3046 2161 3117 judicas
2200 3056 2257 3102 et
2286 3047 2539 3116 desponis
2572 3047 2754 3103 omnia
2801 3045 2965 3119 (Sap.
3017 3047 3153 3117 xu);
3192 3066 3210 3099 ι
3250 3045 3374 3120 ideo
3414 3045 3542 3098 dum

1953 3138 2186 3206 percutit
2212 3136 2509 3204 quemlibet
2533 3138 2619 3192 vel
2645 3136 2867 3202 occidit,
2898 3151 2998 3192 nec
3027 3136 3239 3206 parcit,
3276 3151 3384 3192 non
3415 3151 3544 3205 per-

270 3246 287 3277 c
326 3226 477 3283 Tunc
510 3242 618 3283 non
648 3226 949 3284 confundar
972 3228 1099 3282 dum
1144 3230 1379 3298 respicio
1407 3229 1461 3283 in
1485 3230 1665 3283 omnia
1697 3244 1852 3285 man—
1876 3200 1923 3265 (ἶ
1959 3228 2320 3283 turbationem
2356 3228 2522 3283 ullam
2563 3228 2618 3282 in
2664 3228 2956 3298 semetipso
2995 3229 3179 3293 sentit,
3214 3228 3308 3283 sed
3328 3229 3545 3299 quietus

264 3319 394 3375 data
418 3326 509 3374 tua
539 3318 713 3390 (Paul.
742 3320 955 3392 cxvnt).
980 3340 1001 3374 ι
1026 3319 1281 3377 Graviter
1308 3336 1542 3391 namque
1566 3321 1856 3391 unusquis-

262 3425 373 3480 que
412 3410 760 3466 confunditnr
783 3452 796 3476 ,
822 3412 1040 3481 quando
1070 3412 1325 3468 mandata
1350 3412 1464 3475 Dei,
1498 3411 1583 3467 vel
1604 3412 1849 3483 legendo,

261 3498 354 3555 vel
382 3498 647 3555 audiendo
671 3500 909 3571 respicit,
941 3502 1032 3572 qui
1074 3503 1304 3558 vivendo
1342 3504 1683 3575 contempsit.
1715 3503 1855 3560 Hinc

261 3605 481 3661 quoque
509 3589 731 3647 Joannis
755 3606 887 3647 voce
913 3591 1113 3648 dicitur
1145 3612 1157 3648 :
1195 3611 1214 3645 ι
1255 3592 1313 3648 Si
1354 3609 1447 3648 cor
1470 3603 1714 3650 nostrum
1744 3609 1854 3650 non

263 3682 678 3752 reprehenderit
722 3698 822 3739 nos
847 3724 862 3749 ,
894 3680 1147 3739 fiduciam
1190 3685 1454 3741 habemus
1482 3688 1550 3741 ad
1582 3688 1773 3753 Deum,
1799 3695 1857 3743 et

261 3774 526 3844 quidquid
557 3774 871 3844 petierimus
893 3774 960 3829 ab
980 3789 1049 3829 eo
1075 3776 1402 3844 accipiemus
1432 3775 1485 3846 (Ι
1506 3775 1664 3831 Joan.
1692 3776 1806 3847 tu);
1831 3795 1850 3827 ι

262 3877 336 3918 ac
366 3863 411 3918 si
439 3862 645 3918 diceret
672 3880 687 3918 :
712 3863 768 3918 Si
802 3864 856 3918 id
881 3865 1023 3933 quod
1060 3866 1305 3934 praecipit
1334 3865 1562 3919 facimus
1585 3906 1598 3929 ,
1627 3867 1679 3920 id
1712 3866 1855 3936 quod

262 3954 503 4025 petimus
527 3954 911 4009 obtinebimus.
943 3953 1112 4009 Valde
1141 3970 1372 4025 namque
1399 3956 1541 4026 apud
1566 3956 1854 4012 Dominum

263 4051 499 4113 utraque
533 4046 647 4099 haec
683 4046 785 4101 sibi
833 4047 1144 4101 necessario
1186 4055 1528 4116 congruunt,
1572 4054 1633 4101 ut
1660 4055 1713 4101 et
1733 4061 1856 4101 ora-

265 4136 419 4191 tione
448 4135 695 4204 operatio
719 4177 735 4201 ,
765 4145 820 4191 et
860 4138 1173 4206 operatione
1202 4136 1457 4191 fulciatur
1481 4138 1674 4192 oratio.
1718 4136 1856 4192 Hinc

264 4231 327 4279 et
368 4224 530 4279 modo
570 4223 837 4280 Jeremias
871 4225 947 4279 ait
976 4243 989 4279 :
1021 4245 1039 4276 ι
1079 4224 1396 4281 Scrutemur
1430 4228 1547 4281 vias
1593 4234 1812 4282 nostras
1835 4268 1850 4294 ,

266 4324 328 4372 et
353 4331 657 4385 quaeramus
685 4324 742 4371 et
770 4325 1113 4371 revertamur
1155 4318 1222 4370 ad
1272 4316 1580 4383 Dominum,
1618 4316 1856 4372 levemus

254 4409 435 4465 corda
467 4417 651 4464 nostra
696 4424 821 4465 cum
862 4409 1114 4463 manibus
1166 4409 1232 4463 ad
1279 4406 1447 4463 Deum
1506 4410 1557 4462 in
1609 4410 1796 4464 caelos.
1828 4428 1847 4463 ›

266 4497 403 4553 Vias
434 4499 632 4554 etenim
683 4507 896 4554 nostras
941 4500 1191 4565 scrutari,
1224 4507 1308 4555 est
1337 4501 1725 4571 cogitationum
1771 4501 1854 4555 in-

266 4599 427 4645 terna
460 4590 748 4647 discutere.
781 4590 887 4647 Cor
916 4606 1047 4646 vero
1086 4607 1210 4647 cum
1236 4593 1488 4647 manibus
1530 4593 1711 4657 levat,
1759 4592 1851 4662 qui

265 4680 570 4735 orationem
613 4697 766 4737 suam
822 4679 1075 4752 operibus
1132 4682 1370 4737 roborat.
1431 4680 1565 4735 Nam
1607 4682 1854 4751 quisquis

266 4779 415 4835 orat,
434 4769 531 4825 sed
550 4773 769 4841 operari
792 4772 1115 4836 dissimulat,
1143 4787 1235 4825 cor
1262 4771 1425 4835 levat,
1450 4778 1505 4825 et
1529 4785 1722 4825 manus
1745 4785 1853 4826 non

266 4863 415 4917 levat
454 4880 468 4914 :
518 4863 763 4932 quisquis
788 4876 921 4917 vero
956 4869 1211 4933 cperatnr
1253 4870 1309 4915 et
1357 4876 1464 4917 non
1490 4870 1630 4926 orat,
1661 4876 1853 4917 manus

268 4953 436 5017 levat,
466 4963 521 5007 et
560 4969 657 5009 cor
701 4970 809 5009 non
842 4955 1004 5011 levat.
1055 4953 1216 5009 Juxta
1256 4970 1385 5025 ergo
1412 4954 1634 5010 Joannis
1664 4970 1853 5011 vocem

272 5051 405 5097 tunc
428 5056 520 5097 cor
539 5042 790 5098 ﬁduciam
823 5044 877 5098 in
912 5045 1159 5099 oratione
1185 5044 1413 5114 accipit,
1444 5060 1565 5098 cum
1596 5043 1700 5100 sibi
1731 5045 1857 5101 vita:

267 5136 513 5205 pravitas
536 5135 680 5190 nulla
708 5137 1047 5204 contradicit,
1097 5145 1152 5193 et
1175 5138 1439 5192 bonorum
1461 5151 1684 5207 cperum
1712 5136 1855 5193 actio

267 5232 508 5286 orationi
539 5232 794 5288 concinit.

346 5322 493 5377 Nan.
528 5343 547 5375 ‹
581 5324 688 5382 Nos
712 5325 896 5395 inique
931 5326 1164 5397 egimus,
1188 5334 1243 5379 et
1264 5324 1332 5379 ad
1358 5324 1695 5380 iracundiam
1730 5340 1853 5395 pro-

274 5430 296 5464 ι
342 5414 649 5470 vocavimus
679 5456 695 5482 ,
743 5414 942 5470 idcirco
995 5424 1050 5469 tu
1098 5413 1444 5471 inexorabilis
1468 5429 1546 5469 es.
1574 5433 1590 5466 ι
1619 5414 1849 5483 Propter

268 5511 497 5576 peccata
530 5506 673 5560 enim
722 5505 901 5577 populi
950 5516 1003 5560 et
1054 5507 1508 5578 transgressiones
1548 5506 1847 5576 plurimas,

265 5611 410 5666 quas
453 5596 521 5650 ab
558 5597 712 5652 initio
761 5597 1003 5653 fecerunt
1043 5597 1329 5653 Dominum
1386 5599 1453 5652 ad
1510 5598 1849 5653 iracundiam

265 5696 653 5761 provocantes,
674 5690 831 5744 simul
860 5705 983 5745 cum
1007 5691 1224 5745 civitate
1246 5688 1479 5759 disperdi
1510 5699 1847 5757 meruerunt,

269 5790 373 5832 nec
406 5776 518 5846 jam
561 5775 709 5848 digni
742 5779 960 5835 fuerunt
988 5779 1168 5846 venia,
1194 5780 1284 5847 qui
1309 5777 1504 5835 Filium
1540 5778 1633 5835 Dei
1670 5778 1739 5833 ad
1790 5794 1849 5835 se

1876 4544 1931 4604 D

1957 3318 2041 3375 vel
2066 3318 2313 3390 placidus
2340 3360 2356 3385 ,
2404 3334 2530 3375 reos
2556 3319 2768 3377 debitas
2795 3334 2987 3391 patrias
3033 3321 3245 3379 solvere
3272 3322 3434 3393 cogit.
3468 3322 3544 3378 De

1956 3424 2063 3481 quo
2089 3410 2269 3467 adhuc
2293 3404 2542 3467 subditur
2567 3430 2579 3466 :

2026 3498 2275 3555 Sameclt.
2315 3519 2337 3553 ‹
2373 3500 2684 3572 Opposuisti
2733 3502 2939 3561 nubem
2995 3505 3135 3571 tibi,
3194 3520 3265 3561 ne
3305 3514 3546 3562 transeat

1963 3611 1981 3643 ι
2026 3588 2223 3646 oratio.
2256 3608 2277 3643 ι
2312 3589 2521 3647 Nubem
2549 3592 2654 3647 sibi
2672 3607 2947 3664 opponere
2972 3595 3170 3651 dicitur
3210 3596 3374 3662 Deus,
3419 3613 3543 3652 cum

1958 3679 2198 3751 ingratas
2220 3693 2413 3749 preces
2439 3680 2737 3750 petentium
2767 3683 3026 3738 exaudire
3070 3682 3423 3754 dedignatur,
3470 3687 3543 3741 ita

1960 3770 2130 3828 nubes
2158 3772 2410 3843 opposita
2436 3774 2671 3828 orationi
2698 3773 2913 3829 videtur
2936 3814 2951 3839 ,
2983 3790 3104 3829 cum
3155 3775 3385 3845 caligine
3414 3793 3549 3846 qua-

1958 3862 2083 3916 dam
2112 3871 2167 3917 et
2194 3863 2381 3919 nubilo
2406 3863 2664 3919 (recitatis
2689 3878 2844 3919 mens
2870 3864 3198 3931 obvolvitur,
3248 3882 3349 3935 nec
3392 3870 3547 3923 radio

1958 3954 2153 4009 divinae
2205 3955 2679 4025 contemplationis
2722 3955 2981 4012 illustrari
3021 3967 3317 4012 mereatur.
3342 3958 3546 4031 (Greg.)

1958 4041 2092 4097 Cum
2140 4042 2285 4099 Deus
2321 4045 2377 4098 in
2404 4045 2652 4100 oratione
2677 4059 2786 4100 non
2815 4045 3094 4115 quarritur,
3125 4046 3287 4102 citius
3336 4050 3549 4106 animus

1958 4133 2015 4187 in
2064 4134 2312 4189 oratione
2358 4134 2593 4191 lassatur
2634 4151 2649 4190 :
2703 4137 2829 4206 quia
2882 4130 3141 4191 cum'illa
3190 4139 3418 4208 quisque
3450 4155 3551 4209 po-

1959 4226 2140 4293 stulat,
2172 4242 2292 4296 qua:
2341 4226 2574 4283 fortasse
2603 4228 2760 4297 juxta
2806 4229 3076 4284 occultum
3112 4228 3373 4298 judicium
3403 4231 3548 4288 Deus

1958 4320 2258 4375 retribuere
2297 4328 2534 4385 recusat,
2574 4320 2677 4390 ipsi
2719 4335 2933 4390 quoque
2978 4321 3127 4376 venit
3152 4322 3206 4375 in
3237 4322 3543 4391 fastidium,

1957 4412 2049 4481 qui
2077 4427 2185 4466 non
2235 4411 2352 4465 vult
2396 4412 2530 4466 dare
2571 4412 2715 4481 quod
2753 4421 2984 4466 amatur.
3034 4411 3297 4467 Conditor
3331 4414 3548 4471 univer-

1957 4504 2132 4559 sitatis
2204 4504 2464 4558 Dominus
2521 4518 2581 4558 se
2653 4505 2824 4573 magis
2886 4518 3045 4573 quam
3116 4518 3178 4559 ea
3230 4519 3350 4574 quae
3410 4522 3544 4562 con-

1962 4596 2095 4650 didit
2121 4594 2237 4649 vult
2286 4595 2495 4658 amari,
2535 4602 2589 4647 et
2642 4602 2845 4649 teterna
2894 4594 3074 4664 potius
3107 4586 3269 4665 quam
3328 4606 3545 4653 terrena

1960 4685 2259 4755 postulari,
2321 4699 2442 4739 cum
2485 4686 2675 4741 eadem
2717 4684 2933 4743 Veritas
2980 4686 3126 4741 dicat
3174 4706 3189 4744 :
3252 4705 3270 4739 ι
3308 4688 3546 4755 Qumrite

1961 4784 2138 4831 autem
2167 4776 2400 4845 primum
2432 4790 2655 4847 regnum
2685 4776 2780 4830 Dei
2806 4786 2860 4831 et
2871 4776 3140 4845 justitiam
3176 4778 3313 4847 ejus,
3341 4787 3395 4833 et
3426 4780 3545 4837 hac

1959 4866 2139 4921 omnia
2169 4866 2489 4936 adjicientur
2512 4866 2666 4920 vobis
2691 4865 2908 4935 (Matth.
2952 4868 3051 4933 vi).
3085 4885 3103 4919 ι
3135 4867 3238 4934 Qui
3262 4869 3406 4923 enim
3433 4886 3544 4925 non

1959 4958 2049 5021 ait,
2080 4957 2372 5019 dabuntur,
2400 4956 2494 5010 sed
2516 4954 2833 5024 adjicientur
2858 4971 2872 5009 :
2904 4956 3145 5026 profecto
3162 4951 3373 5025 judicat
3396 4958 3543 5015 aliud

1956 5062 2075 5106 esse
2110 5048 2252 5117 quod
2282 5047 2650 5117 principaliter
2689 5048 2876 5113 datur,
2924 5048 3067 5101 aliud
3108 5048 3251 5117 quod
3278 5051 3538 5119 superad-

1956 5137 2119 5192 ditur.
2153 5137 2289 5205 Quia
2325 5136 2471 5190 enim
2506 5136 2661 5191 nobis
2700 5136 2753 5190 in
2784 5136 3081 5192 intentione
3122 5138 3399 5192 aeternitas
3423 5179 3437 5202 ,
3480 5139 3539 5194 in

1955 5242 2055 5282 usu
2082 5241 2215 5282 vero
2245 5226 2619 5297 temporalitas
2651 5240 2770 5281 esse
2802 5226 2960 5282 debet
2992 5246 3005 5279 :
3042 5234 3098 5281 et
3126 5227 3255 5281 illud
3278 5228 3457 5293 datur,
3483 5238 3540 5284 et

1953 5318 2059 5372 hoc
2086 5318 2342 5372 nimirum
2378 5332 2441 5371 ex
2486 5318 2777 5373 abundanti
2819 5318 3216 5388 superadditur.
3256 5320 3323 5375 Et
3355 5330 3538 5378 tamen

1954 5422 2095 5478 Stepe
2123 5407 2369 5463 homines
2394 5408 2523 5461 dum
2548 5409 2604 5463 in
2630 5408 2875 5463 oratione
2903 5408 3045 5463 bona
3068 5409 3380 5479 temporalia
3406 5425 3537 5480 pos-

1955 5497 2158 5562 tulant,
2188 5504 2391 5552 aeterna
2428 5511 2556 5553 vero
2600 5497 2820 5567 praemia
2861 5513 2968 5554 non
3006 5501 3309 5569 requirunt,
3342 5511 3537 5570 petunt

1953 5589 2097 5657 quod
2121 5588 2335 5642 additur
2357 5605 2372 5642 :
2404 5596 2457 5641 et
2485 5586 2612 5642 tﬂud
2628 5602 2736 5643 non
2762 5588 3088 5654 desiderant,
3112 5590 3206 5644 ubi
3222 5590 3531 5660 adjiciatur,

1953 5696 2053 5736 nec
2080 5681 2293 5734 lucrum
2320 5692 2441 5734 esse
2469 5692 2581 5734 sua:
2607 5680 2886 5749 petitionis
2931 5678 3211 5751 deputant,
3240 5681 3285 5736 si
3308 5680 3397 5735 hic
3422 5681 3534 5736 sint

1952 5766 2325 5842 temperanter
2349 5785 2634 5841 pauperes,
2659 5780 2715 5829 et
2745 5772 2856 5829 illic
2882 5774 3214 5831 beatitudine
3251 5772 3443 5829 divites
3470 5771 3529 5827 in
