3952 6308
454 339 593 397 1255

1126 342 1186 397 Β.
1230 342 1488 399 RABANI
1524 342 1742 401 MAURI
1779 342 2093 400 ARCHIEP.
2132 344 2737 404 MOGUNT.OPERUM
2774 348 2955 404 PARS
2989 348 3077 404 ῐῐῐ.

3587 349 3718 406 1256

454 463 719 509 aeternum
744 454 963 518 vivant,
991 454 1084 510 sed
1117 456 1267 520 solis,
1294 466 1353 509 ut
1380 456 1582 510 dictum
1611 463 1713 521 est,
1738 455 2041 511 visibilibus
2067 460 2117 518 Α
2146 472 2294 511 rasse
2332 458 2595 528 conspicit
2617 498 2632 525 ,
2663 468 2717 513 et
2746 461 2789 514 si
2820 475 2939 532 eam
2979 463 3246 529 quomodo
3282 470 3505 532 accepta
3538 466 3723 533 nequi-

451 544 672 612 intenti,
699 544 885 613 labore
908 546 1287 615 postulationis
1311 556 1543 602 renuunt
1576 548 1863 605 invisibilia
1894 563 2039 604 mer—

451 637 599 703 cari;
628 636 720 707 qui
740 637 785 693 si
816 654 1052 709 superna
1091 649 1417 708 quaererent,
1450 640 1561 711 jam
1586 657 1708 696 cum
1746 640 1925 696 fructu
1954 642 2034 696 la-

450 729 637 784 borem
679 730 1021 786 exhiberem.
1065 730 1202 787 Hinc
1249 731 1485 788 Iacobus
1510 733 1585 788 ait
1623 752 1635 787 :
1681 752 1700 783 ι
1752 732 1943 789 Petitis
1983 722 2057 788 et.

453 835 561 874 non
594 820 857 891 accipitis,
911 836 976 876 eo
1008 822 1151 891 quod
1206 823 1347 878 male
1400 824 1593 892 petatis
1623 865 1637 887 ,
1668 832 1727 877 ut
1756 824 1809 877 in
1836 839 2037 878 concu-

450 913 730 983 piscentiis
764 915 961 969 vestris
1008 915 1292 969 insumatis
1345 916 1486 986 (Jac.
1520 914 1581 981 ι).
1629 936 1646 965 ι
1701 915 2035 970 I’rtedixerat

450 1018 546 1059 eos
572 1021 680 1059 non
714 1005 1023 1076 postulare,
1061 1014 1116 1059 et
1158 1015 1284 1061 tunc
1323 1007 1453 1060 dicit
1491 1021 1583 1060 eos
1627 1007 1767 1060 male
1812 1002 2030 1076 petere,

448 1098 575 1166 quia
598 1098 689 1166 qui
723 1098 861 1153 male
890 1099 1027 1168 petit
1064 1097 1177 1167 jam
1219 1099 1271 1152 in
1321 1106 1612 1167 conspectu
1656 1100 1851 1153 interni
1883 1100 2035 1153 testis

446 1186 584 1240 nihil
610 1195 794 1255 petere
828 1188 1060 1241 videtur.
1093 1187 1230 1241 Male
1257 1194 1435 1241 autem
1481 1188 1647 1256 petit,
1680 1189 1770 1256 qui
1822 1188 2032 1241 Domini

441 1276 589 1347 iussa
624 1286 978 1333 contemnens
1010 1293 1038 1331 a
1082 1278 1309 1331 Domino
1348 1277 1609 1331 beneficia
1631 1293 1861 1346 superna
1894 1277 2034 1331 desi-

447 1369 617 1423 derat.
663 1369 798 1423 Male
842 1370 977 1438 petit
1019 1376 1074 1423 et
1114 1368 1201 1423 ille
1256 1369 1369 1438 qui,
1404 1369 1607 1423 amisso
1633 1385 1817 1423 amore
1845 1385 2033 1439 super-

445 1480 662 1530 norum,
680 1464 865 1518 inﬁma
891 1474 1096 1517 tantum
1120 1463 1312 1532 quaerit
1340 1462 1479 1516 bona
1504 1463 1801 1531 percipere.
1827 1462 1889 1514 Et
1919 1462 2034 1515 haec

446 1571 553 1611 non
582 1554 648 1610 ad
688 1556 1137 1610 sustentationem
1178 1553 1429 1607 humana:
1459 1551 1786 1620 fragilitatis,
1834 1552 1929 1605 sed
1965 1552 2033 1604 ad

444 1646 865 1701 redundantiam
909 1644 1093 1698 liberae
1133 1642 1445 1713 voluptatis.
1471 1641 1584 1695 Hoc
1609 1650 1692 1696 est
1717 1642 1856 1697 enim
1887 1640 2030 1711 quod

442 1738 542 1803 ait,
567 1736 716 1792 utin
748 1734 1202 1805 concupiscentiis
1233 1731 1427 1786 vestris
1458 1731 1762 1785 insumatis.

2140 551 2213 603 tia
2242 563 2499 604 revocare
2529 551 2733 619 possit,
2775 560 2892 606 toto
2932 552 3051 607 nisu
3098 552 3383 609 elaborare
3413 556 3717 610 contendit.

2138 640 2240 695 Ubi
2296 640 2630 708 notandum,
2671 642 2813 711 quod
2851 657 2960 697 non
3003 658 3109 697 una
3159 644 3462 714 eademque
3508 661 3721 715 semper

2136 734 2479 803 compunctio
2520 736 2589 789 sit
2624 735 2681 790 in
2707 734 2893 789 electis
2924 775 2940 799 ,
2977 736 3069 789 sed
3099 751 3198 805 pro
3227 738 3494 793 varietate
3538 754 3721 794 rerum

2138 822 2349 876 animus
2393 837 2581 877 eorum
2625 823 2855 877 diversis
2908 826 3085 879 modis
3137 829 3542 897 compungitur.
3602 828 3720 883 Non

2135 910 2277 963 cnim
2320 912 2497 966 omnis
2547 912 2907 982 lacrymarum
2956 913 3194 983 profusio
3248 932 3355 969 uno
3400 915 3595 970 aﬂ'ectu
3635 917 3720 970 vel

2136 1017 2241 1055 una
2292 1002 2489 1055 virtute
2536 1002 2888 1072 depromitur.
2936 1005 3107 1057 Aliter
3158 1007 3304 1059 enim
3364 1006 3452 1061 ille
3496 1016 3721 1060 emanat

2135 1088 2310 1155 ﬂetus,
2337 1090 2427 1158 qui
2454 1100 2798 1159 peccatorum
2848 1091 2999 1159 spina
3049 1105 3144 1145 cor
3185 1104 3431 1148 nostrum
3456 1110 3719 1162 compun-

2135 1190 2292 1251 gente
2313 1180 2606 1249 profertur.
2638 1180 2712 1233 De
2734 1195 2839 1248 quo
2860 1180 3085 1235 dicitur:
3111 1180 3407 1235 «Laboravi
3434 1183 3487 1235 in
3517 1185 3719 1250 gemitu

2135 1287 2275 1337 meo,
2310 1271 2499 1326 lavabo
2527 1287 2624 1342 per
2650 1272 2888 1342 singulas
2918 1281 3103 1327 noctes
3142 1273 3339 1327 lectum
3388 1288 3594 1335 meum,
3644 1272 3723 1325 la-

2135 1362 2337 1430 crymis
2382 1363 2519 1416 meis
2556 1370 2790 1416 stratum
2836 1378 3013 1417 meum
3055 1364 3259 1433 rigabo.
3290 1383 3309 1415 »
3336 1362 3511 1417 Aliter
3535 1364 3625 1431 qui
3654 1364 3719 1416 de

2135 1452 2588 1521 contemplatione
2640 1463 2965 1507 aeternorum
2996 1454 3284 1519 bonorum,
3350 1463 3406 1508 et
3449 1454 3719 1508 desiderio

2136 1541 2329 1595 futurae
2355 1542 2495 1596 illius
2520 1542 2806 1597 charitatis
2832 1543 3092 1596 exoritur.
3125 1541 3230 1596 Pro
3261 1558 3367 1612 qua
3400 1544 3566 1597 etiam
3589 1542 3721 1596 ube-

2135 1632 2311 1688 riores
2340 1633 2705 1705 lacrymarum
2749 1634 2923 1687 fontes
2950 1633 3015 1686 de
3056 1632 3400 1687 intolerantia
3450 1633 3629 1703 gaudii
3665 1644 3721 1686 et

2135 1724 2433 1779 alacritatis
2459 1725 2824 1780 immensitate
2853 1733 3227 1795 prorumpunt,
3252 1726 3379 1780 dum
3401 1726 3513 1779 sitit
3538 1725 3717 1779 anima

515 1830 755 1885 Samech.
794 1847 811 1881 ‹
853 1828 1287 1883 Eradieationem
1321 1835 1375 1881 et
1422 1823 1775 1893 abjectionem
1804 1822 2030 1892 posuisti
2058 1811 2107 1872 B
2137 1825 2319 1871 nostra
2341 1816 2408 1870 ad
2430 1819 2596 1871 Deum
2612 1818 2814 1871 fontem
2835 1818 3239 1882 vivum,dicens
3260 1832 3383 1871 cum
3406 1818 3674 1885 Propheta
3698 1833 3713 1872 :

446 1944 464 1976 ι
514 1940 598 1979 me
628 1926 681 1979 in
714 1931 1002 1993 conspectu
1042 1921 1378 1993 populorum.
1428 1916 1715 1991 (MAUBUS.)
1773 1917 2031 1970 Eradica-

441 2024 550 2071 tam
585 2031 643 2069 se
674 2023 869 2069 asserit
912 2022 966 2068 et
1016 2012 1282 2083 abjectam
1314 2011 1468 2082 plebs
1515 2009 1737 2065 Judaica
1766 2048 1780 2073 ,
1817 2008 1943 2076 quia
1977 2006 2030 2061 in

438 2103 729 2160 Chaldaica
763 2104 1076 2174 captivitate
1108 2118 1251 2172 saepe
1286 2117 1386 2171 pro
1418 2100 1713 2154 sceleribus
1754 2098 1866 2152 suis
1904 2112 2032 2152 con-

437 2196 569 2249 trita
595 2202 697 2251 est.
729 2195 974 2250 Primum
995 2195 1095 2249 sub
1112 2192 1381 2257 Joacbim,
1404 2190 1596 2245 deinde
1626 2189 1726 2243 sub
1746 2178 2029 2252 Jechonia,

442 2288 601 2342 tertio
625 2287 725 2342 sub
752 2285 1014 2342 Sedechia
1039 2327 1053 2352 ,
1087 2285 1301 2369 quando
1327 2284 1459 2338 urbs
1485 2288 1695 2337 vastata
1744 2279 2030 2369 templum-

441 2394 546 2448 que
582 2380 861 2433 incensum
893 2386 996 2442 est,
1026 2386 1079 2431 et
1109 2368 1249 2430 muri
1276 2374 1533 2429 destructi
1554 2414 1569 2438 ,
1599 2378 1872 2443 postremo
1900 2368 2027 2423 re|i~

440 2470 601 2540 quite,
658 2484 777 2540 quae
829 2469 930 2524 sub
975 2468 1197 2523 Godolia
1253 2466 1319 2521 ad
1367 2464 1712 2519 habitandam
1751 2471 1949 2516 terram
1996 2476 2027 2513 a

443 2561 801 2617 Nabuzardan
832 2562 1076 2632 principe
1127 2559 1334 2614 militia:
1379 2557 1580 2612 relictae
1632 2563 1797 2620 sunt,
1839 2562 2027 2609 contra

438 2662 770 2725 prreceptum
818 2652 1050 2717 Domini,
1082 2651 1227 2722 quod
1256 2652 1337 2704 eis
1376 2663 1475 2719 per
1514 2648 1831 2718 prophetam
1875 2661 2029 2700 man-

444 2748 689 2808 daverat,
714 2748 766 2797 in
799 2744 1090 2814 ngyptum
1120 2760 1214 2814 per
1246 2750 1435 2814 gentes
1466 2743 1535 2796 ibi
1564 2742 1942 2809 disperierunt.
1968 2739 2024 2792 In

439 2835 685 2890 Romana
716 2850 847 2888 vero
875 2834 1189 2902 captivitate
1217 2833 1289 2886 ita
1322 2832 1453 2885 urbs
1489 2837 1603 2884 tota
1647 2837 1701 2883 et
1753 2836 1897 2882 terra
1930 2828 2026 2881 de-

440 2936 652 2980 vaStata
681 2936 785 2991 est,
814 2933 868 2979 et
902 2923 1055 2993 plebs
1083 2924 1360 2994 dissipata,
1384 2930 1443 2976 ut
1474 2920 1673 2976 nullam
1703 2920 1842 2973 ultra
1875 2933 2025 2987 spem

441 3019 855 3073 restaurationis
894 3020 1175 3077 haberent,
1212 3017 1304 3069 sed
1352 3027 1525 3082 usque
1573 3013 1626 3065 in
1658 3013 1818 3065 ﬁnem
1848 3024 2027 3080 persc-

445 3109 656 3164 verabit
678 3110 795 3177 ejus
824 3108 1105 3163 desolatio.
1135 3106 1363 3177 Mystice
1395 3112 1574 3159 autem
1602 3102 2024 3157 eradicationem

442 3208 498 3253 et
526 3198 886 3267 abjectionem
923 3214 951 3253 a
984 3198 1210 3252 Domino
1237 3196 1443 3265 patitur
1467 3194 1644 3247 anima
1671 3192 1946 3263 peccatrix
1972 3192 2047 3245 in»

443 3289 624 3345 medio
674 3289 995 3359 populorum
1031 3286 1323 3341 constituta
1352 3324 1368 3349 ,
1418 3284 1633 3352 quando
1689 3298 1716 3335 a
1776 3280 2026 3350 malignis

443 3380 725 3451 spiritibus
760 3379 832 3432 ita
862 3378 1153 3431 virtutibus
1182 3374 1464 3445 spoliatur,
1492 3380 1546 3426 et
1588 3371 1770 3425 radice
1801 3369 1923 3424 fidei
1949 3377 2027 3424 te-

442 3476 683 3533 nuatur,
733 3475 792 3520 ut
825 3466 937 3536 jam
986 3480 1091 3519 non
1133 3462 1363 3527 honori,
1416 3459 1509 3514 sed
1557 3460 1798 3514 omnium
1842 3466 2027 3528 pateat

441 3557 700 3622 irrisioni,
736 3557 946 3627 ipsique
970 3554 1174 3608 inimici
1206 3553 1554 3606 dominentur
1600 3549 1781 3614 illius,
1828 3558 1883 3604 et
1927 3550 2023 3605 de-

442 3657 612 3718 ceptae
636 3647 915 3710 insultent,
952 3646 1079 3715 quia
1105 3643 1258 3711 juxta
1294 3641 1488 3696 merita
1531 3654 1626 3693 sua
1655 3653 1864 3709 ptenas,
1891 3654 2025 3706 quas

442 3745 490 3799 ei
524 3757 678 3797 sacra
720 3740 1000 3810 Scriptura
1036 3737 1317 3808 praedixit,
1341 3742 1397 3789 et
1421 3734 1672 3804 laqueum
1708 3731 2024 3803 perditionis

443 3834 721 3889 sustinere
745 3840 989 3902 cogatur.
1024 3829 1174 3885 Unde
1196 3835 1250 3883 et
1272 3827 1517 3896 sequitur
1553 3844 1565 3879 :

517 3925 646 3979 Phe.
678 3943 696 3974 ‹
728 3924 1073 3994 Aperueruut
1104 3934 1267 3989 super
1290 3933 1389 3973 nos
1419 3933 1480 3972 os
1516 3930 1672 3971 suum
1708 3927 1899 3970 omnes
1920 3912 2023 3967 ini-

451 4036 469 4067 ι
514 4017 641 4071 mici
672 4014 866 4069 nostri.
906 4033 924 4063 ι

514 4104 646 4158 Phe.
679 4124 698 4155 ι
730 4102 985 4157 Formido
1014 4110 1068 4155 et
1100 4100 1324 4170 laqueus
1370 4098 1547 4153 factus
1577 4105 1663 4151 est
1695 4094 1852 4148 nobis
1887 4093 2024 4147 vati-

449 4218 467 4248 ‹
513 4196 714 4250 cinalio
738 4202 791 4247 et
821 4191 1095 4247 contritio.
1138 4210 1155 4240 ι
1186 4190 1450 4259 Aperiunt
1478 4187 1622 4242 enim
1653 4194 1781 4239 tunc
1822 4183 2023 4238 inimici

444 4306 506 4343 os
535 4303 687 4343 suum
725 4299 888 4354 super
913 4291 1262 4353 peccatores,
1308 4279 1527 4349 quando
1562 4292 1656 4331 eos
1691 4274 1919 4329 diversis
1949 4272 2024 4324 la-

443 4382 675 4435 niatibus
704 4385 759 4432 et
790 4376 1117 4431 cruciatibus
1148 4374 1407 4427 devorare
1450 4370 1708 4425 festinant
1729 4366 2019 4429 debitores,

445 4488 541 4529 nec
571 4472 648 4526 eis
678 4471 738 4528 in
762 4468 943 4537 aliquo
981 4466 1300 4519 miserantes
1329 4471 1551 4532 parcent
1579 4502 1594 4525 ,
1625 4460 1717 4514 sed
1746 4460 1797 4511 iu
1834 4456 2020 4511 formi—

443 4563 621 4615 dinem
665 4572 986 4629 pinnarum,
1023 4564 1077 4609 et
1102 4554 1353 4623 laqueum
1398 4549 1735 4623 perditionis,
1775 4549 1926 4617 juxta
1968 4546 2021 4600 id

443 4653 586 4722 quod
636 4648 981 4719 propheticus
1012 4662 1189 4701 sermo
1216 4645 1567 4714 peccantibus
1588 4641 1858 4712 prmdixit,
1884 4654 2022 4707 prae-

444 4743 669 4811 cipitare
725 4741 943 4797 student
992 4756 1003 4790 :
1055 4734 1197 4789 unde
1264 4744 1391 4788 tunc
1435 4735 1695 4802 propheta
1744 4730 2021 4785 interitum

440 4831 621 4901 populi
652 4831 733 4885 sui
762 4828 1132 4896 multipliciter
1171 4823 1425 4895 ploravit,
1457 4830 1511 4876 et
1539 4836 1683 4874 nunc
1704 4830 1889 4874 sancta
1921 4820 2022 4873 Ec-

441 4922 604 4977 clesia
644 4920 947 4974 animarum
990 4915 1328 4987 peccantium
1375 4913 1584 4967 ruinam
1627 4909 2022 4963 incessabiliter

442 5014 666 5082 plangit,
704 5010 844 5064 sicut
872 5010 923 5061 in
954 5006 1198 5075 sequenti
1226 5002 1493 5058 sententia
1526 5002 1945 5054 demonstratur.

515 5101 646 5154 Phe.
685 5118 704 5150 ι
746 5099 1045 5152 Divisiones
1071 5110 1333 5163 aquarum
1362 5093 1579 5147 deduxit
1614 5091 1800 5145 oculus
1826 5105 1977 5145 meus
2002 5133 2016 5155 ,

448 5210 468 5242 ι
510 5192 563 5245 in
603 5189 931 5245 contritione
967 5187 1088 5239 ﬁlize
1123 5183 1303 5254 pepuli
1344 5183 1470 5236 mei.
1509 5202 1526 5233 ›
1564 5181 1862 5233 Divisiones
1891 5194 2018 5249 ergo

445 5297 705 5350 aquarum
735 5281 1000 5335 deducere
1024 5293 1082 5331 se
1106 5278 1171 5330 ab
1195 5276 1364 5330 oculis
1387 5276 1647 5343 prdpheta
1680 5271 1933 5341 perbibet
1961 5272 2013 5323 in

444 5372 775 5428 contritione
800 5371 922 5424 filice
950 5369 1130 5439 populi
1172 5368 1292 5430 sui,
1345 5367 1470 5436 quia
1514 5375 1569 5419 et
1609 5363 2019 5434 perversitatem

447 5466 629 5520 cordis
658 5463 798 5517 illius
832 5461 1063 5525 deflevit,
1109 5469 1164 5515 et
1203 5461 1412 5513 ruinam
1460 5459 1510 5512 in
1538 5459 1789 5527 peccatis,
1822 5464 1875 5509 et
1896 5470 2023 5508 con-
2064 5518 2067 5520 _

449 5556 725 5610 tritionem
774 5553 828 5607 in
870 5552 1269 5613 devastatione,
1321 5550 1401 5604 sic
1441 5558 1496 5602 et
1540 5562 1681 5601 nunc
1728 5547 2023 5601 electorum

455 5648 613 5699 turba
657 5658 756 5713 pro
805 5643 983 5697 anima
1033 5642 1087 5695 in
1139 5642 1375 5714 peccatis
1424 5639 1665 5710 perdita,
1703 5637 2025 5706 multiplices

459 5736 693 5804 gemitus
717 5733 912 5798 fundit,
936 5732 1059 5804 quia
1090 5732 1143 5788 in
1171 5732 1394 5788 diversis
1436 5728 1766 5787 facinoribus
1794 5743 1917 5789 eam
1938 5742 2027 5783 er~

2141 1926 2160 1958 ‹
2202 1908 2425 1975 Quando
2474 1909 2685 1964 veniam
2725 1916 2780 1964 et
2810 1911 3013 1978 parebo
3045 1918 3172 1963 ante
3214 1920 3567 1979 conspectum
3589 1909 3713 1963 Dei?

2135 1997 2307 2067 (Psal.
2324 1998 2529 2069 CXIX.))
2560 1999 2943 2055 Fueruntmihi
2962 1999 3213 2070 lacrymze
3224 2014 3358 2054 meae
3372 2015 3542 2069 panes
3555 2000 3641 2053 die
3654 2014 3714 2054 sc

2132 2102 2313 2156 nocte,
2340 2107 2461 2146 cum
2502 2092 2703 2161 ejulatu
2734 2091 2973 2160 quotidie
3000 2100 3054 2145 et
3084 2090 3471 2145 lamentatione
3508 2091 3712 2161 procla-

2132 2199 2285 2238 mans
2315 2202 2326 2235 :
2360 2204 2378 2234 ‹
2402 2183 2516 2239 Heu
2539 2185 2701 2238 mihi!
2731 2185 2871 2253 quod
2897 2183 3161 2237 incolatus
3189 2198 3344 2238 meus
3364 2183 3711 2251 prolongatus

2132 2280 2235 2334 est,
2266 2279 2318 2325 et
2344 2273 2571 2326 multum
2600 2272 2774 2328 incola
2802 2272 2904 2326 fuit
2930 2273 3107 2325 anima
3151 2286 3291 2324 mea.
3328 2291 3348 2322 ι
3390 2271 3564 2326 Aliter
3586 2285 3709 2339 pro-

2130 2360 2302 2416 fluunt
2348 2363 2599 2433 lacrymte
2642 2364 2845 2431 absque
2890 2361 2995 2415 ulla
3040 2362 3253 2431 quidem
3292 2361 3485 2416 talium
3529 2363 3709 2416 crimi—

2131 2466 2257 2502 num
2304 2451 2657 2514 conscientia,
2709 2450 2803 2504 sed
2850 2459 3028 2504 tamen
3074 2451 3141 2505 de
3189 2462 3339 2505 metu
3368 2453 3629 2522 gehennae
3660 2462 3710 2507 et

2130 2540 2387 2594 terribilis
2418 2539 2556 2593 illius
2583 2540 2769 2608 judicii
2800 2540 3173 2595 recordatione
3198 2543 3524 2609 procedunt,
3562 2542 3707 2611 cujus

2134 2636 2340 2683 terrore
2382 2628 2665 2698 Propheta'
2699 2628 2980 2697 perculsus
3016 2636 3137 2683 orat
3184 2630 3254 2683 ad
3300 2630 3474 2685 Deum
3503 2649 3519 2688 :
3549 2652 3568 2682 ‹
3598 2633 3705 2687 Non

2130 2718 2299 2772 intres
2339 2718 2390 2770 in
2425 2718 2685 2787 judicium
2726 2732 2846 2771 cum
2880 2732 3037 2772 servo
3079 2726 3186 2780 tuo,
3219 2719 3344 2787 quia
3377 2735 3485 2773 non
3510 2718 3705 2787 justiﬁ-

2130 2808 2342 2861 cabitur
2370 2807 2421 2860 in
2448 2817 2736 2876 conspectu
2765 2816 2854 2861 tuo
2879 2807 3056 2861 omnis
3079 2808 3265 2863 vivens
3286 2806 3463 2879 (Psal.
3488 2811 3699 2879 cum.»

2129 2897 2225 2951 Est
2248 2897 2411 2950 etiam
2454 2897 2597 2950 aliud
2632 2912 2802 2967 genus
2848 2897 3224 2967 lacrymarum,
3274 2900 3420 2967 quod
3465 2915 3574 2953 non
3616 2915 3705 2969 pro

2131 3002 2225 3041 sua
2273 2985 2622 3050 conscientia,
2655 2989 2746 3042 sed
2777 3004 2875 3058 pro
2914 2989 3087 3043 aliena
3136 2989 3331 3043 duritia
3363 2992 3705 3061 peccatisque

2135 3090 2462 3151 generatur,
2516 3082 2658 3150 quod
2708 3079 2925 3135 Samuel
2982 3081 3125 3135 illam
3173 3097 3389 3151 quoque
3435 3083 3706 3137 civitatem

2050 3151 2100 3216 Ο
2134 3174 2493 3238 Hierusalem,
2523 3173 2605 3225 vel
2636 3174 2895 3227 Dominus
2932 3173 2983 3226 in
3013 3173 3324 3242 Evangelio,
3362 3175 3448 3227 vel
3496 3174 3550 3227 in
3580 3188 3707 3243 pra:-

2132 3264 2308 3318 teritis
2371 3262 2631 3316 Jeremias
2700 3261 2909 3315 flevisse
2974 3261 3297 3315 describitur
3356 3262 3431 3315 ita
3492 3262 3702 3315 dicens:

2136 3374 2155 3406 ι
2191 3354 2324 3420 Quis
2362 3353 2511 3408 dabit
2544 3354 2705 3423 capiti
2738 3369 2862 3408 meo
2885 3369 3078 3423 aquam
3100 3394 3114 3418 ,
3145 3362 3200 3409 et
3224 3354 3397 3409 oculis
3423 3356 3559 3409 meis
3592 3353 3703 3408 fon-

2130 3456 2237 3501 tem
2285 3446 2666 3518 lacrymarum,
2698 3455 2751 3500 et
2788 3446 3010 3517 plorabo
3048 3446 3100 3500 in
3139 3446 3225 3500 die
3260 3455 3317 3500 et
3346 3447 3401 3499 in
3429 3456 3590 3501 nocte
3630 3447 3703 3499 in-

2130 3536 2384 3592 terfectos
2432 3522 2553 3592 tilia:
2602 3537 2782 3608 populi
2840 3537 2994 3591 mei?
3027 3556 3044 3587 ι
3097 3536 3228 3607 (Jer.
3284 3536 3516 3607 1x.)Vel
3566 3545 3703 3589 certe

2129 3628 2315 3700 quales
2345 3628 2447 3683 illa:
2474 3636 2599 3683 sunt
2642 3628 2910 3698 lacrymze,
2940 3628 3005 3681 de
3042 3628 3237 3696 quibus
3265 3627 3319 3680 in
3346 3625 3562 3680 Psalmo
3589 3642 3703 3681 cen-

2130 3720 2323 3774 tesimo
2346 3721 2522 3788 primo
2550 3728 2834 3774 cantatur:
2872 3738 2888 3766 ι
2918 3718 3052 3783 Quia
3081 3718 3319 3773 cinerem
3353 3718 3497 3772 sicut
3519 3733 3701 3787 panem

2129 3808 2542 3873 manducabam,
2568 3814 2623 3861 ct
2645 3806 2891 3876 poculum
2913 3821 3088 3860 meum
3116 3821 3234 3859 cum
3260 3804 3387 3860 ﬂetu
3413 3806 3700 3861 miscebant

2128 3900 2298 3971 (Psal.
2327 3900 2401 3970 cr)
2429 3917 2441 3952 :
2478 3919 2497 3950 ι
2526 3915 2661 3968 quas
2689 3907 2896 3954 certum
2924 3908 3006 3952 est
3040 3911 3148 3951 non
3179 3896 3270 3951 illo
3301 3896 3497 3951 affectu
3526 3898 3701 3966 primi,

2128 3993 2218 4062 qui
2259 3992 2314 4045 in
2354 3999 2505 4047 sexto
2534 3991 2749 4046 Psalmo
2791 4005 2857 4044 ex
2896 4003 3127 4060 persona
3172 3989 3487 4058 ptenitentis
3533 4004 3700 4041 emer-

2128 4094 2276 4153 gunt,
2316 4084 2408 4137 sed
2448 4099 2547 4152 pro
2587 4082 2857 4135 anxietate
2885 4080 3008 4133 vitae
3041 4078 3200 4146 hujus
3240 4088 3406 4148 atque
3444 4079 3700 4149 angustiis

2127 4185 2180 4228 et
2215 4174 2489 4238 terumnis,
2532 4173 2729 4243 quibus
2763 4170 2895 4241 justi
2944 4170 2999 4224 in
3038 4172 3141 4225 hoc
3180 4170 3381 4224 mundo
3420 4171 3576 4238 positi
3609 4170 3699 4222 de-

2126 4268 2462 4337 primuntur,
2509 4266 2650 4333 quod
2703 4264 2864 4317 etiam
2913 4260 3108 4330 psalmi
3160 4261 3329 4329 ipsius
3377 4277 3485 4315 non
3532 4261 3698 4314 solum

2130 4364 2324 4420 textus,
2356 4357 2449 4411 sed
2476 4357 2638 4408 etiam
2671 4355 2858 4408 titulus
2888 4352 3167 4406 evidenter
3201 4352 3457 4416 ostendit,
3506 4352 3594 4420 qui
3633 4366 3693 4403 et

2125 4464 2354 4517 persona
2381 4447 2630 4516 pauperis
2656 4445 2820 4506 illius,
2849 4444 2913 4497 de
2943 4458 3050 4512 quo
3078 4444 3131 4496 in
3158 4442 3447 4510 Evangelia
3473 4443 3694 4495 dicitur:

2132 4562 2150 4592 ι
2188 4542 2338 4595 Beati
2376 4554 2642 4610 pauperes
2676 4535 2889 4606 spiritu,
2922 4536 3176 4605 quoniam
3220 4536 3461 4602 ipsorum
3499 4543 3582 4587 est
3613 4548 3695 4585 re-

2126 4648 2288 4704 gnum
2327 4631 2581 4686 coelormn
2614 4627 2827 4699 (Matth.
2857 4626 2935 4696 v),
2988 4646 3007 4675 ι
3043 4629 3113 4679 ita
3152 4624 3481 4679 describitur
3512 4643 3523 4675 :
3574 4623 3699 4679 Ora-

2124 4725 2199 4779 tio
2223 4724 2473 4792 pauperis
2498 4736 2620 4776 cum
2650 4719 2902 4773 anxiatus
2934 4716 3113 4780 fuerit,
3144 4727 3197 4769 et
3225 4731 3409 4770 coram
3444 4717 3554 4769 Deo
3578 4715 3697 4768 cllu-

2124 4816 2263 4870 derit
2295 4827 2510 4884 precem
2551 4824 2722 4864 suam.
2770 4809 2853 4861 Ab
2889 4808 2974 4861 his
3015 4822 3142 4875 ergo
3172 4805 3430 4875 lacrymis
3474 4804 3692 4857 multum

2122 4906 2327 4959 distant
2370 4903 2494 4968 illae,
2538 4913 2656 4970 qua}
2700 4897 2964 4952 obdurato
3013 4895 3173 4949 corde
3219 4895 3285 4947 de
3333 4894 3493 4947 siccis
3534 4891 3695 4945 oculis

2130 4996 2521 5066 exprimuntur,
2569 5004 2703 5061 quas
2757 4988 2884 5042 licet
2927 5002 3033 5039 non
3080 4985 3292 5054 penitus
3341 4983 3692 5037 infructuosas

2128 5100 2247 5141 esse
2273 5083 2589 5136 credamus:
2625 5080 2765 5132 bono
2794 5076 2938 5130 enim
2986 5074 3259 5143 preposito
3296 5086 3485 5126 earum
3519 5080 3685 5123 atten-

2129 5182 2273 5227 tatur
2316 5171 2555 5224 emissio.
2611 5167 2693 5220 Ab
2730 5167 2814 5220 his
2866 5166 3165 5234 praesertim
3200 5162 3289 5231 qui
3332 5162 3581 5223 necdum,
3614 5160 3686 5213 vel

2128 5262 2194 5319 ad
2224 5263 2504 5318 scientiam
2538 5259 2820 5329 pervenire
2853 5256 3170 5326 perfectam,
3204 5253 3290 5309 vel
3322 5253 3683 5323 pristinorum,

2130 5371 2221 5411 seu
2253 5351 2597 5422 praesentium
2627 5348 2880 5405 vitiorum
2919 5352 3215 5416 potuerunt
3252 5344 3319 5397 ad
3346 5357 3541 5411 purum
3576 5341 3683 5393 labe

2130 5446 2397 5509 mundari,
2431 5442 2500 5497 ab
2536 5444 2620 5497 his
2652 5449 2850 5501 tamen,
2883 5438 2975 5506 qui
3007 5437 3063 5490 in
3093 5433 3343 5489 affectum
3372 5434 3486 5503 jam
3516 5442 3681 5486 trans-

2132 5542 2242 5595 iere
2300 5537 2559 5591 virtutum
2610 5545 2948 5599 nequaquam
2986 5528 3146 5582 debet
3187 5527 3289 5581 hoc
3330 5525 3489 5578 modo
3515 5531 3681 5577 extor-

2132 5630 2285 5702 queri
2321 5626 2563 5698 profusio
2602 5624 2978 5692 lacrymarum,
3012 5633 3110 5674 nec
3147 5615 3436 5671 exterioris
3466 5610 3676 5702 hominis

2135 5700 2455 5797 magnopere
2484 5713 2765 5775 aﬂ‘ectandi
2806 5721 2931 5771 sunt
2962 5711 3139 5779 fletus.
3173 5708 3269 5785 qui
3297 5706 3461 5765 etiam
3493 5704 3537 5761 si
3575 5700 3650 5757 iur
