3952 6344
201 441 346 496 1237

1094 431 1458 494 EXPOSITIO
1497 433 1724 493 SUPER
1763 431 2130 491 JEREMIAM.
2171 463 2242 475 —
2277 432 2402 490 LIB.
2439 433 2582 492 XIX.

3319 439 3476 500 .1238

203 555 350 620 rint.
404 561 682 623 utcunque
705 549 976 624 'producit
1031 563 1308 620 nunquam
1358 548 1664 620 pertingere
1727 546 1796 601 ad
1822 551 1879 611 Α
1903 547 2084 602 dicat:
2115 565 2133 596 ι
2165 546 2304 613 Quid
2334 548 2429 603 tibi
2467 549 2550 605 vis
2577 547 2808 606 faciam?
2838 571 2857 604 ι
2897 551 3146 624 Nunquid
3176 556 3267 626 qui
3298 557 3479 618 lumen

205 647 354 702 illam
407 657 825 718 spontanearum
882 645 1243 715 lacrymarum
1292 641 1528 711 potuerit
1574 642 1792 696 uberta-

205 749 340 804 tem,
364 740 538 810 magis
561 738 705 794 enim
734 736 1085 807 supplicantis
1114 736 1354 789 animum
1381 733 1491 788 suis
1513 731 1794 788 conatibus

205 831 577 887 distrahentes
625 829 1015 894 humiliabunt,
1073 835 1237 897 atque
1288 827 1522 882 humana
1579 825 1794 880 demer-

203 930 358 992 gent,
390 931 444 976 et
472 922 539 975 ab
569 920 656 975 illa
684 919 891 976 caelesti
919 918 1252 975 sublimitate
1283 917 1573 986 deponent,
1606 917 1659 970 in
1687 930 1791 985 qua

203 1012 444 1065 attonita
497 1025 651 1065 mens
696 1008 906 1064 orantis
948 1002 1405 1062 indeclinabiliter
1445 1003 1632 1059 debuit
1674 1017 1794 1058 esse

202 1100 404 1162 deﬁxa.
437 1100 658 1169 jamque
696 1097 1054 1167 compcllente
1091 1111 1312 1168 precum
1359 1111 1580 1149 suarum
1618 1096 1796 1149 inten-

201 1193 356 1246 tione
393 1192 570 1245 laxata
607 1205 737 1261 erga
775 1189 989 1246 steriles
1025 1197 1081 1244 et
1119 1189 1403 1243 coactitias
1431 1186 1795 1258 lacrymarum

200 1283 447 1355 guttulas
474 1291 758 1353 aegrotare.

276 1375 401 1427 Ain.
449 1394 467 1425 ‹
504 1373 704 1428 Oculus
753 1388 902 1427 meus
942 1371 1172 1427 amictus
1209 1379 1314 1436 est,
1353 1385 1454 1424 nec
1501 1367 1694 1433 tacuit,
1729 1381 1797 1424 eo

205 1481 226 1514 σ
274 1464 422 1533 quod
458 1480 562 1518 non
592 1471 735 1518 esset
767 1463 997 1532 requies.
1021 1457 1057 1514 ³»

275 1554 401 1608 Ain.
456 1574 474 1605 ι
519 1553 700 1608 Donec
745 1554 1038 1623 respiceret
1082 1560 1136 1607 et
1183 1552 1391 1606 videret
1434 1549 1693 1605 Dominus
1730 1551 1796 1606 de

203 1664 225 1695 ‹
275 1645 449 1700 οωιίε.
488 1663 507 1696 ι
565 1644 880 1701 Instantiam
925 1643 1190 1698 orationis
1238 1651 1293 1697 et
1334 1641 1794 1710 perseverantiam

200 1751 306 1790 nos
332 1737 534 1791 habere
571 1737 832 1806 propheta
863 1736 1046 1798 docet,
1089 1735 1215 1803 quia
1241 1735 1331 1802 qui
1364 1735 1430 1788 ad
1461 1734 1641 1802 cupita
1673 1748 1796 1802 pcr-

200 1828 394 1881 veuire
419 1827 668 1888 voluerit,
700 1825 973 1881 relleetere
1002 1836 1236 1882 mentem
1265 1843 1293 1880 a
1325 1826 1503 1881 studio
1529 1825 1793 1879 orationis

1902 637 2126 691 reddere
2141 645 2372 706 poterat,
2388 640 2516 707 quid
2531 640 2691 696 vellet
2709 657 2884 698 czecus
2904 643 3219 713 ignorabat?
3243 646 3350 703 Sed
3369 652 3478 720 peti

1897 729 2012 783 vult
2037 730 2089 784 id
2117 729 2260 798 quod
2282 738 2340 783 ct
2363 746 2459 785 nos
2482 741 2668 800 petere
2689 743 2743 788 et
2773 749 2832 789 se
2853 738 3056 789 concor?
3127 753 3150 790 τ
3172 741 3476 806 pramoscit.

1898 819 2207 890 Importune
2245 836 2477 889 namque
2512 825 2578 878 ad
2620 828 2919 882 orationem
2954 840 3056 891 nos
3096 838 3367 897 admonet,
3400 833 3482 888 di-

1897 925 2028 965 cens
2053 928 2065 963 :
2096 929 2114 960 ι
2145 909 2261 964 Scit
2289 911 2434 964 enim
2467 911 2628 968 Pater
2655 925 2836 970 vester
2863 917 3098 973 caelestis
3123 920 3320 989 quibus
3351 922 3483 978 indi-

1901 1001 2058 1070 getis,
2090 1019 2108 1050 ι
2163 1011 2450 1070 antequam
2480 1005 2696 1072 petatis.
2732 1006 2812 1061 Ad
2851 1009 2951 1071 hoc
2985 1025 3114 1080 ergo
3145 1013 3393 1080 requirit,
3423 1023 3482 1068 ut

1898 1099 2134 1160 petatur,
2177 1092 2242 1144 ad
2273 1092 2373 1146 hoc
2416 1108 2546 1161 ergo
2575 1096 2822 1163 requirit,
2856 1107 2915 1152 ut
2955 1114 3050 1154 cor
3079 1101 3146 1154 ad
3177 1103 3480 1157 orationem

1901 1182 2121 1236 excitet.
2157 1181 2307 1236 Unde
2333 1191 2387 1238 et
2412 1199 2587 1239 caecus
2609 1187 2853 1254 protinus
2879 1187 3117 1261 adjungit
3140 1209 3154 1248 :
3180 1210 3196 1242 ι
3224 1193 3477 1248 Domine.

1901 1272 2202 1325 utvideam.
2229 1293 2244 1323 ι
2265 1269 2398 1329 Ecce
2422 1291 2598 1330 czecus
2621 1294 2648 1330 a
2664 1279 2892 1333 Domino
2916 1296 3022 1335 non
3046 1296 3256 1349 aurum,
3280 1286 3374 1340 sed
3397 1285 3481 1339 lu-

1903 1376 2017 1416 cem
2034 1366 2246 1432 quan'it.
2266 1365 2609 1436 Parvipcndit
2626 1378 2778 1424 extra
2802 1371 2976 1426 lucem
3000 1372 3203 1444 aliquid
3217 1391 3480 1445 qua-rere,

1903 1453 2025 1521 quia
2054 1462 2108 1506 et
2134 1455 2176 1506 si
2209 1455 2406 1510 habere
2447 1469 2619 1513 ctecus
2655 1461 2934 1528 quodlibet
2967 1472 3164 1533 potest,
3210 1465 3326 1520 sine
3368 1467 3486 1522 luce

1901 1559 2010 1601 non
2040 1553 2217 1614 potest
2246 1547 2432 1600 videre
2457 1548 2597 1616 quod
2634 1550 2814 1604 habet.
2855 1552 3139 1608 Imitemur
3161 1570 3293 1626 ergo
3333 1571 3481 1623 eum,

1902 1650 2060 1702 quem
2097 1645 2153 1690 et
2179 1652 2404 1705 corpore
2448 1638 2752 1694 audivimus
2779 1649 2832 1693 et
2855 1651 3033 1698 mente
3059 1645 3346 1712 salvatum,
3376 1663 3480 1701 non

1901 1727 2067 1781 falsas
2093 1727 2333 1792 divitias,
2375 1744 2482 1782 non
2525 1737 2738 1784 terrena
2769 1732 2929 1796 dona,
2963 1749 3067 1788 non
3111 1734 3360 1805 fugitivos
3386 1739 3484 1792 ho-

1903 1833 2063 1872 nores
2100 1833 2130 1871 a
2163 1805 2407 1883 Domino,
2463 1820 2556 1873 sed
2595 1820 2767 1874 lucem
2799 1839 3124 1892 quaeramus,
3181 1843 3280 1882 nec
3312 1828 3485 1884 lucem

201 1931 312 1971 non
341 1918 521 1982 debet,
554 1918 648 1971 sed
686 1919 860 1988 magis
884 1904 1234 1985 perseverare
1276 1918 1328 1970 in
1358 1917 1657 1971 intentione
1685 1930 1796 1968 ca:-
1824 1903 1872 1961 Β
1900 1925 2018 1978 qum
2053 1911 2169 1964 loco
2211 1911 2499 1974 clauditur,
2546 1928 2664 1980 qua:
2710 1923 2948 1982 tempore
2992 1916 3198 1982 ﬁnitur,
3234 1935 3355 1988 qum
3391 1936 3484 1974 no-

201 2017 295 2076 pta
335 2007 483 2061 illmn
516 2017 748 2076 oportet.
783 2007 918 2061 liinc
945 2017 1028 2062 est
1055 2009 1198 2077 quod
1244 2008 1295 2060 in
1330 2007 1467 2061 libro
1495 2007 1698 2075 Regum
1727 2007 1796 2060 de

203 2097 361 2151 Anna
388 2099 648 2166 scriptum
675 2106 760 2152 est
795 2117 814 2148 ‹
842 2099 983 2166 quod
1010 2108 1294 2167 postquam
1323 2097 1581 2159 oraverit,
1615 2097 1795 2150 vultus

202 2187 326 2256 ejus
354 2203 460 2240 non
492 2196 617 2240 sunt
653 2187 881 2256 amplius
907 2189 959 2240 in
987 2188 1198 2242 diversa
1226 2187 1415 2241 mutati
1446 2186 1497 2258 (Ι
1524 2187 1650 2258 Reg.
1677 2195 1738 2255 ι).
1771 2206 1790 2238 ι

205 2276 348 2331 Hinc
376 2287 432 2331 et
483 2277 535 2330 in
565 2278 852 2348 Evangelia
883 2277 1034 2347 (Luc.
1065 2279 1423 2350 xvtn)‘caecus
1454 2279 1563 2342 ille,
1593 2279 1684 2348 qui
1709 2276 1797 2331 Je-

205 2365 363 2421 richo
398 2367 745 2420 transientem
773 2364 954 2420 Jesum
994 2367 1260 2431 audierat,
1300 2367 1544 2421 misereri
1585 2365 1686 2420 sibi
1728 2365 1796 2420 ab

204 2450 575 2529 eopctehat':
622 2461 715 2513 sed
765 2475 886 2514 cum
935 2475 962 2513 a
1000 2459 1367 2528 praeeuntibus
1415 2460 1489 2514 illi
1513 2459 1796 2528 juberctur

205 2558 272 2603 ut
319 2558 555 2613 taceret,
614 2549 727 2618 ipse
777 2552 948 2603 multo
992 2551 1164 2620 magis
1208 2549 1508 2614 clamabat,
1570 2550 1793 2603 dicens:

215 2659 232 2690 ι
271 2638 528 2692 Miserere
577 2640 704 2700 mei,
735 2639 980 2703 Domine,
1006 2639 1077 2692 lili
1109 2638 1296 2692 David.
1337 2659 1354 2688 ι
1411 2638 1612 2709 ((ἰνρθ.)
1647 2638 1798 2693 Unde

207 2741 267 2784 et
299 2731 501 2793 lumen,
532 2731 674 2800 quod
703 2730 911 2800 petivit,
945 2748 974 2784 a
1003 2731 1281 2785 Salvatore
1308 2731 1553 2799 accipere
1586 2746 1800 2798 prome-

208 2823 343 2878 ruit.
375 2823 510 2890 Quid
536 2824 1024 2893 autem'designant
1049 2824 1136 2878 isti
1163 2825 1252 2892 qui
1281 2822 1462 2878 Jcsum
1497 2825 1797 2877 venientem

209 2911 543 2980 praecedunt,
573 2912 676 2965 nisi
707 2912 1094 2966 desideriorum
1133 2913 1433 2968 carnaliqu
1474 2911 1678 2975 turbas,
1709 2920 1800 2965 tu-

210 3004 525 3072 multusque
570 2994 865 3058 vitiorum?
913 3005 1004 3072 qui
1050 3005 1362 3074 priusquam
1407 3004 1562 3058 Jesus
1604 3005 1670 3056 ad
1708 3019 1802 3058 cor

210 3105 460 3148 nostrmn
493 3095 692 3160 veniat,
727 3096 1113 3152 tentationibus
1142 3097 1255 3150 suis
1281 3079 1660 3166 cogitationem
1706 3110 1804 3147 no-

210 3194 386 3240 stram
417 3185 698 3255 dissipant,
731 3195 786 3240 et
814 3200 972 3240 voces
1012 3188 1190 3240 cordis
1223 3187 1274 3239 in
1307 3187 1554 3240 oratione
1584 3195 1801 3254 pertur-

212 3276 387 3330 bant?
419 3276 574 3346 δωρθ
622 3291 854 3345 namque
906 3278 1030 3331 dum
1080 3277 1325 3332 converti
1373 3276 1438 3330 ad
1480 3278 1647 3331 Deum
1680 3283 1802 3345 post

210 3376 525 3437 perpetrata
569 3369 699 3423 vitia
739 3369 1013 3432 volumus,
1059 3370 1184 3424 dum
1222 3379 1409 3424 contra
1458 3371 1572 3424 haec
1613 3370 1801 3423 eadem

213 3474 448 3513 exorare
489 3460 636 3523 vitia,
673 3475 790 3529 qua:
831 3463 1258 3530 perpetravimus
1302 3477 1585 3527 conamur,
1614 3475 1803 3516 occur-

215 3561 348 3604 runt
379 3551 528 3606 cordi
568 3553 944 3624 phantasmata
981 3565 1348 3622 peccatorum,
1392 3571 1511 3625 qua:
1555 3554 1798 3620 fecimus,

215 3641 416 3695 mentis
457 3649 655 3696 nostras
694 3643 864 3696 aciem
908 3645 1272 3706 reverberant,
1313 3645 1648 3700 confundunt
1680 3645 1798 3698 ani-

216 3746 368 3785 mum
397 3773 412 3797 ,
458 3742 512 3787 et
546 3749 732 3789 vocem
771 3734 1167 3802 deprecationis
1205 3746 1474 3806 premunt.
1520 3738 1619 3803 Qui
1663 3753 1802 3807 prte-

217 3822 375 3876 ibant
410 3839 541 3894 ergo
570 3825 926 3894 increpabant
961 3842 1082 3880 eum
1112 3838 1170 3881 ut
1207 3837 1431 3891 taceret,
1465 3829 1588 3898 quia
1625 3829 1802 3898 prius-

217 3926 382 3982 quam
409 3913 565 3967 Jesus
604 3915 669 3967 ad
705 3931 800 3968 cor
829 3924 1072 3969 nostrum
1104 3917 1308 3981 veniat,
1343 3916 1476 3970 mala
1515 3931 1634 3985 quze
1665 3918 1800 3972 feci-

217 4018 363 4066 mus,
391 4004 702 4073 cogitationi
726 4014 920 4060 nostra:
947 4007 1395 4077 suisimaginibus
1422 4007 1585 4071 illisa,
1611 4009 1660 4061 in
1687 4009 1815 4077 ipsa.

218 4109 321 4148 nos
361 4102 548 4148 nostra
585 4095 831 4150 oratione
877 4097 1218 4150 conturbant.
1272 4097 1408 4152 Ecce
1445 4115 1605 4166 quem
1646 4099 1798 4152 turba

219 4183 467 4252 increpat
512 4193 571 4238 ut
617 4192 816 4250 taceat,
862 4187 1034 4256 magis
1078 4201 1142 4241 ac
1189 4188 1357 4256 magis
1404 4187 1624 4253 clamat,
1677 4190 1800 4259 quia

216 4280 423 4340 quanto
474 4274 723 4342 graviore
782 4274 1007 4327 tumultu
1067 4276 1450 4345 cogitationum
1505 4278 1800 4331 carnalium

215 4359 540 4430 premimur,
580 4369 727 4416 tanto
761 4364 993 4417 orationi
1037 4364 1286 4419 insistere
1321 4365 1596 4420 ardentius
1641 4367 1802 4422 debe-

217 4465 360 4504 mus.
390 4449 726 4507 Contradicit
756 4454 909 4507 turba
941 4469 1010 4507 ne
1057 4454 1369 4520 elamenms,
1403 4456 1530 4524 quia
1557 4467 1800 4525 peccato-

215 4555 339 4595 rum
377 4551 688 4597 nostrorum
733 4545 1106 4614 phantasmata
1145 4547 1460 4616 plerumque
1498 4557 1553 4602 et
1590 4549 1644 4602 in
1677 4565 1798 4604 ora-

217 4630 366 4685 tione
395 4632 657 4700 patimur;
687 4635 778 4687 sed
809 4635 1062 4688 nimirum
1101 4651 1323 4690 necesse
1358 4646 1442 4691 est
1465 4647 1523 4692 ut
1553 4654 1652 4693 vox
1681 4654 1801 4693 cor-

216 4721 299 4774 dis
337 4722 544 4786 nostri,
580 4738 686 4792 quo
728 4724 916 4778 durius
945 4726 1246 4794 repellitur,
1279 4743 1342 4782 eo
1375 4729 1638 4784 valentius
1669 4731 1800 4785 insi-

215 4823 347 4878 stat,
381 4823 646 4883 quatenus
683 4818 1021 4888 cogitationis
1071 4819 1270 4874 illicita:
1315 4823 1598 4876 tumultmn
1642 4840 1798 4892 supe-

214 4914 319 4969 ret,
353 4915 516 4973 atque
545 4905 612 4959 ad
639 4907 755 4974 pias
787 4923 944 4962 aures
976 4909 1189 4964 Domini
1226 4910 1508 4964 nimietate
1541 4927 1651 4966 sua:
1701 4914 1795 4966 im-

213 4997 565 5065 portunitatis
595 5008 855 5067 erumpat.
900 4999 1039 5054 Ecce
1067 5010 1193 5064 stat,
1226 5001 1315 5070 qui
1341 5011 1467 5055 ante
1497 5001 1792 5067 transibat,

215 5093 344 5162 quia
381 5091 506 5146 dum
546 5092 722 5147 adhuc
763 5095 947 5148 turbas
981 5095 1416 5164 phantasmatum
1460 5095 1511 5148 in
1551 5095 1795 5150 oratione

214 5185 469 5254 patimur,
497 5182 680 5239 Jesum
723 5185 1059 5253 aliquatenus
1108 5186 1458 5240 transientem
1501 5187 1783 5240 sentimus.

215 5277 350 5333 Cum
376 5291 506 5330 vero
533 5277 763 5331 orationi
783 5280 1132 5332 vehementer
1160 5276 1477 5340 insistimus,
1504 5285 1611 5330 stat
1635 5276 1790 5330 Jcsus

213 5379 275 5424 ut
303 5370 478 5424 lucem
507 5369 775 5435 restituat,
807 5371 932 5439 quia
958 5370 1100 5424 Deus
1125 5371 1178 5424 in
1205 5370 1366 5424 corde
1393 5369 1596 5438 (igitur,
1626 5379 1680 5423 ct
1701 5369 1790 5422 lux

215 5460 416 5514 amissa
459 5467 764 5528 reparatur.
809 5460 1021 5514 Caecum
1067 5461 1232 5530 igitur
1275 5459 1597 5513 clamantem
1634 5459 1789 5512 Jesus

219 5552 488 5607 transiens
526 5551 702 5615 audit,
747 5560 896 5605 stans
939 5551 1234 5608 illuminat.
1285 5552 1407 5620 quia
1458 5565 1554 5619 per
1602 5551 1790 5604 huma-

215 5644 441 5696 nitatem
479 5655 631 5694 suam
667 5641 882 5695 vocibus
909 5651 1108 5695 nostra:
1135 5642 1390 5696 caecitatis
1415 5639 1789 5709 Compatiendo

215 5734 468 5787 misertus
498 5740 600 5785 est.
635 5729 743 5786 Sed
771 5731 950 5784 lumen
978 5732 1131 5786 nobis
1157 5733 1341 5802 gratiae
1365 5745 1462 5800 per
1490 5729 1788 5784 divinitatis

213 5825 508 5908 potentiam
541 5823 754 5882 infudit.
805 5825 874 5882 Et
897 5825 1192 5883 notandum
1219 5823 1346 5899 quid
1379 5837 1522 5881 caeco
1547 5821 1785 5879 venienti

1900 1999 2066 2052 ctium
2113 2001 2504 2066 interruptione
2546 2003 2807 2067 variatur,
2836 2020 2955 2072 qua:
2986 2022 3015 2059 a
3042 2009 3196 2061 nobis
3243 2024 3486 2064 commu-

1900 2089 2044 2142 niter
2091 2103 2211 2140 cum
2257 2089 2540 2157 pecoribus
2595 2094 2864 2158 cernitur,
2914 2098 3004 2150 sed
3053 2097 3222 2152 lucem
3267 2115 3482 2170 quaera-

1899 2193 2042 2240 mus,
2070 2193 2230 2246 quam
2264 2179 2441 2232 videre
2465 2197 2585 2234 cum
2616 2182 2745 2236 solis
2784 2185 2985 2253 angelis
3010 2191 3296 2256 possimus,
3322 2206 3484 2260 quam

1899 2284 2002 2323 nec
2047 2269 2256 2322 initium
2291 2272 2538 2336 inchoat,
2587 2289 2684 2327 nec
2722 2275 2843 2330 linis
2883 2288 3162 2346 angustat,
3211 2283 3277 2336 ad
3322 2301 3486 2354 quam

1899 2358 2074 2414 lucem
2108 2361 2190 2414 via
2235 2361 2364 2414 fides
2389 2372 2490 2417 cst.
2526 2363 2812 2438 (Marinus)
2851 2368 3000 2424 Unde
3037 2381 3179 2427 recte
3205 2383 3260 2428 et
3290 2375 3489 2430 illumi-

1900 2460 2030 2506 nato
2043 2456 2454 2521 czeco.protinus
2469 2458 2846 2524 respondetur:
2871 2479 2887 2509 ‹
2901 2460 3142 2530 Respice,
3169 2464 3302 2520 fides
3327 2473 3414 2518 tua
3433 2477 3486 2520 te

1901 2545 2112 2599 salvum
2143 2545 2286 2600 fecit.
2316 2567 2331 2595 ι
2361 2547 2679 2617 Quicunque
2709 2551 2852 2605 enim
2891 2552 2993 2606 ﬁde
3026 2554 3180 2623 plena
3219 2557 3353 2625 petit
3382 2558 3486 2612 hoc

1902 2639 2044 2704 quod
2092 2639 2330 2708 expedit,
2361 2639 2506 2694 nullo
2535 2643 2694 2695 modo
2738 2643 2855 2710 ejus
2900 2643 3076 2699 fructu
3107 2647 3333 2701 carebit.
3380 2647 3486 2702 Re—

1902 2728 2060 2795 spicit
2091 2733 2232 2782 enim
2278 2731 2533 2785 Dominus
2558 2731 2622 2786 de
2651 2733 2824 2798 caelis,
2854 2744 2909 2788 et
2937 2735 3107 2792 ﬁdelis
3133 2737 3212 2792 sui
3252 2740 3487 2795 oratoris

1901 2833 2092 2887 preces
2121 2821 2440 2888 suscipiens,
2475 2821 2679 2876 salvum
2709 2826 2871 2879 faciet
2894 2840 3038 2891 eum,
3070 2829 3321 2897 quoniam
3362 2807 3492 2901 spc-I

1902 2909 2042 2962 ravit
2091 2910 2142 2962 in
2192 2911 2386 2979 ipsum.
2437 2911 2576 2965 Dicit
2621 2915 2764 2967 enim
2820 2916 2936 2984 ipsa
2978 2918 3230 2974 Veritas:
3265 2939 3284 2970 ι
3311 2924 3484 2978 Amen

1902 3000 2024 3054 dico
2069 3001 2249 3079 vobis,
2295 3002 2553 3072 quidquid
2596 3014 2814 3060 orantes
2856 3008 3068 3076 petitis,
3120 3012 3322 3066 credite
3356 3015 3484 3082 quia

1905 3093 2181 3160 accipietis
2237 3103 2291 3146 ct
2320 3094 2413 3147 lict
2454 3096 2606 3149 vobis
2661 3095 2854 3166 (Marc.
2901 3097 2999 3170 χι).
3039 3119 3058 3150 ι
3119 3100 3184 3154 Ει
3231 3103 3354 3171 quia
3389 3121 3486 3174 per

1905 3182 2181 3236 oculorum
2221 3191 2498 3252 aspectant
2545 3200 2685 3253 saepe
2731 3187 2890 3240 noxia
2940 3189 3376 3258 concupiscentia
3430 3195 3482 3248 in

1828 3252 1874 3314 (ἶ
1906 3282 2140 3326 mentem
2176 3274 2670 3342 iutrat,.sequitur:

1978 3362 2092 3414 Ain.
2124 3381 2139 3410 ι
2171 3361 2368 3416 Oculus
2393 3377 2544 3416 meus
2566 3364 2901 3432 deprzedatus
2921 3374 3006 3420 est
3028 3368 3259 3422 animam
3283 3386 3487 3439 meam,

1911 3471 1929 3503 ι
1979 3455 2028 3506 in
2057 3454 2263 3506 cunctis
2289 3454 2500 3507 ﬁliabus
2529 3455 2676 3510 urbis
2704 3472 2854 3510 mem.
2895 3477 2912 3510 ι
2976 3459 3128 3514 Nunc
3157 3461 3331 3517 reddit
3359 3479 3486 3518 cau-

1904 3559 2017 3598 sam
2047 3559 2213 3612 quare
2242 3544 2551 3612 pratdixcrit
2583 3546 2793 3599 ocuhun
2838 3562 2992 3600 suum
3037 3549 3295 3606 amictum
3343 3569 3483 3621 esse,

1902 3653 1968 3692 co
2006 3639 2147 3706 quod
2182 3653 2286 3690 non
2326 3646 2466 3690 esset
2506 3638 2738 3706 requies,
2769 3640 3020 3708 quoniam
3064 3657 3184 3696 cum
3215 3658 3314 3712 per
3339 3646 3487 3701 incu-

1901 3733 2037 3785 riam
2086 3739 2332 3800 aSpcctus
2375 3729 2678 3798 patefactus
2727 3730 2886 3784 fuerit
2948 3735 3228 3795 tentationi
3282 3737 3482 3804 aditus,

1899 3824 1988 3877 vix
2032 3821 2476 3891 tranquillitatem
2518 3821 2757 3875 inveniet
2798 3822 3010 3877 animus
3045 3825 3324 3890 turbatus,
3377 3829 3481 3884 nisi

1903 3913 1977 3966 illi
2032 3911 2343 3966 subvenerit
2391 3910 2586 3964 divinae
2631 3909 2845 3978 pietatis
2907 3912 3152 3968 intuitus.
3219 3915 3357 3971 Hinc
3399 3927 3484 3973 est

1902 4002 2043 4069 quod
2075 4002 2264 4054 beatus
2289 3997 2388 4052 Job
2420 4000 2491 4052 ait
2519 3999 2660 4070 (Job.
2690 4000 2807 4069 xm)
2833 4017 2846 4053 :
2884 4020 2901 4050 ι
2933 4000 3116 4071 l‘epigi
3147 4001 3322 4058 ftedus
3354 4020 3479 4060 cum

1871 4093 2071 4170 oculis
2111 4093 2266 4158 meis,
2306 4103 2363 4144 ut
2405 4107 2506 4145 nec
2534 4091 2750 4160 quidem
2786 4093 3080 4163 cogitarem
3109 4095 3175 4149 de
3197 4096 3422 4166 virgine.
3459 4120 3476 4151 ι

1875 4182 2107 4252 ’(ϐιτισ.)
2138 4181 2206 4236 Ut
2243 4183 2385 4236 enim
2426 4183 2781 4252 cogitationes
2832 4183 3012 4238 cordis
3055 4194 3202 4240 caste
3259 4201 3478 4244 servare

1901 4276 2184 4345 potuisset,
2210 4272 2383 4327 foedus
2411 4287 2531 4327 cum
2561 4273 2729 4328 oculis
2753 4274 2973 4343 pepigit,
3000 4289 3066 4328 ne
3091 4277 3240 4345 prius
3269 4278 3484 4335 incaute

1904 4367 2167 4435 aspiceret
2224 4358 2365 4433 quod
2436 4364 2774 4432 postmodum
2833 4365 2975 4418 intus
3029 4378 3253 4421 amaret.
3316 4367 3482 4425 Valde

1903 4471 2135 4524 namque
2178 4447 2259 4509 est
2301 4456 2440 4523 quod
2489 4468 2617 4508 caro
2662 4455 2911 4509 deorsum
2959 4456 3163 4521 trahit,
3215 4465 3270 4511 et
3313 4459 3479 4521 semel

1904 4549 2109 4614 species
2151 4545 2336 4600 forma!
2370 4545 2519 4599 cordi
2559 4560 2658 4615 per
2688 4545 2872 4600 oculos
2914 4546 3137 4618 illigata,
3178 4548 3268 4602 vix
3298 4551 3479 4620 magni

1903 4641 2209 4696 luctaminis
2250 4655 2410 4692 manu
2449 4640 2695 4694 solvitur.
2746 4638 2822 4693 Ne
2850 4655 2978 4709 ergo
3001 4642 3245 4709 quaedam
3273 4642 3478 4698 lubrica

1901 4733 1952 4785 in
2002 4731 2323 4798 cogitatione
2371 4745 2666 4792 versemus,
2713 4730 3098 4799 providendum
3146 4732 3300 4787 nobis
3349 4745 3471 4799 est;

1899 4823 2023 4890 quia
2067 4821 2262 4875 intueri
2305 4837 2408 4873 non
2447 4821 2598 4874 decet
2641 4821 2783 4888 quod
2833 4837 2938 4875 non
2981 4821 3105 4874 licet
3142 4824 3470 4892 concupisci.

1901 4911 1971 4966 Ut
1999 4911 2140 4967 enim
2181 4910 2372 4961 mumla
2414 4923 2564 4960 mens
2597 4908 2650 4961 in
2677 4909 3000 4978 cogitatione
3033 4919 3294 4975 servetur,
3333 4925 3361 4962 a
3399 4911 3477 4964 la-

1899 5003 2061 5056 scivia
2099 4999 2384 5068 voluptatis
2424 5014 2532 5053 suze
2573 5000 2904 5068 deprimendi
2953 5010 3077 5053 sunt
3117 5001 3280 5065 oculi,
3311 5003 3468 5070 quasi

1896 5095 2110 5163 quidam
2137 5102 2380 5161 raptores
2406 5093 2470 5146 ad
2497 5091 2724 5160 culpam.
2757 5090 2940 5160 Neque
2966 5091 3107 5145 enim
3133 5091 3242 5145 Eva
3271 5091 3472 5162 lignum

1894 5183 2119 5236 vetitum
2158 5181 2489 5251 contigisset,
2523 5180 2625 5234 nisi
2654 5183 2756 5235 hoc
2795 5182 2944 5251 prius
2988 5181 3202 5235 incaute
3232 5184 3469 5251 respice-

1893 5279 1994 5325 ret.
2041 5268 2312 5336 Scriptum
2349 5268 2544 5337 quippe
2582 5276 2667 5322 est
2696 5285 2708 5318 :
2740 5288 2756 5317 ι
2788 5268 2930 5321 Vidit
2971 5267 3164 5322 mulier
3191 5271 3333 5337 quod
3376 5269 3471 5323 bo-

1893 5377 2020 5416 num
2058 5356 2202 5416 esset
2237 5361 2435 5429 lignum
2478 5360 2543 5413 ad
2578 5359 2923 5423 vescendum,
2959 5369 3013 5413 et
3034 5359 3317 5429 pulchrum
3343 5375 3472 5415 oeu-

1895 5450 1982 5514 lis,
2013 5460 2336 5519 aspectuque
2375 5448 2723 5512 delectabile,
2761 5457 2815 5502 et
2842 5449 2962 5502 tulit
2996 5450 3061 5503 de
3091 5449 3266 5503 fructu
3301 5449 3464 5515 illius,

1891 5551 1946 5595 et
1977 5541 2210 5594 comedit
2236 5537 2384 5611 (Cen.
2425 5540 2531 5610 ιιι).
2566 5560 2583 5591 ι
2640 5538 2774 5592 Hine
2813 5554 2941 5608 ergo
2976 5541 3314 5609 pensandum
3359 5549 3463 5605 est,

1893 5640 2094 5701 quanto
2144 5632 2402 5686 debemus
2450 5630 2814 5686 moderamine
2873 5648 3002 5701 erga
3062 5632 3248 5688 i-llicita
3289 5633 3464 5686 visum

1890 5726 2236 5795 restringere,
2270 5739 2366 5777 nos
2394 5723 2484 5790 qui
2514 5722 2812 5776 mortaliter
2839 5723 3090 5788 vivimus,
3122 5724 3167 5777 si
3200 5732 3254 5777 et
3289 5731 3466 5777 mater

1890 5815 2182 5872 viventium
2209 5828 2303 5885 per
2332 5814 2517 5871 oculos
2547 5813 2615 5869 ad
2644 5819 2870 5870 mortem
2894 5813 3060 5870 venit.
3113 5813 3251 5870 Hinc
3294 5811 3460 5868 etiam
