3952 6312
487 367 625 422 1239
1164 370 1229 425 Β.
1272 370 1525 426 RABANI
1566 371 1785 430 MAURI
1822 371 2145 431 ARCHIEP.
2186 376 2493 433 MOGUNT.
2531 380 2815 437 OPERUM
2850 382 3031 438 PARS
3067 384 3152 439 lll.
3621 389 3753 444 £240

482 485 643 539 modo
677 487 776 539 sub
801 485 997 540 Iudaea:
1022 498 1177 551 voce,
1213 498 1335 555 quae
1363 485 1639 541 exteriora
1673 485 1906 541 videndo
1935 502 2065 543 con-
2091 489 2142 549 Α
2168 503 2289 569 nos,
2313 490 2407 560 qui
2436 492 2579 561 apud
2615 508 2673 549 se
2703 502 2823 549 erat
2851 495 3193 561 immortalis,
3224 498 3451 555 invenit.
3476 498 3587 554 Sed
3604 500 3758 569 hujus

483 577 785 645 cupiscens,
820 575 961 632 bona
1005 576 1265 632 interiora
1289 576 1621 646 perdiderat.
1672 576 1942 648 Propheta
1991 578 2071 633 di-
2172 562 2403 635 vulturis
2430 580 2619 637 oculus
2646 582 2747 638 fuit
2773 583 2889 654 ipsa
2916 583 3143 639 intentio
3166 595 3370 642 nostra;
3398 562 3757 645 resurrectio-

484 668 591 721 cit:
622 684 640 717 σ
669 664 867 723 Oculus
895 679 1051 722 “iens
1073 666 1412 738 depraedatus
1433 676 1518 723 est
1543 667 1779 722 animam
1808 682 2017 734 meam;
2042 689 2062 721 ι
2172 670 2277 735 nis,
2319 670 2445 740 quia
2479 672 2595 743 ipse
2636 674 2705 729 ad
2748 674 2985 730 triduum
3031 683 3279 731 mortuus
3315 679 3386 734 ab
3408 680 3617 735 eterna
3662 693 3758 735 nos

481 757 909 827 concupiscendo
958 757 1107 814 enim
1150 757 1418 823 visibilis.
1486 758 1784 815 invisibiles
1838 760 2069 815 virtutes
2172 770 2345 816 morte
2370 761 2638 819 liberavit.
2669 764 2762 820 Ille
2786 780 2888 836 ego
2915 765 3155 836 perﬁdus
3192 764 3503 824 Iudaeorum
3530 769 3758 839 populus

480 847 678 902 amisit.
705 846 837 915 Quae
862 862 992 918 ergo
1018 849 1333 904 interiorem
1358 849 1593 905 fructum
1617 864 1718 920 per
1738 850 2066 907 exteriorem
2170 850 2451 906 mortalem
2475 852 2628 919 vidit,
2652 853 2747 908 sed
2770 855 2915 924 quod
2939 864 3114 911 morte
3135 870 3232 911 sua
3254 865 3501 912 nostram
3529 868 3758 914 mortem

478 938 655 993 visum
675 938 928 1009 perdidit,
952 953 1048 1010 per
1074 938 1290 996 oculum
1319 940 1562 1011 corporis
1586 940 1806 1010 pertulit
1827 941 2067 1011 praedam
2172 940 2478 998 destrueret
2516 945 2739 1001 minimc
2762 947 3015 1002 attendit.
3065 946 3360 1018 Conspexit
3385 950 3605 1019 quidem
3637 950 3757 1005 vul-

479 1028 678 1084 cordis.
718 1027 871 1084 Unde
910 1029 1069 1085 nobis
1096 1029 1163 1084 ad
1186 1030 1597 1086 custodiendam
1624 1028 1806 1086 cordis
1846 1031 2067 1087 mundi-
2169 1038 2366 1098 turem,
2422 1034 2518 1090 sed
2554 1035 2739 1090 oculos
2776 1036 3006 1092 vulturis
3054 1052 3160 1092 non
3200 1040 3432 1110 aspexit,
3483 1039 3576 1108 qui
3631 1039 3760 1094 dum

480 1119 646 1183 tiam,
687 1125 1040 1175 externorum
1070 1135 1287 1191 quoque
1330 1135 1589 1176 sensuum
1620 1120 1901 1192 disciplina
1946 1136 2064 1178 ser-
2170 1119 2491 1178 humilitatis
2527 1122 2644 1191 ejus
2666 1125 2802 1190 vias,
2831 1124 3028 1195 quibus
3060 1139 3121 1180 se
3146 1141 3247 1183 nos
3274 1128 3343 1183 ad
3372 1126 3763 1182 alta'subleva-

480 1210 654 1265 vanda
697 1219 798 1267 est.
856 1210 996 1266 Nam
1028 1211 1367 1282 quantalibet
1404 1213 1606 1269 virtute
1650 1230 1806 1271 mens
1843 1214 2064 1284 polleat,
2169 1210 2266 1276 vit,
2298 1212 2645 1269 considerare
2675 1213 2867 1280 noluit,
2901 1215 3151 1271 semitam
3185 1217 3303 1272 avis
3327 1217 3639 1287 ignoravit:
3666 1230 3762 1270 ne-

478 1301 815 1371 quantalibet
838 1304 1102 1373 gravitate
1134 1304 1335 1375 vigeat,
1376 1305 1625 1362 carnales
1646 1314 1827 1363 tamen
1876 1321 2069 1363 sensus
2168 1317 2275 1372 que
2312 1304 2457 1358 enim
2496 1320 2726 1375 pensare
2772 1305 2998 1371 studuit,
3026 1306 3173 1376 quod
3208 1306 3325 1375 ejus
3360 1321 3461 1363 nos
3481 1306 3762 1361 humilitas

477 1393 681 1462 puerile
695 1394 948 1464 quiddam
960 1400 1652 1467 perstrepuntexterius,et
1670 1400 1771 1455 nisi
1794 1399 2069 1456 interioris
2169 1395 2476 1450 sublevaret
2504 1398 2570 1452 ad
2601 1397 2862 1463 coelestia,
2888 1404 2944 1452 et
2970 1398 3161 1454 mortis
3183 1395 3302 1465 ejus
3322 1386 3552 1453 ibtentio
3582 1396 3762 1451 refor-

478 1485 761 1553 gravitatis
787 1487 1046 1556 pondere,
1091 1495 1149 1544 et
1171 1489 1329 1559 quasi
1358 1488 1586 1558 juvenili
1620 1490 1853 1562 quodam
1882 1492 2068 1562 vigore
2170 1493 2343 1539 marel
2367 1485 2435 1539 ad
2459 1484 2646 1540 Vilam-
2678 1485 2938 1541 semitam
2969 1486 3136 1558 isillll'
3177 1486 3451 1557 ἱςηοηνίι
3491 1487 3633 1550 "is.
3661 1499 3763 1541 nec

476 1574 843 1642 refrenentur,
874 1577 942 1632 ad
964 1575 1108 1634 ﬂuxa
1128 1594 1356 1650 quaeque
1388 1590 1443 1635 et
1470 1581 1609 1636 levia
1636 1590 1874 1638 mentem
1905 1597 2065 1638 ener-
2169 1572 2396 1628 intuitus
2411 1582 2495 1629 est
2516 1574 2702 1635 oculos
2722 1574 2972 1640 vulturis,
2999 1575 3127 1645 quia
3147 1575 3249 1631 etsi
3270 1576 3405 1631 vidit
3424 1590 3575 1640 eum,
3591 1589 3760 1644 quem

475 1682 597 1721 vem
625 1667 864 1722 trahunt.
889 1666 1163 1724 Hactenus
1185 1671 1286 1726 sub
1304 1686 1437 1727 voce
1462 1671 1810 1727 lamentantis
1833 1673 2036 1743 prophe

2199 1678 2224 1715 n
2250 1671 2439 1717 -morte
2484 1665 2686 1729 tenuit,
2724 1665 2911 1720 videre
2949 1666 3122 1720 noluit
3154 1675 3354 1734 quanta
3396 1666 3524 1720 vita:
3558 1674 3760 1721 nostra

478 1766 528 1811 ta
560 1766 886 1828 conquestus
905 1769 990 1817 est
1011 1762 1225 1817 ruinam
1253 1765 1435 1834 populi
1472 1766 1578 1831 sui,
1605 1766 1689 1820 vel
1713 1767 1907 1821 animae
1939 1782 2067 1835 pec-
2170 1750 2341 1820 Βιοτίθ
2363 1752 2428 1806 de
2448 1750 2563 1820 eius
2592 1760 2765 1807 ηιθηθ
2801 1760 3142 1824 sequerewr-
3191 1753 3343 1809 unde
3365 1753 3434 1809 ad
3459 1754 3761 1809 ετιιάθίίίθ·

475 1851 725 1916 catricis;
746 1867 889 1907 nunc
902 1866 1033 1908 vero
1047 1852 1207 1909 aliam
1230 1854 1634 1911 introducturus
1645 1863 1729 1912 est
1753 1872 2036 1927 personam

2197 1857 2277 1898 em
2299 1858 2515 1913 quoque
2540 1845 2936 1914 persecutionis
2981 1845 3212 1911 exarsit,
3236 1845 3404 1900 verba
3431 1846 3557 1900 vita:
3577 1845 3758 1913 perci-

474 1957 594 2011 quse
614 1951 794 1997 tamen
817 1943 1068 2000 similiter
1086 1960 1243 2001 suam
1265 1946 1673 2017 oppressionem
1694 1950 2062 2019 conqueritur,
2168 1948 2297 2004 Ρθῐθ
2353 1934 2568 1999 rem“.
2622 1934 3006 2004 Ρτεάίοθίοτθδ
3054 1935 3207 2007 resni
3243 1934 3512 1991 οωιοτωη
3568 1935 3758 2004 thi‘

475 2034 572 2091 sed
598 2034 651 2087 in
675 2048 740 2089 eo
764 2034 942 2089 dill‘ert
962 2037 1105 2105 quod
1125 2052 1247 2092 eam
1274 2038 1408 2093 dicit
1428 2053 1550 2093 esse
1575 2039 1744 2109 gratis
1764 2039 1988 2106 factam,
2013 2057 2036 2095 ρ

1656 2039 1744 2094 itis
1764 2039 1988 2106 factam,
2013 2049 2070 2095 ει
2168 2028 2366 2092 bendo,
2392 2027 2687 2094 saeviendo,
2722 2027 2970 2083 feriendo
2999 2027 3217 2099 repulit.

475 2126 591 2179 sine
606 2139 789 2191 causa,
809 2127 952 2194 quod
965 2128 1111 2181 nullo
1126 2128 1287 2183 modo
1300 2128 1367 2183 ad
1393 2138 1731 2199 peccatorem
1758 2131 1851 2201 qui
1876 2144 2068 2201 poenas
2239 2116 2397 2170 δαάε·
2425 2134 2443 2167 ⁸
2472 2117 2648 2187 Lapsa
2670 2126 2755 2172 εει
2783 2118 2837 2173 in
2862 2119 3040 2173 Ῑεουω
3060 2118 3173 2173 Vi“
3202 2132 3345 2183 mea,
3372 2122 3429 2173 εί
3460 2126 3760 2187 posuerunt

475 2219 698 2273 meritas
723 2219 956 2274 sustinet
975 2234 1073 2289 per
1087 2218 1534 2291 significationem
1553 2221 1839 2277 transferri
1861 2231 2036 2292 potest

2222 2206 2458 2276 lapidem
2488 2222 2653 2276 super
2679 2223 2784 2262 me.
2821 2228 2839 2258 ι
2892 2207 3183 2277 (Μλωιυε.)
3219 2206 3355 2262 Cum
3400 2208 3652 2277 superius
3679 2206 3756 2262 di-

476 2307 631 2364 Unde
662 2318 878 2379 oportet
907 2319 967 2364 ut
1002 2311 1102 2365 sub
1124 2325 1359 2381 persona
1387 2310 1557 2380 ipsius
1580 2312 1858 2382 prophetae
1890 2313 2031 2368 susci

2193 2299 2337 2354 :isset
2358 2299 2646 2354 venatione
2681 2314 2739 2353 se
2764 2299 2920 2368 quasi
2974 2313 3129 2354 avem
3160 2306 3401 2368 captam,
3432 2314 3577 2354 nunc
3608 2298 3754 2352 addit

476 2399 689 2466 piamus
734 2399 835 2453 viri
884 2398 1168 2467 cujuslibet
1216 2399 1349 2469 justi
1387 2415 1707 2471 personam,
1760 2403 1847 2456 vel
1886 2402 2066 2471 potius
2169 2392 2335 2446 vitam
2374 2407 2525 2446 suam
2564 2392 2771 2463 lapsam
2800 2391 3083 2469 inlacum,
3122 2399 3178 2445 et
3216 2391 3448 2459 lapidem
3491 2404 3751 2460 superpo-

475 2488 589 2542 veri
618 2486 781 2544 Josiae
811 2491 1003 2556 nostri,
1034 2490 1201 2561 ipsius
1226 2490 1478 2547 videlicet
1504 2492 1717 2547 Domini
1745 2492 2036 2549 Salvatoris

2189 2483 2350 2538 situm.
2380 2484 2517 2549 Quid
2539 2489 2623 2539 est
2648 2499 2777 2554 ergo
2803 2484 2969 2537 vitam
2992 2483 3098 2538 labi
3119 2482 3176 2537 in
3200 2482 3397 2550 lacum,
3427 2484 3532 2537 nisi
3560 2497 3750 2552 corpo-

477 2579 568 2647 qui
605 2579 798 2633 merito
860 2579 1005 2635 salus
1028 2579 1264 2646 Domini,
1295 2580 1381 2636 vel
1428 2579 1694 2636 fortitudo
1719 2582 1936 2636 Domini
1984 2582 2066 2637 di-
2169 2573 2333 2628 ralem
2367 2575 2535 2628 vitam
2566 2575 2750 2629 venire
2792 2590 2963 2643 usque
3002 2575 3069 2629 ad
3099 2574 3403 2645 defectum?
3453 2574 3630 2647 Lapsa
3673 2586 3754 2631 est

477 2670 638 2735 citur,
666 2671 795 2740 quia
826 2671 893 2725 de
926 2686 991 2726 eo
1020 2672 1283 2742 scriptum
1310 2680 1393 2727 est
1418 2690 1431 2726 :
1467 2690 1486 2723 ι
1517 2672 1635 2742 Ipse
1669 2673 1815 2727 enim
1857 2673 2064 2742 salyum
2168 2678 2299 2735 ergo
2325 2666 2438 2717 vita
2464 2663 2666 2719 Christi
2707 2664 2765 2718 in
2798 2664 2999 2728 lacum,
3028 2665 3243 2733 quando
3266 2665 3383 2734 ejus
3410 2681 3541 2721 caro
3569 2681 3751 2736 perve-

477 2759 638 2815 faciet
660 2762 915 2830 populum
948 2776 1102 2815 suum
1142 2777 1174 2816 ε
1199 2762 1437 2831 peccatis
1464 2777 1654 2817 eorum
1687 2760 1901 2833 (Μαιιιι,
1937 2762 1998 2834 ι),
2037 2781 2057 2815 ι
2166 2754 2247 2807 nit
2268 2769 2440 2823 usque
2462 2754 2529 2807 ad
2556 2754 2750 2809 mortis
2782 2754 3091 2811 occubitum
3118 2772 3130 2809 :
3165 2756 3252 2810 cui
3294 2765 3753 2827 superposuernnt

480 2853 545 2906 Et
575 2853 640 2906 de
664 2868 769 2921 quo
792 2851 1063 2922 Propheta
1092 2853 1205 2907 ait:
1239 2872 1257 2905 ‹
1286 2853 1570 2910 Fortitudo
1596 2870 1717 2911 mea
1746 2862 1801 2909 et
1825 2854 2064 2910 laudatio
2166 2845 2433 2915 lapidem,
2480 2847 2696 2916 quando
2738 2862 2803 2901 eo
2849 2846 3059 2915 sepulto
3103 2847 3377 2917 petierunt
3419 2864 3450 2902 a
3490 2848 3668 2903 Pilato
3694 2856 3754 2904 ut

483 2958 601 2996 mea
658 2944 935 3008 Dominus,
982 2952 1037 2998 et
1065 2942 1239 3000 factus
1272 2954 1354 2998 est
1379 2944 1511 3000 mihi
1541 2944 1598 2999 in
1626 2944 1853 3000 salutem
1883 2943 2038 3016 (Psal

2186 2937 2374 2990 uberet
2416 2937 2677 2992 custodiri
2723 2937 3049 3005 sepulcrum,
3102 2951 3170 2992 ne
3214 2937 3354 2993 forte
3383 2939 3633 2995 venirent
3668 2940 3747 2995 di-

479 3032 669 3103 cxvn).
733 3051 750 3082 ι
812 3031 989 3101 Ipsum
1033 3044 1163 3103 ergo
1207 3031 1414 3087 inimici
1463 3032 1547 3086 sui
1590 3033 1758 3102 gratis
1787 3034 2060 3101 persecuti
2165 3025 2356 3096 scipuli
2398 3020 2515 3095 θ]υέ
2556 3025 2869 3081 furarentur
2910 3042 3055 3083 eum.
3088 3026 3295 3094 Quibus
3338 3044 3464 3083 cum
3518 3031 3632 3100 ipse
3670 3046 3751 3084 rt:-

482 3131 628 3186 sunt,
666 3122 919 3191 quoniam
946 3137 1068 3176 cum
1112 3120 1314 3175 nullam
1341 3122 1396 3176 in
1424 3136 1490 3177 eo
1537 3122 1841 3177 invenirent
1869 3125 2062 3179 mortis
2165 3117 2474 3186 sponderet.
2491 3115 2713 3183 Habetis
2732 3117 3055 3183 custodiam,
3073 3118 3166 3182 ite,
3186 3119 3457 3174 custodite
3485 3120 3624 3175 sicut
3650 3121 3754 3175 sei-

479 3230 725 3279 causam,
766 3216 1041 3286 petierunt
1086 3230 1117 3271 a
1141 3214 1319 3272 Pilato
1354 3223 1415 3272 ut
1443 3198 1858 3273 interﬁceretur.
1911 3218 2040 3274 Unde

2191 3208 2273 3261 is:
2308 3206 2385 3260 illi
2417 3208 2675 3262 abeuntes
2735 3209 3051 3263 munierunt
3094 3210 3441 3277 sepulcrum,
3480 3211 3752 3280 signantes

477 3307 821 3378 subiungitur
850 3324 865 3361 ε
2168 3292 2401 3363 lapidem
2430 3310 2553 3349 cum
2580 3296 2894 3351 custodibus
2924 3296 3139 3367 (Matth.
3163 3300 3360 3369 xxvii).
3399 3298 3586 3355 Potest
3606 3308 3663 3354 et
3699 3301 3753 3353 in

550 3397 710 3453 Sade.
742 3416 760 3448 t
794 3398 1085 3454 Venatione
1106 3406 1367 3470 ceperunt
1384 3411 1473 3453 me
1497 3398 1653 3469 quasi
1676 3413 1833 3453 avem
1860 3399 2066 3453 inimici
2166 3386 2270 3442 130i
2308 3387 2544 3454 nomine.
2577 3388 2662 3443 νει
2698 3387 2943 3444 infernus
2969 3389 3282 3461 deSignams
3322 3392 3519 3462 ποίων
3553 3392 3636 3447 V31
3671 3407 3754 3447 03‘

484 3510 503 3542 t
536 3492 643 3546 mei
675 3491 862 3561 gratis.
886 3512 905 3543 ι
930 3490 1223 3562 (Mannum)
1244 3490 1377 3547 Avis
1399 3491 1545 3548 enim
1575 3491 1793 3546 nomine
1820 3491 1937 3561 ipse
1962 3491 2067 3546 Do.
2166 3480 2379 3535 lamitas
2407 3480 2671 3551 profunda
2710 3481 2867 3536 istius
2892 3481 3101 3551 mund}.
3134 3480 3312 3537 Lacus
3340 3482 3561 3567 dicitur,
3593 3484 3751 3554 cujus

483 3585 661 3643 minus
683 3582 1037 3654 signiﬁcatur,
1066 3584 1159 3654 qui
1196 3582 1324 3639 licet
1356 3582 1412 3638 ir
1441 3591 1590 3639 terra
1618 3582 1685 3636 de
1708 3582 1918 3653 virgine
1945 3596 2060 3636 ma-
2168 3569 2364 3623 fundus
2392 3568 2543 3634 ἰδίειν
2567 3571 2693 3624 dum
2731 3571 2787 3624 in
2812 3586 2974 3625 “nam
3013 3571 3225 3626 foveam
3271 3568 3641 3628 Circumdéms
3666 3575 3753 3628 in-

477 3684 562 3729 tre
592 3675 663 3730 sit
704 3674 901 3738 editus,
930 3681 1110 3729 tamen
1131 3673 1379 3729 ctelestia
1402 3672 1650 3730 dsctrina
1679 3688 1776 3729 sua
1801 3682 1856 3728 et
1881 3687 2066 3728 exem-
2166 3658 2422 3714 dudm"-
2492 3656 2591 3713 Ηίθ
2628 3660 2792 3729 Plano
2830 3668 2981 3731 ιθτεο
3025 3661 3344 3716 intuendum
3389 3663 3562 3719 oculis
3618 3664 3754 3718 73133

478 3767 563 3836 p10
594 3780 809 3835 semper
842 3765 1001 3835 pem,
1025 3764 1374 3834 membraque
1408 3779 1506 3819 sua
1531 3764 1727 3819 δείδω
1753 3778 1869 3833 spe,
1908 3764 2064 3836 quasi
2165 3748 2555 3817 tranquillitate
2572 3747 2867 3814 blanditur,
2914 3750 3004 3805 sed
3028 3760 3292 3819 quantum
3344 3752 3417 3806 sit
3453 3752 3759 3822 profundus

476 3856 685 3912 duabus
726 3856 845 3922 alis,
878 3856 946 3911 ad
985 3869 1220 3927 superna
1252 3870 1466 3925 semper
1505 3854 1774 3919 sublevat,
1795 3854 1980 3908 dicens
2008 3854 2063 3907 in
2167 3840 2534 3896 abscondit“?-
2576 3839 2713 3895 Ηίηο
2739 3850 2796 3895 et
2824 3840 2878 3894 ίη
2904 3840 3118 3896 P5311110
3147 3843 3408 3910 εοτίριιιιη
3446 3854 3566 3899 θεῖε
3605 3865 3624 3896 ε
3651 3844 3759 3900 P0-

476 3946 806 4017 Evangeuo;
839 3964 857 3998 ε
889 3946 1136 4016 Regnum
1165 3960 1349 4019 meum
1381 3960 1490 4000 ηοη
1521 3952 1607 4000 ρει
1634 3944 1701 3999 de
1733 3945 1835 3999 hoc
1863 3944 2066 3998 mundo
2165 3938 2391 3986 suerunt
2424 3945 2510 3985 me
2542 3931 2596 3985 in
2624 3931 2742 3986 lacu
2773 3931 3040 3997 inferiori,
3078 3935 3130 3987 in
3173 3934 3428 3990 tenebras
3460 3944 3514 3990 et
3548 3936 3604 3989 in
3631 3953 3757 3991 um-

478 4036 660 4105 (Joan.
688 4036 866 4106 xvm).
908 4056 927 4087 ι
963 4035 1032 4088 Ει
1064 4035 1230 4089 item:
1265 4054 1283 4085 ι
1310 4035 1490 4099 Exivi,
1526 4034 1719 4103 inquit,
1759 4050 1789 4088 a
1818 4034 1981 4089 Patre
2009 4050 2039 4089 e

2193 4038 2261 4077 ira
2286 4022 2474 4077 mortis
2498 4021 2667 4091 (Psal.
2695 4023 2961 4092 Lxxxvn).
3003 4025 3046 4075 »τ
3066 4023 3362 4096 [Cassiod.]
3387 4024 3563 4079 Lacus
3598 4041 3754 4097 ergo,

474 4128 595 4182 veni
634 4127 689 4181 in
711 4126 1003 4189 mundum;
1043 4124 1240 4179 iterum
1265 4124 1511 4194 relinquo
1533 4124 1817 4194 mundum,
1847 4132 1899 4178 et
1924 4123 2035 4177 vadi

2202 4112 2500 4177 tdiximus,
2525 4127 2624 4181 pro
2651 4114 2863 4168 inferno
2888 4114 3131 4182 ponitur.
3158 4123 3212 4169 et
3239 4130 3339 4184 pro
3360 4116 3646 4185 sepultura
3676 4117 3758 4173 fo-

478 4219 545 4271 atl
570 4216 786 4271 Patrem
813 4214 994 4285 (Joan.
1021 4212 1155 4286 3m).
1188 4232 1207 4266 ι
1239 4213 1308 4267 Et
1332 4192 1587 4267 rursum}
1620 4230 1639 4263 t
1668 4213 1771 4280 Qui
1801 4212 1934 4277 vult,
1966 4213 2060 4279 ait,
2163 4202 2317 4265 veali,
2348 4212 2403 4257 et
2427 4218 2525 4272 pro
2562 4203 2745 4257 mundi
2784 4204 2941 4258 istius
2975 4204 3395 4272 profundissima
3438 4205 3759 4262 calamitate

478 4316 603 4377 post
624 4321 709 4360 me
734 4305 939 4367 venire,
958 4306 1187 4374 abneget
1207 4304 1649 4373 semetipsum,et
1668 4302 1822 4357 tollat
1845 4318 2063 4357 crucem
2164 4294 2417 4357 εθῐιιίιυΐν
2436 4294 2579 4361 Ψιοά
2605 4294 2691 4346 ΜΟ
2718 4292 2886 4347 νοιυίῐ
2916 4293 3163 4363 intelligi:
3188 4295 3313 4363 (ιυίει
3341 4310 3463 4349 eum
3488 4310 3755 4364 Ρετδεων

476 4412 627 4451 suam
655 4404 711 4449 et
740 4403 999 4464 sequatur
1040 4407 1128 4447 me
1166 4391 1382 4463 (Matth.
1406 4394 1542 4464 xvn).
1574 4413 1592 4446 ›
1645 4393 1721 4447 De
1750 4395 1853 4449 hac
1878 4409 1976 4448 ave
2007 4395 2064 4465 iq
2164 4393 2307 4437 tores
2342 4384 2423 4438 sui
2471 4384 2524 4436 in
2566 4382 2772 4449 alijecta
2819 4383 3011 4436 mortis
3051 4383 3359 4438 conditione
3411 4395 3752 4453 posuerunt,

472 4485 574 4539 Job
608 4485 871 4554 scriptum
909 4482 1163 4553 estt(Job.
1198 4483 1393 4551 xvm):
1436 4502 1453 4533 ι
1485 4481 1746 4536 Semitam
1794 4482 2062 4551 ignoravit
2090 4531 2140 4554 η
2166 4482 2223 4529 ιιι
2256 4473 2502 4543 quamvis
2533 4472 2732 4542 injuste
2768 4472 3061 4540 probarent
3099 4480 3396 4534 mortuum,
3423 4488 3529 4526 non
3570 4476 3758 4529 crede-

474 4531 572 4539 ---
608 4531 713 4539 --η
761 4531 871 4537 -__-
915 4531 1010 4538 ---ν
1199 4531 1352 4551 -----_,
1381 4531 1393 4536 -
1443 4531 1746 4536 -~-m--“*
1794 4531 2059 4551 Tn”.--
2273 4531 2290 4543 ,
2588 4531 2606 4542 ,
2771 4531 2786 4540 ,
3384 4531 3391 4534 .

474 4579 609 4640 avis,
645 4531 750 4629 nec
792 4531 1124 4629 intuitus‘est
1149 4572 1332 4627 oculos
1355 4571 1604 4626 vulturis.
1641 4592 1659 4624 ι
1700 4570 1903 4642 (Greg.)
1931 4571 2062 4637 Quis
2088 4531 2141 4589 Β
2168 4572 2289 4619 rent
2308 4563 2711 4626 vindicandum,
2745 4562 2799 4615 in
2822 4561 3083 4625 tenebris,
3113 4560 3167 4616 id
3189 4569 3293 4625 est,
3328 4560 3431 4615 sub
3460 4562 3756 4620 oblivionis

473 4668 576 4721 hoc
608 4670 659 4718 in
685 4667 801 4719 loco
827 4665 942 4718 avis
970 4663 1188 4729 nomine
1212 4663 1316 4716 nisi
1339 4660 1428 4717 ille
1452 4663 1721 4732 signatur,
1748 4661 1839 4730 qui
1867 4675 2063 4729 corpus
2165 4656 2405 4711 caacitate
2448 4654 2761 4708 derelictum
2792 4660 2952 4720 atque
2984 4651 3337 4720 praeteritum,
3389 4666 3552 4720 quem
3592 4668 3755 4709 nemo

473 4771 728 4811 carncum
760 4754 904 4824 quod
943 4750 1236 4822 assumpsit
1277 4753 1614 4807 ascendendo
1653 4752 1721 4805 ad
1769 4752 1971 4804 aethera
1998 4751 2064 4804 li—
2165 4747 2483 4818 requireret,
2509 4759 2665 4799 nemo
2700 4744 2950 4798 salvaret.
2979 4742 3037 4795 In
3066 4743 3255 4795 umbra
3280 4743 3471 4796 mortis
3494 4753 3755 4813 peccato-

474 4847 682 4900 bravit?
725 4845 815 4912 qui
841 4852 963 4913 apte
988 4856 1205 4912 quoque
1236 4842 1399 4896 etiam
1430 4840 1659 4894 vulturis
1704 4840 2063 4908 appellatione
2167 4853 2305 4920 rum,
2337 4836 2541 4891 indicat
2569 4834 2764 4898 locum,
2796 4833 2920 4901 quia
2956 4832 3149 4885 mortis
3168 4830 3607 4900 delinquentium
3635 4849 3754 4887 um-

472 4936 815 5005 cxpritnitur.
862 4933 1053 4986 γυιων
1082 4932 1280 5001 quippe
1312 4932 1438 4985 dum
1469 4928 1635 4994 volat,
1674 4930 1719 4984 si
1749 4930 1940 4999 jacens
1976 4943 2065 4983 ca-
2165 4927 2353 4981 brosos
2388 4939 2452 4979 ac
2493 4924 2809 4977 tenebrosos
2842 4921 3045 4991 patitur
3080 4935 3289 4982 manes,
3334 4922 3460 4974 dum
3500 4921 3585 4975 eis
3626 4938 3755 4991 gau-

476 5028 637 5079 llavcr
668 5023 950 5092 conspicit,
1004 5036 1061 5075 sc
1095 5023 1161 5075 ad
1207 5035 1361 5074 esum
1402 5018 1685 5073 cadaveris
1722 5017 1958 5085 deponit,
2006 5025 2061 5069 et
2166 5016 2310 5070 dium
2354 5028 2460 5067 non
2495 5012 2713 5075 relucet,
2743 5010 2835 5080 qui
2862 5015 3118 5079 perpetua
3159 5009 3393 5063 tristitiae
3419 5024 3531 5063 suae
3553 5010 3753 5067 obscu-

475 5118 790 5184 plerntnque
838 5128 895 5165 sc
945 5113 998 5164 in
1044 5116 1215 5163 morte
1263 5108 1493 5175 capitur,
1542 5105 1670 5159 dum
1718 5106 1785 5158 ad
1829 5113 2060 5158 mortem
2168 5106 2325 5158 ritate
2352 5104 2573 5157 dimersi
2604 5111 2747 5163 sunt.

477 5204 679 5258 animal
704 5202 770 5255 de
803 5201 1027 5255 summis
1056 5198 1221 5253 venit.
1261 5197 1428 5251 Recte
1453 5210 1583 5265 ergo
1608 5194 1871 5247 mediator
1895 5194 2061 5247 homi.
2240 5193 2400 5248 Sade.
2444 5211 2462 5243 ‹
2499 5192 2899 5246 [nuntiaverunt
2941 5204 3092 5258 aquae
3130 5203 3292 5259 super
3328 5200 3493 5259 caput
3530 5206 3746 5246 meum:

478 5314 606 5351 num
644 5296 955 5363 redemptor
988 5300 1174 5345 noster
1207 5289 1439 5343 vulturis
1478 5286 1836 5356 appellatione
1883 5286 2062 5353 signa~
2174 5302 2191 5334 t
2238 5283 2367 5347 dixi,
2400 5281 2593 5335 Perii.»
2624 5278 3012 5352 (Greg.).Aqua:
3036 5279 3089 5331 in
3114 5277 3397 5347 Scriptura
3445 5294 3609 5333 sacra
3650 5281 3747 5335 ali—

480 5398 593 5451 tur,
622 5387 714 5455 qui
743 5398 966 5438 manens
994 5383 1051 5436 in
1080 5380 1363 5435 altitudine
1413 5378 1710 5433 divinitatis
1747 5392 1876 5441 suae,
1906 5376 2061 5444 quasi
2169 5374 2381 5444 quando
2411 5371 2671 5441 Spiritum
2715 5377 2959 5425 sanctum
2979 5408 2994 5433 ,
3028 5368 3315 5437 aliquando
3345 5369 3641 5424 scientiam
3666 5387 3749 5425 sa-

482 5492 509 5529 a
532 5476 767 5545 quodam
790 5474 970 5527 volatu
995 5471 1223 5526 sublime
1248 5471 1478 5525 cadaver
1502 5469 1842 5523 mortalitatis
1868 5476 2065 5521 nostrae
2167 5481 2334 5529 cram,
2366 5463 2652 5532 aliquando
2700 5461 2982 5517 scientiam
3017 5475 3262 5530 pravam,
3313 5459 3615 5528 aliquando
3656 5462 3748 5515 tri-

484 5567 766 5635 conspexit
806 5566 856 5618 in
902 5564 1122 5627 inlimis,
1159 5571 1213 5616 et
1252 5576 1372 5617 sese
1402 5560 1469 5615 de
1506 5559 1816 5623 caelestibus
1854 5559 1919 5612 ad
1958 5560 2063 5612 ima
2165 5556 2513 5617 bulationcm,
2554 5552 2839 5622 aliquando
2866 5551 3156 5607 detinentes
3180 5548 3425 5619 populos,
3454 5550 3745 5619 aliquando

486 5656 755 5709 submisit.
806 5655 947 5708 Fieri
986 5655 1182 5723 quippe
1221 5661 1441 5721 propter
1478 5666 1577 5705 nos
1616 5651 1777 5705 homo
1819 5649 2068 5718 dignatus
2169 5657 2374 5703 mentes
2415 5648 2573 5701 ﬁdem
2610 5645 2946 5715 sequentium
2986 5645 3358 5697 demonstrare
3400 5640 3603 5697 solent.
3649 5643 3746 5696 Per

490 5754 591 5814 est,
622 5755 676 5801 et
712 5747 835 5802 dum
871 5754 1141 5801 mortuum
1188 5744 1390 5800 animal
1435 5743 1611 5813 petiit,
1653 5748 1885 5798 mortem
1927 5741 2067 5809 apud
2170 5754 2363 5807 aquam
2406 5738 2601 5808 quippe
2640 5734 2810 5791 sancti
2856 5733 3087 5801 Spiritus
3148 5732 3351 5789 infusio
3404 5733 3744 5802 designatur,
