3952 6314
196 401 332 456 1241

1072 399 1430 456 EXPOSITIO
1469 400 1695 456 SUPER
1733 398 2095 455 JEREMIAM.
2134 430 2201 440 --
2240 400 2367 456 LIB.
2408 400 2548 456 XIX.

3319 408 3463 461 1242

194 516 336 570 sicut
368 515 425 568 in
447 513 735 583 Evangelio
770 513 967 567 dicitur
992 528 1008 569 :
1038 530 1055 562 ι
1085 512 1188 579 Qui
1213 512 1388 566 credit
1414 512 1469 566 in
1498 527 1608 577 me,
1638 510 1779 564 sicut
1804 514 1858 571 Α
1882 511 2018 568 alius
2043 513 2307 583 propheta
2343 514 2407 567 ad
2442 514 2616 582 ipsum
2643 513 3058 584 Iledemptorem
3102 517 3337 586 loquitur
3375 521 3460 577 di-

194 606 329 660 dicit
376 606 672 676 Seriptura,
724 604 941 660 ﬂumina
986 605 1052 659 de
1079 613 1266 660 ventre
1294 603 1408 672 ejus
1428 604 1596 661 ﬂuent
1628 618 1781 673 aquae

192 695 332 751 vivae
355 696 539 768 (Joan.
571 696 686 767 vn).
723 714 740 748 ι
771 696 873 753 Ubi
903 694 1231 767 evangelista
1265 703 1480 751 secutus
1504 694 1777 766 adjunxit:

201 804 223 839 ι
262 786 378 842 Hoc
399 795 579 842 autem
602 787 740 843 dixit
765 786 833 843 de
873 786 1088 858 spiritu,
1115 802 1277 857 quem
1309 788 1583 857 accepturi
1624 794 1782 841 erant

194 877 480 933 credentes
540 879 594 932 in
645 892 789 933 eum.
840 896 859 929 ι
925 876 1159 934 Rursum
1208 893 1307 947 per
1372 893 1566 947 aquam
1626 892 1783 933 sacra

194 962 426 1021 scientia
452 967 781 1036 designatur,
825 966 966 1020 sicut
993 966 1228 1021 dicitur:
1261 987 1279 1018 ι
1310 968 1461 1035 Aqua
1506 967 1783 1038 sapientiae

192 1054 452 1110 salutaris
472 1055 679 1125 potavit
703 1068 797 1110 eos
828 1053 999 1125 (Eccl.
1025 1054 1136 1126 xv).
1168 1076 1186 1107 ι
1220 1054 1325 1111 Per
1347 1072 1541 1127 aquam
1570 1072 1785 1126 quoque

192 1160 362 1215 prava
413 1147 639 1201 scientia
688 1145 945 1217 appellari
988 1147 1148 1213 solet,
1190 1147 1330 1202 sicut
1368 1148 1508 1217 apud
1533 1146 1781 1203 Salomo-

194 1250 323 1290 nem
368 1236 562 1291 mulier
613 1252 732 1306 quae
784 1244 971 1307 typum
1013 1238 1285 1293 haereseos
1347 1245 1527 1303 tenet,
1575 1238 1784 1293 callidis

195 1327 546 1382 suasionibus
574 1327 869 1390 blanditur,
901 1326 1123 1382 dicens:
1161 1346 1179 1378 ‹
1211 1326 1380 1397 Aqua:
1408 1326 1624 1381 furtivae
1667 1325 1783 1380 dul-

193 1415 375 1471 ciores
398 1428 522 1471 sunt
543 1414 726 1487 (Prov.
752 1414 851 1485 ix).
884 1436 901 1466 ι
937 1415 1212 1483 Aquarum
1248 1431 1376 1487 ergo
1402 1416 1620 1471 nomine
1647 1429 1783 1469 non-

193 1524 475 1578 nunquam
520 1507 695 1564 solent
743 1506 1118 1563 tribulationes
1182 1507 1443 1579 intelligi,
1501 1508 1641 1562 sicut
1686 1522 1784 1577 per

192 1599 535 1655 Psalmistam
580 1599 779 1653 dicitur
814 1615 872 1653 ε(
914 1596 1132 1654 Salvum
1179 1613 1267 1653 me
1295 1597 1403 1662 fac,
1444 1599 1607 1663 Deus,
1648 1612 1783 1667 quo-

193 1688 348 1742 niam
403 1688 743 1743 intraverunt
791 1700 943 1756 aquae
994 1701 1162 1755 usque
1209 1687 1278 1743 ad
1327 1688 1559 1742 animam
1605 1702 1782 1741 meam

192 1777 371 1849 (Ρωι.
409 1779 621 1851 ωινιιι).
648 1798 675 1829 ν»
704 1778 808 1832 Per
835 1793 1032 1847 aquam
1059 1778 1243 1849 populi
1272 1779 1641 1849 designantur,
1673 1778 1781 1833 sic-

1883 616 2043 656 cens:
2074 621 2092 653 ‹
2118 602 2195 655 'l‘u
2226 609 2402 656 autem
2427 602 2481 655 in
2501 604 2760 674 sanguine
2791 606 3097 659 testamenti
3126 608 3199 661 tui
3228 607 3462 667 eduxisti

1882 691 2091 745 vinctos
2118 698 2239 745 tuos
2266 691 2334 745 de
2358 689 2498 753 lacu,
2528 691 2580 744 in
2601 707 2708 761 quo
2729 707 2835 747 non
2862 702 2948 748 est
2972 708 3112 763 aqua
3138 693 3323 765 (Zach.
3353 696 3415 767 ι).
3437 715 3459 750 ι

1882 780 2153 835 lnvoeavit
2175 795 2310 856 ergo
2342 780 2671 850 Redemptor
2710 794 2897 838 noster
2924 799 3122 839 nomen
3154 784 3365 841 Domini
3397 788 3463 844 de

1882 870 2003 926 lacu
2041 870 2355 935 novissimo,
2388 884 2511 925 cum
2544 870 2599 924 in
2627 872 2825 927 virtute
2861 874 3159 930 divinitatis
3187 876 3464 931 descendit

1884 964 1951 1017 ad
1975 960 2201 1025 inferos,
2232 969 2288 1015 et
2320 962 2610 1017 destructis
2640 962 2889 1019 claustris
2916 966 3133 1031 tartari,
3168 982 3296 1022 suos
3325 982 3462 1035 quos

1883 1053 1957 1107 ibi
1987 1054 2186 1123 reperit
2212 1066 2405 1107 eruens
2434 1054 2607 1108 victor
2632 1054 2697 1108 ad
2725 1069 2949 1132 superos
2992 1058 3253 1113 ascendit.
3308 1055 3460 1128 (Cas—

1882 1145 2041 1216 siod.)
2063 1143 2335 1199 lnfernum
2354 1160 2484 1202 vero
2513 1161 2621 1201 non
2646 1146 3087 1203 irrationabiliter
3118 1148 3342 1204 forsitan
3375 1165 3462 1203 ar-

1883 1236 2149 1290 bitramur
2173 1250 2294 1291 esse
2320 1237 2420 1292 sub
2460 1238 2641 1301 terris,
2677 1253 2799 1293 cum
2831 1238 2885 1291 in
2910 1236 3092 1292 Veteri
3117 1239 3460 1294 Testamento

1885 1323 1951 1379 de
1978 1324 2187 1379 Dathan
2219 1333 2273 1379 et
2295 1325 2497 1380 Abiron
2528 1326 2723 1397 legitur
2771 1326 2963 1397 (Num.
2998 1331 3145 1399 xvi):
3184 1346 3203 1379 ί
3239 1330 3464 1398 Aperuit

1883 1432 1941 1472 se
1982 1426 2147 1484 terra,
2175 1426 2230 1472 et
2260 1416 2540 1488 deglutivit
2575 1434 2688 1485 eos,
2716 1429 2771 1474 et
2808 1420 2918 1475 vivi
2954 1419 3351 1496 descenderunt
3395 1421 3464 1475 ad

1883 1505 2102 1562 inferos.
2139 1526 2157 1559 ι
2206 1506 2313 1561 Sed
2348 1520 2455 1576 quo
2486 1506 2678 1561 itinere
2722 1508 2847 1562 illuc
2888 1508 3082 1563 animae
3112 1508 3455 1563 transferan-

1883 1603 1989 1663 tur,
2018 1596 2272 1666 quoniam
2316 1596 2369 1649 in
2402 1595 2726 1649 auctoritate
2766 1594 2949 1649 divina
2979 1611 3084 1650 non
3115 1597 3326 1666 legitur,
3360 1597 3462 1650 ha-

1881 1685 2070 1740 bemus
2096 1684 2382 1740 incertum.
2414 1683 2687 1738 Inl'ernum
2716 1692 2898 1738 autem
2925 1684 3124 1739 habere
3153 1684 3463 1741 inferiorem

1884 1784 2111 1847 partem,
2144 1775 2419 1847 Evangelii
2463 1775 2615 1830 locus
2648 1775 2738 1830 ille
2768 1783 2995 1830 testatur
3022 1776 3113 1844 qui
3154 1775 3305 1841 dicit,
3340 1790 3464 1832 cum

190 1877 255 1923 ut
311 1884 407 1937 per
436 1867 696 1924 Joannem
730 1869 926 1924 dicitur
958 1887 970 1922 :
1003 1888 1022 1920 ι
1062 1870 1232 1940 Aquae
1268 1885 1399 1925 vero
1431 1878 1557 1924 sunt
1593 1868 1778 1939 populi
1810 1858 1853 1917 Β
1882 1866 2102 1935 impium
2150 1866 2369 1921 divitem
2415 1864 2582 1919 ultrix
2637 1863 2854 1918 ﬂamma
2904 1871 3209 1933 torqueret,
3258 1865 3464 1919 levasse

194 1959 383 2031 (Apoc.
410 1960 564 2031 xvn).
602 1980 620 2013 ι
654 1961 760 2015 Per
790 1975 987 2029 aquam
1013 1977 1227 2031 quoque
1261 1978 1367 2017 non
1399 1963 1573 2017 solum
1600 1962 1778 2017 ﬂuxus

192 2050 595 2106 decurrentium
622 2050 962 2120 pepulorum,
997 2052 1090 2106 sed
1122 2052 1285 2106 etiam
1318 2054 1582 2109 honorum
1621 2068 1776 2107 men—

193 2148 281 2197 tes
306 2140 429 2195 ﬂdei
458 2141 872 2211 prtedicamenta
896 2141 1237 2211 sequentium
1268 2142 1641 2211 designantur,
1671 2142 1777 2196 sic-

193 2238 256 2284 ut
288 2230 549 2299 prOpheta
579 2229 655 2282 ait
680 2246 693 2282 :
729 2248 748 2279 ‹
788 2228 939 2282 Beati
966 2229 1057 2298 qui
1087 2230 1370 2284 seminatis
1397 2244 1560 2299 super
1587 2245 1777 2285 omnes

195 2334 367 2389 aquas
408 2319 543 2391 (lsa.
596 2322 793 2391 xxx").
833 2339 852 2372 ›
908 2321 974 2374 Et
1016 2336 1115 2389 per
1152 2321 1494 2375 Psalmistam
1541 2322 1774 2376 dicitur:

200 2427 220 2461 ‹
258 2409 376 2463 Vox
407 2409 620 2463 Domini
663 2424 825 2478 super
875 2425 1043 2478 aquas
1080 2409 1252 2481 (Psal.
1285 2414 1501 2481 xxvni).
1540 2432 1559 2465 ›
1610 2414 1779 2481 Aqua:

194 2514 324 2569 ergo
350 2514 511 2569 super
531 2508 690 2568 caput
705 2498 1080 2567 Redemptoris
1105 2499 1538 2555 inundaverunt:
1565 2502 1779 2570 quando

193 2588 441 2644 seditiosi
470 2589 651 2658 populi
681 2586 992 2642 Judaeorum
1020 2590 1454 2656 persecutionem
1505 2599 1780 2645 moventes

191 2677 462 2732 divinitati
487 2678 861 2747 Redemptoris
886 2677 1256 2732 detraxerunt.
1283 2678 1456 2748 Caput
1475 2693 1605 2734 vero
1623 2677 1781 2733 Chri-

192 2770 261 2824 sti
296 2778 382 2823 est
406 2770 567 2846 Deus,
616 2777 675 2821 ut
714 2767 1003 2836 Apostolus
1058 2774 1325 2822 testatur:
1351 2768 1448 2823 Cui
1480 2768 1781 2824 invidentes

191 2857 367 2915 Judaei
396 2858 651 2913 dixerunt
682 2857 749 2911 ad
779 2856 1009 2910 Pilatum
1036 2874 1047 2908 :
1098 2876 1117 2907 ι
1153 2857 1264 2911 Nos
1298 2856 1470 2926 legem
1497 2858 1778 2921 habemus,

191 2959 245 3005 et
283 2951 581 3005 secundum
619 2950 789 3020 legem
827 2949 986 3003 debet
1016 2950 1181 3013 mori,
1221 2932 1346 3018 quia
1366 2949 1565 3003 Filium
1591 2949 1690 3002 Dei
1723 2964 1783 3003 se

192 3038 322 3095 fecit
363 3037 545 3110 (Joan.
576 3038 711 3107 xu).
768 3037 1057 3108 [Cassiod.]
1102 3039 1367 3093 Deitatem
1406 3055 1537 3095 vero
1580 3039 1783 3094 Christi

192 3130 579 3199 impassibilem
624 3137 816 3183 cuncta
852 3131 1050 3184 mentis
1075 3131 1280 3185 sanitas
1304 3130 1611 3186 conﬁtetur.
1665 3130 1774 3186 Sed

192 3221 487 3291 assumpsit
516 3220 882 3274 inﬁrmitatem
921 3229 1188 3285 nostram,
1211 3235 1332 3289 quae
1367 3220 1645 3290 subjacere
1675 3236 1772 3290 po-
1800 3189 1846 3251 Ο

192 3314 388 3369 tuisset
412 3313 593 3368 exitio.
622 3312 773 3368 Unde
796 3313 885 3367 hic
914 3313 1175 3383 scriptum
1196 3321 1282 3369 est
1303 3332 1318 3369 :
1349 3333 1368 3364 ι
1395 3314 1540 3380 Dixi,
1563 3314 1731 3381 Perii,
1752 3334 1771 3367 ›

193 3403 298 3461 hoc
326 3410 412 3457 est
446 3422 459 3455 :
492 3416 661 3471 usque
687 3402 753 3456 ad
793 3402 985 3457 mortis
1025 3404 1232 3457 exitum
1270 3404 1510 3472 perveni.
1546 3403 1626 3457 Ex
1664 3403 1779 3473 ipsa

191 3508 323 3563 ergo
335 3491 733 3562 dispensatione
753 3490 949 3545 clamat
969 3491 1022 3545 in
1038 3490 1264 3547 Psalmis
1278 3492 1461 3548 dicens
1477 3508 1490 3544 :
1510 3509 1531 3542 ι
1556 3490 1777 3548 Salvum

193 3599 283 3640 me
307 3582 413 3649 fac,
456 3582 628 3646 Deus,
661 3582 913 3650 quoniam
955 3582 1293 3636 intraverunt
1329 3597 1482 3651 aqua:
1512 3596 1683 3651 usque
1711 3582 1781 3639 ad

194 3672 432 3728 animam
450 3684 653 3725 meam:
680 3688 698 3722 ι
719 3679 779 3723 ut
792 3669 917 3738 quia
937 3676 1167 3724 mortem
1189 3668 1433 3739 refugere
1446 3678 1559 3725 non’
1572 3669 1778 3735 debuit,

194 3777 361 3833 quam
399 3760 701 3816 voluntarie
745 3759 1062 3823 sustinebat,
1116 3760 1534 3830 resurrectionis
1580 3760 1781 3816 auxilio

201 3853 514 3909 humanitas
538 3850 652 3918 eius
685 3850 914 3906 celerius
944 3850 1059 3905 ﬁeri
1098 3850 1247 3904 salva
1267 3852 1546 3920 potuisset.
1578 3850 1781 3907 Passus

197 3952 283 4000 est
315 3942 458 3997 enim
497 3939 603 4003 ille,
642 3939 766 4007 quia
801 3937 988 3992 voluit.
1042 3937 1330 3992 Patiuntur
1364 3949 1654 4009 martyres,
1686 3941 1780 3995 sed

197 4032 463 4089 nolentes.
490 4030 580 4084 Sic
600 4029 744 4084 enim
768 4028 881 4096 ipse
893 4028 1150 4083 Dominus
1165 4027 1325 4083 Petro
1346 4030 1483 4084 dixit
1505 4032 1777 4099 apostolo:

207 4144 224 4175 ι
256 4123 391 4178 Cum
423 4121 666 4177 senueris
699 4120 837 4174 alius
871 4126 925 4176 te
949 4120 1145 4188 cinget,
1174 4127 1229 4173 et
1262 4120 1421 4175 ducet
1444 4136 1550 4190 quo
1592 4129 1649 4174 tu
1672 4136 1781 4176 non

199 4215 286 4268 vis
313 4211 496 4284 (Joan.
520 4219 634 4279 ni)
658 4228 671 4261 :
698 4229 716 4259 ι
749 4222 893 4263 nunc
922 4224 1085 4263 causa
1114 4209 1356 4263 redditur
1383 4225 1552 4279 quare
1577 4225 1635 4266 se
1669 4212 1779 4267 sal-

199 4319 331 4358 vum
366 4302 482 4355 ﬁeri
522 4299 846 4370 postulabat,
895 4298 1096 4353 scilicet
1141 4298 1397 4366 quoniam
1445 4300 1783 4355 intraverunt

201 4408 359 4464 aquae
394 4405 564 4460 usque
586 4391 652 4444 ad
677 4391 910 4443 animam
940 4388 1072 4457 ejus.
1098 4387 1282 4457 Aquas
1304 4402 1404 4458 pro
1428 4389 1782 4445 seditionibus

201 4484 378 4556 plebis
417 4491 672 4550 motuque
712 4480 1028 4549 populorum
1070 4478 1268 4534 debere
1307 4481 1539 4549 suspici,
1589 4482 1781 4549 saepius

202 4575 389 4632 divina
414 4572 689 4641 Scriptura
714 4577 960 4635 testatur,
997 4569 1137 4624 sicut
1166 4569 1293 4623 illud
1335 4578 1455 4625 est:
1488 4590 1505 4621 ‹
1535 4570 1782 4626 Forsitan

202 4662 356 4719 velut
378 4676 518 4729 aqua
547 4659 951 4715 absorbuissent
975 4672 1094 4713 nos.
1134 4678 1151 4708 ι
1178 4658 1245 4712 Ει
1284 4660 1563 4727 sequitur:
1598 4679 1615 4710 ι
1651 4659 1786 4714 Tor-

205 4763 421 4812 rentem
461 4752 803 4822 pertransivit
840 4750 1018 4804 anima
1045 4758 1251 4811 nostra,
1290 4749 1517 4803 forsitan
1540 4758 1787 4819 pertran-

206 4850 375 4904 sisset
428 4845 604 4898 anima
680 4850 860 4897 nostra
920 4857 1114 4911 aquam
1172 4841 1565 4896 intolerabilem
1612 4839 1783 4911 (Psal.

206 4936 401 5004 cxxui)
428 4955 440 4989 :
471 4955 489 4986 ι
521 4934 852 5003 Quapropter
880 4933 1104 5003 populus
1130 4931 1218 4986 ille
1242 4931 1495 4986 Judaicus
1524 4946 1691 5000 usque
1718 4933 1786 4987 ad

209 5031 449 5086 animam
499 5009 711 5081 Domini
762 5024 1054 5078 Salvatoris
1108 5024 1347 5085 intravit,
1402 5024 1616 5093 quando
1664 5038 1788 5078 eum

209 5116 528 5187 cruciﬁgere
559 5115 815 5169 scelerata
847 5122 1024 5167 mente
1052 5110 1412 5180 praesumpsit.
1448 5112 1513 5165 Et
1556 5113 1685 5179 quia
1731 5112 1785 5166 in

212 5222 376 5267 cruce
401 5214 645 5261 mortuus
669 5206 736 5259 ad
760 5204 1173 5273 depraedandum
1194 5200 1466 5256 infernum
1487 5202 1786 5268 descendit,

212 5300 494 5371 sequitur:

204 5444 211 5453 ,
288 5388 453 5459 Coph.
483 5406 501 5439 ί
531 5386 772 5441 lnvocavi
803 5399 994 5439 nomen
1022 5394 1171 5439 tuum
1201 5385 1265 5438 de
1292 5384 1410 5437 lacu
1436 5384 1779 5439 novissimo.»

217 5478 512 5555 (blaesus)
540 5476 677 5543 Quid
702 5475 842 5529 enim
877 5475 1053 5529 lacum
1085 5474 1456 5537 novissimum,
1485 5473 1588 5527 nisi
1618 5472 1785 5528 infer-

215 5586 349 5628 num
398 5566 701 5622 inferiorem
748 5562 1043 5632 intelligere
1097 5562 1402 5617 debemus?
1451 5563 1528 5615 De
1573 5578 1679 5631 quo
1730 5564 1785 5617 in

216 5660 435 5717 Psalmo
477 5656 732 5725 scriptum
762 5662 873 5708 est:
906 5672 923 5704 ‹
952 5653 1208 5722 Eripuisti
1253 5654 1487 5706 animam
1514 5668 1690 5708 meam
1721 5669 1787 5707 ex

219 5746 434 5805 inferno
476 5744 714 5801 inferiori
741 5741 911 5813 (Psal.
940 5746 1159 5812 Lxxxv).
1202 5765 1220 5797 ι
1260 5745 1331 5799 De
1366 5744 1467 5801 hoc
1498 5759 1625 5814 ergo
1666 5744 1786 5799 lacu

1877 1956 2061 2011 oculos
2112 1970 2257 2020 suos,
2309 1964 2364 2009 et
2408 1954 2464 2008 in
2510 1955 2631 2009 sinu
2670 1955 2902 2010 Abrahae
2944 1954 3148 2011 vidisse
3196 1954 3463 2009 Lazarum

1879 2046 2035 2118 (Luc.
2082 2045 2214 2117 xw).
2282 2044 2435 2100 Unde
2483 2054 2705 2115 apparet
2756 2054 3012 2115 utrosque
3065 2048 3206 2116 apud
3259 2045 3462 2101 inferos

1878 2136 2064 2202 fuisse,
2102 2144 2163 2190 ut
2198 2150 2256 2190 se
2282 2136 2467 2189 videre
2492 2134 2810 2199 valuissent,
2841 2144 2895 2191 et
2932 2135 3081 2191 illum
3120 2151 3186 2191 ex
3216 2136 3460 2192 inferiori

1877 2226 1997 2282 loco
2026 2226 2094 2281 ad
2124 2226 2404 2296 superiora
2427 2226 2611 2282 oculos
2641 2227 2900 2282 elevasse.
2947 2227 3053 2284 Sed
3090 2228 3213 2284 licet
3240 2229 3458 2298 utrique

1878 2316 2020 2384 apud
2046 2314 2252 2369 inferos
2280 2330 2403 2371 esse
2430 2315 2767 2381 viderentur,
2793 2331 2893 2385 pro
2929 2316 3246 2371 meritorum
3276 2326 3457 2370 tamen

1879 2405 2203 2460 discretione
2247 2404 2583 2479 superiorem
2628 2404 2806 2460 locum
2859 2405 3061 2460 sanctis
3085 2446 3098 2469 ,
3149 2404 3460 2461 inferiorem

1878 2495 2252 2566 peccatoribus
2289 2496 2479 2550 doctor
2502 2495 2835 2565 Augustinus
2876 2496 3110 2550 aestimat
3134 2510 3253 2551 esse
3287 2496 3456 2567 depu-

1880 2585 2121 2637 tandum.
2152 2582 2286 2637 Nam
2314 2590 2369 2637 et
2387 2582 2580 2638 beatus
2600 2580 2700 2637 Job
2728 2585 2803 2637 ait
2831 2583 2971 2653 (Job.
2999 2585 3164 2655 xvn):
3193 2603 3212 2636 ι
3247 2584 3301 2639 In
3328 2600 3457 2655 pro-

1880 2676 2254 2732 fundissimum
2294 2674 2563 2730 infernum
2592 2676 2919 2730 descendent
2956 2676 3137 2732 omnia
3170 2691 3307 2739 mea,
3337 2692 3461 2732 cum

1881 2777 1989 2825 stet
2014 2768 2157 2839 quod
2186 2768 2324 2838 apud
2359 2766 2558 2822 inferos
2582 2765 2714 2835 justi
2745 2781 2852 2822 non
2885 2768 2939 2821 in
2973 2767 3107 2823 locis
3136 2768 3455 2839 poenalibus,

1882 2860 1977 2915 sed
2014 2860 2071 2912 in
2109 2858 2372 2927 superiori
2416 2859 2614 2927 quietis
2651 2859 2772 2913 sinu
2814 2868 3144 2915 tenerentur.
3186 2880 3204 2912 ι
3253 2860 3457 2932 (Greg.)

1884 2946 2071 3017 Magna
2125 2947 2280 3002 nobis
2324 2947 2568 3002 oboritur
2615 2950 2842 3018 qurestio
2880 2950 3135 3019 quidnam
3194 2950 3281 3015 sit,
3311 2952 3456 3020 quod

1882 3039 2074 3094 beatus
2099 3036 2200 3091 Job
2232 3038 2430 3094 asserit
2452 3037 2655 3101 dicens,
2685 3039 2744 3093 ln
2768 3038 3247 3108 profundissimur'n
3294 3040 3461 3095 infcr-

1884 3143 2013 3182 num
2030 3127 2358 3182 descendent
2378 3128 2556 3181 omnia
2576 3142 2693 3183 mea
2715 3146 2727 3182 :
2753 3130 2875 3197 quia
2898 3130 3000 3185 etsi
3023 3139 3147 3185 ante
3170 3131 3457 3186 adventum

1878 3218 2192 3273 mediatoris
2217 3218 2310 3271 Dei
2338 3225 2391 3271 et
2414 3218 2690 3271 hominum
2721 3218 2775 3271 in
2804 3218 3072 3273 infernum
3097 3220 3456 3277 descensurus

1877 3318 2016 3374 erat,
2074 3309 2244 3378 liquet
2282 3317 2460 3364 tamen
2502 3310 2628 3379 quia
2661 3309 2717 3363 in
2756 3308 3457 3379 profu‘ndissimum‘infer-

1879 3415 2008 3454 num
2038 3400 2395 3455 descensurus
2430 3415 2539 3455 non
2566 3408 2703 3455 erat.
2736 3400 2819 3455 An
2860 3401 2977 3470 ipsa
3014 3405 3294 3473 superiora
3339 3402 3457 3461 ioca

1879 3489 2072 3544 inferni
2098 3488 2805 3558 profundissimum'vocant,
2830 3491 2955 3560 quia
2973 3492 3238 3559 videlicet,
3256 3506 3460 3563 quanto

1880 3581 1948 3635 ad
1983 3579 2369 3635 sublimitatem
2403 3579 2525 3635 cmli
2562 3583 2674 3649 jam
2709 3579 2869 3649 hujus
2911 3581 3052 3637 aeris
3089 3583 3318 3651 spatium
3351 3598 3458 3639 non

1879 3673 2076 3728 merito
2118 3674 2224 3727 dici
2280 3671 2523 3726 infernus
2555 3678 2777 3741 ‘potest.
2833 3671 2986 3727 Unde
3034 3688 3156 3728 cum
3203 3681 3459 3743 apostatae

1882 3763 2057 3833 angeli
2101 3778 2132 3816 a
2164 3762 2476 3817 cmlestihus
2517 3761 2735 3815 sedibus
2776 3761 2830 3814 in
2859 3762 2962 3816 hoc
3002 3762 3295 3831 caliginoso
3333 3777 3457 3817 aere

1844 3902 1845 3905 η
1882 3853 1993 3907 sint
2019 3853 2270 3918 demersi,
2298 3853 2489 3907 Petrus
2520 3838 2793 3921 apostolus
2815 3850 2945 3906 dicit
2978 3870 2990 3905 :
3024 3870 3042 3903 ‹
3076 3853 3294 3921 Angelis
3324 3870 3457 3923 pec-

1882 3941 2131 3996 cantibus
2162 3956 2267 3995 non
2292 3941 2551 4009 pepercit,
2582 3940 2676 3993 sed
2703 3940 3016 3994 rudentibus
3047 3939 3244 3994 inferni
3275 3942 3456 3996 detra-

1881 4043 1998 4089 ctos
2033 4033 2086 4086 in
2117 4040 2380 4086 tartarum
2422 4031 2642 4085 tradidit
2689 4031 2742 4084 in
2775 4029 2979 4098 judicio
3010 4032 3329 4087 cruciandos
3372 4049 3456 4088 re-

1880 4122 2086 4178 servari
2116 4120 2166 4188 (Ι
2176 4120 2199 4173 1
2229 4118 2345 4174 Pet.
2378 4120 2462 4189 ιι).
2502 4138 2520 4171 ι
2557 4118 2613 4172 Si
2645 4120 2825 4188 itaque
2851 4128 3112 4188 quantum
3142 4121 3207 4175 ad
3236 4120 3452 4175 celsitu-

1883 4212 2063 4266 dinem
2090 4209 2211 4264 coeli
2237 4224 2329 4265 aer
2348 4209 2449 4263 iste
2469 4207 2793 4277 ealiginosus
2808 4208 3049 4264 infernus
3070 4217 3175 4273 est,
3196 4220 3455 4279 quantum

1882 4302 1948 4356 ad
2000 4299 2235 4368 ejusdem
2279 4299 2420 4353 aeris
2465 4298 2802 4353 altitudinem
2841 4306 3019 4364 terrae,
3066 4315 3183 4368 qute
3226 4301 3451 4356 inferius

1877 4389 2050 4457 jacet,
2101 4396 2156 4442 et
2202 4387 2442 4442 infernus
2497 4386 2751 4457 intelligi,
2803 4397 2859 4442 et
2903 4388 3197 4457 profundus
3254 4399 3453 4459 potest,

1885 4488 2144 4549 quantum
2173 4492 2305 4533 vero
2332 4479 2399 4533 ad
2429 4476 2669 4544 ejusdem
2722 4487 2881 4533 terrae
2926 4480 3285 4547 altitudinem,
3318 4490 3372 4536 et
3401 4482 3456 4538 in

1886 4570 1976 4625 illa
2000 4570 2115 4625 loca
2143 4568 2337 4631 inferi,
2362 4582 2481 4637 quae
2504 4568 2783 4637 superiora
2811 4578 2936 4624 sunt
2961 4570 3080 4624 aliis
3107 4571 3457 4639 receptaculis

1887 4659 2083 4714 inferni
2109 4678 2120 4712 :
2146 4660 2249 4715 hoc
2284 4658 2401 4713 loco
2440 4674 2547 4712 non
2583 4660 2875 4728 incongrue
2914 4658 3109 4713 inferni
3136 4660 3452 4729 profundis-

1886 4751 2010 4805 simi
2052 4749 2404 4819 appellatione
2449 4748 2746 4818 signantur.
2793 4748 2923 4813 Qua:
2949 4749 3092 4818 quod
3128 4764 3220 4805 aer
3247 4751 3313 4804 ad
3344 4766 3458 4806 ca:-

1886 4838 2021 4903 lum,
2055 4846 2197 4892 terra
2229 4839 2296 4892 ad
2329 4850 2533 4902 aerem,
2562 4838 2664 4892 hoc
2704 4837 2793 4891 ille
2820 4847 2903 4891 est
2927 4839 3175 4907 superior
3216 4838 3455 4894 inferno-

1887 4945 2005 4984 rum
2042 4930 2191 4985 sinus
2236 4930 2302 4983 ad
2349 4938 2566 4983 terram.
2619 4927 2724 4982 Sed
2772 4929 2968 4982 mirum
3013 4929 3164 4985 valde
3202 4938 3285 4984 est
3312 4932 3456 5000 quod

1883 5018 2054 5089 jungit
2082 5037 2093 5070 :
2124 5038 2142 5069 ‹
2172 5019 2495 5074 descendent
2534 5019 2714 5071 omnia
2743 5033 2881 5072 mea.
2923 5036 2941 5069 ι
2994 5017 3127 5072 Cum
3159 5020 3300 5072 enim
3342 5020 3455 5075 sola

1888 5108 2066 5162 anima
2108 5109 2427 5164 descensura
2467 5117 2611 5163 esset
2654 5111 2719 5161 ad
2759 5108 2964 5162 inferna
2998 5108 3156 5161 loca:
3186 5110 3310 5178 quid
3350 5121 3450 5175 est,

1886 5199 2030 5268 quod
2068 5207 2283 5253 sanctus
2316 5200 2399 5251 vir
2430 5198 2553 5252 illuc
2592 5198 2832 5267 perhibet
2874 5196 3055 5251 omnia
3097 5212 3191 5251 sua
3236 5199 3456 5252 descen-

1888 5290 2017 5344 dere
2042 5308 2053 5342 :
2082 5290 2185 5345 nisi
2215 5289 2356 5357 quod
2410 5290 2482 5343 ibi
2519 5304 2575 5343 se
2602 5272 2920 5343 esse‘totum
2952 5288 3101 5351 vidit,
3130 5288 3217 5341 ubi
3247 5289 3456 5357 pondus

1888 5380 2341 5435 remunerationis
2372 5379 2656 5449 intelligit?
2684 5378 2807 5447 quia
2845 5379 2948 5432 hoc
2974 5378 3117 5446 quod
3148 5378 3456 5434 insensibile

1887 5488 1954 5526 ex
1985 5486 2043 5525 se
2072 5479 2191 5525 erat
2227 5471 2281 5524 in
2323 5477 2522 5523 terram
2564 5469 2789 5532 deserit,
2830 5481 3113 5537 quousque
3156 5468 3222 5522 ad
3281 5469 3455 5522 ineor-

1886 5560 2189 5629 ruptionem
2226 5561 2633 5615 resurrectionis
2674 5559 2860 5614 redeat
2895 5573 2955 5613 se
2982 5572 3101 5614 esse
3140 5574 3243 5613 non
3269 5561 3449 5614 sentit.

1888 5652 2078 5707 Omnia
2124 5653 2302 5719 itaque
2329 5666 2425 5704 sua
2468 5652 2522 5703 in
2554 5650 2821 5705 infernum
2858 5651 3332 5720 profundissimum
3365 5652 3455 5705 de-

1888 5757 2145 5800 scensura
2169 5742 2437 5811 perhibet,
2463 5741 2607 5812 quod
2621 5742 2789 5801 solam
2808 5742 3214 5814 suamjanimam
3232 5742 3453 5797 descen-
