3952 6322
442 382 583 438 ³1245

1081 382 1144 436 Β.
1185 377 1440 435 RABANI
1476 377 1698 435 MAURI
1736 377 2053 435 ARCHIEP.
2090 376 2403 436 MOGUNT.
2445 378 2729 437 OPERUM
2764 382 2947 440 PARS
2982 385 3067 442 ΠΙ.

3580 390 3719 446 19M

440 513 621 555 suram
660 498 837 562 videt,
877 496 1003 566 quia
1040 495 1113 550 ibi
1150 504 1295 550 totus
1329 502 1434 560 est,
1470 493 1563 547 ubi
1614 494 1815 548 sentire
1850 493 2021 561 possit
2049 493 2097 553 Α
2126 491 2258 554 nino
2297 492 2604 548 clamabat:
2641 512 2660 545 ι
2693 494 2857 549 Pater
2890 498 3058 565 juste,
3102 500 3335 555 mundus
3373 509 3430 555 te
3478 516 3584 556 ηοη
3626 520 3721 558 ρο.

437 589 582 660 quod
637 588 921 658 reciperet.
970 585 1070 641 Vel
1117 593 1264 641 certe
1320 584 1373 637 in
1426 584 1640 638 inferno
1688 582 1805 651 ejus
1845 584 2026 636 omnia

441 678 806 743 descendunt,
852 679 981 747 quia
1026 678 1269 731 laborum
1312 675 1555 730 omnium
1607 674 1894 729 retributio
1934 674 2027 729 ad-

438 769 546 825 huc
574 768 628 821 in
659 767 773 823 solo
804 777 922 824 erat
953 766 1165 822 inferno
1208 783 1221 819 :
1263 766 1355 835 qui
1384 775 1442 833 et
1480 764 1646 835 recipi
1675 765 2027 834 praestolaba-

439 868 547 923 tur,
584 868 639 913 et
668 858 822 929 quasi
853 858 981 916 illuc
1009 857 1287 912 descendit
1322 872 1482 911 omne
1508 857 1650 925 quod
1674 856 1804 926 egit,
1832 856 1923 925 qui
1953 856 2025 910 ibi

438 949 672 1019 quietem
690 948 1075 1007 retributionis
1100 964 1212 1003 suae
1235 963 1302 1003 ex
1330 948 1583 1003 omnibus
1610 947 1837 1001 invenit.
1871 945 2026 1003 Unde

436 1040 603 1092 etiam
638 1039 750 1108 ipsa
782 1039 937 1107 quies
973 1038 1285 1109 prrestolata
1327 1036 1685 1107 subjungitur,
1716 1050 1838 1090 cum
1882 1036 2025 1091 illico

440 1126 795 1182 subinfertur.
841 1127 1077 1183 Putasne
1116 1128 1309 1183 saltem
1353 1128 1423 1181 ibi
1458 1128 1564 1181 eri.
1611 1128 1826 1197 requies
1857 1128 2027 1182 mihi?

434 1218 493 1273 In
517 1217 712 1286 quibus
744 1218 1002 1272 nimirum
1024 1218 1205 1273 verbis
1235 1217 1526 1272 innotescit
1554 1218 1699 1286 quod
1731 1216 2023 1283 desiderat,

434 1315 491 1361 et
521 1315 699 1363 tamen
736 1322 858 1363 esse
895 1324 954 1363 se
992 1309 1168 1363 adhuc
1211 1308 1277 1362 de
1309 1308 1653 1379 suscipienda
1700 1310 1885 1380 requie
1929 1312 2027 1364 du-

437 1399 585 1487 bipm
619 1400 867 1469 designat
903 1418 915 1453 :
957 1414 1026 1453 ne
1054 1398 1207 1469 cujus
1249 1409 1437 1454 sancta
1474 1414 1663 1470 opera,
1701 1408 1779 1455 tot
1816 1399 2025 1470 ﬂagella

435 1499 622 1545 secuta
655 1500 782 1545 sunt
810 1490 1248 1559 occultojudicio
1277 1493 1494 1560 superni
1528 1492 1744 1563 judicis,
1784 1491 1998 1561 postlla

435 1580 569 1649 gella
600 1582 918 1651 temporalia
947 1582 1112 1635 etiam
1141 1597 1395 1637 mansura
1433 1591 1700 1637 tormenta
1731 1598 2023 1653 sequeren-

438 1678 544 1723 tur.
580 1671 694 1738 Qua
730 1673 783 1725 in
817 1687 875 1726 re
902 1688 1023 1726 cum
1052 1688 1247 1742 magno
1278 1674 1435 1727 nobis
1466 1673 1661 1728 timore
1687 1675 2025 1743 pensandum

434 1771 538 1840 est,
564 1762 685 1829 quis
716 1771 960 1816 nostrum
983 1761 1097 1831 jam
1130 1764 1197 1816 de
1223 1764 1407 1831 requie
1432 1772 1636 1818 aeterna
1663 1779 1888 1819 securus
1918 1764 2019 1819 sit:

437 1851 481 1904 si
524 1832 590 1905 de
619 1866 681 1904 ea
714 1852 891 1907 adhuc
919 1860 975 1907 et
1011 1853 1100 1907 ille
1131 1854 1385 1924 trepidat,
1421 1854 1574 1923 cujus
1605 1855 1858 1921 virtutes,
1888 1872 2024 1925 prte-
2051 1832 2098 1891 Β

430 1940 585 1994 conia
616 1949 669 1994 et
699 1941 811 2010 ipse
841 1950 896 1997 et
917 1943 1083 2013 judex
1112 1942 1203 2011 qui
1229 1945 1462 2013 percutit
1487 1945 1705 1998 clamat.
1726 1962 1757 2019 η(
1790 1944 1848 1999 Si
1877 1946 2021 1999 enim

422 2029 603 2099 justus
642 2033 733 2087 vix
774 2032 1093 2099 salvabitur,
1122 2035 1319 2103 impius
1347 2044 1401 2088 et
1430 2044 1685 2105 peccator
1728 2037 1827 2090 ubi
1861 2051 2020 2105 pare-

422 2119 566 2173 bunt
587 2123 610 2173 ?
633 2141 650 2171 ι
672 2121 719 2190 (1
744 2122 861 2176 Pet.
890 2124 987 2194 tv.)
1018 2124 1215 2180 Beatus
1240 2127 1438 2179 etenim
1468 2124 1567 2182 Job
1597 2128 1664 2181 ad
1693 2129 1933 2196 requiem
1961 2120 2023 2185 se

431 2218 552 2278 post
577 2202 784 2280 flagella
814 2225 1199 2281 perventurum
1232 2225 1478 2271 noverat.
1521 2215 1625 2271 Sed
1664 2228 1719 2271 ut
1748 2228 1933 2273 nostra
1965 2222 2021 2275 in

431 2300 626 2354 timore
676 2301 841 2357 corde
887 2312 1220 2367 concuteret,
1269 2306 1384 2375 ipse
1414 2292 1564 2360 vis'as
1598 2317 1682 2383 est
1714 2310 1781 2363 de
1818 2319 2021 2364 aeterna

434 2392 635 2461 quietis
676 2394 1033 2448 retributione
1076 2395 1326 2450 dubitare
1370 2413 1494 2450 cum
1544 2388 1713 2451 dicit:
1758 2400 2015 2464 Putasne,

432 2491 491 2534 ut
521 2498 639 2548 nos,
665 2483 934 2549 videlicet,
963 2486 1363 2554 perpendamus
1394 2498 1596 2556 quanta
1624 2490 1883 2544 debemus
1911 2490 2021 2545 for-

430 2572 635 2627 midine
680 2582 967 2628 venturum
1026 2573 1291 2643 judicium
1353 2564 1571 2646 semper
1635 2594 2016 2649 expavescere,

430 2663 647 2734 quando
683 2671 739 2716 et
774 2664 861 2717 ille
894 2664 986 2732 qui
1020 2662 1202 2729 judice
1236 2671 1375 2719 teste
1416 2665 1664 2721 laudatus
1700 2677 1803 2733 est,
1845 2671 2020 2726 adhuc

430 2758 497 2811 de
539 2756 897 2812 retributione
931 2754 1123 2826 judicii
1166 2758 1220 2811 in
1264 2759 1377 2813 suis
1402 2760 1623 2816 vocibus
1651 2774 1874 2818 securus
1913 2778 2020 2818 non

434 2858 537 2903 CSl.

501 2938 667 3010 Coph.
716 2957 736 2991 ‹
769 2939 969 2996 Vocem
1011 2956 1186 2997 meam
1229 2944 1465 3009 audisti,
1497 2960 1565 3001 ne
1592 2956 1807 3002 avertas
1832 2963 2017 3006 aurem

435 3051 453 3083 ε
488 3040 632 3083 tuam
664 3047 695 3084 a
725 3032 960 3103 singultu
988 3050 1109 3088 meo
1135 3043 1189 3088 et
1215 3036 1563 3092 clamoribus.
1592 3059 1608 3089 ι
1642 3039 1841 3095 Vocem
1874 3042 2019 3095 enim

428 3120 721 3190 Dominica:
748 3121 1133 3178 incarnationis
1156 3126 1408 3180 divinitas
1432 3128 1601 3196 ipsius
1623 3131 1864 3183 audivit:
1893 3132 2018 3200 quia

428 3210 616 3267 salutis
641 3214 856 3266 humani
880 3210 1109 3283 generis,
1131 3232 1293 3285 quam
1316 3220 1609 3273 secundum
1628 3220 2019 3277 humanitatem

426 3304 737 3380 postulavit,
761 3308 1055 3363 secundum
1071 3308 1407 3364 divinitatem
1432 3312 1639 3366 tribuit.
1660 3313 1889 3369 Proinde
1909 3316 2022 3385 ipse

429 3398 495 3449 ad
529 3397 745 3451 Patrem
782 3398 914 3452 dicit
946 3399 999 3451 in
1036 3398 1326 3470 Evangelio
1356 3418 1372 3456 :
1411 3420 1429 3452 ι
1463 3402 1651 3469 Pater,
1686 3406 1886 3476 gratias
1920 3422 2036 3481 ago‘

430 3486 525 3540 tibi
551 3528 564 3551 ,
593 3488 851 3556 quoniam
879 3489 1080 3563 audisti
1109 3502 1213 3544 me.
1247 3490 1356 3564 Ego
1381 3501 1563 3547 autem
1590 3494 1828 3549 sciebam
1848 3537 1861 3560 ,
1895 3498 2021 3564 quia

427 3594 645 3650 semper
675 3597 758 3634 me
788 3582 940 3653 audis
966 3601 978 3635 ε
1012 3584 1103 3637 sed
1135 3591 1357 3661 propter
1377 3586 1763 3661 populum,qui
1791 3588 2022 3642 circum-

426 3679 551 3735 stat,
571 3672 704 3736 dixi,
732 3680 791 3741 ut
810 3674 1052 3738 credant,
1068 3674 1194 3742 quia
1217 3683 1272 3728 tu
1297 3691 1384 3730 me
1406 3677 1597 3745 misisti
1619 3676 1801 3749 (Joan.
1826 3678 2012 3749 xvu).n

434 3782 453 3813 ε
484 3762 561 3817 Ne
586 3772 803 3829 avertas
822 3804 837 3829 ,
870 3764 1074 3835 inquit,
1102 3779 1289 3820 aurem
1315 3772 1461 3820 tuam
1491 3782 1522 3820 a
1550 3767 1785 3838 singultu
1816 3783 1936 3823 meo
1963 3775 2019 3823 et

430 3854 777 3909 clamoribus.
812 3874 830 3905 ι
863 3854 921 3909 Si
950 3856 1066 3911 haec
1093 3856 1159 3910 ad
1188 3856 1363 3927 ipsum
1392 3857 1677 3913 Dominum
1709 3859 2015 3925 referimus,

433 3944 767 4013 impossibile
806 3953 925 4000 erat
963 3954 1022 4000 ut
1076 3945 1239 4015 Pater
1278 3962 1465 4001 aurem
1501 3963 1655 4003 suam
1704 3965 1732 4002 a
1779 3950 2016 4020 singultu

429 4039 549 4109 ejus
585 4047 641 4092 et
676 4038 1007 4094 clamoribus
1047 4047 1315 4095 averteret
1360 4058 1372 4093 :
1412 4040 1503 4110 qui
1538 4042 1719 4094 omnia
1764 4058 1885 4112 quae
1920 4057 2016 4111 po-

429 4124 650 4186 stulavit
686 4132 878 4186 ell‘ectu
916 4133 1256 4195 velocissimo
1289 4125 1540 4205 explevit.
1579 4136 1752 4197 Flevit
1785 4153 1913 4208 ergo
1947 4140 2013 4193 ad

432 4230 838 4276 monumentum
889 4223 1079 4278 Lazari
1102 4264 1117 4289 ,
1154 4232 1208 4277 et
1241 4239 1373 4291 voce
1408 4241 1602 4295 magna
1641 4227 1896 4283 clamavit
1934 4230 2014 4283 di-

431 4325 604 4365 cens:
642 4329 659 4361 ι
693 4311 928 4378 Lazare,
967 4313 1087 4368 veni
1136 4311 1314 4378 foras,
1356 4324 1411 4368 et
1445 4316 1629 4369 statim
1677 4317 1877 4386 prodiit
1921 4320 2014 4387 qui

430 4403 601 4458 fuerat
637 4412 881 4459 mortuus
913 4402 1111 4473 (Joan.
1145 4404 1262 4473 x1).
1297 4424 1314 4455 ι
1346 4405 1488 4460 Alibi
1519 4416 1698 4460 autem
1729 4422 1852 4471 cum
1888 4423 2011 4461 sur-

429 4494 554 4548 dum
593 4503 648 4547 et
678 4502 885 4553 mutum
935 4505 1184 4558 sanaret,
1220 4513 1238 4545 ‹
1273 4497 1574 4565 suspiciens
1618 4497 1815 4553 caelum
1862 4498 2010 4569 inge-
2035 4520 2089 4579 D

435 4586 603 4649 muit,
636 4594 689 4639 et
720 4586 886 4649 dixit,
918 4584 1085 4643 Elfeta
1118 4604 1130 4639 :
1165 4595 1219 4640 et
1247 4588 1429 4641 statim
1458 4598 1658 4658 apertae
1692 4598 1817 4643 sunt
1855 4606 2012 4646 aures

431 4675 568 4744 ejus,
595 4684 650 4729 ct
680 4676 912 4730 solutum
941 4684 1022 4730 est
1052 4662 1325 4731 vinculum
1354 4676 1549 4748 linguae
1577 4678 1720 4746 ejus,
1752 4688 1805 4733 et
1830 4680 2013 4749 loque-

431 4766 593 4818 batur
630 4774 778 4819 recte
814 4764 1024 4835 (Marc.
1055 4782 1127 4818 vn
1153 4765 1192 4834 ).
1233 4787 1250 4817 ι
1284 4765 1436 4832 Quod
1471 4768 1514 4821 si
1552 4783 1680 4837 ergo
1720 4768 1878 4822 alicui
1920 4770 2014 4824 ab-

431 4858 651 4915 surdum
679 4857 888 4915 videtur
916 4855 1027 4909 haec
1055 4856 1121 4909 ad
1149 4872 1431 4925 personam
1457 4858 1667 4912 Domini
1697 4857 2013 4924 transferri,

428 4956 651 5018 propter
683 4947 827 5016 quod
864 4946 918 4998 in
950 4945 1084 5001 Isaia
1118 4946 1376 5014 scriptum
1403 4954 1525 4999 est:
1560 4966 1578 4996 ι
1610 4947 1726 5000 Non
1758 4947 2011 5003 clamabit

432 5056 604 5109 neque
657 5041 836 5093 audiet
882 5038 1075 5107 aliquis
1128 5039 1181 5091 in
1225 5038 1418 5108 plateis
1461 5053 1648 5093 vocem
1691 5038 1806 5106 ejus
1851 5039 2004 5109 (Isa.

432 5130 609 5199 un);
647 5148 667 5183 ι
708 5138 763 5182 et
801 5128 968 5181 item:
1014 5147 1032 5177 ε
1069 5127 1218 5181 Sicut
1252 5128 1400 5193 ovis,
1440 5127 1647 5197 inquit,
1682 5128 1744 5182 ad
1781 5130 2009 5185 occisio-

433 5234 556 5273 nem
593 5217 786 5272 ductus
819 5224 933 5281 est,
970 5224 1024 5270 et
1059 5217 1215 5269 sicut.
1230 5232 1399 5286 agnus
1429 5232 1610 5271 coram
1654 5219 1909 5277 tondente
1950 5233 2009 5273 se

436 5313 551 5365 sine
580 5326 743 5374 voce,
778 5310 856 5363 sic
886 5324 989 5362 non
1022 5308 1232 5383 aperuit
1260 5322 1322 5361 os
1352 5324 1505 5361 suum
1532 5325 1546 5373 ;
1588 5327 1606 5360 ι
1643 5308 1781 5360 sciat
1827 5315 2007 5362 tamen

434 5403 499 5456 c‘x
527 5416 752 5471 persona
778 5400 892 5468 ejus
918 5400 1042 5470 alibi
1069 5398 1327 5465 scriptum
1359 5416 1371 5451 :
1405 5419 1423 5451 ς
1453 5398 1713 5453 Laboravi
1743 5399 2002 5465 clamans,

435 5510 611 5548 rauca:
643 5493 797 5547 factae
826 5502 949 5547 sunt
981 5492 1162 5545 fauces
1194 5505 1323 5543 meae
1354 5488 1539 5561 (Psal.
1566 5492 1820 5561 vam).)
1845 5491 2007 5562 [Cas-

435 5570 595 5657 siod.]
640 5586 776 5655 Ergo
810 5588 1095 5652 utrumque
1122 5600 1343 5647 verum,
1372 5595 1658 5653 utrumque
1684 5585 2005 5652 completum

436 5685 539 5732 est.
568 5676 701 5729 Nam
729 5684 783 5729 et
811 5676 976 5731 tacuit
1000 5690 1119 5730 cum
1152 5677 1475 5742 traderetur,
1507 5677 1705 5746 ut.ejus
1731 5676 2008 5745 dispositio

446 5771 511 5840 ad
542 5770 726 5827 trundi
756 5770 1043 5830 salutarem
1085 5769 1374 5837 terminum
1412 5770 1758 5849 perveniret;
1804 5778 1858 5831 ct
1888 5786 2008 5831 om-

2128 582 2316 651 gnovit
2361 581 2380 651 (
2402 584 2561 637 Joan.
2610 601 2720 640 xvn
2744 584 2785 657 ).
2820 604 2840 638 ‹
2874 586 2971 641 Vel
3016 588 3188 644 illud:
3225 611 3243 642 ι
3275 592 3462 657 Pater,
3508 595 3552 647 si
3596 594 3719 649 ﬁeri

2125 680 2330 743 potest,
2358 682 2595 730 transeat
2635 692 2665 729 a
2714 692 2802 731 me
2846 678 2986 733 calix
3028 678 3129 733 iste
3172 680 3345 749 (Luc.
3375 699 3491 737 xxn
3516 682 3574 753 );
3610 704 3628 735 ›
3662 691 3721 738 et

2128 766 2328 821 iterum
2359 785 2370 821 :
2407 787 2425 819 ι
2457 768 2640 835 Pater,
2690 770 2907 839 ignosce
2948 772 3086 837 illis,
3126 774 3249 842 quia
3294 777 3547 830 nesciunt
3585 777 3719 845 quid

2128 856 2334 912 faciunt
2364 858 2605 932 (lbid.).
2634 879 2653 911 ι
2682 857 2818 914 Nam
2848 868 2904 914 et
2933 861 3023 915 illo
3054 874 3294 931 tempore
3324 864 3580 920 laborans
3602 866 3717 920 cla-

2127 949 2295 1003 mavit
2315 991 2329 1015 ,
2361 951 2577 1020 quando
2608 951 2821 1007 dicebat
2849 969 2861 1005 :
2892 970 2911 1002 ε
2940 951 3034 1006 Va:
3056 954 3239 1016 vobis,
3271 956 3463 1009 scriba:
3487 964 3542 1009 et
3566 958 3712 1011 Pha-

2129 1037 2302 1103 risaei,
2336 1054 2415 1094 vas
2446 1041 2644 1095 mundo
2672 1040 2739 1094 ab
2768 1040 3037 1096 scandalis
3056 1082 3072 1108 ,
3105 1060 3124 1093 ι
3152 1051 3206 1098 et
3234 1045 3320 1098 his
3348 1045 3565 1101 similia.
3607 1047 3714 1101 La-

2125 1128 2341 1185 boravit
2386 1146 2515 1200 ergo
2563 1132 2835 1197 clamans,
2884 1135 3100 1200 quando
3152 1152 3271 1191 non.
3309 1136 3629 1192 audiebatur
3680 1153 3713 1191 a

2125 1217 2368 1287 perﬁdis.
2413 1219 2592 1274 Labor
2642 1222 2785 1274 enim
2839 1222 3137 1276 inauditum
3190 1225 3460 1295 signiﬁcat
3511 1227 3716 1281 clamo-

2126 1325 2241 1363 rem
2262 1351 2277 1375 ,
2309 1312 2432 1379 quia
2463 1312 2712 1366 laborare
2742 1313 2861 1367 illos
2890 1329 2997 1368 non
3040 1314 3304 1380 dicimus,
3350 1330 3488 1384 quos
3524 1326 3711 1370 votum

2126 1414 2282 1455 suum
2339 1402 2593 1472 implesse
2652 1413 2936 1459 testamur.
2997 1396 3240 1475 Denique
3300 1408 3379 1460 sic
3423 1409 3709 1476 sequitur:

2125 1490 2323 1545 Raucae
2375 1492 2531 1546 facta:
2578 1502 2704 1548 sunt
2754 1495 2936 1549 fauces
2985 1510 3138 1549 mea}.
3195 1495 3451 1549 Raucedo
3494 1497 3712 1565 quando

2126 1580 2311 1635 fauces
2360 1591 2575 1637 nostras
2624 1585 2895 1652 possidet,
2945 1587 3114 1641 verba
3164 1595 3349 1639 nostra
3395 1589 3463 1641 ad
3509 1589 3713 1643 alienas

2127 1685 2285 1724 aures
2327 1670 2548 1726 confusa
2576 1674 2922 1741 perveniunt.
2954 1674 3145 1730 Merito
3171 1692 3301 1747 ergo
3329 1678 3494 1742 dicit,
3524 1677 3712 1731 fauces

2127 1777 2254 1817 suas
2281 1779 2477 1819 raucas
2505 1780 2625 1819 esse
2654 1766 2827 1821 factas
2856 1785 2868 1819 :
2901 1767 3028 1835 quia
3057 1768 3199 1822 dicta
3228 1769 3343 1835 ejus
3374 1785 3711 1838 nequaquam

2128 1855 2422 1926 sacrilegus
2464 1858 2692 1927 populus
2734 1860 3003 1916 audiebat.
3044 1862 3069 1932 _(
3092 1860 3379 1934 quaus.)
3425 1862 3484 1916 Si
3532 1871 3709 1917 autem

2128 1945 2194 2001 de
2223 1948 2481 2002 membris
2510 1950 2631 2019 ejus
2669 1951 2784 2003 hazc
2822 1951 2963 2006 dit-ta
2995 1953 3353 2022 accipiemus,
3388 1954 3509 2008 sine
3551 1953 3713 2007 dubio

2126 2038 2382 2093 exaudita
2413 2047 2558 2093 sunt.
2592 2040 2727 2095 Nam
2757 2043 2811 2095 et
2853 2042 2953 2111 ipsi
2992 2053 3289 2114 martyres,
3334 2045 3437 2097 etsi
3480 2045 3547 2097 ad
3577 2058 3712 2113 prte-

2128 2143 2254 2183 sens
2299 2140 2484 2188 votum
2528 2131 2583 2184 in
2630 2131 2718 2186 die
2764 2133 3032 2201 passionis
3080 2149 3266 2187 eorum
3314 2134 3559 2188 exauditi
3606 2149 3709 2189 non

2127 2227 2270 2283 sunt,
2327 2228 2509 2275 tamen
2541 2223 2608 2275 ad
2636 2232 2891 2276 aeternam
2936 2225 3163 2277 salutem
3206 2226 3427 2278 omnino
3470 2227 3706 2278 exauditi

2127 2302 2283 2374 sunt,
2315 2310 2440 2379 quia
2482 2311 2605 2364 inde
2635 2312 2701 2366 ad
2730 2326 2985 2366 coronam
3026 2323 3390 2383 pervenerunt
3429 2322 3701 2368 aeternam.

2129 2397 2282 2452 Unde
2310 2410 2364 2453 et
2391 2403 2635 2471 sequitur
2671 2421 2683 2455 :

2198 2486 2364 2559 Caph.
2397 2510 2415 2540 ἰ
2445 2492 2901 2561 Appropinquasti
2942 2494 3003 2548 in
3040 2494 3157 2559 die,
3204 2495 3421 2563 quando
3467 2495 3705 2548 invocavi

2132 2596 2149 2629 ι
2183 2586 2236 2631 te
2268 2591 2284 2631 :
2312 2580 2513 2644 diXisti,
2543 2580 2619 2635 Ne
2659 2584 2871 2636 timeas.
2907 2601 2926 2633 υ
2956 2583 3417 2652 Appropinquavit
3459 2584 3706 2637 divinitas

2126 2668 2413 2722 salvatoris
2464 2671 2785 2725 humanitati
2832 2672 3019 2740 ipsius,
3079 2675 3295 2740 quando
3358 2688 3479 2726 eam
3536 2675 3705 2727 subita

2126 2763 2526 2817 resurrectione
2566 2763 2719 2831 juxta
2764 2772 2945 2817 votum
2991 2780 3147 2818 suum
3193 2765 3259 2819 de
3301 2774 3478 2818 morte
3523 2766 3709 2819 trium~

2124 2853 2294 2923 phare
2334 2853 2481 2909 fecit.
2524 2855 2713 2925 Aliter,
2738 2856 3190 2926 appropinquavit
3230 2856 3495 2913 Dominus
3541 2859 3705 2911 servis

2126 2944 2239 2996 suis
2270 2960 2393 2998 cum
2425 2937 2831 3008 tribularentur,
2863 2954 2917 2999 et
2959 2946 3025 2998 de
3063 2946 3480 2999 necessitatibus
3522 2959 3701 2999 eorum

2126 3029 2377 3084 liberavit
2412 3048 2561 3087 eos:
2614 3034 2869 3101 quoniatn
2922 3049 2951 3086 a
3004 3034 3196 3088 timore
3242 3034 3446 3088 inimici
3501 3036 3703 3090 animas

2127 3137 2314 3186 eorum
2367 3124 2605 3191 eripuit;
2638 3124 2728 3178 Sic
2776 3124 2920 3178 enim
2974 3122 3075 3192 ipsl
3123 3124 3353 3183 orabant
3400 3125 3453 3178 in
3502 3126 3703 3194 psalmo

2128 3230 2257 3269 thu
2290 3231 2305 3268 :
2341 3234 2358 3264 ι
2393 3214 2631 3279 Exaudi,
2667 3215 2846 3280 Deus,
2887 3216 3191 3271 orationem
3231 3230 3410 3270 meam
3444 3233 3571 3271 cum
3614 3216 3704 3271 tri-

2124 3307 2301 3367 bulor,
2360 3320 2391 3357 a
2452 3306 2644 3359 timore
2698 3306 2900 3360 inimici
2950 3306 3099 3374 eripe
3151 3292 3387 3359 animam
3444 3322 3645 3361 meam.
3678 3325 3699 3359 ι

2124 3395 2435 3468 (August.)
2479 3397 2622 3468 Ergo
2660 3399 3089 3453 exaudiebantur
3127 3406 3180 3452 et
3220 3398 3626 3464 occidebantur,
3652 3405 3702 3454 et

2123 3496 2303 3543 tamen
2351 3491 2419 3545 ab
2467 3490 2702 3545 inimicis
2748 3491 3096 3547 eruebantur.
3142 3490 3243 3545 Alii
3293 3492 3550 3546 timentes
3578 3506 3703 3545 con-

2121 3580 2428 3635 sentiebant
2468 3589 2523 3634 et
2564 3581 2848 3644 vivebant,
2890 3589 2945 3634 et
2992 3587 3171 3634 tamen
3213 3580 3280 3634 ab
3324 3582 3562 3635 inimicis
3605 3581 3701 3651 ipsi

2120 3671 2569 3725 absorbebantur.
2601 3670 2729 3734 lude
2779 3679 2862 3725 est
2888 3685 2991 3725 vox
3022 3672 3400 3742 gratulationis
3432 3691 3443 3725 :
3480 3672 3701 3726 forsitan

2118 3761 2270 3816 vivos
2298 3762 2704 3817 absorbuisseut
2731 3776 2849 3816 nos.
2897 3760 3043 3815 Multi
3084 3764 3323 3832 absorpti
3368 3763 3514 3819 vivi.
3546 3761 3699 3815 multi

2120 3854 2355 3921 absorpti
2410 3852 2638 3917 mortui;
2690 3853 2782 3920 qui
2834 3859 3158 3921 putaverunt
3213 3852 3429 3907 inanem
3479 3867 3597 3907 esse
3641 3852 3702 3905 ti-

2118 3943 2237 3996 dem
2269 3940 2663 4006 Christianam,
2697 3941 2893 3997 mortui
2926 3941 3160 4010 absorpti
3191 3950 3337 3994 sunt.
3371 3942 3472 4007 Qui
3521 3951 3698 3996 autem

2116 4029 2353 4084 scientes
2390 4029 2827 4099 praedicationem
2868 4043 2988 4083 esse
3026 4044 3210 4083 veram
3240 4029 3518 4101 Evangelii
3545 4029 3701 4084 Chri-

2116 4127 2258 4174 stum
2302 4135 2419 4174 esse
2448 4119 2643 4174 Filium
2685 4120 2803 4184 Dei,
2845 4120 2949 4174 hoc
2987 4120 3304 4183 credentes,
3335 4129 3391 4173 et
3431 4121 3577 4174 intus
3619 4130 3703 4175 te-

2114 4217 2325 4273 nentes,
2347 4217 2627 4264 cesserunt
2648 4218 2826 4262 tamen
2854 4208 3149 4272 doloribus,
3172 4218 3226 4261 et
3248 4209 3407 4263 idolis
3426 4209 3703 4263 sacriﬁca.

2113 4308 2341 4364 verunt,
2375 4300 2484 4353 vivi
2514 4300 2755 4367 absorpti
2787 4306 2929 4352 sunt.
2962 4299 3106 4369 Ergo
3138 4300 3240 4354 hoc
3262 4308 3381 4354 orat
3406 4311 3509 4354 vox
3552 4316 3700 4354 mar—

2114 4399 2291 4462 tyrum
2327 4410 2339 4444 :
2366 4392 2409 4445 A
2439 4392 2633 4446 timore
2664 4391 2867 4445 inimici
2899 4405 3028 4446 erue
3059 4393 3296 4446 animam
3328 4407 3541 4455 meam,
3588 4409 3696 4447 non

2115 4487 2174 4532 ut
2220 4496 2308 4535 me
2357 4496 2465 4534 non
2508 4481 2717 4535 occidat
2759 4480 3049 4533 inimicus:
3092 4483 3187 4536 sed
3226 4497 3331 4535 non
3374 4491 3435 4535 ut
3474 4484 3697 4538 timeam

2114 4572 2470 4625 occidentem.
2522 4570 2635 4623 lloc
2680 4578 2799 4624 orat
2851 4570 2903 4623 in
2957 4569 3174 4625 Psalmo
3222 4572 3449 4639 implere
3502 4588 3697 4627 servus

2114 4658 2257 4727 quod
2289 4658 2444 4728 jubet
2483 4657 2741 4711 Dominus
2772 4658 2827 4712 in
2855 4658 3148 4729 Evangelio
3180 4677 3193 4713 :
3230 4678 3249 4709 ι
3284 4659 3461 4713 Nolite
3498 4662 3695 4715 timere

2116 4764 2208 4805 eos
2251 4750 2343 4818 qui
2384 4749 2639 4803 occidunt
2677 4764 2903 4818 corpus,
2938 4752 3173 4803 animam
3206 4761 3387 4806 autem
3431 4767 3539 4807 non
3572 4770 3697 4823 pos-

2116 4848 2243 4895 sunt
2273 4839 2521 4893 occidere
2554 4856 2566 4891 :
2602 4840 2695 4893 sed
2725 4840 2903 4909 potius
2931 4855 3053 4893 eum
3083 4842 3272 4895 timete
3312 4845 3405 4911 qui
3434 4854 3607 4912 potest
3638 4855 3695 4897 et

2116 4931 2348 4985 animam
2378 4937 2428 4984 et
2459 4945 2654 5000 corpus
2693 4930 2907 4985 mittere
2948 4932 3002 4985 in
3042 4933 3363 5002 gehennam.
3398 4953 3415 4984 ι
3445 4934 3690 5003 Quapro-

2113 5032 2235 5093 pter
2280 5032 2431 5077 certa
2475 5022 2542 5077 de
2582 5021 2761 5075 futura
2804 5023 3157 5077 retributione
3197 5025 3549 5094 subsequitur
3587 5041 3692 5080 vox

2115 5116 2300 5169 dicens
2334 5132 2346 5166 :

2185 5205 2307 5260 Res.
2347 5223 2365 5255 ι
2396 5204 2689 5270 Judicasti,
2742 5205 3001 5269 Domine,
3048 5220 3267 5261 causam
3319 5207 3513 5260 anima:
3559 5224 3692 5263 mea:

2118 5320 2137 5353 ‹
2173 5300 2422 5357 defensor
2441 5295 2801 5372 [redemptor]
2830 5298 2949 5351 vita:
2972 5313 3122 5353 mete.
3148 5318 3165 5349 ι
3198 5298 3216 5367 (
3233 5297 3513 5362 ΜΑυιωδ.)
3542 5297 3694 5354 Judi-

2114 5391 2257 5447 cavit
2286 5405 2413 5463 ergo
2446 5389 2705 5443 Dominus
2734 5402 2950 5440 causam
2984 5387 3177 5439 anima:
3205 5385 3439 5447 Christi,
3474 5390 3690 5455 quando

2114 5483 2413 5538 innocentis
2452 5489 2681 5535 mortem
2716 5478 3015 5546 pervenire
3043 5476 3170 5530 fecit
3209 5478 3274 5530 ad
3319 5478 3547 5531 salutem
3593 5481 3691 5531 hu-

2114 5576 2256 5631 mani
2300 5574 2513 5645 generis
2536 5614 2550 5637 ,
2582 5579 2636 5624 et
2677 5570 2947 5637 triumpho
2976 5584 3084 5621 sure
3116 5569 3535 5623 resurrectionis
3566 5582 3691 5622 con-

2115 5671 2249 5725 fudit
2282 5678 2531 5724 auctores
2552 5664 2665 5732 ejus
2709 5660 3155 5730 interemptionis.
3181 5659 3354 5712 Aliter
3386 5677 3397 5711 :
3425 5656 3689 5726 judicavit

2114 5764 2376 5829 Dominus
2405 5773 2620 5819 causam
2654 5754 2888 5814 lidclium
2920 5768 3142 5811 suorum
3165 5791 3180 5820 ,
3213 5752 3431 5827 quando
3460 5752 3691 5813 redemit
