3952 6358
177 420 323 476 19.ιῦ

1072 411 1433 471 EXPOSITIO
1473 410 1701 471 SUPER
1737 408 2103 470 JEREMIAM.
2144 440 2215 453 -
2250 410 2379 466 LIB.
2416 410 2559 467 XIX.

3300 413 3439 471 1246

176 532 393 584 animas
422 544 606 585 eorum
626 567 641 592 ,
671 535 724 581 et
753 539 860 579 non
889 524 1214 594 derelinquit
1260 540 1450 579 omnes
1488 524 1581 592 qui
1610 524 1665 576 in
1699 537 1758 578 se
1784 524 1839 585 Α
1863 522 2268 591 dispensatione
2307 522 2632 591 patiebatur.
2680 520 2822 577 Hine
2852 521 3048 578 iterum
3078 522 3210 577 dicit
3239 542 3252 577 :
3285 542 3303 575 ι
3335 525 3439 581 Ex-

176 630 560 689 speravernnt.
604 617 953 672 Confessores
992 632 1119 672 suos
1162 618 1228 671 ad
1271 617 1547 672 cmlcstem
1588 624 1762 669 trans-

176 710 305 763 tulit
361 710 615 778 gloriam,
670 717 724 761 et
774 717 1149 777 persecutores
1201 723 1386 762 eorum
1436 707 1488 761 in
1548 721 1762 777 poenam

175 797 433 853 dimersit
482 806 818 867 perpetuam.
879 796 1136 865 lniquitas
1191 798 1334 851 enim
1395 796 1606 850 illorum
1661 798 1765 852 hoc

174 889 481 957 promeruit
514 907 526 941 :
557 889 682 957 quia
710 888 900 942 timere
922 897 975 942 et
1006 888 1269 940 honorare
1296 896 1570 940 auctorem
1606 902 1763 941 suum

175 979 463 1032 temeritas
503 979 699 1032 mentis
738 992 926 1031 eorum
971 993 1063 1029 eos
1107 991 1216 1029 nun
1263 975 1525 1044 permisit.
1580 976 1761 1031 lusur-

174 1077 441 1120 rexerunt
477 1068 618 1120 enim
652 1066 883 1133 primum
923 1078 1045 1117 cum
1086 1063 1284 1119 furoris
1322 1066 1400 1118 sui
1445 1066 1653 1118 insania
1705 1066 1758 1118 in

172 1157 356 1223 ipsum
403 1165 671 1224 pastorem
720 1155 960 1209 dicentes
1001 1174 1012 1207 :
1060 1155 1159 1208 llic
1201 1163 1285 1209 est
1330 1156 1533 1221 lizeres,
1580 1156 1761 1209 venite

170 1248 493 1301 occidamus
525 1261 645 1300 eum
664 1287 678 1311 ,
715 1257 767 1299 et
788 1245 1103 1300 habebimus
1124 1246 1239 1315 ejus
1265 1248 1631 1302 haereditatem
1660 1266 1671 1300 :
1704 1257 1756 1301 ct

170 1340 577 1407 apprehensum
613 1354 734 1393 eum
772 1337 1049 1406 ejecernnt
1083 1347 1236 1393 extra
1274 1340 1485 1393 vineam
1508 1380 1522 1403 ,
1566 1349 1619 1392 et
1669 1354 1761 1395 oc-

171 1430 463 1493 ciderunt,
513 1438 565 1484 et
615 1446 799 1484 servos
850 1445 980 1484 vero
1029 1428 1143 1497 ejus
1193 1429 1354 1483 alium
1406 1430 1756 1495 ceciderunt,

171 1518 345 1573 alium
376 1518 723 1581 occiderunt,
757 1520 917 1573 alium
950 1520 1321 1587 lapidaverunt
1351 1518 1565 1588 (Matth.
1594 1519 1721 1587 xxr)
1742 1560 1755 1583 ,

170 1617 231 1663 et
272 1610 354 1665 sic
384 1610 656 1679 dissipatas
695 1617 819 1664 sunt
850 1625 977 1664 oves
1006 1610 1210 1679 gregis,
1242 1617 1572 1679 quapmpter
1614 1624 1757 1663 nunc

171 1699 314 1753 dicit
343 1715 359 1752 :

249 1790 370 1844 Res.
408 1810 427 1842 ι
461 1791 682 1854 Vidisti,
727 1790 988 1853 Domine,
1028 1790 1364 1858 iniquitatem
1404 1790 1615 1843 illorum
1655 1792 1753 1844 ad-

176 1896 196 1929 ι
235 1895 455 1933 versum
493 1896 606 1943 me,
644 1880 824 1948 iudica
860 1880 1124 1949 judicium
1157 1896 1356 1934 meum.
1398 1900 1415 1930 ι

250 1969 373 2023 Res.
408 1988 427 2020 ‹
464 1969 689 2034 Vidisti,
724 1971 976 2034 Domine,
1020 1985 1234 2023 omnem
1273 1969 1509 2023 furorem
1546 1976 1599 2023 et
1636 1969 1757 2023 uni-

178 2076 198 2109 ‹
232 2074 422 2113 versas
451 2058 802 2127 cogitationes
832 2074 1017 2113 eorum
1049 2058 1335 2112 adversum
1364 2074 1469 2113 me.
1499 2078 1515 2109 ι
1542 2057 1757 2125 Cogita-

173 2150 254 2203 tio
295 2150 439 2204 euim
485 2150 697 2204 illorum
742 2149 973 2219 maligna
1016 2157 1160 2211 crat,
1200 2157 1252 2202 et
1290 2165 1569 2203 sermones
1614 2148 1755 2216 pleni

174 2238 409 2304 insania,
440 2249 715 2295 auctorem
737 2241 857 2293 vita:
888 2238 1188 2293 interﬁcere
1215 2239 1536 2309 cogitantes,
1557 2246 1615 2290 ct
1644 2253 1758 2291 ser—

173 2329 431 2383 monibus
472 2328 718 2383 veritatis
754 2328 1083 2397 exprobrare
1122 2329 1377 2383 nitentes.
1419 2328 1495 2382 De
1530 2343 1639 2396 quo
1669 2342 1757 2381 se-

173 2424 362 2492 quitur
392 2441 404 2476 :

252 2514 367 2574 Sin,
401 2532 420 2563 ι
454 2512 663 2567 Audisti
710 2512 995 2583 opprobria
1032 2527 1243 2577 eorum,
1284 2513 1531 2579 Domine,
1570 2527 1759 2567 omnes

184 2623 205 2655 ι
241 2606 599 2675 cogitationes
630 2620 815 2659 eorum
847 2604 1129 2657 adversum
1163 2619 1266 2656 me.
1307 2623 1323 2651 ι

253 2695 375 2751 Sin.
412 2716 429 2747 ι
468 2695 634 2750 Labia
675 2694 1066 2764 insurgentium
1098 2694 1228 2746 mibi
1252 2735 1265 2757 ,
1300 2702 1355 2748 et
1383 2694 1759 2748 meditationes

182 2800 207 2837 ι
240 2799 432 2840 eorum
464 2786 746 2839 adversum
778 2800 898 2848 me,
933 2791 1043 2837 tota
1074 2784 1177 2836 die.
1218 2804 1235 2834 ι
1268 2783 1549 2853 Principes
1579 2791 1756 2837 autem

175 2876 525 2931 sacerdotum
556 2884 612 2928 et
643 2875 886 2930 seniores
914 2874 1096 2943 populi
1122 2913 1136 2937 ,
1169 2874 1450 2928 consilium
1482 2872 1755 2937 fecerunt,

174 2978 240 3024 ut
290 2968 474 3025 Iesum
527 2969 648 3024 dolo
696 2975 943 3022 tenerent
988 2974 1043 3019 et
1090 2966 1421 3021 occiderent.
1468 2964 1533 3019 Et
1584 2966 1754 3019 item:

182 3079 203 3112 ι
236 3060 518 3129 Principes
545 3060 890 3114 sacerdotum
931 3066 984 3111 et
1025 3072 1187 3112 omne
1229 3055 1513 3111 concilium
1553 3069 1760 3125 qutere-

174 3150 312 3206 bant
360 3150 556 3205 falsum
608 3149 976 3204 testimonium
1023 3157 1211 3201 coptra
1258 3146 1477 3210 Jesum,
1530 3156 1587 3199 ut
1635 3162 1756 3200 eum

1866 625 2148 686 surgentes
2176 623 2343 670 testes
2387 614 2555 685 iniqui
2603 631 2725 685 qua:
2753 615 3072 687 ignorabam
3106 616 3437 688 interrogant

1866 723 1953 762 me
1971 749 1986 773 ,
2014 719 2068 765 et
2098 707 2468 763 retribuebant
2497 707 2629 763 mihi
2658 708 2799 761 mala
2828 723 2929 779 pro
2958 707 3115 763 bonis
3134 749 3150 773 ,
3187 710 3444 765 sterilita-

1868 808 1975 855 tem
2007 802 2199 855 anima:
2228 814 2381 854 mea).
2420 817 2438 850 ι
2471 798 2659 855 Testes
2688 800 2854 869 igitur
2892 800 2984 869 qui
3024 800 3203 856 subito
3239 801 3442 871 impetu

1863 891 2100 947 belluino
2128 901 2495 963 consurgunt,
2542 907 2641 947 nec
2679 894 2953 947 moderate
2993 893 3336 949 adducuntur
3375 896 3440 949 ad

1865 983 2130 1047 medium,
2162 990 2287 1037 sunt
2317 981 2435 1036 sine
2464 981 2795 1035 dubitatione
2828 982 3132 1047 falsissimi,
3164 997 3301 1052 quos
3333 999 3440 1039 uno

1868 1073 2029 1125 verbo
2066 1074 2286 1126 denotat
2328 1080 2577 1141 potenter
2607 1072 2790 1125 dicens
2820 1088 2832 1124 :
2865 1072 3038 1141 Iniqui
3078 1089 3290 1128 revera.
3332 1074 3441 1128 lni-

1863 1162 1955 1231 qui
1984 1164 2073 1231 qui
2102 1172 2261 1217 erant
2300 1171 2489 1217 contra
2532 1162 2840 1231 aequitatem
2876 1160 3251 1234 iustitiamque
3290 1165 3439 1220 locu-

1865 1253 1990 1306 turi.
2035 1252 2216 1325 Jungit
2263 1269 2384 1322 qua:
2426 1254 2742 1323 ignorabam
2769 1292 2783 1317 ,
2824 1252 2874 1305 id
2914 1261 3028 1316 est,
3074 1268 3191 1321 quae
3238 1270 3322 1308 me
3363 1254 3444 1309 di-

1861 1347 2007 1401 xisse
2036 1348 2361 1401 omnimodis
2392 1346 2719 1401 nesciebam.
2755 1344 2845 1398 Sic
2872 1345 3017 1398 enim
3061 1348 3128 1397 de
3170 1343 3273 1398 illis
3303 1344 3440 1399 dici-

1862 1452 2020 1499 mus,
2054 1439 2144 1505 qui
2179 1453 2236 1491 se
2278 1436 2490 1489 Domini
2535 1435 2797 1490 beneﬁcio
2840 1444 2985 1490 recta
3028 1436 3447 1491 conversatione

1862 1528 2216 1583 custodiunt:
2259 1526 2443 1581 Nescit
2489 1527 2742 1587 mentiri,
2791 1527 2961 1580 nescit
3007 1541 3230 1595 rapere,
3274 1525 3449 1580 nescit

1860 1621 2185 1688 opprimere.
2222 1616 2510 1687 lgnorabat
2548 1616 2693 1670 enim
2733 1615 2995 1670 Dominus
3028 1615 3441 1685 blasphemare,

1862 1711 2003 1778 quod
2035 1710 2082 1763 ei
2112 1708 2390 1779 principes
2420 1708 2761 1762 sacerdotum
2792 1706 2977 1761 scissis
3004 1708 3245 1762 vestibus
3274 1708 3448 1777 impu-

1861 1799 1995 1851 tavit
2034 1800 2247 1868 quando
2289 1797 2465 1849 dixit:
2517 1814 2542 1856 ι,
2572 1796 2834 1849 Videbitis
2875 1795 3041 1848 ﬁlium
3084 1796 3318 1849 hominis
3358 1811 3443 1850 sc-

1785 1886 2075 1949 Bdentem
2128 1889 2195 1940 ad
2244 1889 2523 1941 dexteram
2573 1886 2828 1940 Patris.»
2878 1887 2946 1940 Et
2994 1888 3311 1942 subsecutus
3357 1896 3443 1942 est

1860 1979 2110 2049 princeps
2149 1977 2451 2032 Iudaeorum
2498 1978 2725 2031 dicens:
2787 1996 2805 2028 ι
2831 1976 3262 2046 Blasphemavit,
3314 1976 3442 2046 quid

1862 2068 2037 2123 adhuc
2066 2083 2285 2137 egemus
2314 2066 2586 2121 testibus?
2616 2066 2633 2137 (
2659 2065 2787 2119 Luc.
2820 2066 2997 2139 χχιι.)
3031 2066 3137 2121 Sed
3167 2066 3327 2135 quale
3367 2075 3447 2119 te-

1861 2158 2173 2213 stimonium
2219 2158 2380 2211 fuerit
2422 2156 2769 2225 subscquenti
2812 2158 2975 2210 verbo
3016 2157 3349 2211 declaravit:
3385 2164 3445 2208 ut

1861 2263 1955 2301 eos
2005 2263 2113 2301 non
2165 2247 2367 2301 diceret
2413 2244 2710 2299 convicisse
2749 2253 2804 2298 et
2844 2244 3238 2314 interrogasse,
3280 2243 3441 2313 quasi

1862 2350 1969 2389 non
2001 2337 2068 2389 de
2099 2351 2192 2389 sua
2234 2335 2544 2405 integritate
2584 2333 2817 2388 conﬁsos
2837 2375 2850 2397 ,
2886 2335 2980 2387 sed
3008 2333 3074 2387 de
3103 2334 3275 2387 aliena
3308 2348 3442 2387 voce

1863 2428 2139 2482 sollicitos.
2190 2426 2579 2480 Retribuebant
2623 2427 2766 2479 enim
2814 2425 2885 2479 illi
2933 2425 3069 2479 mala
3114 2441 3212 2494 pro
3253 2424 3438 2489 bonis,

1862 2515 2087 2579 scilicet,
2115 2516 2239 2584 quia
2266 2513 2392 2567 dum
2423 2513 2509 2571 ille
2535 2515 2699 2567 vitam
2730 2514 3070 2567 credentibus
3097 2514 3432 2573 contulisset,

1862 2606 1950 2659 isti
1983 2613 2211 2658 mortem
2246 2603 2470 2658 reddere
2513 2603 2818 2657 maluerunt
2850 2622 2861 2655 :
2894 2602 3035 2672 quod
3068 2603 3441 2656 retributionis

1863 2698 2033 2762 genus
2058 2693 2321 2747 malorum
2352 2694 2589 2746 onmium
2620 2694 2882 2763 probatur
2912 2701 3237 2746 extremum.
3276 2690 3445 2746 Steri-

1863 2783 1986 2838 litas
2024 2800 2237 2864 quoque
2264 2785 2456 2839 anima:
2488 2784 2617 2849 fuit,
2649 2786 2869 2853 quando
2897 2786 3157 2855 magister
3187 2786 3359 2839 bonus
3390 2785 3441 2839 in

1864 2876 1993 2944 ip~is
2022 2876 2253 2930 fructum
2284 2876 2404 2929 ﬁdei
2434 2876 2671 2945 reperire
2698 2893 2801 2931 non
2834 2878 3041 2947 potuit,
3081 2892 3179 2930 nec
3219 2886 3436 2945 pectora

1863 2982 2049 3020 eorum
2079 2968 2409 3022 credulitatis
2438 2968 2681 3039 germina
2712 2954 3087 3033 reddiderunt,
3119 2983 3240 3038 quae
3268 2984 3432 3024 saxeo

1865 3064 2083 3124 stupore
2121 3058 2309 3111 durata
2352 3065 2494 3112 sunt.
2540 3056 2647 3111 Sed
2687 3072 2754 3119 ne
2780 3056 2948 3112 Judaai
2980 3074 3039 3113 se
3067 3058 3263 3113 leviter
3286 3060 3433 3113 msti-

1865 3154 2015 3201 meht
2062 3148 2310 3203 addictos
2356 3148 2483 3203 huic
2525 3148 2833 3213 sterilitati,
2872 3159 2926 3203 et
2968 3150 3019 3203 in
3058 3150 3287 3205 ﬁculnea
3320 3150 3439 3215 illa,

174 3242 339 3296 morti
390 3240 701 3302 traderent,
751 3246 807 3291 et
855 3253 960 3290 non
1016 3237 1332 3290 invenerunt
1369 3253 1381 3286 :
1434 3250 1557 3288 cum
1606 3233 1757 3287 multi
1788 3228 1833 3291 C
1866 3240 2155 3309 Evangelio
2184 3250 2321 3296 teste
2352 3241 2564 3313 (Marc.
2596 3243 2725 3313 χι),
2759 3240 3064 3309 maledixit,
3105 3244 3160 3298 in
3194 3262 3297 3312 qua
3330 3244 3441 3299 fru-

175 3332 299 3385 l‘alsi
328 3339 488 3384 testes
532 3329 919 3391 accessissent,
953 3326 1240 3380 novissime
1280 3332 1457 3377 autem
1499 3333 1763 3376 venerunt

176 3422 286 3476 duo
326 3420 442 3473 t‘alsi
494 3428 691 3482 testes,
742 3426 795 3471 et
838 3417 1130 3469 dixerunt:
1184 3414 1281 3466 llic
1319 3413 1494 3467 dixit:
1535 3411 1757 3465 Possum

175 3514 457 3567 destruere
489 3510 739 3577 templum
771 3509 903 3572 hoc,
936 3517 986 3559 et
1012 3514 1133 3574 post
1165 3504 1393 3557 triduum
1431 3503 1760 3558 remdiﬁcare

176 3602 310 3657 illud
342 3600 567 3672 (Matth.
600 3598 779 3667 xxvn).
812 3596 964 3650 Unde
995 3610 1058 3649 eo
1084 3594 1343 3649 cruciﬁxo
1368 3601 1759 3662 praetereuntes

174 3695 699 3764 blasphemaverunt
743 3704 899 3753 eum,
952 3694 1227 3740 moventes
1278 3686 1453 3753 capita
1504 3698 1636 3749 sua,
1680 3684 1759 3737 di-

174 3794 404 3841 centes:
441 3801 458 3833 ι
494 3781 638 3845 Vah,
675 3779 766 3849 qui
806 3778 1043 3833 destruis
1079 3777 1362 3846 templum,
1400 3784 1455 3829 et
1494 3776 1544 3827 in
1582 3774 1761 3831 triduo

174 3875 309 3931 illud
342 3872 629 3928 rcmdiﬁcas
661 3888 672 3923 :
708 3868 866 3924 Salva
898 3868 1260 3937 temetipsum,
1293 3867 1337 3921 si
1365 3864 1533 3919 Filius
1556 3865 1649 3919 Dei
1677 3879 1757 3930 es,

177 3940 461 4020 descende
489 3962 555 4016 de
591 3976 774 4015 cruce.
824 3957 1087 4013 Similiter
1119 3968 1175 4013 et
1205 3959 1477 4026 principes
1510 3957 1759 4011 sacerdo-

176 4066 292 4111 tum
337 4056 619 4110 illudentes
650 4068 770 4108 cum
808 4052 1000 4106 scribis
1035 4058 1087 4105 et
1125 4051 1428 4104 senioribus
1462 4049 1711 4103 dicebant
1741 4068 1753 4103 :

178 4149 335 4204 Alios
366 4148 545 4201 salvos
580 4145 739 4208 fecit,
781 4159 838 4197 se
872 4144 1043 4213 ipsum
1084 4157 1190 4196 non
1226 4149 1406 4210 potest
1445 4140 1648 4195 salvum
1685 4138 1762 4193 fa-

176 4251 323 4293 cere.
368 4235 425 4289 Si
468 4252 561 4288 rex
594 4234 756 4289 lsracl
793 4242 911 4295 est,
955 4231 1247 4285 descendat
1288 4246 1430 4283 nunc
1472 4230 1535 4282 de
1563 4244 1754 4294 cruce,

176 4337 234 4383 et
262 4327 531 4381 credimus
560 4326 629 4379 ei.
664 4323 898 4378 Conﬁdit
940 4322 990 4375 in
1034 4320 1169 4385 Deo,
1210 4320 1403 4373 liberet
1446 4334 1566 4372 eum
1612 4332 1757 4371 nunc

178 4421 226 4474 si
272 4418 403 4472 vult.
463 4418 606 4471 Dixit
652 4416 792 4470 enim
839 4414 961 4482 quia
1012 4412 1181 4466 Filius
1232 4412 1325 4465 Dei
1372 4426 1489 4465 sum
1522 4410 1754 4479 (Matth.

176 4527 327 4565 xxvu
356 4509 396 4579 ).
434 4530 453 4561 ι
485 4508 630 4561 Talis
658 4507 802 4560 enim
832 4505 931 4558 fuit
957 4504 1235 4558 meditatio
1265 4520 1451 4558 eorum
1473 4544 1487 4567 ,
1522 4502 1643 4557 talis
1676 4502 1756 4555 fu-

1864 3341 1983 3387 ctus
2011 3335 2230 3387 omnino
2260 3349 2365 3386 non
2396 3336 2606 3402 reperit.

1939 3421 2053 3490 Sin.
2090 3441 2106 3472 ι
2138 3422 2444 3499 Sessionem
2473 3439 2661 3477 eorum
2689 3431 2744 3479 et
2769 3427 3227 3481 resurrectionem
3256 3444 3441 3481 eorum

1870 3530 1889 3563 σ
1922 3513 2048 3565 vide
2080 3532 2091 3565 :
2126 3528 2227 3581 ego
2272 3529 2389 3566 sum
2436 3513 2673 3582 psalmus
2720 3529 2924 3569 eorum.
2965 3536 2983 3566 ι
3015 3516 3341 3587 (ΜΑυιιιιε.)
3385 3517 3442 3570 lu

1863 3604 2103 3657 sessione
2152 3604 2407 3673 exprimit
2460 3604 2701 3658 habitum
2741 3604 3054 3673 judicandi,
3104 3608 3155 3660 in
3204 3624 3442 3662 resurre-

1861 3694 2039 3747 ctione
2094 3708 2223 3746 vero
2272 3694 2506 3746 studium
2563 3694 2612 3747 id
2667 3696 2808 3762 quod
2865 3696 3226 3750 moliebantur
3270 3697 3431 3765 perﬁ-

1861 3784 2056 3838 ciendi.
2093 3784 2198 3837 Sed
2235 3784 2360 3852 quia
2402 3785 2453 3837 in
2495 3772 2753 3840 cathedra
2793 3788 3112 3855 pestilentiae
3150 3791 3435 3857 pontiﬁces

1862 3885 1915 3930 et
1945 3871 2545 3943 principes‘Judatorum
2576 3875 2831 3930 sederunt
2860 3878 3177 3933 insidiantes
3197 3919 3211 3940 ,
3257 3888 3315 3933 ut
3362 3881 3438 3934 in-

1862 3966 2173 4021 terﬁcerent
2217 3967 2557 4021 innocentem
2592 3969 2610 4038 (
2638 3967 2783 4022 Psal.
2817 3971 2876 4039 ι)
2911 3989 2921 4024 τ
2959 3971 3025 4024 ad
3058 3971 3159 4025 hoc
3188 3987 3439 4025 surrexe-

1860 4068 2016 4123 runt,
2068 4067 2126 4111 ut
2171 4060 2314 4127 quod
2360 4062 2611 4128 nequiter
2652 4069 2982 4127 tractarent,
3024 4076 3186 4132 Opere
3227 4065 3441 4119 nefario

1860 4156 2317 4202 consummarent.
2365 4149 2659 4203 lnl‘elicitas
2707 4148 2807 4204 fuit
2857 4152 2908 4203 in
2962 4152 3062 4206 viis
3114 4167 3335 4217 eorum,
3387 4163 3444 4208 et

1858 4239 2001 4293 via’m
2030 4242 2177 4309 pacis
2206 4256 2309 4293 nou
2340 4250 2737 4311 cognoverunt,
2769 4243 2861 4297 sed
2892 4243 3147 4313 quidquid
3187 4244 3301 4313 ipse
3340 4262 3436 4299 co-

1859 4345 1977 4384 ram
2013 4332 2091 4385 eis
2130 4331 2412 4385 veracibus
2449 4332 2629 4385 verbis
2666 4331 3001 4400 proferebat,
3041 4341 3209 4384 totqu
3248 4334 3298 4385 in
3341 4350 3433 4387 ca-

1859 4420 2116 4473 lumniam
2148 4430 2202 4473 et
2233 4421 2283 4472 in
2316 4418 2664 4488 opprobrium
2698 4429 2907 4483 vertere
2937 4419 3243 4473 studebant.
3288 4421 3440 4476 Unde

1862 4522 1982 4561 cum
2053 4508 2256 4561 diceret
2308 4526 2319 4559 :
2370 4525 2388 4557 ι
2423 4506 2629 4562 Amodo
2678 4508 2931 4565 videbitis
2987 4508 3032 4560 ﬁ.
3064 4523 3151 4560 um
3209 4509 3440 4565 hominis

178 4615 273 4653 ror
323 4607 376 4652 et
430 4596 724 4667 pertinacia
769 4611 989 4658 eorum,
1016 4602 1075 4647 ut
1116 4604 1305 4649 contra
1348 4596 1631 4649 veritatem
1673 4594 1756 4647 in-
1780 4568 1833 4627 D
1859 4599 2133 4652 sedentem
2169 4612 2197 4650 a
2231 4595 2438 4651 dextris
2476 4598 2689 4651 virtutis
2712 4639 2726 4662 ,
2767 4606 2822 4652 et
2852 4598 3151 4651 venienti-In
3190 4598 3242 4651 in
3278 4601 3436 4653 nubi-

178 4692 469 4764 stituerent
500 4697 663 4742 testes
694 4686 945 4741 falsitatis
966 4727 979 4749 ,
1010 4686 1211 4739 malum
1242 4702 1340 4755 pro
1381 4688 1522 4742 bono
1559 4686 1751 4741 redde-

178 4790 301 4835 rent
355 4779 524 4848 gratis
570 4796 582 4829 :
633 4778 775 4847 quod
827 4777 1108 4831 Psalmista
1168 4778 1364 4831 dudum
1426 4778 1753 4845 prmcinebat

179 4871 366 4924 dicens
399 4887 410 4921 :
446 4887 462 4917 ι
498 4867 759 4933 Quoniam
802 4868 967 4935 gratis
998 4868 1392 4920 abscondcrunt
1424 4866 1553 4919 mihi
1585 4867 1751 4920 inter-

180 4962 316 5015 itum
372 4958 547 5028 laquei
616 4957 731 5021 sui,
800 4972 936 5009 vane
990 4958 1450 5026 exprobraverunt
1514 4958 1747 5011 animam

179 5064 354 5104 meam
406 5046 594 5119 (Psal.
624 5063 789 5100 xxxiv
812 5046 851 5117 ).
888 5067 903 5097 ι
936 5046 1118 5103 Gratis
1162 5064 1349 5104 revera
1394 5050 1586 5117 quibus
1622 5050 1750 5104 mali

182 5141 316 5196 nihil
364 5139 586 5194 fecerat.
635 5139 764 5192 lllud
810 5140 1101 5206 gratuitum
1152 5141 1415 5202 diximus,
1460 5141 1601 5207 quod
1646 5156 1751 5194 non

184 5230 406 5297 alicujus
437 5230 513 5283 rei
541 5231 974 5297 compensatione
1005 5231 1275 5284 tribuitur.
1304 5228 1589 5300 (Cassiod.)
1618 5231 1753 5285 Abs-

184 5324 481 5379 conderunt
534 5322 664 5376 mihi
721 5331 780 5375 ut
836 5322 907 5375 illi
959 5324 1253 5391 putabant,
1312 5323 1401 5390 qui
1455 5322 1749 5376 divinitatis

185 5413 300 5481 ejus
325 5412 622 5481 potentiam
654 5426 759 5465 non
789 5412 1101 5465 credebant.
1148 5411 1279 5466 Nam
1312 5411 1439 5480 quid
1479 5421 1655 5478 potest
1682 5410 1749 5463 ab

185 5518 249 5557 eo
284 5502 576 5565 abscondi,
613 5500 699 5555 cui
745 5501 878 5554 nihil
922 5502 1193 5554 occultum
1233 5501 1359 5554 est?
1402 5500 1491 5553 ille
1520 5500 1661 5552 enim
1694 5509 1748 5554 et

185 5593 512 5662 proditorem
542 5607 697 5645 suum
729 5592 780 5645 in
810 5606 963 5645 cmna
992 5591 1319 5661 designavit,
1350 5599 1400 5645 et
1444 5591 1748 5659 passionem

188 5692 471 5751 antequam
501 5684 813 5751 proveniret
850 5682 1095 5747 edocuit,
1141 5698 1241 5737 nee
1278 5683 1570 5753 quidquam
1616 5680 1747 5748 fuit,

189 5777 326 5855 quod
365 5776 417 5837 ei
455 5777 911 5837 absconderetur:
942 5776 1068 5847 quia
1097 5776 1277 5835 omnia
1317 5789 1427 5834 sua:
1464 5774 1755 5835 voluntatis

1860 4689 1959 4741 bus
2012 4687 2161 4746 coeli,
2218 4687 2467 4756 princeps
2518 4688 2853 4741 sacerdotum
2910 4687 3069 4740 scidit
3114 4688 3435 4742 vestimenta

1859 4794 1981 4840 sua,
2020 4778 2203 4831 dicens
2234 4795 2244 4827 :
2285 4776 2695 4844 Blasphemavit.
2732 4776 2882 4830 Tunc
2909 4786 3240 4845 exspuerunt
3268 4778 3318 4829 in
3352 4777 3435 4829 fa-

1858 4870 1993 4923 ciem
2034 4867 2175 4934 ejus,
2219 4874 2273 4919 et
2309 4866 2552 4934 colaphis
2582 4881 2704 4919 eum
2738 4866 3052 4920 ceciderunt
3083 4880 3097 4927 ;
3132 4865 3219 4917 alii
3252 4874 3431 4918 autem

1857 4959 2061 5028 palmas
2092 4958 2144 5009 in
2178 4956 2364 5011 faciem
2392 4957 2439 5010 ei
2470 4957 2762 5020 dederunt,
2794 4956 3033 5009 dicentes
3064 4972 3075 5007 :
3110 4954 3429 5024 Pmphctiza

1858 5048 2042 5111 nobis,
2080 5046 2323 5110 Christe,
2361 5046 2480 5113 quis
2510 5055 2591 5099 est
2625 5045 2717 5114 qui
2759 5054 2808 5098 te
2843 5045 3158 5114 percussit?
3193 5046 3209 5113 (
3238 5044 3427 5098 Matth.

1855 5157 1945 5194 xx.
1976 5138 1992 5207 )
2033 5159 2049 5189 ι
2083 5138 2233 5203 Quod
2263 5139 2423 5191 etiam
2457 5136 2727 5206 Propheta
2759 5138 2954 5191 dudum
2988 5138 3038 5189 in
3070 5138 3261 5204 spiritu
3296 5154 3430 5205 pra:-

1852 5232 2042 5285 videus
2071 5230 2305 5283 ostendit
2336 5229 2520 5282 dicens
2556 5247 2567 5281 :
2608 5248 2624 5278 ι
2661 5230 2957 5283 Adversum
2989 5243 3074 5281 me
3104 5229 3431 5282 exerceban-

1853 5331 1960 5386 tur,
2001 5323 2095 5391 qui
2141 5322 2397 5375 scdebant
2435 5321 2488 5373 in
2535 5330 2722 5389 porta,
2771 5329 2825 5373 et
2868 5320 2921 5373 in
2964 5335 3049 5373 me
3094 5319 3425 5387 psallebant,

1851 5413 1940 5481 qui
1972 5412 2227 5466 bibebant
2255 5410 2436 5462 vinum
2468 5407 2651 5478 (Psal.
2682 5424 2844 5463 vam
2865 5409 2935 5479 ).»
2962 5408 3100 5461 Dicit
3131 5407 3273 5460 enim
3306 5422 3429 5475 pas-

1851 5504 2054 5557 sionem
2110 5517 2260 5557 suam
2312 5502 2453 5570 genti
2507 5501 2741 5556 Judaica:
2788 5501 2951 5554 fuisse
3004 5500 3282 5561 fabulam,
3334 5501 3424 5567 qui

1853 5594 2004 5663 quasi
2049 5593 2265 5661 impleta
2309 5592 2631 5660 cegitatione
2676 5606 2771 5645 sua
2820 5590 2885 5644 de
2931 5604 3062 5643 nece
3106 5589 3315 5643 Domini
3350 5597 3426 5641 te-

1852 5683 2243 5739 mulentissime
2298 5682 2623 5751 garriebant.
2684 5679 2789 5736 Sed
2845 5680 2971 5751 quia
3034 5677 3427 5748 incorrigibiles

1852 5784 2035 5843 erant,
2068 5784 2123 5831 et
2166 5772 2339 5846 magis
2384 5787 2733 5847 perseverare
2775 5772 2831 5831 in
2875 5770 3045 5838 malo,
3096 5784 3258 5847 quam
3302 5768 3429 5829 inde
