  <div class='ocr_page' id='page_1' title='image "/cluster/home/n/w/nwhite01/storage/ocr_20150623/111/uva.x000827067/631.png"; bbox 0 0 3952 6312; ppageno 0'>
   <div class='ocr_carea' id='block_1_1' title="bbox 474 308 2073 429">
    <p class='ocr_par' dir='ltr' id='par_1_1' title="bbox 474 308 2073 429">
     <span class='ocr_line' id='line_1_1' title="bbox 474 308 2073 429; baseline 0 -25"><span class='ocrx_word' id='word_1_1' title='bbox 474 349 614 407; x_wconf 65' lang='lat' dir='ltr'><strong>mw</strong></span> <span class='ocrx_word' id='word_1_2' title='bbox 1048 308 1059 319; x_wconf 16' lang='grc' dir='ltr'>Χ</span> <span class='ocrx_word' id='word_1_3' title='bbox 1110 352 1173 407; x_wconf 92' lang='lat' dir='ltr'><strong>B.</strong></span> <span class='ocrx_word' id='word_1_4' title='bbox 1218 352 1472 408; x_wconf 82' lang='lat' dir='ltr'><strong>RABANl</strong></span> <span class='ocrx_word' id='word_1_5' title='bbox 1511 353 1729 410; x_wconf 69' lang='lat' dir='ltr'><strong>mum</strong></span> <span class='ocrx_word' id='word_1_6' title='bbox 1765 353 2073 429; x_wconf 47' lang='lat' dir='ltr'><strong>ARCHIEP.</strong></span> 
     </span>
    </p>
   </div>
   <div class='ocr_carea' id='block_1_2' title="bbox 2182 308 3747 429">
    <p class='ocr_par' dir='ltr' id='par_1_2' title="bbox 2182 351 3747 412">
     <span class='ocr_line' id='line_1_2' title="bbox 2182 351 3747 412; baseline -0.002 -2"><span class='ocrx_word' id='word_1_7' title='bbox 2182 352 2439 411; x_wconf 82' lang='lat' dir='ltr'><strong>OGUNT.</strong></span> <span class='ocrx_word' id='word_1_8' title='bbox 2465 354 2750 412; x_wconf 84' lang='lat' dir='ltr'><strong>OPERUM</strong></span> <span class='ocrx_word' id='word_1_9' title='bbox 2790 354 2968 412; x_wconf 79' lang='lat' dir='ltr'><strong>PARS</strong></span> <span class='ocrx_word' id='word_1_10' title='bbox 3004 355 3091 411; x_wconf 82' lang='lat' dir='ltr'><strong>Ill.</strong></span> <span class='ocrx_word' id='word_1_11' title='bbox 3614 351 3747 407; x_wconf 66' lang='grc'><strong>1248</strong></span> 
     </span>
    </p>
   </div>
   <div class='ocr_carea' id='block_1_3' title="bbox 472 466 3747 541">
    <p class='ocr_par' dir='ltr' id='par_1_3' title="bbox 472 466 3747 541">
     <span class='ocr_line' id='line_1_3' title="bbox 472 466 3747 541; baseline -0 -18"><span class='ocrx_word' id='word_1_12' title='bbox 472 468 726 523; x_wconf 80' lang='lat' dir='ltr'><strong>recedere</strong></span> <span class='ocrx_word' id='word_1_13' title='bbox 753 466 1054 538; x_wconf 87' lang='lat' dir='ltr'><strong>eligebant,</strong></span> <span class='ocrx_word' id='word_1_14' title='bbox 1086 468 1318 537; x_wconf 89' lang='lat' dir='ltr'><strong>superba</strong></span> <span class='ocrx_word' id='word_1_15' title='bbox 1345 481 1405 522; x_wconf 89' lang='lat' dir='ltr'><strong>se</strong></span> <span class='ocrx_word' id='word_1_16' title='bbox 1434 467 1735 541; x_wconf 75' lang='lat' dir='ltr'><strong>intentione</strong></span> <span class='ocrx_word' id='word_1_17' title='bbox 1762 467 2057 523; x_wconf 85' lang='lat' dir='ltr'><strong>defenden-</strong></span> <span class='ocrx_word' id='word_1_18' title='bbox 2087 473 2142 532; x_wconf 80' lang='grc' dir='ltr'><strong>Α</strong></span> <span class='ocrx_word' id='word_1_19' title='bbox 2165 476 2267 523; x_wconf 92' lang='lat' dir='ltr'><strong>ret.</strong></span> <span class='ocrx_word' id='word_1_20' title='bbox 2324 468 2438 524; x_wconf 82' lang='lat' dir='ltr'><strong>Hoc</strong></span> <span class='ocrx_word' id='word_1_21' title='bbox 2491 480 2703 524; x_wconf 90' lang='lat' dir='ltr'><strong>scutum</strong></span> <span class='ocrx_word' id='word_1_22' title='bbox 2760 469 2925 524; x_wconf 91' lang='lat' dir='ltr'><strong>etiam</strong></span> <span class='ocrx_word' id='word_1_23' title='bbox 2976 470 3234 539; x_wconf 92' lang='lat' dir='ltr'><strong>requisita</strong></span> <span class='ocrx_word' id='word_1_24' title='bbox 3295 470 3494 525; x_wconf 83' lang='lat' dir='ltr'><strong>mulier</strong></span> <span class='ocrx_word' id='word_1_25' title='bbox 3548 469 3747 531; x_wconf 86' lang='lat' dir='ltr'><strong>tenuit,</strong></span> 
     </span>
    </p>
   </div>
   <div class='ocr_carea' id='block_1_4' title="bbox 473 557 3749 631">
    <p class='ocr_par' dir='ltr' id='par_1_4' title="bbox 473 557 3749 631">
     <span class='ocr_line' id='line_1_4' title="bbox 473 557 3749 631; baseline 0 -16"><span class='ocrx_word' id='word_1_26' title='bbox 473 568 583 626; x_wconf 90' lang='lat' dir='ltr'><strong>tes,</strong></span> <span class='ocrx_word' id='word_1_27' title='bbox 626 559 783 629; x_wconf 89' lang='lat' dir='ltr'><strong>quasi</strong></span> <span class='ocrx_word' id='word_1_28' title='bbox 819 557 1046 626; x_wconf 69' lang='lat' dir='ltr'><strong>justitize</strong></span> <span class='ocrx_word' id='word_1_29' title='bbox 1082 566 1433 615; x_wconf 81' lang='lat' dir='ltr'><strong>exsecutores</strong></span> <span class='ocrx_word' id='word_1_30' title='bbox 1464 572 1565 630; x_wconf 90' lang='lat' dir='ltr'><strong>per</strong></span> <span class='ocrx_word' id='word_1_31' title='bbox 1584 557 1877 615; x_wconf 71' lang='lat' dir='ltr'><strong>Jeremiam</strong></span> <span class='ocrx_word' id='word_1_32' title='bbox 1919 558 2057 615; x_wconf 88' lang='lat' dir='ltr'><strong>dici-</strong></span> <span class='ocrx_word' id='word_1_33' title='bbox 2161 559 2377 629; x_wconf 87' lang='lat' dir='ltr'><strong>quando</strong></span> <span class='ocrx_word' id='word_1_34' title='bbox 2420 576 2596 631; x_wconf 90' lang='lat' dir='ltr'><strong>neque</strong></span> <span class='ocrx_word' id='word_1_35' title='bbox 2634 563 2749 631; x_wconf 90' lang='lat' dir='ltr'><strong>ipsa</strong></span> <span class='ocrx_word' id='word_1_36' title='bbox 2794 561 2861 616; x_wconf 89' lang='lat' dir='ltr'><strong>ad</strong></span> <span class='ocrx_word' id='word_1_37' title='bbox 2906 575 2966 617; x_wconf 89' lang='lat' dir='ltr'><strong>se</strong></span> <span class='ocrx_word' id='word_1_38' title='bbox 3006 560 3218 631; x_wconf 84' lang='lat' dir='ltr'><strong>culpam</strong></span> <span class='ocrx_word' id='word_1_39' title='bbox 3259 562 3470 627; x_wconf 91' lang='lat' dir='ltr'><strong>retulit,</strong></span> <span class='ocrx_word' id='word_1_40' title='bbox 3506 562 3601 616; x_wconf 85' lang='lat' dir='ltr'><strong>sed</strong></span> <span class='ocrx_word' id='word_1_41' title='bbox 3630 576 3749 617; x_wconf 86' lang='lat' dir='ltr'><strong>ser-</strong></span> 
     </span>
    </p>
   </div>
   <div class='ocr_carea' id='block_1_5' title="bbox 472 643 3750 724">
    <p class='ocr_par' dir='ltr' id='par_1_5' title="bbox 472 643 3750 724">
     <span class='ocr_line' id='line_1_5' title="bbox 472 643 3750 724; baseline 0.001 -19"><span class='ocrx_word' id='word_1_42' title='bbox 472 657 579 705; x_wconf 90' lang='lat' dir='ltr'><strong>tur.</strong></span> <span class='ocrx_word' id='word_1_43' title='bbox 613 647 769 706; x_wconf 89' lang='lat' dir='ltr'><strong>Unde</strong></span> <span class='ocrx_word' id='word_1_44' title='bbox 798 656 855 705; x_wconf 92' lang='lat' dir='ltr'><strong>et</strong></span> <span class='ocrx_word' id='word_1_45' title='bbox 883 649 1127 719; x_wconf 76' lang='lat' dir='ltr'><strong>sequitur</strong></span> <span class='ocrx_word' id='word_1_46' title='bbox 1156 668 1169 704; x_wconf 90' lang='lat'><strong>:</strong></span> <span class='ocrx_word' id='word_1_47' title='bbox 2160 650 2339 719; x_wconf 86' lang='lat' dir='ltr'><strong>pentis</strong></span> <span class='ocrx_word' id='word_1_48' title='bbox 2368 650 2501 707; x_wconf 90' lang='lat' dir='ltr'><strong>illud</strong></span> <span class='ocrx_word' id='word_1_49' title='bbox 2540 643 2983 723; x_wconf 72' lang='lat' dir='ltr'><strong>persuasionibus</strong></span> <span class='ocrx_word' id='word_1_50' title='bbox 3026 651 3309 724; x_wconf 88' lang='lat' dir='ltr'><strong>replicavit</strong></span> <span class='ocrx_word' id='word_1_51' title='bbox 3348 654 3541 710; x_wconf 87' lang='lat' dir='ltr'><strong>dicens</strong></span> <span class='ocrx_word' id='word_1_52' title='bbox 3570 668 3585 706; x_wconf 90' lang='lat'><strong>:</strong></span> <span class='ocrx_word' id='word_1_53' title='bbox 3618 652 3750 709; x_wconf 88' lang='lat' dir='ltr'><strong>Ser-</strong></span> 
     </span>
    </p>
   </div>
   <div class='ocr_carea' id='block_1_6' title="bbox 545 736 3752 832">
    <p class='ocr_par' dir='ltr' id='par_1_6' title="bbox 545 736 3752 832">
     <span class='ocr_line' id='line_1_6' title="bbox 545 736 3752 832; baseline 0.003 -39"><span class='ocrx_word' id='word_1_54' title='bbox 545 738 732 832; x_wconf 56' lang='grc' dir='ltr'><strong>ἸἸιιιιιἱ</strong></span> <span class='ocrx_word' id='word_1_55' title='bbox 753 758 774 792; x_wconf 71' lang='grc' dir='ltr'><strong><em>ι</em></strong></span> <span class='ocrx_word' id='word_1_56' title='bbox 805 738 991 796; x_wconf 82' lang='lat' dir='ltr'><strong>Redde</strong></span> <span class='ocrx_word' id='word_1_57' title='bbox 1032 740 1113 801; x_wconf 87' lang='lat' dir='ltr'><strong>eis</strong></span> <span class='ocrx_word' id='word_1_58' title='bbox 1140 740 1313 832; x_wconf 71' lang='lat' dir='ltr'><strong>vicem</strong></span> <span class='ocrx_word' id='word_1_59' title='bbox 1338 778 1354 805; x_wconf 92' lang='lat'><strong>,</strong></span> <span class='ocrx_word' id='word_1_60' title='bbox 1402 739 1657 832; x_wconf 77' lang='lat' dir='ltr'><strong>Domine,</strong></span> <span class='ocrx_word' id='word_1_61' title='bbox 1696 736 1855 832; x_wconf 77' lang='lat' dir='ltr'><strong>juxta</strong></span> <span class='ocrx_word' id='word_1_62' title='bbox 1890 753 2058 810; x_wconf 81' lang='lat' dir='ltr'><strong>opera</strong></span> <span class='ocrx_word' id='word_1_63' title='bbox 2164 754 2301 809; x_wconf 87' lang='lat' dir='ltr'><strong>pens</strong></span> <span class='ocrx_word' id='word_1_64' title='bbox 2328 740 2540 832; x_wconf 80' lang='lat' dir='ltr'><strong>decepit</strong></span> <span class='ocrx_word' id='word_1_65' title='bbox 2565 757 2652 796; x_wconf 91' lang='lat' dir='ltr'><strong>me</strong></span> <span class='ocrx_word' id='word_1_66' title='bbox 2680 750 2737 832; x_wconf 77' lang='lat' dir='ltr'><strong>et</strong></span> <span class='ocrx_word' id='word_1_67' title='bbox 2764 743 3007 808; x_wconf 89' lang='lat' dir='ltr'><strong>comedi,</strong></span> <span class='ocrx_word' id='word_1_68' title='bbox 3037 752 3099 799; x_wconf 94' lang='lat' dir='ltr'><strong>ut</strong></span> <span class='ocrx_word' id='word_1_69' title='bbox 3127 744 3244 814; x_wconf 89' lang='lat' dir='ltr'><strong>ipsa</strong></span> <span class='ocrx_word' id='word_1_70' title='bbox 3272 761 3492 817; x_wconf 91' lang='lat' dir='ltr'><strong>quoque</strong></span> <span class='ocrx_word' id='word_1_71' title='bbox 3536 754 3752 801; x_wconf 81' lang='lat' dir='ltr'><strong>reatum</strong></span> 
     </span>
    </p>
   </div>
   <div class='ocr_carea' id='block_1_7' title="bbox 478 825 3752 905">
    <p class='ocr_par' dir='ltr' id='par_1_7' title="bbox 478 825 3752 905">
     <span class='ocr_line' id='line_1_7' title="bbox 478 825 3752 905; baseline 0.002 -23"><span class='ocrx_word' id='word_1_72' title='bbox 478 846 497 881; x_wconf 79' lang='grc' dir='ltr'>ι</span> <span class='ocrx_word' id='word_1_73' title='bbox 532 825 787 905; x_wconf 74' lang='lat' dir='ltr'><strong>manuum</strong></span> <span class='ocrx_word' id='word_1_74' title='bbox 836 842 1079 884; x_wconf 90' lang='lat' dir='ltr'><strong>suarum.</strong></span> <span class='ocrx_word' id='word_1_75' title='bbox 1112 847 1131 881; x_wconf 72' lang='grc' dir='ltr'><strong><em>ι</em></strong></span> <span class='ocrx_word' id='word_1_76' title='bbox 1165 827 1401 899; x_wconf 78' lang='lat' dir='ltr'><strong>Moxque</strong></span> <span class='ocrx_word' id='word_1_77' title='bbox 1445 825 1692 884; x_wconf 87' lang='lat' dir='ltr'><strong>eamdem</strong></span> <span class='ocrx_word' id='word_1_78' title='bbox 1737 827 1918 884; x_wconf 80' lang='lat' dir='ltr'><strong>vicem</strong></span> <span class='ocrx_word' id='word_1_79' title='bbox 1964 841 2062 883; x_wconf 82' lang='lat' dir='ltr'><strong>ex-</strong></span> <span class='ocrx_word' id='word_1_80' title='bbox 2169 843 2328 883; x_wconf 88' lang='lat' dir='ltr'><strong>suum</strong></span> <span class='ocrx_word' id='word_1_81' title='bbox 2355 830 2576 900; x_wconf 88' lang='lat' dir='ltr'><strong>oblique</strong></span> <span class='ocrx_word' id='word_1_82' title='bbox 2605 832 2661 886; x_wconf 92' lang='lat' dir='ltr'><strong>in</strong></span> <span class='ocrx_word' id='word_1_83' title='bbox 2687 830 3007 887; x_wconf 76' lang='lat' dir='ltr'><strong>Creatorem</strong></span> <span class='ocrx_word' id='word_1_84' title='bbox 3037 833 3281 898; x_wconf 80' lang='lat' dir='ltr'><strong>duceret,</strong></span> <span class='ocrx_word' id='word_1_85' title='bbox 3314 836 3409 904; x_wconf 91' lang='lat' dir='ltr'><strong>qui</strong></span> <span class='ocrx_word' id='word_1_86' title='bbox 3449 835 3564 890; x_wconf 91' lang='lat' dir='ltr'><strong>illic</strong></span> <span class='ocrx_word' id='word_1_87' title='bbox 3603 836 3752 889; x_wconf 83' lang='lat' dir='ltr'><strong>intra</strong></span> 
     </span>
    </p>
   </div>
   <div class='ocr_carea' id='block_1_8' title="bbox 470 916 3755 991">
    <p class='ocr_par' dir='ltr' id='par_1_8' title="bbox 470 916 3755 991">
     <span class='ocr_line' id='line_1_8' title="bbox 470 916 3755 991; baseline 0.002 -20"><span class='ocrx_word' id='word_1_88' title='bbox 470 916 714 986; x_wconf 87' lang='lat' dir='ltr'><strong>pressius</strong></span> <span class='ocrx_word' id='word_1_89' title='bbox 743 917 1007 983; x_wconf 86' lang='lat' dir='ltr'><strong>subdidit,</strong></span> <span class='ocrx_word' id='word_1_90' title='bbox 1038 917 1265 973; x_wconf 83' lang='lat' dir='ltr'><strong>dicens:</strong></span> <span class='ocrx_word' id='word_1_91' title='bbox 2164 932 2223 972; x_wconf 89' lang='lat' dir='ltr'><strong>se</strong></span> <span class='ocrx_word' id='word_1_92' title='bbox 2270 926 2575 988; x_wconf 88' lang='lat' dir='ltr'><strong>serpentem</strong></span> <span class='ocrx_word' id='word_1_93' title='bbox 2616 934 3009 989; x_wconf 87' lang='lat' dir='ltr'><strong>persuasurum</strong></span> <span class='ocrx_word' id='word_1_94' title='bbox 3049 921 3179 975; x_wconf 92' lang='lat' dir='ltr'><strong>talia</strong></span> <span class='ocrx_word' id='word_1_95' title='bbox 3218 922 3580 991; x_wconf 81' lang='lat' dir='ltr'><strong>permisisset.</strong></span> <span class='ocrx_word' id='word_1_96' title='bbox 3625 922 3755 977; x_wconf 84' lang='lat' dir='ltr'><strong>Ser-</strong></span> 
     </span>
    </p>
   </div>
   <div class='ocr_carea' id='block_1_9' title="bbox 551 1006 3752 1084">
    <p class='ocr_par' dir='ltr' id='par_1_9' title="bbox 551 1006 3752 1084">
     <span class='ocr_line' id='line_1_9' title="bbox 551 1006 3752 1084; baseline 0.002 -25"><span class='ocrx_word' id='word_1_97' title='bbox 551 1006 723 1062; x_wconf 80' lang='lat' dir='ltr'><strong>Tltau.</strong></span> <span class='ocrx_word' id='word_1_98' title='bbox 760 1026 778 1059; x_wconf 72' lang='grc' dir='ltr'><strong><em>ι</em></strong></span> <span class='ocrx_word' id='word_1_99' title='bbox 812 1007 979 1063; x_wconf 91' lang='lat' dir='ltr'><strong>Dabis</strong></span> <span class='ocrx_word' id='word_1_100' title='bbox 1006 1008 1088 1063; x_wconf 91' lang='lat' dir='ltr'><strong>eis</strong></span> <span class='ocrx_word' id='word_1_101' title='bbox 1112 1015 1326 1064; x_wconf 92' lang='lat' dir='ltr'><strong>scutum</strong></span> <span class='ocrx_word' id='word_1_102' title='bbox 1355 1006 1535 1063; x_wconf 86' lang='lat' dir='ltr'><strong>cordis</strong></span> <span class='ocrx_word' id='word_1_103' title='bbox 1559 1006 1802 1064; x_wconf 88' lang='lat' dir='ltr'><strong>laborem</strong></span> <span class='ocrx_word' id='word_1_104' title='bbox 1828 1014 2003 1063; x_wconf 88' lang='lat' dir='ltr'><strong>tuum.</strong></span> <span class='ocrx_word' id='word_1_105' title='bbox 2037 1026 2056 1059; x_wconf 75' lang='grc' dir='ltr'><strong><em>ι</em></strong></span> <span class='ocrx_word' id='word_1_106' title='bbox 2164 1024 2297 1079; x_wconf 89' lang='lat' dir='ltr'><strong>pens</strong></span> <span class='ocrx_word' id='word_1_107' title='bbox 2323 1025 2454 1066; x_wconf 92' lang='lat' dir='ltr'><strong>vero</strong></span> <span class='ocrx_word' id='word_1_108' title='bbox 2475 1011 2591 1080; x_wconf 90' lang='lat' dir='ltr'><strong>jam</strong></span> <span class='ocrx_word' id='word_1_109' title='bbox 2620 1027 2729 1065; x_wconf 92' lang='lat' dir='ltr'><strong>non</strong></span> <span class='ocrx_word' id='word_1_110' title='bbox 2759 1013 3074 1082; x_wconf 82' lang='lat' dir='ltr'><strong>requiritur,</strong></span> <span class='ocrx_word' id='word_1_111' title='bbox 3106 1014 3233 1084; x_wconf 89' lang='lat' dir='ltr'><strong>quia</strong></span> <span class='ocrx_word' id='word_1_112' title='bbox 3273 1028 3374 1069; x_wconf 89' lang='lat' dir='ltr'><strong>nec</strong></span> <span class='ocrx_word' id='word_1_113' title='bbox 3414 1012 3532 1081; x_wconf 87' lang='lat' dir='ltr'><strong>ejus</strong></span> <span class='ocrx_word' id='word_1_114' title='bbox 3573 1014 3752 1083; x_wconf 73' lang='lat' dir='ltr'><strong>paeni-</strong></span> 
     </span>
    </p>
   </div>
   <div class='ocr_carea' id='block_1_10' title="bbox 472 1094 3749 1173">
    <p class='ocr_par' dir='ltr' id='par_1_10' title="bbox 472 1094 3749 1173">
     <span class='ocr_line' id='line_1_10' title="bbox 472 1094 3749 1173; baseline 0.002 -23"><span class='ocrx_word' id='word_1_115' title='bbox 472 1094 674 1168; x_wconf 80' lang='lat' dir='ltr'><strong>(Greg.</strong></span> <span class='ocrx_word' id='word_1_116' title='bbox 705 1094 727 1167; x_wconf 96' lang='lat'><strong>)</strong></span> <span class='ocrx_word' id='word_1_117' title='bbox 756 1095 938 1152; x_wconf 88' lang='lat' dir='ltr'><strong>Labor</strong></span> <span class='ocrx_word' id='word_1_118' title='bbox 962 1098 1163 1168; x_wconf 89' lang='lat' dir='ltr'><strong>quippe</strong></span> <span class='ocrx_word' id='word_1_119' title='bbox 1193 1098 1289 1153; x_wconf 89' lang='lat' dir='ltr'><strong>Dei</strong></span> <span class='ocrx_word' id='word_1_120' title='bbox 1318 1111 1589 1168; x_wconf 83' lang='lat' dir='ltr'><strong>apparens</strong></span> <span class='ocrx_word' id='word_1_121' title='bbox 1616 1098 1762 1153; x_wconf 91' lang='lat' dir='ltr'><strong>inter</strong></span> <span class='ocrx_word' id='word_1_122' title='bbox 1787 1097 2061 1163; x_wconf 90' lang='lat' dir='ltr'><strong>homines,</strong></span> <span class='ocrx_word' id='word_1_123' title='bbox 2166 1102 2333 1157; x_wconf 86' lang='lat' dir='ltr'><strong>tentia</strong></span> <span class='ocrx_word' id='word_1_124' title='bbox 2386 1103 2751 1172; x_wconf 71' lang='lat' dir='ltr'><strong>quaerebatur.</strong></span> <span class='ocrx_word' id='word_1_125' title='bbox 2804 1101 2872 1156; x_wconf 84' lang='lat' dir='ltr'><strong>Hi</strong></span> <span class='ocrx_word' id='word_1_126' title='bbox 2918 1112 3100 1158; x_wconf 90' lang='lat' dir='ltr'><strong>autem</strong></span> <span class='ocrx_word' id='word_1_127' title='bbox 3149 1118 3376 1173; x_wconf 88' lang='lat' dir='ltr'><strong>quorum</strong></span> <span class='ocrx_word' id='word_1_128' title='bbox 3424 1104 3749 1172; x_wconf 68' lang='lat' dir='ltr'><strong>paenitentia</strong></span> 
     </span>
    </p>
   </div>
   <div class='ocr_carea' id='block_1_11' title="bbox 470 1184 3757 1265">
    <p class='ocr_par' dir='ltr' id='par_1_11' title="bbox 470 1184 3757 1265">
     <span class='ocr_line' id='line_1_11' title="bbox 470 1184 3757 1265; baseline 0.002 -22"><span class='ocrx_word' id='word_1_129' title='bbox 470 1187 745 1261; x_wconf 89' lang='lat' dir='ltr'><strong>passibilis</strong></span> <span class='ocrx_word' id='word_1_130' title='bbox 782 1191 901 1261; x_wconf 90' lang='lat' dir='ltr'><strong>ejus</strong></span> <span class='ocrx_word' id='word_1_131' title='bbox 929 1192 1240 1248; x_wconf 85' lang='lat' dir='ltr'><strong>humanitas</strong></span> <span class='ocrx_word' id='word_1_132' title='bbox 1271 1191 1409 1257; x_wconf 87' lang='lat' dir='ltr'><strong>fuit,</strong></span> <span class='ocrx_word' id='word_1_133' title='bbox 1442 1207 1606 1262; x_wconf 91' lang='lat' dir='ltr'><strong>quam</strong></span> <span class='ocrx_word' id='word_1_134' title='bbox 1629 1191 1798 1248; x_wconf 72' lang='lat' dir='ltr'><strong>Judaai</strong></span> <span class='ocrx_word' id='word_1_135' title='bbox 1831 1184 2065 1263; x_wconf 84' lang='lat' dir='ltr'><strong>superbe</strong></span> <span class='ocrx_word' id='word_1_136' title='bbox 2167 1195 2393 1264; x_wconf 69' lang='lat' dir='ltr'><strong>quaesita</strong></span> <span class='ocrx_word' id='word_1_137' title='bbox 2433 1202 2517 1250; x_wconf 90' lang='lat' dir='ltr'><strong>est</strong></span> <span class='ocrx_word' id='word_1_138' title='bbox 2538 1235 2553 1259; x_wconf 91' lang='lat'><strong>,</strong></span> <span class='ocrx_word' id='word_1_139' title='bbox 2587 1204 2798 1249; x_wconf 83' lang='lat' dir='ltr'><strong>scutum</strong></span> <span class='ocrx_word' id='word_1_140' title='bbox 2827 1195 3174 1265; x_wconf 77' lang='lat' dir='ltr'><strong>nequissimae</strong></span> <span class='ocrx_word' id='word_1_141' title='bbox 3203 1195 3532 1251; x_wconf 80' lang='lat' dir='ltr'><strong>defensionis</strong></span> <span class='ocrx_word' id='word_1_142' title='bbox 3561 1206 3757 1250; x_wconf 80' lang='lat' dir='ltr'><strong>contra</strong></span> 
     </span>
    </p>
   </div>
   <div class='ocr_carea' id='block_1_12' title="bbox 472 1278 3761 1356">
    <p class='ocr_par' dir='ltr' id='par_1_12' title="bbox 472 1278 3761 1356">
     <span class='ocr_line' id='line_1_12' title="bbox 472 1278 3761 1356; baseline 0.002 -21"><span class='ocrx_word' id='word_1_143' title='bbox 472 1278 693 1350; x_wconf 89' lang='lat' dir='ltr'><strong>sapiens</strong></span> <span class='ocrx_word' id='word_1_144' title='bbox 739 1278 869 1334; x_wconf 91' lang='lat' dir='ltr'><strong>dum</strong></span> <span class='ocrx_word' id='word_1_145' title='bbox 917 1288 1205 1336; x_wconf 88' lang='lat' dir='ltr'><strong>cernerent</strong></span> <span class='ocrx_word' id='word_1_146' title='bbox 1249 1279 1646 1350; x_wconf 82' lang='lat' dir='ltr'><strong>despexerunt,</strong></span> <span class='ocrx_word' id='word_1_147' title='bbox 1689 1296 1924 1352; x_wconf 90' lang='lat' dir='ltr'><strong>eumque</strong></span> <span class='ocrx_word' id='word_1_148' title='bbox 1962 1284 2068 1338; x_wconf 61' lang='lat' dir='ltr'><strong>im.</strong></span> <span class='ocrx_word' id='word_1_149' title='bbox 2160 1283 2495 1353; x_wconf 67' lang='lat' dir='ltr'><strong>justissimaa-</strong></span> <span class='ocrx_word' id='word_1_150' title='bbox 2529 1286 2887 1356; x_wconf 85' lang='lat' dir='ltr'><strong>correptionis</strong></span> <span class='ocrx_word' id='word_1_151' title='bbox 2940 1286 3107 1340; x_wconf 89' lang='lat' dir='ltr'><strong>verba</strong></span> <span class='ocrx_word' id='word_1_152' title='bbox 3163 1286 3525 1355; x_wconf 88' lang='lat' dir='ltr'><strong>protulerunt.</strong></span> <span class='ocrx_word' id='word_1_153' title='bbox 3600 1286 3761 1342; x_wconf 87' lang='lat' dir='ltr'><strong>Unde</strong></span> 
     </span>
    </p>
   </div>
   <div class='ocr_carea' id='block_1_13' title="bbox 473 1372 3759 1447">
    <p class='ocr_par' dir='ltr' id='par_1_13' title="bbox 473 1372 3759 1447">
     <span class='ocr_line' id='line_1_13' title="bbox 473 1372 3759 1447; baseline 0.001 -19"><span class='ocrx_word' id='word_1_154' title='bbox 473 1372 757 1428; x_wconf 84' lang='lat' dir='ltr'><strong>mortalem</strong></span> <span class='ocrx_word' id='word_1_155' title='bbox 788 1373 1014 1431; x_wconf 89' lang='lat' dir='ltr'><strong>credere</strong></span> <span class='ocrx_word' id='word_1_156' title='bbox 1043 1374 1315 1445; x_wconf 88' lang='lat' dir='ltr'><strong>dedignati</strong></span> <span class='ocrx_word' id='word_1_157' title='bbox 1342 1383 1500 1441; x_wconf 92' lang='lat' dir='ltr'><strong>sunt,</strong></span> <span class='ocrx_word' id='word_1_158' title='bbox 1530 1390 1687 1445; x_wconf 91' lang='lat' dir='ltr'><strong>quem</strong></span> <span class='ocrx_word' id='word_1_159' title='bbox 1719 1383 1914 1431; x_wconf 90' lang='lat' dir='ltr'><strong>natura</strong></span> <span class='ocrx_word' id='word_1_160' title='bbox 1941 1392 2067 1447; x_wconf 90' lang='lat' dir='ltr'><strong>pas-</strong></span> <span class='ocrx_word' id='word_1_161' title='bbox 2168 1392 2315 1433; x_wconf 90' lang='lat' dir='ltr'><strong>nunc</strong></span> <span class='ocrx_word' id='word_1_162' title='bbox 2344 1392 2516 1447; x_wconf 91' lang='lat' dir='ltr'><strong>usque</strong></span> <span class='ocrx_word' id='word_1_163' title='bbox 2545 1378 2601 1433; x_wconf 91' lang='lat' dir='ltr'><strong>in</strong></span> <span class='ocrx_word' id='word_1_164' title='bbox 2629 1394 2787 1433; x_wconf 93' lang='lat' dir='ltr'><strong>usum</strong></span> <span class='ocrx_word' id='word_1_165' title='bbox 2815 1376 3156 1447; x_wconf 88' lang='lat' dir='ltr'><strong>peccantium</strong></span> <span class='ocrx_word' id='word_1_166' title='bbox 3197 1378 3448 1443; x_wconf 89' lang='lat' dir='ltr'><strong>trahitur,</strong></span> <span class='ocrx_word' id='word_1_167' title='bbox 3492 1386 3554 1430; x_wconf 89' lang='lat' dir='ltr'><strong>ut</strong></span> <span class='ocrx_word' id='word_1_168' title='bbox 3596 1378 3759 1447; x_wconf 82' lang='lat' dir='ltr'><strong>culpa</strong></span> 
     </span>
    </p>
   </div>
   <div class='ocr_carea' id='block_1_14' title="bbox 472 1461 3763 1539">
    <p class='ocr_par' dir='ltr' id='par_1_14' title="bbox 472 1461 3763 1539">
     <span class='ocr_line' id='line_1_14' title="bbox 472 1461 3763 1539; baseline 0.002 -22"><span class='ocrx_word' id='word_1_169' title='bbox 472 1462 619 1517; x_wconf 89' lang='lat' dir='ltr'><strong>sibili</strong></span> <span class='ocrx_word' id='word_1_170' title='bbox 670 1461 956 1517; x_wconf 89' lang='lat' dir='ltr'><strong>mortalem</strong></span> <span class='ocrx_word' id='word_1_171' title='bbox 1007 1464 1277 1519; x_wconf 89' lang='lat' dir='ltr'><strong>viderunt.</strong></span> <span class='ocrx_word' id='word_1_172' title='bbox 1320 1464 1565 1534; x_wconf 90' lang='lat' dir='ltr'><strong>Cumque</strong></span> <span class='ocrx_word' id='word_1_173' title='bbox 1615 1465 1730 1533; x_wconf 89' lang='lat' dir='ltr'><strong>ejus</strong></span> <span class='ocrx_word' id='word_1_174' title='bbox 1791 1466 2067 1531; x_wconf 89' lang='lat' dir='ltr'><strong>humilita-</strong></span> <span class='ocrx_word' id='word_1_175' title='bbox 2169 1483 2292 1522; x_wconf 90' lang='lat' dir='ltr'><strong>cum</strong></span> <span class='ocrx_word' id='word_1_176' title='bbox 2331 1469 2577 1539; x_wconf 80' lang='lat' dir='ltr'><strong>arguitur</strong></span> <span class='ocrx_word' id='word_1_177' title='bbox 2617 1469 2952 1534; x_wconf 86' lang='lat' dir='ltr'><strong>defendatur,</strong></span> <span class='ocrx_word' id='word_1_178' title='bbox 2995 1476 3052 1522; x_wconf 94' lang='lat' dir='ltr'><strong>et</strong></span> <span class='ocrx_word' id='word_1_179' title='bbox 3087 1469 3231 1523; x_wconf 91' lang='lat' dir='ltr'><strong>unde</strong></span> <span class='ocrx_word' id='word_1_180' title='bbox 3269 1468 3413 1522; x_wconf 89' lang='lat' dir='ltr'><strong>ﬁniri</strong></span> <span class='ocrx_word' id='word_1_181' title='bbox 3457 1478 3642 1525; x_wconf 86' lang='lat' dir='ltr'><strong>reatus</strong></span> <span class='ocrx_word' id='word_1_182' title='bbox 3673 1470 3763 1523; x_wconf 82' lang='lat' dir='ltr'><strong>de-</strong></span> 
     </span>
    </p>
   </div>
   <div class='ocr_carea' id='block_1_15' title="bbox 473 1554 2828 1626">
    <p class='ocr_par' dir='ltr' id='par_1_15' title="bbox 473 1554 2828 1626">
     <span class='ocr_line' id='line_1_15' title="bbox 473 1554 2828 1626; baseline 0.004 -20"><span class='ocrx_word' id='word_1_183' title='bbox 473 1560 585 1607; x_wconf 91' lang='lat' dir='ltr'><strong>tem</strong></span> <span class='ocrx_word' id='word_1_184' title='bbox 614 1554 1026 1622; x_wconf 85' lang='lat' dir='ltr'><strong>conspicerent,</strong></span> <span class='ocrx_word' id='word_1_185' title='bbox 1059 1556 1324 1625; x_wconf 67' lang='lat' dir='ltr'><strong>superbia:</strong></span> <span class='ocrx_word' id='word_1_186' title='bbox 1363 1554 1506 1610; x_wconf 88' lang='lat' dir='ltr'><strong>fastu</strong></span> <span class='ocrx_word' id='word_1_187' title='bbox 1549 1555 1823 1622; x_wconf 90' lang='lat' dir='ltr'><strong>indurati,</strong></span> <span class='ocrx_word' id='word_1_188' title='bbox 1853 1572 2065 1613; x_wconf 91' lang='lat' dir='ltr'><strong>summa</strong></span> <span class='ocrx_word' id='word_1_189' title='bbox 2168 1559 2319 1626; x_wconf 88' lang='lat' dir='ltr'><strong>buit,</strong></span> <span class='ocrx_word' id='word_1_190' title='bbox 2352 1560 2476 1615; x_wconf 93' lang='lat' dir='ltr'><strong>inde</strong></span> <span class='ocrx_word' id='word_1_191' title='bbox 2506 1560 2828 1616; x_wconf 86' lang='lat' dir='ltr'><strong>cumuletur.</strong></span> 
     </span>
    </p>
   </div>
   <div class='ocr_carea' id='block_1_16' title="bbox 474 1643 2070 1718">
    <p class='ocr_par' dir='ltr' id='par_1_16' title="bbox 474 1643 2070 1718">
     <span class='ocr_line' id='line_1_16' title="bbox 474 1643 2070 1718; baseline 0.003 -20"><span class='ocrx_word' id='word_1_192' title='bbox 474 1657 603 1698; x_wconf 92' lang='lat' dir='ltr'><strong>cura</strong></span> <span class='ocrx_word' id='word_1_193' title='bbox 634 1643 808 1699; x_wconf 91' lang='lat' dir='ltr'><strong>moliti</strong></span> <span class='ocrx_word' id='word_1_194' title='bbox 855 1653 1021 1710; x_wconf 88' lang='lat' dir='ltr'><strong>sunt,</strong></span> <span class='ocrx_word' id='word_1_195' title='bbox 1053 1660 1121 1699; x_wconf 94' lang='lat' dir='ltr'><strong>ne</strong></span> <span class='ocrx_word' id='word_1_196' title='bbox 1164 1660 1355 1699; x_wconf 91' lang='lat' dir='ltr'><strong>eorum</strong></span> <span class='ocrx_word' id='word_1_197' title='bbox 1400 1655 1610 1703; x_wconf 86' lang='lat' dir='ltr'><strong>mentes</strong></span> <span class='ocrx_word' id='word_1_198' title='bbox 1652 1656 1840 1702; x_wconf 90' lang='lat' dir='ltr'><strong>sancta</strong></span> <span class='ocrx_word' id='word_1_199' title='bbox 1868 1648 2070 1718; x_wconf 67' lang='lat' dir='ltr'><strong>praedi-</strong></span> 
     </span>
    </p>
   </div>
   <div class='ocr_carea' id='block_1_17' title="bbox 475 1733 2069 1805">
    <p class='ocr_par' dir='ltr' id='par_1_17' title="bbox 475 1733 2069 1805">
     <span class='ocr_line' id='line_1_17' title="bbox 475 1733 2069 1805; baseline 0.004 -18"><span class='ocrx_word' id='word_1_200' title='bbox 475 1733 716 1788; x_wconf 87' lang='lat' dir='ltr'><strong>cantium</strong></span> <span class='ocrx_word' id='word_1_201' title='bbox 760 1735 926 1790; x_wconf 91' lang='lat' dir='ltr'><strong>verba</strong></span> <span class='ocrx_word' id='word_1_202' title='bbox 957 1742 1323 1804; x_wconf 88' lang='lat' dir='ltr'><strong>penetrarent.</strong></span> <span class='ocrx_word' id='word_1_203' title='bbox 1356 1734 1494 1789; x_wconf 91' lang='lat' dir='ltr'><strong>Dum</strong></span> <span class='ocrx_word' id='word_1_204' title='bbox 1523 1750 1655 1805; x_wconf 84' lang='lat' dir='ltr'><strong>ergo</strong></span> <span class='ocrx_word' id='word_1_205' title='bbox 1682 1737 1764 1792; x_wconf 91' lang='lat' dir='ltr'><strong>eis</strong></span> <span class='ocrx_word' id='word_1_206' title='bbox 1806 1737 2069 1794; x_wconf 87' lang='lat' dir='ltr'><strong>Dominus</strong></span> 
     </span>
    </p>
   </div>
   <div class='ocr_carea' id='block_1_18' title="bbox 2243 1648 3761 1720">
    <p class='ocr_par' dir='ltr' id='par_1_18' title="bbox 2243 1648 3761 1720">
     <span class='ocr_line' id='line_1_18' title="bbox 2243 1648 3761 1720; baseline 0 -16"><span class='ocrx_word' id='word_1_207' title='bbox 2243 1649 2413 1704; x_wconf 81' lang='lat' dir='ltr'><strong>Thau.</strong></span> <span class='ocrx_word' id='word_1_208' title='bbox 2448 1670 2467 1701; x_wconf 88' lang='grc'><strong><em>‹</em></strong></span> <span class='ocrx_word' id='word_1_209' title='bbox 2500 1650 2855 1720; x_wconf 89' lang='lat' dir='ltr'><strong>Persequeris</strong></span> <span class='ocrx_word' id='word_1_210' title='bbox 2900 1650 2955 1704; x_wconf 91' lang='lat' dir='ltr'><strong>in</strong></span> <span class='ocrx_word' id='word_1_211' title='bbox 3006 1648 3194 1705; x_wconf 83' lang='lat' dir='ltr'><strong>furore</strong></span> <span class='ocrx_word' id='word_1_212' title='bbox 3239 1658 3369 1715; x_wconf 90' lang='lat' dir='ltr'><strong>tuo,</strong></span> <span class='ocrx_word' id='word_1_213' title='bbox 3410 1657 3468 1703; x_wconf 91' lang='lat' dir='ltr'><strong>et</strong></span> <span class='ocrx_word' id='word_1_214' title='bbox 3506 1660 3761 1704; x_wconf 87' lang='lat' dir='ltr'><strong>conteres</strong></span> 
     </span>
    </p>
   </div>
   <div class='ocr_carea' id='block_1_19' title="bbox 2179 1737 3761 1811">
    <p class='ocr_par' dir='ltr' id='par_1_19' title="bbox 2179 1737 3761 1811">
     <span class='ocr_line' id='line_1_19' title="bbox 2179 1737 3761 1811; baseline 0.001 -21"><span class='ocrx_word' id='word_1_215' title='bbox 2179 1757 2198 1790; x_wconf 82' lang='lat'><strong>(</strong></span> <span class='ocrx_word' id='word_1_216' title='bbox 2231 1754 2327 1795; x_wconf 89' lang='lat' dir='ltr'><strong>eos</strong></span> <span class='ocrx_word' id='word_1_217' title='bbox 2378 1741 2478 1795; x_wconf 89' lang='lat' dir='ltr'><strong>sub</strong></span> <span class='ocrx_word' id='word_1_218' title='bbox 2533 1740 2707 1807; x_wconf 74' lang='lat' dir='ltr'><strong>caelis,</strong></span> <span class='ocrx_word' id='word_1_219' title='bbox 2746 1740 2993 1795; x_wconf 88' lang='lat' dir='ltr'><strong>Domine.</strong></span> <span class='ocrx_word' id='word_1_220' title='bbox 3039 1758 3057 1791; x_wconf 77' lang='grc' dir='ltr'><strong><em>ι</em></strong></span> <span class='ocrx_word' id='word_1_221' title='bbox 3093 1740 3114 1811; x_wconf 93' lang='grc'><strong>(</strong></span> <span class='ocrx_word' id='word_1_222' title='bbox 3149 1737 3446 1809; x_wconf 69' lang='lat' dir='ltr'><strong>munus.)</strong></span> <span class='ocrx_word' id='word_1_223' title='bbox 3499 1737 3597 1791; x_wconf 71' lang='lat' dir='ltr'><strong>Hae</strong></span> <span class='ocrx_word' id='word_1_224' title='bbox 3650 1747 3761 1792; x_wconf 83' lang='lat' dir='ltr'><strong>tres</strong></span> 
     </span>
    </p>
   </div>
   <div class='ocr_carea' id='block_1_20' title="bbox 473 1825 3760 1907">
    <p class='ocr_par' dir='ltr' id='par_1_20' title="bbox 473 1825 3760 1907">
     <span class='ocr_line' id='line_1_20' title="bbox 473 1825 3760 1907; baseline 0.003 -29"><span class='ocrx_word' id='word_1_225' title='bbox 473 1825 649 1902; x_wconf 81' lang='lat' dir='ltr'><strong>vicem</strong></span> <span class='ocrx_word' id='word_1_226' title='bbox 679 1825 945 1881; x_wconf 91' lang='lat' dir='ltr'><strong>malorum</strong></span> <span class='ocrx_word' id='word_1_227' title='bbox 976 1841 1200 1896; x_wconf 91' lang='lat' dir='ltr'><strong>operum</strong></span> <span class='ocrx_word' id='word_1_228' title='bbox 1230 1826 1515 1892; x_wconf 89' lang='lat' dir='ltr'><strong>redderet,</strong></span> <span class='ocrx_word' id='word_1_229' title='bbox 1546 1828 1694 1883; x_wconf 89' lang='lat' dir='ltr'><strong>dedit</strong></span> <span class='ocrx_word' id='word_1_230' title='bbox 1720 1829 1825 1907; x_wconf 73' lang='lat' dir='ltr'><strong>illis</strong></span> <span class='ocrx_word' id='word_1_231' title='bbox 1850 1839 2065 1886; x_wconf 90' lang='lat' dir='ltr'><strong>scutum</strong></span> <span class='ocrx_word' id='word_1_232' title='bbox 2093 1846 2142 1905; x_wconf 80' lang='grc' dir='ltr'><strong>Β</strong></span> <span class='ocrx_word' id='word_1_233' title='bbox 2170 1832 2482 1898; x_wconf 57' lang='lat' dir='ltr'><strong>sententias,</strong></span> <span class='ocrx_word' id='word_1_234' title='bbox 2524 1847 2658 1902; x_wconf 89' lang='lat' dir='ltr'><strong>quas</strong></span> <span class='ocrx_word' id='word_1_235' title='bbox 2700 1832 2860 1887; x_wconf 94' lang='lat' dir='ltr'><strong>modo</strong></span> <span class='ocrx_word' id='word_1_236' title='bbox 2900 1831 3368 1893; x_wconf 89' lang='lat' dir='ltr'><strong>enumeravimus,</strong></span> <span class='ocrx_word' id='word_1_237' title='bbox 3417 1844 3540 1898; x_wconf 67' lang='lat' dir='ltr'><strong>quae</strong></span> <span class='ocrx_word' id='word_1_238' title='bbox 3584 1830 3687 1883; x_wconf 89' lang='lat' dir='ltr'><strong>sub</strong></span> <span class='ocrx_word' id='word_1_239' title='bbox 3718 1840 3760 1888; x_wconf 79' lang='grc' dir='ltr'><strong>Π</strong></span> 
     </span>
    </p>
   </div>
   <div class='ocr_carea' id='block_1_21' title="bbox 474 1896 2067 1985">
    <p class='ocr_par' dir='ltr' id='par_1_21' title="bbox 474 1896 2067 1985">
     <span class='ocr_line' id='line_1_21' title="bbox 474 1896 2067 1985; baseline 0.006 -19"><span class='ocrx_word' id='word_1_240' title='bbox 474 1896 658 1967; x_wconf 83' lang='lat' dir='ltr'><strong>cordis</strong></span> <span class='ocrx_word' id='word_1_241' title='bbox 687 1911 927 1969; x_wconf 84' lang='lat' dir='ltr'><strong>laborem</strong></span> <span class='ocrx_word' id='word_1_242' title='bbox 961 1930 1149 1980; x_wconf 90' lang='lat' dir='ltr'><strong>suum,</strong></span> <span class='ocrx_word' id='word_1_243' title='bbox 1193 1916 1286 1983; x_wconf 89' lang='lat' dir='ltr'><strong>qui</strong></span> <span class='ocrx_word' id='word_1_244' title='bbox 1333 1923 1483 1971; x_wconf 92' lang='lat' dir='ltr'><strong>recto</strong></span> <span class='ocrx_word' id='word_1_245' title='bbox 1525 1914 1733 1985; x_wconf 91' lang='lat' dir='ltr'><strong>judicio</strong></span> <span class='ocrx_word' id='word_1_246' title='bbox 1758 1896 1905 1974; x_wconf 43' lang='lat' dir='ltr'><strong>&#39;inde</strong></span> <span class='ocrx_word' id='word_1_247' title='bbox 1944 1920 2067 1976; x_wconf 90' lang='lat' dir='ltr'><strong>illos</strong></span> 
     </span>
    </p>
   </div>
   <div class='ocr_carea' id='block_1_22' title="bbox 474 2005 2067 2081">
    <p class='ocr_par' dir='ltr' id='par_1_22' title="bbox 474 2005 2067 2081">
     <span class='ocr_line' id='line_1_22' title="bbox 474 2005 2067 2081; baseline 0.008 -25"><span class='ocrx_word' id='word_1_248' title='bbox 474 2011 665 2057; x_wconf 89' lang='lat' dir='ltr'><strong>contra</strong></span> <span class='ocrx_word' id='word_1_249' title='bbox 713 2018 773 2059; x_wconf 91' lang='lat' dir='ltr'><strong>se</strong></span> <span class='ocrx_word' id='word_1_250' title='bbox 815 2005 1048 2074; x_wconf 88' lang='lat' dir='ltr'><strong>superbe</strong></span> <span class='ocrx_word' id='word_1_251' title='bbox 1090 2006 1395 2061; x_wconf 90' lang='lat' dir='ltr'><strong>obstinatos</strong></span> <span class='ocrx_word' id='word_1_252' title='bbox 1436 2009 1704 2063; x_wconf 82' lang='lat' dir='ltr'><strong>exhibuit.</strong></span> <span class='ocrx_word' id='word_1_253' title='bbox 1752 2009 1908 2066; x_wconf 88' lang='lat' dir='ltr'><strong>Unde</strong></span> <span class='ocrx_word' id='word_1_254' title='bbox 1948 2012 2067 2081; x_wconf 87' lang='lat' dir='ltr'><strong>ipse</strong></span> 
     </span>
    </p>
   </div>
   <div class='ocr_carea' id='block_1_23' title="bbox 474 2095 2068 2171">
    <p class='ocr_par' dir='ltr' id='par_1_23' title="bbox 474 2095 2068 2171">
     <span class='ocr_line' id='line_1_23' title="bbox 474 2095 2068 2171; baseline 0.006 -22"><span class='ocrx_word' id='word_1_255' title='bbox 474 2109 576 2165; x_wconf 90' lang='lat' dir='ltr'><strong>pro</strong></span> <span class='ocrx_word' id='word_1_256' title='bbox 648 2095 805 2151; x_wconf 91' lang='lat' dir='ltr'><strong>nobis</strong></span> <span class='ocrx_word' id='word_1_257' title='bbox 869 2096 924 2150; x_wconf 89' lang='lat' dir='ltr'><strong>in</strong></span> <span class='ocrx_word' id='word_1_258' title='bbox 989 2097 1307 2152; x_wconf 87' lang='lat' dir='ltr'><strong>inﬁrmitate</strong></span> <span class='ocrx_word' id='word_1_259' title='bbox 1373 2098 1659 2153; x_wconf 85' lang='lat' dir='ltr'><strong>laboravit.</strong></span> <span class='ocrx_word' id='word_1_260' title='bbox 1730 2100 2068 2171; x_wconf 86' lang='lat' dir='ltr'><strong>Repulerunt</strong></span> 
     </span>
    </p>
   </div>
   <div class='ocr_carea' id='block_1_24' title="bbox 476 2182 2068 2263">
    <p class='ocr_par' dir='ltr' id='par_1_24' title="bbox 476 2182 2068 2263">
     <span class='ocr_line' id='line_1_24' title="bbox 476 2182 2068 2263; baseline 0.006 -26"><span class='ocrx_word' id='word_1_261' title='bbox 476 2182 677 2254; x_wconf 89' lang='lat' dir='ltr'><strong>quippe</strong></span> <span class='ocrx_word' id='word_1_262' title='bbox 725 2200 755 2239; x_wconf 92' lang='lat' dir='ltr'><strong>a</strong></span> <span class='ocrx_word' id='word_1_263' title='bbox 810 2198 870 2241; x_wconf 90' lang='lat' dir='ltr'><strong>se</strong></span> <span class='ocrx_word' id='word_1_264' title='bbox 915 2186 1081 2241; x_wconf 91' lang='lat' dir='ltr'><strong>verba</strong></span> <span class='ocrx_word' id='word_1_265' title='bbox 1128 2187 1569 2257; x_wconf 63' lang='lat' dir='ltr'><strong>praedicandum,</strong></span> <span class='ocrx_word' id='word_1_266' title='bbox 1619 2191 1744 2258; x_wconf 88' lang='lat' dir='ltr'><strong>quia</strong></span> <span class='ocrx_word' id='word_1_267' title='bbox 1790 2192 2068 2263; x_wconf 90' lang='lat' dir='ltr'><strong>dedignati</strong></span> 
     </span>
    </p>
   </div>
   <div class='ocr_carea' id='block_1_25' title="bbox 479 2278 2070 2356">
    <p class='ocr_par' dir='ltr' id='par_1_25' title="bbox 479 2278 2070 2356">
     <span class='ocr_line' id='line_1_25' title="bbox 479 2278 2070 2356; baseline 0.003 -22"><span class='ocrx_word' id='word_1_268' title='bbox 479 2286 608 2334; x_wconf 84' lang='lat' dir='ltr'><strong>sunt</strong></span> <span class='ocrx_word' id='word_1_269' title='bbox 637 2278 691 2332; x_wconf 91' lang='lat' dir='ltr'><strong>in</strong></span> <span class='ocrx_word' id='word_1_270' title='bbox 720 2278 951 2335; x_wconf 90' lang='lat' dir='ltr'><strong>Domino</strong></span> <span class='ocrx_word' id='word_1_271' title='bbox 978 2279 1196 2335; x_wconf 91' lang='lat' dir='ltr'><strong>inﬁrma</strong></span> <span class='ocrx_word' id='word_1_272' title='bbox 1224 2282 1559 2351; x_wconf 90' lang='lat' dir='ltr'><strong>passionum.</strong></span> <span class='ocrx_word' id='word_1_273' title='bbox 1604 2282 1873 2339; x_wconf 89' lang='lat' dir='ltr'><strong>Laborem</strong></span> <span class='ocrx_word' id='word_1_274' title='bbox 1902 2284 2070 2356; x_wconf 81' lang='lat' dir='ltr'><strong>igitur</strong></span> 
     </span>
    </p>
   </div>
   <div class='ocr_carea' id='block_1_26' title="bbox 479 2365 2073 2428">
    <p class='ocr_par' dir='ltr' id='par_1_26' title="bbox 479 2365 2073 2428">
     <span class='ocr_line' id='line_1_26' title="bbox 479 2365 2073 2428; baseline 0.004 -7"><span class='ocrx_word' id='word_1_275' title='bbox 479 2365 695 2423; x_wconf 91' lang='lat' dir='ltr'><strong>Domini</strong></span> <span class='ocrx_word' id='word_1_276' title='bbox 726 2376 914 2423; x_wconf 91' lang='lat' dir='ltr'><strong>contra</strong></span> <span class='ocrx_word' id='word_1_277' title='bbox 933 2370 1184 2425; x_wconf 90' lang='lat' dir='ltr'><strong>eumdem</strong></span> <span class='ocrx_word' id='word_1_278' title='bbox 1209 2369 1496 2425; x_wconf 89' lang='lat' dir='ltr'><strong>Dominum</strong></span> <span class='ocrx_word' id='word_1_279' title='bbox 1529 2380 1741 2426; x_wconf 86' lang='lat' dir='ltr'><strong>scutum</strong></span> <span class='ocrx_word' id='word_1_280' title='bbox 1769 2373 1953 2428; x_wconf 92' lang='lat' dir='ltr'><strong>cordis</strong></span> <span class='ocrx_word' id='word_1_281' title='bbox 1977 2373 2073 2427; x_wconf 93' lang='lat' dir='ltr'><strong>ha-</strong></span> 
     </span>
    </p>
   </div>
   <div class='ocr_carea' id='block_1_27' title="bbox 478 2454 2077 2531">
    <p class='ocr_par' dir='ltr' id='par_1_27' title="bbox 478 2454 2077 2531">
     <span class='ocr_line' id='line_1_27' title="bbox 478 2454 2077 2531; baseline 0.001 -19"><span class='ocrx_word' id='word_1_282' title='bbox 478 2454 749 2521; x_wconf 84' lang='lat' dir='ltr'><strong>buerunt,</strong></span> <span class='ocrx_word' id='word_1_283' title='bbox 784 2457 877 2526; x_wconf 91' lang='lat' dir='ltr'><strong>qui</strong></span> <span class='ocrx_word' id='word_1_284' title='bbox 908 2459 1139 2527; x_wconf 89' lang='lat' dir='ltr'><strong>superba</strong></span> <span class='ocrx_word' id='word_1_285' title='bbox 1173 2458 1510 2527; x_wconf 88' lang='lat' dir='ltr'><strong>sapientibus</strong></span> <span class='ocrx_word' id='word_1_286' title='bbox 1539 2473 1605 2512; x_wconf 91' lang='lat' dir='ltr'><strong>eo</strong></span> <span class='ocrx_word' id='word_1_287' title='bbox 1634 2458 1942 2531; x_wconf 89' lang='lat' dir='ltr'><strong>despectius</strong></span> <span class='ocrx_word' id='word_1_288' title='bbox 1981 2475 2077 2531; x_wconf 91' lang='lat' dir='ltr'><strong>ap-</strong></span> 
     </span>
    </p>
   </div>
   <div class='ocr_carea' id='block_1_28' title="bbox 480 2548 2074 2619">
    <p class='ocr_par' dir='ltr' id='par_1_28' title="bbox 480 2548 2074 2619">
     <span class='ocr_line' id='line_1_28' title="bbox 480 2548 2074 2619; baseline 0.001 -16"><span class='ocrx_word' id='word_1_289' title='bbox 480 2548 692 2619; x_wconf 87' lang='lat' dir='ltr'><strong>paruit,</strong></span> <span class='ocrx_word' id='word_1_290' title='bbox 733 2563 841 2619; x_wconf 89' lang='lat' dir='ltr'><strong>quo</strong></span> <span class='ocrx_word' id='word_1_291' title='bbox 883 2557 1104 2619; x_wconf 90' lang='lat' dir='ltr'><strong>propter</strong></span> <span class='ocrx_word' id='word_1_292' title='bbox 1141 2564 1235 2605; x_wconf 92' lang='lat' dir='ltr'><strong>eos</strong></span> <span class='ocrx_word' id='word_1_293' title='bbox 1281 2548 1498 2604; x_wconf 89' lang='lat' dir='ltr'><strong>humilis</strong></span> <span class='ocrx_word' id='word_1_294' title='bbox 1528 2548 1649 2603; x_wconf 92' lang='lat' dir='ltr'><strong>fuit.</strong></span> <span class='ocrx_word' id='word_1_295' title='bbox 1682 2549 1797 2603; x_wconf 83' lang='lat' dir='ltr'><strong>Hoc</strong></span> <span class='ocrx_word' id='word_1_296' title='bbox 1827 2557 2074 2615; x_wconf 89' lang='lat' dir='ltr'><strong>scutum,</strong></span> 
     </span>
    </p>
   </div>
   <div class='ocr_carea' id='block_1_29' title="bbox 483 2637 2077 2709">
    <p class='ocr_par' dir='ltr' id='par_1_29' title="bbox 483 2637 2077 2709">
     <span class='ocr_line' id='line_1_29' title="bbox 483 2637 2077 2709; baseline 0.003 -19"><span class='ocrx_word' id='word_1_297' title='bbox 483 2637 625 2692; x_wconf 84' lang='lat' dir='ltr'><strong>sicut</strong></span> <span class='ocrx_word' id='word_1_298' title='bbox 649 2638 759 2707; x_wconf 88' lang='lat' dir='ltr'><strong>jam</strong></span> <span class='ocrx_word' id='word_1_299' title='bbox 790 2647 847 2692; x_wconf 92' lang='lat' dir='ltr'><strong>et</strong></span> <span class='ocrx_word' id='word_1_300' title='bbox 884 2639 1137 2707; x_wconf 89' lang='lat' dir='ltr'><strong>superius</strong></span> <span class='ocrx_word' id='word_1_301' title='bbox 1178 2638 1414 2695; x_wconf 82' lang='lat' dir='ltr'><strong>diximus</strong></span> <span class='ocrx_word' id='word_1_302' title='bbox 1436 2678 1449 2704; x_wconf 92' lang='lat'><strong>,</strong></span> <span class='ocrx_word' id='word_1_303' title='bbox 1503 2638 1655 2707; x_wconf 92' lang='lat' dir='ltr'><strong>prius</strong></span> <span class='ocrx_word' id='word_1_304' title='bbox 1694 2638 1783 2694; x_wconf 82' lang='lat' dir='ltr'><strong>ille</strong></span> <span class='ocrx_word' id='word_1_305' title='bbox 1818 2647 2077 2709; x_wconf 86' lang='lat' dir='ltr'><strong>peccator</strong></span> 
     </span>
    </p>
   </div>
   <div class='ocr_carea' id='block_1_30' title="bbox 484 2727 2072 2797">
    <p class='ocr_par' dir='ltr' id='par_1_30' title="bbox 484 2727 2072 2797">
     <span class='ocr_line' id='line_1_30' title="bbox 484 2727 2072 2797; baseline 0.001 -15"><span class='ocrx_word' id='word_1_306' title='bbox 484 2728 688 2792; x_wconf 89' lang='lat' dir='ltr'><strong>tenuit,</strong></span> <span class='ocrx_word' id='word_1_307' title='bbox 729 2727 822 2795; x_wconf 92' lang='lat' dir='ltr'><strong>qui</strong></span> <span class='ocrx_word' id='word_1_308' title='bbox 850 2728 1164 2797; x_wconf 88' lang='lat' dir='ltr'><strong>requirente</strong></span> <span class='ocrx_word' id='word_1_309' title='bbox 1196 2728 1425 2783; x_wconf 89' lang='lat' dir='ltr'><strong>Domino</strong></span> <span class='ocrx_word' id='word_1_310' title='bbox 1462 2744 1560 2783; x_wconf 92' lang='lat' dir='ltr'><strong>cur</strong></span> <span class='ocrx_word' id='word_1_311' title='bbox 1598 2728 1801 2797; x_wconf 80' lang='lat' dir='ltr'><strong>lignum</strong></span> <span class='ocrx_word' id='word_1_312' title='bbox 1842 2728 2072 2783; x_wconf 89' lang='lat' dir='ltr'><strong>vetitum</strong></span> 
     </span>
    </p>
   </div>
   <div class='ocr_carea' id='block_1_31' title="bbox 486 2814 2073 2885">
    <p class='ocr_par' dir='ltr' id='par_1_31' title="bbox 486 2814 2073 2885">
     <span class='ocr_line' id='line_1_31' title="bbox 486 2814 2073 2885; baseline 0.001 -16"><span class='ocrx_word' id='word_1_313' title='bbox 486 2814 836 2885; x_wconf 81' lang='lat' dir='ltr'><strong>contigisset,</strong></span> <span class='ocrx_word' id='word_1_314' title='bbox 883 2830 995 2870; x_wconf 91' lang='lat' dir='ltr'><strong>non</strong></span> <span class='ocrx_word' id='word_1_315' title='bbox 1044 2815 1111 2870; x_wconf 91' lang='lat' dir='ltr'><strong>ad</strong></span> <span class='ocrx_word' id='word_1_316' title='bbox 1158 2832 1216 2871; x_wconf 92' lang='lat' dir='ltr'><strong>se</strong></span> <span class='ocrx_word' id='word_1_317' title='bbox 1261 2816 1473 2885; x_wconf 86' lang='lat' dir='ltr'><strong>culpam</strong></span> <span class='ocrx_word' id='word_1_318' title='bbox 1521 2815 1739 2880; x_wconf 90' lang='lat' dir='ltr'><strong>retulit,</strong></span> <span class='ocrx_word' id='word_1_319' title='bbox 1767 2815 1861 2871; x_wconf 91' lang='lat' dir='ltr'><strong>sed</strong></span> <span class='ocrx_word' id='word_1_320' title='bbox 1892 2831 1925 2870; x_wconf 92' lang='lat' dir='ltr'><strong>a</strong></span> <span class='ocrx_word' id='word_1_321' title='bbox 1953 2832 2073 2871; x_wconf 86' lang='lat' dir='ltr'><strong>mu-</strong></span> 
     </span>
    </p>
   </div>
   <div class='ocr_carea' id='block_1_32' title="bbox 483 2905 2074 2979">
    <p class='ocr_par' dir='ltr' id='par_1_32' title="bbox 483 2905 2074 2979">
     <span class='ocr_line' id='line_1_32' title="bbox 483 2905 2074 2979; baseline 0.003 -21"><span class='ocrx_word' id='word_1_322' title='bbox 483 2905 615 2960; x_wconf 90' lang='lat' dir='ltr'><strong>liere</strong></span> <span class='ocrx_word' id='word_1_323' title='bbox 644 2919 807 2974; x_wconf 88' lang='lat' dir='ltr'><strong>quam</strong></span> <span class='ocrx_word' id='word_1_324' title='bbox 836 2906 1097 2961; x_wconf 84' lang='lat' dir='ltr'><strong>Dominus</strong></span> <span class='ocrx_word' id='word_1_325' title='bbox 1128 2907 1177 2961; x_wconf 88' lang='lat' dir='ltr'><strong>ei</strong></span> <span class='ocrx_word' id='word_1_326' title='bbox 1209 2907 1430 2962; x_wconf 88' lang='lat' dir='ltr'><strong>dederat</strong></span> <span class='ocrx_word' id='word_1_327' title='bbox 1459 2922 1517 2962; x_wconf 91' lang='lat' dir='ltr'><strong>se</strong></span> <span class='ocrx_word' id='word_1_328' title='bbox 1547 2909 1820 2979; x_wconf 87' lang='lat' dir='ltr'><strong>accepisse</strong></span> <span class='ocrx_word' id='word_1_329' title='bbox 1848 2923 2074 2979; x_wconf 88' lang='lat' dir='ltr'><strong>respon-</strong></span> 
     </span>
    </p>
   </div>
   <div class='ocr_carea' id='block_1_33' title="bbox 483 2994 2077 3065">
    <p class='ocr_par' dir='ltr' id='par_1_33' title="bbox 483 2994 2077 3065">
     <span class='ocr_line' id='line_1_33' title="bbox 483 2994 2077 3065; baseline 0.002 -17"><span class='ocrx_word' id='word_1_330' title='bbox 483 2994 593 3059; x_wconf 87' lang='lat' dir='ltr'><strong>dit,</strong></span> <span class='ocrx_word' id='word_1_331' title='bbox 623 3002 683 3048; x_wconf 92' lang='lat' dir='ltr'><strong>ut</strong></span> <span class='ocrx_word' id='word_1_332' title='bbox 709 2996 866 3064; x_wconf 91' lang='lat' dir='ltr'><strong>quasi</strong></span> <span class='ocrx_word' id='word_1_333' title='bbox 894 3004 1106 3049; x_wconf 89' lang='lat' dir='ltr'><strong>reatum</strong></span> <span class='ocrx_word' id='word_1_334' title='bbox 1135 3010 1293 3051; x_wconf 91' lang='lat' dir='ltr'><strong>suum</strong></span> <span class='ocrx_word' id='word_1_335' title='bbox 1323 2996 1541 3065; x_wconf 90' lang='lat' dir='ltr'><strong>oblique</strong></span> <span class='ocrx_word' id='word_1_336' title='bbox 1571 2999 1625 3050; x_wconf 91' lang='lat' dir='ltr'><strong>in</strong></span> <span class='ocrx_word' id='word_1_337' title='bbox 1649 3006 1929 3053; x_wconf 88' lang='lat' dir='ltr'><strong>auctorem</strong></span> <span class='ocrx_word' id='word_1_338' title='bbox 1948 2998 2077 3052; x_wconf 88' lang='lat' dir='ltr'><strong>reli-</strong></span> 
     </span>
    </p>
   </div>
   <div class='ocr_carea' id='block_1_34' title="bbox 2172 1918 3758 1990">
    <p class='ocr_par' dir='ltr' id='par_1_34' title="bbox 2172 1918 3758 1990">
     <span class='ocr_line' id='line_1_34' title="bbox 2172 1918 3758 1990; baseline -0.002 -16"><span class='ocrx_word' id='word_1_339' title='bbox 2172 1921 2348 1975; x_wconf 91' lang='lat' dir='ltr'><strong>littera</strong></span> <span class='ocrx_word' id='word_1_340' title='bbox 2388 1929 2705 1989; x_wconf 56' lang='lat' dir='ltr'><strong>praenotata;</strong></span> <span class='ocrx_word' id='word_1_341' title='bbox 2747 1929 2911 1986; x_wconf 89' lang='lat' dir='ltr'><strong>sunt,</strong></span> <span class='ocrx_word' id='word_1_342' title='bbox 2954 1920 3285 1990; x_wconf 91' lang='lat' dir='ltr'><strong>respondent</strong></span> <span class='ocrx_word' id='word_1_343' title='bbox 3313 1918 3382 1971; x_wconf 86' lang='lat' dir='ltr'><strong>ad</strong></span> <span class='ocrx_word' id='word_1_344' title='bbox 3412 1918 3758 1988; x_wconf 88' lang='lat' dir='ltr'><strong>superiores,</strong></span> 
     </span>
    </p>
   </div>
   <div class='ocr_carea' id='block_1_35' title="bbox 2175 2006 3761 2079">
    <p class='ocr_par' dir='ltr' id='par_1_35' title="bbox 2175 2006 3761 2079">
     <span class='ocr_line' id='line_1_35' title="bbox 2175 2006 3761 2079; baseline -0.002 -16"><span class='ocrx_word' id='word_1_345' title='bbox 2175 2008 2370 2079; x_wconf 86' lang='lat' dir='ltr'><strong>quibus</strong></span> <span class='ocrx_word' id='word_1_346' title='bbox 2398 2009 2738 2078; x_wconf 87' lang='lat' dir='ltr'><strong>iniquitatem</strong></span> <span class='ocrx_word' id='word_1_347' title='bbox 2786 2008 3094 2063; x_wconf 65' lang='lat' dir='ltr'><strong>Iudaeorum</strong></span> <span class='ocrx_word' id='word_1_348' title='bbox 3142 2016 3197 2062; x_wconf 92' lang='lat' dir='ltr'><strong>et</strong></span> <span class='ocrx_word' id='word_1_349' title='bbox 3241 2006 3487 2067; x_wconf 83' lang='lat' dir='ltr'><strong>dolosam</strong></span> <span class='ocrx_word' id='word_1_350' title='bbox 3529 2007 3761 2061; x_wconf 82' lang='lat' dir='ltr'><strong>medita-</strong></span> 
     </span>
    </p>
   </div>
   <div class='ocr_carea' id='block_1_36' title="bbox 2175 2097 3762 2168">
    <p class='ocr_par' dir='ltr' id='par_1_36' title="bbox 2175 2097 3762 2168">
     <span class='ocr_line' id='line_1_36' title="bbox 2175 2097 3762 2168; baseline -0.001 -16"><span class='ocrx_word' id='word_1_351' title='bbox 2175 2100 2375 2154; x_wconf 91' lang='lat' dir='ltr'><strong>tionem</strong></span> <span class='ocrx_word' id='word_1_352' title='bbox 2407 2108 2770 2168; x_wconf 85' lang='lat' dir='ltr'><strong>expresserat,</strong></span> <span class='ocrx_word' id='word_1_353' title='bbox 2797 2098 3089 2153; x_wconf 88' lang='lat' dir='ltr'><strong>ostendens</strong></span> <span class='ocrx_word' id='word_1_354' title='bbox 3119 2098 3247 2167; x_wconf 90' lang='lat' dir='ltr'><strong>quid</strong></span> <span class='ocrx_word' id='word_1_355' title='bbox 3275 2097 3601 2160; x_wconf 87' lang='lat' dir='ltr'><strong>meruerint,</strong></span> <span class='ocrx_word' id='word_1_356' title='bbox 3631 2111 3762 2165; x_wconf 87' lang='lat' dir='ltr'><strong>quo-</strong></span> 
     </span>
    </p>
   </div>
   <div class='ocr_carea' id='block_1_37' title="bbox 2174 2191 3759 2261">
    <p class='ocr_par' dir='ltr' id='par_1_37' title="bbox 2174 2191 3759 2261">
     <span class='ocr_line' id='line_1_37' title="bbox 2174 2191 3759 2261; baseline -0.001 -15"><span class='ocrx_word' id='word_1_357' title='bbox 2174 2192 2320 2246; x_wconf 92' lang='lat' dir='ltr'><strong>niam</strong></span> <span class='ocrx_word' id='word_1_358' title='bbox 2376 2191 2429 2245; x_wconf 92' lang='lat' dir='ltr'><strong>in</strong></span> <span class='ocrx_word' id='word_1_359' title='bbox 2483 2191 2665 2246; x_wconf 87' lang='lat' dir='ltr'><strong>furore</strong></span> <span class='ocrx_word' id='word_1_360' title='bbox 2719 2191 2900 2245; x_wconf 89' lang='lat' dir='ltr'><strong>divino</strong></span> <span class='ocrx_word' id='word_1_361' title='bbox 2946 2191 3151 2261; x_wconf 88' lang='lat' dir='ltr'><strong>judicio</strong></span> <span class='ocrx_word' id='word_1_362' title='bbox 3202 2191 3528 2260; x_wconf 89' lang='lat' dir='ltr'><strong>disponente</strong></span> <span class='ocrx_word' id='word_1_363' title='bbox 3578 2191 3759 2245; x_wconf 87' lang='lat' dir='ltr'><strong>hostes</strong></span> 
     </span>
    </p>
   </div>
   <div class='ocr_carea' id='block_1_38' title="bbox 2175 2277 3760 2349">
    <p class='ocr_par' dir='ltr' id='par_1_38' title="bbox 2175 2277 3760 2349">
     <span class='ocr_line' id='line_1_38' title="bbox 2175 2277 3760 2349; baseline 0 -16"><span class='ocrx_word' id='word_1_364' title='bbox 2175 2293 2363 2333; x_wconf 90' lang='lat' dir='ltr'><strong>eorum</strong></span> <span class='ocrx_word' id='word_1_365' title='bbox 2393 2277 2513 2333; x_wconf 89' lang='lat' dir='ltr'><strong>illos</strong></span> <span class='ocrx_word' id='word_1_366' title='bbox 2538 2279 2810 2348; x_wconf 88' lang='lat' dir='ltr'><strong>persecuti</strong></span> <span class='ocrx_word' id='word_1_367' title='bbox 2841 2286 2985 2344; x_wconf 92' lang='lat' dir='ltr'><strong>sunt,</strong></span> <span class='ocrx_word' id='word_1_368' title='bbox 3014 2286 3071 2333; x_wconf 90' lang='lat' dir='ltr'><strong>et</strong></span> <span class='ocrx_word' id='word_1_369' title='bbox 3098 2279 3150 2333; x_wconf 91' lang='lat' dir='ltr'><strong>in</strong></span> <span class='ocrx_word' id='word_1_370' title='bbox 3181 2279 3440 2349; x_wconf 67' lang='lat' dir='ltr'><strong>praesenti</strong></span> <span class='ocrx_word' id='word_1_371' title='bbox 3464 2278 3578 2333; x_wconf 88' lang='lat' dir='ltr'><strong>vita</strong></span> <span class='ocrx_word' id='word_1_372' title='bbox 3613 2277 3760 2333; x_wconf 84' lang='lat' dir='ltr'><strong>forti-</strong></span> 
     </span>
    </p>
   </div>
   <div class='ocr_carea' id='block_1_39' title="bbox 2178 2367 3757 2437">
    <p class='ocr_par' dir='ltr' id='par_1_39' title="bbox 2178 2367 3757 2437">
     <span class='ocr_line' id='line_1_39' title="bbox 2178 2367 3757 2437; baseline 0.003 -18"><span class='ocrx_word' id='word_1_373' title='bbox 2178 2374 2261 2420; x_wconf 88' lang='lat' dir='ltr'><strong>ter</strong></span> <span class='ocrx_word' id='word_1_374' title='bbox 2288 2367 2693 2433; x_wconf 90' lang='lat' dir='ltr'><strong>contriverunt,</strong></span> <span class='ocrx_word' id='word_1_375' title='bbox 2726 2369 2803 2423; x_wconf 89' lang='lat' dir='ltr'><strong>ita</strong></span> <span class='ocrx_word' id='word_1_376' title='bbox 2832 2376 2893 2422; x_wconf 93' lang='lat' dir='ltr'><strong>ut</strong></span> <span class='ocrx_word' id='word_1_377' title='bbox 2930 2369 3194 2423; x_wconf 90' lang='lat' dir='ltr'><strong>hactenus</strong></span> <span class='ocrx_word' id='word_1_378' title='bbox 3228 2383 3325 2437; x_wconf 91' lang='lat' dir='ltr'><strong>per</strong></span> <span class='ocrx_word' id='word_1_379' title='bbox 3366 2377 3537 2423; x_wconf 90' lang='lat' dir='ltr'><strong>totum</strong></span> <span class='ocrx_word' id='word_1_380' title='bbox 3576 2370 3757 2423; x_wconf 78' lang='lat' dir='ltr'><strong>orbem</strong></span> 
     </span>
    </p>
   </div>
   <div class='ocr_carea' id='block_1_40' title="bbox 2177 2454 3758 2527">
    <p class='ocr_par' dir='ltr' id='par_1_40' title="bbox 2177 2454 3758 2527">
     <span class='ocr_line' id='line_1_40' title="bbox 2177 2454 3758 2527; baseline 0.003 -20"><span class='ocrx_word' id='word_1_381' title='bbox 2177 2454 2443 2524; x_wconf 88' lang='lat' dir='ltr'><strong>dispersi,</strong></span> <span class='ocrx_word' id='word_1_382' title='bbox 2500 2455 2703 2509; x_wconf 90' lang='lat' dir='ltr'><strong>malum</strong></span> <span class='ocrx_word' id='word_1_383' title='bbox 2753 2456 2926 2511; x_wconf 80' lang='lat' dir='ltr'><strong>exsilii</strong></span> <span class='ocrx_word' id='word_1_384' title='bbox 2978 2457 3275 2527; x_wconf 88' lang='lat' dir='ltr'><strong>patiantur,</strong></span> <span class='ocrx_word' id='word_1_385' title='bbox 3336 2458 3594 2513; x_wconf 90' lang='lat' dir='ltr'><strong>sedentes</strong></span> <span class='ocrx_word' id='word_1_386' title='bbox 3650 2458 3758 2513; x_wconf 77' lang='lat' dir='ltr'><strong>sine</strong></span> 
     </span>
    </p>
   </div>
   <div class='ocr_carea' id='block_1_41' title="bbox 2177 2545 3758 2618">
    <p class='ocr_par' dir='ltr' id='par_1_41' title="bbox 2177 2545 3758 2618">
     <span class='ocr_line' id='line_1_41' title="bbox 2177 2545 3758 2618; baseline 0.001 -18"><span class='ocrx_word' id='word_1_387' title='bbox 2177 2560 2307 2615; x_wconf 89' lang='lat' dir='ltr'><strong>rege</strong></span> <span class='ocrx_word' id='word_1_388' title='bbox 2346 2560 2409 2600; x_wconf 90' lang='lat' dir='ltr'><strong>ac</strong></span> <span class='ocrx_word' id='word_1_389' title='bbox 2448 2546 2753 2601; x_wconf 91' lang='lat' dir='ltr'><strong>sacerdotio</strong></span> <span class='ocrx_word' id='word_1_390' title='bbox 2796 2545 2995 2616; x_wconf 83' lang='lat' dir='ltr'><strong>regali,</strong></span> <span class='ocrx_word' id='word_1_391' title='bbox 3041 2554 3096 2601; x_wconf 92' lang='lat' dir='ltr'><strong>et</strong></span> <span class='ocrx_word' id='word_1_392' title='bbox 3136 2547 3253 2601; x_wconf 91' lang='lat' dir='ltr'><strong>sine</strong></span> <span class='ocrx_word' id='word_1_393' title='bbox 3292 2548 3496 2618; x_wconf 87' lang='lat' dir='ltr'><strong>templo</strong></span> <span class='ocrx_word' id='word_1_394' title='bbox 3523 2588 3538 2612; x_wconf 93' lang='lat'><strong>,</strong></span> <span class='ocrx_word' id='word_1_395' title='bbox 3570 2556 3625 2602; x_wconf 91' lang='lat' dir='ltr'><strong>et</strong></span> <span class='ocrx_word' id='word_1_396' title='bbox 3652 2549 3758 2603; x_wconf 88' lang='lat' dir='ltr'><strong>sine</strong></span> 
     </span>
    </p>
   </div>
   <div class='ocr_carea' id='block_1_42' title="bbox 2181 2635 3755 2705">
    <p class='ocr_par' dir='ltr' id='par_1_42' title="bbox 2181 2635 3755 2705">
     <span class='ocr_line' id='line_1_42' title="bbox 2181 2635 3755 2705; baseline -0.001 -15"><span class='ocrx_word' id='word_1_397' title='bbox 2181 2635 2327 2691; x_wconf 90' lang='lat' dir='ltr'><strong>cultu</strong></span> <span class='ocrx_word' id='word_1_398' title='bbox 2356 2636 2593 2705; x_wconf 90' lang='lat' dir='ltr'><strong>pietatis.</strong></span> <span class='ocrx_word' id='word_1_399' title='bbox 2637 2635 2738 2702; x_wconf 85' lang='lat' dir='ltr'><strong>Qui</strong></span> <span class='ocrx_word' id='word_1_400' title='bbox 2782 2644 2965 2690; x_wconf 91' lang='lat' dir='ltr'><strong>autem</strong></span> <span class='ocrx_word' id='word_1_401' title='bbox 3005 2636 3073 2690; x_wconf 89' lang='lat' dir='ltr'><strong>ad</strong></span> <span class='ocrx_word' id='word_1_402' title='bbox 3112 2635 3391 2690; x_wconf 88' lang='lat' dir='ltr'><strong>Christum</strong></span> <span class='ocrx_word' id='word_1_403' title='bbox 3434 2646 3755 2691; x_wconf 87' lang='lat' dir='ltr'><strong>convertun-</strong></span> 
     </span>
    </p>
   </div>
   <div class='ocr_carea' id='block_1_43' title="bbox 2179 2724 3756 2795">
    <p class='ocr_par' dir='ltr' id='par_1_43' title="bbox 2179 2724 3756 2795">
     <span class='ocr_line' id='line_1_43' title="bbox 2179 2724 3756 2795; baseline 0.001 -17"><span class='ocrx_word' id='word_1_404' title='bbox 2179 2732 2289 2790; x_wconf 90' lang='lat' dir='ltr'><strong>tur,</strong></span> <span class='ocrx_word' id='word_1_405' title='bbox 2321 2724 2737 2795; x_wconf 91' lang='lat' dir='ltr'><strong>promissionem</strong></span> <span class='ocrx_word' id='word_1_406' title='bbox 2767 2725 2915 2779; x_wconf 90' lang='lat' dir='ltr'><strong>illam</strong></span> <span class='ocrx_word' id='word_1_407' title='bbox 2943 2740 3062 2793; x_wconf 69' lang='lat' dir='ltr'><strong>qua:</strong></span> <span class='ocrx_word' id='word_1_408' title='bbox 3088 2725 3156 2779; x_wconf 90' lang='lat' dir='ltr'><strong>ad</strong></span> <span class='ocrx_word' id='word_1_409' title='bbox 3184 2733 3373 2793; x_wconf 89' lang='lat' dir='ltr'><strong>patres</strong></span> <span class='ocrx_word' id='word_1_410' title='bbox 3401 2740 3595 2780; x_wconf 89' lang='lat' dir='ltr'><strong>eorum</strong></span> <span class='ocrx_word' id='word_1_411' title='bbox 3629 2725 3756 2779; x_wconf 72' lang='lat' dir='ltr'><strong>facta</strong></span> 
     </span>
    </p>
   </div>
   <div class='ocr_carea' id='block_1_44' title="bbox 2178 2814 3760 2884">
    <p class='ocr_par' dir='ltr' id='par_1_44' title="bbox 2178 2814 3760 2884">
     <span class='ocr_line' id='line_1_44' title="bbox 2178 2814 3760 2884; baseline -0.001 -15"><span class='ocrx_word' id='word_1_412' title='bbox 2178 2824 2264 2869; x_wconf 87' lang='lat' dir='ltr'><strong>est</strong></span> <span class='ocrx_word' id='word_1_413' title='bbox 2291 2814 2607 2883; x_wconf 85' lang='lat' dir='ltr'><strong>spiritaliter</strong></span> <span class='ocrx_word' id='word_1_414' title='bbox 2633 2815 3047 2871; x_wconf 59' lang='lat' dir='ltr'><strong>hatreditabunt.</strong></span> <span class='ocrx_word' id='word_1_415' title='bbox 3083 2814 3323 2882; x_wconf 91' lang='lat' dir='ltr'><strong>Denique</strong></span> <span class='ocrx_word' id='word_1_416' title='bbox 3367 2815 3547 2868; x_wconf 87' lang='lat' dir='ltr'><strong>tribus</strong></span> <span class='ocrx_word' id='word_1_417' title='bbox 3586 2814 3760 2884; x_wconf 84' lang='lat' dir='ltr'><strong>alpha-</strong></span> 
     </span>
    </p>
   </div>
   <div class='ocr_carea' id='block_1_45' title="bbox 2179 2902 3761 2973">
    <p class='ocr_par' dir='ltr' id='par_1_45' title="bbox 2179 2902 3761 2973">
     <span class='ocr_line' id='line_1_45' title="bbox 2179 2902 3761 2973; baseline -0.003 -14"><span class='ocrx_word' id='word_1_418' title='bbox 2179 2906 2322 2959; x_wconf 89' lang='lat' dir='ltr'><strong>betis</strong></span> <span class='ocrx_word' id='word_1_419' title='bbox 2362 2906 2770 2968; x_wconf 89' lang='lat' dir='ltr'><strong>consummatis,</strong></span> <span class='ocrx_word' id='word_1_420' title='bbox 2812 2903 3007 2973; x_wconf 90' lang='lat' dir='ltr'><strong>quibus</strong></span> <span class='ocrx_word' id='word_1_421' title='bbox 3046 2902 3376 2957; x_wconf 87' lang='lat' dir='ltr'><strong>anteriorem</strong></span> <span class='ocrx_word' id='word_1_422' title='bbox 3419 2911 3630 2971; x_wconf 82' lang='lat' dir='ltr'><strong>partem</strong></span> <span class='ocrx_word' id='word_1_423' title='bbox 3668 2902 3761 2955; x_wconf 83' lang='lat' dir='ltr'><strong>La-</strong></span> 
     </span>
    </p>
   </div>
   <div class='ocr_carea' id='block_1_46' title="bbox 2183 2992 3758 3066">
    <p class='ocr_par' dir='ltr' id='par_1_46' title="bbox 2183 2992 3758 3066">
     <span class='ocr_line' id='line_1_46' title="bbox 2183 2992 3758 3066; baseline -0.004 -15"><span class='ocrx_word' id='word_1_424' title='bbox 2183 2997 2531 3052; x_wconf 89' lang='lat' dir='ltr'><strong>mentationis</strong></span> <span class='ocrx_word' id='word_1_425' title='bbox 2555 2997 2818 3066; x_wconf 90' lang='lat' dir='ltr'><strong>propheta</strong></span> <span class='ocrx_word' id='word_1_426' title='bbox 2846 2994 3163 3065; x_wconf 82' lang='lat' dir='ltr'><strong>explicavit,</strong></span> <span class='ocrx_word' id='word_1_427' title='bbox 3191 2994 3305 3065; x_wconf 90' lang='lat' dir='ltr'><strong>jam</strong></span> <span class='ocrx_word' id='word_1_428' title='bbox 3330 2992 3465 3063; x_wconf 80' lang='lat' dir='ltr'><strong>quid</strong></span> <span class='ocrx_word' id='word_1_429' title='bbox 3492 2993 3548 3047; x_wconf 92' lang='lat' dir='ltr'><strong>in</strong></span> <span class='ocrx_word' id='word_1_430' title='bbox 3574 3000 3758 3063; x_wconf 78' lang='lat' dir='ltr'><strong>quarto</strong></span> 
     </span>
    </p>
   </div>
   <div class='ocr_carea' id='block_1_47' title="bbox 485 3080 3032 3156">
    <p class='ocr_par' dir='ltr' id='par_1_47' title="bbox 485 3080 3032 3156">
     <span class='ocr_line' id='line_1_47' title="bbox 485 3080 3032 3156; baseline 0.001 -18"><span class='ocrx_word' id='word_1_431' title='bbox 485 3085 669 3149; x_wconf 76' lang='lat' dir='ltr'><strong>deret,</strong></span> <span class='ocrx_word' id='word_1_432' title='bbox 702 3085 794 3154; x_wconf 90' lang='lat' dir='ltr'><strong>qui</strong></span> <span class='ocrx_word' id='word_1_433' title='bbox 822 3086 870 3141; x_wconf 90' lang='lat' dir='ltr'><strong>ei</strong></span> <span class='ocrx_word' id='word_1_434' title='bbox 902 3086 1183 3141; x_wconf 90' lang='lat' dir='ltr'><strong>mulierem</strong></span> <span class='ocrx_word' id='word_1_435' title='bbox 1214 3085 1438 3141; x_wconf 85' lang='lat' dir='ltr'><strong>dederat</strong></span> <span class='ocrx_word' id='word_1_436' title='bbox 1464 3102 1587 3156; x_wconf 78' lang='lat' dir='ltr'><strong>quae</strong></span> <span class='ocrx_word' id='word_1_437' title='bbox 1624 3086 1749 3142; x_wconf 88' lang='lat' dir='ltr'><strong>talia</strong></span> <span class='ocrx_word' id='word_1_438' title='bbox 1778 3086 2077 3156; x_wconf 88' lang='lat' dir='ltr'><strong>persuade-</strong></span> <span class='ocrx_word' id='word_1_439' title='bbox 2105 3080 2152 3142; x_wconf 85' lang='lat' dir='ltr'><strong>C</strong></span> <span class='ocrx_word' id='word_1_440' title='bbox 2184 3086 2421 3143; x_wconf 88' lang='lat' dir='ltr'><strong>insinuet</strong></span> <span class='ocrx_word' id='word_1_441' title='bbox 2447 3086 2902 3149; x_wconf 86' lang='lat' dir='ltr'><strong>considerandum</strong></span> <span class='ocrx_word' id='word_1_442' title='bbox 2930 3095 3032 3141; x_wconf 90' lang='lat' dir='ltr'><strong>est.</strong></span> 
     </span>
    </p>
   </div>
   <div class='ocr_carea' id='block_1_48' title="bbox 1657 3368 2612 3451">
    <p class='ocr_par' dir='ltr' id='par_1_48' title="bbox 1657 3368 2612 3451">
     <span class='ocr_line' id='line_1_48' title="bbox 1657 3368 2612 3451; baseline 0 -5"><span class='ocrx_word' id='word_1_443' title='bbox 1657 3368 1964 3448; x_wconf 81' lang='lat' dir='ltr'><strong>LIBER</strong></span> <span class='ocrx_word' id='word_1_444' title='bbox 2015 3368 2612 3451; x_wconf 85' lang='lat' dir='ltr'><strong>VIGESIMUS.</strong></span> 
     </span>
    </p>
   </div>
   <div class='ocr_carea' id='block_1_49' title="bbox 1095 3656 1440 3715">
    <p class='ocr_par' dir='ltr' id='par_1_49' title="bbox 1095 3656 1440 3715">
     <span class='ocr_line' id='line_1_49' title="bbox 1095 3656 1440 3715; baseline 0 -2"><span class='ocrx_word' id='word_1_445' title='bbox 1095 3656 1322 3714; x_wconf 87' lang='lat' dir='ltr'><strong>CAPUT</strong></span> <span class='ocrx_word' id='word_1_446' title='bbox 1349 3656 1440 3715; x_wconf 76' lang='grc' dir='ltr'><strong>Ν.</strong></span> 
     </span>
    </p>
   </div>
   <div class='ocr_carea' id='block_1_50' title="bbox 559 3748 2079 3825">
    <p class='ocr_par' dir='ltr' id='par_1_50' title="bbox 559 3748 2079 3825">
     <span class='ocr_line' id='line_1_50' title="bbox 559 3748 2079 3825; baseline -0.001 -18"><span class='ocrx_word' id='word_1_447' title='bbox 559 3750 831 3825; x_wconf 75' lang='grc' dir='ltr'><strong>(Ηὶενοη.)</strong></span> <span class='ocrx_word' id='word_1_448' title='bbox 849 3750 1138 3805; x_wconf 84' lang='lat' dir='ltr'><strong>Extremus</strong></span> <span class='ocrx_word' id='word_1_449' title='bbox 1152 3750 1291 3804; x_wconf 78' lang='lat' dir='ltr'><strong>liber</strong></span> <span class='ocrx_word' id='word_1_450' title='bbox 1311 3748 1562 3806; x_wconf 83' lang='lat' dir='ltr'><strong>Jeremiae</strong></span> <span class='ocrx_word' id='word_1_451' title='bbox 1582 3750 1923 3806; x_wconf 89' lang='lat' dir='ltr'><strong>incboandus</strong></span> <span class='ocrx_word' id='word_1_452' title='bbox 1942 3759 2028 3807; x_wconf 91' lang='lat' dir='ltr'><strong>est</strong></span> <span class='ocrx_word' id='word_1_453' title='bbox 2047 3766 2079 3806; x_wconf 90' lang='lat' dir='ltr'><strong>a</strong></span> 
     </span>
    </p>
   </div>
   <div class='ocr_carea' id='block_1_51' title="bbox 487 3840 2081 3915">
    <p class='ocr_par' dir='ltr' id='par_1_51' title="bbox 487 3840 2081 3915">
     <span class='ocr_line' id='line_1_51' title="bbox 487 3840 2081 3915; baseline -0.003 -16"><span class='ocrx_word' id='word_1_454' title='bbox 487 3852 683 3915; x_wconf 88' lang='lat' dir='ltr'><strong>quarto</strong></span> <span class='ocrx_word' id='word_1_455' title='bbox 699 3841 1007 3911; x_wconf 89' lang='lat' dir='ltr'><strong>alphabeto,</strong></span> <span class='ocrx_word' id='word_1_456' title='bbox 1024 3841 1167 3909; x_wconf 88' lang='lat' dir='ltr'><strong>quod</strong></span> <span class='ocrx_word' id='word_1_457' title='bbox 1190 3840 1331 3895; x_wconf 89' lang='lat' dir='ltr'><strong>sicut</strong></span> <span class='ocrx_word' id='word_1_458' title='bbox 1348 3842 1584 3910; x_wconf 90' lang='lat' dir='ltr'><strong>primum</strong></span> <span class='ocrx_word' id='word_1_459' title='bbox 1600 3850 1655 3895; x_wconf 90' lang='lat' dir='ltr'><strong>et</strong></span> <span class='ocrx_word' id='word_1_460' title='bbox 1668 3841 1964 3897; x_wconf 89' lang='lat' dir='ltr'><strong>secundum</strong></span> <span class='ocrx_word' id='word_1_461' title='bbox 1979 3840 2081 3895; x_wconf 89' lang='lat' dir='ltr'><strong>Sa-</strong></span> 
     </span>
    </p>
   </div>
   <div class='ocr_carea' id='block_1_52' title="bbox 488 3930 2079 4007">
    <p class='ocr_par' dir='ltr' id='par_1_52' title="bbox 488 3930 2079 4007">
     <span class='ocr_line' id='line_1_52' title="bbox 488 3930 2079 4007; baseline -0.001 -19"><span class='ocrx_word' id='word_1_462' title='bbox 488 3934 650 4007; x_wconf 87' lang='lat' dir='ltr'><strong>pbico</strong></span> <span class='ocrx_word' id='word_1_463' title='bbox 663 3941 835 3986; x_wconf 89' lang='lat' dir='ltr'><strong>metro</strong></span> <span class='ocrx_word' id='word_1_464' title='bbox 850 3930 1090 3985; x_wconf 85' lang='lat' dir='ltr'><strong>decurrit</strong></span> <span class='ocrx_word' id='word_1_465' title='bbox 1106 3946 1120 3995; x_wconf 91' lang='lat'><strong>;</strong></span> <span class='ocrx_word' id='word_1_466' title='bbox 1135 3930 1190 3984; x_wconf 92' lang='lat' dir='ltr'><strong>in</strong></span> <span class='ocrx_word' id='word_1_467' title='bbox 1209 3944 1318 3999; x_wconf 93' lang='lat' dir='ltr'><strong>quo</strong></span> <span class='ocrx_word' id='word_1_468' title='bbox 1332 3932 1495 3985; x_wconf 88' lang='lat' dir='ltr'><strong>simili</strong></span> <span class='ocrx_word' id='word_1_469' title='bbox 1518 3932 1701 3997; x_wconf 91' lang='lat' dir='ltr'><strong>modo,</strong></span> <span class='ocrx_word' id='word_1_470' title='bbox 1718 3940 1778 3985; x_wconf 95' lang='lat' dir='ltr'><strong>ut</strong></span> <span class='ocrx_word' id='word_1_471' title='bbox 1790 3932 1845 3986; x_wconf 93' lang='lat' dir='ltr'><strong>in</strong></span> <span class='ocrx_word' id='word_1_472' title='bbox 1863 3932 2079 3987; x_wconf 85' lang='lat' dir='ltr'><strong>caeteris</strong></span> 
     </span>
    </p>
   </div>
   <div class='ocr_carea' id='block_1_53' title="bbox 489 4023 2080 4096">
    <p class='ocr_par' dir='ltr' id='par_1_53' title="bbox 489 4023 2080 4096">
     <span class='ocr_line' id='line_1_53' title="bbox 489 4023 2080 4096; baseline -0.003 -11"><span class='ocrx_word' id='word_1_473' title='bbox 489 4042 676 4084; x_wconf 86' lang='lat' dir='ltr'><strong>casum</strong></span> <span class='ocrx_word' id='word_1_474' title='bbox 688 4024 867 4096; x_wconf 89' lang='lat' dir='ltr'><strong>populi</strong></span> <span class='ocrx_word' id='word_1_475' title='bbox 888 4023 914 4078; x_wconf 84' lang='lat' dir='ltr'><strong>J</strong></span> <span class='ocrx_word' id='word_1_476' title='bbox 922 4025 1077 4089; x_wconf 75' lang='lat' dir='ltr'><strong>udmi,</strong></span> <span class='ocrx_word' id='word_1_477' title='bbox 1094 4032 1255 4095; x_wconf 90' lang='lat' dir='ltr'><strong>atque</strong></span> <span class='ocrx_word' id='word_1_478' title='bbox 1268 4027 1625 4081; x_wconf 86' lang='lat' dir='ltr'><strong>vastationem</strong></span> <span class='ocrx_word' id='word_1_479' title='bbox 1645 4026 1797 4081; x_wconf 88' lang='lat' dir='ltr'><strong>urbis</strong></span> <span class='ocrx_word' id='word_1_480' title='bbox 1815 4026 2080 4081; x_wconf 87' lang='lat' dir='ltr'><strong>lamenta-</strong></span> 
     </span>
    </p>
   </div>
   <div class='ocr_carea' id='block_1_54' title="bbox 490 4114 2076 4185">
    <p class='ocr_par' dir='ltr' id='par_1_54' title="bbox 490 4114 2076 4185">
     <span class='ocr_line' id='line_1_54' title="bbox 490 4114 2076 4185; baseline -0.003 -12"><span class='ocrx_word' id='word_1_481' title='bbox 490 4118 585 4174; x_wconf 91' lang='lat' dir='ltr'><strong>bili</strong></span> <span class='ocrx_word' id='word_1_482' title='bbox 613 4131 744 4171; x_wconf 92' lang='lat' dir='ltr'><strong>voce</strong></span> <span class='ocrx_word' id='word_1_483' title='bbox 772 4115 1033 4184; x_wconf 87' lang='lat' dir='ltr'><strong>propheta</strong></span> <span class='ocrx_word' id='word_1_484' title='bbox 1074 4114 1420 4169; x_wconf 85' lang='lat' dir='ltr'><strong>historialiter</strong></span> <span class='ocrx_word' id='word_1_485' title='bbox 1474 4116 1749 4185; x_wconf 87' lang='lat' dir='ltr'><strong>deplorat;</strong></span> <span class='ocrx_word' id='word_1_486' title='bbox 1816 4116 2076 4185; x_wconf 90' lang='lat' dir='ltr'><strong>spiritali-</strong></span> 
     </span>
    </p>
   </div>
   <div class='ocr_carea' id='block_1_55' title="bbox 492 4204 2078 4275">
    <p class='ocr_par' dir='ltr' id='par_1_55' title="bbox 492 4204 2078 4275">
     <span class='ocr_line' id='line_1_55' title="bbox 492 4204 2078 4275; baseline -0.003 -11"><span class='ocrx_word' id='word_1_487' title='bbox 492 4222 576 4265; x_wconf 91' lang='lat' dir='ltr'><strong>ter</strong></span> <span class='ocrx_word' id='word_1_488' title='bbox 597 4216 776 4263; x_wconf 90' lang='lat' dir='ltr'><strong>autem</strong></span> <span class='ocrx_word' id='word_1_489' title='bbox 799 4206 1010 4275; x_wconf 88' lang='lat' dir='ltr'><strong>lapsum</strong></span> <span class='ocrx_word' id='word_1_490' title='bbox 1034 4207 1226 4259; x_wconf 69' lang='lat' dir='ltr'><strong>animae</strong></span> <span class='ocrx_word' id='word_1_491' title='bbox 1248 4204 1421 4259; x_wconf 86' lang='lat' dir='ltr'><strong>ﬁdelis</strong></span> <span class='ocrx_word' id='word_1_492' title='bbox 1446 4213 1606 4274; x_wconf 90' lang='lat' dir='ltr'><strong>atque</strong></span> <span class='ocrx_word' id='word_1_493' title='bbox 1630 4205 1843 4259; x_wconf 91' lang='lat' dir='ltr'><strong>ruinam</strong></span> <span class='ocrx_word' id='word_1_494' title='bbox 1874 4205 1929 4258; x_wconf 88' lang='lat' dir='ltr'><strong>in</strong></span> <span class='ocrx_word' id='word_1_495' title='bbox 1950 4219 2078 4274; x_wconf 86' lang='lat' dir='ltr'><strong>pec-</strong></span> 
     </span>
    </p>
   </div>
   <div class='ocr_carea' id='block_1_56' title="bbox 493 4296 2076 4365">
    <p class='ocr_par' dir='ltr' id='par_1_56' title="bbox 493 4296 2076 4365">
     <span class='ocr_line' id='line_1_56' title="bbox 493 4296 2076 4365; baseline -0.003 -12"><span class='ocrx_word' id='word_1_496' title='bbox 493 4299 627 4353; x_wconf 90' lang='lat' dir='ltr'><strong>catis</strong></span> <span class='ocrx_word' id='word_1_497' title='bbox 668 4296 1049 4352; x_wconf 87' lang='lat' dir='ltr'><strong>miserabiliter</strong></span> <span class='ocrx_word' id='word_1_498' title='bbox 1099 4296 1319 4365; x_wconf 88' lang='lat' dir='ltr'><strong>plangit,</strong></span> <span class='ocrx_word' id='word_1_499' title='bbox 1372 4297 1697 4351; x_wconf 87' lang='lat' dir='ltr'><strong>subnectens</strong></span> <span class='ocrx_word' id='word_1_500' title='bbox 1751 4296 2076 4361; x_wconf 88' lang='lat' dir='ltr'><strong>orationem,</strong></span> 
     </span>
    </p>
   </div>
   <div class='ocr_carea' id='block_1_57' title="bbox 492 4387 2075 4459">
    <p class='ocr_par' dir='ltr' id='par_1_57' title="bbox 492 4387 2075 4459">
     <span class='ocr_line' id='line_1_57' title="bbox 492 4387 2075 4459; baseline -0.002 -16"><span class='ocrx_word' id='word_1_501' title='bbox 492 4404 653 4459; x_wconf 88' lang='lat' dir='ltr'><strong>quam</strong></span> <span class='ocrx_word' id='word_1_502' title='bbox 700 4388 837 4441; x_wconf 82' lang='lat' dir='ltr'><strong>fudit</strong></span> <span class='ocrx_word' id='word_1_503' title='bbox 884 4387 1183 4455; x_wconf 84' lang='lat' dir='ltr'><strong>lacrymosa</strong></span> <span class='ocrx_word' id='word_1_504' title='bbox 1228 4401 1360 4441; x_wconf 91' lang='lat' dir='ltr'><strong>voce</strong></span> <span class='ocrx_word' id='word_1_505' title='bbox 1391 4394 1613 4457; x_wconf 82' lang='lat' dir='ltr'><strong>prepter</strong></span> <span class='ocrx_word' id='word_1_506' title='bbox 1648 4387 1923 4442; x_wconf 87' lang='lat' dir='ltr'><strong>interitum</strong></span> <span class='ocrx_word' id='word_1_507' title='bbox 1946 4402 2075 4442; x_wconf 91' lang='lat' dir='ltr'><strong>suo-</strong></span> 
     </span>
    </p>
   </div>
   <div class='ocr_carea' id='block_1_58' title="bbox 2183 3656 3768 3729">
    <p class='ocr_par' dir='ltr' id='par_1_58' title="bbox 2183 3656 3768 3729">
     <span class='ocr_line' id='line_1_58' title="bbox 2183 3656 3768 3729; baseline -0.002 -13"><span class='ocrx_word' id='word_1_508' title='bbox 2183 3660 2322 3728; x_wconf 82' lang='lat' dir='ltr'><strong>Quid</strong></span> <span class='ocrx_word' id='word_1_509' title='bbox 2348 3658 2641 3715; x_wconf 86' lang='lat' dir='ltr'><strong>sanctuarii</strong></span> <span class='ocrx_word' id='word_1_510' title='bbox 2665 3657 2896 3729; x_wconf 87' lang='lat' dir='ltr'><strong>lapides,</strong></span> <span class='ocrx_word' id='word_1_511' title='bbox 2920 3671 3024 3712; x_wconf 80' lang='lat' dir='ltr'><strong>nisi</strong></span> <span class='ocrx_word' id='word_1_512' title='bbox 3059 3669 3344 3712; x_wconf 86' lang='lat' dir='ltr'><strong>sacrorum</strong></span> <span class='ocrx_word' id='word_1_513' title='bbox 3370 3656 3621 3711; x_wconf 87' lang='lat' dir='ltr'><strong>ordinum</strong></span> <span class='ocrx_word' id='word_1_514' title='bbox 3640 3670 3768 3727; x_wconf 80' lang='lat' dir='ltr'><strong>per-</strong></span> 
     </span>
    </p>
   </div>
   <div class='ocr_carea' id='block_1_59' title="bbox 2182 3746 3770 3821">
    <p class='ocr_par' dir='ltr' id='par_1_59' title="bbox 2182 3746 3770 3821">
     <span class='ocr_line' id='line_1_59' title="bbox 2182 3746 3770 3821; baseline -0.001 -17"><span class='ocrx_word' id='word_1_515' title='bbox 2182 3764 2329 3805; x_wconf 80' lang='lat' dir='ltr'><strong>senae</strong></span> <span class='ocrx_word' id='word_1_516' title='bbox 2351 3749 2665 3821; x_wconf 84' lang='lat' dir='ltr'><strong>signantur?</strong></span> <span class='ocrx_word' id='word_1_517' title='bbox 2692 3748 2830 3814; x_wconf 85' lang='lat' dir='ltr'><strong>Quid</strong></span> <span class='ocrx_word' id='word_1_518' title='bbox 2882 3746 3185 3817; x_wconf 87' lang='lat' dir='ltr'><strong>platearum</strong></span> <span class='ocrx_word' id='word_1_519' title='bbox 3216 3746 3461 3809; x_wconf 88' lang='lat' dir='ltr'><strong>nomine,</strong></span> <span class='ocrx_word' id='word_1_520' title='bbox 3495 3747 3600 3801; x_wconf 89' lang='lat' dir='ltr'><strong>nisi</strong></span> <span class='ocrx_word' id='word_1_521' title='bbox 3626 3761 3770 3817; x_wconf 73' lang='lat' dir='ltr'><strong>pra:-</strong></span> 
     </span>
    </p>
   </div>
   <div class='ocr_carea' id='block_1_60' title="bbox 2183 3835 3769 3909">
    <p class='ocr_par' dir='ltr' id='par_1_60' title="bbox 2183 3835 3769 3909">
     <span class='ocr_line' id='line_1_60' title="bbox 2183 3835 3769 3909; baseline -0.004 -11"><span class='ocrx_word' id='word_1_522' title='bbox 2183 3845 2349 3899; x_wconf 91' lang='lat' dir='ltr'><strong>sentis</strong></span> <span class='ocrx_word' id='word_1_523' title='bbox 2372 3843 2496 3896; x_wconf 79' lang='lat' dir='ltr'><strong>vitae</strong></span> <span class='ocrx_word' id='word_1_524' title='bbox 2518 3842 2744 3895; x_wconf 90' lang='lat' dir='ltr'><strong>latitudo</strong></span> <span class='ocrx_word' id='word_1_525' title='bbox 2775 3838 3068 3909; x_wconf 88' lang='lat' dir='ltr'><strong>ﬁguratur?</strong></span> <span class='ocrx_word' id='word_1_526' title='bbox 3090 3835 3226 3903; x_wconf 87' lang='lat' dir='ltr'><strong>Quia</strong></span> <span class='ocrx_word' id='word_1_527' title='bbox 3247 3838 3393 3892; x_wconf 90' lang='lat' dir='ltr'><strong>enim</strong></span> <span class='ocrx_word' id='word_1_528' title='bbox 3432 3837 3623 3894; x_wconf 65' lang='lat' dir='ltr'><strong>Graeco</strong></span> <span class='ocrx_word' id='word_1_529' title='bbox 3651 3840 3769 3894; x_wconf 83' lang='lat' dir='ltr'><strong>elo-</strong></span> 
     </span>
    </p>
   </div>
   <div class='ocr_carea' id='block_1_61' title="bbox 2183 3928 3775 4004">
    <p class='ocr_par' dir='ltr' id='par_1_61' title="bbox 2183 3928 3775 4004">
     <span class='ocr_line' id='line_1_61' title="bbox 2183 3928 3775 4004; baseline 0 -17"><span class='ocrx_word' id='word_1_530' title='bbox 2183 3934 2309 4004; x_wconf 89' lang='lat' dir='ltr'><strong>quio</strong></span> <span class='ocrx_word' id='word_1_531' title='bbox 2321 3935 2511 3994; x_wconf 83' lang='grc' dir='ltr'><strong>πλάτος</strong></span> <span class='ocrx_word' id='word_1_532' title='bbox 2526 3932 2748 3987; x_wconf 84' lang='lat' dir='ltr'><strong>latitudo</strong></span> <span class='ocrx_word' id='word_1_533' title='bbox 2762 3928 3225 3997; x_wconf 86' lang='lat' dir='ltr'><strong>dicitur,profecto</strong></span> <span class='ocrx_word' id='word_1_534' title='bbox 3240 3943 3268 3981; x_wconf 92' lang='lat' dir='ltr'><strong>a</strong></span> <span class='ocrx_word' id='word_1_535' title='bbox 3284 3928 3569 3984; x_wconf 87' lang='lat' dir='ltr'><strong>latitudine</strong></span> <span class='ocrx_word' id='word_1_536' title='bbox 3580 3932 3775 4001; x_wconf 60' lang='lat' dir='ltr'><strong>platea</strong></span> 
     </span>
    </p>
   </div>
   <div class='ocr_carea' id='block_1_62' title="bbox 2186 4018 3772 4089">
    <p class='ocr_par' dir='ltr' id='par_1_62' title="bbox 2186 4018 3772 4089">
     <span class='ocr_line' id='line_1_62' title="bbox 2186 4018 3772 4089; baseline 0 -11"><span class='ocrx_word' id='word_1_537' title='bbox 2186 4032 2312 4078; x_wconf 90' lang='lat' dir='ltr'><strong>sunt</strong></span> <span class='ocrx_word' id='word_1_538' title='bbox 2362 4031 2583 4077; x_wconf 62' lang='lat' dir='ltr'><strong>vocatae.</strong></span> <span class='ocrx_word' id='word_1_539' title='bbox 2639 4022 2741 4075; x_wconf 89' lang='lat' dir='ltr'><strong>Per</strong></span> <span class='ocrx_word' id='word_1_540' title='bbox 2789 4019 3134 4089; x_wconf 88' lang='lat' dir='ltr'><strong>semetipsam</strong></span> <span class='ocrx_word' id='word_1_541' title='bbox 3186 4034 3317 4074; x_wconf 84' lang='lat' dir='ltr'><strong>vero</strong></span> <span class='ocrx_word' id='word_1_542' title='bbox 3338 4018 3561 4076; x_wconf 79' lang='lat' dir='ltr'><strong>Veritas</strong></span> <span class='ocrx_word' id='word_1_543' title='bbox 3590 4023 3772 4078; x_wconf 86' lang='lat' dir='ltr'><strong>dicit:</strong></span> 
     </span>
    </p>
   </div>
   <div class='ocr_carea' id='block_1_63' title="bbox 2192 4110 3765 4183">
    <p class='ocr_par' dir='ltr' id='par_1_63' title="bbox 2192 4110 3765 4183">
     <span class='ocr_line' id='line_1_63' title="bbox 2192 4110 3765 4183; baseline 0.001 -17"><span class='ocrx_word' id='word_1_544' title='bbox 2192 4132 2212 4166; x_wconf 71' lang='grc' dir='ltr'>ι</span> <span class='ocrx_word' id='word_1_545' title='bbox 2258 4114 2389 4169; x_wconf 91' lang='lat' dir='ltr'><strong>Lata</strong></span> <span class='ocrx_word' id='word_1_546' title='bbox 2427 4123 2481 4169; x_wconf 90' lang='lat' dir='ltr'><strong>et</strong></span> <span class='ocrx_word' id='word_1_547' title='bbox 2518 4112 2750 4183; x_wconf 87' lang='lat' dir='ltr'><strong>spatiosa</strong></span> <span class='ocrx_word' id='word_1_548' title='bbox 2783 4111 2869 4165; x_wconf 80' lang='lat' dir='ltr'><strong>via</strong></span> <span class='ocrx_word' id='word_1_549' title='bbox 2901 4119 3005 4175; x_wconf 91' lang='lat' dir='ltr'><strong>est,</strong></span> <span class='ocrx_word' id='word_1_550' title='bbox 3036 4125 3155 4179; x_wconf 76' lang='lat' dir='ltr'><strong>qua:</strong></span> <span class='ocrx_word' id='word_1_551' title='bbox 3197 4110 3342 4164; x_wconf 90' lang='lat' dir='ltr'><strong>ducit</strong></span> <span class='ocrx_word' id='word_1_552' title='bbox 3388 4112 3456 4164; x_wconf 89' lang='lat' dir='ltr'><strong>ad</strong></span> <span class='ocrx_word' id='word_1_553' title='bbox 3508 4114 3765 4181; x_wconf 89' lang='lat' dir='ltr'><strong>perditio-</strong></span> 
     </span>
    </p>
   </div>
   <div class='ocr_carea' id='block_1_64' title="bbox 2184 4201 3776 4278">
    <p class='ocr_par' dir='ltr' id='par_1_64' title="bbox 2184 4201 3776 4278">
     <span class='ocr_line' id='line_1_64' title="bbox 2184 4201 3776 4278; baseline -0.003 -16"><span class='ocrx_word' id='word_1_554' title='bbox 2184 4222 2306 4262; x_wconf 90' lang='lat' dir='ltr'><strong>nem</strong></span> <span class='ocrx_word' id='word_1_555' title='bbox 2324 4205 2534 4278; x_wconf 78' lang='lat' dir='ltr'><strong>(Matth.</strong></span> <span class='ocrx_word' id='word_1_556' title='bbox 2555 4204 2670 4275; x_wconf 82' lang='lat' dir='ltr'><strong>vn).</strong></span> <span class='ocrx_word' id='word_1_557' title='bbox 2699 4224 2715 4255; x_wconf 78' lang='grc' dir='ltr'><strong><em>ι</em></strong></span> <span class='ocrx_word' id='word_1_558' title='bbox 2736 4201 3480 4272; x_wconf 84' lang='lat' dir='ltr'><strong>Aurumigiturobscuratur,</strong></span> <span class='ocrx_word' id='word_1_559' title='bbox 3506 4218 3631 4256; x_wconf 92' lang='lat' dir='ltr'><strong>cum</strong></span> <span class='ocrx_word' id='word_1_560' title='bbox 3672 4214 3776 4259; x_wconf 82' lang='lat' dir='ltr'><strong>ter-</strong></span> 
     </span>
    </p>
   </div>
   <div class='ocr_carea' id='block_1_65' title="bbox 2184 4290 3777 4361">
    <p class='ocr_par' dir='ltr' id='par_1_65' title="bbox 2184 4290 3777 4361">
     <span class='ocr_line' id='line_1_65' title="bbox 2184 4290 3777 4361; baseline -0.003 -8"><span class='ocrx_word' id='word_1_561' title='bbox 2184 4297 2329 4353; x_wconf 90' lang='lat' dir='ltr'><strong>renis</strong></span> <span class='ocrx_word' id='word_1_562' title='bbox 2359 4295 2568 4350; x_wconf 88' lang='lat' dir='ltr'><strong>actibus</strong></span> <span class='ocrx_word' id='word_1_563' title='bbox 2595 4293 2897 4349; x_wconf 90' lang='lat' dir='ltr'><strong>sanctitatis</strong></span> <span class='ocrx_word' id='word_1_564' title='bbox 2920 4292 3029 4345; x_wconf 80' lang='lat' dir='ltr'><strong>vita</strong></span> <span class='ocrx_word' id='word_1_565' title='bbox 3052 4290 3328 4360; x_wconf 90' lang='lat' dir='ltr'><strong>polluitur.</strong></span> <span class='ocrx_word' id='word_1_566' title='bbox 3358 4290 3523 4346; x_wconf 89' lang='lat' dir='ltr'><strong>Color</strong></span> <span class='ocrx_word' id='word_1_567' title='bbox 3536 4294 3777 4361; x_wconf 88' lang='lat' dir='ltr'><strong>optimus</strong></span> 
     </span>
    </p>
   </div>
   <div class='ocr_carea' id='block_1_66' title="bbox 2184 4381 3776 4453">
    <p class='ocr_par' dir='ltr' id='par_1_66' title="bbox 2184 4381 3776 4453">
     <span class='ocr_line' id='line_1_66' title="bbox 2184 4381 3776 4453; baseline -0.002 -12"><span class='ocrx_word' id='word_1_568' title='bbox 2184 4393 2567 4447; x_wconf 88' lang='lat' dir='ltr'><strong>commutatur,</strong></span> <span class='ocrx_word' id='word_1_569' title='bbox 2596 4399 2718 4437; x_wconf 91' lang='lat' dir='ltr'><strong>cum</strong></span> <span class='ocrx_word' id='word_1_570' title='bbox 2745 4381 3124 4452; x_wconf 88' lang='lat' dir='ltr'><strong>quorumdam,</strong></span> <span class='ocrx_word' id='word_1_571' title='bbox 3157 4382 3249 4450; x_wconf 90' lang='lat' dir='ltr'><strong>qui</strong></span> <span class='ocrx_word' id='word_1_572' title='bbox 3276 4381 3477 4451; x_wconf 85' lang='lat' dir='ltr'><strong>degere</strong></span> <span class='ocrx_word' id='word_1_573' title='bbox 3519 4383 3776 4453; x_wconf 86' lang='lat' dir='ltr'><strong>religiose</strong></span> 
     </span>
    </p>
   </div>
   <div class='ocr_carea' id='block_1_67' title="bbox 494 4452 3773 4545">
    <p class='ocr_par' dir='ltr' id='par_1_67' title="bbox 494 4452 3773 4545">
     <span class='ocr_line' id='line_1_67' title="bbox 494 4452 3773 4545; baseline 0 -14"><span class='ocrx_word' id='word_1_574' title='bbox 494 4494 610 4531; x_wconf 89' lang='lat' dir='ltr'><strong>rum</strong></span> <span class='ocrx_word' id='word_1_575' title='bbox 636 4477 702 4529; x_wconf 88' lang='lat' dir='ltr'><strong>ad</strong></span> <span class='ocrx_word' id='word_1_576' title='bbox 732 4476 849 4545; x_wconf 87' lang='lat' dir='ltr'><strong>pias</strong></span> <span class='ocrx_word' id='word_1_577' title='bbox 879 4488 1038 4526; x_wconf 88' lang='lat' dir='ltr'><strong>aures</strong></span> <span class='ocrx_word' id='word_1_578' title='bbox 1066 4474 1297 4534; x_wconf 89' lang='lat' dir='ltr'><strong>Domini,</strong></span> <span class='ocrx_word' id='word_1_579' title='bbox 1334 4484 1600 4542; x_wconf 84' lang='lat' dir='ltr'><strong>quatenus</strong></span> <span class='ocrx_word' id='word_1_580' title='bbox 1650 4475 1763 4542; x_wconf 90' lang='lat' dir='ltr'><strong>ipse</strong></span> <span class='ocrx_word' id='word_1_581' title='bbox 1808 4476 2076 4545; x_wconf 89' lang='lat' dir='ltr'><strong>benignus</strong></span> <span class='ocrx_word' id='word_1_582' title='bbox 2101 4452 2155 4512; x_wconf 82' lang='grc' dir='ltr'><strong>Ῑ)</strong></span> <span class='ocrx_word' id='word_1_583' title='bbox 2180 4479 2563 4541; x_wconf 86' lang='lat' dir='ltr'><strong>credebantur,</strong></span> <span class='ocrx_word' id='word_1_584' title='bbox 2586 4474 2873 4530; x_wconf 84' lang='lat' dir='ltr'><strong>aestimatio</strong></span> <span class='ocrx_word' id='word_1_585' title='bbox 2901 4480 3148 4527; x_wconf 91' lang='lat' dir='ltr'><strong>anteacta</strong></span> <span class='ocrx_word' id='word_1_586' title='bbox 3172 4473 3447 4526; x_wconf 84' lang='lat' dir='ltr'><strong>minuitur</strong></span> <span class='ocrx_word' id='word_1_587' title='bbox 3484 4473 3622 4528; x_wconf 84' lang='lat' dir='ltr'><strong>Nam</strong></span> <span class='ocrx_word' id='word_1_588' title='bbox 3648 4492 3773 4531; x_wconf 88' lang='lat' dir='ltr'><strong>cum</strong></span> 
     </span>
    </p>
   </div>
   <div class='ocr_carea' id='block_1_68' title="bbox 492 4565 2078 4633">
    <p class='ocr_par' dir='ltr' id='par_1_68' title="bbox 492 4565 2078 4633">
     <span class='ocr_line' id='line_1_68' title="bbox 492 4565 2078 4633; baseline -0.001 -12"><span class='ocrx_word' id='word_1_589' title='bbox 492 4568 721 4622; x_wconf 89' lang='lat' dir='ltr'><strong>miseros</strong></span> <span class='ocrx_word' id='word_1_590' title='bbox 749 4579 964 4619; x_wconf 90' lang='lat' dir='ltr'><strong>manum</strong></span> <span class='ocrx_word' id='word_1_591' title='bbox 997 4565 1173 4618; x_wconf 85' lang='lat' dir='ltr'><strong>solatii</strong></span> <span class='ocrx_word' id='word_1_592' title='bbox 1202 4565 1550 4633; x_wconf 79' lang='lat' dir='ltr'><strong>porrigenda,</strong></span> <span class='ocrx_word' id='word_1_593' title='bbox 1581 4565 1633 4619; x_wconf 90' lang='lat' dir='ltr'><strong>in</strong></span> <span class='ocrx_word' id='word_1_594' title='bbox 1665 4574 1865 4619; x_wconf 86' lang='lat' dir='ltr'><strong>statum</strong></span> <span class='ocrx_word' id='word_1_595' title='bbox 1892 4565 2078 4633; x_wconf 88' lang='lat' dir='ltr'><strong>pristi-</strong></span> 
     </span>
    </p>
   </div>
   <div class='ocr_carea' id='block_1_69' title="bbox 493 4652 1980 4723">
    <p class='ocr_par' dir='ltr' id='par_1_69' title="bbox 493 4652 1980 4723">
     <span class='ocr_line' id='line_1_69' title="bbox 493 4652 1980 4723; baseline -0.002 -13"><span class='ocrx_word' id='word_1_596' title='bbox 493 4672 620 4710; x_wconf 91' lang='lat' dir='ltr'><strong>num</strong></span> <span class='ocrx_word' id='word_1_597' title='bbox 676 4654 868 4723; x_wconf 92' lang='lat' dir='ltr'><strong>erigat,</strong></span> <span class='ocrx_word' id='word_1_598' title='bbox 923 4662 1083 4721; x_wconf 89' lang='lat' dir='ltr'><strong>atque</strong></span> <span class='ocrx_word' id='word_1_599' title='bbox 1136 4652 1388 4722; x_wconf 81' lang='lat' dir='ltr'><strong>perfectae</strong></span> <span class='ocrx_word' id='word_1_600' title='bbox 1442 4653 1659 4707; x_wconf 83' lang='lat' dir='ltr'><strong>sanitati</strong></span> <span class='ocrx_word' id='word_1_601' title='bbox 1711 4654 1980 4707; x_wconf 89' lang='lat' dir='ltr'><strong>restituat.</strong></span> 
     </span>
    </p>
   </div>
   <div class='ocr_carea' id='block_1_70' title="bbox 549 4744 2079 4815">
    <p class='ocr_par' dir='ltr' id='par_1_70' title="bbox 549 4744 2079 4815">
     <span class='ocr_line' id='line_1_70' title="bbox 549 4744 2079 4815; baseline 0.001 -15"><span class='ocrx_word' id='word_1_602' title='bbox 549 4747 734 4815; x_wconf 82' lang='lat' dir='ltr'><strong>Aleph.</strong></span> <span class='ocrx_word' id='word_1_603' title='bbox 760 4765 777 4795; x_wconf 73' lang='grc' dir='ltr'><strong><em>ι</em></strong></span> <span class='ocrx_word' id='word_1_604' title='bbox 812 4744 1095 4810; x_wconf 86' lang='lat' dir='ltr'><strong>Quomodo</strong></span> <span class='ocrx_word' id='word_1_605' title='bbox 1122 4744 1467 4798; x_wconf 85' lang='lat' dir='ltr'><strong>obscuratum</strong></span> <span class='ocrx_word' id='word_1_606' title='bbox 1489 4752 1573 4798; x_wconf 88' lang='lat' dir='ltr'><strong>est</strong></span> <span class='ocrx_word' id='word_1_607' title='bbox 1599 4758 1814 4808; x_wconf 89' lang='lat' dir='ltr'><strong>aurum,</strong></span> <span class='ocrx_word' id='word_1_608' title='bbox 1838 4752 2079 4801; x_wconf 89' lang='lat' dir='ltr'><strong>mutatus</strong></span> 
     </span>
    </p>
   </div>
   <div class='ocr_carea' id='block_1_71' title="bbox 502 4835 2077 4905">
    <p class='ocr_par' dir='ltr' id='par_1_71' title="bbox 502 4835 2077 4905">
     <span class='ocr_line' id='line_1_71' title="bbox 502 4835 2077 4905; baseline 0 -16"><span class='ocrx_word' id='word_1_609' title='bbox 502 4858 519 4889; x_wconf 87' lang='lat'><strong>(</strong></span> <span class='ocrx_word' id='word_1_610' title='bbox 550 4846 633 4892; x_wconf 90' lang='lat' dir='ltr'><strong>est</strong></span> <span class='ocrx_word' id='word_1_611' title='bbox 648 4836 798 4891; x_wconf 91' lang='lat' dir='ltr'><strong>color</strong></span> <span class='ocrx_word' id='word_1_612' title='bbox 812 4836 1068 4905; x_wconf 89' lang='lat' dir='ltr'><strong>optimus,</strong></span> <span class='ocrx_word' id='word_1_613' title='bbox 1095 4836 1321 4905; x_wconf 87' lang='lat' dir='ltr'><strong>dispersi</strong></span> <span class='ocrx_word' id='word_1_614' title='bbox 1342 4842 1467 4889; x_wconf 90' lang='lat' dir='ltr'><strong>sunt</strong></span> <span class='ocrx_word' id='word_1_615' title='bbox 1492 4835 1695 4903; x_wconf 87' lang='lat' dir='ltr'><strong>lapides</strong></span> <span class='ocrx_word' id='word_1_616' title='bbox 1711 4836 2007 4890; x_wconf 90' lang='lat' dir='ltr'><strong>sanctuarii</strong></span> <span class='ocrx_word' id='word_1_617' title='bbox 2023 4837 2077 4889; x_wconf 90' lang='lat' dir='ltr'><strong>in</strong></span> 
     </span>
    </p>
   </div>
   <div class='ocr_carea' id='block_1_72' title="bbox 499 4925 2080 4998">
    <p class='ocr_par' dir='ltr' id='par_1_72' title="bbox 499 4925 2080 4998">
     <span class='ocr_line' id='line_1_72' title="bbox 499 4925 2080 4998; baseline 0.001 -19"><span class='ocrx_word' id='word_1_618' title='bbox 499 4948 517 4979; x_wconf 79' lang='grc' dir='ltr'>ι</span> <span class='ocrx_word' id='word_1_619' title='bbox 554 4930 727 4998; x_wconf 88' lang='lat' dir='ltr'><strong>capite</strong></span> <span class='ocrx_word' id='word_1_620' title='bbox 753 4928 991 4980; x_wconf 90' lang='lat' dir='ltr'><strong>omnium</strong></span> <span class='ocrx_word' id='word_1_621' title='bbox 1016 4927 1353 4995; x_wconf 85' lang='lat' dir='ltr'><strong>platearum?</strong></span> <span class='ocrx_word' id='word_1_622' title='bbox 1386 4948 1402 4977; x_wconf 75' lang='grc' dir='ltr'><strong><em>ι</em></strong></span> <span class='ocrx_word' id='word_1_623' title='bbox 1441 4926 1731 4998; x_wconf 60' lang='grc' dir='ltr'><strong>(ΜΑυιιυε.)</strong></span> <span class='ocrx_word' id='word_1_624' title='bbox 1768 4925 1906 4981; x_wconf 84' lang='lat' dir='ltr'><strong>Nam</strong></span> <span class='ocrx_word' id='word_1_625' title='bbox 1952 4926 2080 4981; x_wconf 84' lang='lat' dir='ltr'><strong>licet</strong></span> 
     </span>
    </p>
   </div>
   <div class='ocr_carea' id='block_1_73' title="bbox 497 5018 2079 5088">
    <p class='ocr_par' dir='ltr' id='par_1_73' title="bbox 497 5018 2079 5088">
     <span class='ocr_line' id='line_1_73' title="bbox 497 5018 2079 5088; baseline -0.002 -14"><span class='ocrx_word' id='word_1_626' title='bbox 497 5021 611 5074; x_wconf 79' lang='lat' dir='ltr'><strong>ba-c</strong></span> <span class='ocrx_word' id='word_1_627' title='bbox 648 5018 1001 5073; x_wconf 81' lang='lat' dir='ltr'><strong>liistorialiter</strong></span> <span class='ocrx_word' id='word_1_628' title='bbox 1042 5019 1187 5071; x_wconf 87' lang='lat' dir='ltr'><strong>urbis</strong></span> <span class='ocrx_word' id='word_1_629' title='bbox 1234 5018 1696 5088; x_wconf 84' lang='lat' dir='ltr'><strong>Jerosolymitanae</strong></span> <span class='ocrx_word' id='word_1_630' title='bbox 1748 5018 2079 5080; x_wconf 83' lang='lat' dir='ltr'><strong>destructio-</strong></span> 
     </span>
    </p>
   </div>
   <div class='ocr_carea' id='block_1_74' title="bbox 496 5109 2075 5179">
    <p class='ocr_par' dir='ltr' id='par_1_74' title="bbox 496 5109 2075 5179">
     <span class='ocr_line' id='line_1_74' title="bbox 496 5109 2075 5179; baseline -0.001 -15"><span class='ocrx_word' id='word_1_631' title='bbox 496 5126 639 5173; x_wconf 86' lang='lat' dir='ltr'><strong>nem,</strong></span> <span class='ocrx_word' id='word_1_632' title='bbox 694 5120 747 5162; x_wconf 88' lang='lat' dir='ltr'><strong>et</strong></span> <span class='ocrx_word' id='word_1_633' title='bbox 792 5109 975 5179; x_wconf 85' lang='lat' dir='ltr'><strong>templi</strong></span> <span class='ocrx_word' id='word_1_634' title='bbox 1009 5110 1499 5163; x_wconf 77' lang='lat' dir='ltr'><strong>concreniationcm</strong></span> <span class='ocrx_word' id='word_1_635' title='bbox 1545 5109 1829 5162; x_wconf 85' lang='lat' dir='ltr'><strong>videantur</strong></span> <span class='ocrx_word' id='word_1_636' title='bbox 1862 5124 2075 5169; x_wconf 85' lang='lat' dir='ltr'><strong>sonare,</strong></span> 
     </span>
    </p>
   </div>
   <div class='ocr_carea' id='block_1_75' title="bbox 497 5199 2080 5268">
    <p class='ocr_par' dir='ltr' id='par_1_75' title="bbox 497 5199 2080 5268">
     <span class='ocr_line' id='line_1_75' title="bbox 497 5199 2080 5268; baseline -0.005 -8"><span class='ocrx_word' id='word_1_637' title='bbox 497 5204 586 5260; x_wconf 91' lang='lat' dir='ltr'><strong>ubi</strong></span> <span class='ocrx_word' id='word_1_638' title='bbox 622 5212 763 5258; x_wconf 91' lang='lat' dir='ltr'><strong>totus</strong></span> <span class='ocrx_word' id='word_1_639' title='bbox 796 5202 881 5256; x_wconf 93' lang='lat' dir='ltr'><strong>ille</strong></span> <span class='ocrx_word' id='word_1_640' title='bbox 921 5211 1146 5255; x_wconf 82' lang='lat' dir='ltr'><strong>ornatus</strong></span> <span class='ocrx_word' id='word_1_641' title='bbox 1186 5212 1426 5255; x_wconf 78' lang='lat' dir='ltr'><strong>veterum</strong></span> <span class='ocrx_word' id='word_1_642' title='bbox 1469 5200 1761 5268; x_wconf 89' lang='lat' dir='ltr'><strong>dissipatus</strong></span> <span class='ocrx_word' id='word_1_643' title='bbox 1788 5207 1894 5265; x_wconf 87' lang='lat' dir='ltr'><strong>est,</strong></span> <span class='ocrx_word' id='word_1_644' title='bbox 1927 5208 1981 5253; x_wconf 93' lang='lat' dir='ltr'><strong>et</strong></span> <span class='ocrx_word' id='word_1_645' title='bbox 2013 5199 2080 5252; x_wconf 88' lang='lat' dir='ltr'><strong>ad</strong></span> 
     </span>
    </p>
   </div>
   <div class='ocr_carea' id='block_1_76' title="bbox 500 5288 2079 5358">
    <p class='ocr_par' dir='ltr' id='par_1_76' title="bbox 500 5288 2079 5358">
     <span class='ocr_line' id='line_1_76' title="bbox 500 5288 2079 5358; baseline -0.003 -12"><span class='ocrx_word' id='word_1_646' title='bbox 500 5293 725 5347; x_wconf 88' lang='lat' dir='ltr'><strong>nihilum</strong></span> <span class='ocrx_word' id='word_1_647' title='bbox 752 5292 1027 5354; x_wconf 89' lang='lat' dir='ltr'><strong>redactus,</strong></span> <span class='ocrx_word' id='word_1_648' title='bbox 1054 5299 1231 5345; x_wconf 89' lang='lat' dir='ltr'><strong>tamen</strong></span> <span class='ocrx_word' id='word_1_649' title='bbox 1262 5289 1439 5343; x_wconf 85' lang='lat' dir='ltr'><strong>altiori</strong></span> <span class='ocrx_word' id='word_1_650' title='bbox 1466 5304 1622 5342; x_wconf 88' lang='lat' dir='ltr'><strong>sensu</strong></span> <span class='ocrx_word' id='word_1_651' title='bbox 1649 5288 1832 5357; x_wconf 90' lang='lat' dir='ltr'><strong>templi</strong></span> <span class='ocrx_word' id='word_1_652' title='bbox 1864 5288 2079 5358; x_wconf 80' lang='lat' dir='ltr'><strong>mystici</strong></span> 
     </span>
    </p>
   </div>
   <div class='ocr_carea' id='block_1_77' title="bbox 500 5380 2082 5451">
    <p class='ocr_par' dir='ltr' id='par_1_77' title="bbox 500 5380 2082 5451">
     <span class='ocr_line' id='line_1_77' title="bbox 500 5380 2082 5451; baseline -0.002 -14"><span class='ocrx_word' id='word_1_653' title='bbox 500 5381 855 5451; x_wconf 88' lang='lat' dir='ltr'><strong>dejectionem</strong></span> <span class='ocrx_word' id='word_1_654' title='bbox 887 5382 1175 5451; x_wconf 84' lang='lat' dir='ltr'><strong>signiﬁcat,</strong></span> <span class='ocrx_word' id='word_1_655' title='bbox 1208 5381 1297 5449; x_wconf 89' lang='lat' dir='ltr'><strong>qui</strong></span> <span class='ocrx_word' id='word_1_656' title='bbox 1343 5380 1581 5448; x_wconf 88' lang='lat' dir='ltr'><strong>quotidie</strong></span> <span class='ocrx_word' id='word_1_657' title='bbox 1624 5382 1677 5433; x_wconf 95' lang='lat' dir='ltr'><strong>in</strong></span> <span class='ocrx_word' id='word_1_658' title='bbox 1726 5380 2082 5449; x_wconf 90' lang='lat' dir='ltr'><strong>reproborum</strong></span> 
     </span>
    </p>
   </div>
   <div class='ocr_carea' id='block_1_78' title="bbox 500 5468 2081 5541">
    <p class='ocr_par' dir='ltr' id='par_1_78' title="bbox 500 5468 2081 5541">
     <span class='ocr_line' id='line_1_78' title="bbox 500 5468 2081 5541; baseline -0.002 -16"><span class='ocrx_word' id='word_1_659' title='bbox 500 5474 612 5526; x_wconf 92' lang='lat' dir='ltr'><strong>vita</strong></span> <span class='ocrx_word' id='word_1_660' title='bbox 641 5482 695 5526; x_wconf 91' lang='lat' dir='ltr'><strong>et</strong></span> <span class='ocrx_word' id='word_1_661' title='bbox 714 5474 955 5526; x_wconf 89' lang='lat' dir='ltr'><strong>moribus</strong></span> <span class='ocrx_word' id='word_1_662' title='bbox 982 5472 1275 5526; x_wconf 78' lang='lat' dir='ltr'><strong>offuscatnr</strong></span> <span class='ocrx_word' id='word_1_663' title='bbox 1291 5479 1451 5539; x_wconf 90' lang='lat' dir='ltr'><strong>atque</strong></span> <span class='ocrx_word' id='word_1_664' title='bbox 1474 5470 1790 5524; x_wconf 88' lang='lat' dir='ltr'><strong>destruitur.</strong></span> <span class='ocrx_word' id='word_1_665' title='bbox 1830 5470 1849 5541; x_wconf 95' lang='lat'>(</span> <span class='ocrx_word' id='word_1_666' title='bbox 1876 5469 2032 5539; x_wconf 88' lang='lat' dir='ltr'><strong>Greg.</strong></span> <span class='ocrx_word' id='word_1_667' title='bbox 2062 5468 2081 5541; x_wconf 95' lang='lat'>)</span> 
     </span>
    </p>
   </div>
   <div class='ocr_carea' id='block_1_79' title="bbox 503 5563 2079 5633">
    <p class='ocr_par' dir='ltr' id='par_1_79' title="bbox 503 5563 2079 5633">
     <span class='ocr_line' id='line_1_79' title="bbox 503 5563 2079 5633; baseline -0.003 -14"><span class='ocrx_word' id='word_1_668' title='bbox 503 5564 642 5633; x_wconf 88' lang='lat' dir='ltr'><strong>Quid</strong></span> <span class='ocrx_word' id='word_1_669' title='bbox 667 5580 898 5633; x_wconf 87' lang='lat' dir='ltr'><strong>namque</strong></span> <span class='ocrx_word' id='word_1_670' title='bbox 929 5579 1077 5626; x_wconf 86' lang='lat' dir='ltr'><strong>auro,</strong></span> <span class='ocrx_word' id='word_1_671' title='bbox 1100 5566 1238 5633; x_wconf 90' lang='lat' dir='ltr'><strong>quod</strong></span> <span class='ocrx_word' id='word_1_672' title='bbox 1262 5563 1492 5619; x_wconf 88' lang='lat' dir='ltr'><strong>metallis</strong></span> <span class='ocrx_word' id='word_1_673' title='bbox 1512 5563 1721 5617; x_wconf 59' lang='lat' dir='ltr'><strong>caeteris</strong></span> <span class='ocrx_word' id='word_1_674' title='bbox 1746 5563 2079 5630; x_wconf 80' lang='lat' dir='ltr'><strong>praceminet,</strong></span> 
     </span>
    </p>
   </div>
   <div class='ocr_carea' id='block_1_80' title="bbox 504 5653 2084 5722">
    <p class='ocr_par' dir='ltr' id='par_1_80' title="bbox 504 5653 2084 5722">
     <span class='ocr_line' id='line_1_80' title="bbox 504 5653 2084 5722; baseline -0.003 -10"><span class='ocrx_word' id='word_1_675' title='bbox 504 5657 610 5713; x_wconf 87' lang='lat' dir='ltr'><strong>nisi</strong></span> <span class='ocrx_word' id='word_1_676' title='bbox 636 5658 955 5711; x_wconf 84' lang='lat' dir='ltr'><strong>excellentia</strong></span> <span class='ocrx_word' id='word_1_677' title='bbox 987 5657 1321 5711; x_wconf 87' lang='lat' dir='ltr'><strong>sanctitatis?</strong></span> <span class='ocrx_word' id='word_1_678' title='bbox 1352 5655 1489 5721; x_wconf 92' lang='lat' dir='ltr'><strong>Quid</strong></span> <span class='ocrx_word' id='word_1_679' title='bbox 1512 5654 1690 5708; x_wconf 89' lang='lat' dir='ltr'><strong>colore</strong></span> <span class='ocrx_word' id='word_1_680' title='bbox 1720 5655 1945 5722; x_wconf 90' lang='lat' dir='ltr'><strong>optimo,</strong></span> <span class='ocrx_word' id='word_1_681' title='bbox 1977 5653 2084 5707; x_wconf 92' lang='lat' dir='ltr'><strong>nisi</strong></span> 
     </span>
    </p>
   </div>
   <div class='ocr_carea' id='block_1_81' title="bbox 505 5745 2081 5817">
    <p class='ocr_par' dir='ltr' id='par_1_81' title="bbox 505 5745 2081 5817">
     <span class='ocr_line' id='line_1_81' title="bbox 505 5745 2081 5817; baseline -0.004 -12"><span class='ocrx_word' id='word_1_682' title='bbox 505 5751 714 5808; x_wconf 91' lang='lat' dir='ltr'><strong>cunctis</strong></span> <span class='ocrx_word' id='word_1_683' title='bbox 766 5750 1011 5809; x_wconf 87' lang='lat' dir='ltr'><strong>amabilis</strong></span> <span class='ocrx_word' id='word_1_684' title='bbox 1057 5748 1359 5807; x_wconf 85' lang='lat' dir='ltr'><strong>reverentia</strong></span> <span class='ocrx_word' id='word_1_685' title='bbox 1400 5747 1675 5817; x_wconf 86' lang='lat' dir='ltr'><strong>religionis</strong></span> <span class='ocrx_word' id='word_1_686' title='bbox 1722 5745 2081 5814; x_wconf 82' lang='lat' dir='ltr'><strong>exprimitur?</strong></span> 
     </span>
    </p>
   </div>
   <div class='ocr_carea' id='block_1_82' title="bbox 2181 4563 3774 4638">
    <p class='ocr_par' dir='ltr' id='par_1_82' title="bbox 2181 4563 3774 4638">
     <span class='ocr_line' id='line_1_82' title="bbox 2181 4563 3774 4638; baseline -0.001 -16"><span class='ocrx_word' id='word_1_687' title='bbox 2181 4568 2407 4638; x_wconf 81' lang='lat' dir='ltr'><strong>quilibet</strong></span> <span class='ocrx_word' id='word_1_688' title='bbox 2439 4574 2561 4634; x_wconf 85' lang='lat' dir='ltr'><strong>post</strong></span> <span class='ocrx_word' id='word_1_689' title='bbox 2591 4564 2892 4618; x_wconf 87' lang='lat' dir='ltr'><strong>sanctitatis</strong></span> <span class='ocrx_word' id='word_1_690' title='bbox 2926 4564 3173 4617; x_wconf 89' lang='lat' dir='ltr'><strong>habitum</strong></span> <span class='ocrx_word' id='word_1_691' title='bbox 3202 4563 3436 4617; x_wconf 90' lang='lat' dir='ltr'><strong>terrenis</strong></span> <span class='ocrx_word' id='word_1_692' title='bbox 3470 4579 3531 4618; x_wconf 88' lang='lat' dir='ltr'><strong>se</strong></span> <span class='ocrx_word' id='word_1_693' title='bbox 3558 4566 3774 4621; x_wconf 89' lang='lat' dir='ltr'><strong>actibus</strong></span> 
     </span>
    </p>
   </div>
   <div class='ocr_carea' id='block_1_83' title="bbox 2183 4651 3775 4723">
    <p class='ocr_par' dir='ltr' id='par_1_83' title="bbox 2183 4651 3775 4723">
     <span class='ocr_line' id='line_1_83' title="bbox 2183 4651 3775 4723; baseline -0.001 -13"><span class='ocrx_word' id='word_1_694' title='bbox 2183 4656 2389 4718; x_wconf 89' lang='lat' dir='ltr'><strong>inserit,</strong></span> <span class='ocrx_word' id='word_1_695' title='bbox 2416 4654 2569 4723; x_wconf 89' lang='lat' dir='ltr'><strong>quasi</strong></span> <span class='ocrx_word' id='word_1_696' title='bbox 2592 4652 2771 4706; x_wconf 90' lang='lat' dir='ltr'><strong>colore</strong></span> <span class='ocrx_word' id='word_1_697' title='bbox 2792 4657 3098 4720; x_wconf 89' lang='lat' dir='ltr'><strong>permutato</strong></span> <span class='ocrx_word' id='word_1_698' title='bbox 3126 4659 3251 4704; x_wconf 92' lang='lat' dir='ltr'><strong>ante</strong></span> <span class='ocrx_word' id='word_1_699' title='bbox 3289 4651 3560 4706; x_wconf 85' lang='lat' dir='ltr'><strong>humanos</strong></span> <span class='ocrx_word' id='word_1_700' title='bbox 3586 4655 3775 4710; x_wconf 85' lang='lat' dir='ltr'><strong>oculos</strong></span> 
     </span>
    </p>
   </div>
   <div class='ocr_carea' id='block_1_84' title="bbox 2182 4739 3775 4813">
    <p class='ocr_par' dir='ltr' id='par_1_84' title="bbox 2182 4739 3775 4813">
     <span class='ocr_line' id='line_1_84' title="bbox 2182 4739 3775 4813; baseline -0.002 -12"><span class='ocrx_word' id='word_1_701' title='bbox 2182 4744 2296 4813; x_wconf 89' lang='lat' dir='ltr'><strong>ejus</strong></span> <span class='ocrx_word' id='word_1_702' title='bbox 2326 4743 2627 4799; x_wconf 84' lang='lat' dir='ltr'><strong>reverentia</strong></span> <span class='ocrx_word' id='word_1_703' title='bbox 2670 4743 2918 4810; x_wconf 88' lang='lat' dir='ltr'><strong>despecta</strong></span> <span class='ocrx_word' id='word_1_704' title='bbox 2977 4740 3242 4809; x_wconf 87' lang='lat' dir='ltr'><strong>pallescit.</strong></span> <span class='ocrx_word' id='word_1_705' title='bbox 3296 4739 3607 4796; x_wconf 87' lang='lat' dir='ltr'><strong>Sanctuarii</strong></span> <span class='ocrx_word' id='word_1_706' title='bbox 3638 4760 3775 4813; x_wconf 88' lang='lat' dir='ltr'><strong>quo-</strong></span> 
     </span>
    </p>
   </div>
   <div class='ocr_carea' id='block_1_85' title="bbox 2181 4832 3775 4904">
    <p class='ocr_par' dir='ltr' id='par_1_85' title="bbox 2181 4832 3775 4904">
     <span class='ocr_line' id='line_1_85' title="bbox 2181 4832 3775 4904; baseline -0.001 -16"><span class='ocrx_word' id='word_1_707' title='bbox 2181 4850 2286 4904; x_wconf 92' lang='lat' dir='ltr'><strong>que</strong></span> <span class='ocrx_word' id='word_1_708' title='bbox 2306 4834 2510 4903; x_wconf 91' lang='lat' dir='ltr'><strong>lapides</strong></span> <span class='ocrx_word' id='word_1_709' title='bbox 2539 4834 2590 4885; x_wconf 91' lang='lat' dir='ltr'><strong>in</strong></span> <span class='ocrx_word' id='word_1_710' title='bbox 2616 4832 2805 4901; x_wconf 89' lang='lat' dir='ltr'><strong>plateis</strong></span> <span class='ocrx_word' id='word_1_711' title='bbox 2826 4832 3224 4902; x_wconf 90' lang='lat' dir='ltr'><strong>disperguntur,</strong></span> <span class='ocrx_word' id='word_1_712' title='bbox 3251 4846 3374 4885; x_wconf 89' lang='lat' dir='ltr'><strong>cum</strong></span> <span class='ocrx_word' id='word_1_713' title='bbox 3406 4846 3572 4886; x_wconf 89' lang='lat' dir='ltr'><strong>causa</strong></span> <span class='ocrx_word' id='word_1_714' title='bbox 3604 4849 3775 4887; x_wconf 57' lang='lat' dir='ltr'><strong>sacu-</strong></span> 
     </span>
    </p>
   </div>
   <div class='ocr_carea' id='block_1_86' title="bbox 2182 4921 3771 4993">
    <p class='ocr_par' dir='ltr' id='par_1_86' title="bbox 2182 4921 3771 4993">
     <span class='ocr_line' id='line_1_86' title="bbox 2182 4921 3771 4993; baseline 0.001 -16"><span class='ocrx_word' id='word_1_715' title='bbox 2182 4925 2397 4988; x_wconf 90' lang='lat' dir='ltr'><strong>larium,</strong></span> <span class='ocrx_word' id='word_1_716' title='bbox 2420 4921 2571 4977; x_wconf 87' lang='lat' dir='ltr'><strong>foras</strong></span> <span class='ocrx_word' id='word_1_717' title='bbox 2598 4922 2706 4975; x_wconf 89' lang='lat' dir='ltr'><strong>lata</strong></span> <span class='ocrx_word' id='word_1_718' title='bbox 2746 4922 2941 4975; x_wconf 87' lang='lat' dir='ltr'><strong>itinera</strong></span> <span class='ocrx_word' id='word_1_719' title='bbox 2977 4929 3257 4990; x_wconf 81' lang='lat' dir='ltr'><strong>expetunt,</strong></span> <span class='ocrx_word' id='word_1_720' title='bbox 3290 4922 3345 4975; x_wconf 91' lang='lat' dir='ltr'><strong>hi</strong></span> <span class='ocrx_word' id='word_1_721' title='bbox 3384 4924 3481 4993; x_wconf 92' lang='lat' dir='ltr'><strong>qui</strong></span> <span class='ocrx_word' id='word_1_722' title='bbox 3511 4924 3581 4978; x_wconf 85' lang='lat' dir='ltr'><strong>ad</strong></span> <span class='ocrx_word' id='word_1_723' title='bbox 3607 4940 3771 4979; x_wconf 84' lang='lat' dir='ltr'><strong>orna—</strong></span> 
     </span>
    </p>
   </div>
   <div class='ocr_carea' id='block_1_87' title="bbox 2181 5011 3770 5081">
    <p class='ocr_par' dir='ltr' id='par_1_87' title="bbox 2181 5011 3770 5081">
     <span class='ocr_line' id='line_1_87' title="bbox 2181 5011 3770 5081; baseline 0.002 -13"><span class='ocrx_word' id='word_1_724' title='bbox 2181 5021 2421 5068; x_wconf 91' lang='lat' dir='ltr'><strong>mentum</strong></span> <span class='ocrx_word' id='word_1_725' title='bbox 2454 5012 2706 5067; x_wconf 82' lang='lat' dir='ltr'><strong>Ecclesiae</strong></span> <span class='ocrx_word' id='word_1_726' title='bbox 2732 5012 2958 5067; x_wconf 85' lang='lat' dir='ltr'><strong>internis</strong></span> <span class='ocrx_word' id='word_1_727' title='bbox 2988 5011 3263 5081; x_wconf 86' lang='lat' dir='ltr'><strong>mysteriis</strong></span> <span class='ocrx_word' id='word_1_728' title='bbox 3297 5015 3457 5081; x_wconf 88' lang='lat' dir='ltr'><strong>quasi</strong></span> <span class='ocrx_word' id='word_1_729' title='bbox 3499 5016 3556 5068; x_wconf 92' lang='lat' dir='ltr'><strong>in</strong></span> <span class='ocrx_word' id='word_1_730' title='bbox 3588 5031 3770 5071; x_wconf 84' lang='lat' dir='ltr'><strong>secre-</strong></span> 
     </span>
    </p>
   </div>
   <div class='ocr_carea' id='block_1_88' title="bbox 2182 5100 3773 5173">
    <p class='ocr_par' dir='ltr' id='par_1_88' title="bbox 2182 5100 3773 5173">
     <span class='ocr_line' id='line_1_88' title="bbox 2182 5100 3773 5173; baseline 0.003 -17"><span class='ocrx_word' id='word_1_731' title='bbox 2182 5103 2251 5157; x_wconf 90' lang='lat' dir='ltr'><strong>tis</strong></span> <span class='ocrx_word' id='word_1_732' title='bbox 2284 5101 2576 5156; x_wconf 87' lang='lat' dir='ltr'><strong>sanctuarii</strong></span> <span class='ocrx_word' id='word_1_733' title='bbox 2599 5116 2793 5154; x_wconf 82' lang='lat' dir='ltr'><strong>vacare</strong></span> <span class='ocrx_word' id='word_1_734' title='bbox 2822 5100 3134 5154; x_wconf 90' lang='lat' dir='ltr'><strong>debuerant.</strong></span> <span class='ocrx_word' id='word_1_735' title='bbox 3171 5100 3254 5154; x_wconf 87' lang='lat' dir='ltr'><strong>Ad</strong></span> <span class='ocrx_word' id='word_1_736' title='bbox 3277 5102 3379 5156; x_wconf 89' lang='lat' dir='ltr'><strong>hoc</strong></span> <span class='ocrx_word' id='word_1_737' title='bbox 3418 5103 3618 5173; x_wconf 90' lang='lat' dir='ltr'><strong>quippe</strong></span> <span class='ocrx_word' id='word_1_738' title='bbox 3645 5120 3773 5159; x_wconf 86' lang='lat' dir='ltr'><strong>san-</strong></span> 
     </span>
    </p>
   </div>
   <div class='ocr_carea' id='block_1_89' title="bbox 2183 5190 3772 5260">
    <p class='ocr_par' dir='ltr' id='par_1_89' title="bbox 2183 5190 3772 5260">
     <span class='ocr_line' id='line_1_89' title="bbox 2183 5190 3772 5260; baseline 0.003 -15"><span class='ocrx_word' id='word_1_739' title='bbox 2183 5192 2374 5246; x_wconf 91' lang='lat' dir='ltr'><strong>ctuarii</strong></span> <span class='ocrx_word' id='word_1_740' title='bbox 2404 5192 2607 5260; x_wconf 89' lang='lat' dir='ltr'><strong>lapides</strong></span> <span class='ocrx_word' id='word_1_741' title='bbox 2632 5190 2831 5245; x_wconf 89' lang='lat' dir='ltr'><strong>ﬁebant</strong></span> <span class='ocrx_word' id='word_1_742' title='bbox 2857 5198 2919 5243; x_wconf 93' lang='lat' dir='ltr'><strong>ut</strong></span> <span class='ocrx_word' id='word_1_743' title='bbox 2942 5191 3083 5243; x_wconf 91' lang='lat' dir='ltr'><strong>intra</strong></span> <span class='ocrx_word' id='word_1_744' title='bbox 3124 5198 3314 5243; x_wconf 85' lang='lat' dir='ltr'><strong>sancta</strong></span> <span class='ocrx_word' id='word_1_745' title='bbox 3345 5202 3658 5247; x_wconf 87' lang='lat' dir='ltr'><strong>sanctorum</strong></span> <span class='ocrx_word' id='word_1_746' title='bbox 3716 5196 3772 5251; x_wconf 84' lang='lat' dir='ltr'><strong>in</strong></span> 
     </span>
    </p>
   </div>
   <div class='ocr_carea' id='block_1_90' title="bbox 2182 5281 3773 5350">
    <p class='ocr_par' dir='ltr' id='par_1_90' title="bbox 2182 5281 3773 5350">
     <span class='ocr_line' id='line_1_90' title="bbox 2182 5281 3773 5350; baseline 0.002 -13"><span class='ocrx_word' id='word_1_747' title='bbox 2182 5285 2506 5337; x_wconf 88' lang='lat' dir='ltr'><strong>vestimento</strong></span> <span class='ocrx_word' id='word_1_748' title='bbox 2528 5282 2725 5337; x_wconf 88' lang='lat' dir='ltr'><strong>summi</strong></span> <span class='ocrx_word' id='word_1_749' title='bbox 2750 5281 3047 5336; x_wconf 88' lang='lat' dir='ltr'><strong>sacerdotis</strong></span> <span class='ocrx_word' id='word_1_750' title='bbox 3088 5291 3437 5350; x_wconf 89' lang='lat' dir='ltr'><strong>apparerent.</strong></span> <span class='ocrx_word' id='word_1_751' title='bbox 3466 5281 3603 5337; x_wconf 92' lang='lat' dir='ltr'><strong>Cum</strong></span> <span class='ocrx_word' id='word_1_752' title='bbox 3639 5298 3773 5341; x_wconf 79' lang='lat' dir='ltr'><strong>vero</strong></span> 
     </span>
    </p>
   </div>
   <div class='ocr_carea' id='block_1_91' title="bbox 2184 5371 3771 5443">
    <p class='ocr_par' dir='ltr' id='par_1_91' title="bbox 2184 5371 3771 5443">
     <span class='ocr_line' id='line_1_91' title="bbox 2184 5371 3771 5443; baseline 0 -15"><span class='ocrx_word' id='word_1_753' title='bbox 2184 5374 2416 5428; x_wconf 82' lang='lat' dir='ltr'><strong>ministri</strong></span> <span class='ocrx_word' id='word_1_754' title='bbox 2446 5372 2719 5441; x_wconf 85' lang='lat' dir='ltr'><strong>religionis</strong></span> <span class='ocrx_word' id='word_1_755' title='bbox 2761 5388 2791 5424; x_wconf 90' lang='lat' dir='ltr'><strong>a</strong></span> <span class='ocrx_word' id='word_1_756' title='bbox 2821 5371 3049 5425; x_wconf 91' lang='lat' dir='ltr'><strong>subditis</strong></span> <span class='ocrx_word' id='word_1_757' title='bbox 3082 5371 3345 5425; x_wconf 89' lang='lat' dir='ltr'><strong>honorem</strong></span> <span class='ocrx_word' id='word_1_758' title='bbox 3384 5371 3771 5443; x_wconf 79' lang='lat' dir='ltr'><strong>Redemptoris</strong></span> 
     </span>
    </p>
   </div>
   <div class='ocr_carea' id='block_1_92' title="bbox 2185 5463 3771 5535">
    <p class='ocr_par' dir='ltr' id='par_1_92' title="bbox 2185 5463 3771 5535">
     <span class='ocr_line' id='line_1_92' title="bbox 2185 5463 3771 5535; baseline 0.001 -16"><span class='ocrx_word' id='word_1_759' title='bbox 2185 5467 2266 5520; x_wconf 91' lang='lat' dir='ltr'><strong>sui</strong></span> <span class='ocrx_word' id='word_1_760' title='bbox 2297 5480 2361 5519; x_wconf 84' lang='lat' dir='ltr'><strong>ex</strong></span> <span class='ocrx_word' id='word_1_761' title='bbox 2394 5464 2589 5519; x_wconf 88' lang='lat' dir='ltr'><strong>merito</strong></span> <span class='ocrx_word' id='word_1_762' title='bbox 2638 5466 2761 5518; x_wconf 67' lang='lat' dir='ltr'><strong>vita:</strong></span> <span class='ocrx_word' id='word_1_763' title='bbox 2808 5478 2913 5517; x_wconf 93' lang='lat' dir='ltr'><strong>non</strong></span> <span class='ocrx_word' id='word_1_764' title='bbox 2957 5463 3196 5533; x_wconf 85' lang='lat' dir='ltr'><strong>exigunt,</strong></span> <span class='ocrx_word' id='word_1_765' title='bbox 3229 5464 3530 5517; x_wconf 89' lang='lat' dir='ltr'><strong>sanctuarii</strong></span> <span class='ocrx_word' id='word_1_766' title='bbox 3561 5464 3771 5535; x_wconf 87' lang='lat' dir='ltr'><strong>lapides</strong></span> 
     </span>
    </p>
   </div>
   <div class='ocr_carea' id='block_1_93' title="bbox 2184 5552 3771 5625">
    <p class='ocr_par' dir='ltr' id='par_1_93' title="bbox 2184 5552 3771 5625">
     <span class='ocr_line' id='line_1_93' title="bbox 2184 5552 3771 5625; baseline 0.001 -15"><span class='ocrx_word' id='word_1_767' title='bbox 2184 5558 2238 5611; x_wconf 90' lang='lat' dir='ltr'><strong>in</strong></span> <span class='ocrx_word' id='word_1_768' title='bbox 2265 5566 2580 5610; x_wconf 89' lang='lat' dir='ltr'><strong>ornamento</strong></span> <span class='ocrx_word' id='word_1_769' title='bbox 2601 5553 2871 5625; x_wconf 89' lang='lat' dir='ltr'><strong>pontiﬁcis</strong></span> <span class='ocrx_word' id='word_1_770' title='bbox 2896 5568 3003 5608; x_wconf 90' lang='lat' dir='ltr'><strong>non</strong></span> <span class='ocrx_word' id='word_1_771' title='bbox 3032 5564 3175 5607; x_wconf 88' lang='lat' dir='ltr'><strong>sunt.</strong></span> <span class='ocrx_word' id='word_1_772' title='bbox 3204 5552 3307 5618; x_wconf 90' lang='lat' dir='ltr'><strong>Qui</strong></span> <span class='ocrx_word' id='word_1_773' title='bbox 3343 5554 3604 5609; x_wconf 87' lang='lat' dir='ltr'><strong>nimirum</strong></span> <span class='ocrx_word' id='word_1_774' title='bbox 3638 5570 3771 5611; x_wconf 86' lang='lat' dir='ltr'><strong>san-</strong></span> 
     </span>
    </p>
   </div>
   <div class='ocr_carea' id='block_1_94' title="bbox 2186 5642 3770 5717">
    <p class='ocr_par' dir='ltr' id='par_1_94' title="bbox 2186 5642 3770 5717">
     <span class='ocr_line' id='line_1_94' title="bbox 2186 5642 3770 5717; baseline -0.001 -16"><span class='ocrx_word' id='word_1_775' title='bbox 2186 5647 2380 5702; x_wconf 88' lang='lat' dir='ltr'><strong>ctuarii</strong></span> <span class='ocrx_word' id='word_1_776' title='bbox 2407 5647 2612 5717; x_wconf 90' lang='lat' dir='ltr'><strong>lapides</strong></span> <span class='ocrx_word' id='word_1_777' title='bbox 2634 5645 2861 5713; x_wconf 85' lang='lat' dir='ltr'><strong>dispersi</strong></span> <span class='ocrx_word' id='word_1_778' title='bbox 2883 5658 2983 5713; x_wconf 89' lang='lat' dir='ltr'><strong>per</strong></span> <span class='ocrx_word' id='word_1_779' title='bbox 3009 5642 3217 5711; x_wconf 89' lang='lat' dir='ltr'><strong>plateas</strong></span> <span class='ocrx_word' id='word_1_780' title='bbox 3240 5642 3444 5709; x_wconf 89' lang='lat' dir='ltr'><strong>jacent,</strong></span> <span class='ocrx_word' id='word_1_781' title='bbox 3476 5660 3604 5700; x_wconf 90' lang='lat' dir='ltr'><strong>cum</strong></span> <span class='ocrx_word' id='word_1_782' title='bbox 3646 5660 3770 5715; x_wconf 84' lang='lat' dir='ltr'><strong>per-</strong></span> 
     </span>
    </p>
   </div>
   <div class='ocr_carea' id='block_1_95' title="bbox 2188 5733 3737 5803">
    <p class='ocr_par' dir='ltr' id='par_1_95' title="bbox 2188 5733 3737 5803">
     <span class='ocr_line' id='line_1_95' title="bbox 2188 5733 3737 5803; baseline -0.005 -7"><span class='ocrx_word' id='word_1_783' title='bbox 2188 5754 2334 5797; x_wconf 64' lang='lat' dir='ltr'><strong>sonae</strong></span> <span class='ocrx_word' id='word_1_784' title='bbox 2362 5752 2643 5795; x_wconf 88' lang='lat' dir='ltr'><strong>sacrorum</strong></span> <span class='ocrx_word' id='word_1_785' title='bbox 2681 5735 2931 5793; x_wconf 91' lang='lat' dir='ltr'><strong>ordinum</strong></span> <span class='ocrx_word' id='word_1_786' title='bbox 2966 5733 3301 5803; x_wconf 87' lang='lat' dir='ltr'><strong>voluptatum</strong></span> <span class='ocrx_word' id='word_1_787' title='bbox 3325 5751 3549 5792; x_wconf 89' lang='lat' dir='ltr'><strong>suarum</strong></span> <span class='ocrx_word' id='word_1_788' title='bbox 3580 5736 3737 5792; x_wconf 82' lang='lat' dir='ltr'><strong>latitu</strong></span> 
     </span>
    </p>
   </div>
  </div>
