3952 6322
193 340 332 397 1249

1076 341 1443 400 EXPOSITIO
1483 340 1709 400 SUPER
1746 338 2114 397 JEREMIAM.
2153 372 2226 383 —
2258 341 2387 396 LIB.
2430 340 2548 395 XX.

3298 336 3437 392 1250

193 454 303 512 dini
357 452 569 518 deditae,
608 453 848 509 terrenis
876 455 1107 526 negotiis
1132 455 1415 510 inhaerent.
1468 455 1536 509 Et
1570 464 1766 510 notan-
1794 454 1843 517 Α
1870 453 1925 508 in
1952 454 2168 510 deserto
2194 452 2432 523 gentium
2478 452 2902 522 persequebatur
2948 458 3168 520 propter
3199 450 3443 521 Evange-

192 544 317 599 dum
344 545 489 614 quod
512 560 622 600 non
649 545 749 600 hos
777 546 1051 618 dispersos
1074 548 1127 601 in
1148 548 1360 617 plateis,
1387 547 1482 602 sed
1510 548 1565 602 in
1594 548 1770 616 capite

191 633 493 704 platearum
519 635 670 701 dicit,
711 636 836 707 quia
875 646 929 693 et
956 652 1077 692 cum
1114 646 1329 693 terrena
1360 646 1545 706 agunt,
1575 637 1768 692 summi

191 723 363 777 videri
386 732 665 794 appetunt,
694 734 753 781 ut
777 735 833 782 et
855 727 967 781 lata
1000 727 1197 783 itinera
1236 736 1458 783 teneant
1504 742 1572 781 ex
1622 727 1771 783 volu-

191 818 339 881 ptate
367 812 768 882 delectationis,
799 824 855 872 et
882 826 1061 872 tamen
1091 816 1146 870 in
1179 818 1484 885 platearum
1536 818 1643 871 sint
1687 833 1771 872 ca-

191 900 302 971 pite
320 916 389 959 ex
420 903 625 958 honore
646 905 980 959 sanctitatis.
1026 904 1171 961 Nihil
1224 907 1440 976 quoque
1470 907 1669 972 obstat,
1724 908 1771 963 si

191 990 487 1047 sanctuarii
514 990 719 1061 lapides
746 993 965 1049 eosdem
986 989 1147 1064 ipsos,
1180 997 1376 1065 quibus
1401 1006 1771 1052 constructum

192 1079 563 1134 sanctuarium
581 1080 867 1147 existebat,
901 1084 1211 1153 accipimus.
1229 1085 1330 1151 Qui
1360 1086 1586 1157 dispersi
1608 1088 1664 1141 in
1686 1102 1774 1141 ca—

190 1167 305 1237 pite
353 1168 656 1239 platearum
697 1169 904 1239 jacent,
955 1177 1171 1244 quando
1203 1191 1483 1232 sacrorum
1523 1179 1774 1233 ordinum

191 1258 297 1313 viri
350 1262 583 1316 terrenis
631 1265 843 1319 actibus
890 1280 960 1319 ex
1010 1268 1279 1323 desiderio
1336 1271 1655 1337 inserviunt,
1707 1286 1773 1326 ex

191 1362 425 1417 quorum
449 1350 601 1417 prius
624 1351 801 1409 ofﬁcio
831 1355 1141 1411 sanctitatis
1166 1358 1335 1428 gloria
1374 1368 1519 1415 stare
1554 1361 1772 1417 videba-

191 1447 303 1495 tur.
342 1441 634 1501 Stecularia
662 1447 848 1518 itaque
880 1451 1093 1521 negotia
1129 1451 1415 1523 aliquando
1439 1471 1506 1511 ex
1529 1472 1775 1527 compas-

192 1532 348 1588 sione
392 1535 670 1593 toleranda
711 1548 857 1607 sunt,
905 1558 1181 1612 nunquam
1209 1561 1340 1601 vero
1370 1562 1438 1602 ex
1471 1564 1653 1603 amore
1690 1566 1775 1606 re-

191 1623 479 1690 quirenda,
531 1642 601 1681 ne
650 1644 771 1683 cum
830 1642 1066 1689 mentem
1129 1634 1399 1706 diligentis
1455 1651 1773 1710 aggravant,

192 1710 339 1768 hanc
364 1729 462 1771 suo
487 1716 684 1774 victam
706 1721 947 1791 pondere
972 1724 1040 1778 ad
1070 1716 1177 1779 ima
1206 1726 1273 1782 de
1294 1727 1607 1785 coelestibus
1633 1744 1775 1787 mer-

194 1811 349 1870 gant.

264 1894 417 1950 Beth.
456 1916 475 1949 ι
506 1896 626 1954 Filii
684 1899 814 1956 Sion
847 1901 1036 1974 inclyti
1083 1911 1138 1959 et
1188 1907 1372 1962 amicti
1412 1923 1544 1964 auro
1570 1910 1769 1979 primo,

196 2000 221 2036 ι
254 1989 523 2054 quomodo
568 1991 800 2060 reputati
840 1999 966 2047 sunt
1007 1992 1065 2048 in
1091 2008 1222 2049 vasa
1259 2004 1451 2063 testea,
1505 2014 1638 2068 opus
1664 2014 1776 2053 ma-

197 2092 219 2128 ι
258 2090 423 2131 nuum
455 2076 638 2149 ﬁguli?
668 2099 687 2132 ›
721 2076 805 2137 Ad
830 2082 1079 2139 eumdem
1109 2100 1328 2141 sensum
1363 2089 1477 2143 haec
1506 2090 1774 2145 sententia

191 2167 452 2235 pertinet,
483 2168 550 2222 ad
575 2185 734 2240 quem
763 2174 1026 2242 superior,
1062 2178 1204 2244 quod
1236 2176 1330 2231 lilii
1379 2179 1634 2234 Ecclesiae
1680 2180 1775 2248 qui

192 2253 381 2325 inclyti
418 2257 635 2313 fuerunt
673 2260 971 2318 Christiana
1021 2264 1299 2335 religione,
1338 2275 1394 2323 et
1446 2270 1623 2323 ornati
1682 2284 1771 2323 sa-

191 2343 410 2415 pientize
454 2345 678 2418 fulgore,
706 2358 763 2403 et
796 2349 991 2406 decore
1026 2353 1308 2417 virtutum,
1357 2370 1501 2410 nunc
1549 2358 1773 2412 emolliti

194 2440 505 2496 carnalibus
533 2441 833 2508 desideriis,
865 2452 921 2498 et
950 2447 1179 2501 terrenis
1207 2447 1590 2517 cupiditatibus
1622 2450 1771 2505 tabe-

192 2526 347 2593 facti,
378 2531 522 2586 vasis
544 2534 731 2588 testeis
756 2545 1135 2605 comparentur
1171 2553 1289 2607 quae
1319 2538 1613 2595 Dominicae
1648 2556 1774 2595 cor-

193 2622 456 2690 reptionis
482 2623 631 2693 virga
658 2624 713 2678 in
744 2623 923 2679 futuro
953 2627 1215 2699 examine
1237 2636 1525 2683 conterens
1552 2627 1771 2699 frangit,

194 2717 253 2765 et
276 2709 343 2764 ad
371 2711 598 2765 nihilum
625 2714 837 2782 redigit,
876 2715 1062 2770 taliter
1105 2722 1165 2769 ut
1192 2732 1299 2770 non
1348 2718 1574 2771 inveniri
1605 2720 1776 2787 possit

194 2798 446 2869 fragmen
499 2806 651 2856 testae
693 2815 799 2870 quo
850 2802 1115 2871 igniculus
1168 2804 1299 2859 ferri
1346 2806 1519 2874 possit
1574 2806 1640 2861 de
1691 2807 1775 2861 in-

196 2890 460 3013 abigit.
496 2977 516 3010 ι
549 2958 655 3015 Sed
690 2967 743 3015 et
768 2961 946 3017 lamiae
970 2963 1307 3018 nudaverunt
1335 2980 1646 3030 mammam,
1690 2965 1774 3021 la—

202 3066 224 3100 t
269 3057 554 3103 ctaverunt
582 3050 787 3105 catulos
810 3066 956 3106 suos.
987 3070 1007 3103 ι
1038 3051 1095 3105 1η
1129 3052 1288 3106 lamia
1328 3054 1526 3123 quippe
1552 3054 1775 3124 duplici-

1871 545 2005 600 lium
2030 545 2256 601 Christi.
2288 544 2441 611 Quod
2469 553 2522 599 et
2558 545 2674 613 ipsa
2701 544 2913 599 Veritas
2960 542 3170 597 videtur
3197 543 3276 597 eis
3299 557 3438 611 pne-

1872 635 2124 690 nuntiare
2151 649 2273 690 cum
2299 635 2374 689 ait
2402 649 2417 689 :
2457 652 2476 685 ι
2514 632 2641 689 Haec
2670 632 2881 687 locutus
2906 648 3022 687 sum
3053 632 3223 697 vobis,
3245 639 3305 685 ut
3331 646 3438 686 non

1872 722 2335 779 scandalizemini.
2373 723 2592 792 Absque
2637 722 2921 791 synagogis
2957 722 3158 777 facient
3188 736 3302 776 vos.
3337 718 3445 777 Sed

1871 811 2024 867 venit
2045 813 2205 877 hora,
2230 820 2292 866 ut
2315 812 2489 866 omnis
2523 812 2615 881 qui
2664 811 2916 865 interlicit
2948 825 3039 866 vos
3067 810 3359 865 arbitretur
3387 823 3446 864 se

1872 902 2191 973 obsequium
2218 912 2478 973 praestare
2498 901 2630 957 Deo.
2656 901 2723 955 Et
2748 901 2863 956 haec
2884 899 3082 956 facient
3116 902 3286 964 vobis,
3320 902 3445 970 quia

1874 1007 1983 1048 non
2013 1000 2279 1048 noverunt
2301 991 2513 1046 Patrem
2554 1005 2730 1061 neque
2777 1005 2863 1045 me
2891 990 3070 1060 (Joan.
3106 990 3217 1061 xv).
3256 1010 3275 1042 ι
3310 990 3448 1044 Fru—

1874 1090 1989 1137 stra
2044 1095 2171 1152 ergo
2219 1081 2430 1135 laborat
2472 1080 2621 1134 nullo
2663 1080 2856 1133 timore
2902 1086 3148 1149 cogente,
3175 1079 3299 1147 quia
3326 1092 3448 1133 cum

1878 1171 2152 1227 Christum
2187 1179 2467 1241 persecuta
2496 1180 2601 1235 est,
2652 1170 2804 1239 quasi
2852 1181 3158 1223 eversorem
3198 1167 3369 1237 gentis
3398 1174 3453 1221 et

1876 1260 2269 1315 destructorem
2309 1259 2482 1330 regni,
2509 1272 2607 1313 nec
2642 1266 2841 1313 statum
2873 1256 3043 1326 regni,
3089 1270 3190 1311 nec
3225 1255 3449 1310 salutem

1877 1352 2055 1425 gentis
2077 1351 2329 1415 servavit,
2362 1350 2457 1404 sed
2495 1349 2666 1420 magis
2705 1348 2955 1418 perdidit.
3004 1347 3139 1402 Nam
3166 1346 3452 1418 pontiﬁces

1876 1451 1933 1495 et
1961 1432 2238 1506 Pharisaei,
2289 1440 2430 1495 sicut
2472 1436 2821 1507 Evangelium
2858 1445 3106 1500 testatur,
3162 1436 3450 1491 concilium

1879 1531 2138 1587 adversus
2170 1530 2356 1587 Jesum
2408 1528 2738 1599 colligentes,
2786 1526 3080 1581 dixerunt:
3120 1545 3139 1577 ι
3180 1526 3318 1593 Quid
3375 1524 3454 1579 fa-

1879 1623 2071 1689 cimus,
2100 1622 2225 1691 quia
2251 1621 2339 1675 hic
2361 1619 2525 1674 homo
2558 1617 2728 1672 multa
2765 1617 2918 1688 signa
2957 1615 3119 1671 facit?
3146 1617 3191 1671 si
3226 1615 3452 1671 dimitti-

1878 1727 1997 1769 mus
2022 1727 2166 1776 eum,
2197 1712 2277 1765 sic
2304 1724 2491 1765 omnes
2511 1710 2732 1763 credent
2755 1707 2812 1761 in
2840 1722 2962 1762 eum
2990 1726 3003 1761 :
3028 1716 3083 1761 et
3106 1707 3322 1763 venient
3348 1705 3456 1762 Ro-

1797 1814 1847 1875 B
1875 1804 2021 1860 mani
2052 1811 2109 1856 et
2159 1799 2347 1854 tollent
2390 1806 2636 1854 nostrum
2695 1798 2872 1853 locum
2926 1806 2981 1852 et
3003 1806 3219 1868 gentem
3269 1795 3450 1868 (Joan.

1878 1893 1979 1963 xl).
2013 1910 2033 1943 ι
2058 1890 2263 1958 Quibus
2285 1888 2519 1957 Caiphas
2541 1889 2817 1959 respondit
2847 1906 2861 1942 :
2890 1906 2909 1939 ι
2941 1889 3045 1944 Vos
3070 1889 3290 1945 nescitis
3302 1888 3458 1959 quid~

1879 1996 2041 2053 quam
2062 1994 2165 2034 nec
2190 1978 2461 2048 cogitatis,
2487 1978 2613 2047 quia
2642 1976 2856 2047 expedit
2874 1977 3027 2032 vobis
3051 1984 3111 2031 ut
3133 1993 3271 2033 unus
3297 1978 3459 2032 homo

1877 2072 2142 2126 moriatur
2166 2075 2265 2139 pro
2285 2068 2504 2138 populo,
2533 2076 2588 2124 et
2620 2084 2728 2124 non
2755 2076 2866 2123 tota
2893 2083 3023 2138 gens
3043 2078 3249 2138 pereat.
3284 2089 3303 2121 ι
3334 2068 3460 2124 Haec

1875 2161 2253 2233 cogitaverunt
2276 2170 2330 2215 et
2349 2168 2697 2225 erraverunt;
2721 2161 3010 2215 excaecavit
3030 2161 3171 2215 enim
3200 2161 3318 2216 illos
3342 2176 3456 2215 ma-

1876 2251 1993 2306 litia
2026 2265 2241 2314 eorum,
2287 2249 2395 2304 illic
2424 2249 2827 2318 trepidaverunt
2871 2250 3063 2305 timore
3109 2250 3201 2305 ubi
3228 2265 3332 2305 non
3358 2250 3460 2305 fuit

1877 2346 2062 2398 timor.
2090 2342 2148 2397 Si
2174 2342 2407 2398 salutem
2452 2342 2795 2410 quaesissent,
2844 2340 3166 2396 salvatorem
3207 2348 3461 2410 appetere

1880 2435 2212 2490 debuissent.
2249 2452 2267 2485 ι
2301 2434 2537 2489 Scrutati
2573 2442 2699 2489 sunt
2744 2434 3102 2503 iniquitatem,
3150 2434 3463 2489 defecerunt

1878 2533 2188 2581 scrutantes
2217 2525 2500 2579 scrutinio.
2532 2524 2776 2579 Accessit
2800 2524 2962 2579 homo
2991 2526 3058 2579 ad
3073 2538 3167 2579 cor
3191 2524 3380 2588 altum,
3404 2532 3462 2576 ct

1878 2616 2150 2671 exaltatus
2176 2624 2261 2671 est
2286 2615 2448 2670 Deus.
2486 2614 2707 2686 Sagittae
2747 2614 3098 2685 parvulorum
3148 2613 3305 2670 factae
3336 2621 3460 2669 sunt

1876 2706 2047 2777 plagae
2094 2722 2307 2771 eorum,
2366 2715 2420 2762 et
2465 2722 2564 2777 pro
2614 2706 2784 2762 nihilo
2822 2708 3129 2761 habuerunt
3157 2716 3344 2761 contra
3365 2721 3462 2762 eos

1878 2796 2075 2866 lingua:
2099 2797 2359 2866 ipsorum.
2392 2794 2545 2862 Quod
2575 2796 2875 2852 timuerunt
2901 2797 3075 2865 impii,
3105 2796 3255 2851 venit
3300 2810 3462 2866 super

1880 2900 1973 2941 eos
2000 2904 2013 2939 :
2046 2886 2429 2940 exterminavit
2449 2887 2592 2941 enim
2621 2901 2715 2942 eos
2738 2902 2867 2955 aper
2898 2888 2963 2941 de
2990 2886 3159 2956 sylva,
3196 2895 3251 2940 et
3276 2885 3462 2956 singu-

1876 2974 2010 3030 laris
2043 2974 2193 3030 ferus
2215 2976 2470 3045 depastus
2498 2980 2583 3031 est
2604 2985 2983 3045 eos:etusque
3000 2976 3068 3030 ad
3084 2974 3245 3030 ﬁnem
3271 2990 3460 3029 eorum

1878 3065 2251 3134 perseverabit
2273 3066 2718 3137 desolatio(Psal.
2748 3067 2925 3135 ωαιι).
2959 3086 2978 3117 ι
3010 3066 3183 3120 Aliter
3198 3079 3325 3135 ergo
3340 3077 3462 3118 cru-

196 3145 285 3193 tas
339 3138 644 3195 Iudaeorum
685 3149 741 3195 et
786 3140 935 3197 ﬁctio
978 3144 1385 3213 hypocritarum
1430 3146 1771 3214 exprimitur.

1884 3156 2030 3211 deles
2059 3164 2187 3211 sunt
2221 3157 2479 3223 haeretici,
2510 3158 2574 3212 de
2602 3157 2798 3227 quibus
2830 3155 3065 3211 Joannes
3089 3156 3165 3209 ait
3200 3174 3215 3209 :
3252 3175 3270 3207 ι
3302 3153 3461 3212 Exie-

195 3226 386 3283 Lamia
436 3228 635 3284 etenim
683 3229 977 3286 humanam
1003 3232 1198 3288 faciem
1232 3234 1413 3298 habet,
1447 3236 1540 3291 sed
1579 3251 1775 3306 corpus

195 3316 442 3374 bestiale.
480 3318 571 3376 Sic
600 3329 655 3375 et
674 3322 903 3391 populus
936 3322 1242 3380 Iudaeorum
1290 3328 1628 3397 specietenus
1655 3330 1773 3386 cul-

198 3413 377 3461 turam
406 3408 500 3462 Dei
528 3408 835 3477 simulabat,
888 3414 983 3468 sed
1020 3413 1188 3470 feroci
1237 3417 1419 3473 animo
1454 3434 1667 3489 semper
1696 3421 1771 3476 illi

195 3497 503 3553 contrarius
523 3497 810 3554 existebat.
841 3501 994 3568 Quod
1018 3504 1157 3559 bene
1183 3521 1279 3576 per
1303 3506 1500 3563 Isaiam
1543 3512 1774 3567 ostendi-

197 3593 289 3640 tur
302 3601 426 3641 cum
445 3586 643 3642 dicitur
666 3606 680 3643 :
714 3608 732 3641 ι
754 3589 985 3661 Populus
1015 3593 1103 3649 hic
1124 3594 1281 3651 labiis
1300 3614 1388 3653 me
1409 3601 1655 3668 honorat,
1679 3617 1775 3657 cor

195 3686 381 3733 autem
406 3695 594 3735 eorum
620 3680 776 3752 longe
796 3693 881 3739 est
907 3699 938 3739 a
963 3700 1050 3740 me
1080 3686 1214 3759 (Isa.
1250 3692 1423 3760 xxix).
1460 3711 1479 3743 ›
1514 3691 1775 3750 Similiter

194 3782 388 3828 omnes
444 3773 740 3844 hypocrita
788 3776 843 3830 in
893 3778 1068 3846 prima
1101 3780 1257 3847 facie,
1283 3785 1426 3852 quod
1462 3787 1769 3853 ostendunt,

195 3863 355 3932 quasi
382 3878 449 3919 ex
474 3865 684 3919 ratione
709 3866 1006 3921 sanctitatis
1030 3877 1135 3934 est,
1173 3871 1267 3925 sed
1293 3871 1517 3927 bestiale
1536 3882 1620 3927 est
1646 3890 1771 3930 cor-

192 3966 323 4024 pus,
351 3954 494 4025 quod
525 3956 783 4025 sequitur,
817 3959 945 4027 quia
968 3958 1123 4014 valde
1146 3960 1331 4030 iniqua
1362 3972 1489 4016 sunt
1526 3978 1646 4033 qua:
1675 3967 1774 4021 sub

192 4041 326 4098 boni
355 4043 534 4113 specie
554 4045 866 4102 moliuntur.
896 4048 1128 4105 Possunt
1158 4060 1213 4105 et
1237 4052 1291 4106 in
1332 4052 1493 4108 lamia
1538 4056 1775 4113 haeretici

193 4135 367 4205 accipi
396 4136 487 4206 qui
512 4138 803 4194 humanam
829 4141 1044 4209 quidem
1067 4140 1280 4209 faciem,
1307 4144 1399 4199 sed
1424 4145 1655 4201 belluina
1680 4164 1778 4217 per

193 4222 525 4295 impietatem
542 4228 706 4284 corda
731 4237 962 4299 gestant.
993 4230 1057 4285 Hi
1086 4240 1214 4288 tunc
1241 4248 1533 4290 mammam
1552 4238 1774 4305 nudant,

193 4316 414 4384 quando
435 4330 676 4371 errorem
704 4332 860 4373 suum
884 4318 1053 4375 libere
1087 4322 1402 4390 praedicant.
1449 4324 1600 4383 Tunc
1630 4336 1780 4383 eatu-

190 4401 279 4458 los
306 4403 527 4471 lactant,
570 4408 786 4475 quando
810 4408 951 4464 male
976 4425 1235 4480 sequaces
1260 4415 1609 4483 parvulorum
1657 4420 1777 4473 ani-

1884 3256 2012 3302 runt
2041 3248 2262 3313 anobis,
2295 3249 2389 3303 sed
2432 3265 2538 3303 non
2568 3258 2723 3303 erant
2766 3263 2833 3303 ex
2880 3248 3053 3302 nobis.
3094 3267 3113 3300 ι
3151 3245 3368 3318 (Greg.)
3395 3247 3463 3302 Et

1881 3340 2037 3408 quasi
2065 3339 2299 3395 struthio
2321 3340 2642 3393 indurantur
2668 3340 2733 3394 ad
2759 3338 2897 3394 ﬁlios
2922 3353 3068 3403 suos,
3100 3353 3222 3393 cum
3248 3352 3355 3393 non
3375 3352 3464 3408 pa-

1880 3435 2036 3482 terno
2071 3424 2288 3492 affectu,
2322 3427 2416 3482 sed
2445 3428 2622 3483 alieno
2645 3429 2824 3482 animo
2846 3443 2939 3482 eos
2963 3428 3215 3482 educant.
3249 3426 3459 3481 Habent

1879 3530 2009 3587 ergo
2036 3529 2259 3571 veraces
2282 3517 2524 3587 magistri
2563 3531 2723 3585 super
2770 3515 3058 3585 discipulos
3088 3530 3216 3570 suos
3248 3514 3459 3569 timoris

1876 3611 2087 3664 viscera
2118 3623 2185 3663 ex
2208 3608 2407 3662 virtute
2435 3606 2751 3662 charitatis:
2780 3605 3071 3675 hypocritae
3098 3612 3278 3659 autem
3309 3610 3460 3657 tanto

1878 3703 2058 3758 minus
2086 3700 2390 3756 commissis
2423 3699 2525 3755 sibi
2550 3706 2816 3763 metuunt,
2841 3698 3056 3767 quando
3086 3712 3185 3752 nec
3210 3696 3452 3752 sibimet-

1883 3791 2043 3860 ipsis,
2083 3788 2224 3860 quod
2271 3790 2463 3843 timere
2501 3788 2733 3844 debeant
2778 3786 3201 3856 deprehendunt,
3253 3793 3307 3839 et
3334 3786 3460 3855 quia

1890 3880 2170 3937 obduratis
2190 3879 2443 3935 cordibus
2454 3880 2661 3944 vivunt,
2690 3878 2833 3947 ipsos
2856 3876 3021 3931 etiam
3044 3891 3181 3946 quos
3205 3885 3463 3947 generant

1880 3970 2020 4025 ﬁlios
2055 3969 2206 4025 nulla
2249 3970 2448 4037 pietate
2496 3967 2663 4022 debiti
2709 3966 2907 4021 amoris
2937 3974 3255 4037 agnoscunt.
3288 3966 3461 4033 Quem

1883 4062 2029 4118 enim
2082 4059 2368 4115 charitatis
2397 4058 2570 4128 gratia
2610 4071 2717 4111 non
2762 4055 3033 4119 infamat,
3065 4064 3124 4109 ut
3152 4056 3458 4126 proximum

1883 4166 2043 4206 suum
2070 4150 2282 4214 doceat,
2307 4147 2516 4203 etiamsi
2543 4146 2656 4216 ipse
2684 4146 2825 4199 hunc
2847 4144 2956 4198 Deo
2982 4145 3167 4214 genuit
3202 4153 3257 4199 et
3278 4153 3461 4204 extra-

1882 4258 2047 4299 neum
2098 4241 2337 4310 respicit,
2367 4249 2426 4293 ut
2474 4237 2714 4308 profecto
2757 4244 2883 4291 sunt
2909 4250 3097 4290 omnes
3140 4236 3454 4306 hypocrita},

1880 4346 2112 4400 quorum
2154 4329 2405 4384 videlicet
2442 4337 2650 4383 mentes
2678 4327 2802 4380 dum
2831 4340 3042 4394 semper
3066 4327 3336 4380 exteriora
3365 4340 3460 4398 ap-

1879 4429 2093 4491 petunt,
2118 4435 2251 4491 erga
2288 4418 2537 4473 affectum
2562 4417 2792 4488 proximi
2820 4415 2961 4469 nulla
2988 4415 3269 4469 charitatis
3309 4428 3457 4468 com-

191 4508 332 4559 mas,
386 4495 513 4550 dum
564 4512 819 4567 perversa
862 4500 1155 4566 insinuant,
1196 4504 1263 4559 ad
1297 4506 1627 4576 impietatem
1676 4526 1779 4565 nu-
1804 4509 1858 4570 D
1882 4512 2135 4582 passione
2162 4508 2566 4566 mollescunt.0
2596 4522 2757 4575 quam
2803 4505 2983 4560 mollia
3032 4506 3240 4561 viscera
3271 4516 3450 4577 gesta-

195 4583 410 4639 triendo
458 4585 801 4642 confirmant.
870 4608 889 4641 ‹
948 4588 1085 4645 Filia
1128 4594 1306 4662 populi
1356 4596 1463 4650 mei
1520 4597 1773 4665 crudelis,

200 4690 221 4725 ι
254 4677 411 4744 quasi
434 4678 668 4733 struthio
694 4680 748 4733 in
778 4678 1013 4735 deserto.
1053 4701 1072 4732 ι
1104 4681 1255 4738 Sicut
1297 4684 1351 4738 in
1379 4685 1567 4753 lamia,
1601 4688 1680 4742 sic
1721 4698 1777 4744 et

194 4765 251 4820 in
270 4767 573 4823 struthione
598 4778 653 4825 et
680 4770 827 4825 ﬁctio
852 4771 1161 4827 immanitas
1186 4773 1539 4829 historialiter
1562 4775 1773 4832 Iudaeo-

194 4871 341 4925 rum,
374 4867 429 4913 et
471 4861 763 4915 secundum
816 4862 1102 4932 mysticum
1150 4878 1367 4918 sensum
1411 4865 1682 4921 simulatio
1720 4876 1774 4922 et

196 4946 567 5006 inhumanitas
612 4951 1016 5022 hypocritarum
1061 4954 1389 5024 designatur,
1443 4956 1535 5024 qui
1574 4956 1776 5025 ﬁngere

196 5041 380 5097 sciunt
406 5043 667 5099 virtutum
692 5059 878 5114 opera,
922 5060 1029 5100 non
1070 5047 1337 5102 veraciter
1363 5062 1543 5118 agere.
1570 5048 1648 5105 De
1673 5050 1777 5105 hoc

197 5130 501 5185 struthione
528 5132 670 5188 inter
690 5134 795 5189 alia
822 5143 874 5190 et
896 5135 949 5189 in
974 5135 1115 5192 libro
1135 5135 1235 5192 Job
1254 5137 1475 5206 legitur:
1499 5156 1519 5189 ι
1555 5137 1775 5195 lndura-

199 5226 292 5274 tur
318 5220 386 5274 ad
413 5220 552 5277 ﬁlios
580 5237 729 5289 suos,
758 5225 912 5293 quasi
943 5240 1052 5280 non
1094 5227 1203 5282 sint
1221 5228 1302 5283 sui
1332 5227 1474 5299 (Job.
1505 5230 1719 5302 xxxix.)
1749 5250 1769 5283 ι

199 5308 429 5365 Frustra
456 5312 740 5381 laboravit,
767 5315 915 5370 nullo
938 5318 1132 5373 timore
1150 5328 1394 5391 cogente.
1417 5320 1668 5375 lndurata
1691 5331 1777 5377 est

199 5408 332 5465 ergo
347 5400 583 5457 crudelis
611 5417 881 5475 synagoga
919 5404 1225 5461 Judaeorum
1265 5418 1454 5463 contra
1503 5409 1773 5477 apostolos

201 5495 258 5544 et
293 5490 675 5557 praedicatores
709 5493 843 5550 Novi
873 5494 1221 5563 Testamenti,
1253 5500 1344 5569 qui
1390 5500 1455 5554 de
1483 5498 1597 5567 ipsa
1617 5507 1773 5569 gente

202 5581 311 5634 nati
348 5580 584 5649 fuerant,
627 5586 779 5653 quasi
809 5602 916 5642 non
945 5596 1127 5643 essent
1150 5588 1233 5644 sui
1254 5588 1371 5655 ﬁlii,
1412 5590 1533 5643 odio
1560 5604 1653 5643 eos
1681 5590 1773 5645 ha-

202 5681 352 5738 bens,
393 5680 448 5727 et
474 5678 733 5729 externos
758 5678 1039 5745 deputans,
1071 5678 1365 5735 crudeliter
1415 5677 1535 5735 illos
1574 5678 1775 5749 ubique

1880 4601 1976 4656 bat
1990 4600 2211 4667 Paulus,
2233 4602 2445 4669 quando
2468 4598 2613 4652 circa
2637 4596 2775 4651 ﬁlios
2788 4610 2914 4650 suos
2938 4605 3088 4650 tanto
3100 4604 3233 4651 testu
3256 4599 3457 4659 amoris

1879 4689 2149 4755 inhiabat,
2181 4689 2365 4744 dicens
2401 4707 2415 4742 :
2454 4705 2475 4739 ι
2535 4686 2687 4741 Nunc
2717 4686 2951 4741 vivimus
2987 4686 3033 4740 si
3080 4701 3174 4741 vos
3219 4689 3374 4750 statis
3399 4689 3453 4752 in

1880 4780 2131 4844 Domino,
2182 4786 2237 4833 et
2281 4777 2434 4833 testis
2460 4785 2542 4831 est
2578 4776 2708 4831 mihi
2742 4776 2904 4838 Deus,
2944 4776 3210 4844 quomodo
3240 4777 3453 4846 cupiam

1880 4884 1978 4924 vos
2030 4882 2221 4924 omnes
2270 4867 2325 4921 in
2378 4865 2678 4921 visceribus
2725 4862 2851 4918 Jesu
2901 4862 3102 4918 Christi
3132 4861 3298 4935 (Phil.
3334 4864 3392 4935 ι).
3428 4884 3448 4917 ι

1881 4958 2139 5015 Romanis
2157 4971 2369 5027 quoque
2397 4956 2473 5010 ait
2498 4974 2509 5008 :
2540 4974 2558 5007 ι
2589 4953 2766 5009 Testis
2788 4954 2920 5008 mihi
2938 4962 3021 5009 est
3041 4954 3201 5019 Deus,
3232 4956 3318 5009 cui
3340 4970 3454 5010 ser-

1880 5050 1967 5104 vio
1998 5050 2053 5103 in
2089 5048 2283 5116 spiritu
2309 5062 2429 5102 meo
2459 5046 2512 5101 in
2542 5044 2833 5116 Evangelia
2856 5045 2976 5099 Filii
3005 5043 3141 5113 ejus,
3168 5045 3311 5115 quod
3334 5046 3454 5102 sine

1879 5139 2277 5195 intermissione
2300 5136 2613 5192 memoriam
2646 5136 2806 5192 vestri
2837 5134 2979 5190 facio
3006 5150 3220 5206 semper
3251 5138 3303 5190 in
3324 5152 3452 5191 ora-

1878 5232 2114 5287 tionibus
2158 5230 2313 5295 meis,
2364 5229 2656 5284 obsecrans
2692 5229 2737 5283 si
2782 5227 3048 5297 quomodo
3098 5228 3314 5295 tandem
3352 5227 3452 5281 ali-

1879 5321 2094 5391 quando
2120 5334 2439 5390 prosperum
2470 5320 2574 5375 iter
2600 5320 2828 5374 habeam
2848 5319 2904 5374 in
2932 5317 3205 5373 voluntate
3234 5318 3329 5373 Dei
3364 5332 3452 5373 ve-

1877 5410 2058 5464 niendi
2096 5410 2165 5465 ad
2196 5425 2291 5465 vos
2322 5427 2334 5463 :
2365 5410 2611 5465 desidero
2640 5411 2783 5464 enim
2802 5409 2987 5465 videre
3002 5424 3097 5465 vos
3132 5408 3388 5481 (Romi).
3423 5426 3444 5462 ι

1878 5503 2126 5571 Ephesiis
2152 5502 2345 5574 quippe
2369 5503 2444 5557 ait
2477 5520 2489 5556 :
2530 5520 2549 5553 ι
2583 5501 2714 5556 Peto
2742 5517 2810 5557 ne
2840 5501 3105 5557 deficiatis
3132 5502 3185 5555 in
3225 5501 3453 5556 tribula-

1879 5592 2116 5647 tionibus
2143 5592 2277 5646 meis
2304 5607 2402 5662 pro
2428 5591 2603 5657 vobis,
2632 5606 2752 5660 quae
2769 5600 2855 5646 est
2867 5590 3035 5660 gloria
3066 5600 3244 5646 vestra
3287 5589 3446 5661 (Eph.

1879 5697 1940 5736 ιιι
1966 5681 2004 5763 ὶγ.
2038 5699 2057 5734 ι
2088 5680 2228 5736 Ecce
2256 5682 2308 5736 in
2335 5682 2678 5765 tribulatione
2700 5683 2909 5754 positus
2954 5682 3088 5739 alios
3137 5684 3452 5739 exhortatur
