3952 6316
505 310 638 370 1251

1147 311 1207 368 Β.
1247 313 1501 369 RABANI
1535 313 1757 371 MAURI
1794 312 2114 368 ARCHIEP.
2144 304 2466 395 MOGUNT.
2510 312 2795 370 OPERUM
2834 296 3011 372 PARS
3046 316 3130 372 ΙΙΙ.

3652 319 3785 373 Β..ἷή

498 428 619 482 etin
647 427 751 481 hoc
780 427 925 497 quod
956 427 1071 498 ipse
1093 426 1344 493 sustinet,
1376 427 1513 483 alios
1539 429 1778 483 roborat.
1800 424 1916 481 Non
1937 427 2084 482 enim
2112 430 2161 493 Α
2189 424 2350 481 fortia
2372 434 2427 481 et
2448 428 2660 483 occulta
2683 443 3034 500 cognoscere,
3066 431 3362 487 multorum
3391 445 3530 487 vero
3551 430 3789 487 historia

498 516 734 571 filiorum
764 532 987 573 suorum
1018 531 1167 572 more
1217 518 1584 573 struthionum
1633 517 1811 572 fuerat
1862 518 2085 585 oblitus,

2192 525 2377 586 aperta
2418 519 2641 581 sentire;
2672 521 2873 576 ideirco
2902 521 3096 576 Judzea:
3132 524 3341 581 nobiles
3384 542 3498 581 non
3541 526 3649 589 siti,
3690 525 3785 580 sed

497 608 592 663 sed
626 608 902 663 metuebat
929 609 1092 663 nimis
1126 625 1195 665 ne
1222 610 1340 680 ejus
1372 609 1619 683 discipuli
1649 610 1703 663 in
1734 610 2090 680 praedicatore
2191 604 2333 662 fame
2363 606 2612 661 interisse
2640 610 2855 673 asserit,
2883 612 3007 679 quia
3038 612 3091 665 hi
3119 612 3208 681 qui
3256 629 3497 682 pncesse
3526 614 3786 669 videban-

496 714 596 753 suo
628 706 707 753 tot
732 700 1172 769 persecutionum
1202 702 1399 773 probra
1414 711 1720 767 cernentes,
1748 701 1910 757 fidem
1943 703 1996 757 in
2022 719 2088 759 eo

2195 710 2302 768 tur,
2322 704 2453 758 dum
2481 710 2622 755 totos
2645 715 2703 756 se
2726 702 2778 755 in
2810 704 3071 758 exteriori
3092 704 3471 775 intelligentiae
3498 709 3785 780 dederant,

494 785 857 856 despicerent,
883 799 1073 845 contra
1098 805 1261 861 quem
1289 792 1587 846 innumera:
1618 792 1927 862 passionum
1958 810 2089 849 con-
2188 796 2333 867 quod
2377 795 2443 850 de
2473 795 2680 850 intimis
2729 793 3013 868 [minimis]
3042 796 3384 854 discutienda
3435 804 3782 871 mandarent,

496 878 731 934 tumelias
754 880 1135 950 praevalerent,
1184 891 1240 937 et
1291 882 1496 938 ideirco
1545 886 1727 940 minus
1765 879 1982 941 dolebat
2009 887 2085 941 .in

492 970 799 1036 tormentis,
832 973 926 1027 sed
953 973 1129 1044 magis
1174 972 1301 1028 ﬁliis
1328 973 1395 1029 de
1427 982 1822 1031 tormentorum
1859 993 2084 1034 suorum

492 1061 790 1116 tentatione
841 1064 1137 1120 metuebat.
1189 1064 1624 1137 Parvipende‘bat
1678 1068 1732 1123 in
1789 1084 1848 1124 se
1896 1070 2082 1143 plagas

490 1156 754 1224 corporis,
788 1157 917 1211 dum
935 1156 1250 1214 formidaret
1279 1159 1333 1215 in
1363 1160 1489 1217 filiis
1523 1163 1932 1234 plagas'c'ordis.
1964 1166 2083 1237 Ipse

488 1248 743 1316 patiendo
764 1250 1097 1319 suscipiebat
1123 1252 1346 1307 vulnera
1372 1263 1797 1320 tormentorum;
1826 1257 1920 1321 sed
1942 1257 2083 1314 filios

490 1339 826 1394 consolando
894 1341 1121 1395 curabat
1181 1342 1407 1398 vulnera
1471 1346 1735 1399 cordium.
1782 1345 2081 1403 Pensemus

485 1442 617 1499 ergo
654 1429 808 1499 cujus
866 1432 1151 1487 charitatis
1200 1432 1363 1489 fuerit
1400 1434 1544 1489 inter
1570 1436 1787 1493 dolores
1832 1440 2082 1507 proprios

488 1520 611 1575 aliis
644 1521 911 1587 timuisse,
934 1538 1224 1593 pensemus
1251 1522 1404 1591 cujus
1438 1526 1722 1582 charitatis
1750 1528 1820 1582 sit
1844 1528 2079 1583 ﬁliorum

485 1610 719 1665 salutem
760 1612 903 1668 inter
927 1628 1023 1667 sua
1054 1612 1384 1668 detrimenta
1425 1616 1722 1685 requirere,
1772 1626 1828 1672 et
1878 1627 2081 1674 statum

485 1702 684 1755 nientis
713 1702 769 1756 in
796 1703 1062 1771 proximis
1089 1704 1259 1759 etiam
1309 1714 1366 1761 et
1414 1722 1511 1762 sua
1564 1707 1866 1777 dejectione
1897 1720 2080 1766 custo-

2188 903 2296 943 non
2336 886 2626 943 habebant.

2261 978 2407 1033 That.
2443 998 2462 1030 ι
2512 976 2614 1044 Qui
2678 976 3033 1032 vescebantur
3079 978 3397 1050 voluptuose
3450 979 3783 1039 interierunt

2192 1089 2211 1122 ι
2244 1067 2298 1124 ἰη
2328 1070 2453 1134 viis;
2479 1069 2571 1138 qui
2603 1066 2981 1123 nutriebantur
3002 1067 3059 1121 in
3081 1069 3308 1134 croceis,
3333 1070 3629 1139 amplexati
3657 1082 3785 1127 sunt

2185 1162 2450 1214 stercora.
2487 1178 2506 1210 ›
2544 1155 2835 1228 (ΜΑυιιυε.)
2874 1157 2975 1225 Qui
3003 1166 3130 1213 sunt
3170 1157 3245 1212 illi
3292 1158 3385 1229 qui
3419 1162 3782 1216 vescebantur

2184 1248 2520 1317 voluptuose,
2546 1246 2650 1301 nisi
2683 1247 2782 1316 ipsi
2804 1245 2996 1311 Judazi,
3027 1248 3117 1317 qui
3152 1262 3367 1319 semper
3396 1252 3633 1305 terrenis
3656 1265 3783 1305 eon-

2185 1340 2531 1409 cnpiscentiis
2571 1347 2625 1393 et
2667 1339 2847 1393 saeculi
2894 1339 3257 1407 voluptatibus
3284 1333 3451 1396 dediti
3494 1352 3689 1409 erant,
3723 1351 3783 1399 et

2185 1447 2286 1502 pro
2314 1432 2433 1486 cibo
2470 1440 2525 1486 et
2566 1440 2693 1499 potu
2737 1429 2931 1499 sacpius
2955 1434 3388 1495 murmurabant,
3433 1431 3678 1499 dicentes
3708 1432 3780 1489 ad

2186 1521 2367 1577 Mosen
2417 1538 2429 1574 :
2482 1540 2499 1572 ι
2529 1521 2757 1589 ,Bevera
2809 1519 3097 1575 induxistis
3136 1536 3235 1575 nos
3284 1522 3337 1575 in
3396 1531 3605 1578 terram
3655 1539 3779 1595 qua

2184 1616 2303 1671 ﬂuit
2336 1616 2467 1669 rivis
2490 1614 2646 1670 lactis
2674 1623 2727 1668 et
2753 1613 2947 1678 meilis,
2988 1623 3043 1668 et
3072 1612 3265 1668 dedisti
3292 1615 3449 1670 nobis
3486 1616 3781 1684 possessio-

2183 1724 2282 1764 nes
2332 1723 2586 1779 agrorum
2642 1715 2698 1761 et
2726 1706 3010 1759 vinearum
3040 1703 3233 1776 (Num.
3266 1706 3399 1776 xvi).
3436 1724 3455 1756 ›
3491 1706 3559 1760 Et
3587 1707 3716 1761 item
3756 1726 3771 1760 :

485 1791 623 1847 dire.
655 1791 763 1848 Sed
791 1794 909 1848 haec
934 1793 1234 1865 hypocrita:
1260 1796 1545 1851 charitatis
1567 1800 1777 1853 viscera
1806 1799 2077 1865 nesciunt,
2108 1800 2156 1867 Β
2190 1816 2209 1848 ι
2243 1799 2376 1864 Quis
2393 1796 2563 1859 dabit,
2595 1816 2613 1847 ι
2650 1796 2844 1864 inquit,
2873 1813 2892 1845 ι
2922 1794 3078 1853 nobis
3104 1798 3172 1848 ad
3202 1797 3530 1851 vescendum
3546 1799 3774 1852 carnes?

484 1882 613 1952 quia
654 1896 844 1937 eorum
894 1898 1049 1938 mens
1098 1892 1303 1954 quanto
1346 1900 1445 1956 per
1476 1888 1663 1942 mundi
1690 1888 2077 1956 concupiscen-

482 1973 617 2031 tiam
654 1974 710 2029 in
739 1975 1015 2029 exteriora
1044 1976 1356 2042 resolvitur,
1408 1986 1557 2032 tanto
1601 1994 1701 2048 per
1733 1978 2076 2034 affectionem

484 2080 638 2123 suam
666 2066 898 2121 interius
928 2066 1250 2133 obduratur,
1281 2076 1337 2123 et
1365 2084 1598 2139 corpore
1630 2068 1928 2124 insensibili
1977 2068 2075 2123 fri-

479 2158 652 2230 gescit
692 2157 1038 2224 intrinsecus,
1078 2158 1206 2229 quia
1246 2173 1432 2213 amore
1479 2160 1775 2214 damnabili
1812 2159 2081 2214 mollescit

480 2246 636 2314 foris,
660 2262 827 2317 seque
844 2252 1018 2318 ipsam
1050 2248 1399 2304 considerare
1426 2266 1535 2304 non
1565 2249 1728 2315 valet,
1769 2250 1895 2318 quia
1930 2249 2078 2321 cogi-

482 2349 600 2393 tare
643 2356 700 2395 se
732 2340 956 2394 minime
982 2341 1179 2405 studet,
1210 2340 1449 2411 cogitare
1478 2354 1609 2395 vero
1637 2356 1696 2395 se
1724 2358 1833 2394 non
1874 2351 2074 2411 potest,

479 2431 607 2500 quia
644 2438 755 2486 tota
789 2430 933 2499 apud
960 2431 1314 2500 semetipsam
1344 2446 1453 2485 non
1481 2438 1582 2485 est.
1631 2430 1766 2485 Tota
1795 2446 1926 2485 vero
1955 2446 2078 2486 esse

478 2521 623 2591 apud
650 2522 1000 2590 semetipsam
1024 2536 1130 2574 non
1166 2520 1383 2586 sufﬁcit,
1417 2522 1542 2591 quia
1573 2536 1668 2591 per
1696 2531 1828 2592 quot
1878 2536 2080 2577 concu-

490 2611 787 2680 piscentias
819 2611 1045 2682 rapitur,
1065 2628 1163 2681 per
1187 2621 1267 2666 tot
1294 2628 1323 2666 a
1352 2613 1640 2682 semetipsa
1670 2614 1878 2683 species
1912 2614 2073 2670 dissi-

490 2710 943 2773 patur,etsparsa
971 2703 1024 2755 in
1040 2704 1242 2757 inﬁmis
1258 2705 1424 2773 jacet,
1452 2719 1572 2773 quin
1595 2704 1819 2761 collecta
1846 2706 1892 2761 si
1922 2707 2080 2762 vellet

494 2793 562 2847 ad
589 2809 801 2848 summa
832 2804 1203 2865 consurgeret.
1238 2795 1391 2853 Unde
1412 2794 1686 2864 justorum
1728 2813 1903 2863 mens,
1950 2800 2077 2869 quia

483 2897 585 2954 per
624 2886 928 2939 custodiam
978 2883 1276 2956 disciplina:
1322 2904 1351 2940 a
1394 2897 1716 2944 cunctorum
1780 2890 2074 2945 visibilium

480 2974 625 3029 ﬂuxu
642 2978 884 3045 appetitu
909 2975 1287 3047 confringitur,
1309 2978 1531 3033 collbeta
1554 2980 1695 3048 apud
1728 2980 2075 3049 semetipsam

481 3066 815 3123 intrinsecus
860 3068 1181 3140 integratur,
1229 3068 1511 3139 qualisque
1561 3071 1673 3125 Deo
1715 3070 1800 3125 vel
1826 3060 2073 3140 proximo

2179 1885 2550 1943 Recordamur
2581 1885 2809 1954 piscium
2858 1882 3435 1955 quos'comedebamus
3458 1887 3515 1941 in
3538 1886 3773 1959 Egypto

2141 1986 2143 1990 ‘
2181 1978 2364 2047 gratis,
2396 1978 2451 2035 in
2486 1982 2716 2031 mentem
2747 1975 2901 2029 nobis
2931 1976 3154 2031 veniunt
3187 1992 3506 2034 cucumeres
3527 1989 3582 2034 et
3613 1995 3775 2049 pepo-

2184 2081 2302 2130 nes,
2328 2066 2561 2136 porrigas
2581 2075 2634 2121 et
2658 2080 2802 2134 cepas
2823 2073 2879 2118 et
2898 2066 3043 2120 allia.
3067 2066 3263 2121 Anima
3285 2078 3474 2123 nostra
3497 2070 3648 2123 arida
3670 2080 3769 2129 est.

2183 2155 2317 2209 nihil
2352 2154 2497 2209 aliud
2524 2154 2817 2225 respiriunt
2858 2155 3000 2210 oculi
3052 2158 3226 2212 nostri
3272 2159 3380 2213 nisi
3414 2176 3541 2214 man
3580 2160 3768 2230 (Nam.

2183 2244 2289 2316 xi.)
2319 2264 2337 2297 ι
2366 2264 2384 2296 ι
2418 2244 2523 2315 Ipsi
2547 2245 2873 2301 interierunt
2900 2246 2955 2300 in
2982 2246 3105 2312 viis,
3144 2267 3164 2301 ι
3193 2249 3321 2319 quia
3347 2250 3404 2303 in
3429 2250 3541 2304 lata
3566 2263 3622 2305 et
3652 2268 3771 2321 spa-

2182 2337 2321 2391 tiosa
2352 2337 2460 2401 via,
2492 2352 2612 2406 quae
2651 2336 2801 2391 ducit
2844 2338 2911 2391 ad
2938 2347 3195 2404 mortem,
3231 2342 3584 2395 exterminati
3625 2353 3766 2407 sunt,

2187 2443 2206 2476 ι
2234 2425 2304 2479 Ει
2352 2426 2445 2495 qui
2499 2425 2882 2481 nutriebantur
2910 2427 2965 2482 in
3005 2429 3234 2495 croceis,
3290 2430 3593 2500 amplexati
3651 2443 3771 2486 sunt

2184 2526 2447 2583 stercora,
2486 2536 2504 2569 ι
2536 2532 2659 2571 cum
2688 2534 2886 2571 vanam
2918 2519 3073 2573 istius
3102 2520 3285 2574 mundi
3316 2538 3579 2592 pompam
3616 2539 3770 2593 appe-

2183 2616 2380 2673 tentes,
2420 2615 2475 2662 et
2526 2608 2845 2664 historicam
2892 2608 3240 2665 traditionem
3282 2608 3419 2682 legis
3458 2622 3765 2682 sequentes,

2182 2697 2481 2769 Spiritalem
2536 2694 2945 2765 intelligentiam
2981 2699 3331 2767 spernebant,
3370 2700 3424 2753 in
3468 2701 3589 2771 ipso
3616 2711 3765 2755 exte-

2184 2788 2329 2841 riore
2357 2780 2553 2841 fmtore
2580 2786 3008 2856 squalescebant.
3043 2788 3195 2854 Quod
3223 2788 3369 2843 enim
3404 2800 3564 2845 vetus
3588 2793 3770 2847 obser-

2185 2876 2373 2930 vantia
2397 2878 2845 2930 caeremoniarum
2872 2876 3013 2948 legis
3036 2881 3373 2933 stercoribus
3404 2892 3768 2951 comparetur,

2178 2970 2415 3025 ostendit
2440 2956 2636 3024 Paulus
2662 2969 2849 3024 dicens
2883 2988 2897 3024 :
2928 2989 2946 3022 ‹
2977 2970 3107 3037 Quae.
3131 2984 3261 3042 ergo
3290 2972 3424 3026 mihi
3449 2970 3671 3028 fuerunt
3691 2974 3771 3029 lu-

2178 3076 2293 3126 cra,
2334 3068 2556 3131 propter
2603 3059 2877 3115 Christum
2922 3060 3226 3117 arbitratus
3276 3078 3397 3116 sum
3434 3072 3496 3117 ut
3526 3073 3772 3121 stercora

477 3174 601 3214 esse
625 3159 819 3213 debeat
859 3157 1017 3227 plene
1057 3172 1116 3213 se
1154 3158 1441 3228 conspicit,
1473 3160 1599 3229 quia
1628 3160 1763 3213 nihil
1793 3176 1950 3215 suum
1975 3177 2070 3216 ex-

2179 3148 2343 3222 (Phtl.
2362 3152 2466 3221 in).
2480 3149 2863 3220 iTrOpologiee
2875 3165 3004 3206 vero
3019 3151 3329 3223 quicunque
3349 3156 3645 3210 avaritiam
3667 3166 3774 3210 tier-

478 3248 649 3304 terius
674 3246 1020 3317 derelinquit,
1053 3256 1109 3302 et
1136 3258 1341 3319 quanto
1374 3250 1441 3304 ab
1466 3252 1831 3307 exterioribus
1860 3253 2070 3309 abstra-

476 3344 564 3392 cta
595 3337 947 3405 conspicitur,
981 3345 1132 3393 tanto
1162 3348 1319 3394 aucta
1343 3341 1399 3394 in
1425 3341 1631 3396 intimis
1674 3342 2064 3411 inflammatur,

476 3434 531 3480 et
558 3441 665 3494 quo
695 3428 868 3499 magis
896 3429 1075 3497 ardet,
1106 3445 1172 3486 eo
1200 3432 1269 3486 ad
1308 3431 1757 3502 deprehendenda
1788 3434 1919 3490 vitia
1956 3451 2071 3491 am-

476 3516 619 3587 plius
648 3516 811 3573 lucet.

552 3606 761 3660 Daleth.
782 3625 802 3658 ι
824 3607 1064 3664 Adhaasit
1086 3606 1267 3683 lingua
1297 3612 1548 3669 laetantis
1576 3616 1644 3671 ad
1668 3616 1926 3686 palatium
1954 3618 2071 3688 ejus

482 3714 501 3747 ι
535 3696 591 3751 in
624 3699 739 3764 siti,
780 3702 991 3768 parvuli
1020 3704 1297 3771 petierunt
1326 3708 1563 3777 'panem,
1595 3717 1782 3764 etnon
1820 3719 1941 3766 erat
1977 3714 2068 3781 qui

482 3802 500 3836 ι
546 3784 824 3857 frangeret
846 3790 947 3844 eis.
985 3810 1003 3841 ›
1039 3790 1153 3847 Hoc
1203 3804 1328 3848 nota
1360 3796 1517 3865 juxta
1569 3798 1874 3866 historiam,
1908 3803 2071 3877 quod

478 3875 742 3933 lactantes
772 3889 937 3950 atque
965 3884 1177 3951 parvuli
1217 3885 1450 3942 infantes
1475 3888 1785 3945 Judazorum
1823 3875 2067 3948 destituti

486 3974 721 4017 matrum
762 3976 924 4035 atque
946 3970 1213 4024 nutricum
1249 3973 1457 4037 solatio,
1496 3974 1635 4030 fatue
1661 3985 1715 4030 et
1738 3979 1827 4032 siti
1858 3979 2073 4052 lab‘ora-

480 4056 685 4119 vel-int;
711 4056 868 4128 juxta
898 4058 1210 4128 allegoriam
1240 4077 1368 4117 vero
1403 4065 1689 4135 significat,
1719 4072 1863 4137 quod
1902 4070 1954 4122 hi
1974 4071 2069 4139 qui

483 4145 686 4201 infirmi
726 4148 901 4203 adhuc
952 4160 1077 4204 sunt
1130 4153 1423 4219 intellectu,
1474 4164 1527 4210 et
1573 4158 1754 4212 min'us
1803 4159 1963 4214 validi
2000 4162 2069 4216 ad

479 4236 891 4305 percipiendum
916 4233 1197 4295 fortiorem
1224 4227 1423 4310 cibum,
1454 4247 1703 4314 qualibus
1742 4249 1817 4302 ait
1840 4249 2069 4320 Aposto—

475 4321 561 4379 lus
588 4325 638 4397 (‘I
657 4324 781 4381 Cor.
815 4329 899 4399 tn)
920 4347 933 4382 :
958 4346 993 4380 ε’
1014 4329 1123 4385 Lac
1148 4334 1297 4387 vobis
1325 4332 1656 4405 dedipotum
1701 4355 1809 4394 non
1861 4355 2065 4408 escam,

476 4417 717 4470 nondum
755 4419 901 4472 enim
946 4424 1227 4490 poteratis,
1262 4426 1355 4479 sed
1384 4442 1485 4482 nec
1510 4430 1687 4487 adhuc
1718 4432 1934 4501 quidem
1973 4449 2068 4504 po-

478 4506 659 4572 testis,
698 4527 716 4557 ι
750 4508 956 4580 (Greg.)
988 4522 1211 4582 propter
1235 4514 1489 4572 inertiam
1516 4531 1570 4573 et
1598 4521 1860 4576 desidiam
1875 4525 2067 4580 docto-

478 4613 621 4662 rum,
651 4600 916 4670 spiritalis
938 4603 1304 4672 intelligentia:
1337 4619 1527 4664 carent
1556 4611 1832 4668 alimento.
1880 4634 1898 4667 ι
1934 4615 2066 4672 Par-

475 4690 606 4757 vuli,
639 4711 657 4743 »
700 4693 895 4764 inquit,
935 4713 953 4746 ι
995 4698 1269 4764 petierunt
1307 4716 1523 4771 panem,
1568 4714 1623 4757 et
1670 4721 1776 4761 non
1802 4717 1922 4761 erat
1973 4710 2066 4778 qui

478 4780 754 4853 frangeret
783 4787 884 4850 eis,
924 4807 942 4839 ι
978 4788 1032 4841 id
1058 4798 1165 4867 est,
1190 4792 1391 4847 infirmi
1420 4796 1620 4865 quique
1644 4796 1939 4867 Scriptura:
1974 4816 2066 4855 sa-

479 4888 587 4927 em:
618 4874 871 4931 fortiores
916 4866 1217 4936 sententias
1276 4884 1551 4951 petierunt
1595 4887 1696 4941 sibi
1745 4866 2064 4958 exponendo

480 4969 796 5033 eotnminui,
826 4971 920 5025 sed
945 4974 1037 5041 qui
1060 4988 1333 5044 exponere
1359 4978 1572 5033 studeat
1600 4994 1706 5033 non
1748 4981 1889 5034 valet
1919 4986 2067 5036 inve-

480 5059 607 5114 niri.
641 5056 832 5115 Potum
862 5063 1014 5130 vidit,
1056 5064 1390 5137 Scripturam
1423 5084 1629 5124 sacram
1656 5072 1916 5140 propheta
1944 5088 2066 5126 eum

482 5152 687 5208 diceret
719 5171 732 5206 :
765 5172 783 5204 ι
824 5152 1024 5210 Omnes
1073 5156 1341 5225 sitientes,
1378 5161 1560 5217 venite
1612 5162 1677 5216 ad
1730 5177 1895 5230 aquas
1929 5161 2064 5233 (lsa.

482 5243 593 5315 LV).
631 5262 652 5295 ι
686 5243 745 5298 Si
772 5254 931 5316 potus
982 5249 1157 5319 aperti
1210 5252 1409 5306 mundo
1460 5267 1566 5308 non
1612 5262 1813 5319 essent,
1858 5268 1954 5322 per
1984 5268 2071 5309 se-

482 5335 767 5405 metipsam
802 5337 1012 5393 Veritas
1040 5356 1147 5397 non
1169 5341 1433 5398 clamaret
1461 5362 1473 5398 :
1507 5365 1525 5396 ι
1561 5346 1619 5401 Si
1645 5346 1767 5415 quis
1798 5347 1933 5412 sitit,
1973 5362 2065 5402 ve-

485 5424 597 5477 niat
618 5424 686 5479 ad
711 5439 798 5479 me
819 5435 872 5481 et
903 5427 1379 5504 bibat(Joan.vn).
1413 5453 1431 5485 ι
1464 5432 1626 5500 Quasi
1651 5435 1831 5489 cibum
1876 5444 1932 5490 et
1961 5450 2063 5507 po-

486 5519 602 5565 tum
621 5526 745 5568 esse
772 5514 1042 5572 intellexit
1069 5523 1327 5590 propheta
1353 5522 1552 5580 Iudam:
1576 5524 1812 5581 defuisse
1836 5541 1959 5582 eum
1987 5528 2067 5583 di-

486 5613 634 5661 ceret
672 5627 685 5661 :
716 5629 735 5659 (
766 5609 980 5667 Nobiles
1000 5612 1117 5683 ejus
1147 5613 1467 5672 interierunt
1483 5618 1658 5685 lenne,
1700 5626 1753 5674 et
1778 5620 2067 5676 multitudo

484 5698 597 5768 ejus
646 5703 737 5760 siti
775 5707 987 5764 exaruit
1027 5706 1161 5778 (15a.
1220 5712 1295 5780 ν).
1336 5730 1355 5763 ›
1395 5711 1693 5770 Paucorum
1743 5712 1941 5783 quippe
1981 5721 2069 5769 est

2093 4480 2145 4540 D

2174 3258 2383 3306 renum,
2411 3250 2467 3296 et
2522 3242 2753 3299 delicias
2797 3243 3135 3313 voluptatum
3172 3254 3413 3311 secutus,
3444 3248 3589 3301 viain
3611 3248 3773 3304 istius

2171 3335 2297 3389 vitae
2344 3333 2681 3389 iucorrectus
2724 3334 3046 3405 expleverit,
3096 3351 3204 3391 non
3252 3337 3323 3392 ad
3375 3348 3594 3394 aeternae
3644 3344 3775 3396 vita:

2172 3422 2391 3495 gaudia,
2455 3424 2552 3479 sed
2593 3423 2661 3478 ad
2702 3422 3006 3481 foeditatem
3058 3439 3347 3496 poenarum
3404 3439 3775 3497 perventurus

2171 3514 2297 3570 erit.

2252 3604 2387 3659 γαπ.
2424 3623 2445 3657 ι
2471 3606 2539 3661 Et
2562 3604 2732 3674 maior
2778 3607 2971 3663 effecta
3017 3619 3103 3665 est
3137 3610 3403 3680 iniquitas
3424 3614 3603 3682 populi
3662 3616 3778 3670 mei

2177 3717 2197 3751 ι
2231 3706 2456 3767 peccato
2499 3696 2885 3764 Sodomorum,
2928 3715 3049 3769 quae
3104 3700 3365 3756 subversa
3420 3712 3506 3757 est
3552 3705 3606 3757 in
3659 3721 3779 3760 uno

2177 3807 2196 3841 ι
2220 3780 2514 3854 momento,
2552 3796 2606 3842 et
2638 3803 2745 3843 non
2782 3798 3043 3859 ceperunt
3082 3791 3137 3843 in
3171 3806 3236 3845 ea
3281 3807 3494 3847 manus.
3526 3813 3544 3845 ι
3586 3793 3780 3863 Major

2174 3894 2302 3949 ergo
2366 3877 2555 3934 effecta
2612 3888 2700 3935 est
2728 3878 2986 3949 iniquitas
3038 3881 3225 3951 populi
3266 3880 3573 3937 Judaeorum
3631 3901 3778 3954 pec-

2172 3982 2294 4025 cato
2371 3962 2767 4034 Sodomorum,
2828 3970 2951 4039 quia
3014 3970 3092 4024 illi
3150 3975 3521 4028 tantummodo
3582 3974 3778 4045 legem

2172 4061 2495 4127 naturalem,
2540 4061 2628 4115 isti
2674 4069 2857 4115 autem
2920 4070 2977 4116 et
3029 4062 3334 4118 naturalem
3392 4073 3448 4119 et
3494 4068 3777 4134 scriptam

2173 4152 2500 4222 transgressi
2548 4161 2695 4217 sunt,
2746 4153 2992 4209 videntes
3046 4140 3317 4211 mirabilia
3373 4157 3491 4223 Dei,
3527 4168 3581 4212 et
3640 4162 3779 4216 cibo

2170 4241 2377 4297 caalesti
2428 4243 2588 4313 pasti,
2646 4242 2843 4314 ingrati
2897 4259 3112 4314 semper
3165 4246 3282 4313 ejus
3326 4248 3601 4304 beneﬂciis
3674 4268 3778 4306 ex-

2170 4332 2445 4386 stiterunt.
2495 4332 2649 4387 Unde
2674 4340 2729 4386 et
2773 4339 3021 4387 doctores
3060 4350 3248 4390 eorum
3273 4354 3381 4393 non
3411 4348 3683 4409 ceperunt
3718 4342 3775 4398 in

2170 4426 2250 4479 eis
2276 4440 2467 4479 manus
2496 4442 2508 4478 :
2542 4426 2633 4495 qui
2660 4425 2955 4495 condignos
2978 4426 3180 4483 laboris
3210 4431 3290 4483 sui
3316 4432 3368 4483 in
3394 4432 3524 4500 ipsis
3547 4448 3658 4487 non
3688 4436 3775 4489 in-

2170 4524 2434 4570 venerunt
2479 4515 2706 4570 fructus.
2772 4515 2907 4570 Nam
2960 4519 3133 4588 ipsum
3192 4520 3553 4591 legislatorem
3596 4541 3769 4579 suum

2170 4605 2356 4662 Mosen
2384 4606 2632 4676 plurimis
2664 4607 2915 4661 convitiis
2958 4608 3334 4675 irritaverant,
3374 4621 3429 4665 et
3464 4616 3768 4683 prophetas

2168 4700 2265 4755 Dei
2292 4699 2359 4753 ad
2385 4714 2444 4753 se
2472 4699 2665 4752 missos
2695 4700 2967 4766 persecuti
2997 4710 3161 4754 sunt:
3190 4703 3485 4758 novissime
3517 4720 3647 4760 vero
3678 4708 3763 4776 ip-

2167 4808 2284 4847 sum
2312 4789 2603 4855 lueredcm,
2636 4790 2739 4844 hoc
2762 4799 2863 4853 est,
2893 4791 3224 4861 unigenitum
3254 4792 3451 4848 Filium
3480 4794 3661 4851 Patris
3694 4800 3763 4851 ad

2168 4896 2227 4936 se
2254 4882 2562 4935 venientem
2605 4889 2662 4934 ut
2686 4895 2779 4935 eos
2809 4874 3046 4935 salvaret
3081 4892 3136 4935 et
3187 4884 3255 4938 ab
3302 4899 3492 4938 errore
3516 4886 3759 4957 corrige-

2169 4973 2651 5046 ret,spernebant,
2693 4982 2748 5027 et
2790 4972 3019 5029 diversis
3063 4972 3347 5029 calumniis
3383 4976 3755 5046 insequentes,

2169 5066 2237 5120 ad
2266 5045 2572 5121 extremum
2600 5082 2696 5136 per
2716 5067 2973 5121 invidiam
2999 5067 3333 5123 occiderunt.
3380 5068 3623 5136 Qualiter
3654 5088 3753 5127 au-

2136 5208 2137 5211 η
2170 5167 2277 5212 tem
2311 5158 2570 5228 iniquitas
2598 5156 2906 5212 Judaeorum
2942 5159 3116 5229 major
3140 5160 3211 5214 sit
3235 5168 3462 5229 peccato
3491 5159 3755 5216 Sodomo—

2170 5265 2312 5315 rum,
2360 5249 2598 5304 ostendit
2621 5248 2975 5318 Evangelium
3019 5251 3111 5305 ubi
3152 5250 3225 5305 ita
3266 5251 3465 5321 legitur
3496 5268 3509 5303 :
3540 5270 3559 5302 ι
3598 5250 3754 5307 Tunc

2171 5342 2334 5411 carpit
2360 5340 2519 5397 Jesus
2539 5342 2871 5411 exprobrare
2907 5342 3240 5409 civitatibus,
3264 5346 3320 5398 in
3349 5345 3548 5413 quibus
3594 5344 3751 5401 facta:

2171 5442 2297 5490 sunt
2320 5434 2565 5503 plurima:
2586 5434 2813 5489 virtutes
2838 5435 2978 5506 ejus,
3007 5436 3134 5505 quia
3166 5451 3275 5490 non
3312 5437 3555 5507 egissent
3580 5437 3752 5507 peni-

2174 5526 2429 5579 tentiam:
2461 5525 2583 5582 «Vae
2608 5523 3129 5590 tibi,Corozaim,vae
3155 5524 3600 5590 tibi,Bethsaida,
3626 5527 3752 5596 quia

2172 5617 2219 5672 si
2242 5618 2295 5672 in
2327 5615 2470 5687 Tyro
2499 5625 2553 5670 et
2575 5606 2775 5672 Sidone
2800 5617 2958 5672 facta:
2992 5615 3223 5695 fuissent
3258 5617 3493 5672 virtutes
3519 5631 3643 5687 qua:
3676 5616 3754 5668 fa-

2172 5716 2274 5765 cta:
2300 5716 2426 5765 sunt
2466 5709 2521 5764 in
2550 5710 2723 5775 vobis,
2770 5709 2899 5766 olim
2924 5708 2983 5765 in
3002 5707 3182 5767 cilicio
3204 5719 3263 5765 et
3290 5710 3477 5767 cinere
3493 5708 3758 5779 pteniteu-
