  <div class='ocr_page' id='page_1' title='image "/cluster/home/n/w/nwhite01/storage/ocr_20150623/111/uva.x000827067/634.png"; bbox 0 0 3952 6316; ppageno 0'>
   <div class='ocr_carea' id='block_1_1' title="bbox 174 302 353 377">
    <p class='ocr_par' dir='ltr' id='par_1_1' title="bbox 174 302 353 377">
     <span class='ocr_line' id='line_1_1' title="bbox 174 302 353 377; baseline 0.011 -20"><span class='ocrx_word' id='word_1_1' title='bbox 174 302 353 377; x_wconf 56' lang='grc' dir='ltr'><strong>,ηδε</strong></span> 
     </span>
    </p>
   </div>
   <div class='ocr_carea' id='block_1_2' title="bbox 1128 300 2592 365">
    <p class='ocr_par' dir='ltr' id='par_1_2' title="bbox 1128 300 2592 365">
     <span class='ocr_line' id='line_1_2' title="bbox 1128 300 2592 365; baseline 0.005 -8"><span class='ocrx_word' id='word_1_2' title='bbox 1128 301 1495 359; x_wconf 78' lang='lat' dir='ltr'><strong>EXPOSITIO</strong></span> <span class='ocrx_word' id='word_1_3' title='bbox 1535 302 1763 360; x_wconf 78' lang='lat' dir='ltr'>SUPER</span> <span class='ocrx_word' id='word_1_4' title='bbox 1799 300 2162 359; x_wconf 76' lang='lat' dir='ltr'><strong>JEREMIAM.</strong></span> <span class='ocrx_word' id='word_1_5' title='bbox 2201 335 2273 345; x_wconf 98' lang='lat'><strong>—</strong></span> <span class='ocrx_word' id='word_1_6' title='bbox 2310 306 2436 361; x_wconf 83' lang='lat' dir='ltr'><strong>LIB.</strong></span> <span class='ocrx_word' id='word_1_7' title='bbox 2470 307 2592 365; x_wconf 83' lang='lat' dir='ltr'><strong>XX.</strong></span> 
     </span>
    </p>
   </div>
   <div class='ocr_carea' id='block_1_3' title="bbox 3334 315 3472 373">
    <p class='ocr_par' dir='ltr' id='par_1_3' title="bbox 3334 315 3472 373">
     <span class='ocr_line' id='line_1_3' title="bbox 3334 315 3472 373; baseline 0.051 -7"><span class='ocrx_word' id='word_1_8' title='bbox 3334 315 3472 373; x_wconf 71' lang='grc'><strong>1254</strong></span> 
     </span>
    </p>
   </div>
   <div class='ocr_carea' id='block_1_4' title="bbox 212 415 3475 492">
    <p class='ocr_par' dir='ltr' id='par_1_4' title="bbox 212 415 3475 492">
     <span class='ocr_line' id='line_1_4' title="bbox 212 415 3475 492; baseline 0.003 -20"><span class='ocrx_word' id='word_1_9' title='bbox 212 420 343 472; x_wconf 86' lang='lat' dir='ltr'><strong>tiam</strong></span> <span class='ocrx_word' id='word_1_10' title='bbox 364 417 622 487; x_wconf 83' lang='lat' dir='ltr'><strong>egissem.</strong></span> <span class='ocrx_word' id='word_1_11' title='bbox 647 415 1030 471; x_wconf 82' lang='lat' dir='ltr'><strong>Verumtamen</strong></span> <span class='ocrx_word' id='word_1_12' title='bbox 1057 415 1179 470; x_wconf 86' lang='lat' dir='ltr'><strong>dico</strong></span> <span class='ocrx_word' id='word_1_13' title='bbox 1207 418 1360 471; x_wconf 87' lang='lat' dir='ltr'><strong>vobis</strong></span> <span class='ocrx_word' id='word_1_14' title='bbox 1399 435 1411 470; x_wconf 90' lang='lat'>:</span> <span class='ocrx_word' id='word_1_15' title='bbox 1440 417 1582 488; x_wconf 88' lang='lat' dir='ltr'><strong>Tyro</strong></span> <span class='ocrx_word' id='word_1_16' title='bbox 1618 424 1674 471; x_wconf 90' lang='lat' dir='ltr'><strong>et</strong></span> <span class='ocrx_word' id='word_1_17' title='bbox 1704 416 1788 471; x_wconf 84' lang='lat' dir='ltr'><strong>Si—</strong></span> <span class='ocrx_word' id='word_1_18' title='bbox 1816 424 1865 483; x_wconf 75' lang='grc' dir='ltr'><strong>Α</strong></span> <span class='ocrx_word' id='word_1_19' title='bbox 1892 432 2020 472; x_wconf 89' lang='lat' dir='ltr'><strong>vero</strong></span> <span class='ocrx_word' id='word_1_20' title='bbox 2049 426 2131 471; x_wconf 90' lang='lat' dir='ltr'><strong>est</strong></span> <span class='ocrx_word' id='word_1_21' title='bbox 2166 418 2412 474; x_wconf 67' lang='lat' dir='ltr'><strong>humanae</strong></span> <span class='ocrx_word' id='word_1_22' title='bbox 2439 420 2605 475; x_wconf 90' lang='lat' dir='ltr'><strong>menti</strong></span> <span class='ocrx_word' id='word_1_23' title='bbox 2654 420 2937 491; x_wconf 84' lang='lat' dir='ltr'><strong>angustius</strong></span> <span class='ocrx_word' id='word_1_24' title='bbox 2984 437 3147 492; x_wconf 89' lang='lat' dir='ltr'><strong>quam</strong></span> <span class='ocrx_word' id='word_1_25' title='bbox 3173 423 3475 483; x_wconf 74' lang='lat' dir='ltr'><strong>voluntates</strong></span> 
     </span>
    </p>
   </div>
   <div class='ocr_carea' id='block_1_5' title="bbox 210 509 1794 579">
    <p class='ocr_par' dir='ltr' id='par_1_5' title="bbox 210 509 1794 579">
     <span class='ocr_line' id='line_1_5' title="bbox 210 509 1794 579; baseline -0.003 -14"><span class='ocrx_word' id='word_1_26' title='bbox 210 510 338 565; x_wconf 87' lang='lat' dir='ltr'><strong>doni</strong></span> <span class='ocrx_word' id='word_1_27' title='bbox 374 510 649 563; x_wconf 82' lang='lat' dir='ltr'><strong>remissius</strong></span> <span class='ocrx_word' id='word_1_28' title='bbox 677 509 783 563; x_wconf 87' lang='lat' dir='ltr'><strong>erit</strong></span> <span class='ocrx_word' id='word_1_29' title='bbox 809 510 862 563; x_wconf 92' lang='lat' dir='ltr'><strong>in</strong></span> <span class='ocrx_word' id='word_1_30' title='bbox 894 510 980 563; x_wconf 92' lang='lat' dir='ltr'><strong>die</strong></span> <span class='ocrx_word' id='word_1_31' title='bbox 999 509 1187 577; x_wconf 88' lang='lat' dir='ltr'><strong>judicii</strong></span> <span class='ocrx_word' id='word_1_32' title='bbox 1212 526 1373 579; x_wconf 85' lang='lat' dir='ltr'><strong>quam</strong></span> <span class='ocrx_word' id='word_1_33' title='bbox 1401 511 1574 563; x_wconf 83' lang='lat' dir='ltr'><strong>vobis.</strong></span> <span class='ocrx_word' id='word_1_34' title='bbox 1603 509 1671 563; x_wconf 90' lang='lat' dir='ltr'><strong>Et</strong></span> <span class='ocrx_word' id='word_1_35' title='bbox 1717 517 1794 575; x_wconf 82' lang='lat' dir='ltr'><strong>tu,</strong></span> 
     </span>
    </p>
   </div>
   <div class='ocr_carea' id='block_1_6' title="bbox 208 597 1799 671">
    <p class='ocr_par' dir='ltr' id='par_1_6' title="bbox 208 597 1799 671">
     <span class='ocr_line' id='line_1_6' title="bbox 208 597 1799 671; baseline -0.001 -16"><span class='ocrx_word' id='word_1_36' title='bbox 208 597 608 669; x_wconf 87' lang='lat' dir='ltr'><strong>Capharnaum,</strong></span> <span class='ocrx_word' id='word_1_37' title='bbox 639 600 878 670; x_wconf 78' lang='lat' dir='ltr'><strong>nunquid</strong></span> <span class='ocrx_word' id='word_1_38' title='bbox 911 615 1080 671; x_wconf 90' lang='lat' dir='ltr'><strong>usque</strong></span> <span class='ocrx_word' id='word_1_39' title='bbox 1128 601 1181 654; x_wconf 90' lang='lat' dir='ltr'><strong>in</strong></span> <span class='ocrx_word' id='word_1_40' title='bbox 1213 601 1407 656; x_wconf 70' lang='lat' dir='ltr'><strong>caelum</strong></span> <span class='ocrx_word' id='word_1_41' title='bbox 1437 600 1799 656; x_wconf 80' lang='lat' dir='ltr'><strong>exaltaberis?</strong></span> 
     </span>
    </p>
   </div>
   <div class='ocr_carea' id='block_1_7' title="bbox 209 692 1800 762">
    <p class='ocr_par' dir='ltr' id='par_1_7' title="bbox 209 692 1800 762">
     <span class='ocr_line' id='line_1_7' title="bbox 209 692 1800 762; baseline 0 -17"><span class='ocrx_word' id='word_1_42' title='bbox 209 705 384 760; x_wconf 89' lang='lat' dir='ltr'><strong>usque</strong></span> <span class='ocrx_word' id='word_1_43' title='bbox 406 693 458 745; x_wconf 93' lang='lat' dir='ltr'><strong>in</strong></span> <span class='ocrx_word' id='word_1_44' title='bbox 482 693 747 747; x_wconf 88' lang='lat' dir='ltr'><strong>infernum</strong></span> <span class='ocrx_word' id='word_1_45' title='bbox 773 694 1067 747; x_wconf 88' lang='lat' dir='ltr'><strong>descendes</strong></span> <span class='ocrx_word' id='word_1_46' title='bbox 1094 709 1105 744; x_wconf 94' lang='lat'><strong>:</strong></span> <span class='ocrx_word' id='word_1_47' title='bbox 1135 694 1261 762; x_wconf 82' lang='lat' dir='ltr'><strong>quia</strong></span> <span class='ocrx_word' id='word_1_48' title='bbox 1294 694 1339 747; x_wconf 90' lang='lat' dir='ltr'><strong>si</strong></span> <span class='ocrx_word' id='word_1_49' title='bbox 1366 694 1419 747; x_wconf 91' lang='lat' dir='ltr'><strong>in</strong></span> <span class='ocrx_word' id='word_1_50' title='bbox 1440 692 1691 749; x_wconf 84' lang='lat' dir='ltr'><strong>Sodomis</strong></span> <span class='ocrx_word' id='word_1_51' title='bbox 1720 692 1800 745; x_wconf 88' lang='lat' dir='ltr'><strong>fa—</strong></span> 
     </span>
    </p>
   </div>
   <div class='ocr_carea' id='block_1_8' title="bbox 207 782 1798 851">
    <p class='ocr_par' dir='ltr' id='par_1_8' title="bbox 207 782 1798 851">
     <span class='ocr_line' id='line_1_8' title="bbox 207 782 1798 851; baseline 0.003 -15"><span class='ocrx_word' id='word_1_52' title='bbox 207 790 309 836; x_wconf 69' lang='lat' dir='ltr'><strong>cta:</strong></span> <span class='ocrx_word' id='word_1_53' title='bbox 363 784 591 838; x_wconf 82' lang='lat' dir='ltr'><strong>luissem</strong></span> <span class='ocrx_word' id='word_1_54' title='bbox 629 786 857 837; x_wconf 86' lang='lat' dir='ltr'><strong>virtutes</strong></span> <span class='ocrx_word' id='word_1_55' title='bbox 900 798 1019 851; x_wconf 73' lang='lat' dir='ltr'><strong>qua:</strong></span> <span class='ocrx_word' id='word_1_56' title='bbox 1060 782 1215 838; x_wconf 74' lang='lat' dir='ltr'><strong>factze</strong></span> <span class='ocrx_word' id='word_1_57' title='bbox 1263 792 1390 838; x_wconf 84' lang='lat' dir='ltr'><strong>sunt</strong></span> <span class='ocrx_word' id='word_1_58' title='bbox 1438 785 1491 839; x_wconf 93' lang='lat' dir='ltr'><strong>in</strong></span> <span class='ocrx_word' id='word_1_59' title='bbox 1542 795 1613 849; x_wconf 91' lang='lat' dir='ltr'><strong>te,</strong></span> <span class='ocrx_word' id='word_1_60' title='bbox 1656 786 1798 841; x_wconf 89' lang='lat' dir='ltr'><strong>forte</strong></span> 
     </span>
    </p>
   </div>
   <div class='ocr_carea' id='block_1_9' title="bbox 210 873 1797 942">
    <p class='ocr_par' dir='ltr' id='par_1_9' title="bbox 210 873 1797 942">
     <span class='ocr_line' id='line_1_9' title="bbox 210 873 1797 942; baseline 0.003 -17"><span class='ocrx_word' id='word_1_61' title='bbox 210 873 545 928; x_wconf 83' lang='lat' dir='ltr'><strong>mansissent</strong></span> <span class='ocrx_word' id='word_1_62' title='bbox 593 888 764 942; x_wconf 89' lang='lat' dir='ltr'><strong>usque</strong></span> <span class='ocrx_word' id='word_1_63' title='bbox 808 873 862 926; x_wconf 93' lang='lat' dir='ltr'><strong>in</strong></span> <span class='ocrx_word' id='word_1_64' title='bbox 893 874 1035 928; x_wconf 89' lang='lat' dir='ltr'><strong>hunc</strong></span> <span class='ocrx_word' id='word_1_65' title='bbox 1056 873 1217 929; x_wconf 79' lang='lat' dir='ltr'><strong>diem.</strong></span> <span class='ocrx_word' id='word_1_66' title='bbox 1254 875 1640 929; x_wconf 79' lang='lat' dir='ltr'><strong>Verumtamen</strong></span> <span class='ocrx_word' id='word_1_67' title='bbox 1675 875 1797 930; x_wconf 86' lang='lat' dir='ltr'><strong>dico</strong></span> 
     </span>
    </p>
   </div>
   <div class='ocr_carea' id='block_1_10' title="bbox 209 963 1795 1032">
    <p class='ocr_par' dir='ltr' id='par_1_10' title="bbox 209 963 1795 1032">
     <span class='ocr_line' id='line_1_10' title="bbox 209 963 1795 1032; baseline 0.004 -20"><span class='ocrx_word' id='word_1_68' title='bbox 209 964 386 1027; x_wconf 79' lang='lat' dir='ltr'><strong>vobis,</strong></span> <span class='ocrx_word' id='word_1_69' title='bbox 418 965 545 1032; x_wconf 85' lang='lat' dir='ltr'><strong>quia</strong></span> <span class='ocrx_word' id='word_1_70' title='bbox 579 973 737 1031; x_wconf 69' lang='lat' dir='ltr'><strong>terra:</strong></span> <span class='ocrx_word' id='word_1_71' title='bbox 768 963 1127 1018; x_wconf 85' lang='lat' dir='ltr'><strong>Sodomorum</strong></span> <span class='ocrx_word' id='word_1_72' title='bbox 1174 964 1453 1019; x_wconf 84' lang='lat' dir='ltr'><strong>remissius</strong></span> <span class='ocrx_word' id='word_1_73' title='bbox 1499 964 1604 1019; x_wconf 91' lang='lat' dir='ltr'><strong>erit</strong></span> <span class='ocrx_word' id='word_1_74' title='bbox 1627 965 1683 1019; x_wconf 91' lang='lat' dir='ltr'><strong>in</strong></span> <span class='ocrx_word' id='word_1_75' title='bbox 1709 964 1795 1019; x_wconf 91' lang='lat' dir='ltr'><strong>die</strong></span> 
     </span>
    </p>
   </div>
   <div class='ocr_carea' id='block_1_11' title="bbox 202 1050 1404 1125">
    <p class='ocr_par' dir='ltr' id='par_1_11' title="bbox 202 1050 1404 1125">
     <span class='ocr_line' id='line_1_11' title="bbox 202 1050 1404 1125; baseline 0.001 -20"><span class='ocrx_word' id='word_1_76' title='bbox 202 1050 390 1120; x_wconf 77' lang='lat' dir='ltr'><strong>iudicii</strong></span> <span class='ocrx_word' id='word_1_77' title='bbox 424 1069 585 1122; x_wconf 90' lang='lat' dir='ltr'><strong>quam</strong></span> <span class='ocrx_word' id='word_1_78' title='bbox 622 1054 715 1107; x_wconf 87' lang='lat' dir='ltr'><strong>tibi</strong></span> <span class='ocrx_word' id='word_1_79' title='bbox 752 1052 966 1125; x_wconf 82' lang='lat' dir='ltr'><strong>(Matth.</strong></span> <span class='ocrx_word' id='word_1_80' title='bbox 1001 1058 1077 1118; x_wconf 69' lang='grc' dir='ltr'><strong>ιι,</strong></span> <span class='ocrx_word' id='word_1_81' title='bbox 1108 1053 1239 1109; x_wconf 87' lang='lat' dir='ltr'><strong>Luc.</strong></span> <span class='ocrx_word' id='word_1_82' title='bbox 1268 1054 1342 1124; x_wconf 72' lang='grc' dir='ltr'><strong>κ).</strong></span> <span class='ocrx_word' id='word_1_83' title='bbox 1385 1074 1404 1106; x_wconf 73' lang='grc' dir='ltr'><strong><em>ι</em></strong></span> 
     </span>
    </p>
   </div>
   <div class='ocr_carea' id='block_1_12' title="bbox 291 1141 1794 1211">
    <p class='ocr_par' dir='ltr' id='par_1_12' title="bbox 291 1141 1794 1211">
     <span class='ocr_line' id='line_1_12' title="bbox 291 1141 1794 1211; baseline 0.003 -17"><span class='ocrx_word' id='word_1_84' title='bbox 291 1141 427 1196; x_wconf 81' lang='lat' dir='ltr'><strong>Vnu.</strong></span> <span class='ocrx_word' id='word_1_85' title='bbox 463 1162 481 1193; x_wconf 71' lang='grc' dir='ltr'>ι</span> <span class='ocrx_word' id='word_1_86' title='bbox 519 1144 873 1199; x_wconf 89' lang='lat' dir='ltr'><strong>Candidiores</strong></span> <span class='ocrx_word' id='word_1_87' title='bbox 896 1143 1135 1198; x_wconf 75' lang='lat' dir='ltr'><strong>Nazarzzei</strong></span> <span class='ocrx_word' id='word_1_88' title='bbox 1164 1141 1279 1211; x_wconf 85' lang='lat' dir='ltr'><strong>ejus</strong></span> <span class='ocrx_word' id='word_1_89' title='bbox 1327 1143 1476 1208; x_wconf 84' lang='lat' dir='ltr'><strong>nive,</strong></span> <span class='ocrx_word' id='word_1_90' title='bbox 1512 1142 1794 1199; x_wconf 82' lang='lat' dir='ltr'><strong>nitidiores</strong></span> 
     </span>
    </p>
   </div>
   <div class='ocr_carea' id='block_1_13' title="bbox 210 1233 1792 1304">
    <p class='ocr_par' dir='ltr' id='par_1_13' title="bbox 210 1233 1792 1304">
     <span class='ocr_line' id='line_1_13' title="bbox 210 1233 1792 1304; baseline 0.004 -23"><span class='ocrx_word' id='word_1_91' title='bbox 210 1252 226 1281; x_wconf 85' lang='grc'><strong>‹</strong></span> <span class='ocrx_word' id='word_1_92' title='bbox 267 1233 427 1297; x_wconf 89' lang='lat' dir='ltr'><strong>lacte,</strong></span> <span class='ocrx_word' id='word_1_93' title='bbox 454 1233 867 1290; x_wconf 90' lang='lat' dir='ltr'><strong>rubicundiores</strong></span> <span class='ocrx_word' id='word_1_94' title='bbox 904 1236 1069 1290; x_wconf 85' lang='lat' dir='ltr'><strong>ebore</strong></span> <span class='ocrx_word' id='word_1_95' title='bbox 1100 1233 1346 1304; x_wconf 89' lang='lat' dir='ltr'><strong>antiquo,</strong></span> <span class='ocrx_word' id='word_1_96' title='bbox 1376 1233 1630 1303; x_wconf 86' lang='lat' dir='ltr'><strong>sapphiro</strong></span> <span class='ocrx_word' id='word_1_97' title='bbox 1674 1234 1792 1303; x_wconf 86' lang='lat' dir='ltr'><strong>pul-</strong></span> 
     </span>
    </p>
   </div>
   <div class='ocr_carea' id='block_1_14' title="bbox 210 1323 589 1378">
    <p class='ocr_par' dir='ltr' id='par_1_14' title="bbox 210 1323 589 1378">
     <span class='ocr_line' id='line_1_14' title="bbox 210 1323 589 1378; baseline 0.008 -6"><span class='ocrx_word' id='word_1_98' title='bbox 210 1343 228 1371; x_wconf 70' lang='grc' dir='ltr'>ι</span> <span class='ocrx_word' id='word_1_99' title='bbox 263 1323 532 1378; x_wconf 88' lang='lat' dir='ltr'><strong>chriores.</strong></span> <span class='ocrx_word' id='word_1_100' title='bbox 571 1343 589 1375; x_wconf 78' lang='grc' dir='ltr'><strong><em>ι</em></strong></span> 
     </span>
    </p>
   </div>
   <div class='ocr_carea' id='block_1_15' title="bbox 280 1414 1788 1488">
    <p class='ocr_par' dir='ltr' id='par_1_15' title="bbox 280 1414 1788 1488">
     <span class='ocr_line' id='line_1_15' title="bbox 280 1414 1788 1488; baseline 0.003 -21"><span class='ocrx_word' id='word_1_101' title='bbox 280 1414 425 1469; x_wconf 79' lang='grc' dir='ltr'><strong>ΤΙιει.</strong></span> <span class='ocrx_word' id='word_1_102' title='bbox 463 1434 491 1466; x_wconf 81' lang='lat' dir='ltr'><strong>r</strong></span> <span class='ocrx_word' id='word_1_103' title='bbox 519 1417 806 1487; x_wconf 85' lang='lat' dir='ltr'><strong>Deuigrata</strong></span> <span class='ocrx_word' id='word_1_104' title='bbox 853 1425 937 1473; x_wconf 90' lang='lat' dir='ltr'><strong>est</strong></span> <span class='ocrx_word' id='word_1_105' title='bbox 985 1432 1148 1488; x_wconf 85' lang='lat' dir='ltr'><strong>super</strong></span> <span class='ocrx_word' id='word_1_106' title='bbox 1201 1417 1464 1472; x_wconf 85' lang='lat' dir='ltr'><strong>carbones</strong></span> <span class='ocrx_word' id='word_1_107' title='bbox 1504 1416 1672 1472; x_wconf 81' lang='lat' dir='ltr'><strong>facies</strong></span> <span class='ocrx_word' id='word_1_108' title='bbox 1697 1432 1788 1472; x_wconf 85' lang='lat' dir='ltr'><strong>eo-</strong></span> 
     </span>
    </p>
   </div>
   <div class='ocr_carea' id='block_1_16' title="bbox 208 1510 1786 1583">
    <p class='ocr_par' dir='ltr' id='par_1_16' title="bbox 208 1510 1786 1583">
     <span class='ocr_line' id='line_1_16' title="bbox 208 1510 1786 1583; baseline 0.006 -27"><span class='ocrx_word' id='word_1_109' title='bbox 208 1524 228 1555; x_wconf 69' lang='lat' dir='ltr'><strong>c</strong></span> <span class='ocrx_word' id='word_1_110' title='bbox 266 1522 407 1583; x_wconf 80' lang='lat' dir='ltr'><strong>nun,</strong></span> <span class='ocrx_word' id='word_1_111' title='bbox 447 1512 501 1562; x_wconf 90' lang='lat' dir='ltr'><strong>et</strong></span> <span class='ocrx_word' id='word_1_112' title='bbox 526 1524 631 1562; x_wconf 94' lang='lat' dir='ltr'><strong>non</strong></span> <span class='ocrx_word' id='word_1_113' title='bbox 655 1518 780 1563; x_wconf 88' lang='lat' dir='ltr'><strong>sunt</strong></span> <span class='ocrx_word' id='word_1_114' title='bbox 805 1511 1003 1581; x_wconf 57' lang='lat' dir='ltr'><strong>cogniti</strong></span> <span class='ocrx_word' id='word_1_115' title='bbox 1031 1511 1084 1563; x_wconf 89' lang='lat' dir='ltr'><strong>in</strong></span> <span class='ocrx_word' id='word_1_116' title='bbox 1114 1510 1324 1579; x_wconf 86' lang='lat' dir='ltr'><strong>plateis.</strong></span> <span class='ocrx_word' id='word_1_117' title='bbox 1363 1510 1603 1564; x_wconf 71' lang='lat' dir='ltr'><strong>Adiitesit</strong></span> <span class='ocrx_word' id='word_1_118' title='bbox 1647 1512 1786 1566; x_wconf 91' lang='lat' dir='ltr'><strong>cutis</strong></span> 
     </span>
    </p>
   </div>
   <div class='ocr_carea' id='block_1_17' title="bbox 208 1595 1781 1671">
    <p class='ocr_par' dir='ltr' id='par_1_17' title="bbox 208 1595 1781 1671">
     <span class='ocr_line' id='line_1_17' title="bbox 208 1595 1781 1671; baseline 0.001 -21"><span class='ocrx_word' id='word_1_119' title='bbox 208 1613 228 1644; x_wconf 74' lang='grc' dir='ltr'><strong>σ</strong></span> <span class='ocrx_word' id='word_1_120' title='bbox 261 1612 447 1650; x_wconf 93' lang='lat' dir='ltr'><strong>eorum</strong></span> <span class='ocrx_word' id='word_1_121' title='bbox 478 1595 709 1666; x_wconf 77' lang='lat' dir='ltr'><strong>oSsibns,</strong></span> <span class='ocrx_word' id='word_1_122' title='bbox 739 1600 880 1654; x_wconf 82' lang='lat' dir='ltr'><strong>aruit</strong></span> <span class='ocrx_word' id='word_1_123' title='bbox 907 1607 963 1654; x_wconf 93' lang='lat' dir='ltr'><strong>et</strong></span> <span class='ocrx_word' id='word_1_124' title='bbox 988 1598 1129 1654; x_wconf 83' lang='lat' dir='ltr'><strong>facta</strong></span> <span class='ocrx_word' id='word_1_125' title='bbox 1167 1609 1248 1655; x_wconf 90' lang='lat' dir='ltr'><strong>est</strong></span> <span class='ocrx_word' id='word_1_126' title='bbox 1274 1599 1431 1669; x_wconf 90' lang='lat' dir='ltr'><strong>quasi</strong></span> <span class='ocrx_word' id='word_1_127' title='bbox 1481 1600 1706 1671; x_wconf 82' lang='lat' dir='ltr'><strong>lignum.</strong></span> <span class='ocrx_word' id='word_1_128' title='bbox 1761 1620 1781 1651; x_wconf 77' lang='grc' dir='ltr'><strong><em>ι</em></strong></span> 
     </span>
    </p>
   </div>
   <div class='ocr_carea' id='block_1_18' title="bbox 204 1684 1787 1760">
    <p class='ocr_par' dir='ltr' id='par_1_18' title="bbox 204 1684 1787 1760">
     <span class='ocr_line' id='line_1_18' title="bbox 204 1684 1787 1760; baseline 0.004 -22"><span class='ocrx_word' id='word_1_129' title='bbox 204 1684 301 1740; x_wconf 80' lang='lat' dir='ltr'><strong>llis</strong></span> <span class='ocrx_word' id='word_1_130' title='bbox 344 1686 549 1743; x_wconf 90' lang='lat' dir='ltr'><strong>duabus</strong></span> <span class='ocrx_word' id='word_1_131' title='bbox 593 1690 875 1745; x_wconf 75' lang='lat' dir='ltr'><strong>sententiis</strong></span> <span class='ocrx_word' id='word_1_132' title='bbox 926 1690 1233 1745; x_wconf 85' lang='lat' dir='ltr'><strong>ostenditur</strong></span> <span class='ocrx_word' id='word_1_133' title='bbox 1288 1691 1558 1760; x_wconf 88' lang='lat' dir='ltr'><strong>quomodo</strong></span> <span class='ocrx_word' id='word_1_134' title='bbox 1611 1690 1787 1745; x_wconf 91' lang='lat' dir='ltr'><strong>omnis</strong></span> 
     </span>
    </p>
   </div>
   <div class='ocr_carea' id='block_1_19' title="bbox 201 1774 1787 1847">
    <p class='ocr_par' dir='ltr' id='par_1_19' title="bbox 201 1774 1787 1847">
     <span class='ocr_line' id='line_1_19' title="bbox 201 1774 1787 1847; baseline 0.001 -19"><span class='ocrx_word' id='word_1_135' title='bbox 201 1774 368 1829; x_wconf 88' lang='lat' dir='ltr'><strong>decor</strong></span> <span class='ocrx_word' id='word_1_136' title='bbox 394 1777 590 1844; x_wconf 88' lang='lat' dir='ltr'><strong>prioris</strong></span> <span class='ocrx_word' id='word_1_137' title='bbox 615 1778 815 1846; x_wconf 84' lang='lat' dir='ltr'><strong>populi,</strong></span> <span class='ocrx_word' id='word_1_138' title='bbox 845 1794 1003 1847; x_wconf 88' lang='lat' dir='ltr'><strong>quem</strong></span> <span class='ocrx_word' id='word_1_139' title='bbox 1032 1781 1305 1834; x_wconf 87' lang='lat' dir='ltr'><strong>habebant</strong></span> <span class='ocrx_word' id='word_1_140' title='bbox 1328 1780 1383 1832; x_wconf 91' lang='lat' dir='ltr'><strong>in</strong></span> <span class='ocrx_word' id='word_1_141' title='bbox 1415 1787 1611 1832; x_wconf 90' lang='lat' dir='ltr'><strong>ornatu</strong></span> <span class='ocrx_word' id='word_1_142' title='bbox 1653 1788 1787 1832; x_wconf 89' lang='lat' dir='ltr'><strong>tem-</strong></span> 
     </span>
    </p>
   </div>
   <div class='ocr_carea' id='block_1_20' title="bbox 199 1866 1783 1942">
    <p class='ocr_par' dir='ltr' id='par_1_20' title="bbox 199 1866 1783 1942">
     <span class='ocr_line' id='line_1_20' title="bbox 199 1866 1783 1942; baseline 0.005 -24"><span class='ocrx_word' id='word_1_143' title='bbox 199 1866 275 1935; x_wconf 84' lang='lat' dir='ltr'><strong>pli</strong></span> <span class='ocrx_word' id='word_1_144' title='bbox 299 1876 349 1921; x_wconf 91' lang='lat' dir='ltr'><strong>et</strong></span> <span class='ocrx_word' id='word_1_145' title='bbox 381 1869 526 1922; x_wconf 90' lang='lat' dir='ltr'><strong>cultu</strong></span> <span class='ocrx_word' id='word_1_146' title='bbox 556 1870 761 1937; x_wconf 81' lang='lat' dir='ltr'><strong>divino,</strong></span> <span class='ocrx_word' id='word_1_147' title='bbox 790 1876 1013 1941; x_wconf 86' lang='lat' dir='ltr'><strong>prepter</strong></span> <span class='ocrx_word' id='word_1_148' title='bbox 1042 1880 1263 1942; x_wconf 87' lang='lat' dir='ltr'><strong>peccata</strong></span> <span class='ocrx_word' id='word_1_149' title='bbox 1286 1887 1475 1927; x_wconf 90' lang='lat' dir='ltr'><strong>eorum</strong></span> <span class='ocrx_word' id='word_1_150' title='bbox 1505 1886 1783 1926; x_wconf 87' lang='lat' dir='ltr'><strong>emarcue-</strong></span> 
     </span>
    </p>
   </div>
   <div class='ocr_carea' id='block_1_21' title="bbox 200 1958 1781 2030">
    <p class='ocr_par' dir='ltr' id='par_1_21' title="bbox 200 1958 1781 2030">
     <span class='ocr_line' id='line_1_21' title="bbox 200 1958 1781 2030; baseline 0.004 -19"><span class='ocrx_word' id='word_1_151' title='bbox 200 1958 296 2024; x_wconf 87' lang='lat' dir='ltr'><strong>rit,</strong></span> <span class='ocrx_word' id='word_1_152' title='bbox 324 1970 380 2015; x_wconf 91' lang='lat' dir='ltr'><strong>et</strong></span> <span class='ocrx_word' id='word_1_153' title='bbox 405 1961 807 2030; x_wconf 84' lang='lat' dir='ltr'><strong>destruentibus</strong></span> <span class='ocrx_word' id='word_1_154' title='bbox 845 1963 1091 2019; x_wconf 83' lang='lat' dir='ltr'><strong>hostibus</strong></span> <span class='ocrx_word' id='word_1_155' title='bbox 1134 1964 1201 2017; x_wconf 91' lang='lat' dir='ltr'><strong>ad</strong></span> <span class='ocrx_word' id='word_1_156' title='bbox 1254 1964 1477 2018; x_wconf 84' lang='lat' dir='ltr'><strong>nihilum</strong></span> <span class='ocrx_word' id='word_1_157' title='bbox 1531 1964 1781 2018; x_wconf 86' lang='lat' dir='ltr'><strong>redactus</strong></span> 
     </span>
    </p>
   </div>
   <div class='ocr_carea' id='block_1_22' title="bbox 198 2049 1780 2123">
    <p class='ocr_par' dir='ltr' id='par_1_22' title="bbox 198 2049 1780 2123">
     <span class='ocr_line' id='line_1_22' title="bbox 198 2049 1780 2123; baseline 0.003 -20"><span class='ocrx_word' id='word_1_158' title='bbox 198 2049 295 2103; x_wconf 87' lang='lat' dir='ltr'><strong>sit.</strong></span> <span class='ocrx_word' id='word_1_159' title='bbox 342 2051 563 2121; x_wconf 84' lang='lat' dir='ltr'><strong>Mystice</strong></span> <span class='ocrx_word' id='word_1_160' title='bbox 607 2067 735 2107; x_wconf 88' lang='lat' dir='ltr'><strong>vero</strong></span> <span class='ocrx_word' id='word_1_161' title='bbox 774 2068 933 2107; x_wconf 90' lang='lat' dir='ltr'><strong>casus</strong></span> <span class='ocrx_word' id='word_1_162' title='bbox 981 2054 1284 2107; x_wconf 89' lang='lat' dir='ltr'><strong>animarum</strong></span> <span class='ocrx_word' id='word_1_163' title='bbox 1327 2054 1685 2123; x_wconf 84' lang='lat' dir='ltr'><strong>quarumdam</strong></span> <span class='ocrx_word' id='word_1_164' title='bbox 1714 2054 1780 2107; x_wconf 87' lang='lat' dir='ltr'><strong>fi-</strong></span> 
     </span>
    </p>
   </div>
   <div class='ocr_carea' id='block_1_23' title="bbox 198 2140 1781 2215">
    <p class='ocr_par' dir='ltr' id='par_1_23' title="bbox 198 2140 1781 2215">
     <span class='ocr_line' id='line_1_23' title="bbox 198 2140 1781 2215; baseline 0.003 -21"><span class='ocrx_word' id='word_1_165' title='bbox 198 2140 401 2196; x_wconf 82' lang='lat' dir='ltr'><strong>delium</strong></span> <span class='ocrx_word' id='word_1_166' title='bbox 437 2159 468 2197; x_wconf 92' lang='lat' dir='ltr'><strong>a</strong></span> <span class='ocrx_word' id='word_1_167' title='bbox 497 2146 758 2215; x_wconf 82' lang='lat' dir='ltr'><strong>propheta</strong></span> <span class='ocrx_word' id='word_1_168' title='bbox 816 2145 1150 2215; x_wconf 87' lang='lat' dir='ltr'><strong>deploratur.</strong></span> <span class='ocrx_word' id='word_1_169' title='bbox 1209 2143 1411 2215; x_wconf 82' lang='lat' dir='ltr'><strong>(Greg.)</strong></span> <span class='ocrx_word' id='word_1_170' title='bbox 1465 2144 1602 2211; x_wconf 84' lang='lat' dir='ltr'><strong>Quid</strong></span> <span class='ocrx_word' id='word_1_171' title='bbox 1638 2146 1781 2201; x_wconf 87' lang='lat' dir='ltr'><strong>enim</strong></span> 
     </span>
    </p>
   </div>
   <div class='ocr_carea' id='block_1_24' title="bbox 198 2230 1783 2306">
    <p class='ocr_par' dir='ltr' id='par_1_24' title="bbox 198 2230 1783 2306">
     <span class='ocr_line' id='line_1_24' title="bbox 198 2230 1783 2306; baseline 0.001 -20"><span class='ocrx_word' id='word_1_172' title='bbox 198 2230 619 2288; x_wconf 69' lang='lat' dir='ltr'><strong>Nazartenorum</strong></span> <span class='ocrx_word' id='word_1_173' title='bbox 649 2236 884 2306; x_wconf 89' lang='lat' dir='ltr'><strong>nomine,</strong></span> <span class='ocrx_word' id='word_1_174' title='bbox 911 2237 1011 2290; x_wconf 88' lang='lat' dir='ltr'><strong>nisi</strong></span> <span class='ocrx_word' id='word_1_175' title='bbox 1035 2235 1418 2289; x_wconf 83' lang='lat' dir='ltr'><strong>abstinentiam</strong></span> <span class='ocrx_word' id='word_1_176' title='bbox 1433 2242 1489 2289; x_wconf 91' lang='lat' dir='ltr'><strong>ct</strong></span> <span class='ocrx_word' id='word_1_177' title='bbox 1504 2235 1783 2289; x_wconf 90' lang='lat' dir='ltr'><strong>continen-</strong></span> 
     </span>
    </p>
   </div>
   <div class='ocr_carea' id='block_1_25' title="bbox 200 2323 1785 2403">
    <p class='ocr_par' dir='ltr' id='par_1_25' title="bbox 200 2323 1785 2403">
     <span class='ocr_line' id='line_1_25' title="bbox 200 2323 1785 2403; baseline 0.001 -26"><span class='ocrx_word' id='word_1_178' title='bbox 200 2323 335 2377; x_wconf 91' lang='lat' dir='ltr'><strong>tium</strong></span> <span class='ocrx_word' id='word_1_179' title='bbox 362 2324 471 2378; x_wconf 90' lang='lat' dir='ltr'><strong>vita</strong></span> <span class='ocrx_word' id='word_1_180' title='bbox 507 2325 768 2394; x_wconf 78' lang='lat' dir='ltr'><strong>signatur,</strong></span> <span class='ocrx_word' id='word_1_181' title='bbox 797 2340 917 2395; x_wconf 63' lang='lat' dir='ltr'><strong>quae</strong></span> <span class='ocrx_word' id='word_1_182' title='bbox 940 2326 1287 2381; x_wconf 86' lang='lat' dir='ltr'><strong>niveet‘lacte</strong></span> <span class='ocrx_word' id='word_1_183' title='bbox 1308 2326 1529 2379; x_wconf 91' lang='lat' dir='ltr'><strong>nitidior</strong></span> <span class='ocrx_word' id='word_1_184' title='bbox 1550 2325 1785 2403; x_wconf 83' lang='lat' dir='ltr'><strong>dicitur?</strong></span> 
     </span>
    </p>
   </div>
   <div class='ocr_carea' id='block_1_26' title="bbox 199 2411 1785 2488">
    <p class='ocr_par' dir='ltr' id='par_1_26' title="bbox 199 2411 1785 2488">
     <span class='ocr_line' id='line_1_26' title="bbox 199 2411 1785 2488; baseline 0.002 -22"><span class='ocrx_word' id='word_1_185' title='bbox 199 2411 305 2467; x_wconf 79' lang='lat' dir='ltr'><strong>Nix</strong></span> <span class='ocrx_word' id='word_1_186' title='bbox 325 2413 556 2488; x_wconf 81' lang='lat' dir='ltr'><strong>enimex</strong></span> <span class='ocrx_word' id='word_1_187' title='bbox 575 2429 713 2484; x_wconf 87' lang='lat' dir='ltr'><strong>aqua</strong></span> <span class='ocrx_word' id='word_1_188' title='bbox 739 2415 1083 2487; x_wconf 80' lang='lat' dir='ltr'><strong>congelascit,</strong></span> <span class='ocrx_word' id='word_1_189' title='bbox 1102 2432 1222 2485; x_wconf 84' lang='lat' dir='ltr'><strong>quae</strong></span> <span class='ocrx_word' id='word_1_190' title='bbox 1244 2416 1476 2486; x_wconf 88' lang='lat' dir='ltr'><strong>desuper</strong></span> <span class='ocrx_word' id='word_1_191' title='bbox 1503 2416 1651 2471; x_wconf 84' lang='lat' dir='ltr'><strong>venit</strong></span> <span class='ocrx_word' id='word_1_192' title='bbox 1674 2417 1785 2470; x_wconf 87' lang='lat' dir='ltr'><strong>:iac</strong></span> 
     </span>
    </p>
   </div>
   <div class='ocr_carea' id='block_1_27' title="bbox 197 2505 1783 2575">
    <p class='ocr_par' dir='ltr' id='par_1_27' title="bbox 197 2505 1783 2575">
     <span class='ocr_line' id='line_1_27' title="bbox 197 2505 1783 2575; baseline 0.001 -18"><span class='ocrx_word' id='word_1_193' title='bbox 197 2512 383 2558; x_wconf 88' lang='lat' dir='ltr'><strong>autem</strong></span> <span class='ocrx_word' id='word_1_194' title='bbox 408 2520 473 2558; x_wconf 78' lang='lat' dir='ltr'><strong>ex</strong></span> <span class='ocrx_word' id='word_1_195' title='bbox 498 2520 661 2560; x_wconf 89' lang='lat' dir='ltr'><strong>carne</strong></span> <span class='ocrx_word' id='word_1_196' title='bbox 694 2506 1039 2575; x_wconf 77' lang='lat' dir='ltr'><strong>exprimitur,</strong></span> <span class='ocrx_word' id='word_1_197' title='bbox 1067 2523 1187 2575; x_wconf 61' lang='lat' dir='ltr'><strong>quae</strong></span> <span class='ocrx_word' id='word_1_198' title='bbox 1217 2505 1563 2560; x_wconf 89' lang='lat' dir='ltr'><strong>inferioribus</strong></span> <span class='ocrx_word' id='word_1_199' title='bbox 1607 2506 1783 2560; x_wconf 90' lang='lat' dir='ltr'><strong>nutri-</strong></span> 
     </span>
    </p>
   </div>
   <div class='ocr_carea' id='block_1_28' title="bbox 200 2594 1816 2665">
    <p class='ocr_par' dir='ltr' id='par_1_28' title="bbox 200 2594 1816 2665">
     <span class='ocr_line' id='line_1_28' title="bbox 200 2594 1816 2665; baseline 0.002 -18"><span class='ocrx_word' id='word_1_200' title='bbox 200 2604 309 2648; x_wconf 91' lang='lat' dir='ltr'><strong>tur.</strong></span> <span class='ocrx_word' id='word_1_201' title='bbox 339 2594 478 2660; x_wconf 83' lang='lat' dir='ltr'><strong>Quid</strong></span> <span class='ocrx_word' id='word_1_202' title='bbox 504 2609 632 2664; x_wconf 87' lang='lat' dir='ltr'><strong>ergo</strong></span> <span class='ocrx_word' id='word_1_203' title='bbox 666 2611 763 2665; x_wconf 88' lang='lat' dir='ltr'><strong>per</strong></span> <span class='ocrx_word' id='word_1_204' title='bbox 786 2596 986 2660; x_wconf 85' lang='lat' dir='ltr'><strong>nivem,</strong></span> <span class='ocrx_word' id='word_1_205' title='bbox 1013 2596 1123 2650; x_wconf 87' lang='lat' dir='ltr'><strong>nisi</strong></span> <span class='ocrx_word' id='word_1_206' title='bbox 1145 2596 1349 2650; x_wconf 82' lang='lat' dir='ltr'><strong>candor</strong></span> <span class='ocrx_word' id='word_1_207' title='bbox 1371 2596 1495 2650; x_wconf 76' lang='lat' dir='ltr'><strong>vita:</strong></span> <span class='ocrx_word' id='word_1_208' title='bbox 1521 2595 1780 2650; x_wconf 78' lang='lat' dir='ltr'><strong>cmlestis.</strong></span> <span class='ocrx_word' id='word_1_209' title='bbox 1811 2657 1816 2662; x_wconf 44' lang='grc'><em>,</em></span> 
     </span>
    </p>
   </div>
   <div class='ocr_carea' id='block_1_29' title="bbox 198 2682 1786 2756">
    <p class='ocr_par' dir='ltr' id='par_1_29' title="bbox 198 2682 1786 2756">
     <span class='ocr_line' id='line_1_29' title="bbox 198 2682 1786 2756; baseline 0.002 -19"><span class='ocrx_word' id='word_1_210' title='bbox 198 2682 339 2750; x_wconf 84' lang='lat' dir='ltr'><strong>Quid</strong></span> <span class='ocrx_word' id='word_1_211' title='bbox 368 2700 465 2753; x_wconf 89' lang='lat' dir='ltr'><strong>per</strong></span> <span class='ocrx_word' id='word_1_212' title='bbox 493 2683 595 2749; x_wconf 87' lang='lat' dir='ltr'><strong>lac,</strong></span> <span class='ocrx_word' id='word_1_213' title='bbox 628 2685 731 2739; x_wconf 90' lang='lat' dir='ltr'><strong>nisi</strong></span> <span class='ocrx_word' id='word_1_214' title='bbox 752 2686 1061 2756; x_wconf 88' lang='lat' dir='ltr'><strong>temporalis</strong></span> <span class='ocrx_word' id='word_1_215' title='bbox 1093 2686 1513 2756; x_wconf 87' lang='lat' dir='ltr'><strong>dispensationis</strong></span> <span class='ocrx_word' id='word_1_216' title='bbox 1555 2688 1786 2742; x_wconf 87' lang='lat' dir='ltr'><strong>admini-</strong></span> 
     </span>
    </p>
   </div>
   <div class='ocr_carea' id='block_1_30' title="bbox 198 2772 1785 2846">
    <p class='ocr_par' dir='ltr' id='par_1_30' title="bbox 198 2772 1785 2846">
     <span class='ocr_line' id='line_1_30' title="bbox 198 2772 1785 2846; baseline 0.003 -20"><span class='ocrx_word' id='word_1_217' title='bbox 198 2772 397 2829; x_wconf 86' lang='lat' dir='ltr'><strong>stratio</strong></span> <span class='ocrx_word' id='word_1_218' title='bbox 418 2775 854 2829; x_wconf 86' lang='lat' dir='ltr'><strong>demonstratur?</strong></span> <span class='ocrx_word' id='word_1_219' title='bbox 878 2776 945 2830; x_wconf 89' lang='lat' dir='ltr'><strong>Et</strong></span> <span class='ocrx_word' id='word_1_220' title='bbox 964 2778 1088 2845; x_wconf 88' lang='lat' dir='ltr'><strong>quia</strong></span> <span class='ocrx_word' id='word_1_221' title='bbox 1109 2776 1425 2846; x_wconf 77' lang='lat' dir='ltr'><strong>plerumque</strong></span> <span class='ocrx_word' id='word_1_222' title='bbox 1449 2778 1785 2832; x_wconf 77' lang='lat' dir='ltr'><strong>continentes</strong></span> 
     </span>
    </p>
   </div>
   <div class='ocr_carea' id='block_1_31' title="bbox 199 2863 1784 2935">
    <p class='ocr_par' dir='ltr' id='par_1_31' title="bbox 199 2863 1784 2935">
     <span class='ocr_line' id='line_1_31' title="bbox 199 2863 1784 2935; baseline 0.004 -20"><span class='ocrx_word' id='word_1_223' title='bbox 199 2863 304 2917; x_wconf 87' lang='lat' dir='ltr'><strong>viri</strong></span> <span class='ocrx_word' id='word_1_224' title='bbox 363 2864 417 2918; x_wconf 93' lang='lat' dir='ltr'><strong>in</strong></span> <span class='ocrx_word' id='word_1_225' title='bbox 464 2864 701 2919; x_wconf 78' lang='lat' dir='ltr'><strong>Ecclesia</strong></span> <span class='ocrx_word' id='word_1_226' title='bbox 731 2873 838 2918; x_wconf 92' lang='lat' dir='ltr'><strong>tam</strong></span> <span class='ocrx_word' id='word_1_227' title='bbox 869 2871 1005 2919; x_wconf 84' lang='lat' dir='ltr'><strong>mira</strong></span> <span class='ocrx_word' id='word_1_228' title='bbox 1045 2880 1209 2935; x_wconf 83' lang='lat' dir='ltr'><strong>Opera</strong></span> <span class='ocrx_word' id='word_1_229' title='bbox 1237 2866 1459 2931; x_wconf 85' lang='lat' dir='ltr'><strong>faciunt,</strong></span> <span class='ocrx_word' id='word_1_230' title='bbox 1504 2866 1666 2931; x_wconf 43' lang='lat' dir='ltr'><strong>ut,ab</strong></span> <span class='ocrx_word' id='word_1_231' title='bbox 1705 2868 1784 2921; x_wconf 92' lang='lat' dir='ltr'><strong>eis</strong></span> 
     </span>
    </p>
   </div>
   <div class='ocr_carea' id='block_1_32' title="bbox 199 2955 1785 3031">
    <p class='ocr_par' dir='ltr' id='par_1_32' title="bbox 199 2955 1785 3031">
     <span class='ocr_line' id='line_1_32' title="bbox 199 2955 1785 3031; baseline 0.003 -22"><span class='ocrx_word' id='word_1_232' title='bbox 199 2955 377 3020; x_wconf 89' lang='lat' dir='ltr'><strong>multi,</strong></span> <span class='ocrx_word' id='word_1_233' title='bbox 410 2956 500 3026; x_wconf 92' lang='lat' dir='ltr'><strong>qui</strong></span> <span class='ocrx_word' id='word_1_234' title='bbox 527 2956 991 3012; x_wconf 71' lang='lat' dir='ltr'><strong>cmicstemvitani</strong></span> <span class='ocrx_word' id='word_1_235' title='bbox 1030 2965 1341 3023; x_wconf 88' lang='lat' dir='ltr'><strong>tenuerunt,</strong></span> <span class='ocrx_word' id='word_1_236' title='bbox 1375 2959 1526 3012; x_wconf 89' lang='lat' dir='ltr'><strong>multi</strong></span> <span class='ocrx_word' id='word_1_237' title='bbox 1555 2961 1653 3031; x_wconf 81' lang='lat' dir='ltr'><strong>qui</strong></span> <span class='ocrx_word' id='word_1_238' title='bbox 1677 2968 1785 3014; x_wconf 86' lang='lat' dir='ltr'><strong>ter-</strong></span> 
     </span>
    </p>
   </div>
   <div class='ocr_carea' id='block_1_33' title="bbox 198 3050 1781 3119">
    <p class='ocr_par' dir='ltr' id='par_1_33' title="bbox 198 3050 1781 3119">
     <span class='ocr_line' id='line_1_33' title="bbox 198 3050 1781 3119; baseline 0 -13"><span class='ocrx_word' id='word_1_239' title='bbox 198 3065 333 3107; x_wconf 84' lang='lat' dir='ltr'><strong>rena</strong></span> <span class='ocrx_word' id='word_1_240' title='bbox 359 3050 495 3104; x_wconf 89' lang='lat' dir='ltr'><strong>bene</strong></span> <span class='ocrx_word' id='word_1_241' title='bbox 525 3051 1001 3119; x_wconf 81' lang='lat' dir='ltr'><strong>dispensaverunt,</strong></span> <span class='ocrx_word' id='word_1_242' title='bbox 1056 3051 1303 3119; x_wconf 89' lang='lat' dir='ltr'><strong>superari</strong></span> <span class='ocrx_word' id='word_1_243' title='bbox 1343 3052 1627 3105; x_wconf 89' lang='lat' dir='ltr'><strong>videantur</strong></span> <span class='ocrx_word' id='word_1_244' title='bbox 1661 3070 1676 3108; x_wconf 87' lang='lat'><strong>:</strong></span> <span class='ocrx_word' id='word_1_245' title='bbox 1725 3061 1781 3107; x_wconf 87' lang='lat' dir='ltr'><strong>et</strong></span> 
     </span>
    </p>
   </div>
   <div class='ocr_carea' id='block_1_34' title="bbox 1897 507 3471 580">
    <p class='ocr_par' dir='ltr' id='par_1_34' title="bbox 1897 507 3471 580">
     <span class='ocr_line' id='line_1_34' title="bbox 1897 507 3471 580; baseline 0.008 -19"><span class='ocrx_word' id='word_1_246' title='bbox 1897 508 2145 577; x_wconf 78' lang='lat' dir='ltr'><strong>proprias</strong></span> <span class='ocrx_word' id='word_1_247' title='bbox 2182 507 2466 579; x_wconf 79' lang='lat' dir='ltr'><strong>frangere?</strong></span> <span class='ocrx_word' id='word_1_248' title='bbox 2516 512 2592 565; x_wconf 91' lang='lat' dir='ltr'><strong>De</strong></span> <span class='ocrx_word' id='word_1_249' title='bbox 2627 527 2731 580; x_wconf 87' lang='lat' dir='ltr'><strong>qua</strong></span> <span class='ocrx_word' id='word_1_250' title='bbox 2764 511 3025 568; x_wconf 90' lang='lat' dir='ltr'><strong>fractione</strong></span> <span class='ocrx_word' id='word_1_251' title='bbox 3065 514 3275 571; x_wconf 80' lang='lat' dir='ltr'><strong>Veritas</strong></span> <span class='ocrx_word' id='word_1_252' title='bbox 3303 518 3471 573; x_wconf 89' lang='lat' dir='ltr'><strong>dicit:</strong></span> 
     </span>
    </p>
   </div>
   <div class='ocr_carea' id='block_1_35' title="bbox 1904 598 3475 678">
    <p class='ocr_par' dir='ltr' id='par_1_35' title="bbox 1904 598 3475 678">
     <span class='ocr_line' id='line_1_35' title="bbox 1904 598 3475 678; baseline 0.011 -31"><span class='ocrx_word' id='word_1_253' title='bbox 1904 616 1921 647; x_wconf 85' lang='grc'><em>‹</em></span> <span class='ocrx_word' id='word_1_254' title='bbox 1953 598 2154 652; x_wconf 90' lang='lat' dir='ltr'><strong>intrate</strong></span> <span class='ocrx_word' id='word_1_255' title='bbox 2189 614 2284 668; x_wconf 90' lang='lat' dir='ltr'><strong>per</strong></span> <span class='ocrx_word' id='word_1_256' title='bbox 2309 601 2610 669; x_wconf 80' lang='lat' dir='ltr'><strong>angustiam</strong></span> <span class='ocrx_word' id='word_1_257' title='bbox 2636 612 2847 672; x_wconf 90' lang='lat' dir='ltr'><strong>portam</strong></span> <span class='ocrx_word' id='word_1_258' title='bbox 2879 603 3093 675; x_wconf 77' lang='lat' dir='ltr'><strong>(Matth.</strong></span> <span class='ocrx_word' id='word_1_259' title='bbox 3132 607 3250 678; x_wconf 88' lang='lat' dir='ltr'><strong>vn).</strong></span> <span class='ocrx_word' id='word_1_260' title='bbox 3283 628 3301 659; x_wconf 73' lang='grc' dir='ltr'><strong><em>ι</em></strong></span> <span class='ocrx_word' id='word_1_261' title='bbox 3336 608 3475 675; x_wconf 87' lang='lat' dir='ltr'><strong>Quid</strong></span> 
     </span>
    </p>
   </div>
   <div class='ocr_carea' id='block_1_36' title="bbox 1899 688 3474 762">
    <p class='ocr_par' dir='ltr' id='par_1_36' title="bbox 1899 688 3474 762">
     <span class='ocr_line' id='line_1_36' title="bbox 1899 688 3474 762; baseline 0.006 -22"><span class='ocrx_word' id='word_1_262' title='bbox 1899 698 2078 742; x_wconf 89' lang='lat' dir='ltr'><strong>autem</strong></span> <span class='ocrx_word' id='word_1_263' title='bbox 2106 688 2268 741; x_wconf 91' lang='lat' dir='ltr'><strong>latius</strong></span> <span class='ocrx_word' id='word_1_264' title='bbox 2298 704 2462 757; x_wconf 90' lang='lat' dir='ltr'><strong>quam</strong></span> <span class='ocrx_word' id='word_1_265' title='bbox 2495 691 2657 746; x_wconf 89' lang='lat' dir='ltr'><strong>nullis</strong></span> <span class='ocrx_word' id='word_1_266' title='bbox 2680 694 2913 762; x_wconf 84' lang='lat' dir='ltr'><strong>propriis</strong></span> <span class='ocrx_word' id='word_1_267' title='bbox 2942 695 3305 752; x_wconf 72' lang='lat' dir='ltr'><strong>Voluntatibus</strong></span> <span class='ocrx_word' id='word_1_268' title='bbox 3333 698 3474 752; x_wconf 89' lang='lat' dir='ltr'><strong>relu-</strong></span> 
     </span>
    </p>
   </div>
   <div class='ocr_carea' id='block_1_37' title="bbox 1897 780 3474 852">
    <p class='ocr_par' dir='ltr' id='par_1_37' title="bbox 1897 780 3474 852">
     <span class='ocr_line' id='line_1_37' title="bbox 1897 780 3474 852; baseline 0.007 -20"><span class='ocrx_word' id='word_1_269' title='bbox 1897 780 2056 843; x_wconf 90' lang='lat' dir='ltr'><strong>ctari,</strong></span> <span class='ocrx_word' id='word_1_270' title='bbox 2095 786 2150 834; x_wconf 91' lang='lat' dir='ltr'><strong>et</strong></span> <span class='ocrx_word' id='word_1_271' title='bbox 2178 793 2611 848; x_wconf 89' lang='lat' dir='ltr'><strong>quaquaversum</strong></span> <span class='ocrx_word' id='word_1_272' title='bbox 2637 782 2899 852; x_wconf 88' lang='lat' dir='ltr'><strong>impulsus</strong></span> <span class='ocrx_word' id='word_1_273' title='bbox 2933 785 3144 840; x_wconf 88' lang='lat' dir='ltr'><strong>arbitrii</strong></span> <span class='ocrx_word' id='word_1_274' title='bbox 3172 787 3386 841; x_wconf 80' lang='lat' dir='ltr'><strong>duxerit</strong></span> <span class='ocrx_word' id='word_1_275' title='bbox 3415 804 3474 843; x_wconf 84' lang='lat' dir='ltr'><strong>se</strong></span> 
     </span>
    </p>
   </div>
   <div class='ocr_carea' id='block_1_38' title="bbox 1897 868 3471 945">
    <p class='ocr_par' dir='ltr' id='par_1_38' title="bbox 1897 868 3471 945">
     <span class='ocr_line' id='line_1_38' title="bbox 1897 868 3471 945; baseline 0.007 -24"><span class='ocrx_word' id='word_1_276' title='bbox 1897 868 2011 924; x_wconf 89' lang='lat' dir='ltr'><strong>sine</strong></span> <span class='ocrx_word' id='word_1_277' title='bbox 2036 871 2424 924; x_wconf 86' lang='lat' dir='ltr'><strong>retractatione</strong></span> <span class='ocrx_word' id='word_1_278' title='bbox 2452 869 2915 939; x_wconf 79' lang='lat' dir='ltr'><strong>ditfundere?-Qui</strong></span> <span class='ocrx_word' id='word_1_279' title='bbox 2944 890 3071 945; x_wconf 80' lang='lat' dir='ltr'><strong>ergo</strong></span> <span class='ocrx_word' id='word_1_280' title='bbox 3096 892 3192 945; x_wconf 91' lang='lat' dir='ltr'><strong>per</strong></span> <span class='ocrx_word' id='word_1_281' title='bbox 3220 877 3471 933; x_wconf 86' lang='lat' dir='ltr'><strong>ﬁduciam</strong></span> 
     </span>
    </p>
   </div>
   <div class='ocr_carea' id='block_1_39' title="bbox 1896 964 3473 1038">
    <p class='ocr_par' dir='ltr' id='par_1_39' title="bbox 1896 964 3473 1038">
     <span class='ocr_line' id='line_1_39' title="bbox 1896 964 3473 1038; baseline 0.006 -23"><span class='ocrx_word' id='word_1_282' title='bbox 1896 965 2199 1034; x_wconf 76' lang='lat' dir='ltr'><strong>sanctitatis</strong></span> <span class='ocrx_word' id='word_1_283' title='bbox 2254 966 2551 1036; x_wconf 89' lang='lat' dir='ltr'><strong>postposito</strong></span> <span class='ocrx_word' id='word_1_284' title='bbox 2606 965 2890 1020; x_wconf 89' lang='lat' dir='ltr'><strong>meliorum</strong></span> <span class='ocrx_word' id='word_1_285' title='bbox 2910 964 3111 1035; x_wconf 87' lang='lat' dir='ltr'><strong>judicio</strong></span> <span class='ocrx_word' id='word_1_286' title='bbox 3152 981 3209 1022; x_wconf 90' lang='lat' dir='ltr'><strong>se</strong></span> <span class='ocrx_word' id='word_1_287' title='bbox 3244 978 3473 1038; x_wconf 83' lang='lat' dir='ltr'><strong>sequun-</strong></span> 
     </span>
    </p>
   </div>
   <div class='ocr_carea' id='block_1_40' title="bbox 1896 1055 3473 1127">
    <p class='ocr_par' dir='ltr' id='par_1_40' title="bbox 1896 1055 3473 1127">
     <span class='ocr_line' id='line_1_40' title="bbox 1896 1055 3473 1127; baseline 0.004 -20"><span class='ocrx_word' id='word_1_288' title='bbox 1896 1061 2003 1119; x_wconf 90' lang='lat' dir='ltr'><strong>tur,</strong></span> <span class='ocrx_word' id='word_1_289' title='bbox 2041 1055 2209 1124; x_wconf 58' lang='lat' dir='ltr'><strong>quasi&#39;</strong></span> <span class='ocrx_word' id='word_1_290' title='bbox 2240 1071 2338 1126; x_wconf 89' lang='lat' dir='ltr'><strong>per</strong></span> <span class='ocrx_word' id='word_1_291' title='bbox 2378 1055 2585 1126; x_wconf 87' lang='lat' dir='ltr'><strong>plateas</strong></span> <span class='ocrx_word' id='word_1_292' title='bbox 2630 1064 2901 1127; x_wconf 84' lang='lat' dir='ltr'><strong>pergunt:</strong></span> <span class='ocrx_word' id='word_1_293' title='bbox 2925 1058 3021 1113; x_wconf 91' lang='lat' dir='ltr'><strong>sed</strong></span> <span class='ocrx_word' id='word_1_294' title='bbox 3060 1072 3171 1112; x_wconf 74' lang='lat' dir='ltr'><strong>.non</strong></span> <span class='ocrx_word' id='word_1_295' title='bbox 3208 1068 3335 1113; x_wconf 89' lang='lat' dir='ltr'><strong>sunt</strong></span> <span class='ocrx_word' id='word_1_296' title='bbox 3384 1076 3473 1114; x_wconf 92' lang='lat' dir='ltr'><strong>co-</strong></span> 
     </span>
    </p>
   </div>
   <div class='ocr_carea' id='block_1_41' title="bbox 1894 1144 3470 1215">
    <p class='ocr_par' dir='ltr' id='par_1_41' title="bbox 1894 1144 3470 1215">
     <span class='ocr_line' id='line_1_41' title="bbox 1894 1144 3470 1215; baseline 0.004 -18"><span class='ocrx_word' id='word_1_297' title='bbox 1894 1144 2026 1214; x_wconf 88' lang='lat' dir='ltr'><strong>gniti</strong></span> <span class='ocrx_word' id='word_1_298' title='bbox 2049 1144 2104 1199; x_wconf 92' lang='lat' dir='ltr'><strong>in</strong></span> <span class='ocrx_word' id='word_1_299' title='bbox 2132 1145 2348 1215; x_wconf 82' lang='lat' dir='ltr'><strong>plateis,</strong></span> <span class='ocrx_word' id='word_1_300' title='bbox 2370 1147 2497 1215; x_wconf 88' lang='lat' dir='ltr'><strong>quia</strong></span> <span class='ocrx_word' id='word_1_301' title='bbox 2528 1147 2595 1203; x_wconf 90' lang='lat' dir='ltr'><strong>de</strong></span> <span class='ocrx_word' id='word_1_302' title='bbox 2626 1148 2735 1201; x_wconf 88' lang='lat' dir='ltr'><strong>vita</strong></span> <span class='ocrx_word' id='word_1_303' title='bbox 2781 1162 2880 1202; x_wconf 90' lang='lat' dir='ltr'><strong>sua</strong></span> <span class='ocrx_word' id='word_1_304' title='bbox 2915 1148 3059 1205; x_wconf 87' lang='lat' dir='ltr'><strong>aliud</strong></span> <span class='ocrx_word' id='word_1_305' title='bbox 3090 1149 3470 1204; x_wconf 86' lang='lat' dir='ltr'><strong>dstenderant:</strong></span> 
     </span>
    </p>
   </div>
   <div class='ocr_carea' id='block_1_42' title="bbox 1893 1232 3475 1307">
    <p class='ocr_par' dir='ltr' id='par_1_42' title="bbox 1893 1232 3475 1307">
     <span class='ocr_line' id='line_1_42' title="bbox 1893 1232 3475 1307; baseline 0.004 -21"><span class='ocrx_word' id='word_1_306' title='bbox 1893 1233 2109 1303; x_wconf 86' lang='lat' dir='ltr'><strong>quando</strong></span> <span class='ocrx_word' id='word_1_307' title='bbox 2135 1232 2433 1303; x_wconf 87' lang='lat' dir='ltr'><strong>frangendo</strong></span> <span class='ocrx_word' id='word_1_308' title='bbox 2468 1234 2769 1289; x_wconf 85' lang='lat' dir='ltr'><strong>voluntates</strong></span> <span class='ocrx_word' id='word_1_309' title='bbox 2790 1236 3037 1306; x_wconf 89' lang='lat' dir='ltr'><strong>proprias</strong></span> <span class='ocrx_word' id='word_1_310' title='bbox 3063 1238 3119 1295; x_wconf 89' lang='lat' dir='ltr'><strong>in</strong></span> <span class='ocrx_word' id='word_1_311' title='bbox 3151 1247 3380 1307; x_wconf 89' lang='lat' dir='ltr'><strong>angusto</strong></span> <span class='ocrx_word' id='word_1_312' title='bbox 3416 1254 3475 1293; x_wconf 88' lang='lat' dir='ltr'><strong>se</strong></span> 
     </span>
    </p>
   </div>
   <div class='ocr_carea' id='block_1_43' title="bbox 1892 1322 3473 1383">
    <p class='ocr_par' dir='ltr' id='par_1_43' title="bbox 1892 1322 3473 1383">
     <span class='ocr_line' id='line_1_43' title="bbox 1892 1322 3473 1383; baseline 0.004 -7"><span class='ocrx_word' id='word_1_313' title='bbox 1892 1322 2027 1378; x_wconf 90' lang='lat' dir='ltr'><strong>calle</strong></span> <span class='ocrx_word' id='word_1_314' title='bbox 2076 1323 2403 1378; x_wconf 88' lang='lat' dir='ltr'><strong>retinebant.</strong></span> <span class='ocrx_word' id='word_1_315' title='bbox 2438 1324 2506 1379; x_wconf 87' lang='lat' dir='ltr'><strong>Et</strong></span> <span class='ocrx_word' id='word_1_316' title='bbox 2553 1324 2691 1380; x_wconf 86' lang='lat' dir='ltr'><strong>bene</strong></span> <span class='ocrx_word' id='word_1_317' title='bbox 2728 1325 2978 1379; x_wconf 84' lang='lat' dir='ltr'><strong>additur:</strong></span> <span class='ocrx_word' id='word_1_318' title='bbox 3010 1345 3028 1377; x_wconf 86' lang='grc'><strong>‹</strong></span> <span class='ocrx_word' id='word_1_319' title='bbox 3059 1327 3293 1382; x_wconf 74' lang='lat' dir='ltr'><strong>Adhaesit</strong></span> <span class='ocrx_word' id='word_1_320' title='bbox 3333 1330 3473 1383; x_wconf 89' lang='lat' dir='ltr'><strong>cutis</strong></span> 
     </span>
    </p>
   </div>
   <div class='ocr_carea' id='block_1_44' title="bbox 1891 1413 3474 1487">
    <p class='ocr_par' dir='ltr' id='par_1_44' title="bbox 1891 1413 3474 1487">
     <span class='ocr_line' id='line_1_44' title="bbox 1891 1413 3474 1487; baseline 0.004 -21"><span class='ocrx_word' id='word_1_321' title='bbox 1891 1426 2080 1466; x_wconf 91' lang='lat' dir='ltr'><strong>eorum</strong></span> <span class='ocrx_word' id='word_1_322' title='bbox 2110 1413 2345 1468; x_wconf 87' lang='lat' dir='ltr'><strong>ossibus.</strong></span> <span class='ocrx_word' id='word_1_323' title='bbox 2379 1433 2398 1465; x_wconf 73' lang='grc' dir='ltr'><strong><em>ι</em></strong></span> <span class='ocrx_word' id='word_1_324' title='bbox 2428 1413 2574 1481; x_wconf 85' lang='lat' dir='ltr'><strong>Quid</strong></span> <span class='ocrx_word' id='word_1_325' title='bbox 2608 1415 2662 1468; x_wconf 91' lang='lat' dir='ltr'><strong>in</strong></span> <span class='ocrx_word' id='word_1_326' title='bbox 2691 1430 2815 1470; x_wconf 89' lang='lat' dir='ltr'><strong>osse</strong></span> <span class='ocrx_word' id='word_1_327' title='bbox 2850 1415 2953 1470; x_wconf 90' lang='lat' dir='ltr'><strong>nisi</strong></span> <span class='ocrx_word' id='word_1_328' title='bbox 2983 1416 3181 1487; x_wconf 70' lang='lat' dir='ltr'><strong>duritia</strong></span> <span class='ocrx_word' id='word_1_329' title='bbox 3208 1417 3474 1473; x_wconf 86' lang='lat' dir='ltr'><strong>fortitudi-</strong></span> 
     </span>
    </p>
   </div>
   <div class='ocr_carea' id='block_1_45' title="bbox 1889 1504 3475 1577">
    <p class='ocr_par' dir='ltr' id='par_1_45' title="bbox 1889 1504 3475 1577">
     <span class='ocr_line' id='line_1_45' title="bbox 1889 1504 3475 1577; baseline 0.003 -19"><span class='ocrx_word' id='word_1_330' title='bbox 1889 1504 1993 1569; x_wconf 91' lang='lat' dir='ltr'><strong>nis,</strong></span> <span class='ocrx_word' id='word_1_331' title='bbox 2033 1505 2161 1574; x_wconf 83' lang='lat' dir='ltr'><strong>quid</strong></span> <span class='ocrx_word' id='word_1_332' title='bbox 2193 1507 2249 1560; x_wconf 92' lang='lat' dir='ltr'><strong>in</strong></span> <span class='ocrx_word' id='word_1_333' title='bbox 2274 1514 2397 1561; x_wconf 89' lang='lat' dir='ltr'><strong>cute</strong></span> <span class='ocrx_word' id='word_1_334' title='bbox 2426 1507 2527 1561; x_wconf 89' lang='lat' dir='ltr'><strong>nisi</strong></span> <span class='ocrx_word' id='word_1_335' title='bbox 2559 1507 2813 1563; x_wconf 88' lang='lat' dir='ltr'><strong>mollities</strong></span> <span class='ocrx_word' id='word_1_336' title='bbox 2844 1508 3165 1577; x_wconf 80' lang='lat' dir='ltr'><strong>exprimitur</strong></span> <span class='ocrx_word' id='word_1_337' title='bbox 3188 1509 3475 1563; x_wconf 84' lang='lat' dir='ltr'><strong>infirmita-</strong></span> 
     </span>
    </p>
   </div>
   <div class='ocr_carea' id='block_1_46' title="bbox 1890 1594 3471 1667">
    <p class='ocr_par' dir='ltr' id='par_1_46' title="bbox 1890 1594 3471 1667">
     <span class='ocr_line' id='line_1_46' title="bbox 1890 1594 3471 1667; baseline 0.004 -20"><span class='ocrx_word' id='word_1_338' title='bbox 1890 1594 1996 1648; x_wconf 89' lang='lat' dir='ltr'><strong>tis?</strong></span> <span class='ocrx_word' id='word_1_339' title='bbox 2044 1594 2197 1649; x_wconf 88' lang='lat' dir='ltr'><strong>Cutis</strong></span> <span class='ocrx_word' id='word_1_340' title='bbox 2244 1611 2376 1667; x_wconf 90' lang='lat' dir='ltr'><strong>ergo</strong></span> <span class='ocrx_word' id='word_1_341' title='bbox 2413 1609 2624 1651; x_wconf 87' lang='lat' dir='ltr'><strong>eorum</strong></span> <span class='ocrx_word' id='word_1_342' title='bbox 2654 1597 2932 1654; x_wconf 73' lang='lat' dir='ltr'><strong>adhaerere</strong></span> <span class='ocrx_word' id='word_1_343' title='bbox 2981 1598 3191 1653; x_wconf 86' lang='lat' dir='ltr'><strong>ossibus</strong></span> <span class='ocrx_word' id='word_1_344' title='bbox 3233 1594 3430 1653; x_wconf 88' lang='lat' dir='ltr'><strong>dicitur</strong></span> <span class='ocrx_word' id='word_1_345' title='bbox 3455 1639 3471 1664; x_wconf 93' lang='lat'><strong>,</strong></span> 
     </span>
    </p>
   </div>
   <div class='ocr_carea' id='block_1_47' title="bbox 1889 1682 3472 1754">
    <p class='ocr_par' dir='ltr' id='par_1_47' title="bbox 1889 1682 3472 1754">
     <span class='ocr_line' id='line_1_47' title="bbox 1889 1682 3472 1754; baseline 0.004 -19"><span class='ocrx_word' id='word_1_346' title='bbox 1889 1684 2015 1752; x_wconf 87' lang='lat' dir='ltr'><strong>quia</strong></span> <span class='ocrx_word' id='word_1_347' title='bbox 2044 1684 2111 1737; x_wconf 91' lang='lat' dir='ltr'><strong>ab</strong></span> <span class='ocrx_word' id='word_1_348' title='bbox 2144 1684 2224 1737; x_wconf 90' lang='lat' dir='ltr'><strong>eis</strong></span> <span class='ocrx_word' id='word_1_349' title='bbox 2271 1698 2437 1753; x_wconf 90' lang='lat' dir='ltr'><strong>prava</strong></span> <span class='ocrx_word' id='word_1_350' title='bbox 2471 1686 2851 1754; x_wconf 87' lang='lat' dir='ltr'><strong>sentientibus,</strong></span> <span class='ocrx_word' id='word_1_351' title='bbox 2892 1682 3178 1742; x_wconf 83' lang='lat' dir='ltr'><strong>infirmitas</strong></span> <span class='ocrx_word' id='word_1_352' title='bbox 3211 1688 3326 1743; x_wconf 88' lang='lat' dir='ltr'><strong>vitii</strong></span> <span class='ocrx_word' id='word_1_353' title='bbox 3370 1686 3472 1742; x_wconf 83' lang='lat' dir='ltr'><strong>du-</strong></span> 
     </span>
    </p>
   </div>
   <div class='ocr_carea' id='block_1_48' title="bbox 1814 1776 3474 1854">
    <p class='ocr_par' dir='ltr' id='par_1_48' title="bbox 1814 1776 3474 1854">
     <span class='ocr_line' id='line_1_48' title="bbox 1814 1776 3474 1854; baseline 0.007 -25"><span class='ocrx_word' id='word_1_354' title='bbox 1814 1782 1862 1842; x_wconf 84' lang='lat' dir='ltr'><strong>B</strong></span> <span class='ocrx_word' id='word_1_355' title='bbox 1890 1776 2015 1831; x_wconf 89' lang='lat' dir='ltr'><strong>ritia</strong></span> <span class='ocrx_word' id='word_1_356' title='bbox 2053 1778 2273 1832; x_wconf 83' lang='lat' dir='ltr'><strong>virtutis</strong></span> <span class='ocrx_word' id='word_1_357' title='bbox 2321 1788 2561 1849; x_wconf 86' lang='lat' dir='ltr'><strong>putatur.</strong></span> <span class='ocrx_word' id='word_1_358' title='bbox 2613 1782 2828 1837; x_wconf 85' lang='lat' dir='ltr'><strong>lnﬁrma</strong></span> <span class='ocrx_word' id='word_1_359' title='bbox 2895 1785 3040 1838; x_wconf 88' lang='lat' dir='ltr'><strong>enim</strong></span> <span class='ocrx_word' id='word_1_360' title='bbox 3086 1794 3213 1839; x_wconf 89' lang='lat' dir='ltr'><strong>sunt</strong></span> <span class='ocrx_word' id='word_1_361' title='bbox 3242 1800 3361 1854; x_wconf 63' lang='lat' dir='ltr'><strong>quae</strong></span> <span class='ocrx_word' id='word_1_362' title='bbox 3395 1786 3474 1841; x_wconf 89' lang='lat' dir='ltr'><strong>fa-</strong></span> 
     </span>
    </p>
   </div>
   <div class='ocr_carea' id='block_1_49' title="bbox 1883 1854 3476 1943">
    <p class='ocr_par' dir='ltr' id='par_1_49' title="bbox 1883 1854 3476 1943">
     <span class='ocr_line' id='line_1_49' title="bbox 1883 1854 3476 1943; baseline 0.007 -24"><span class='ocrx_word' id='word_1_363' title='bbox 1883 1854 2071 1936; x_wconf 79' lang='lat' dir='ltr'><strong>ciunt:</strong></span> <span class='ocrx_word' id='word_1_364' title='bbox 2101 1868 2226 1933; x_wconf 91' lang='lat' dir='ltr'><strong>sed,</strong></span> <span class='ocrx_word' id='word_1_365' title='bbox 2258 1868 2509 1924; x_wconf 89' lang='lat' dir='ltr'><strong>elationis</strong></span> <span class='ocrx_word' id='word_1_366' title='bbox 2538 1870 2734 1926; x_wconf 85' lang='lat' dir='ltr'><strong>fiducia</strong></span> <span class='ocrx_word' id='word_1_367' title='bbox 2767 1873 2996 1943; x_wconf 88' lang='lat' dir='ltr'><strong>decepti,</strong></span> <span class='ocrx_word' id='word_1_368' title='bbox 3032 1872 3259 1929; x_wconf 84' lang='lat' dir='ltr'><strong>fortibus</strong></span> <span class='ocrx_word' id='word_1_369' title='bbox 3281 1889 3344 1929; x_wconf 90' lang='lat' dir='ltr'><strong>ea</strong></span> <span class='ocrx_word' id='word_1_370' title='bbox 3387 1891 3476 1929; x_wconf 90' lang='lat' dir='ltr'><strong>su-</strong></span> 
     </span>
    </p>
   </div>
   <div class='ocr_carea' id='block_1_50' title="bbox 1882 1957 3469 2036">
    <p class='ocr_par' dir='ltr' id='par_1_50' title="bbox 1882 1957 3469 2036">
     <span class='ocr_line' id='line_1_50' title="bbox 1882 1957 3469 2036; baseline 0.006 -26"><span class='ocrx_word' id='word_1_371' title='bbox 1882 1957 2216 2025; x_wconf 90' lang='lat' dir='ltr'><strong>spicionibus</strong></span> <span class='ocrx_word' id='word_1_372' title='bbox 2255 1957 2518 2030; x_wconf 87' lang='lat' dir='ltr'><strong>jungunt,</strong></span> <span class='ocrx_word' id='word_1_373' title='bbox 2561 1971 2615 2017; x_wconf 91' lang='lat' dir='ltr'><strong>et</strong></span> <span class='ocrx_word' id='word_1_374' title='bbox 2646 1978 2751 2031; x_wconf 89' lang='lat' dir='ltr'><strong>quo</strong></span> <span class='ocrx_word' id='word_1_375' title='bbox 2780 1964 2847 2018; x_wconf 92' lang='lat' dir='ltr'><strong>de</strong></span> <span class='ocrx_word' id='word_1_376' title='bbox 2887 1978 2946 2018; x_wconf 92' lang='lat' dir='ltr'><strong>se</strong></span> <span class='ocrx_word' id='word_1_377' title='bbox 2985 1980 3178 2036; x_wconf 88' lang='lat' dir='ltr'><strong>magna</strong></span> <span class='ocrx_word' id='word_1_378' title='bbox 3210 1967 3469 2032; x_wconf 85' lang='lat' dir='ltr'><strong>sentiunt,</strong></span> 
     </span>
    </p>
   </div>
   <div class='ocr_carea' id='block_1_51' title="bbox 1883 2046 3472 2127">
    <p class='ocr_par' dir='ltr' id='par_1_51' title="bbox 1883 2046 3472 2127">
     <span class='ocr_line' id='line_1_51' title="bbox 1883 2046 3472 2127; baseline 0.008 -28"><span class='ocrx_word' id='word_1_379' title='bbox 1883 2060 1949 2100; x_wconf 93' lang='lat' dir='ltr'><strong>eo</strong></span> <span class='ocrx_word' id='word_1_380' title='bbox 1987 2046 2053 2099; x_wconf 89' lang='lat' dir='ltr'><strong>de</strong></span> <span class='ocrx_word' id='word_1_381' title='bbox 2115 2062 2212 2101; x_wconf 88' lang='lat' dir='ltr'><strong>sua</strong></span> <span class='ocrx_word' id='word_1_382' title='bbox 2270 2051 2510 2117; x_wconf 87' lang='lat' dir='ltr'><strong>nequitia</strong></span> <span class='ocrx_word' id='word_1_383' title='bbox 2557 2052 2835 2107; x_wconf 90' lang='lat' dir='ltr'><strong>emendari</strong></span> <span class='ocrx_word' id='word_1_384' title='bbox 2885 2063 3257 2111; x_wconf 85' lang='lat' dir='ltr'><strong>contemnunt.</strong></span> <span class='ocrx_word' id='word_1_385' title='bbox 3319 2054 3472 2127; x_wconf 85' lang='lat' dir='ltr'><strong>Unde</strong></span> 
     </span>
    </p>
   </div>
   <div class='ocr_carea' id='block_1_52' title="bbox 1883 2139 3473 2216">
    <p class='ocr_par' dir='ltr' id='par_1_52' title="bbox 1883 2139 3473 2216">
     <span class='ocr_line' id='line_1_52' title="bbox 1883 2139 3473 2216; baseline 0.006 -24"><span class='ocrx_word' id='word_1_386' title='bbox 1883 2146 1939 2192; x_wconf 93' lang='lat' dir='ltr'><strong>et</strong></span> <span class='ocrx_word' id='word_1_387' title='bbox 1986 2146 2133 2193; x_wconf 87' lang='lat' dir='ltr'><strong>recte</strong></span> <span class='ocrx_word' id='word_1_388' title='bbox 2185 2139 2583 2209; x_wconf 73' lang='lat' dir='ltr'><strong>subjungitur:</strong></span> <span class='ocrx_word' id='word_1_389' title='bbox 2631 2160 2649 2192; x_wconf 71' lang='grc' dir='ltr'>ς</span> <span class='ocrx_word' id='word_1_390' title='bbox 2690 2142 2849 2196; x_wconf 82' lang='lat' dir='ltr'><strong>Aruit</strong></span> <span class='ocrx_word' id='word_1_391' title='bbox 2897 2152 2952 2198; x_wconf 92' lang='lat' dir='ltr'><strong>et</strong></span> <span class='ocrx_word' id='word_1_392' title='bbox 2998 2144 3137 2200; x_wconf 88' lang='lat' dir='ltr'><strong>facta</strong></span> <span class='ocrx_word' id='word_1_393' title='bbox 3185 2154 3269 2200; x_wconf 91' lang='lat' dir='ltr'><strong>est</strong></span> <span class='ocrx_word' id='word_1_394' title='bbox 3318 2147 3473 2216; x_wconf 84' lang='lat' dir='ltr'><strong>quasi</strong></span> 
     </span>
    </p>
   </div>
   <div class='ocr_carea' id='block_1_53' title="bbox 1882 2227 3472 2302">
    <p class='ocr_par' dir='ltr' id='par_1_53' title="bbox 1882 2227 3472 2302">
     <span class='ocr_line' id='line_1_53' title="bbox 1882 2227 3472 2302; baseline 0.006 -21"><span class='ocrx_word' id='word_1_395' title='bbox 1882 2227 2110 2297; x_wconf 79' lang='lat' dir='ltr'><strong>lignum.</strong></span> <span class='ocrx_word' id='word_1_396' title='bbox 2145 2250 2163 2283; x_wconf 76' lang='grc' dir='ltr'><strong><em>ι</em></strong></span> <span class='ocrx_word' id='word_1_397' title='bbox 2215 2230 2382 2301; x_wconf 87' lang='lat' dir='ltr'><strong>Culpa</strong></span> <span class='ocrx_word' id='word_1_398' title='bbox 2434 2233 2631 2302; x_wconf 88' lang='lat' dir='ltr'><strong>quippe</strong></span> <span class='ocrx_word' id='word_1_399' title='bbox 2684 2248 2869 2288; x_wconf 86' lang='lat' dir='ltr'><strong>eorum</strong></span> <span class='ocrx_word' id='word_1_400' title='bbox 2910 2244 3061 2291; x_wconf 88' lang='lat' dir='ltr'><strong>tanto</strong></span> <span class='ocrx_word' id='word_1_401' title='bbox 3108 2237 3472 2291; x_wconf 87' lang='lat' dir='ltr'><strong>insensibiiior</strong></span> 
     </span>
    </p>
   </div>
   <div class='ocr_carea' id='block_1_54' title="bbox 1884 2319 3464 2391">
    <p class='ocr_par' dir='ltr' id='par_1_54' title="bbox 1884 2319 3464 2391">
     <span class='ocr_line' id='line_1_54' title="bbox 1884 2319 3464 2391; baseline 0.006 -20"><span class='ocrx_word' id='word_1_402' title='bbox 1884 2319 2129 2373; x_wconf 86' lang='lat' dir='ltr'><strong>redditur</strong></span> <span class='ocrx_word' id='word_1_403' title='bbox 2155 2337 2168 2373; x_wconf 93' lang='lat'><strong>:</strong></span> <span class='ocrx_word' id='word_1_404' title='bbox 2190 2330 2392 2389; x_wconf 91' lang='lat' dir='ltr'><strong>quanto</strong></span> <span class='ocrx_word' id='word_1_405' title='bbox 2413 2324 2553 2391; x_wconf 91' lang='lat' dir='ltr'><strong>apud</strong></span> <span class='ocrx_word' id='word_1_406' title='bbox 2579 2338 2673 2377; x_wconf 90' lang='lat' dir='ltr'><strong>eos</strong></span> <span class='ocrx_word' id='word_1_407' title='bbox 2706 2325 2870 2378; x_wconf 86' lang='lat' dir='ltr'><strong>etiam</strong></span> <span class='ocrx_word' id='word_1_408' title='bbox 2900 2324 3184 2382; x_wconf 87' lang='lat' dir='ltr'><strong>laudabilis</strong></span> <span class='ocrx_word' id='word_1_409' title='bbox 3213 2326 3464 2383; x_wconf 81' lang='lat' dir='ltr'><strong>habetur.</strong></span> 
     </span>
    </p>
   </div>
   <div class='ocr_carea' id='block_1_55' title="bbox 1885 2410 3468 2490">
    <p class='ocr_par' dir='ltr' id='par_1_55' title="bbox 1885 2410 3468 2490">
     <span class='ocr_line' id='line_1_55' title="bbox 1885 2410 3468 2490; baseline 0.006 -27"><span class='ocrx_word' id='word_1_410' title='bbox 1885 2410 2058 2476; x_wconf 85' lang='lat' dir='ltr'><strong>Quam</strong></span> <span class='ocrx_word' id='word_1_411' title='bbox 2101 2420 2249 2465; x_wconf 91' lang='lat' dir='ltr'><strong>recte</strong></span> <span class='ocrx_word' id='word_1_412' title='bbox 2288 2412 2496 2467; x_wconf 87' lang='lat' dir='ltr'><strong>aridam</strong></span> <span class='ocrx_word' id='word_1_413' title='bbox 2547 2416 2771 2479; x_wconf 90' lang='lat' dir='ltr'><strong>asserit,</strong></span> <span class='ocrx_word' id='word_1_414' title='bbox 2816 2416 2942 2485; x_wconf 89' lang='lat' dir='ltr'><strong>quia</strong></span> <span class='ocrx_word' id='word_1_415' title='bbox 2968 2417 3110 2471; x_wconf 89' lang='lat' dir='ltr'><strong>nulla</strong></span> <span class='ocrx_word' id='word_1_416' title='bbox 3145 2418 3227 2473; x_wconf 82' lang='lat' dir='ltr'><strong>sui</strong></span> <span class='ocrx_word' id='word_1_417' title='bbox 3262 2420 3468 2490; x_wconf 85' lang='lat' dir='ltr'><strong>cogita-</strong></span> 
     </span>
    </p>
   </div>
   <div class='ocr_carea' id='block_1_56' title="bbox 1885 2502 2358 2560">
    <p class='ocr_par' dir='ltr' id='par_1_56' title="bbox 1885 2502 2358 2560">
     <span class='ocr_line' id='line_1_56' title="bbox 1885 2502 2358 2560; baseline 0.004 -6"><span class='ocrx_word' id='word_1_418' title='bbox 1885 2502 2032 2556; x_wconf 87' lang='lat' dir='ltr'><strong>tione</strong></span> <span class='ocrx_word' id='word_1_419' title='bbox 2062 2504 2358 2560; x_wconf 77' lang='lat' dir='ltr'><strong>viridcscit.</strong></span> 
     </span>
    </p>
   </div>
   <div class='ocr_carea' id='block_1_57' title="bbox 1956 2590 3468 2671">
    <p class='ocr_par' dir='ltr' id='par_1_57' title="bbox 1956 2590 3468 2671">
     <span class='ocr_line' id='line_1_57' title="bbox 1956 2590 3468 2671; baseline 0.006 -25"><span class='ocrx_word' id='word_1_420' title='bbox 1956 2590 2138 2648; x_wconf 67' lang='lat' dir='ltr'><strong>Tllet/1.</strong></span> <span class='ocrx_word' id='word_1_421' title='bbox 2188 2614 2206 2645; x_wconf 71' lang='grc' dir='ltr'>ι</span> <span class='ocrx_word' id='word_1_422' title='bbox 2236 2595 2424 2651; x_wconf 82' lang='lat' dir='ltr'><strong>Melius</strong></span> <span class='ocrx_word' id='word_1_423' title='bbox 2464 2596 2565 2651; x_wconf 90' lang='lat' dir='ltr'><strong>fuit</strong></span> <span class='ocrx_word' id='word_1_424' title='bbox 2593 2598 2787 2654; x_wconf 86' lang='lat' dir='ltr'><strong>occisis</strong></span> <span class='ocrx_word' id='word_1_425' title='bbox 2811 2599 3008 2669; x_wconf 90' lang='lat' dir='ltr'><strong>gladio,</strong></span> <span class='ocrx_word' id='word_1_426' title='bbox 3046 2615 3207 2671; x_wconf 90' lang='lat' dir='ltr'><strong>quam</strong></span> <span class='ocrx_word' id='word_1_427' title='bbox 3247 2598 3468 2655; x_wconf 82' lang='lat' dir='ltr'><strong>interfe-</strong></span> 
     </span>
    </p>
   </div>
   <div class='ocr_carea' id='block_1_58' title="bbox 1890 2683 3467 2762">
    <p class='ocr_par' dir='ltr' id='par_1_58' title="bbox 1890 2683 3467 2762">
     <span class='ocr_line' id='line_1_58' title="bbox 1890 2683 3467 2762; baseline 0.008 -28"><span class='ocrx_word' id='word_1_428' title='bbox 1890 2700 1908 2734; x_wconf 83' lang='grc'><em>‹</em></span> <span class='ocrx_word' id='word_1_429' title='bbox 1946 2684 2048 2738; x_wconf 91' lang='lat' dir='ltr'><strong>ctis</strong></span> <span class='ocrx_word' id='word_1_430' title='bbox 2083 2683 2243 2749; x_wconf 91' lang='lat' dir='ltr'><strong>fame,</strong></span> <span class='ocrx_word' id='word_1_431' title='bbox 2278 2687 2537 2755; x_wconf 89' lang='lat' dir='ltr'><strong>quoniam</strong></span> <span class='ocrx_word' id='word_1_432' title='bbox 2572 2688 2665 2742; x_wconf 91' lang='lat' dir='ltr'><strong>isti</strong></span> <span class='ocrx_word' id='word_1_433' title='bbox 2706 2690 3070 2744; x_wconf 84' lang='lat' dir='ltr'><strong>extabuerunt</strong></span> <span class='ocrx_word' id='word_1_434' title='bbox 3098 2692 3406 2762; x_wconf 89' lang='lat' dir='ltr'><strong>consumpti</strong></span> <span class='ocrx_word' id='word_1_435' title='bbox 3435 2708 3467 2746; x_wconf 88' lang='lat' dir='ltr'><strong>a</strong></span> 
     </span>
    </p>
   </div>
   <div class='ocr_carea' id='block_1_59' title="bbox 1890 2776 3469 2851">
    <p class='ocr_par' dir='ltr' id='par_1_59' title="bbox 1890 2776 3469 2851">
     <span class='ocr_line' id='line_1_59' title="bbox 1890 2776 3469 2851; baseline 0.006 -25"><span class='ocrx_word' id='word_1_436' title='bbox 1890 2795 1907 2826; x_wconf 73' lang='grc' dir='ltr'>ι</span> <span class='ocrx_word' id='word_1_437' title='bbox 1944 2776 2229 2830; x_wconf 83' lang='lat' dir='ltr'><strong>sterilitate</strong></span> <span class='ocrx_word' id='word_1_438' title='bbox 2254 2786 2429 2832; x_wconf 69' lang='lat' dir='ltr'><strong>terrm.</strong></span> <span class='ocrx_word' id='word_1_439' title='bbox 2460 2799 2478 2831; x_wconf 76' lang='grc' dir='ltr'><strong><em>ι</em></strong></span> <span class='ocrx_word' id='word_1_440' title='bbox 2516 2780 2806 2851; x_wconf 69' lang='grc' dir='ltr'><strong>(ΜΑυιιυε.)</strong></span> <span class='ocrx_word' id='word_1_441' title='bbox 2828 2780 3099 2847; x_wconf 88' lang='lat' dir='ltr'><strong>Quantum</strong></span> <span class='ocrx_word' id='word_1_442' title='bbox 3127 2783 3195 2837; x_wconf 87' lang='lat' dir='ltr'><strong>ad</strong></span> <span class='ocrx_word' id='word_1_443' title='bbox 3213 2797 3469 2851; x_wconf 86' lang='lat' dir='ltr'><strong>compen-</strong></span> 
     </span>
    </p>
   </div>
   <div class='ocr_carea' id='block_1_60' title="bbox 1884 2867 3470 2945">
    <p class='ocr_par' dir='ltr' id='par_1_60' title="bbox 1884 2867 3470 2945">
     <span class='ocr_line' id='line_1_60' title="bbox 1884 2867 3470 2945; baseline 0.005 -24"><span class='ocrx_word' id='word_1_444' title='bbox 1884 2867 2032 2921; x_wconf 91' lang='lat' dir='ltr'><strong>dium</strong></span> <span class='ocrx_word' id='word_1_445' title='bbox 2061 2870 2257 2923; x_wconf 90' lang='lat' dir='ltr'><strong>mortis</strong></span> <span class='ocrx_word' id='word_1_446' title='bbox 2284 2872 2528 2940; x_wconf 86' lang='lat' dir='ltr'><strong>respicit,</strong></span> <span class='ocrx_word' id='word_1_447' title='bbox 2574 2872 2791 2927; x_wconf 90' lang='lat' dir='ltr'><strong>brevior</strong></span> <span class='ocrx_word' id='word_1_448' title='bbox 2819 2872 2923 2927; x_wconf 90' lang='lat' dir='ltr'><strong>fuit</strong></span> <span class='ocrx_word' id='word_1_449' title='bbox 2962 2889 3121 2944; x_wconf 78' lang='lat' dir='ltr'><strong>pmna</strong></span> <span class='ocrx_word' id='word_1_450' title='bbox 3161 2874 3338 2929; x_wconf 86' lang='lat' dir='ltr'><strong>subito</strong></span> <span class='ocrx_word' id='word_1_451' title='bbox 3364 2874 3470 2945; x_wconf 86' lang='lat' dir='ltr'><strong>gla-</strong></span> 
     </span>
    </p>
   </div>
   <div class='ocr_carea' id='block_1_61' title="bbox 1882 2954 3468 3033">
    <p class='ocr_par' dir='ltr' id='par_1_61' title="bbox 1882 2954 3468 3033">
     <span class='ocr_line' id='line_1_61' title="bbox 1882 2954 3468 3033; baseline 0.004 -18"><span class='ocrx_word' id='word_1_452' title='bbox 1882 2961 1972 3016; x_wconf 93' lang='lat' dir='ltr'><strong>dio</strong></span> <span class='ocrx_word' id='word_1_453' title='bbox 2002 2962 2333 3029; x_wconf 90' lang='lat' dir='ltr'><strong>occisorum,</strong></span> <span class='ocrx_word' id='word_1_454' title='bbox 2362 2979 2527 3033; x_wconf 86' lang='lat' dir='ltr'><strong>quam</strong></span> <span class='ocrx_word' id='word_1_455' title='bbox 2572 2964 2715 3020; x_wconf 86' lang='lat' dir='ltr'><strong>fame</strong></span> <span class='ocrx_word' id='word_1_456' title='bbox 2762 2975 2819 3020; x_wconf 92' lang='lat' dir='ltr'><strong>et</strong></span> <span class='ocrx_word' id='word_1_457' title='bbox 2866 2967 2959 3021; x_wconf 89' lang='lat' dir='ltr'><strong>siti</strong></span> <span class='ocrx_word' id='word_1_458' title='bbox 3009 2968 3099 3021; x_wconf 90' lang='lat' dir='ltr'><strong>diu</strong></span> <span class='ocrx_word' id='word_1_459' title='bbox 3131 2954 3468 3021; x_wconf 81' lang='lat' dir='ltr'><strong>excruciato-</strong></span> 
     </span>
    </p>
   </div>
   <div class='ocr_carea' id='block_1_62' title="bbox 1884 3044 3466 3126">
    <p class='ocr_par' dir='ltr' id='par_1_62' title="bbox 1884 3044 3466 3126">
     <span class='ocr_line' id='line_1_62' title="bbox 1884 3044 3466 3126; baseline 0.005 -22"><span class='ocrx_word' id='word_1_460' title='bbox 1884 3047 2026 3105; x_wconf 76' lang='lat' dir='ltr'><strong>rum.</strong></span> <span class='ocrx_word' id='word_1_461' title='bbox 2056 3052 2326 3120; x_wconf 88' lang='lat' dir='ltr'><strong>Quantum</strong></span> <span class='ocrx_word' id='word_1_462' title='bbox 2355 3070 2487 3109; x_wconf 87' lang='lat' dir='ltr'><strong>vero</strong></span> <span class='ocrx_word' id='word_1_463' title='bbox 2518 3056 2585 3109; x_wconf 91' lang='lat' dir='ltr'><strong>ad</strong></span> <span class='ocrx_word' id='word_1_464' title='bbox 2633 3056 2934 3126; x_wconf 82' lang='lat' dir='ltr'><strong>spiritalem</strong></span> <span class='ocrx_word' id='word_1_465' title='bbox 2963 3066 3179 3111; x_wconf 85' lang='lat' dir='ltr'><strong>sensum</strong></span> <span class='ocrx_word' id='word_1_466' title='bbox 3211 3044 3466 3125; x_wconf 86' lang='lat' dir='ltr'><strong>pertinet,</strong></span> 
     </span>
    </p>
   </div>
   <div class='ocr_carea' id='block_1_63' title="bbox 197 3129 3468 3218">
    <p class='ocr_par' dir='ltr' id='par_1_63' title="bbox 197 3129 3468 3218">
     <span class='ocr_line' id='line_1_63' title="bbox 197 3129 3468 3218; baseline 0.001 -20"><span class='ocrx_word' id='word_1_467' title='bbox 197 3142 543 3198; x_wconf 87' lang='lat' dir='ltr'><strong>candidiores</strong></span> <span class='ocrx_word' id='word_1_468' title='bbox 566 3140 719 3207; x_wconf 88' lang='lat' dir='ltr'><strong>nive,</strong></span> <span class='ocrx_word' id='word_1_469' title='bbox 752 3154 806 3196; x_wconf 88' lang='lat' dir='ltr'><strong>et</strong></span> <span class='ocrx_word' id='word_1_470' title='bbox 831 3141 1113 3196; x_wconf 88' lang='lat' dir='ltr'><strong>nitidiores</strong></span> <span class='ocrx_word' id='word_1_471' title='bbox 1143 3141 1282 3196; x_wconf 90' lang='lat' dir='ltr'><strong>lacte</strong></span> <span class='ocrx_word' id='word_1_472' title='bbox 1314 3142 1644 3197; x_wconf 82' lang='lat' dir='ltr'><strong>referuntur.</strong></span> <span class='ocrx_word' id='word_1_473' title='bbox 1676 3142 1777 3210; x_wconf 88' lang='lat' dir='ltr'><strong>Qui</strong></span> <span class='ocrx_word' id='word_1_474' title='bbox 1806 3129 1850 3190; x_wconf 85' lang='lat' dir='ltr'><strong>C</strong></span> <span class='ocrx_word' id='word_1_475' title='bbox 1883 3141 2075 3198; x_wconf 87' lang='lat' dir='ltr'><strong>melius</strong></span> <span class='ocrx_word' id='word_1_476' title='bbox 2120 3143 2223 3197; x_wconf 91' lang='lat' dir='ltr'><strong>fuit</strong></span> <span class='ocrx_word' id='word_1_477' title='bbox 2282 3145 2540 3215; x_wconf 89' lang='lat' dir='ltr'><strong>apostolis</strong></span> <span class='ocrx_word' id='word_1_478' title='bbox 2585 3154 2640 3201; x_wconf 91' lang='lat' dir='ltr'><strong>et</strong></span> <span class='ocrx_word' id='word_1_479' title='bbox 2688 3146 3129 3216; x_wconf 69' lang='lat' dir='ltr'><strong>praedicatoribus</strong></span> <span class='ocrx_word' id='word_1_480' title='bbox 3171 3148 3468 3218; x_wconf 79' lang='lat' dir='ltr'><strong>Evangelii,</strong></span> 
     </span>
    </p>
   </div>
   <div class='ocr_carea' id='block_1_64' title="bbox 198 3232 1781 3305">
    <p class='ocr_par' dir='ltr' id='par_1_64' title="bbox 198 3232 1781 3305">
     <span class='ocr_line' id='line_1_64' title="bbox 198 3232 1781 3305; baseline 0.002 -16"><span class='ocrx_word' id='word_1_481' title='bbox 198 3236 366 3290; x_wconf 88' lang='lat' dir='ltr'><strong>etiam</strong></span> <span class='ocrx_word' id='word_1_482' title='bbox 387 3274 402 3299; x_wconf 91' lang='lat'><strong>,</strong></span> <span class='ocrx_word' id='word_1_483' title='bbox 438 3233 563 3302; x_wconf 85' lang='lat' dir='ltr'><strong>quia</strong></span> <span class='ocrx_word' id='word_1_484' title='bbox 603 3248 700 3303; x_wconf 89' lang='lat' dir='ltr'><strong>per</strong></span> <span class='ocrx_word' id='word_1_485' title='bbox 731 3232 999 3289; x_wconf 86' lang='lat' dir='ltr'><strong>fervorem</strong></span> <span class='ocrx_word' id='word_1_486' title='bbox 1042 3234 1297 3302; x_wconf 71' lang='lat' dir='ltr'><strong>spiritus,</strong></span> <span class='ocrx_word' id='word_1_487' title='bbox 1340 3236 1685 3305; x_wconf 87' lang='lat' dir='ltr'><strong>antiquorum</strong></span> <span class='ocrx_word' id='word_1_488' title='bbox 1717 3253 1781 3293; x_wconf 90' lang='lat' dir='ltr'><strong>ac</strong></span> 
     </span>
    </p>
   </div>
   <div class='ocr_carea' id='block_1_65' title="bbox 196 3328 1782 3396">
    <p class='ocr_par' dir='ltr' id='par_1_65' title="bbox 196 3328 1782 3396">
     <span class='ocr_line' id='line_1_65' title="bbox 196 3328 1782 3396; baseline 0.002 -15"><span class='ocrx_word' id='word_1_489' title='bbox 196 3328 420 3383; x_wconf 83' lang='lat' dir='ltr'><strong>fortium</strong></span> <span class='ocrx_word' id='word_1_490' title='bbox 454 3336 671 3396; x_wconf 90' lang='lat' dir='ltr'><strong>patrum</strong></span> <span class='ocrx_word' id='word_1_491' title='bbox 698 3341 1080 3396; x_wconf 89' lang='lat' dir='ltr'><strong>nonnunquam</strong></span> <span class='ocrx_word' id='word_1_492' title='bbox 1112 3328 1330 3382; x_wconf 89' lang='lat' dir='ltr'><strong>vincere</strong></span> <span class='ocrx_word' id='word_1_493' title='bbox 1365 3329 1530 3383; x_wconf 89' lang='lat' dir='ltr'><strong>vitam</strong></span> <span class='ocrx_word' id='word_1_494' title='bbox 1562 3330 1782 3384; x_wconf 86' lang='lat' dir='ltr'><strong>videan-</strong></span> 
     </span>
    </p>
   </div>
   <div class='ocr_carea' id='block_1_66' title="bbox 196 3417 1773 3489">
    <p class='ocr_par' dir='ltr' id='par_1_66' title="bbox 196 3417 1773 3489">
     <span class='ocr_line' id='line_1_66' title="bbox 196 3417 1773 3489; baseline -0.001 -16"><span class='ocrx_word' id='word_1_495' title='bbox 196 3428 313 3484; x_wconf 88' lang='lat' dir='ltr'><strong>tur,</strong></span> <span class='ocrx_word' id='word_1_496' title='bbox 329 3428 473 3473; x_wconf 88' lang='lat' dir='ltr'><strong>recte</strong></span> <span class='ocrx_word' id='word_1_497' title='bbox 489 3418 825 3488; x_wconf 88' lang='lat' dir='ltr'><strong>adjungitur:</strong></span> <span class='ocrx_word' id='word_1_498' title='bbox 849 3435 865 3467; x_wconf 77' lang='grc' dir='ltr'>ι</span> <span class='ocrx_word' id='word_1_499' title='bbox 879 3417 1307 3472; x_wconf 74' lang='lat' dir='ltr'><strong>ltubicundiores</strong></span> <span class='ocrx_word' id='word_1_500' title='bbox 1320 3419 1482 3474; x_wconf 89' lang='lat' dir='ltr'><strong>ebore</strong></span> <span class='ocrx_word' id='word_1_501' title='bbox 1497 3420 1738 3489; x_wconf 82' lang='lat' dir='ltr'><strong>antiquo.</strong></span> <span class='ocrx_word' id='word_1_502' title='bbox 1754 3439 1773 3471; x_wconf 72' lang='grc' dir='ltr'>ι</span> 
     </span>
    </p>
   </div>
   <div class='ocr_carea' id='block_1_67' title="bbox 193 3507 1782 3577">
    <p class='ocr_par' dir='ltr' id='par_1_67' title="bbox 193 3507 1782 3577">
     <span class='ocr_line' id='line_1_67' title="bbox 193 3507 1782 3577; baseline 0.001 -14"><span class='ocrx_word' id='word_1_503' title='bbox 193 3509 338 3563; x_wconf 88' lang='lat' dir='ltr'><strong>Dum</strong></span> <span class='ocrx_word' id='word_1_504' title='bbox 380 3508 521 3562; x_wconf 92' lang='lat' dir='ltr'><strong>enim</strong></span> <span class='ocrx_word' id='word_1_505' title='bbox 554 3507 769 3561; x_wconf 87' lang='lat' dir='ltr'><strong>ruboris</strong></span> <span class='ocrx_word' id='word_1_506' title='bbox 801 3522 997 3562; x_wconf 87' lang='lat' dir='ltr'><strong>nomen</strong></span> <span class='ocrx_word' id='word_1_507' title='bbox 1039 3508 1387 3577; x_wconf 88' lang='lat' dir='ltr'><strong>imprimitur,</strong></span> <span class='ocrx_word' id='word_1_508' title='bbox 1423 3511 1596 3564; x_wconf 90' lang='lat' dir='ltr'><strong>sancti</strong></span> <span class='ocrx_word' id='word_1_509' title='bbox 1642 3511 1782 3565; x_wconf 89' lang='lat' dir='ltr'><strong>desi-</strong></span> 
     </span>
    </p>
   </div>
   <div class='ocr_carea' id='block_1_68' title="bbox 195 3595 1780 3670">
    <p class='ocr_par' dir='ltr' id='par_1_68' title="bbox 195 3595 1780 3670">
     <span class='ocr_line' id='line_1_68' title="bbox 195 3595 1780 3670; baseline 0.001 -17"><span class='ocrx_word' id='word_1_510' title='bbox 195 3599 330 3653; x_wconf 87' lang='lat' dir='ltr'><strong>derii</strong></span> <span class='ocrx_word' id='word_1_511' title='bbox 360 3599 574 3651; x_wconf 79' lang='lat' dir='ltr'><strong>flamma</strong></span> <span class='ocrx_word' id='word_1_512' title='bbox 605 3595 869 3668; x_wconf 79' lang='lat' dir='ltr'><strong>signatur.</strong></span> <span class='ocrx_word' id='word_1_513' title='bbox 898 3597 1044 3651; x_wconf 86' lang='lat' dir='ltr'><strong>Ebur</strong></span> <span class='ocrx_word' id='word_1_514' title='bbox 1072 3613 1202 3653; x_wconf 90' lang='lat' dir='ltr'><strong>vero</strong></span> <span class='ocrx_word' id='word_1_515' title='bbox 1235 3613 1355 3653; x_wconf 86' lang='lat' dir='ltr'><strong>esse</strong></span> <span class='ocrx_word' id='word_1_516' title='bbox 1377 3614 1437 3653; x_wconf 92' lang='lat' dir='ltr'><strong>os</strong></span> <span class='ocrx_word' id='word_1_517' title='bbox 1464 3614 1780 3670; x_wconf 81' lang='lat' dir='ltr'><strong>magnorum</strong></span> 
     </span>
    </p>
   </div>
   <div class='ocr_carea' id='block_1_69' title="bbox 196 3679 1781 3764">
    <p class='ocr_par' dir='ltr' id='par_1_69' title="bbox 196 3679 1781 3764">
     <span class='ocr_line' id='line_1_69' title="bbox 196 3679 1781 3764; baseline 0.003 -17"><span class='ocrx_word' id='word_1_518' title='bbox 196 3693 513 3747; x_wconf 86' lang='lat' dir='ltr'><strong>animalium</strong></span> <span class='ocrx_word' id='word_1_519' title='bbox 545 3709 650 3747; x_wconf 92' lang='lat' dir='ltr'><strong>non</strong></span> <span class='ocrx_word' id='word_1_520' title='bbox 680 3694 1005 3762; x_wconf 81' lang='lat' dir='ltr'><strong>ignoramus.</strong></span> <span class='ocrx_word' id='word_1_521' title='bbox 1033 3694 1207 3748; x_wconf 89' lang='lat' dir='ltr'><strong>Ebore</strong></span> <span class='ocrx_word' id='word_1_522' title='bbox 1226 3679 1425 3763; x_wconf 79' lang='lat' dir='ltr'><strong>itaque</strong></span> <span class='ocrx_word' id='word_1_523' title='bbox 1445 3696 1668 3764; x_wconf 87' lang='lat' dir='ltr'><strong>antiquo</strong></span> <span class='ocrx_word' id='word_1_524' title='bbox 1691 3712 1781 3751; x_wconf 85' lang='lat' dir='ltr'><strong>ru-</strong></span> 
     </span>
    </p>
   </div>
   <div class='ocr_carea' id='block_1_70' title="bbox 193 3785 1779 3860">
    <p class='ocr_par' dir='ltr' id='par_1_70' title="bbox 193 3785 1779 3860">
     <span class='ocr_line' id='line_1_70' title="bbox 193 3785 1779 3860; baseline 0.003 -19"><span class='ocrx_word' id='word_1_525' title='bbox 193 3786 544 3841; x_wconf 87' lang='lat' dir='ltr'><strong>bicundiores</strong></span> <span class='ocrx_word' id='word_1_526' title='bbox 588 3794 733 3847; x_wconf 91' lang='lat' dir='ltr'><strong>sunt,</strong></span> <span class='ocrx_word' id='word_1_527' title='bbox 762 3785 887 3853; x_wconf 86' lang='lat' dir='ltr'><strong>quia</strong></span> <span class='ocrx_word' id='word_1_528' title='bbox 933 3800 1075 3854; x_wconf 60' lang='lat' dir='ltr'><strong>stupe</strong></span> <span class='ocrx_word' id='word_1_529' title='bbox 1122 3796 1245 3839; x_wconf 92' lang='lat' dir='ltr'><strong>ante</strong></span> <span class='ocrx_word' id='word_1_530' title='bbox 1297 3786 1561 3860; x_wconf 80' lang='lat' dir='ltr'><strong>humanos</strong></span> <span class='ocrx_word' id='word_1_531' title='bbox 1593 3789 1779 3845; x_wconf 89' lang='lat' dir='ltr'><strong>oculos</strong></span> 
     </span>
    </p>
   </div>
   <div class='ocr_carea' id='block_1_71' title="bbox 194 3874 1779 3944">
    <p class='ocr_par' dir='ltr' id='par_1_71' title="bbox 194 3874 1779 3944">
     <span class='ocr_line' id='line_1_71' title="bbox 194 3874 1779 3944; baseline 0.002 -13"><span class='ocrx_word' id='word_1_532' title='bbox 194 3876 467 3931; x_wconf 89' lang='lat' dir='ltr'><strong>nonnullis</strong></span> <span class='ocrx_word' id='word_1_533' title='bbox 504 3874 931 3944; x_wconf 71' lang='lat' dir='ltr'><strong>przecetieutibus</strong></span> <span class='ocrx_word' id='word_1_534' title='bbox 968 3876 1215 3943; x_wconf 87' lang='lat' dir='ltr'><strong>patribus</strong></span> <span class='ocrx_word' id='word_1_535' title='bbox 1242 3877 1403 3929; x_wconf 89' lang='lat' dir='ltr'><strong>studii</strong></span> <span class='ocrx_word' id='word_1_536' title='bbox 1440 3876 1779 3935; x_wconf 84' lang='lat' dir='ltr'><strong>ferventioris</strong></span> 
     </span>
    </p>
   </div>
   <div class='ocr_carea' id='block_1_72' title="bbox 195 3964 1780 4034">
    <p class='ocr_par' dir='ltr' id='par_1_72' title="bbox 195 3964 1780 4034">
     <span class='ocr_line' id='line_1_72' title="bbox 195 3964 1780 4034; baseline 0.004 -15"><span class='ocrx_word' id='word_1_537' title='bbox 195 3966 460 4020; x_wconf 80' lang='lat' dir='ltr'><strong>existunt.</strong></span> <span class='ocrx_word' id='word_1_538' title='bbox 504 3965 575 4019; x_wconf 91' lang='lat' dir='ltr'><strong>De</strong></span> <span class='ocrx_word' id='word_1_539' title='bbox 615 3964 810 4034; x_wconf 90' lang='lat' dir='ltr'><strong>quibus</strong></span> <span class='ocrx_word' id='word_1_540' title='bbox 841 3974 900 4018; x_wconf 91' lang='lat' dir='ltr'><strong>ut</strong></span> <span class='ocrx_word' id='word_1_541' title='bbox 929 3974 1099 4019; x_wconf 90' lang='lat' dir='ltr'><strong>totum</strong></span> <span class='ocrx_word' id='word_1_542' title='bbox 1137 3967 1297 4021; x_wconf 88' lang='lat' dir='ltr'><strong>simul</strong></span> <span class='ocrx_word' id='word_1_543' title='bbox 1325 3971 1643 4023; x_wconf 84' lang='lat' dir='ltr'><strong>ostendatur</strong></span> <span class='ocrx_word' id='word_1_544' title='bbox 1686 3971 1780 4025; x_wconf 91' lang='lat' dir='ltr'><strong>ad-</strong></span> 
     </span>
    </p>
   </div>
   <div class='ocr_carea' id='block_1_73' title="bbox 185 4052 1777 4129">
    <p class='ocr_par' dir='ltr' id='par_1_73' title="bbox 185 4052 1777 4129">
     <span class='ocr_line' id='line_1_73' title="bbox 185 4052 1777 4129; baseline 0.004 -22"><span class='ocrx_word' id='word_1_545' title='bbox 185 4055 473 4125; x_wconf 81' lang='lat' dir='ltr'><strong>jungitur:</strong></span> <span class='ocrx_word' id='word_1_546' title='bbox 506 4073 524 4104; x_wconf 73' lang='grc' dir='ltr'>ι</span> <span class='ocrx_word' id='word_1_547' title='bbox 566 4052 832 4124; x_wconf 85' lang='lat' dir='ltr'><strong>Sapphiro</strong></span> <span class='ocrx_word' id='word_1_548' title='bbox 860 4054 1225 4125; x_wconf 81' lang='lat' dir='ltr'><strong>pulchriores.</strong></span> <span class='ocrx_word' id='word_1_549' title='bbox 1260 4077 1277 4108; x_wconf 73' lang='grc' dir='ltr'><strong>ι</strong></span> <span class='ocrx_word' id='word_1_550' title='bbox 1306 4056 1777 4129; x_wconf 61' lang='lat' dir='ltr'><strong>IEtiiereiquippe</strong></span> 
     </span>
    </p>
   </div>
   <div class='ocr_carea' id='block_1_74' title="bbox 191 4145 1777 4223">
    <p class='ocr_par' dir='ltr' id='par_1_74' title="bbox 191 4145 1777 4223">
     <span class='ocr_line' id='line_1_74' title="bbox 191 4145 1777 4223; baseline 0.001 -20"><span class='ocrx_word' id='word_1_551' title='bbox 191 4147 392 4203; x_wconf 86' lang='lat' dir='ltr'><strong>coloris</strong></span> <span class='ocrx_word' id='word_1_552' title='bbox 426 4154 510 4203; x_wconf 90' lang='lat' dir='ltr'><strong>est</strong></span> <span class='ocrx_word' id='word_1_553' title='bbox 552 4145 861 4215; x_wconf 75' lang='lat' dir='ltr'><strong>sappilirus,</strong></span> <span class='ocrx_word' id='word_1_554' title='bbox 904 4155 961 4200; x_wconf 90' lang='lat' dir='ltr'><strong>et</strong></span> <span class='ocrx_word' id='word_1_555' title='bbox 1010 4147 1136 4215; x_wconf 91' lang='lat' dir='ltr'><strong>quia</strong></span> <span class='ocrx_word' id='word_1_556' title='bbox 1171 4149 1535 4215; x_wconf 61' lang='lat' dir='ltr'><strong>praecedentes</strong></span> <span class='ocrx_word' id='word_1_557' title='bbox 1582 4151 1777 4223; x_wconf 80' lang='lat' dir='ltr'><strong>niultos</strong></span> 
     </span>
    </p>
   </div>
   <div class='ocr_carea' id='block_1_75' title="bbox 191 4235 1779 4306">
    <p class='ocr_par' dir='ltr' id='par_1_75' title="bbox 191 4235 1779 4306">
     <span class='ocr_line' id='line_1_75' title="bbox 191 4235 1779 4306; baseline 0.001 -14"><span class='ocrx_word' id='word_1_558' title='bbox 191 4248 358 4306; x_wconf 90' lang='lat' dir='ltr'><strong>atque</strong></span> <span class='ocrx_word' id='word_1_559' title='bbox 384 4235 451 4289; x_wconf 89' lang='lat' dir='ltr'><strong>ad</strong></span> <span class='ocrx_word' id='word_1_560' title='bbox 480 4250 705 4304; x_wconf 86' lang='lat' dir='ltr'><strong>superna</strong></span> <span class='ocrx_word' id='word_1_561' title='bbox 738 4235 1040 4302; x_wconf 83' lang='lat' dir='ltr'><strong>tendentes,</strong></span> <span class='ocrx_word' id='word_1_562' title='bbox 1068 4251 1164 4305; x_wconf 91' lang='lat' dir='ltr'><strong>per</strong></span> <span class='ocrx_word' id='word_1_563' title='bbox 1190 4236 1465 4292; x_wconf 74' lang='lat' dir='ltr'><strong>cmlestcm</strong></span> <span class='ocrx_word' id='word_1_564' title='bbox 1496 4254 1779 4294; x_wconf 88' lang='lat' dir='ltr'><strong>conversa-</strong></span> 
     </span>
    </p>
   </div>
   <div class='ocr_carea' id='block_1_76' title="bbox 194 4327 1777 4401">
    <p class='ocr_par' dir='ltr' id='par_1_76' title="bbox 194 4327 1777 4401">
     <span class='ocr_line' id='line_1_76' title="bbox 194 4327 1777 4401; baseline 0.001 -17"><span class='ocrx_word' id='word_1_565' title='bbox 194 4329 399 4384; x_wconf 89' lang='lat' dir='ltr'><strong>tionem</strong></span> <span class='ocrx_word' id='word_1_566' title='bbox 438 4327 686 4381; x_wconf 87' lang='lat' dir='ltr'><strong>videntur</strong></span> <span class='ocrx_word' id='word_1_567' title='bbox 733 4327 970 4392; x_wconf 87' lang='lat' dir='ltr'><strong>vincere,</strong></span> <span class='ocrx_word' id='word_1_568' title='bbox 1017 4337 1308 4381; x_wconf 86' lang='lat' dir='ltr'><strong>narrantur</strong></span> <span class='ocrx_word' id='word_1_569' title='bbox 1361 4330 1615 4399; x_wconf 78' lang='lat' dir='ltr'><strong>sappiiiro</strong></span> <span class='ocrx_word' id='word_1_570' title='bbox 1661 4331 1777 4401; x_wconf 90' lang='lat' dir='ltr'><strong>pul-</strong></span> 
     </span>
    </p>
   </div>
   <div class='ocr_carea' id='block_1_77' title="bbox 191 4422 1773 4492">
    <p class='ocr_par' dir='ltr' id='par_1_77' title="bbox 191 4422 1773 4492">
     <span class='ocr_line' id='line_1_77' title="bbox 191 4422 1773 4492; baseline 0 -14"><span class='ocrx_word' id='word_1_571' title='bbox 191 4424 441 4478; x_wconf 82' lang='lat' dir='ltr'><strong>chriores</strong></span> <span class='ocrx_word' id='word_1_572' title='bbox 495 4422 785 4477; x_wconf 79' lang='lat' dir='ltr'><strong>exstitisse.</strong></span> <span class='ocrx_word' id='word_1_573' title='bbox 834 4422 942 4477; x_wconf 88' lang='lat' dir='ltr'><strong>Sed</strong></span> <span class='ocrx_word' id='word_1_574' title='bbox 988 4422 1306 4492; x_wconf 87' lang='lat' dir='ltr'><strong>plerumque</strong></span> <span class='ocrx_word' id='word_1_575' title='bbox 1340 4422 1472 4477; x_wconf 85' lang='lat' dir='ltr'><strong>dum</strong></span> <span class='ocrx_word' id='word_1_576' title='bbox 1515 4424 1773 4478; x_wconf 85' lang='lat' dir='ltr'><strong>virtutum</strong></span> 
     </span>
    </p>
   </div>
   <div class='ocr_carea' id='block_1_78' title="bbox 190 4513 1774 4583">
    <p class='ocr_par' dir='ltr' id='par_1_78' title="bbox 190 4513 1774 4583">
     <span class='ocr_line' id='line_1_78' title="bbox 190 4513 1774 4583; baseline 0.001 -15"><span class='ocrx_word' id='word_1_577' title='bbox 190 4515 349 4581; x_wconf 78' lang='lat' dir='ltr'><strong>capia</strong></span> <span class='ocrx_word' id='word_1_578' title='bbox 378 4514 543 4566; x_wconf 89' lang='lat' dir='ltr'><strong>etiam</strong></span> <span class='ocrx_word' id='word_1_579' title='bbox 564 4513 849 4582; x_wconf 88' lang='lat' dir='ltr'><strong>plusquam</strong></span> <span class='ocrx_word' id='word_1_580' title='bbox 867 4514 1085 4582; x_wconf 80' lang='lat' dir='ltr'><strong>expedit</strong></span> <span class='ocrx_word' id='word_1_581' title='bbox 1109 4522 1479 4582; x_wconf 90' lang='lat' dir='ltr'><strong>prosperatur,</strong></span> <span class='ocrx_word' id='word_1_582' title='bbox 1502 4513 1557 4567; x_wconf 90' lang='lat' dir='ltr'><strong>in</strong></span> <span class='ocrx_word' id='word_1_583' title='bbox 1582 4530 1774 4583; x_wconf 88' lang='lat' dir='ltr'><strong>quam-</strong></span> 
     </span>
    </p>
   </div>
   <div class='ocr_carea' id='block_1_79' title="bbox 192 4604 1772 4680">
    <p class='ocr_par' dir='ltr' id='par_1_79' title="bbox 192 4604 1772 4680">
     <span class='ocr_line' id='line_1_79' title="bbox 192 4604 1772 4680; baseline 0.003 -22"><span class='ocrx_word' id='word_1_584' title='bbox 192 4606 319 4659; x_wconf 89' lang='lat' dir='ltr'><strong>dam</strong></span> <span class='ocrx_word' id='word_1_585' title='bbox 350 4605 430 4658; x_wconf 90' lang='lat' dir='ltr'><strong>sui</strong></span> <span class='ocrx_word' id='word_1_586' title='bbox 469 4604 720 4665; x_wconf 78' lang='lat' dir='ltr'><strong>fiduciam</strong></span> <span class='ocrx_word' id='word_1_587' title='bbox 769 4621 925 4660; x_wconf 88' lang='lat' dir='ltr'><strong>mens</strong></span> <span class='ocrx_word' id='word_1_588' title='bbox 955 4607 1261 4671; x_wconf 87' lang='lat' dir='ltr'><strong>adducitur,</strong></span> <span class='ocrx_word' id='word_1_589' title='bbox 1299 4615 1353 4660; x_wconf 91' lang='lat' dir='ltr'><strong>et</strong></span> <span class='ocrx_word' id='word_1_590' title='bbox 1381 4607 1605 4680; x_wconf 88' lang='lat' dir='ltr'><strong>decepta</strong></span> <span class='ocrx_word' id='word_1_591' title='bbox 1634 4624 1772 4677; x_wconf 71' lang='lat' dir='ltr'><strong>prte-</strong></span> 
     </span>
    </p>
   </div>
   <div class='ocr_carea' id='block_1_80' title="bbox 189 4695 1774 4766">
    <p class='ocr_par' dir='ltr' id='par_1_80' title="bbox 189 4695 1774 4766">
     <span class='ocr_line' id='line_1_80' title="bbox 189 4695 1774 4766; baseline 0.001 -15"><span class='ocrx_word' id='word_1_592' title='bbox 189 4696 497 4765; x_wconf 89' lang='lat' dir='ltr'><strong>sumptione</strong></span> <span class='ocrx_word' id='word_1_593' title='bbox 528 4695 766 4765; x_wconf 85' lang='lat' dir='ltr'><strong>prepria,</strong></span> <span class='ocrx_word' id='word_1_594' title='bbox 812 4695 1034 4764; x_wconf 85' lang='lat' dir='ltr'><strong>repente</strong></span> <span class='ocrx_word' id='word_1_595' title='bbox 1076 4704 1299 4765; x_wconf 87' lang='lat' dir='ltr'><strong>peccato</strong></span> <span class='ocrx_word' id='word_1_596' title='bbox 1335 4697 1663 4766; x_wconf 89' lang='lat' dir='ltr'><strong>subripiente</strong></span> <span class='ocrx_word' id='word_1_597' title='bbox 1690 4698 1774 4752; x_wconf 89' lang='lat' dir='ltr'><strong>fu-</strong></span> 
     </span>
    </p>
   </div>
   <div class='ocr_carea' id='block_1_81' title="bbox 190 4776 1773 4859">
    <p class='ocr_par' dir='ltr' id='par_1_81' title="bbox 190 4776 1773 4859">
     <span class='ocr_line' id='line_1_81' title="bbox 190 4776 1773 4859; baseline 0.002 -16"><span class='ocrx_word' id='word_1_598' title='bbox 190 4800 393 4843; x_wconf 88' lang='lat' dir='ltr'><strong>scatur.</strong></span> <span class='ocrx_word' id='word_1_599' title='bbox 425 4781 577 4843; x_wconf 86' lang='lat' dir='ltr'><strong>Unde</strong></span> <span class='ocrx_word' id='word_1_600' title='bbox 610 4797 754 4847; x_wconf 87' lang='lat' dir='ltr'><strong>recte</strong></span> <span class='ocrx_word' id='word_1_601' title='bbox 779 4786 1119 4857; x_wconf 87' lang='lat' dir='ltr'><strong>subjungitur</strong></span> <span class='ocrx_word' id='word_1_602' title='bbox 1147 4808 1161 4842; x_wconf 84' lang='lat'><strong>;</strong></span> <span class='ocrx_word' id='word_1_603' title='bbox 1191 4807 1208 4839; x_wconf 79' lang='grc' dir='ltr'>ι</span> <span class='ocrx_word' id='word_1_604' title='bbox 1246 4776 1531 4859; x_wconf 86' lang='lat' dir='ltr'><strong>Denigrata</strong></span> <span class='ocrx_word' id='word_1_605' title='bbox 1571 4799 1656 4845; x_wconf 91' lang='lat' dir='ltr'><strong>est</strong></span> <span class='ocrx_word' id='word_1_606' title='bbox 1683 4807 1773 4845; x_wconf 90' lang='lat' dir='ltr'><strong>su-</strong></span> 
     </span>
    </p>
   </div>
   <div class='ocr_carea' id='block_1_82' title="bbox 190 4877 1773 4951">
    <p class='ocr_par' dir='ltr' id='par_1_82' title="bbox 190 4877 1773 4951">
     <span class='ocr_line' id='line_1_82' title="bbox 190 4877 1773 4951; baseline 0.002 -19"><span class='ocrx_word' id='word_1_607' title='bbox 190 4895 289 4950; x_wconf 88' lang='lat' dir='ltr'><strong>per</strong></span> <span class='ocrx_word' id='word_1_608' title='bbox 329 4881 591 4933; x_wconf 89' lang='lat' dir='ltr'><strong>carbones</strong></span> <span class='ocrx_word' id='word_1_609' title='bbox 633 4878 799 4933; x_wconf 87' lang='lat' dir='ltr'><strong>facies</strong></span> <span class='ocrx_word' id='word_1_610' title='bbox 828 4894 1039 4933; x_wconf 88' lang='lat' dir='ltr'><strong>eorum.</strong></span> <span class='ocrx_word' id='word_1_611' title='bbox 1070 4899 1087 4931; x_wconf 72' lang='lat' dir='ltr'>D</span> <span class='ocrx_word' id='word_1_612' title='bbox 1120 4877 1269 4950; x_wconf 82' lang='lat' dir='ltr'><strong>Nigri</strong></span> <span class='ocrx_word' id='word_1_613' title='bbox 1300 4880 1443 4934; x_wconf 90' lang='lat' dir='ltr'><strong>enim</strong></span> <span class='ocrx_word' id='word_1_614' title='bbox 1492 4890 1614 4951; x_wconf 92' lang='lat' dir='ltr'><strong>post</strong></span> <span class='ocrx_word' id='word_1_615' title='bbox 1644 4898 1773 4937; x_wconf 88' lang='lat' dir='ltr'><strong>can-</strong></span> 
     </span>
    </p>
   </div>
   <div class='ocr_carea' id='block_1_83' title="bbox 188 4968 1774 5041">
    <p class='ocr_par' dir='ltr' id='par_1_83' title="bbox 188 4968 1774 5041">
     <span class='ocr_line' id='line_1_83' title="bbox 188 4968 1774 5041; baseline 0.001 -13"><span class='ocrx_word' id='word_1_616' title='bbox 188 4972 383 5031; x_wconf 16' lang='lat' dir='ltr'><strong>dorem,</strong></span> <span class='ocrx_word' id='word_1_617' title='bbox 427 4972 597 5026; x_wconf 82' lang='lat' dir='ltr'><strong>fiunt:</strong></span> <span class='ocrx_word' id='word_1_618' title='bbox 628 4968 785 5041; x_wconf 80' lang='lat' dir='ltr'><strong>quia,</strong></span> <span class='ocrx_word' id='word_1_619' title='bbox 820 4973 1023 5026; x_wconf 88' lang='lat' dir='ltr'><strong>amissa</strong></span> <span class='ocrx_word' id='word_1_620' title='bbox 1068 4972 1163 5025; x_wconf 90' lang='lat' dir='ltr'><strong>Dei</strong></span> <span class='ocrx_word' id='word_1_621' title='bbox 1197 4969 1424 5039; x_wconf 89' lang='lat' dir='ltr'><strong>justitia,</strong></span> <span class='ocrx_word' id='word_1_622' title='bbox 1466 4987 1588 5025; x_wconf 92' lang='lat' dir='ltr'><strong>cum</strong></span> <span class='ocrx_word' id='word_1_623' title='bbox 1620 4974 1686 5027; x_wconf 93' lang='lat' dir='ltr'><strong>de</strong></span> <span class='ocrx_word' id='word_1_624' title='bbox 1716 4988 1774 5029; x_wconf 84' lang='lat' dir='ltr'><strong>se</strong></span> 
     </span>
    </p>
   </div>
   <div class='ocr_carea' id='block_1_84' title="bbox 189 5050 1805 5147">
    <p class='ocr_par' dir='ltr' id='par_1_84' title="bbox 189 5050 1805 5147">
     <span class='ocr_line' id='line_1_84' title="bbox 189 5050 1805 5147; baseline -0.002 -28"><span class='ocrx_word' id='word_1_625' title='bbox 189 5073 540 5136; x_wconf 68' lang='lat' dir='ltr'><strong>prmsumunt,</strong></span> <span class='ocrx_word' id='word_1_626' title='bbox 573 5064 626 5117; x_wconf 90' lang='lat' dir='ltr'><strong>in</strong></span> <span class='ocrx_word' id='word_1_627' title='bbox 656 5064 719 5118; x_wconf 85' lang='lat' dir='ltr'><strong>ea</strong></span> <span class='ocrx_word' id='word_1_628' title='bbox 741 5050 906 5120; x_wconf 74' lang='lat' dir='ltr'><strong>etiam</strong></span> <span class='ocrx_word' id='word_1_629' title='bbox 934 5079 1053 5132; x_wconf 72' lang='lat' dir='ltr'><strong>qua:</strong></span> <span class='ocrx_word' id='word_1_630' title='bbox 1089 5078 1194 5147; x_wconf 74' lang='lat' dir='ltr'><strong>non</strong></span> <span class='ocrx_word' id='word_1_631' title='bbox 1223 5062 1529 5133; x_wconf 83' lang='lat' dir='ltr'><strong>intelligunt</strong></span> <span class='ocrx_word' id='word_1_632' title='bbox 1548 5074 1773 5133; x_wconf 86' lang='lat' dir='ltr'><strong>peccata</strong></span> <span class='ocrx_word' id='word_1_633' title='bbox 1802 5112 1805 5115; x_wconf 89' lang='lat'><strong>.</strong></span> 
     </span>
    </p>
   </div>
   <div class='ocr_carea' id='block_1_85' title="bbox 190 5152 1774 5223">
    <p class='ocr_par' dir='ltr' id='par_1_85' title="bbox 190 5152 1774 5223">
     <span class='ocr_line' id='line_1_85' title="bbox 190 5152 1774 5223; baseline -0.001 -13"><span class='ocrx_word' id='word_1_634' title='bbox 190 5156 505 5210; x_wconf 79' lang='lat' dir='ltr'><strong>dilabuntur</strong></span> <span class='ocrx_word' id='word_1_635' title='bbox 541 5171 554 5207; x_wconf 89' lang='lat'><strong>:</strong></span> <span class='ocrx_word' id='word_1_636' title='bbox 593 5160 648 5207; x_wconf 85' lang='lat' dir='ltr'><strong>et</strong></span> <span class='ocrx_word' id='word_1_637' title='bbox 671 5153 796 5223; x_wconf 85' lang='lat' dir='ltr'><strong>quia</strong></span> <span class='ocrx_word' id='word_1_638' title='bbox 850 5162 971 5222; x_wconf 88' lang='lat' dir='ltr'><strong>post</strong></span> <span class='ocrx_word' id='word_1_639' title='bbox 1015 5153 1214 5208; x_wconf 90' lang='lat' dir='ltr'><strong>amoris</strong></span> <span class='ocrx_word' id='word_1_640' title='bbox 1256 5152 1431 5222; x_wconf 83' lang='lat' dir='ltr'><strong>ignem</strong></span> <span class='ocrx_word' id='word_1_641' title='bbox 1482 5152 1551 5206; x_wconf 92' lang='lat' dir='ltr'><strong>ad</strong></span> <span class='ocrx_word' id='word_1_642' title='bbox 1603 5153 1774 5223; x_wconf 79' lang='lat' dir='ltr'><strong>frigus</strong></span> 
     </span>
    </p>
   </div>
   <div class='ocr_carea' id='block_1_86' title="bbox 189 5244 1773 5316">
    <p class='ocr_par' dir='ltr' id='par_1_86' title="bbox 189 5244 1773 5316">
     <span class='ocr_line' id='line_1_86' title="bbox 189 5244 1773 5316; baseline -0.001 -14"><span class='ocrx_word' id='word_1_643' title='bbox 189 5246 425 5314; x_wconf 85' lang='lat' dir='ltr'><strong>torporis</strong></span> <span class='ocrx_word' id='word_1_644' title='bbox 448 5245 684 5310; x_wconf 90' lang='lat' dir='ltr'><strong>veniunt,</strong></span> <span class='ocrx_word' id='word_1_645' title='bbox 716 5244 1002 5300; x_wconf 73' lang='lat' dir='ltr'><strong>exstinctis</strong></span> <span class='ocrx_word' id='word_1_646' title='bbox 1022 5244 1354 5316; x_wconf 52' lang='lat' dir='ltr'><strong>,carbonibus</strong></span> <span class='ocrx_word' id='word_1_647' title='bbox 1392 5258 1457 5296; x_wconf 79' lang='lat' dir='ltr'><strong>ex</strong></span> <span class='ocrx_word' id='word_1_648' title='bbox 1495 5258 1773 5314; x_wconf 88' lang='lat' dir='ltr'><strong>compara-</strong></span> 
     </span>
    </p>
   </div>
   <div class='ocr_carea' id='block_1_87' title="bbox 190 5332 1768 5407">
    <p class='ocr_par' dir='ltr' id='par_1_87' title="bbox 190 5332 1768 5407">
     <span class='ocr_line' id='line_1_87' title="bbox 190 5332 1768 5407; baseline -0.001 -17"><span class='ocrx_word' id='word_1_649' title='bbox 190 5338 339 5393; x_wconf 88' lang='lat' dir='ltr'><strong>tione</strong></span> <span class='ocrx_word' id='word_1_650' title='bbox 382 5337 756 5407; x_wconf 74' lang='lat' dir='ltr'><strong>prteferuntur.</strong></span> <span class='ocrx_word' id='word_1_651' title='bbox 810 5332 1201 5403; x_wconf 86' lang='lat' dir='ltr'><strong>Nonnunquam</strong></span> <span class='ocrx_word' id='word_1_652' title='bbox 1232 5333 1376 5387; x_wconf 90' lang='lat' dir='ltr'><strong>enim</strong></span> <span class='ocrx_word' id='word_1_653' title='bbox 1422 5332 1567 5385; x_wconf 88' lang='lat' dir='ltr'><strong>dum-</strong></span> <span class='ocrx_word' id='word_1_654' title='bbox 1606 5333 1768 5389; x_wconf 88' lang='lat' dir='ltr'><strong>timo-</strong></span> 
     </span>
    </p>
   </div>
   <div class='ocr_carea' id='block_1_88' title="bbox 188 5424 1771 5499">
    <p class='ocr_par' dir='ltr' id='par_1_88' title="bbox 188 5424 1771 5499">
     <span class='ocr_line' id='line_1_88' title="bbox 188 5424 1771 5499; baseline -0.004 -11"><span class='ocrx_word' id='word_1_655' title='bbox 188 5446 310 5488; x_wconf 87' lang='lat' dir='ltr'><strong>rem</strong></span> <span class='ocrx_word' id='word_1_656' title='bbox 349 5429 445 5484; x_wconf 89' lang='lat' dir='ltr'><strong>Dei</strong></span> <span class='ocrx_word' id='word_1_657' title='bbox 477 5446 575 5499; x_wconf 90' lang='lat' dir='ltr'><strong>per</strong></span> <span class='ocrx_word' id='word_1_658' title='bbox 604 5431 687 5485; x_wconf 78' lang='lat' dir='ltr'><strong>sui</strong></span> <span class='ocrx_word' id='word_1_659' title='bbox 731 5430 985 5485; x_wconf 72' lang='lat' dir='ltr'><strong>fiduciam</strong></span> <span class='ocrx_word' id='word_1_660' title='bbox 1036 5427 1310 5491; x_wconf 89' lang='lat' dir='ltr'><strong>deserunt,</strong></span> <span class='ocrx_word' id='word_1_661' title='bbox 1358 5425 1519 5481; x_wconf 89' lang='lat' dir='ltr'><strong>etiam</strong></span> <span class='ocrx_word' id='word_1_662' title='bbox 1560 5424 1771 5496; x_wconf 77' lang='lat' dir='ltr'><strong>frigidis</strong></span> 
     </span>
    </p>
   </div>
   <div class='ocr_carea' id='block_1_89' title="bbox 190 5516 1773 5591">
    <p class='ocr_par' dir='ltr' id='par_1_89' title="bbox 190 5516 1773 5591">
     <span class='ocr_line' id='line_1_89' title="bbox 190 5516 1773 5591; baseline -0.006 -11"><span class='ocrx_word' id='word_1_663' title='bbox 190 5522 462 5581; x_wconf 86' lang='lat' dir='ltr'><strong>mentibus</strong></span> <span class='ocrx_word' id='word_1_664' title='bbox 490 5518 803 5591; x_wconf 77' lang='lat' dir='ltr'><strong>frigidiores</strong></span> <span class='ocrx_word' id='word_1_665' title='bbox 830 5520 981 5574; x_wconf 87' lang='lat' dir='ltr'><strong>fiunt.</strong></span> <span class='ocrx_word' id='word_1_666' title='bbox 1028 5519 1105 5572; x_wconf 88' lang='lat' dir='ltr'><strong>De</strong></span> <span class='ocrx_word' id='word_1_667' title='bbox 1129 5518 1325 5588; x_wconf 87' lang='lat' dir='ltr'><strong>quibus</strong></span> <span class='ocrx_word' id='word_1_668' title='bbox 1361 5520 1507 5570; x_wconf 88' lang='lat' dir='ltr'><strong>recte</strong></span> <span class='ocrx_word' id='word_1_669' title='bbox 1553 5516 1773 5585; x_wconf 86' lang='lat' dir='ltr'><strong>subjun-</strong></span> 
     </span>
    </p>
   </div>
   <div class='ocr_carea' id='block_1_90' title="bbox 188 5606 1771 5688">
    <p class='ocr_par' dir='ltr' id='par_1_90' title="bbox 188 5606 1771 5688">
     <span class='ocr_line' id='line_1_90' title="bbox 188 5606 1771 5688; baseline -0.004 -18"><span class='ocrx_word' id='word_1_670' title='bbox 188 5619 373 5688; x_wconf 76' lang='lat' dir='ltr'><strong>gitur:</strong></span> <span class='ocrx_word' id='word_1_671' title='bbox 406 5634 425 5667; x_wconf 69' lang='grc' dir='ltr'><strong><em>ι</em></strong></span> <span class='ocrx_word' id='word_1_672' title='bbox 456 5614 573 5669; x_wconf 87' lang='lat' dir='ltr'><strong>Non</strong></span> <span class='ocrx_word' id='word_1_673' title='bbox 604 5626 739 5669; x_wconf 66' lang='lat' dir='ltr'><strong>sunt</strong></span> <span class='ocrx_word' id='word_1_674' title='bbox 758 5614 955 5683; x_wconf 87' lang='lat' dir='ltr'><strong>cogniti</strong></span> <span class='ocrx_word' id='word_1_675' title='bbox 990 5614 1043 5666; x_wconf 91' lang='lat' dir='ltr'><strong>in</strong></span> <span class='ocrx_word' id='word_1_676' title='bbox 1070 5609 1279 5679; x_wconf 86' lang='lat' dir='ltr'><strong>plateis.</strong></span> <span class='ocrx_word' id='word_1_677' title='bbox 1311 5628 1328 5659; x_wconf 74' lang='grc' dir='ltr'><strong>ι</strong></span> <span class='ocrx_word' id='word_1_678' title='bbox 1366 5606 1549 5661; x_wconf 87' lang='lat' dir='ltr'><strong>Platea</strong></span> <span class='ocrx_word' id='word_1_679' title='bbox 1574 5609 1771 5677; x_wconf 87' lang='lat' dir='ltr'><strong>quippe</strong></span> 
     </span>
    </p>
   </div>
   <div class='ocr_carea' id='block_1_91' title="bbox 189 5698 1772 5779">
    <p class='ocr_par' dir='ltr' id='par_1_91' title="bbox 189 5698 1772 5779">
     <span class='ocr_line' id='line_1_91' title="bbox 189 5698 1772 5779; baseline -0.003 -16"><span class='ocrx_word' id='word_1_680' title='bbox 189 5708 459 5768; x_wconf 79' lang='lat' dir='ltr'><strong>sermonis</strong></span> <span class='ocrx_word' id='word_1_681' title='bbox 482 5705 651 5779; x_wconf 57' lang='lat' dir='ltr'><strong>artaci</strong></span> <span class='ocrx_word' id='word_1_682' title='bbox 695 5706 904 5763; x_wconf 83' lang='lat' dir='ltr'><strong>ratione</strong></span> <span class='ocrx_word' id='word_1_683' title='bbox 946 5718 1043 5772; x_wconf 82' lang='lat' dir='ltr'><strong>pro</strong></span> <span class='ocrx_word' id='word_1_684' title='bbox 1078 5699 1361 5759; x_wconf 81' lang='lat' dir='ltr'><strong>latitudine</strong></span> <span class='ocrx_word' id='word_1_685' title='bbox 1386 5698 1600 5759; x_wconf 81' lang='lat' dir='ltr'><strong>dicitur.</strong></span> <span class='ocrx_word' id='word_1_686' title='bbox 1632 5701 1772 5767; x_wconf 75' lang='lat' dir='ltr'><strong>Quid</strong></span> 
     </span>
    </p>
   </div>
   <div class='ocr_carea' id='block_1_92' title="bbox 1882 3228 3468 3311">
    <p class='ocr_par' dir='ltr' id='par_1_92' title="bbox 1882 3228 3468 3311">
     <span class='ocr_line' id='line_1_92' title="bbox 1882 3228 3468 3311; baseline 0.004 -24"><span class='ocrx_word' id='word_1_687' title='bbox 1882 3228 2037 3287; x_wconf 82' lang='lat' dir='ltr'><strong>brevi</strong></span> <span class='ocrx_word' id='word_1_688' title='bbox 2077 3248 2238 3301; x_wconf 77' lang='lat' dir='ltr'><strong>poma</strong></span> <span class='ocrx_word' id='word_1_689' title='bbox 2268 3235 2511 3305; x_wconf 84' lang='lat' dir='ltr'><strong>corporis</strong></span> <span class='ocrx_word' id='word_1_690' title='bbox 2539 3251 2637 3311; x_wconf 89' lang='lat' dir='ltr'><strong>pro</strong></span> <span class='ocrx_word' id='word_1_691' title='bbox 2673 3235 2872 3292; x_wconf 90' lang='lat' dir='ltr'><strong>Christi</strong></span> <span class='ocrx_word' id='word_1_692' title='bbox 2903 3238 3120 3293; x_wconf 89' lang='lat' dir='ltr'><strong>nomine</strong></span> <span class='ocrx_word' id='word_1_693' title='bbox 3149 3238 3215 3293; x_wconf 92' lang='lat' dir='ltr'><strong>ad</strong></span> <span class='ocrx_word' id='word_1_694' title='bbox 3258 3236 3468 3309; x_wconf 83' lang='lat' dir='ltr'><strong>tempus</strong></span> 
     </span>
    </p>
   </div>
   <div class='ocr_carea' id='block_1_93' title="bbox 1880 3311 3466 3400">
    <p class='ocr_par' dir='ltr' id='par_1_93' title="bbox 1880 3311 3466 3400">
     <span class='ocr_line' id='line_1_93' title="bbox 1880 3311 3466 3400; baseline 0.006 -25"><span class='ocrx_word' id='word_1_695' title='bbox 1880 3322 2063 3391; x_wconf 89' lang='lat' dir='ltr'><strong>plecti,</strong></span> <span class='ocrx_word' id='word_1_696' title='bbox 2105 3331 2159 3378; x_wconf 93' lang='lat' dir='ltr'><strong>et</strong></span> <span class='ocrx_word' id='word_1_697' title='bbox 2202 3334 2388 3394; x_wconf 88' lang='lat' dir='ltr'><strong>postea</strong></span> <span class='ocrx_word' id='word_1_698' title='bbox 2437 3326 2492 3379; x_wconf 90' lang='lat' dir='ltr'><strong>in</strong></span> <span class='ocrx_word' id='word_1_699' title='bbox 2540 3333 2744 3382; x_wconf 72' lang='lat' dir='ltr'><strong>aeterna</strong></span> <span class='ocrx_word' id='word_1_700' title='bbox 2790 3328 2975 3382; x_wconf 62' lang='lat' dir='ltr'><strong>laatitia</strong></span> <span class='ocrx_word' id='word_1_701' title='bbox 3005 3311 3273 3393; x_wconf 76' lang='lat' dir='ltr'><strong>coronari,</strong></span> <span class='ocrx_word' id='word_1_702' title='bbox 3304 3342 3466 3400; x_wconf 87' lang='lat' dir='ltr'><strong>quam</strong></span> 
     </span>
    </p>
   </div>
   <div class='ocr_carea' id='block_1_94' title="bbox 1882 3415 3464 3489">
    <p class='ocr_par' dir='ltr' id='par_1_94' title="bbox 1882 3415 3464 3489">
     <span class='ocr_line' id='line_1_94' title="bbox 1882 3415 3464 3489; baseline 0.005 -23"><span class='ocrx_word' id='word_1_703' title='bbox 1882 3415 2322 3483; x_wconf 86' lang='lat' dir='ltr'><strong>persecutoribus</strong></span> <span class='ocrx_word' id='word_1_704' title='bbox 2367 3431 2557 3471; x_wconf 90' lang='lat' dir='ltr'><strong>eorum</strong></span> <span class='ocrx_word' id='word_1_705' title='bbox 2597 3416 2754 3489; x_wconf 87' lang='lat' dir='ltr'><strong>longa</strong></span> <span class='ocrx_word' id='word_1_706' title='bbox 2792 3418 2969 3473; x_wconf 90' lang='lat' dir='ltr'><strong>inedia</strong></span> <span class='ocrx_word' id='word_1_707' title='bbox 3012 3420 3161 3475; x_wconf 79' lang='lat' dir='ltr'><strong>verbi</strong></span> <span class='ocrx_word' id='word_1_708' title='bbox 3194 3415 3289 3473; x_wconf 82' lang='lat' dir='ltr'><strong>Dei</strong></span> <span class='ocrx_word' id='word_1_709' title='bbox 3320 3421 3464 3474; x_wconf 88' lang='lat' dir='ltr'><strong>tabe—</strong></span> 
     </span>
    </p>
   </div>
   <div class='ocr_carea' id='block_1_95' title="bbox 1880 3504 3440 3577">
    <p class='ocr_par' dir='ltr' id='par_1_95' title="bbox 1880 3504 3440 3577">
     <span class='ocr_line' id='line_1_95' title="bbox 1880 3504 3440 3577; baseline 0.004 -18"><span class='ocrx_word' id='word_1_710' title='bbox 1880 3504 2019 3571; x_wconf 88' lang='lat' dir='ltr'><strong>licri,</strong></span> <span class='ocrx_word' id='word_1_711' title='bbox 2048 3516 2102 3561; x_wconf 88' lang='lat' dir='ltr'><strong>et</strong></span> <span class='ocrx_word' id='word_1_712' title='bbox 2143 3516 2366 3577; x_wconf 87' lang='lat' dir='ltr'><strong>propter</strong></span> <span class='ocrx_word' id='word_1_713' title='bbox 2393 3509 2734 3563; x_wconf 86' lang='lat' dir='ltr'><strong>sterilitatem</strong></span> <span class='ocrx_word' id='word_1_714' title='bbox 2762 3519 2820 3563; x_wconf 91' lang='lat' dir='ltr'><strong>et</strong></span> <span class='ocrx_word' id='word_1_715' title='bbox 2860 3508 3332 3569; x_wconf 72' lang='lat' dir='ltr'><strong>infmcunditatem</strong></span> <span class='ocrx_word' id='word_1_716' title='bbox 3372 3513 3440 3566; x_wconf 89' lang='lat' dir='ltr'><strong>bo</strong></span> 
     </span>
    </p>
   </div>
   <div class='ocr_carea' id='block_1_96' title="bbox 1881 3598 3463 3667">
    <p class='ocr_par' dir='ltr' id='par_1_96' title="bbox 1881 3598 3463 3667">
     <span class='ocr_line' id='line_1_96' title="bbox 1881 3598 3463 3667; baseline 0.003 -18"><span class='ocrx_word' id='word_1_717' title='bbox 1881 3608 2074 3650; x_wconf 87' lang='lat' dir='ltr'><strong>norum</strong></span> <span class='ocrx_word' id='word_1_718' title='bbox 2125 3612 2349 3667; x_wconf 88' lang='lat' dir='ltr'><strong>operum</strong></span> <span class='ocrx_word' id='word_1_719' title='bbox 2397 3598 2467 3654; x_wconf 84' lang='lat' dir='ltr'><strong>ad</strong></span> <span class='ocrx_word' id='word_1_720' title='bbox 2499 3608 2799 3655; x_wconf 77' lang='lat' dir='ltr'><strong>extremum</strong></span> <span class='ocrx_word' id='word_1_721' title='bbox 2827 3607 3031 3654; x_wconf 60' lang='lat' dir='ltr'><strong>aeterno</strong></span> <span class='ocrx_word' id='word_1_722' title='bbox 3059 3599 3307 3655; x_wconf 84' lang='lat' dir='ltr'><strong>incendio</strong></span> <span class='ocrx_word' id='word_1_723' title='bbox 3332 3613 3463 3656; x_wconf 82' lang='lat' dir='ltr'><strong>cou-</strong></span> 
     </span>
    </p>
   </div>
   <div class='ocr_carea' id='block_1_97' title="bbox 1880 3687 2133 3739">
    <p class='ocr_par' dir='ltr' id='par_1_97' title="bbox 1880 3687 2133 3739">
     <span class='ocr_line' id='line_1_97' title="bbox 1880 3687 2133 3739; baseline 0 0"><span class='ocrx_word' id='word_1_724' title='bbox 1880 3687 2133 3739; x_wconf 90' lang='lat' dir='ltr'><strong>cremari.</strong></span> 
     </span>
    </p>
   </div>
   <div class='ocr_carea' id='block_1_98' title="bbox 1946 3776 3458 3841">
    <p class='ocr_par' dir='ltr' id='par_1_98' title="bbox 1946 3776 3458 3841">
     <span class='ocr_line' id='line_1_98' title="bbox 1946 3776 3458 3841; baseline 0.001 -12"><span class='ocrx_word' id='word_1_725' title='bbox 1946 3776 2076 3830; x_wconf 85' lang='lat' dir='ltr'><strong>Jud.</strong></span> <span class='ocrx_word' id='word_1_726' title='bbox 2124 3796 2143 3828; x_wconf 71' lang='grc' dir='ltr'><strong><em>ι</em></strong></span> <span class='ocrx_word' id='word_1_727' title='bbox 2174 3778 2362 3833; x_wconf 81' lang='lat' dir='ltr'><strong>Manus</strong></span> <span class='ocrx_word' id='word_1_728' title='bbox 2408 3778 2695 3832; x_wconf 89' lang='lat' dir='ltr'><strong>mulierum</strong></span> <span class='ocrx_word' id='word_1_729' title='bbox 2732 3776 3163 3841; x_wconf 89' lang='lat' dir='ltr'><strong>misericordium</strong></span> <span class='ocrx_word' id='word_1_730' title='bbox 3199 3787 3458 3833; x_wconf 84' lang='lat' dir='ltr'><strong>coxerqu</strong></span> 
     </span>
    </p>
   </div>
   <div class='ocr_carea' id='block_1_99' title="bbox 1884 3865 3461 3935">
    <p class='ocr_par' dir='ltr' id='par_1_99' title="bbox 1884 3865 3461 3935">
     <span class='ocr_line' id='line_1_99' title="bbox 1884 3865 3461 3935; baseline 0.003 -16"><span class='ocrx_word' id='word_1_731' title='bbox 1884 3885 1902 3918; x_wconf 77' lang='grc' dir='ltr'>ι</span> <span class='ocrx_word' id='word_1_732' title='bbox 1939 3865 2078 3921; x_wconf 84' lang='lat' dir='ltr'><strong>filios</strong></span> <span class='ocrx_word' id='word_1_733' title='bbox 2105 3883 2252 3933; x_wconf 88' lang='lat' dir='ltr'><strong>suos,</strong></span> <span class='ocrx_word' id='word_1_734' title='bbox 2298 3867 2424 3922; x_wconf 91' lang='lat' dir='ltr'><strong>facti</strong></span> <span class='ocrx_word' id='word_1_735' title='bbox 2472 3877 2596 3922; x_wconf 92' lang='lat' dir='ltr'><strong>sunt</strong></span> <span class='ocrx_word' id='word_1_736' title='bbox 2636 3868 2788 3922; x_wconf 89' lang='lat' dir='ltr'><strong>cibus</strong></span> <span class='ocrx_word' id='word_1_737' title='bbox 2811 3882 2999 3935; x_wconf 87' lang='lat' dir='ltr'><strong>eorum</strong></span> <span class='ocrx_word' id='word_1_738' title='bbox 3043 3869 3097 3921; x_wconf 91' lang='lat' dir='ltr'><strong>in</strong></span> <span class='ocrx_word' id='word_1_739' title='bbox 3137 3868 3461 3924; x_wconf 88' lang='lat' dir='ltr'><strong>contritione</strong></span> 
     </span>
    </p>
   </div>
   <div class='ocr_carea' id='block_1_100' title="bbox 1886 3959 3459 4029">
    <p class='ocr_par' dir='ltr' id='par_1_100' title="bbox 1886 3959 3459 4029">
     <span class='ocr_line' id='line_1_100' title="bbox 1886 3959 3459 4029; baseline 0.001 -19"><span class='ocrx_word' id='word_1_740' title='bbox 1886 3977 1903 4010; x_wconf 75' lang='grc' dir='ltr'>ι</span> <span class='ocrx_word' id='word_1_741' title='bbox 1942 3959 2064 4015; x_wconf 79' lang='lat' dir='ltr'><strong>lilia:</strong></span> <span class='ocrx_word' id='word_1_742' title='bbox 2110 3960 2312 4029; x_wconf 84' lang='lat' dir='ltr'><strong>populi.</strong></span> <span class='ocrx_word' id='word_1_743' title='bbox 2340 3960 2465 4015; x_wconf 91' lang='lat' dir='ltr'><strong>mei.</strong></span> <span class='ocrx_word' id='word_1_744' title='bbox 2497 3979 2514 4011; x_wconf 75' lang='grc' dir='ltr'><strong>ι</strong></span> <span class='ocrx_word' id='word_1_745' title='bbox 2561 3960 2674 4014; x_wconf 85' lang='lat' dir='ltr'><strong>Hoc</strong></span> <span class='ocrx_word' id='word_1_746' title='bbox 2726 3960 3076 4014; x_wconf 88' lang='lat' dir='ltr'><strong>historialiter</strong></span> <span class='ocrx_word' id='word_1_747' title='bbox 3121 3960 3459 4029; x_wconf 81' lang='lat' dir='ltr'><strong>recapitulal,</strong></span> 
     </span>
    </p>
   </div>
   <div class='ocr_carea' id='block_1_101' title="bbox 1878 4052 3455 4131">
    <p class='ocr_par' dir='ltr' id='par_1_101' title="bbox 1878 4052 3455 4131">
     <span class='ocr_line' id='line_1_101' title="bbox 1878 4052 3455 4131; baseline 0 -26"><span class='ocrx_word' id='word_1_748' title='bbox 1878 4053 2022 4121; x_wconf 86' lang='lat' dir='ltr'><strong>quod</strong></span> <span class='ocrx_word' id='word_1_749' title='bbox 2046 4053 2292 4122; x_wconf 90' lang='lat' dir='ltr'><strong>superius</strong></span> <span class='ocrx_word' id='word_1_750' title='bbox 2324 4052 2435 4122; x_wconf 88' lang='lat' dir='ltr'><strong>jam</strong></span> <span class='ocrx_word' id='word_1_751' title='bbox 2460 4052 2703 4107; x_wconf 77' lang='lat' dir='ltr'><strong>dixerat:</strong></span> <span class='ocrx_word' id='word_1_752' title='bbox 2734 4052 2859 4121; x_wconf 87' lang='lat' dir='ltr'><strong>quia</strong></span> <span class='ocrx_word' id='word_1_753' title='bbox 2882 4053 2935 4105; x_wconf 91' lang='lat' dir='ltr'><strong>in</strong></span> <span class='ocrx_word' id='word_1_754' title='bbox 2969 4053 3279 4131; x_wconf 84' lang='lat' dir='ltr'><strong>captivitate</strong></span> <span class='ocrx_word' id='word_1_755' title='bbox 3303 4052 3455 4106; x_wconf 85' lang='lat' dir='ltr'><strong>Chal-</strong></span> 
     </span>
    </p>
   </div>
   <div class='ocr_carea' id='block_1_102' title="bbox 1877 4140 3456 4207">
    <p class='ocr_par' dir='ltr' id='par_1_102' title="bbox 1877 4140 3456 4207">
     <span class='ocr_line' id='line_1_102' title="bbox 1877 4140 3456 4207; baseline -0.001 -10"><span class='ocrx_word' id='word_1_756' title='bbox 1877 4143 2052 4207; x_wconf 88' lang='lat' dir='ltr'><strong>daica,</strong></span> <span class='ocrx_word' id='word_1_757' title='bbox 2098 4158 2199 4197; x_wconf 89' lang='lat' dir='ltr'><strong>nec</strong></span> <span class='ocrx_word' id='word_1_758' title='bbox 2244 4158 2350 4197; x_wconf 92' lang='lat' dir='ltr'><strong>non</strong></span> <span class='ocrx_word' id='word_1_759' title='bbox 2375 4151 2428 4197; x_wconf 90' lang='lat' dir='ltr'><strong>et</strong></span> <span class='ocrx_word' id='word_1_760' title='bbox 2453 4142 2825 4196; x_wconf 76' lang='lat' dir='ltr'><strong>Romanatad</strong></span> <span class='ocrx_word' id='word_1_761' title='bbox 2873 4141 3031 4195; x_wconf 89' lang='lat' dir='ltr'><strong>talem</strong></span> <span class='ocrx_word' id='word_1_762' title='bbox 3060 4140 3456 4207; x_wconf 83' lang='lat' dir='ltr'><strong>necessitatem,</strong></span> 
     </span>
    </p>
   </div>
   <div class='ocr_carea' id='block_1_103' title="bbox 1875 4230 3458 4304">
    <p class='ocr_par' dir='ltr' id='par_1_103' title="bbox 1875 4230 3458 4304">
     <span class='ocr_line' id='line_1_103' title="bbox 1875 4230 3458 4304; baseline 0.001 -19"><span class='ocrx_word' id='word_1_763' title='bbox 1875 4242 2095 4304; x_wconf 86' lang='lat' dir='ltr'><strong>pmpter</strong></span> <span class='ocrx_word' id='word_1_764' title='bbox 2124 4233 2362 4302; x_wconf 88' lang='lat' dir='ltr'><strong>inopiam</strong></span> <span class='ocrx_word' id='word_1_765' title='bbox 2402 4232 2531 4297; x_wconf 90' lang='lat' dir='ltr'><strong>cibi,</strong></span> <span class='ocrx_word' id='word_1_766' title='bbox 2559 4231 2709 4300; x_wconf 91' lang='lat' dir='ltr'><strong>plebs</strong></span> <span class='ocrx_word' id='word_1_767' title='bbox 2745 4230 3051 4285; x_wconf 68' lang='lat' dir='ltr'><strong>Judaeorum</strong></span> <span class='ocrx_word' id='word_1_768' title='bbox 3091 4234 3357 4302; x_wconf 88' lang='lat' dir='ltr'><strong>pervenit,</strong></span> <span class='ocrx_word' id='word_1_769' title='bbox 3404 4242 3458 4287; x_wconf 90' lang='lat' dir='ltr'><strong>ut</strong></span> 
     </span>
    </p>
   </div>
   <div class='ocr_carea' id='block_1_104' title="bbox 1877 4310 3455 4394">
    <p class='ocr_par' dir='ltr' id='par_1_104' title="bbox 1877 4310 3455 4394">
     <span class='ocr_line' id='line_1_104' title="bbox 1877 4310 3455 4394; baseline 0 -16"><span class='ocrx_word' id='word_1_770' title='bbox 1877 4324 2068 4394; x_wconf 75' lang='lat' dir='ltr'><strong>aliqum</strong></span> <span class='ocrx_word' id='word_1_771' title='bbox 2099 4338 2168 4377; x_wconf 76' lang='lat' dir='ltr'><strong>ex</strong></span> <span class='ocrx_word' id='word_1_772' title='bbox 2188 4323 2522 4379; x_wconf 85' lang='lat' dir='ltr'><strong>mulieribus</strong></span> <span class='ocrx_word' id='word_1_773' title='bbox 2546 4310 2547 4313; x_wconf 29' lang='grc'><em>“</em></span> <span class='ocrx_word' id='word_1_774' title='bbox 2567 4338 2752 4378; x_wconf 88' lang='lat' dir='ltr'><strong>eorum</strong></span> <span class='ocrx_word' id='word_1_775' title='bbox 2782 4322 2920 4377; x_wconf 79' lang='lat' dir='ltr'><strong>filios</strong></span> <span class='ocrx_word' id='word_1_776' title='bbox 2953 4324 3079 4377; x_wconf 81' lang='lat' dir='ltr'><strong>suos</strong></span> <span class='ocrx_word' id='word_1_777' title='bbox 3109 4324 3455 4389; x_wconf 84' lang='lat' dir='ltr'><strong>trucidarent,</strong></span> 
     </span>
    </p>
   </div>
   <div class='ocr_carea' id='block_1_105' title="bbox 1877 4410 3456 4480">
    <p class='ocr_par' dir='ltr' id='par_1_105' title="bbox 1877 4410 3456 4480">
     <span class='ocr_line' id='line_1_105' title="bbox 1877 4410 3456 4480; baseline -0.003 -11"><span class='ocrx_word' id='word_1_778' title='bbox 1877 4423 1932 4469; x_wconf 89' lang='lat' dir='ltr'><strong>et</strong></span> <span class='ocrx_word' id='word_1_779' title='bbox 1960 4427 2154 4468; x_wconf 86' lang='lat' dir='ltr'><strong>carnes</strong></span> <span class='ocrx_word' id='word_1_780' title='bbox 2181 4427 2368 4467; x_wconf 90' lang='lat' dir='ltr'><strong>eorum</strong></span> <span class='ocrx_word' id='word_1_781' title='bbox 2411 4421 2595 4466; x_wconf 87' lang='lat' dir='ltr'><strong>coctas</strong></span> <span class='ocrx_word' id='word_1_782' title='bbox 2626 4412 2993 4465; x_wconf 90' lang='lat' dir='ltr'><strong>comederent.</strong></span> <span class='ocrx_word' id='word_1_783' title='bbox 3033 4410 3193 4466; x_wconf 84' lang='lat' dir='ltr'><strong>Juxta</strong></span> <span class='ocrx_word' id='word_1_784' title='bbox 3243 4412 3456 4480; x_wconf 88' lang='lat' dir='ltr'><strong>spirita-</strong></span> 
     </span>
    </p>
   </div>
   <div class='ocr_carea' id='block_1_106' title="bbox 1878 4500 3456 4573">
    <p class='ocr_par' dir='ltr' id='par_1_106' title="bbox 1878 4500 3456 4573">
     <span class='ocr_line' id='line_1_106' title="bbox 1878 4500 3456 4573; baseline 0.001 -14"><span class='ocrx_word' id='word_1_785' title='bbox 1878 4506 1981 4559; x_wconf 90' lang='lat' dir='ltr'><strong>lem</strong></span> <span class='ocrx_word' id='word_1_786' title='bbox 2012 4520 2141 4559; x_wconf 82' lang='lat' dir='ltr'><strong>vcro</strong></span> <span class='ocrx_word' id='word_1_787' title='bbox 2170 4504 2499 4558; x_wconf 89' lang='lat' dir='ltr'><strong>intellectum</strong></span> <span class='ocrx_word' id='word_1_788' title='bbox 2530 4517 2635 4557; x_wconf 89' lang='lat' dir='ltr'><strong>non</strong></span> <span class='ocrx_word' id='word_1_789' title='bbox 2663 4503 2816 4573; x_wconf 85' lang='lat' dir='ltr'><strong>parvi</strong></span> <span class='ocrx_word' id='word_1_790' title='bbox 2846 4511 2929 4557; x_wconf 91' lang='lat' dir='ltr'><strong>est</strong></span> <span class='ocrx_word' id='word_1_791' title='bbox 2954 4502 3155 4568; x_wconf 88' lang='lat' dir='ltr'><strong>delicti,</strong></span> <span class='ocrx_word' id='word_1_792' title='bbox 3185 4500 3325 4573; x_wconf 88' lang='lat' dir='ltr'><strong>quod</strong></span> <span class='ocrx_word' id='word_1_793' title='bbox 3362 4506 3456 4560; x_wconf 83' lang='lat' dir='ltr'><strong>do—</strong></span> 
     </span>
    </p>
   </div>
   <div class='ocr_carea' id='block_1_107' title="bbox 1876 4588 3455 4653">
    <p class='ocr_par' dir='ltr' id='par_1_107' title="bbox 1876 4588 3455 4653">
     <span class='ocr_line' id='line_1_107' title="bbox 1876 4588 3455 4653; baseline 0.001 -1"><span class='ocrx_word' id='word_1_794' title='bbox 1876 4607 2055 4653; x_wconf 91' lang='lat' dir='ltr'><strong>ctores</strong></span> <span class='ocrx_word' id='word_1_795' title='bbox 2096 4588 2223 4650; x_wconf 83' lang='lat' dir='ltr'><strong>mali</strong></span> <span class='ocrx_word' id='word_1_796' title='bbox 2276 4596 2553 4650; x_wconf 88' lang='lat' dir='ltr'><strong>auditores</strong></span> <span class='ocrx_word' id='word_1_797' title='bbox 2599 4611 2727 4651; x_wconf 87' lang='lat' dir='ltr'><strong>suos</strong></span> <span class='ocrx_word' id='word_1_798' title='bbox 2773 4595 2931 4651; x_wconf 89' lang='lat' dir='ltr'><strong>rebus</strong></span> <span class='ocrx_word' id='word_1_799' title='bbox 2979 4598 3206 4652; x_wconf 90' lang='lat' dir='ltr'><strong>terrenis</strong></span> <span class='ocrx_word' id='word_1_800' title='bbox 3241 4606 3297 4651; x_wconf 92' lang='lat' dir='ltr'><strong>et</strong></span> <span class='ocrx_word' id='word_1_801' title='bbox 3336 4600 3455 4653; x_wconf 79' lang='lat' dir='ltr'><strong>sul;-</strong></span> 
     </span>
    </p>
   </div>
   <div class='ocr_carea' id='block_1_108' title="bbox 1874 4687 3453 4757">
    <p class='ocr_par' dir='ltr' id='par_1_108' title="bbox 1874 4687 3453 4757">
     <span class='ocr_line' id='line_1_108' title="bbox 1874 4687 3453 4757; baseline 0 -13"><span class='ocrx_word' id='word_1_802' title='bbox 1874 4689 2088 4744; x_wconf 87' lang='lat' dir='ltr'><strong>stantiis</strong></span> <span class='ocrx_word' id='word_1_803' title='bbox 2118 4688 2231 4742; x_wconf 91' lang='lat' dir='ltr'><strong>suis</strong></span> <span class='ocrx_word' id='word_1_804' title='bbox 2255 4694 2474 4757; x_wconf 82' lang='lat' dir='ltr'><strong>propter</strong></span> <span class='ocrx_word' id='word_1_805' title='bbox 2501 4687 2853 4741; x_wconf 88' lang='lat' dir='ltr'><strong>voracitatem</strong></span> <span class='ocrx_word' id='word_1_806' title='bbox 2881 4701 3033 4742; x_wconf 84' lang='lat' dir='ltr'><strong>suam</strong></span> <span class='ocrx_word' id='word_1_807' title='bbox 3076 4687 3327 4757; x_wconf 89' lang='lat' dir='ltr'><strong>spoliant,</strong></span> <span class='ocrx_word' id='word_1_808' title='bbox 3354 4705 3453 4745; x_wconf 91' lang='lat' dir='ltr'><strong>nec</strong></span> 
     </span>
    </p>
   </div>
   <div class='ocr_carea' id='block_1_109' title="bbox 1874 4777 3455 4850">
    <p class='ocr_par' dir='ltr' id='par_1_109' title="bbox 1874 4777 3455 4850">
     <span class='ocr_line' id='line_1_109' title="bbox 1874 4777 3455 4850; baseline -0.001 -15"><span class='ocrx_word' id='word_1_809' title='bbox 1874 4781 1954 4836; x_wconf 90' lang='lat' dir='ltr'><strong>eis</strong></span> <span class='ocrx_word' id='word_1_810' title='bbox 1991 4778 2247 4850; x_wconf 90' lang='lat' dir='ltr'><strong>pabulum</strong></span> <span class='ocrx_word' id='word_1_811' title='bbox 2271 4778 2418 4837; x_wconf 88' lang='lat' dir='ltr'><strong>verbi</strong></span> <span class='ocrx_word' id='word_1_812' title='bbox 2457 4778 2719 4843; x_wconf 90' lang='lat' dir='ltr'><strong>tribuunt,</strong></span> <span class='ocrx_word' id='word_1_813' title='bbox 2753 4792 2862 4846; x_wconf 87' lang='lat' dir='ltr'><strong>quo</strong></span> <span class='ocrx_word' id='word_1_814' title='bbox 2891 4777 2965 4832; x_wconf 89' lang='lat' dir='ltr'><strong>illi</strong></span> <span class='ocrx_word' id='word_1_815' title='bbox 3004 4779 3071 4833; x_wconf 90' lang='lat' dir='ltr'><strong>ad</strong></span> <span class='ocrx_word' id='word_1_816' title='bbox 3100 4778 3266 4833; x_wconf 88' lang='lat' dir='ltr'><strong>vitam</strong></span> <span class='ocrx_word' id='word_1_817' title='bbox 3301 4790 3455 4835; x_wconf 69' lang='lat' dir='ltr'><strong>teter-</strong></span> 
     </span>
    </p>
   </div>
   <div class='ocr_carea' id='block_1_110' title="bbox 1875 4872 3447 4943">
    <p class='ocr_par' dir='ltr' id='par_1_110' title="bbox 1875 4872 3447 4943">
     <span class='ocr_line' id='line_1_110' title="bbox 1875 4872 3447 4943; baseline -0.003 -10"><span class='ocrx_word' id='word_1_818' title='bbox 1875 4892 1999 4933; x_wconf 90' lang='lat' dir='ltr'><strong>nam</strong></span> <span class='ocrx_word' id='word_1_819' title='bbox 2028 4876 2356 4941; x_wconf 86' lang='lat' dir='ltr'><strong>nutriantur,</strong></span> <span class='ocrx_word' id='word_1_820' title='bbox 2394 4889 2518 4932; x_wconf 88' lang='lat' dir='ltr'><strong>cum</strong></span> <span class='ocrx_word' id='word_1_821' title='bbox 2544 4872 2804 4928; x_wconf 91' lang='lat' dir='ltr'><strong>Dominus</strong></span> <span class='ocrx_word' id='word_1_822' title='bbox 2830 4889 2928 4943; x_wconf 90' lang='lat' dir='ltr'><strong>per</strong></span> <span class='ocrx_word' id='word_1_823' title='bbox 2955 4873 3292 4929; x_wconf 84' lang='lat' dir='ltr'><strong>Ezechielem</strong></span> <span class='ocrx_word' id='word_1_824' title='bbox 3321 4890 3447 4943; x_wconf 89' lang='lat' dir='ltr'><strong>pro-</strong></span> 
     </span>
    </p>
   </div>
   <div class='ocr_carea' id='block_1_111' title="bbox 1874 4965 3447 5040">
    <p class='ocr_par' dir='ltr' id='par_1_111' title="bbox 1874 4965 3447 5040">
     <span class='ocr_line' id='line_1_111' title="bbox 1874 4965 3447 5040; baseline 0 -18"><span class='ocrx_word' id='word_1_825' title='bbox 1874 4970 2090 5040; x_wconf 83' lang='lat' dir='ltr'><strong>phetam</strong></span> <span class='ocrx_word' id='word_1_826' title='bbox 2133 4968 2313 5022; x_wconf 89' lang='lat' dir='ltr'><strong>dicat:</strong></span> <span class='ocrx_word' id='word_1_827' title='bbox 2343 4983 2363 5025; x_wconf 68' lang='grc' dir='ltr'>ι</span> <span class='ocrx_word' id='word_1_828' title='bbox 2392 4966 2486 5020; x_wconf 70' lang='lat' dir='ltr'><strong>Va:</strong></span> <span class='ocrx_word' id='word_1_829' title='bbox 2525 4966 2831 5036; x_wconf 81' lang='lat' dir='ltr'><strong>pastOribus</strong></span> <span class='ocrx_word' id='word_1_830' title='bbox 2876 4965 3064 5033; x_wconf 81' lang='lat' dir='ltr'><strong>lsraei,</strong></span> <span class='ocrx_word' id='word_1_831' title='bbox 3113 4967 3205 5037; x_wconf 86' lang='lat' dir='ltr'><strong>qui</strong></span> <span class='ocrx_word' id='word_1_832' title='bbox 3256 4980 3447 5038; x_wconf 88' lang='lat' dir='ltr'><strong>pasce-</strong></span> 
     </span>
    </p>
   </div>
   <div class='ocr_carea' id='block_1_112' title="bbox 1874 5046 3446 5128">
    <p class='ocr_par' dir='ltr' id='par_1_112' title="bbox 1874 5046 3446 5128">
     <span class='ocr_line' id='line_1_112' title="bbox 1874 5046 3446 5128; baseline -0.004 -13"><span class='ocrx_word' id='word_1_833' title='bbox 1874 5062 2002 5116; x_wconf 90' lang='lat' dir='ltr'><strong>bant</strong></span> <span class='ocrx_word' id='word_1_834' title='bbox 2047 5060 2382 5128; x_wconf 83' lang='lat' dir='ltr'><strong>semetipsos.</strong></span> <span class='ocrx_word' id='word_1_835' title='bbox 2430 5055 2616 5111; x_wconf 84' lang='lat' dir='ltr'><strong>Nonne</strong></span> <span class='ocrx_word' id='word_1_836' title='bbox 2666 5046 2854 5128; x_wconf 83' lang='lat' dir='ltr'><strong>greges</strong></span> <span class='ocrx_word' id='word_1_837' title='bbox 2918 5066 3207 5126; x_wconf 90' lang='lat' dir='ltr'><strong>pascuntur</strong></span> <span class='ocrx_word' id='word_1_838' title='bbox 3256 5072 3286 5110; x_wconf 91' lang='lat' dir='ltr'><strong>a</strong></span> <span class='ocrx_word' id='word_1_839' title='bbox 3347 5068 3446 5125; x_wconf 86' lang='lat' dir='ltr'><strong>pa-</strong></span> 
     </span>
    </p>
   </div>
   <div class='ocr_carea' id='block_1_113' title="bbox 1872 5146 3443 5215">
    <p class='ocr_par' dir='ltr' id='par_1_113' title="bbox 1872 5146 3443 5215">
     <span class='ocr_line' id='line_1_113' title="bbox 1872 5146 3443 5215; baseline -0.003 -10"><span class='ocrx_word' id='word_1_840' title='bbox 1872 5150 2137 5206; x_wconf 85' lang='lat' dir='ltr'><strong>storibus?</strong></span> <span class='ocrx_word' id='word_1_841' title='bbox 2175 5148 2283 5202; x_wconf 88' lang='lat' dir='ltr'><strong>Lac</strong></span> <span class='ocrx_word' id='word_1_842' title='bbox 2310 5147 2705 5212; x_wconf 88' lang='lat' dir='ltr'><strong>comedebatis,</strong></span> <span class='ocrx_word' id='word_1_843' title='bbox 2762 5152 2816 5202; x_wconf 91' lang='lat' dir='ltr'><strong>et</strong></span> <span class='ocrx_word' id='word_1_844' title='bbox 2852 5146 2991 5201; x_wconf 81' lang='lat' dir='ltr'><strong>lanis</strong></span> <span class='ocrx_word' id='word_1_845' title='bbox 3020 5146 3408 5215; x_wconf 88' lang='lat' dir='ltr'><strong>operiebamini</strong></span> <span class='ocrx_word' id='word_1_846' title='bbox 3428 5188 3443 5212; x_wconf 93' lang='lat'><strong>,</strong></span> 
     </span>
    </p>
   </div>
   <div class='ocr_carea' id='block_1_114' title="bbox 1872 5235 3446 5313">
    <p class='ocr_par' dir='ltr' id='par_1_114' title="bbox 1872 5235 3446 5313">
     <span class='ocr_line' id='line_1_114' title="bbox 1872 5235 3446 5313; baseline -0.003 -18"><span class='ocrx_word' id='word_1_847' title='bbox 1872 5250 1927 5313; x_wconf 87' lang='lat' dir='ltr'><strong>et</strong></span> <span class='ocrx_word' id='word_1_848' title='bbox 1970 5240 2112 5311; x_wconf 91' lang='lat' dir='ltr'><strong>quod</strong></span> <span class='ocrx_word' id='word_1_849' title='bbox 2153 5253 2397 5296; x_wconf 86' lang='lat' dir='ltr'><strong>crassum</strong></span> <span class='ocrx_word' id='word_1_850' title='bbox 2442 5246 2561 5292; x_wconf 90' lang='lat' dir='ltr'><strong>erat</strong></span> <span class='ocrx_word' id='word_1_851' title='bbox 2595 5235 2920 5293; x_wconf 77' lang='lat' dir='ltr'><strong>occidebatl‘s</strong></span> <span class='ocrx_word' id='word_1_852' title='bbox 2944 5276 2958 5300; x_wconf 90' lang='lat'><strong>,</strong></span> <span class='ocrx_word' id='word_1_853' title='bbox 3003 5240 3217 5307; x_wconf 80' lang='lat' dir='ltr'><strong>gregem</strong></span> <span class='ocrx_word' id='word_1_854' title='bbox 3266 5236 3446 5291; x_wconf 81' lang='lat' dir='ltr'><strong>autem</strong></span> 
     </span>
    </p>
   </div>
   <div class='ocr_carea' id='block_1_115' title="bbox 1872 5327 3444 5398">
    <p class='ocr_par' dir='ltr' id='par_1_115' title="bbox 1872 5327 3444 5398">
     <span class='ocr_line' id='line_1_115' title="bbox 1872 5327 3444 5398; baseline -0.004 -10"><span class='ocrx_word' id='word_1_855' title='bbox 1872 5346 2053 5388; x_wconf 89' lang='lat' dir='ltr'><strong>meum</strong></span> <span class='ocrx_word' id='word_1_856' title='bbox 2118 5346 2223 5385; x_wconf 92' lang='lat' dir='ltr'><strong>non</strong></span> <span class='ocrx_word' id='word_1_857' title='bbox 2284 5327 2608 5398; x_wconf 86' lang='lat' dir='ltr'><strong>pascebatis.</strong></span> <span class='ocrx_word' id='word_1_858' title='bbox 2664 5328 2816 5394; x_wconf 81' lang='lat' dir='ltr'><strong>Quod</strong></span> <span class='ocrx_word' id='word_1_859' title='bbox 2863 5327 3132 5382; x_wconf 79' lang='lat' dir='ltr'><strong>infirmum</strong></span> <span class='ocrx_word' id='word_1_860' title='bbox 3183 5327 3283 5381; x_wconf 85' lang='lat' dir='ltr'><strong>fuit</strong></span> <span class='ocrx_word' id='word_1_861' title='bbox 3336 5332 3444 5382; x_wconf 83' lang='lat' dir='ltr'><strong>n&#39;on‘</strong></span> 
     </span>
    </p>
   </div>
   <div class='ocr_carea' id='block_1_116' title="bbox 1872 5410 3445 5489">
    <p class='ocr_par' dir='ltr' id='par_1_116' title="bbox 1872 5410 3445 5489">
     <span class='ocr_line' id='line_1_116' title="bbox 1872 5410 3445 5489; baseline -0.004 -11"><span class='ocrx_word' id='word_1_862' title='bbox 1872 5410 2262 5484; x_wconf 78' lang='lat' dir='ltr'><strong>consolidastis,</strong></span> <span class='ocrx_word' id='word_1_863' title='bbox 2313 5425 2370 5472; x_wconf 90' lang='lat' dir='ltr'><strong>et</strong></span> <span class='ocrx_word' id='word_1_864' title='bbox 2393 5420 2543 5487; x_wconf 85' lang='lat' dir='ltr'><strong>quod</strong></span> <span class='ocrx_word' id='word_1_865' title='bbox 2565 5426 2826 5489; x_wconf 68' lang='lat' dir='ltr'><strong>aegrotum</strong></span> <span class='ocrx_word' id='word_1_866' title='bbox 2868 5432 2977 5473; x_wconf 89' lang='lat' dir='ltr'><strong>non</strong></span> <span class='ocrx_word' id='word_1_867' title='bbox 3001 5417 3254 5481; x_wconf 85' lang='lat' dir='ltr'><strong>sanastis;</strong></span> <span class='ocrx_word' id='word_1_868' title='bbox 3298 5415 3445 5485; x_wconf 82' lang='lat' dir='ltr'><strong>quod</strong></span> 
     </span>
    </p>
   </div>
   <div class='ocr_carea' id='block_1_117' title="bbox 1870 5508 3444 5581">
    <p class='ocr_par' dir='ltr' id='par_1_117' title="bbox 1870 5508 3444 5581">
     <span class='ocr_line' id='line_1_117' title="bbox 1870 5508 3444 5581; baseline -0.006 -11"><span class='ocrx_word' id='word_1_869' title='bbox 1870 5515 2103 5569; x_wconf 89' lang='lat' dir='ltr'><strong>fractum</strong></span> <span class='ocrx_word' id='word_1_870' title='bbox 2153 5518 2370 5566; x_wconf 89' lang='lat' dir='ltr'><strong>estnon</strong></span> <span class='ocrx_word' id='word_1_871' title='bbox 2418 5510 2697 5581; x_wconf 89' lang='lat' dir='ltr'><strong>alligastis,</strong></span> <span class='ocrx_word' id='word_1_872' title='bbox 2737 5519 2792 5566; x_wconf 90' lang='lat' dir='ltr'><strong>et</strong></span> <span class='ocrx_word' id='word_1_873' title='bbox 2826 5509 2968 5581; x_wconf 87' lang='lat' dir='ltr'><strong>quod</strong></span> <span class='ocrx_word' id='word_1_874' title='bbox 3012 5508 3280 5577; x_wconf 76' lang='lat' dir='ltr'><strong>abiectum</strong></span> <span class='ocrx_word' id='word_1_875' title='bbox 3334 5522 3444 5561; x_wconf 89' lang='lat' dir='ltr'><strong>non</strong></span> 
     </span>
    </p>
   </div>
   <div class='ocr_carea' id='block_1_118' title="bbox 1874 5600 3443 5670">
    <p class='ocr_par' dir='ltr' id='par_1_118' title="bbox 1874 5600 3443 5670">
     <span class='ocr_line' id='line_1_118' title="bbox 1874 5600 3443 5670; baseline -0.006 -9"><span class='ocrx_word' id='word_1_876' title='bbox 1874 5603 2181 5667; x_wconf 74' lang='lat' dir='ltr'><strong>reduxistis;</strong></span> <span class='ocrx_word' id='word_1_877' title='bbox 2236 5602 2378 5669; x_wconf 90' lang='lat' dir='ltr'><strong>quod</strong></span> <span class='ocrx_word' id='word_1_878' title='bbox 2417 5602 2652 5669; x_wconf 81' lang='lat' dir='ltr'><strong>perierat</strong></span> <span class='ocrx_word' id='word_1_879' title='bbox 2694 5617 2801 5656; x_wconf 86' lang='lat' dir='ltr'><strong>non</strong></span> <span class='ocrx_word' id='word_1_880' title='bbox 2833 5602 3125 5670; x_wconf 49' lang='lat' dir='ltr'><strong>quasistls,</strong></span> <span class='ocrx_word' id='word_1_881' title='bbox 3173 5600 3265 5654; x_wconf 86' lang='lat' dir='ltr'><strong>sed</strong></span> <span class='ocrx_word' id='word_1_882' title='bbox 3319 5614 3443 5653; x_wconf 87' lang='lat' dir='ltr'><strong>cum</strong></span> 
     </span>
    </p>
   </div>
   <div class='ocr_carea' id='block_1_119' title="bbox 1873 5692 3445 5767">
    <p class='ocr_par' dir='ltr' id='par_1_119' title="bbox 1873 5692 3445 5767">
     <span class='ocr_line' id='line_1_119' title="bbox 1873 5692 3445 5767; baseline -0.006 -12"><span class='ocrx_word' id='word_1_883' title='bbox 1873 5696 2191 5755; x_wconf 79' lang='lat' dir='ltr'><strong>austeritate</strong></span> <span class='ocrx_word' id='word_1_884' title='bbox 2244 5693 2583 5765; x_wconf 81' lang='lat' dir='ltr'><strong>imperabitis</strong></span> <span class='ocrx_word' id='word_1_885' title='bbox 2631 5694 2711 5751; x_wconf 79' lang='lat' dir='ltr'><strong>eis</strong></span> <span class='ocrx_word' id='word_1_886' title='bbox 2784 5705 2840 5751; x_wconf 88' lang='lat' dir='ltr'><strong>et</strong></span> <span class='ocrx_word' id='word_1_887' title='bbox 2890 5710 3014 5751; x_wconf 85' lang='lat' dir='ltr'><strong>cum</strong></span> <span class='ocrx_word' id='word_1_888' title='bbox 3051 5692 3294 5767; x_wconf 85' lang='lat' dir='ltr'><strong>potentia</strong></span> <span class='ocrx_word' id='word_1_889' title='bbox 3336 5708 3350 5747; x_wconf 92' lang='lat'><strong>:</strong></span> <span class='ocrx_word' id='word_1_890' title='bbox 3387 5698 3445 5747; x_wconf 85' lang='lat' dir='ltr'><strong>et</strong></span> 
     </span>
    </p>
   </div>
  </div>
