3960 6330
488 304 628 360 19..ὅῦ

1133 302 1197 357 Β.
1238 299 1493 357 RABANI
1532 300 1755 357 MAURI
1790 296 2107 355 ARCHIEP.
2146 299 2458 359 MOGUNT.
2496 302 2782 361 OPERUM
2814 302 2992 359 PARS
3029 304 3113 360 Ill.

3646 306 3778 361 1256

483 422 744 491 dispersae
785 429 912 475 sunt
951 435 1080 477 oves
1122 437 1277 485 mem,
1333 435 1399 476 eo
1449 418 1594 489 quod
1640 431 1748 471 non
1811 423 1957 471 esset
1988 431 2078 485 pa-
2104 413 2158 474 Α
2182 424 2451 471 monstrat
2486 417 2706 473 dicens:
2739 437 2755 468 ι
2785 416 2887 472 Fili
2919 417 3175 482 hominis,
3221 419 3625 488 speculatorem
3657 420 3777 477 dedi

484 524 632 579 stor,
672 521 729 567 et
772 514 931 569 facta:
985 522 1112 569 sunt
1146 514 1200 567 in
1245 512 1652 567 devorationem
1702 506 2075 565 omniumbe-

484 606 710 661 stiarum
757 606 891 677 agri,
944 615 997 661 et
1036 606 1295 674 dispersae
1335 613 1502 670 sunt,
1536 623 1554 655 ι
1612 612 1715 659 etc.
1768 602 1875 658 Sed
1933 603 2076 672 quod

484 695 607 751 talis
634 696 776 751 actio
805 696 943 750 iram
971 695 1187 751 Domini
1220 705 1463 751 meretur
1489 694 1733 764 sequitur
1772 708 1786 747 :

556 786 719 857 δορὴ.
770 805 789 838 ι
822 786 1125 857 Complevit
1154 786 1415 842 Dominus
1445 786 1684 841 furorem
1726 799 1908 849 suum,
1940 781 2074 838 eﬁ'u-

489 901 505 931 ‹
540 880 620 934 dit
642 879 780 934 iram
810 879 1198 950 indignationis
1246 894 1378 942 suae,
1408 887 1464 931 et
1493 877 1775 932 succendit
1812 876 1991 946 ignem
2018 876 2073 930 in

489 987 507 1020 ι
541 968 695 1033 Sion,
725 978 779 1022 et
819 969 1103 1023 devoravit
1147 968 1499 1023 fundamenta
1545 968 1683 1037 ejus.
1719 986 1737 1018 ι
1773 966 2076 1036 Complevit

481 1061 625 1112 enim
656 1058 916 1114 Dominus
960 1058 1198 1115 furorem
1248 1074 1425 1123 suum,
1459 1067 1513 1113 et
1553 1056 1741 1113 effudit
1770 1058 1906 1111 iram
1935 1056 2073 1112 indi-

482 1149 751 1219 gnationis
779 1165 888 1205 suae
933 1151 989 1204 in
1023 1158 1238 1221 gentem
1284 1149 1668 1218 peccatricem,
1711 1149 1926 1219 quando
1964 1165 2071 1204 non

480 1240 653 1295 solum
684 1240 938 1311 populum
981 1241 1383 1308 exterminavit,
1418 1240 1511 1295 sed
1550 1240 1716 1294 etiam
1761 1239 2071 1294 habitacula

480 1342 578 1398 per
608 1330 793 1384 hostes
819 1344 1007 1384 eorum
1032 1346 1205 1399 usque
1224 1330 1292 1385 ad
1320 1329 1676 1386 fundamenta
1703 1331 1990 1397 destruxit,
2020 1343 2074 1387 et

484 1423 740 1493 templum
764 1432 924 1493 atque
949 1424 1140 1479 urbem
1163 1424 1413 1481 incendio
1442 1425 1798 1495 consumpsit.
1826 1425 2072 1495 Complct

478 1516 646 1570 etiam
675 1522 730 1570 et
758 1515 813 1569 in
843 1514 1001 1570 malis
1027 1516 1339 1571 doctoribus
1368 1516 1607 1570 furorem
1646 1532 1829 1579 suum,
1856 1518 2069 1586 quando

478 1620 579 1677 pro
612 1604 934 1677 negligentia
980 1614 1035 1660 et
1080 1605 1285 1661 desidia
1330 1621 1427 1660 sua
1459 1606 1711 1661 incendio
1762 1621 1857 1661 eos
1894 1607 2073 1661 tradet

477 1704 737 1767 perpetuo
771 1714 784 1748 :
812 1704 867 1749 et
893 1711 999 1752 non
1026 1696 1200 1751 solum
1226 1712 1325 1767 pro
1352 1698 1606 1767 operibus
1651 1693 1809 1754 malis
1841 1714 1935 1753 eos
1967 1714 2068 1769 pu-

2178 518 2231 564 tc
2260 508 2440 563 domui
2470 508 2655 575 Israel,
2688 519 2743 564 et
2768 510 2959 564 audies
2984 512 3053 565 de
3096 522 3191 564 ore
3221 526 3345 566 meo
3368 513 3560 577 verba,
3601 521 3658 566 et
3685 529 3779 566 an-

2175 598 2451 655 nuntiabis
2478 601 2558 655 eis
2577 614 2645 655 cx
2671 616 2775 655 me.
2813 599 2869 653 Si
2894 601 3109 656 dicente
3126 613 3215 654 me
3238 600 3305 653 ad
3328 602 3581 671 impium,
3606 600 3778 657 Morte

2177 690 2453 755 morieris,
2475 706 2584 745 non
2612 690 3026 746 annuntiaveris
3055 691 3559 761 ei,nequelocutus
3587 693 3776 758 fueris,

2175 789 2233 835 ut
2257 790 2534 837 avertatur
2563 798 2595 836 a
2620 782 2707 837 via
2737 797 2835 838 sua
2862 782 3029 853 impia
3058 791 3114 837 et
3138 783 3305 848 vivat,
3351 784 3467 853 ipse
3496 786 3696 855 impius
3723 785 3775 838 in

2174 873 2461 942 iniquitate
2502 888 2598 928 sua
2630 874 2919 941 morietur,
2966 874 3285 944 sanguinem
3329 882 3511 930 autem
3566 875 3688 943 ejus
3713 875 3776 930 de

2172 981 2337 1020 manu
2364 976 2454 1020 tua
2484 967 2782 1037 requiram.
2818 965 2877 1020 Si
2916 975 3100 1021 autem
3131 976 3189 1021 tu
3220 966 3635 1020 annuntiaveris
3676 966 3777 1019 im-

2172 1056 2282 1124 pio,
2314 1066 2366 1111 et
2390 1055 2480 1110 ille
2510 1071 2615 1110 non
2638 1055 2806 1111 fuerit
2835 1070 3137 1112 conversus
3166 1058 3233 1110 ab
3264 1058 3548 1125 impietate
3593 1074 3693 1112 sua
3722 1068 3777 1112 et

2173 1148 2259 1201 via
2290 1163 2385 1202 sua
2417 1147 2600 1216 impia,
2632 1147 2746 1217 ipse
2772 1148 2991 1216 quidem
3018 1148 3073 1201 in
3117 1146 3405 1216 iniquitate
3434 1163 3533 1202 sua
3574 1148 3777 1203 morie-

2174 1248 2300 1304 tur,
2354 1247 2414 1292 tu
2466 1246 2647 1293 autem
2694 1242 2931 1293 animam
2991 1247 3136 1293 tuam
3198 1239 3461 1294 liberasti.
3514 1238 3623 1294 Sed
3671 1240 3775 1293 etsi

2175 1348 2470 1389 conversus
2484 1333 2647 1389 fuerit
2657 1332 2839 1403 justus
2861 1350 2891 1388 a
2907 1334 3121 1402 justitia
3136 1349 3255 1399 sua,
3270 1344 3325 1388 et
3346 1334 3544 1388 fecerit
3573 1332 3777 1401 iniqui-

2173 1432 2361 1486 tatem,
2392 1440 2591 1495 ponam
2625 1423 3010 1480 oﬁ'endiculum
3064 1440 3247 1481 coram
3273 1438 3340 1479 eo
3377 1442 3389 1475 :
3426 1426 3543 1493 ipse
3574 1423 3774 1478 morie-

2175 1523 2284 1583 tur,
2312 1514 2438 1584 quia
2471 1530 2578 1571 non
2622 1503 2955 1570 annuntiasti
2984 1516 3070 1579 ei;
3102 1516 3156 1568 in
3184 1523 3411 1584 peccato
3442 1529 3541 1569 suo
3571 1515 3774 1570 morie-

2174 1620 2280 1676 tur,
2310 1619 2365 1665 et
2406 1625 2514 1665 non
2558 1618 2718 1665 erunt
2756 1611 2810 1665 in
2855 1608 3173 1664 memoriam
3209 1606 3439 1675 justitia:
3464 1608 3605 1676 ejus,
3636 1623 3771 1676 quas

2175 1700 2306 1756 fecit
2326 1708 2350 1755 ':
2389 1701 2709 1771 sanguinem
2740 1717 2869 1755 vero
2896 1701 3015 1769 ejus
3044 1699 3111 1754 de
3148 1714 3306 1753 manu
3336 1707 3423 1752 tua
3466 1699 3766 1765 requiram.

479 1787 583 1851 nit,
622 1787 717 1842 sed
747 1803 918 1856 usque
946 1788 1013 1842 ad
1060 1788 1411 1844 fundamenta
1450 1804 1833 1862 perversarum
1862 1792 2071 1861 cogita-
2099 1771 2147 1831 B
2177 1792 2231 1849 Si
2261 1802 2443 1850 autem
2474 1804 2530 1849 tu
2578 1794 2991 1849 annuntiaveris
3030 1794 3199 1864 justo,
3229 1801 3287 1847 ut
3326 1807 3435 1845 non
3465 1800 3674 1859 peccet,
3715 1800 3770 1845 et

482 1878 684 1934 tionum
724 1878 839 1947 ejus
860 1880 1099 1935 vindicta
1124 1881 1395 1951 pervenit.

550 1968 768 2023 Lamed.
833 1986 851 2017 ι
883 1966 999 2022 Non
1035 1969 1387 2025 crediderunt
1427 1987 1583 2043 reges
1620 1981 1797 2038 terrm,
1848 1981 1904 2027 et
1949 1972 2071 2026 uni—

483 2074 502 2107 ‹
536 2057 679 2111 versi
713 2056 1046 2112 habitatores
1065 2058 1236 2123 orbis,
1283 2061 1538 2128 quoniam
1573 2062 1946 2131 ingrederetur
1974 2063 2071 2115 ho-

477 2147 576 2201 stis
602 2156 657 2201 et
692 2147 943 2202 inimicus
990 2163 1089 2217 per
1116 2157 1303 2218 portas
1350 2150 1711 2207 Hierusalem.
1746 2173 1765 2205 ι
1795 2152 2067 2225 (Ηὶενοη.)

475 2239 702 2305 Quando
731 2255 859 2311 ergo
887 2248 1059 2296 status
1089 2243 1239 2312 regni
1273 2242 1484 2301 Judaici
1535 2246 1735 2299 mansit
1760 2245 2067 2310 incolumis,

476 2342 531 2387 et
548 2334 724 2388 cultus
750 2335 843 2387 Dei
875 2335 947 2389 ibi
973 2344 1089 2389 erat
1138 2335 1547 2401 celeberrimus,
1575 2328 1789 2390 diﬁicile
1820 2336 1922 2390 fuit
1973 2350 2070 2389 na-

477 2423 712 2477 tionibus
735 2424 973 2493 gentium
1024 2425 1447 2499 circumquaque
1492 2426 1793 2494 positarum
1847 2428 2069 2481 credere

476 2515 621 2583 quod
669 2522 924 2569 externus
958 2516 1130 2570 hostis
1159 2515 1537 2572 dominaturus
1585 2526 1729 2572 esset
1769 2517 2071 2589 insignissi-

475 2616 599 2667 mae,
627 2610 682 2657 et
709 2601 906 2671 templo
952 2600 1339 2667 famosissimo,
1384 2605 1622 2659 maxime
1665 2621 1789 2660 cum
1823 2606 2071 2659 viderent

472 2697 532 2746 et
558 2692 810 2747 audirent
854 2694 922 2747 ab
965 2693 1119 2747 initio
1146 2704 1360 2763 gentem
1398 2695 1542 2749 illam
1575 2695 1742 2766 signis
1772 2695 2070 2751 clarescen-

471 2774 641 2844 tibus,
668 2780 851 2835 divina
889 2796 989 2851 ope
1024 2792 1383 2839 sustentatam
1416 2794 1581 2855 atque
1606 2794 1924 2854 protectam.
1956 2786 2067 2855 My-

472 2869 609 2923 stice
652 2876 833 2924 autem
880 2886 1002 2926 cum
1050 2872 1289 2926 animam
1341 2875 1631 2944 cujuslibet
1665 2874 1838 2930 ﬁdelis
1868 2876 2069 2931 videri-

472 2972 595 3012 mus
636 2959 865 3028 spiritali
912 2961 1137 3015 scientia
1183 2970 1349 3031 atque
1393 2966 1636 3019 omnium
1676 2966 1937 3021 virtutum
1975 2968 2068 3022 de—

472 3060 599 3100 core
628 3049 970 3114 adornatam,
995 3050 1084 3102 vix
1117 3052 1340 3104 credere
1388 3066 1677 3121 possumus
1706 3062 1818 3107 tam
1861 3037 2064 3109 subita—

2172 1883 2263 1938 ille
2304 1898 2414 1938 non
2444 1884 2775 1953 peccaverit,
2825 1884 3015 1939 vivens
3056 1884 3221 1947 vivet,
3256 1881 3384 1952 quia
3430 1882 3766 1935 annuntiasti

2172 1972 2244 2038 ei,
2269 1981 2325 2026 et
2353 1981 2409 2027 tu
2438 1974 2679 2027 animam
2715 1983 2863 2028 tuam
2891 1973 3133 2028 liberasti
3163 1970 3383 2043 (Ezeqh.
3410 1970 3518 2041 ιιι).
3547 1990 3566 2022 ι

2244 2061 2394 2116 Nun.
2443 2081 2461 2113 ι
2491 2064 2826 2118 Erraverunt
2869 2064 2996 2118 caeci
3034 2064 3089 2116 in
3140 2061 3354 2131 plateis,
3410 2061 3602 2130 polluti
3641 2068 3764 2115 sunt

2178 2172 2197 2205 ι
2234 2154 2513 2225 sanguine.
2550 2153 2793 2223 Cumque
2815 2170 2922 2209 non
2950 2161 3192 2223 possent,
3218 2161 3512 2207 tenuerunt
3543 2150 3763 2205 lacinias

2179 2262 2198 2295 ι
2234 2260 2377 2299 suas.
2413 2263 2430 2295 ›
2469 2242 2737 2315 (Ηὶενοη.)
2782 2243 2887 2297 Per
2918 2243 3171 2297 inertiam
3210 2256 3341 2311 ergo
3369 2242 3654 2296 doctorum
3682 2250 3761 2295 te.

2171 2335 2356 2390 nebris
2399 2334 2719 2405 ignorantia:
2766 2333 3023 2389 excmcati
3075 2339 3401 2387 erraverunt
3455 2332 3509 2384 in
3570 2330 3763 2399 plateis

2171 2437 2363 2482 turma:
2400 2426 2592 2496 plebis,
2620 2426 2745 2494 quia
2776 2426 2900 2479 dum
2930 2440 2989 2479 se
3014 2425 3081 2478 ad
3115 2423 3401 2478 illecebras
3420 2423 3639 2476 tradunt
3664 2436 3755 2475 vo-

2171 2518 2459 2588 luptatum,
2490 2524 2695 2571 rectam
2717 2515 2911 2571 callem
2940 2530 3048 2569 non
3080 2522 3265 2568 tenent
3290 2514 3601 2567 divinorum
3630 2526 3762 2580 prato

2171 2616 2469 2677 ceptorum.
2498 2605 2567 2659 Et
2589 2608 2727 2660 bene
2749 2605 2947 2659 dicitur
2970 2622 2983 2656 :
3018 2621 3036 2653 ι
3060 2602 3251 2672 polluti
3274 2610 3405 2656 sunt
3434 2601 3714 2669 sanguine,
3735 2619 3752 2649 ι

2171 2698 2298 2768 quia
2360 2695 2897 2767 sanguinolentorum
2946 2710 3167 2763 operum
3224 2692 3584 2748 contaminati
3638 2701 3758 2746 sunt

2170 2787 2576 2843 commixtione.
2614 2804 2632 2835 ι
2667 2786 2910 2855 Cumque
2934 2800 3043 2839 non
3071 2793 3317 2853 possent,
3349 2804 3368 2835 ι
3404 2784 3602 2852 inquit,
3640 2784 3758 2838 sub-

2171 2879 2410 2943 auditur,
2458 2884 2607 2931 recto
2647 2876 2867 2930 tramite
2928 2876 3202 2940 incedere,
3250 2882 3543 2928 tenuerunt
3580 2874 3754 2944 lacry-

2168 2985 2285 3025 mas
2317 2956 2583 3042 [lacinias]
2631 2984 2777 3031 suas,
2812 2968 2916 3023 hoc
2949 2977 3052 3033 est,
3092 2967 3320 3021 aliorum
3368 2968 3627 3021 ducatum
3669 2982 3757 3020 ex-

2168 3063 2443 3133 petebant,
2477 3068 2537 3115 ut
2561 3074 2748 3116 eorum
2781 3068 3001 3114 actuum
3038 3058 3319 3128 exemplis,
3354 3060 3512 3128 quasi
3540 3058 3756 3127 quibus-

471 3152 735 3193 ICO'Casll
762 3154 884 3193 eam
926 3154 1206 3205 corruere.
1256 3149 1315 3195 ιιι
1345 3156 1465 3211 quae
1492 3144 1723 3213 quodam
1761 3144 2063 3214 imperabat
2090 3144 2136 3206 C
2167 3150 2289 3205 dam
2332 3150 2545 3205 laciniis
2600 3149 2779 3213 tracti,
2828 3162 3073 3217 gressum
3116 3148 3399 3202 imitentur
3442 3147 3757 3215 preceden-

470 3228 803 3298 spiritalibus
832 3230 1089 3295 inimicis,
1142 3240 1197 3285 et
1235 3247 1329 3287 eos
1370 3234 1437 3285 ab
1464 3233 1701 3289 obsessis
1741 3236 2060 3304 corporibus

473 3322 640 3375 verbo
666 3320 931 3375 orationis
974 3319 1245 3389 ejiciebat,
1294 3338 1439 3377 nunc
1462 3324 1775 3379 eorumdem
1822 3325 2060 3379 hostium

469 3412 653 3481 praeda
693 3410 807 3475 ﬁat,
838 3420 893 3465 et
934 3419 1044 3466 tota
1075 3412 1289 3467 illorum
1336 3403 1684 3483 nequissima:
1731 3416 1944 3471 subdita
1969 3431 2063 3471 vo-

476 3501 690 3555 luntati.
725 3500 831 3557 Sed
862 3501 1002 3556 unde
1037 3502 1153 3557 hazc
1193 3504 1350 3558 ruina
1381 3506 1617 3559 maxima
1649 3508 1946 3575 proveniat,
1978 3523 2062 3562 se—

469 3608 643 3661 quens
682 3606 863 3647 sermo
891 3594 1172 3663 prophetae
1219 3596 1576 3651 demonstrat.
1615 3598 1904 3671 (MAURUS.)
1931 3599 2060 3654 Pro-

470 3693 591 3753 pter
616 3692 842 3754 peccata
870 3684 1015 3738 enim
1060 3686 1359 3741 scribarum
1408 3698 1463 3741 et
1491 3687 1911 3755 Pharisaeorum,
1937 3705 2063 3745 nec-

472 3790 581 3829 non
606 3783 661 3829 et
687 3774 1001 3843 pontiﬁcum
1020 3772 1349 3843 Iudaeorum,
1373 3778 1466 3846 qui
1499 3779 1815 3849 sanguinem
1849 3781 2061 3834 redem-

471 3864 645 3935 ptoris
686 3872 741 3918 et
778 3864 1161 3935 prophetarum
1193 3875 1355 3935 atque
1406 3869 1773 3936 apostolorum
1822 3869 1938 3937 ejus
1976 3871 2058 3925 ef-

471 3952 763 4019 fuderunt,
815 3954 1103 4023 captivitas
1157 3955 1496 4013 Hierusalem
1551 3966 1714 4027 atque
1760 3959 2061 4016 devastatio

473 4046 710 4099 maxime
732 4045 931 4102 evenit.

544 4143 708 4197 Mem.
776 4160 795 4195 ‹
824 4143 1051 4213 Pmpter
1099 4153 1322 4214 peccata
1380 4147 1769 4218 prophetarum
1826 4147 1960 4217 ejus,
2006 4158 2061 4204 et

478 4252 495 4283 ι
529 4232 848 4303 iniquitates
875 4234 1215 4313 sacerdotum
1244 4235 1382 4301 ejus,
1410 4238 1502 4306 qui
1531 4237 1837 4292 eﬁ‘uderunt
1865 4240 1919 4293 in
1948 4256 2062 4295 me-

480 4342 498 4373 ι
538 4325 625 4378 dio
651 4322 767 4389 ejus
813 4325 1132 4393 sanguinem
1164 4325 1454 4395 iustorum.
1484 4346 1503 4379 ι
1545 4328 1805 4383 Similiter
1832 4338 1887 4385 et
1915 4346 2058 4386 nunc

470 4414 525 4468 in
557 4414 823 4480 Ecclesia,
850 4422 1070 4483 propter
1096 4426 1317 4485 peccata
1342 4418 1729 4487 prephetarum
1759 4429 1815 4473 et
1856 4421 2055 4489 iniqui-

470 4514 611 4560 tates
640 4504 983 4560 sacerdotum
1013 4504 1151 4574 ejus,
1193 4479 1472 4577 porta-rum
1504 4510 1763 4578 spiritalis
1800 4479 2059 4564 Hierusa-
2082 4479 2137 4539 Β

472 4596 578 4651 lem
601 4605 747 4665 patet
790 4596 1059 4651 introitus.
1106 4596 1334 4663 Quando
1361 4609 1582 4669 pr0pter
1626 4602 1894 4670 ignaviam
1923 4618 2060 4671 pra:-

473 4688 793 4753 dicatorum,
822 4698 875 4743 et
905 4688 1286 4759 negligentiam
1318 4692 1656 4745 sacerdotum
1682 4674 1798 4757 Dei,
1830 4693 1921 4761 qui
1953 4709 2057 4748 non

472 4788 669 4833 curant
692 4778 890 4847 populo
920 4780 1246 4835 annuntiare
1281 4782 1424 4836 viam
1466 4782 1702 4848 Domini,
1750 4796 1805 4839 et
1839 4799 2059 4854 compe-

472 4883 627 4923 scere
665 4864 787 4922 eum
831 4883 860 4921 a
909 4873 1164 4939 peccatis,
1214 4873 1387 4928 hostis
1418 4874 1685 4945 malignus
1729 4890 1828 4943 per
1867 4891 2060 4932 sensus

471 4959 773 5013 exteriores
796 4960 999 5015 aditum
1030 4962 1263 5017 intrandi
1286 4964 1341 5017 in
1367 4966 1602 5020 animam
1631 4968 1855 5033 invenit,
1883 4976 1937 5023 et
1960 4983 2055 5022 oc-

472 5050 747 5104 casionem
777 5050 939 5104 habet
962 5066 1059 5119 per
1084 5052 1327 5107 diversas
1348 5053 1567 5109 fraudes
1595 5071 1714 5109 eam
1742 5058 2053 5113 seducendi.

475 5140 629 5195 Unde
660 5140 918 5207 scriptum
949 5150 1070 5193 est:
1104 5161 1120 5191 ι
1150 5141 1322 5197 Causa
1354 5146 1522 5199 ruina:
1548 5146 1728 5215 p0puli
1751 5149 2057 5205 sacerdotes

472 5232 601 5286 mali
648 5229 864 5299 (Thren.
906 5230 990 5301 ιι).
1026 5249 1045 5282 ι
1080 5230 1181 5297 Qui
1228 5234 1423 5289 merito
1479 5236 1733 5291 dicuntur
1780 5237 2056 5296 ell‘undere

474 5322 791 5391 sanguinem
840 5319 1132 5389 iustorum,
1181 5324 1307 5392 quia
1369 5326 1495 5381 dum
1552 5329 1907 5398 simplicibus,
1957 5333 2052 5403 qui

473 5414 616 5469 forte
645 5427 741 5481 per
770 5414 1135 5468 innocentiam
1151 5414 1284 5484 justi
1325 5430 1448 5471 esse
1496 5428 1715 5488 possent
1753 5421 1798 5475 si
1829 5422 2053 5477 rectitu-

475 5504 657 5558 dinem
693 5504 903 5558 viarum
946 5505 1156 5560 Domini
1204 5509 1426 5574 scirent,
1473 5511 1799 5567 subtrahunt
1836 5516 2057 5571 verbum

476 5596 675 5660 solatii,
728 5596 806 5649 rei
864 5596 1114 5651 dicuntur
1166 5614 1287 5654 esse
1340 5603 1621 5672 sanguinis
1670 5604 1848 5661 eﬁ‘usi.
1906 5608 2060 5674 Quod

476 5702 658 5743 sermo
683 5687 895 5744 divinus
919 5690 985 5745 ad
1024 5689 1360 5746 Ezechielem
1386 5695 1706 5764 prophetam
1740 5698 1940 5769 liquide
1961 5703 2056 5756 de-

2163 3242 2319 3295 tiutn.
2350 3240 2459 3295 Sed
2485 3240 2609 3310 quia
2656 3240 2967 3308 frequenter
3002 3237 3079 3292 illi
3114 3239 3205 3307 qui
3243 3247 3513 3307 praeeunt,
3555 3248 3609 3291 et
3656 3238 3759 3291 fre-

2166 3342 2397 3404 quentes
2455 3348 2512 3388 se
2566 3331 2733 3387 verbo
2791 3332 3091 3395 doctrinae,
3160 3340 3216 3384 et
3272 3332 3432 3385 bouis
3497 3330 3758 3400 exemplis

2166 3428 2363 3481 ducere
2392 3424 2710 3487 debuerant,
2760 3423 2907 3491 ipsos
2935 3430 3213 3477 secutores
3255 3435 3385 3475 suos
3414 3428 3515 3489 per
3558 3420 3753 3474 fastum

2166 3516 2429 3586 superbiae
2454 3521 2771 3584 spernentes
2815 3514 2871 3566 in
2901 3513 3339 3581 desperationem
3376 3512 3621 3565 mittunt.
3660 3509 3756 3564 Se-

2166 3608 2350 3677 quitur
2374 3628 2386 3659 :

2238 3696 2479 3767 Sameqh.
2528 3693 2846 3764 (ίΒθοθόίιε,
2875 3692 3085 3761 polluti,
3111 3690 3485 3746 elamaverunt
3514 3690 3634 3743 eis:
3664 3702 3755 3742 re—

2171 3808 2190 3840 ι
2223 3788 2419 3851 cedite,
2461 3786 2627 3850 abite,
2674 3784 2840 3839 nolite
2869 3792 3107 3854 tangere.
3145 3782 3355 3851 Jurgati
3387 3782 3583 3851 quippe
3603 3790 3755 3843 sunt,

2170 3895 2188 3927 (
2224 3886 2280 3931 et
2307 3876 2563 3930 commoti
2592 3875 2842 3929 dixerunt
2870 3874 3010 3928 inter
3037 3882 3244 3942 gentes,
3275 3870 3395 3927 Non
3426 3872 3587 3927 addet
3612 3872 3759 3926 ultra

2172 3989 2190 4020 ι
2226 3967 2567 4021 utinhabitet
2598 3966 2653 4018 in
2673 3965 2770 4018 eis.
2800 3983 2818 4015 ι

2236 4056 2370 4111 Phe.
2416 4074 2434 4106 ι
2463 4055 2651 4111 Facies
2692 4054 2904 4109 Domini
2946 4054 3128 4109 divisit
3170 4068 3283 4121 eos,
3343 4068 3453 4108 non
3495 4055 3661 4109 addet
3701 4064 3757 4109 ut

2168 4174 2186 4207 ι
2221 4152 2418 4222 eripiat
2470 4148 2772 4222 [respiciat]
2819 4163 2933 4203 eos.
2994 4148 3184 4202 Facies
3240 4147 3582 4202 sacerdotum
3648 4164 3759 4201 non

2168 4264 2186 4295 ι
2226 4244 2579 4306 erubuerunt,
2620 4254 2795 4311 neque
2848 4254 3037 4293 senum
3083 4239 3293 4294 miserti
3349 4247 3496 4301 sunt.
3530 4258 3548 4289 ι
3575 4236 3758 4307 (31Αο-

2161 4336 2305 4406 nus.)
2350 4333 2497 4387 Talis
2540 4339 2622 4385 est
2668 4347 2773 4386 vox
2814 4332 3169 4399 superborum
3215 4331 3621 4398 magistrorum,
3663 4328 3757 4396 qui

2160 4438 2327 4492 pecus
2357 4422 2499 4490 quod
2529 4434 2772 4475 crassum
2799 4426 2884 4473 est
2911 4417 2979 4471 de
3006 4432 3167 4487 grege
3194 4427 3495 4479 assumunt,
3522 4426 3575 4469 et
3605 4419 3759 4485 quod

2164 4512 2338 4567 debile
2366 4509 2679 4581 projiciunt,
2716 4509 2861 4579 quod
2916 4508 3189 4562 inﬁrmum
3232 4522 3340 4561 non
3382 4507 3755 4573 consolidant,

2162 4613 2218 4657 et
2270 4604 2412 4671 quod
2455 4610 2716 4671 azgrotum
2774 4614 2882 4653 non
2926 4608 3138 4652 sanant.
3201 4616 3219 4647 ι
3248 4597 3524 4661 Reeedite,
3573 4597 3754 4657 aiunt,

2161 4694 2375 4765 polluti,
2420 4693 2675 4756 recedite,
2722 4691 2888 4755 abite,
2920 4690 3085 4743 nolite
3120 4704 3218 4743 nos
3260 4697 3503 4758 tangere,
3534 4708 3551 4741 ι
3581 4690 3758 4743 nolite

2164 4788 2217 4841 in
2250 4786 2430 4855 aliquo
2455 4784 2611 4839 nobis
2650 4781 3095 4837 communicare:
3121 4780 3438 4835 insanabilia
3482 4792 3607 4835 sunt
3635 4782 3755 4836 vul-

2164 4892 2296 4931 nera
2342 4885 2544 4939 vestra,
2574 4883 2629 4928 et
2669 4872 2996 4927 incurabiles
3031 4871 3237 4941 plagae:
3272 4886 3378 4924 non
3427 4872 3559 4925 estis
3596 4872 3755 4942 digni

2164 4968 2543 5025 communione
2579 4964 2907 5029 Christiana,
2956 4971 3016 5017 ut
3045 4963 3186 5015 ultra
3217 4962 3271 5015 in
3301 4963 3455 5017 vobis
3483 4962 3756 5017 inhabitet

2165 5060 2399 5129 Spiritus
2439 5066 2690 5113 sanctus:
2735 5056 2900 5109 facies
2925 5053 3137 5109 Domini
3172 5050 3363 5105 dividit
3412 5066 3506 5105 vos
3546 5067 3604 5107 ac
3659 5070 3752 5109 re-

2163 5156 2326 5224 spuit,
2357 5168 2459 5208 nec
2484 5134 2645 5207 addet
2676 5149 2819 5203 ultra
2854 5154 2917 5201 ut
2944 5146 3190 5217 recipiat,
3215 5144 3342 5214 quia
3370 5142 3538 5200 facies
3566 5160 3758 5201 sacer-

2163 5249 2349 5302 dotum
2398 5254 2703 5299 vestrorum
2746 5255 2854 5295 non
2892 5238 3199 5301 erubuistis,
3252 5250 3429 5307 neque
3469 5236 3755 5293 seniorum

2165 5346 2469 5393 vestrorum
2502 5330 2919 5389 admonitionem
2947 5336 3226 5383 mansuete
3270 5327 3601 5395 suscepistis.
3639 5327 3755 5383 Ta-

2166 5429 2232 5483 lis
2270 5427 2415 5482 enim
2459 5423 2669 5493 loquela
2720 5436 2826 5476 non
2876 5420 3143 5474 illuminat
3173 5434 3397 5483 caecum,
3433 5434 3539 5473 non
3589 5430 3755 5475 sanat

2166 5527 2448 5589 azgrotum,
2489 5530 2596 5568 non
2626 5521 2784 5567 curat
2829 5511 3124 5573 inﬁrmum,
3178 5510 3275 5563 sed
3315 5508 3488 5578 magis
3525 5509 3752 5575 occidit,

2165 5621 2325 5681 atque
2366 5612 2421 5665 in
2471 5607 2905 5676 desperationem
2949 5604 3344 5674 periclitantem
3390 5602 3574 5656 mittit.
3612 5602 3753 5658 Boni

2164 5701 2310 5757 enim
2328 5698 2575 5755 doctores
2598 5711 2661 5753 ex
2687 5710 2783 5752 sua
2812 5697 3123 5751 inﬁrmitate
3148 5695 3379 5752 aliorum
3402 5694 3750 5749 inﬁrmitates
