3960 6326
276 371 419 428 {257

1165 369 1526 428 EXPOSITIO
1563 370 1792 430 SUPER
1829 370 2193 428 JEREMIAM.
2234 397 2307 413 ι·-
2335 369 2462 427 LIB.
2504 370 2626 429 XX.

3381 370 3521 433 1288

271 492 586 558 pensantes,
617 483 788 554 magis
827 496 926 554 per
973 482 1293 540 humilitatis
1319 489 1375 538 et
1418 483 1847 540 mansuetudinis
1874 490 1923 548 Α
1950 484 2130 555 syriis,
2166 498 2287 554 quae
2308 482 2452 540 nullo
2492 481 2651 538 modo
2679 481 2913 537 liberare
2942 496 3033 536 eos
3071 489 3336 551 poterant.
3370 481 3521 538 Unde

271 576 626 634 lonimentum
682 574 899 630 student
945 583 1234 644 peccantes
1285 572 1354 628 ab
1405 575 1605 629 erroris
1654 573 1848 644 laqueo

271 681 490 733 eruere,
519 681 681 737 quam
710 681 806 737 per
837 665 1208 719 austeritatem
1251 664 1306 718 in
1353 661 1559 722 foveam
1593 663 1848 735 perditio—

271 758 362 814 nis
407 765 662 812 nutantes
702 754 1020 826 prOpellere.
1065 753 1216 808 Unde
1256 761 1312 807 et
1370 753 1554 808 doctor
1607 753 1846 824 gentium

271 847 506 918 qualiter
552 848 780 903 subditis
831 847 943 900 suis
986 843 1281 915 praefuerit,
1335 846 1568 900 ostendit
1622 844 1842 900 dicens:

276 955 298 989 ι
335 937 535 994 Factus
558 952 678 992 sum
701 936 930 992 infirmis
956 935 1224 1001 infirmus,
1260 929 1326 989 ut'
1361 934 1604 990 infirmos
1629 934 1848 990 lucrifa-

268 1029 435 1084 eiam.
463 1027 654 1084 Omnia
701 1028 952 1084 omnibus
998 1027 1170 1083 factus
1203 1042 1340 1090 sum,
1371 1035 1430 1078 ut
1466 1039 1654 1080 omnes
1697 1024 1845 1081 face-

269 1136 389 1176 rem
418 1120 610 1176 salvos.
644 1139 663 1171 ι
693 1120 760 1175 Ει
789 1121 951 1174 item:
986 1139 1004 1170 ‹
1034 1119 1182 1185 Quis,
1217 1117 1411 1187 inquit,
1447 1116 1764 1179 infirmatur,
1795 1124 1848 1169 et

269 1227 374 1283 ego
417 1229 526 1268 non
570 1211 857 1267 infirmor?
883 1211 1015 1278 Quis
1059 1209 1475 1274 scandalizatur,
1509 1216 1563 1262 et
1603 1222 1703 1280 ego
1741 1223 1846 1264 non

273 1303 437 1358 uror?
467 1323 486 1354 ι
520 1301 572 1374 (Ι
598 1300 721 1356 Cor.
754 1318 830 1368 Ix;
859 1301 920 1355 Il
951 1299 1074 1356 Cor.
1110 1301 1210 1370 χι.)
1242 1298 1451 1374 [Greg.]
1475 1299 1641 1356 Debet
1669 1308 1848 1355 rector

268 1407 392 1448 esse
420 1393 557 1447 bene
593 1392 875 1463 agentibus
905 1407 1001 1462 per
1031 1390 1386 1446 humilitatem
1428 1389 1625 1454 socius,
1657 1399 1845 1444 contra

269 1483 694 1552 delinquentium
725 1481 854 1537 vitia
881 1497 976 1551 per
1001 1481 1171 1536 zelum
1199 1481 1420 1549 justitiae
1446 1491 1679 1548 erectus,
1711 1491 1769 1536 ut
1793 1492 1848 1539 et

267 1574 431 1632 bonis
460 1574 514 1628 in
542 1573 686 1628 nullo
714 1589 774 1629 se
814 1572 1078 1643 przeferat,
1111 1583 1165 1627 et
1207 1587 1328 1626 cum
1372 1587 1662 1642 pravarum
1691 1573 1844 1642 culpa

265 1665 459 1735 exigit,
505 1673 829 1734 potestatem
856 1664 1102 1734 protinus
1130 1663 1212 1719 sui
1258 1662 1530 1734 prioratus
1568 1673 1842 1734 agnoscat,

266 1764 536 1825 quatenus
565 1764 620 1809 et
646 1755 852 1810 honore
879 1768 1189 1825 suppresso,
1231 1753 1490 1823 aequalem
1517 1767 1576 1808 se
1617 1754 1846 1808 subditis

1947 576 2077 631 dicit
2104 594 2118 630 :
2151 593 2171 627 ι
2201 574 2520 629 Defecerunt
2543 573 2682 630 oculi
2708 575 2876 630 nostri
2903 576 2968 628 ad
2991 574 3245 628 auxilium
3274 584 3518 629 nostrum

1947 677 2164 729 vanum,
2195 679 2319 719 cum
2365 663 2754 732 respiceremus
2801 665 2990 718 attenti
3032 663 3099 717 ad
3133 672 3369 735 gentem,
3398 680 3520 734 qua:

1946 753 2156 810 salvare
2189 769 2296 809 non
2335 761 2568 824 poterat.
2601 771 2618 804 ι
2654 752 2878 808 Frustra
2903 755 3045 809 enim
3090 755 3158 809 ab
3198 754 3301 808 illis
3329 754 3521 809 solatia

1949 844 2278 911 quaerebant,
2305 842 2399 914 qui
2427 843 2749 912 semetipsos
2782 842 3064 898 defendere
3107 861 3214 901 non
3247 854 3516 915 poterant.

1947 931 2085 991 Hinc
2111 949 2324 1008 quoque
2369 934 2570 991 factum
2598 943 2704 1000 est,
2737 935 2879 1004 quod
2926 935 3163 1003 reliquiae
3188 935 3517 1000 Judazorum,

1948 1039 2067 1096 qua:
2105 1033 2226 1095 post
2262 1026 2614 1081 vastationem
2670 1025 2820 1080 urbis
2865 1024 3195 1079 Hierusalem
3252 1026 3520 1082 derelictae

1948 1127 2074 1172 sunt
2113 1132 2143 1172 a
2193 1117 2548 1174 Nabuzardan
2595 1118 2838 1190 principe
2881 1117 3086 1174 militiae
3130 1119 3197 1172 ad
3243 1119 3521 1174 colendam

1949 1218 2150 1265 terram
2181 1209 2290 1281 (IV
2329 1210 2458 1280 Reg.
2491 1211 2642 1282 xxv),
2679 1211 2963 1267 interfecto
2995 1212 3063 1265 ab
3091 1210 3316 1266 lsmaele
3341 1210 3521 1266 Godo-

1948 1300 2041 1367 lia,
2069 1317 2229 1372 quem
2257 1301 2500 1373 praefecit
2527 1313 2853 1359 memoratus
2880 1303 3237 1359 Nabuzardan
3263 1315 3439 1369 teme,
3469 1311 3527 1359 et

1949 1395 2080 1464 ipsis
2105 1395 2364 1466 reliquiis,
2389 1409 2509 1464 quae
2542 1394 2611 1450 ibi
2645 1405 3036 1460 remanserant,
3062 1404 3208 1450 metu
3224 1395 3521 1460 exterritae,

1947 1495 2133 1542 contra
2160 1487 2382 1542 verbum
2416 1486 2531 1551 Dei,
2564 1487 2708 1557 quod
2746 1488 2826 1542 eis
2853 1502 2949 1558 per
2973 1483 3260 1542 Jeremiam
3302 1488 3524 1541 manda-

1946 1583 2121 1641 verat,
2154 1576 2209 1629 in
2238 1573 2531 1647 Egyptum
2565 1575 2919 1641 transierunt,
2962 1577 3113 1646 quasi
3157 1576 3224 1630 ab
3255 1575 3524 1646 Egyptiis

1948 1672 2137 1717 contra
2175 1663 2546 1720 Chaldaeorum
2581 1679 2732 1718 arma
2777 1665 2990 1734 possint
3041 1665 3199 1718 tueri.
3245 1664 3350 1720 Sed
3388 1679 3523 1719 vana

1949 1749 2048 1804 fuit
2073 1751 2189 1805 haec
2211 1745 2335 1821 spes
2372 1767 2572 1808 zorum.
2604 1753 2800 1819 Quinto
2836 1755 3097 1823 siquidem
3135 1770 3276 1809 anno
3305 1755 3526 1826 captivi-

263 1844 405 1902 bene
431 1847 734 1902 viventibus
768 1847 1008 1915 deputet,
1037 1856 1093 1901 et
1137 1861 1268 1916 erga
1311 1861 1594 1916 perversos
1607 1845 1730 1914 jura
1762 1861 1847 1900 re-
1874 1836 1922 1896 B
1951 1839 2078 1894 tatis
2120 1838 2636 1908 Hierosolymorum,
2683 1853 2744 1895 ut
2787 1842 3052 1912 Iosephus
3083 1841 3270 1908 refert,
3302 1844 3394 1912 qui
3443 1851 3528 1898 est

264 1935 547 1991 clitudinis
577 1950 684 1989 non
729 1949 986 1989 exercere
1028 1933 1300 1989 formidet.
1336 1933 1469 1988 Nam
1509 1935 1677 2004 liquet
1703 1935 1844 2004 quod

261 2043 456 2085 omnes
489 2030 737 2086 homines
765 2039 958 2084 natura
983 2029 1220 2100 aequales
1244 2037 1368 2084 sunt
1392 2027 1558 2100 geniti
1585 2045 1598 2082 :
1626 2029 1719 2082 sed
1753 2042 1844 2080 va-

263 2120 442 2176 riante
468 2121 782 2175 meritormn
807 2120 1020 2184 ordine,
1051 2119 1186 2174 alios
1229 2120 1316 2173 alii
1353 2119 1505 2190 culpa
1546 2120 1840 2190 postponit.

263 2210 384 2283 Ipsa
424 2221 603 2267 autem
645 2211 934 2267 diversitas
961 2227 1078 2281 qua:
1122 2215 1353 2268 accessit
1392 2229 1458 2267 ex
1483 2213 1632 2276 vitio,
1661 2212 1842 2266 divino

261 2299 465 2371 judicio
493 2302 854 2371 dispensatur,
889 2310 947 2355 ut
974 2303 1095 2372 quia
1127 2303 1302 2357 omnis
1329 2303 1490 2357 homo
1515 2317 1668 2372 aeque
1696 2311 1843 2356 stare

265 2407 372 2446 non
402 2391 557 2454 valet,
601 2391 738 2445 alter
784 2398 1003 2461 regatur
1026 2392 1093 2444 ab
1135 2390 1322 2445 altero.
1354 2389 1506 2446 Unde
1533 2391 1711 2446 cuncti
1751 2391 1843 2460 qui

263 2490 503 2552 praesunt
543 2497 650 2536 non
699 2482 752 2535 in
783 2496 841 2535 se
888 2491 1212 2552 potestatem
1264 2483 1460 2538 debent
1503 2484 1709 2538 ordinis
1750 2485 1843 2538 sed

261 2570 627 2643 aqualitatem
658 2585 888 2641 pensare
911 2572 1255 2636 conditionis,
1287 2588 1385 2627 nec
1411 2589 1643 2641 pneesse
1676 2590 1733 2628 se
1755 2577 1844 2629 ho-

262 2661 500 2717 minibus
529 2661 816 2730 gaudeant,
846 2663 941 2718 sed
965 2662 1242 2732 prodesse.
1267 2662 1486 2732 Antiqui
1517 2665 1714 2719 etenim
1747 2681 1843 2734 pa-

263 2759 379 2810 tres
403 2753 570 2807 nostri
600 2768 704 2807 non
745 2769 899 2826 reges
937 2754 1234 2815 hominum,
1267 2757 1360 2810 sed
1401 2765 1644 2826 pastores
1675 2772 1837 2828 peco-

263 2856 385 2897 rum
418 2841 583 2898 fuisse
609 2853 999 2907 memorantur,
1029 2854 1082 2898 et
1112 2860 1232 2899 cum
1265 2845 1374 2900 Noe
1399 2845 1658 2902 Dominus
1687 2847 1834 2902 ﬁliis--

262 2949 372 3006 que
393 2934 511 3004 ejus
540 2936 744 2991 diceret
767 2953 778 2988 :
804 2953 822 2985 ι
853 2935 1092 2990 Crescite
1121 2949 1177 2990 et
1203 2938 1651 3008 multiplicamini,
1682 2949 1735 2993 et
1767 2955 1841 2994 re-

261 3025 407 3097 plete
429 3036 649 3093 terram,
681 3047 698 3080 »
733 3029 978 3096 protinus
1003 3027 1248 3097 adjunxit
1279 3049 1290 3082 :
1322 3050 1339 3080 ‹
1373 3031 1436 3083 Et
1465 3041 1640 3085 terror
1669 3040 1844 3086 vester

261 3131 331 3171 ac
357 3126 560 3173 tremor
607 3119 678 3175 sit
723 3134 885 3190 super
919 3133 1112 3177 cuncta
1143 3123 1395 3176 animalia
1437 3131 1615 3177 terraz.
1646 3141 1664 3173 ι
1696 3122 1842 3190 Quo-

1947 1931 2136 1985 tertius
2163 1941 2218 1985 et
2249 1930 2534 1986 vicesimus
2559 1931 2711 2001 regni
2751 1930 3263 1997 Nabuchodonosor,
3306 1932 3361 1985 in
3392 1930 3528 1986 infe-

1943 2021 2073 2075 riori
2107 2019 2265 2091 Syria
2292 2028 2714 2076 castrametatus
2734 2030 2818 2078 est
2839 2022 2980 2078 idem
3009 2022 3524 2089 Nabuchodonosor,

1942 2127 2173 2181 eamque
2199 2111 2449 2166 detinens
2471 2113 2821 2182 expugnavit,
2847 2121 2902 2166 et
2923 2114 3276 2177 Ammonitas,
3302 2124 3356 2168 et
3379 2114 3498 2168 Moa

1942 2191 2106 2252 bitas.
2156 2198 2398 2268 Cumque
2441 2199 2770 2255 subdidisset
2818 2200 2917 2255 has
2957 2209 3143 2271 gentes
3189 2204 3426 2271 perrexit
3459 2204 3524 2256 ad

1944 2287 2262 2359 Egyptum,
2290 2303 2520 2358 eamque
2546 2289 2830 2345 subvertit.
2866 2291 2932 2346 Et
2981 2306 3161 2360 regem
3192 2292 3408 2361 quidem
3433 2292 3523 2361 qui

1944 2387 2073 2434 tunc
2100 2380 2171 2434 ibi
2201 2391 2320 2434 erat
2347 2379 2566 2445 occidit,
2595 2378 2868 2450 aliumque
2891 2380 2941 2435 ei
2990 2380 3042 2434 in
3069 2395 3132 2434 ea
3163 2381 3519 2444 constituens,

1945 2470 2119 2524 denuo
2147 2467 2359 2524 Judaeos
2389 2470 2632 2539 captivos
2661 2471 2813 2524 duxit
2839 2471 2893 2524 in
2935 2470 3283 2540 Babylonem,
3322 2479 3376 2522 et
3415 2469 3521 2523 lic-

1944 2561 2211 2617 brworum
2243 2578 2412 2632 genus
2464 2561 2769 2631 hujusmodi
2810 2562 2999 2617 habuit
3039 2563 3344 2616 terminum.
3376 2560 3525 2616 Unde

1943 2661 2001 2707 et
2026 2654 2270 2722 sequitur
2299 2673 2311 2707 :

2017 2742 2177 2797 Sade.
2227 2761 2244 2793 ‹
2282 2742 2710 2798 Lubricaverunt
2755 2744 2978 2812 vestigia
3013 2751 3196 2798 nostra
3241 2742 3297 2796 in
3335 2741 3525 2798 itinere

1952 2851 1970 2884 ι
2002 2833 2303 2903 platearum
2329 2842 2654 2898 nostrarum,
2687 2836 3136 2906 appropinquavit
3159 2834 3283 2889 finis
3307 2845 3520 2889 noster:

1953 2942 1968 2972 ι
2006 2923 2255 2993 completi
2283 2934 2408 2978 sunt
2435 2925 2550 2980 dies
2581 2926 2772 2991 nostri,
2795 2927 2918 2996 quia
2946 2926 3094 2980 venit
3122 2925 3244 2980 finis
3265 2936 3467 2980 noster.
3503 2945 3518 2975 ι

1949 3016 2172 3089 Mystice
2202 3028 2380 3072 autem
2413 3019 2659 3088 quisquis
2687 3019 2899 3073 deserto
2932 3035 3038 3071 uno
3065 3031 3191 3071 vero
3233 3018 3343 3072 Deo
3368 3017 3523 3085 adju-

1949 3108 2149 3164 torium
2173 3109 2366 3176 quaerit
2404 3124 2435 3161 a
2465 3107 2694 3178 spiritali
2723 3107 2977 3180 Egypto,
3022 3109 3122 3163 hoc
3163 3117 3268 3174 est,
3312 3107 3378 3162 ab
3420 3109 3524 3163 hoc

264 3221 389 3265 rum
421 3209 669 3267 videlicet
710 3222 886 3266 terror
913 3229 975 3267 ac
1015 3222 1217 3267 tremor
1259 3228 1378 3268 esse
1405 3227 1567 3282 super
1592 3213 1840 3267 animalia

1949 3199 2170 3262 mundo,
2199 3206 2254 3252 et
2287 3197 2493 3252 lubrica
2522 3196 2678 3265 hujus
2705 3198 2887 3252 sa:culi
2917 3198 3091 3269 pergit
3115 3199 3362 3268 vestigia,
3387 3215 3522 3252 vana

263 3314 424 3362 terra:
448 3308 786 3377 praecipitur,
828 3308 1072 3378 profecto
1103 3324 1223 3364 esse
1253 3324 1415 3377 super
1453 3307 1699 3363 homines
1727 3323 1845 3377 pro-

262 3397 504 3465 hibetur,
530 3402 691 3454 homo
716 3401 912 3470 quippe
941 3401 1112 3454 brutis
1142 3400 1482 3464 animalibus,
1527 3417 1632 3454 non
1663 3410 1843 3456 autem

264 3489 577 3545 hominibus
607 3491 816 3544 caeteris
846 3501 1039 3545 natura
1066 3491 1318 3562 przelatus
1343 3502 1446 3558 est,
1477 3501 1533 3546 et
1559 3493 1756 3548 idcirco
1791 3495 1840 3548 ei

263 3582 485 3647 dicitur,
538 3591 597 3636 ut
631 3583 698 3636 ab
727 3581 1068 3647 animalibus,
1097 3592 1152 3636 et
1193 3599 1296 3637 non
1332 3585 1399 3637 ab
1444 3584 1752 3639 hominibus
1780 3586 1844 3637 ti-

262 3683 498 3740 meatur,
525 3675 648 3742 quia
672 3681 858 3728 contra
886 3681 1133 3726 naturam
1159 3675 1436 3743 superbire
1458 3683 1539 3728 est
1563 3675 1629 3728 ab
1649 3675 1842 3744 aequali

261 3763 406 3818 velle
433 3765 626 3828 timeri,
656 3774 710 3818 et
739 3772 917 3818 tamen
941 3779 1158 3819 necesse
1179 3774 1261 3819 est
1303 3774 1361 3818 ut
1388 3775 1622 3820 rectores
1649 3782 1680 3820 a
1716 3768 1843 3821 sub-

265 3859 397 3914 ditis
425 3860 733 3921 timeantur,
761 3855 975 3925 quando
1005 3855 1071 3909 ab
1103 3855 1181 3909 eis
1213 3855 1376 3909 Deum
1414 3857 1634 3910 minime
1661 3857 1840 3912 timeri

264 3949 695 4018 deprehendunt,
719 3954 778 4000 ut
815 3945 1049 4000 humana
1085 3948 1272 4000 saltem
1303 3946 1588 4002 formidine
1615 3963 1842 4018 peccare

263 4050 528 4104 metuant,
561 4040 651 4110 qui
681 4039 858 4094 divina
885 4037 1085 4106 judicia
1120 4053 1226 4093 non
1257 4038 1566 4092 formidant.
1610 4038 1841 4094 Possunt

261 4144 321 4192 et
341 4135 646 4204 superiores
699 4130 1016 4193 sententiae,
1083 4146 1202 4199 qua:
1250 4131 1530 4184 clamando
1585 4131 1839 4186 recedere

260 4224 724 4297 poilutosjubent,
770 4235 824 4278 et
853 4225 1130 4295 iurgantes
1176 4223 1282 4276 illis
1325 4222 1658 4287 denuntiant,
1693 4223 1837 4292 quod

262 4317 408 4372 ultra
431 4317 686 4370 Dominus
711 4329 806 4368 eos
835 4330 938 4368 non
976 4313 1216 4381 recipiat,
1248 4326 1422 4380 neque
1451 4311 1502 4364 in
1531 4311 1611 4366 eis
1634 4312 1838 4366 inhabi-

263 4415 364 4471 tet,
395 4422 461 4460 ex
483 4421 712 4476 persona
744 4405 980 4458 hostium
1010 4403 1181 4474 gentis
1202 4401 1505 4456 Judeeorum
1529 4401 1718 4469 accipi,
1744 4402 1831 4471 qui

261 4497 595 4553 insultabant
625 4495 870 4564 captivis,
897 4494 1112 4563 quando
1141 4508 1235 4561 per
1261 4491 1566 4546 violentiam
1598 4492 1663 4546 de
1691 4499 1833 4545 terra

1948 3301 2042 3354 spe
2073 3285 2307 3348 delusus,
2367 3287 2602 3341 hostium
2647 3286 2968 3356 spiritalium
3018 3290 3075 3342 tit
3121 3288 3318 3357 praeda.
3374 3287 3525 3342 Unde

1946 3377 2209 3446 scriptum
2256 3386 2378 3431 est:
2415 3396 2432 3427 ι
2465 3377 2730 3448 Ᾰεὶεγριυδ
2778 3380 2921 3433 enim
2985 3395 3120 3433 vane
3179 3381 3524 3435 auxiliabitur

1946 3465 2080 3538 (Isa.
2114 3467 2266 3534 xxx).
2304 3485 2323 3518 ι
2361 3465 2427 3520 Ει
2454 3467 2619 3520 item:
2659 3486 2677 3517 c
2714 3467 3024 3523 Maledictus
3055 3469 3214 3523 homo
3234 3471 3323 3538 qui
3356 3472 3523 3524 confi-

1945 3560 2024 3613 dit
2047 3559 2101 3612 in
2131 3559 2364 3620 homine,
2399 3567 2453 3613 et
2488 3569 2650 3628 ponet
2688 3575 2905 3614 carnem
2948 3561 3224 3615 brachium
3265 3578 3439 3626 suum,
3467 3575 3521 3616 et

1945 3665 1977 3702 a
2011 3649 2238 3704 Domino
2266 3650 2472 3703 recedit
2501 3666 2595 3704 cor
2616 3648 2731 3717 ejus
2753 3649 2885 3720 (Jer.
2920 3653 3074 3722 xvu).
3104 3671 3121 3702 ι

2015 3739 2179 3809 Coph.
2239 3760 2255 3791 ι
2294 3738 2600 3796 Velociores
2649 3740 2867 3796 fuerunt
2924 3752 3296 3812 persecutores
3350 3747 3518 3799 nostri

1950 3846 1967 3880 ι
2006 3829 2200 3897 aquilis
2227 3829 2371 3893 coeli,
2415 3845 2576 3898 super
2605 3843 2812 3885 montes
2845 3833 3112 3902 persecuti
3142 3842 3267 3887 sunt
3297 3851 3415 3898 nos,
3467 3839 3518 3890 in

1949 3937 1965 3969 ‹
2006 3919 2217 3973 deserto
2271 3919 2511 3973 insidiati
2557 3928 2681 3973 sunt
2719 3921 2894 3974 nobis.
2929 3939 2946 3970 ι
2983 3918 3186 3993 (ϐνιθ.)
3227 3922 3330 3977 Per
3374 3929 3519 3993 rupi-

1943 4012 2068 4065 dum
2101 4011 2335 4066 volatum
2385 4011 2585 4074 avium,
2631 4010 2858 4066 validam
2905 4021 2960 4066 et
2990 4011 3224 4068 velocem
3252 4015 3520 4085 significat

1939 4105 2371 4172 persecutionem
2397 4102 2653 4166 hostium,
2688 4103 2779 4170 qui
2812 4103 2952 4156 infra
2995 4103 3228 4172 patriam
3260 4109 3520 4161 constitu-

1941 4211 2044 4262 tos,
2077 4209 2132 4254 et
2159 4201 2368 4253 deserta
2393 4198 2568 4266 patria
2597 4197 2850 4270 fugitivos
2891 4200 3057 4253 nimia
3082 4201 3400 4256 crudelitate
3447 4205 3516 4257 in-

1939 4291 2109 4348 secuti
2131 4301 2275 4346 sunt.
2300 4291 2358 4346 in
2388 4289 2663 4362 Scriptura
2687 4291 2884 4362 quippe
2904 4307 3058 4346 sacra
3087 4295 3344 4349 vocabulo
3367 4299 3516 4364 aqui-

1940 4384 2002 4438 ιω
2033 4382 2322 4453 aliquando
2370 4381 2590 4450 maligni
2620 4381 2861 4451 spiritus,
2901 4392 3140 4449 raptores
3187 4383 3510 4448 animarum,

1940 4474 2231 4544 aliquando
2279 4472 2560 4543 praesentis
2621 4470 2799 4525 saeculi
2852 4480 3175 4540 potestates,
3226 4473 3515 4542 aliquando

263 4541 595 4553 ............,_..-
627 4541 870 4564 -_,,-...-,
901 4541 1108 4563 Ἱππ---
1141 4541 1226 4561 τ--
1605 4541 1659 4546 _-
1698 4541 1833 4545 ---η

263 4604 364 4645 sua
409 4603 501 4643 eos
539 4586 832 4655 ejecerunt,
883 4585 936 4639 in
967 4594 1164 4638 terram
1207 4583 1434 4636 alienam
1473 4581 1830 4645 adduxerunt,

1948 4541 2074 4622 vero
2113 4565 2196 4621 vel
2237 4541 2599 4619 subtilissimae
2643 4574 2956 4617 sanctorum
3008 4562 3394 4635 intelligentire,
3436 4568 3519 4620 vel

263 4679 410 4749 quod
437 4678 633 4733 deserti
663 4685 715 4731 et
743 4675 983 4730 derelicti
1007 4683 1130 4728 sunt
1162 4689 1191 4725 a
1217 4674 1324 4726 Deo
1354 4677 1410 4726 et
1435 4671 1615 4726 divino
1636 4670 1833 4725 auxilio

263 4770 525 4832 destituti,
561 4783 659 4823 nec
689 4781 837 4835 spem
882 4764 1206 4818 reversionis
1227 4763 1388 4816 ullam
1422 4764 1501 4816 eis
1530 4777 1830 4828 remanere,

260 4862 361 4934 sed
388 4862 440 4915 in
469 4867 784 4930 perpetuum
827 4857 1108 4912 damnatos
1131 4854 1276 4909 fore-
1295 4855 1472 4922 Quare
1501 4853 1696 4908 deserti
1729 4854 1835 4908 sint

259 4967 296 5007 ιι
324 4944 572 5015 Domin'o,
609 4964 838 5018 sequens
882 4949 1145 5002 sententia
1186 4945 1464 5016 Propheta:
1504 4945 1831 5000 manifestat.

337 5042 460 5096 Ain.
509 5060 528 5092 ι
561 5041 694 5096 Cum
725 5039 900 5093 adhuc
919 5037 1332 5093 subsisteremus
1353 5037 1666 5092 defecerunt
1692 5036 1833 5092 oculi

269 5156 289 5189 ι
329 5135 497 5191 nostri
527 5135 591 5188 ad
623 5133 880 5187 auxilium
927 5139 1170 5186 nostrum
1199 5145 1419 5194 vanum,
1447 5145 1571 5184 cum
1603 5130 1835 5198 respice-

269 5247 290 5282 ι
328 5241 509 5284 remus
537 5225 726 5279 attenti
759 5225 824 5277 ad
856 5231 1070 5294 gentem
1100 5236 1219 5290 qua:
1234 5220 1442 5276 salvare
1469 5235 1568 5274 nos
1600 5235 1704 5274 non
1734 5235 1833 5290 po-

270 5341 289 5374 ι
327 5327 485 5374 terat.
516 5336 532 5366 ›
567 5312 857 5387 (Μλυιιυε.)
897 5311 1010 5368 Hoc
1039 5320 1226 5366 narrat
1250 5311 1391 5380 quod
1433 5309 1644 5378 quando
1667 5324 1699 5362 a
1736 5308 1838 5362 Do-

267 5409 416 5464 mino
445 5409 806 5477 arguebantur
828 5418 925 5473 pro
962 5401 1254 5458 sceleribus
1282 5400 1392 5456 suis
1419 5415 1524 5454 non
1563 5399 1631 5454 ad
1661 5400 1834 5470 ipsum

265 5497 510 5554 conversi
537 5506 658 5552 sunt
684 5512 782 5566 per
806 5493 1200 5564 paenitentiam,
1231 5508 1402 5562 neque
1438 5493 1506 5545 ad
1534 5490 1648 5560 ejus
1678 5493 1836 5546 mise-

267 5589 558 5645 ricordiam
583 5585 962 5656 confugerunt,
1000 5593 1264 5656 quatenus
1288 5581 1405 5652 ejus
1437 5597 1538 5652 ope
1575 5584 1642 5636 ab
1669 5581 1837 5636 hosti-

265 5681 369 5735 bus
414 5680 773 5748 eriperentur.
837 5675 941 5730 Sed
1004 5675 1303 5729 forinsecus
1350 5673 1416 5727 ab
1445 5671 1562 5726 aliis
1591 5672 1838 5742 gentibus

261 5769 524 5828 auxilium
554 5769 881 5838 quaerebant,
921 5769 986 5820 ab
1016 5763 1282 5835 IEgyptiis
1310 5763 1576 5828 videlicet,
1611 5762 1692 5817 vc!
1740 5763 1840 5815 As-

628 5864 902 5924 PnnOL.
945 5859 1108 5922 CXI.

1945 4663 2256 4715 incarnatus
2309 4657 2570 4712 Dominus
2620 4655 2726 4711 ima
2776 4655 3025 4711 celeriter
3071 4658 3425 4722 transvolans,
3465 4669 3519 4713 et

1944 4769 2068 4808 mox
2096 4765 2304 4806 summa
2332 4758 2582 4820 repetens
2603 4749 2930 4818 designatur.
2959 4747 3272 4816 Aquilarum
3301 4751 3518 4804 nomine

1945 4844 2287 4898 insidiatores
2305 4841 2530 4910 spiritus
2546 4839 2938 4908 exprimuntur,
2951 4837 3186 4892 Jeremia
3209 4849 3514 4904 attestante,

1945 4935 2038 5002 qui
2057 4935 2164 4988 ait:
2199 4954 2216 4984 ι
2238 4931 2542 4987 Velociores
2559 4927 2776 4984 fuerunt
2789 4936 3166 4997 persecutores
3181 4929 3349 4982 nostri
3365 4932 3517 4999 aqui-

1942 5025 2011 5080 lis
2033 5025 2176 5081 cteli.
2211 5045 2229 5076 ›
2256 5023 2638 5077 Persecutores
2659 5022 2801 5076 enim
2823 5020 2992 5075 nostri
3015 5019 3208 5090 aquilis
3227 5021 3349 5075 cceli
3374 5023 3515 5075 velo-

1942 5121 2118 5174 ciores
2159 5124 2305 5177 sunt,
2340 5128 2463 5167 cum
2494 5121 2640 5167 tanta
2671 5119 2857 5165 contra
2889 5127 2989 5166 nos
3016 5111 3233 5179 maligni
3270 5112 3512 5166 homines

1942 5209 2166 5272 faciunt,
2190 5215 2252 5261 ut
2271 5207 2415 5275 ipsas
2426 5205 2588 5261 etiam
2610 5204 2782 5258 aerias
2810 5211 3099 5275 potestates
3120 5203 3515 5259 inventionibus

1942 5299 2162 5355 malitiae
2212 5295 2405 5368 punire
2451 5295 2755 5350 videantur.
2805 5294 3010 5364 Aquilae
3062 5293 3318 5348 vocabulo
3359 5305 3512 5364 pote-

1945 5399 2059 5445 stas
2097 5398 2313 5444 terrena
2357 5385 2636 5455 ﬁguratur.
2671 5384 2824 5441 Unde
2868 5399 2966 5455 per
3005 5383 3342 5440 Ezechielem
3384 5399 3512 5454 pro.

1943 5486 2163 5557 phetam
2205 5482 2437 5537 dicitur:
2476 5499 2494 5533 ‹
2524 5478 2716 5550 Aquila
2759 5479 2996 5550 grandis,
3047 5493 3362 5549 magnarum
3407 5479 3516 5531 ala-

1943 5592 2085 5638 rum.
2127 5575 2284 5644 longo
2309 5572 2672 5628 membrorum
2719 5571 2896 5632 ductu,
2931 5568 3084 5640 plena
3115 5569 3307 5639 plumis
3332 5578 3387 5623 et
3417 5584 3514 5624 va-

1945 5668 2159 5731 rietate,
2176 5665 2322 5719 venit
2351 5665 2417 5718 ad
2435 5663 2719 5728 Libanum,
2737 5672 2791 5718 et
2818 5663 2935 5716 tulit
2962 5662 3250 5717 medullam
3271 5662 3437 5726 cedri,
3461 5670 3516 5716 et

1947 5759 2311 5814 summitatem
2362 5756 2629 5811 frondium
2657 5755 2774 5825 ejus
2818 5755 3030 5811 evulsit.
3068 5778 3080 5806 ι
3131 5757 3245 5822 Qua
3281 5756 3505 5812 videlice

3009 5850 3084 5911 40
