3960 6322
1084 345 1145 398 Β.
1185 344 1437 401 RABANI
1473 344 1692 401 MAURI
1726 343 2045 400 ARCHIEP.
2085 342 2393 401 MOGUNT.
2430 344 2713 402 OPERUM
2747 344 2929 401 PARS
2965 345 3053 401 Ill.

3582 348 3719 403 1260

448 452 651 524 aquila,
677 450 798 522 quis
829 452 969 508 alius
992 467 1153 523 quam
1183 452 1679 512 Nabuchodonosor
1724 469 1820 509 rex
1851 453 2028 526 Baby-
2054 462 2107 522 Α
2130 454 2422 510 multorum
2449 457 2591 523 tulit,
2618 465 2673 511 et
2697 471 2799 531 pro
2820 455 3317 527 transgressoribus
3345 456 3559 528 rogavit
3582 458 3718 529 (ha.

446 544 605 600 Ioniae
631 544 968 613 designatur,
994 546 1085 614 qui
1114 559 1213 615 pro
1236 548 1600 615 immensitate
1628 546 1901 601 exercitus
1920 560 2028 599 ma-

447 652 676 707 gnarum
719 636 947 702 alarum,
988 651 1087 706 pro
1136 637 1486 693 diuturnitate
1526 646 1829 706 temporum
1870 636 2028 706 longo

450 729 819 783 membrorum
855 727 1037 791 ductu,
1077 741 1177 797 pro
1221 728 1404 783 multis
1449 742 1580 782 vero
1630 726 1832 783 divitiis
1868 725 2028 796 plena

450 816 667 888 plumis,
692 831 791 886 pro
820 815 1099 870 innumera
1130 824 1308 871 autem
1344 825 1574 871 terrente
1600 816 1784 887 gloria:
1810 829 2029 884 compo-

459 907 657 962 sitione
677 906 835 978 plena
863 908 1125 963 varietate
1152 906 1509 963 describitur?
1524 906 1655 973 Qua:
1677 908 1823 963 venit
1849 908 1916 963 ad
1942 906 2030 979 Li-

450 1000 646 1056 banum
669 999 864 1055 ettulit
894 1000 1181 1056 medullam
1212 1001 1380 1066 cedri,
1409 1011 1465 1057 et
1494 1001 1859 1059 summitatem
1882 1000 2029 1055 fron-

447 1094 596 1148 dium
630 1091 746 1161 ejus
787 1093 1003 1159 evulsit,
1030 1094 1154 1163 quia
1176 1090 1375 1149 Judaate
1405 1094 1781 1149 celsitudinem
1818 1102 2029 1164 petens,

450 1185 784 1242 nobilitatem
816 1187 964 1253 regni
991 1185 1126 1255 ejus,
1154 1186 1306 1255 quasi
1341 1185 1629 1241 medullam
1665 1184 1809 1239 cedri
1850 1183 2032 1237 abstu-

449 1277 532 1342 lit,
563 1286 618 1333 et
659 1279 785 1332 dum
824 1279 1171 1340 tenerrimam
1226 1294 1413 1349 regum
1459 1277 1665 1346 prolem
1697 1292 1727 1332 a
1758 1276 1904 1345 regni
1949 1274 2032 1329 sui

450 1368 685 1423 culmine
710 1369 1035 1439 captivando
1058 1367 1292 1432 sustulit,
1319 1367 1473 1436 quasi
1497 1365 1862 1421 summitatem
1887 1368 2033 1417 iron-

448 1460 595 1514 dium
622 1460 739 1530 ejus
775 1460 986 1515 evulsit.
1017 1459 1185 1513 Aliter
1206 1458 1397 1528 aquilte
1425 1446 1707 1521 vocabulo,
1743 1455 1827 1510 vel
1861 1454 2032 1509 subti-

449 1552 515 1606 lis
562 1560 873 1607 sanctorum
928 1552 1300 1623 intelligentia,
1362 1550 1445 1603 vel
1484 1548 1693 1602 volatus
1741 1546 2033 1600 Dominiete

454 1643 789 1699 ascensionis
826 1644 1166 1713 exprimitur.
1203 1642 1353 1697 Unde
1410 1641 1550 1694 idem
1605 1640 1864 1709 propheta
1896 1639 2033 1713 dum

451 1736 550 1791 sub
592 1735 901 1790 animalium
938 1734 1151 1802 specie,
1183 1731 1539 1802 evangelistas
1582 1739 1816 1799 quatuor
1858 1742 1917 1783 se
1954 1727 2035 1782 vi-

2131 545 2269 617 un).
2293 566 2311 598 ι
2350 545 2621 620 [Ηὶενοη.]
2661 547 2767 600 Alii
2812 556 2992 603 autem
3035 549 3138 603 hoc
3167 551 3312 618 quod
3345 549 3400 603 in
3438 550 3721 608 Ezechiele

2129 636 2322 705 legitur
2365 636 2655 692 Dominum
2682 638 2751 693 ad
2779 639 3096 709 prophetam
3142 640 3347 696 dixisse
3376 661 3389 694 :
3422 662 3440 693 ο
3473 642 3574 697 Fili
3621 646 3722 699 bo-

2130 725 2310 792 minis,
2341 727 2582 796 nunquid
2629 742 2738 782 non
2784 728 3040 783 dixerunt
3082 731 3149 784 ad
3200 728 3254 787 te
3294 732 3490 788 domus
3537 735 3722 801 lsrael,

2130 815 2319 871 domus
2354 831 2683 887 exasperans
2718 818 2847 888 quid
2880 830 2933 872 tu
2976 819 3147 875 facis?
3174 820 3269 876 Dic
3316 823 3384 877 ad
3436 838 3533 878 eos
3560 838 3576 876 :
3601 824 3726 879 Hec

2129 907 2260 980 dicit
2278 907 2537 963 Dominus
2562 908 2703 964 Deus
2726 927 2741 963 :
2762 908 2939 979 Super
2961 910 3260 980 principem
3284 914 3393 968 erit
3415 930 3555 968 onus
3582 916 3725 970 istud

2128 1000 2219 1069 qui
2246 1007 2330 1053 est
2359 1000 2413 1054 in
2444 998 2769 1065 Jerusalem,
2790 1007 2847 1055 et
2875 1015 3041 1071 super
3071 1017 3286 1058 omnem
3314 1006 3533 1061 domum
3562 1006 3727 1061 lsrael

2129 1090 2219 1160 qui
2235 1090 2385 1155 estin
2413 1091 2591 1145 medio
2611 1106 2822 1147 eorum.
2849 1091 2947 1146 Dic
2969 1110 2982 1145 :
3008 1093 3118 1165 Ego
3141 1093 3459 1149 Portentum
3482 1106 3727 1151 vestrum

2129 1183 2399 1253 quomodo
2429 1181 2568 1249 feci,
2610 1183 2689 1239 sic
2728 1182 2823 1237 fiet
2848 1182 2977 1249 illis,
3006 1184 3060 1237 in
3092 1186 3629 1256 transmigrationem
3671 1202 3729 1241 et

2131 1276 2497 1343 captivitatem
2528 1275 2683 1330 ibunt
2710 1294 2724 1329 :
2748 1275 3000 1346 princeps
3024 1286 3203 1333 autem
3229 1278 3321 1349 qui
3347 1287 3433 1333 est
3461 1280 3515 1333 in
3548 1280 3729 1335 medio

2130 1380 2317 1421 eorum
2348 1367 2401 1421 in
2424 1367 2667 1422 humeris
2700 1367 3026 1438 portabitur.
3057 1367 3114 1423 In
3141 1369 3375 1441 caligine
3394 1372 3727 1442 egredietur,

2131 1457 2393 1527 parietem
2417 1457 2724 1529 perfodient
2746 1467 2805 1513 ut
2824 1458 3058 1514 educant
3080 1475 3203 1514 eum
3229 1479 3243 1515 :
3269 1460 3439 1517 facies
3460 1462 3579 1533 ejus
3598 1478 3731 1533 ope-

2132 1551 2322 1616 rietur,
2349 1558 2407 1604 ut
2440 1566 2545 1606 non
2577 1551 2771 1605 videat.
2784 1551 2957 1607 oculis
3002 1560 3237 1619 terram;
3269 1556 3560 1611 extendam
3614 1566 3731 1612 rete

2134 1657 2312 1697 meum
2344 1656 2506 1713 super
2531 1642 2706 1708 illum,
2727 1650 2783 1697 et
2808 1644 3050 1713 capietur
3078 1645 3131 1699 in
3157 1660 3353 1717 sagena
3383 1661 3527 1711 mea,
3551 1657 3607 1702 et
3628 1648 3731 1701 ad-

2134 1735 2328 1789 ducam
2370 1750 2493 1791 eum
2524 1736 2578 1790 in
2610 1736 2961 1808 Babylonem,
2996 1738 3048 1793 in
3095 1745 3292 1793 terram
3327 1738 3729 1807 Chaldaeorum,

448 1827 593 1882 disse
619 1827 969 1890 describeret,
994 1826 1048 1880 in
1076 1826 1155 1880 eis
1201 1824 1302 1879 sibi
1341 1823 1595 1887 hominis,
1632 1822 1820 1885 leonis,
1858 1820 2030 1885 bovis,
2061 1829 2109 1890 Β
2136 1834 2190 1878 et
2242 1824 2413 1894 ipsam
2465 1842 2573 1881 non
2620 1827 2842 1891 videbit,
2878 1828 2951 1882 ibi
2997 1828 3277 1893 morietur,
3306 1837 3363 1885 et
3400 1845 3593 1886 omnes
3636 1831 3730 1901 qui

448 1926 503 1971 et
541 1917 733 1988 aquilae
764 1918 954 1972 faciem
996 1916 1308 1987 apparuisse
1340 1922 1590 1979 testatur,
1623 1920 1875 1982 quartum
1905 1925 2031 1981 pro-

448 2007 704 2063 culdubio
740 2006 940 2060 animal
978 2005 1239 2061 Joannem
1276 2021 1372 2076 per
1397 2004 1631 2074 aquilam
1666 2004 1909 2073 signans,
1940 2002 2033 2079 qui

451 2099 680 2154 volando
728 2107 928 2153 terram
970 2098 1241 2162 deseruit,
1286 2097 1412 2166 quia
1448 2111 1546 2166 per
1584 2094 1835 2149 subtilem
1878 2093 2036 2148 intel-

447 2190 726 2261 ligentiam
775 2190 987 2245 interna
1023 2190 1283 2260 mysteria
1318 2187 1552 2243 Verbum
1592 2186 1823 2241 videndo
1866 2200 2032 2256 pene-

453 2283 641 2337 travit.

525 2371 641 2426 Res.
690 2391 707 2424 ι
746 2372 984 2444 Spiritus
1020 2372 1130 2427 oris
1169 2372 1359 2435 nostri,
1388 2370 1639 2427 Christus
1664 2370 1923 2425 Dominus
1946 2385 2035 2423 ca-

455 2481 474 2515 (
510 2472 635 2534 ptus
656 2472 741 2518 est
767 2464 819 2518 in
846 2463 1084 2531 peccatis
1106 2462 1328 2525 nostris,
1356 2461 1443 2515 cui
1470 2460 1725 2523 diximus,
1754 2459 1811 2513 ln
1844 2460 2035 2512 umbra

455 2570 475 2604 ι
514 2562 601 2607 tua
624 2554 868 2608 vivemus
892 2555 943 2607 in
970 2554 1238 2623 gentibus.
1274 2572 1291 2604 ι
1323 2549 1613 2623 (ΜΑυκυε.)
1640 2550 1792 2605 Hanc
1816 2558 2034 2605 senten-

448 2644 580 2700 tiam
627 2644 825 2699 diversi
874 2654 1120 2699 auctores
1161 2644 1389 2697 diversis
1434 2643 1607 2697 modis
1648 2647 2031 2713 exposuerunt.

447 2732 584 2791 Nam
619 2734 708 2789 alii
756 2749 917 2803 super
958 2748 1112 2805 reges
1156 2731 1494 2797 Judaeorum,
1535 2732 1627 2802 qui
1678 2732 1887 2796 christi,
1932 2732 2035 2785 hor.

449 2838 533 2883 est
558 2828 731 2892 uncti,
758 2826 1099 2890 dicebantur,
1140 2826 1239 2879 sub
1276 2840 1506 2894 quorum
1535 2824 1870 2894 protectione
1902 2837 2035 2893 gens

446 2918 754 2974 Judmorum
784 2918 1068 2972 videbatur
1096 2917 1312 2987 degere,
1343 2916 1682 2985 interpretati
1705 2921 1853 2979 sunt,
1879 2912 2035 2983 quasi

447 3005 668 3082 propter
722 3018 941 3079 peccata
1002 3007 1183 3077 populi
1250 3007 1349 3077 ipsi
1412 3007 1755 3070 interierint,
1828 3011 1887 3057 ut
1942 3002 2035 3057 Jo-

447 3101 561 3156 sias
616 3101 707 3169 qui
763 3098 940 3167 justus
1008 3114 1129 3154 esse
1187 3098 1422 3169 legitur,
1483 3107 1539 3151 et
1589 3096 1769 3151 caeteri
1840 3094 2030 3166 hujus-

450 3192 614 3246 modi.
659 3191 763 3244 Alii
800 3198 979 3244 autem
1023 3206 1185 3259 super
1223 3188 1347 3243 Jesu
1389 3187 1606 3242 Christo
1652 3202 1781 3241 vero
1824 3182 2107 3245 univer—C

449 3296 635 3337 sorum
677 3279 923 3343 Domino,
957 3288 1010 3332 et
1056 3280 1165 3332 vita
1212 3278 1513 3331 animarum
1560 3275 1792 3331 fidelium
1835 3275 2040 3329 dictum

448 3374 778 3441 intelligunt,
820 3371 919 3426 sub
966 3369 1120 3437 cujus
1167 3369 1331 3424 tutela
1380 3369 1433 3423 in
1475 3367 1742 3422 universis
1792 3364 2040 3435 gentibus

445 3475 695 3523 versatur
740 3465 1007 3521 Ecclesia.
1048 3463 1166 3534 Ipse
1198 3472 1377 3518 autem
1405 3463 1625 3532 spiritus
1672 3471 1756 3516 cst
1795 3462 1905 3516 oris
1942 3476 2040 3515 no-

445 3557 566 3621 stri,
580 3576 595 3607 ‹
614 3558 785 3624 inquo
799 3554 1048 3618 vivimus,
1065 3562 1424 3614 movemur,et
1438 3568 1626 3607 sumus
1641 3551 1943 3624 (Act.xvn),
1959 3559 2041 3605 iet

444 3663 508 3702 ex
532 3645 687 3715 cujus
715 3660 905 3715 sapore
933 3644 1194 3714 quidquid
1219 3654 1362 3698 recte
1384 3643 1648 3697 sentimus
1664 3643 1923 3711 sapimus,
1946 3641 2040 3711 qui

447 3740 684 3794 traditus
710 3747 795 3793 est
818 3746 1041 3807 propter
1069 3736 1260 3791 delicta
1288 3746 1492 3798 nostra,
1514 3744 1569 3791 et
1593 3736 1888 3790 resurrexit
1914 3751 2039 3803 pro-

446 3842 566 3903 pter
604 3832 1049 3904 justiﬁcationem
1092 3840 1350 3885 nostram.
1384 3828 1615 3898 Scripsit
1654 3829 1796 3884 enim
1839 3828 2039 3897 plenis-

448 3927 585 3980 sime
619 3924 882 3993 prepheta
906 3922 1096 3984 Isaias,
1128 3920 1314 3976 dicens
1343 3938 1354 3974 :
1388 3938 1406 3971 ε
1435 3920 1575 3974 Vere
1616 3920 1902 3990 languores
1940 3934 2030 3973 no-

447 4026 593 4072 stros
622 4014 739 4085 ipse
771 4013 911 4078 tulit,
939 4022 994 4068 et
1040 4012 1255 4077 dolores
1301 4020 1518 4066 nostros
1552 4010 1668 4079 ipse
1696 4012 1949 4079 portavit,
1984 4018 2040 4064 et

448 4124 550 4163 nos
577 4106 886 4177 putavimus
909 4120 1031 4159 eum
1062 4105 1217 4173 quasi
1252 4103 1541 4172 leprosum,
1580 4110 1634 4155 et
1662 4117 1975 4171 percussu-.0
2006 4118 2036 4155 a

447 4199 561 4253 Deo
586 4205 643 4252 et
666 4196 1027 4259 humiliatum,
1047 4195 1161 4264 ipse
1182 4202 1361 4248 autem
1385 4192 1692 4246 vulneratus
1714 4200 1798 4245 est
1821 4200 2040 4261 propter

451 4290 766 4359 iniquitates
804 4295 1048 4347 nostras,
1084 4286 1302 4337 attritus
1333 4292 1417 4337 est
1443 4290 1661 4352 propter
1694 4281 1895 4335 scelera
1935 4296 2036 4335 no-

449 4390 582 4435 stra.
618 4379 910 4448 Disciplina
956 4376 1108 4446 pacis
1138 4384 1333 4429 nostra:
1381 4389 1541 4443 super
1582 4389 1727 4438 eum,
1762 4382 1818 4428 et
1865 4374 2035 4426 livore

449 4470 569 4540 ejus
592 4471 766 4525 sanati
789 4484 995 4523 sumus.
1023 4466 1221 4522 Omnes
1245 4480 1343 4520 nos
1374 4464 1529 4534 quasi
1554 4480 1681 4518 oves
1708 4464 2035 4525 erravimus,

2136 1916 2281 1971 circa
2308 1932 2431 1971 eum
2480 1926 2641 1984 sunt,
2682 1919 2988 1988 praesidium
3041 1921 3159 1991 ejus
3204 1928 3261 1975 et
3305 1922 3523 1992 agmina
3566 1923 3729 1990 illius,

2137 2008 2442 2079 dispergam
2475 2009 2530 2063 in
2557 2025 2771 2065 omnem
2800 2019 3049 2075 ventum,
3082 2021 3136 2065 et
3163 2012 3398 2082 gladium
3427 2014 3730 2084 evaginabo

2134 2112 2255 2173 post
2280 2120 2395 2169 eos,
2418 2116 2473 2160 et
2502 2107 2674 2161 scient
2700 2108 2827 2176 quia
2848 2123 2948 2178 ego
2976 2110 3255 2172 Dominus,
3278 2110 3497 2179 quando
3520 2112 3729 2181 disper-

2135 2210 2258 2251 sero
2280 2196 2401 2251 illos
2430 2198 2481 2251 in
2507 2199 2775 2269 gentibus,
2800 2208 2854 2254 et
2884 2200 3308 2256 disseminavero
3328 2217 3424 2257 eos
3448 2203 3505 2256 in
3538 2213 3728 2271 terras,

2135 2296 2193 2342 et
2218 2288 2516 2358 relinquam
2561 2304 2629 2342 ex
2658 2290 2738 2343 eis
2765 2289 2914 2345 viros
2958 2306 3163 2359 paucos
3188 2307 3218 2345 a
3245 2292 3444 2362 gladio,
3478 2303 3535 2349 et
3564 2294 3724 2360 fame,

2136 2389 2193 2434 et
2241 2380 2566 2449 pestilentia,
2596 2389 2656 2434 ut
2706 2390 2931 2435 narrent
2970 2382 3153 2436 omnia
3202 2384 3411 2439 scelera
3439 2400 3631 2439 eorum
3675 2387 3729 2442 in

2137 2472 2387 2542 gentibus
2437 2474 2503 2527 ad
2555 2488 2689 2541 quas
2733 2474 3112 2543 egredientur,
3143 2483 3198 2528 et
3242 2475 3415 2530 scient
3456 2477 3582 2547 quia
3633 2493 3730 2549 ego

2136 2563 2396 2618 Dominus
2424 2562 2639 2633 (Ezech.
2668 2564 2790 2633 xu).
2823 2584 2841 2615 ι
2870 2562 3031 2618 Juxta
3065 2566 3417 2637 tropologlam
3440 2569 3536 2637 qui
3568 2584 3729 2638 super

2138 2650 2473 2707 Salvatorem
2523 2662 2787 2708 conantur
2833 2668 3137 2723 exponere,
3182 2656 3374 2710 ducem
3420 2659 3512 2727 qui
3552 2669 3638 2714 est
3676 2660 3726 2713 iu

2136 2742 2313 2797 medio
2342 2742 2639 2798 Jerusalem
2690 2744 2865 2813 ipsum
2911 2744 3363 2814 interpretantur,
3395 2749 3489 2817 qui
3525 2749 3576 2803 in
3608 2767 3727 2819 por-

2136 2845 2343 2891 tentum
2375 2836 2697 2907 signumque
2725 2837 3084 2907 praecesserit,
3109 2837 3253 2906 quod
3281 2847 3335 2892 et
3364 2838 3482 2908 ipse
3512 2850 3565 2893 et
3597 2840 3725 2895 socii

2136 2927 2253 2997 ejus
2290 2928 2488 2996 captivi
2537 2927 2723 2981 mundi
2770 2927 2928 2981 istius
2974 2928 3104 2991 sint,
3135 2928 3283 2982 etab
3328 2928 3522 2983 inferis
3556 2932 3724 2983 vit-tor

2137 3016 2456 3081 ascendens,
2486 3017 2537 3070 in
2561 3016 2800 3072 humeris
2823 3024 3070 3086 portatus
3098 3018 3169 3071 sit
3193 3018 3511 3088 angelorum
3536 3038 3551 3073 :
3575 3020 3629 3073 in
3646 3035 3727 3074 ca-

2134 3106 2300 3177 ligine
2330 3120 2603 3177 egressus,
2635 3107 2850 3177 ignotus
2891 3107 3213 3171 incredulis,
3241 3108 3523 3163 destructo
3548 3111 3727 3165 medio

2140 3197 2345 3268 pariete
2363 3237 2377 3261 ,
2407 3196 2592 3252 fecerit
2616 3204 2904 3268 utrumque
2932 3215 3130 3263 unum;
3157 3198 3322 3255 facies
3350 3200 3497 3255 illius
3520 3209 3725 3271 operta,

2141 3297 2202 3341 nt
2250 3298 2450 3343 terram
2495 3304 2601 3343 non
2648 3290 2901 3358 respiciat
2948 3288 3277 3345 Judaaorum.
3314 3290 3428 3347 Nec
3456 3294 3656 3347 mirum
3683 3293 3727 3349 sl

2142 3380 2400 3433 Dominus
2446 3379 2703 3434 celaverit
2746 3378 2941 3434 faciem
2990 3396 3167 3444 suam,
3195 3396 3318 3435 cum
3364 3398 3542 3452 usque
3574 3382 3728 3439 hodie

2140 3478 2267 3524 ante
2310 3469 2519 3523 vultum
2564 3469 2695 3523 Mosi
2739 3469 2984 3524 velamen
3016 3470 3247 3539 positum
3277 3470 3346 3525 sit
3390 3458 3593 3541 populo
3625 3487 3728 3528 non

2140 3558 2380 3614 credenti
2427 3576 2440 3612 :
2484 3560 2830 3629 extenditque
2879 3561 3139 3616 Dominus
3194 3572 3307 3616 rete
3355 3578 3516 3616 suum
3569 3578 3729 3632 super

2142 3649 2485 3717 illum,juxta
2513 3650 2565 3705 id
2597 3650 2739 3720 quod
2762 3650 2828 3703 de
2855 3665 2923 3703 eo
2947 3665 3140 3719 sponsa
3170 3652 3410 3721 loquitur
3433 3652 3485 3705 in
3508 3653 3728 3709 Cantica

2140 3738 2479 3793 canticorum
2508 3757 2519 3790 :
2552 3756 2571 3788 ι
2604 3738 2671 3791 Et
2694 3752 2821 3791 ecce
2864 3737 2968 3791 iste
3004 3747 3126 3805 post
3169 3741 3434 3808 parietem
3484 3751 3726 3796 nostrum

2139 3829 2475 3897 prospiciens
2500 3844 2599 3899 per
2627 3828 2915 3892 fenestras,
2943 3842 3209 3896 apparens
3251 3846 3349 3899 per
3386 3831 3520 3885 retia
3550 3832 3725 3902 (Cant.

2105 3924 2109 3928 ’
2142 3921 2225 3988 n).
2256 3939 2276 3972 ›
2298 3922 2374 3977 De
2400 3935 2508 3990 quo
2534 3919 2797 3975 Jeremias
2821 3936 2834 3972 :
2865 3938 2883 3969 ι
2918 3918 3153 4001 Spiritus
3179 3921 3356 3976 vultus
3378 3924 3551 3978 nostri
3568 3924 3731 3981 Chri-

2142 4019 2258 4063 stus
2286 4008 2546 4065 Dominus
2568 4051 2583 4075 ,
2629 4012 2815 4079 captus
2844 4017 2929 4063 est
2954 4008 3006 4062 in
3035 4011 3275 4079 peccatis
3315 4014 3539 4078 nostris,
3564 4035 3590 4085 ρ
3618 4022 3673 4068 et
3713 4032 3727 4067 :

2149 4118 2166 4149 ι
2202 4114 2323 4153 cum
2364 4114 2468 4153 non
2514 4098 2731 4153 fecisset
2757 4107 3058 4167 peccatum,
3112 4115 3210 4169 pro
3258 4101 3416 4155 nobis
3450 4112 3730 4170 peceatum

2143 4187 2318 4244 factus
2354 4198 2457 4244 est.
2494 4210 2511 4241 ι
2548 4209 2567 4241 ‹
2608 4189 2671 4243 Et
2702 4189 3034 4250 adducetur,
3066 4189 3172 4253 ait,
3217 4191 3270 4243 in
3314 4191 3677 4261 Babylonem,
3707 4214 3723 4245 ι

2142 4281 2513 4336 confusionem
2543 4280 2697 4335 istius
2740 4277 2949 4343 mundi,
2997 4279 3049 4332 in
3086 4289 3288 4334 terram
3332 4281 3466 4336 Chal
3491 4285 3728 4347 latorum,

2142 4370 2235 4439 qui
2286 4369 2714 4440 interpretantur
2762 4368 2915 4438 quasi
2961 4368 3249 4432 dminonia,
3282 4381 3339 4423 ut
3376 4386 3470 4425 eos
3501 4373 3594 4440 qui
3627 4376 3734 4426 (la--

2141 4459 2393 4513 monibus
2415 4458 2632 4535 fuerant
2660 4458 3287 4528 mancipati,retrahcret
3310 4459 3372 4512 ad
3402 4460 3653 4523 salutem,
3680 4471 3734 4514 et

449 4536 821 4629 unusquisque
857 4557 909 4610 in
954 4556 1096 4608 viam
1145 4571 1297 4609 suam
1347 4554 1663 4617 declinavit,
1692 4561 1745 4607 et
1778 4553 2036 4607 Dominus
2061 4536 2115 4596 D
2144 4551 2411 4622 captivam
2440 4552 2659 4606 duceret
2684 4551 2965 4619 pristinam
2996 4552 3385 4620 captivitatem.
3424 4551 3730 4621 lpsamque,

448 4651 631 4723 posuit
658 4650 711 4703 in
735 4663 803 4703 eo
828 4646 1168 4716 iniquitatem
1194 4644 1434 4698 omnium
1461 4654 1724 4697 nostrum.
1752 4644 1851 4697 iEt
1877 4644 2034 4697 item:

456 4760 476 4794 ι
503 4741 733 4810 Propter
758 4740 951 4799 scelus,
981 4737 1176 4806 inquit,
1205 4735 1385 4805 pepuli
1413 4735 1517 4788 mci
1548 4735 1788 4803 percussi
1819 4751 1966 4799 etnn,
1984 4744 2039 4788 et

452 4834 603 4889 dabit
645 4832 839 4901 impios
887 4828 984 4900 pro
1032 4829 1327 4899 sepultura,
1360 4837 1414 4883 et
1458 4828 1679 4882 divitem
1725 4842 1822 4896 pro
1864 4840 2037 4882 morte

452 4942 573 4989 sua,
602 4939 668 4978 eo
691 4923 833 4992 quod
859 4922 1200 4989 iniquitatem
1232 4936 1341 4973 non
1371 4918 1581 4981 fecerit,
1608 4934 1710 4972 nec
1738 4918 1891 4973 dolus
1922 4918 2037 4972 fne~

451 5017 522 5070 rit
556 5015 610 5069 in
638 5028 733 5069 ore
759 5028 877 5076 suo,
905 5021 963 5066 et
990 5011 1246 5066 Dominus
1286 5008 1455 5063 voluit
1495 5017 1779 5063 conterere
1820 5024 1942 5062 eum
1978 5009 2032 5061 in

453 5103 783 5157 infirmitate.
826 5102 884 5155 Si
918 5101 1156 5170 posuerit
1185 5116 1284 5169 pro
1324 5106 1548 5169 peccato
1588 5100 1823 5153 animam
1856 5115 2029 5162 suam,

452 5194 653 5248 videbit
672 5208 855 5246 semen
878 5192 1197 5262 longmvum,
1214 5200 1267 5246 et
1290 5192 1532 5245 voluntas
1556 5191 1764 5245 Domini
1793 5190 1845 5243 in
1873 5206 2033 5244 manu

453 5282 568 5350 ejus
593 5280 894 5349 dirigetur:
921 5296 1020 5350 pro
1046 5297 1110 5336 eo
1140 5280 1281 5349 quod
1310 5280 1574 5333 laboravit
1600 5281 1783 5334 anima
1811 5279 2033 5347 ejus-vi—

454 5372 619 5437 debit,
648 5381 703 5426 et
727 5372 1057 5426 saturabitur
1086 5373 1136 5426 in
1170 5372 1395 5427 scientia
1429 5388 1548 5437 sua,
1572 5371 1889 5440 justilicavit
1919 5372 2035 5440 ipse

450 5462 629 5534 justus
652 5478 837 5517 servos
860 5478 1010 5517 meos
1033 5464 1252 5529 multos,
1278 5472 1333 5517 et
1361 5464 1675 5533 iniquitates
1702 5479 1889 5519 eorum
1921 5465 2035 5532 ipse

452 5554 713 5623 portabit,
738 5554 859 5608 ideo
887 5554 1199 5622 dispertiam
1229 5556 1276 5607 ei
1307 5555 1588 5623 plurimos,
1618 5565 1673 5609 et
1703 5555 1920 5609 fortium
1952 5556 2035 5609 di-

454 5642 801 5712 videtspo‘lia,
818 5658 915 5711 pro
937 5645 1155 5712 eoquod
1178 5644 1397 5697 tradidit
1417 5646 1571 5699 morti
1596 5646 1831 5700 animam
1856 5661 2031 5711 suam,

461 5744 664 5791 etcum
708 5734 987 5791 sceleratis
1031 5742 1308 5803 reputatus
1356 5742 1464 5797 est,
1496 5744 1549 5791 et
1591 5738 1703 5806 ipse
1754 5748 2031 5809 peccatum

2140 4644 2333 4713 inquit,
2365 4652 2565 4699 terram
2604 4642 2979 4697 Chaldzeorum
3020 4658 3125 4697 non
3168 4643 3385 4707 videbit,
3420 4652 3476 4697 et
3506 4644 3580 4698 ibi
3620 4660 3732 4699 mo-

2140 4736 2313 4789 rietur
2359 4742 2419 4788 ut
2467 4750 2655 4788 omnes
2697 4748 2796 4789 nos
2844 4750 2941 4789 sua
2990 4744 3167 4789 morte
3210 4734 3468 4799 vivificet,
3500 4748 3729 4791 cunctos

2140 4833 2321 4878 autem
2350 4825 2623 4894 adjutores
2651 4823 2797 4891 ejus,
2831 4834 2886 4879 et
2928 4826 3103 4879 socios
3134 4826 3405 4894 apostolos
3428 4834 3485 4879 et
3512 4839 3728 4895 aposto-

2139 4916 2272 4972 licos
2314 4917 2460 4970 viros
2491 4917 2748 4986 dispersit
2784 4916 2839 4969 in
2871 4915 3183 4971 universum
3214 4919 3423 4981 orbem,
3460 4928 3517 4971 et
3552 4919 3730 4989 evagi-

2138 5008 2287 5061 navit
2332 5008 2566 5078 gladium
2598 5024 2754 5064 suum
2791 5014 2914 5077 post
2958 5022 3071 5070 eos,
3099 5018 3159 5061 ut
3203 5008 3371 5062 variis
3400 5023 3729 5064 coronaren-

2137 5105 2227 5150 tur
2268 5098 2563 5167 martyriis,
2590 5106 2644 5151 et
2681 5104 2811 5151 tunc
2851 5096 3233 5166 intelligerent,
3268 5097 3351 5151 vel
3394 5093 3530 5165 ipsi,
3564 5099 3643 5151 vel
3671 5098 3725 5151 hi

2134 5190 2230 5258 qui
2256 5204 2353 5258 per
2371 5204 2465 5243 eos
2484 5189 2844 5252 crediderant,
2868 5187 3011 5256 quod
3038 5188 3148 5255 ipse
3169 5188 3238 5241 sit
3257 5186 3538 5251 Dominus,
3570 5198 3623 5241 et
3644 5189 3726 5240 id-

2138 5280 2285 5333 circo
2319 5295 2413 5334 eos
2447 5279 2763 5348 disperserit
2799 5278 2852 5332 in
2892 5279 3166 5349 gentibus,
3202 5286 3256 5331 et
3296 5278 3729 5333 disseminaverit

2142 5370 2197 5424 in
2234 5372 2420 5435 terris,
2458 5379 2517 5423 ut
2561 5370 2787 5423 multum
2827 5368 3371 5433 fructum-facerent,
3417 5377 3473 5422 et
3512 5369 3730 5438 reliquit

2140 5456 2207 5518 ex
2251 5464 2332 5519 eis
2374 5478 2577 5532 paucos
2621 5463 2790 5525 viros,
2821 5461 2961 5515 sicut
3007 5460 3268 5514 Joannem
3320 5459 3731 5528 apostolum,et

2145 5564 2373 5610 caeteros
2389 5595 2403 5619 ,
2429 5570 2459 5607 a
2484 5553 2679 5624 gladio,
2708 5559 2764 5606 et
2790 5551 2957 5615 fame,
2977 5562 3032 5606 et
3045 5550 3353 5620 pestilentia
3379 5549 3729 5613 iiberatos,et

2141 5634 2577 5719 persecutionum
2602 5646 2859 5715 impetum
2893 5642 3244 5707 declinantes,
3273 5650 3333 5696 ut
3365 5649 3588 5696 narrent
3613 5654 3730 5695 see-

2141 5739 2255 5794 lcra
2288 5736 2591 5793 Iudaeorum
2622 5746 2676 5791 et
2698 5735 3009 5805 iniquitates
3036 5742 3354 5789 cunctarum
3384 5732 3623 5803 gentium
3658 5730 3729 5787 ad
