3960 6348
150 426 278 491 ηδε

1028 436 1385 492 EXPOSITIO
1424 434 1649 491 SUPER
1681 430 2040 487 JEREMIAM.
2079 462 2151 472 —
2186 431 2313 484 LIB.
2354 430 2473 485 XX.

3237 434 3255 485 l
3267 431 3368 485 262

158 563 279 617 luas
305 545 537 618 ingressi
564 557 705 612 sunt,
737 556 795 601 ut
834 557 953 604 aeta
980 550 1290 619 poenitentia
1334 548 1532 603 scirent
1573 542 1714 616 quod
1740 544 2075 615 Asiquidem
2124 541 2357 596 ﬁdelium
2405 541 2646 596 Christus
2691 552 2773 597 est
2822 543 3100 607 Dominus,
3130 545 3219 613 qui
3265 562 3370 600 non

152 640 261 708 ipse
303 644 445 691 esset
473 637 746 692 Dominus.
776 638 900 694 Hzee
942 640 1193 704 diximus,
1226 637 1442 693 lectoris
1489 635 1711 692 arbitrio
1811 643 1987 705 potest
2014 651 2043 688 a
2061 633 2225 703 justis
2262 633 2450 702 arripi,
2481 634 2724 701 quamvis
2764 644 2950 690 cuncta
2983 637 3062 691 eis
3088 638 3243 707 hujus
3277 655 3374 693 sae-

152 729 401 794 judicium
428 729 787 799 relinquentes
823 749 836 785 ε
868 739 1119 787 οωιθγιιηι
1154 731 1299 785 nulla
1324 731 1581 787 dubitatio
1610 737 1712 795 est,

151 819 502 888 periculosum
537 835 657 876 esse
701 822 844 891 regis
885 821 1032 891 impii
1062 821 1423 893 captivitatem
1454 830 1507 877 et
1529 834 1715 876 necem

150 920 486 966 sacramento
513 912 607 967 Dei
640 927 974 980 comparare.

222 999 335 1055 Sin.
369 1020 388 1053 ‹
416 1001 601 1057 Gaude
622 1013 676 1057 et
700 1003 902 1072 laetare,
936 1005 1042 1060 ﬁlia
1067 1004 1254 1070 Edam,
1285 1020 1404 1075 qua:
1428 1004 1637 1059 habitas
1665 1003 1718 1057 in

152 1099 294 1146 terra
324 1092 460 1160 Huz,
489 1093 552 1147 ad
583 1102 636 1149 te
660 1110 870 1165 quoque
896 1096 1141 1166 pervenit
1169 1094 1336 1155 calix,
1370 1091 1720 1147 inebriaberis

150 1189 314 1249 atque
360 1183 710 1237 nudaberis.)
746 1182 1034 1255 (MAURUS.)
1079 1184 1247 1238 Edom
1298 1180 1438 1235 idem
1488 1179 1589 1233 fuit
1629 1181 1720 1250 qui

149 1269 292 1326 Esau
329 1270 498 1326 frater
526 1272 713 1339 Jacob,
740 1290 770 1327 a
794 1290 899 1345 quo
945 1273 1163 1327 Idumaei
1203 1272 1386 1326 hostes
1417 1270 1579 1325 Israel
1617 1270 1720 1323 orti

154 1370 299 1416 sunt.
328 1360 441 1416 Huz
469 1378 597 1433 ergo
633 1358 775 1418 ﬁlius
809 1363 909 1416 fuit
935 1361 1096 1416 Aram
1122 1359 1354 1434 [Chom]
1383 1359 1722 1414 'l'raeontidis

154 1460 208 1504 et
229 1452 473 1506 Damasci
495 1454 739 1509 conditor
756 1454 896 1508 inter
919 1452 1253 1509 Palaastinam
1285 1436 1340 1505 et
1370 1449 1720 1519 leesyriam

155 1548 345 1598 tenens
376 1544 752 1615 principatum,
788 1561 819 1599 a
860 1561 967 1615 quo
1014 1544 1357 1614 Septuaginta
1402 1542 1723 1618 interpretes

156 1633 209 1686 in
238 1633 375 1688 libro
398 1634 497 1690 Job
521 1638 611 1692 ubi
644 1637 697 1692 in
726 1636 952 1710 Hebrmo
972 1637 1460 1692 scribitur’°terram
1493 1633 1606 1686 lluz
1639 1646 1723 1685 re—

152 1726 365 1794 gionem
411 1727 747 1795 Ausitidem,
794 1731 947 1800 quasi
1008 1730 1262 1785 Usitidem
1314 1726 1721 1781 transtulerunt.

152 1817 306 1884 Quod
337 1828 514 1872 autem
543 1818 870 1875 dicit-filiam
910 1820 1075 1873 EdOm
1105 1817 1336 1887 gaudere
1368 1824 1423 1870 et
1450 1815 1632 1868 ltetare
1660 1827 1725 1867 eo

1816 723 1917 777 culi
1972 723 2264 794 probentur
2304 721 2525 777 auferri.
2573 722 2663 777 Sic
2708 723 2829 777 dum
2878 736 3246 798 persecutores
3287 745 3377 783 ca-

1816 813 2061 870 tholicam
2105 807 2417 887 religionem
2447 816 2733 871 exhaurire
2775 819 3011 887 cupiunt,
3040 819 3377 877 felicissimus

1817 914 1977 975 atque
1999 908 2241 977 copiosas
2259 920 2485 964 coronas
2509 908 2832 981 martyribus
2862 911 3216 978 contulerunt,
3238 916 3379 978 quod

1819 999 2063 1067 sequenti
2086 1001 2342 1054 sententia
2375 1000 2584 1056 videtur
2607 1000 2892 1069 designari.

1893 1087 2061 1142 Thau.
2091 1107 2108 1139 ι
2137 1087 2406 1157 Completa
2433 1098 2516 1144 est
2538 1090 2791 1160 iniquitas
2818 1099 2929 1155 tua,
2966 1090 3072 1145 ﬁlia
3103 1098 3249 1157 Sion,
3275 1112 3377 1148 non

1828 1195 1847 1228 ι
1889 1176 2035 1233 addit
2060 1178 2221 1244 ultra,
2245 1186 2305 1232 ut
2332 1180 2676 1250 transmigret
2716 1168 2785 1236 te.
2834 1180 3084 1236 Visitabit
3128 1182 3382 1252 iniquita-

1827 1285 1848 1317 ι
1889 1274 1998 1321 tem
2023 1276 2188 1333 tuam,
2218 1268 2326 1323 ﬁlia
2375 1269 2565 1335 Edom,
2593 1271 2945 1342 discooperiet
2970 1281 3187 1342 peccata
3218 1284 3329 1328 tua.
3361 1296 3380 1327 ι

1825 1359 2109 1433 (ΜΑυιωε.)
2138 1360 2414 1431 Completa
2456 1377 2584 1433 ergo
2632 1365 3018 1433 persecutione,
3051 1381 3154 1433 qua
3204 1366 3387 1422 hostes

1824 1450 1880 1505 in
1908 1453 2011 1507 hoc
2034 1452 2227 1524 saeculo
2269 1454 2652 1523 permittuntur
2677 1457 2922 1525 persequi
2949 1457 3148 1510 electos
3174 1457 3289 1521 Dei,
3322 1458 3387 1511 ad

1823 1540 2192 1611 probationem
2235 1542 2443 1596 scilicet
2487 1558 2692 1606 eorum,
2726 1559 2829 1598 non
2856 1545 2922 1598 ad
2951 1544 3388 1599 damnationem:

1819 1629 1932 1699 jam
1955 1632 2093 1687 ultra
2119 1648 2225 1688 non
2248 1635 2462 1700 addent,
2484 1644 2544 1689 ut
2562 1637 2944 1706 transmigrent
2970 1650 3065 1705 per
3085 1651 3197 1701 eos,
3216 1655 3235 1686 ‹
3260 1651 3383 1705 quo

1827 1726 1970 1778 niam
2019 1725 2269 1779 abstersit
2312 1729 2452 1781 Deus
2496 1743 2710 1783 omnem
2758 1729 3050 1800 laerymam
3111 1729 3179 1783 ab
3223 1728 3393 1784 oculis

1830 1821 2137 1869 sanctorum
2167 1829 2404 1879 suorum,
2436 1822 2491 1869 et
2534 1831 2705 1885 neque
2734 1817 3131 1886 luctus,‘neque
3171 1819 3391 1884 clamor,

152 1908 297 1975 quod
324 1909 632 1976 pervenerit
672 1910 737 1963 ad
779 1922 898 1961 eam
934 1907 1073 1962 calix
1103 1907 1346 1970 Domini,
1377 1919 1473 1975 per
1498 1903 1727 1958 ironiam
1755 1887 1804 1948 Β
1833 1917 2006 1973 neque
2048 1898 2199 1957 dolor
2246 1904 2350 1958 erit
2396 1904 2553 1971 ultra,
2604 1920 2722 1975 qua
2765 1907 2937 1977 prima
2986 1907 3254 1976 abierunt,
3303 1910 3397 1965 sed

154 1997 441 2068 legendum
472 2006 574 2062 est,
594 2006 652 2052 ut
673 2008 756 2052 est
775 1998 901 2052 illud
928 1999 980 2051 in
1004 1998 1236 2068 Epistola
1258 1996 1439 2052 Jacobi
1468 1994 1723 2067 apostoli:

160 2107 178 2139 ι
222 2088 494 2143 Glorietur
522 2099 698 2144 autem
728 2088 893 2145 frater
926 2089 1144 2143 humilis
1172 2089 1224 2141 in
1255 2087 1579 2142 exaltatione
1607 2101 1725 2149 sua,

154 2176 309 2232 dives
337 2186 517 2231 autem
545 2177 599 2231 in
630 2178 928 2232 humilitate
959 2193 1053 2233 sua
1081 2175 1222 2248 (Jac.
1256 2177 1316 2249 ι).
1346 2195 1363 2227 ι
1398 2176 1729 2231 Subauditur

156 2284 188 2322 a
218 2270 499 2338 superiore
528 2282 685 2323 versu
730 2269 1011 2339 glorietur,
1035 2268 1126 2338 qui
1171 2277 1346 2323 tamen
1377 2284 1483 2323 non
1513 2270 1577 2322 ad
1611 2268 1727 2339 glo-

156 2359 319 2426 riam,
351 2362 445 2415 sed
496 2360 562 2414 ad
610 2360 1030 2414 bumiliationem
1073 2359 1223 2427 ejus,
1254 2369 1309 2413 et
1332 2361 1728 2414 damnationem

154 2451 417 2520 pertinet.
450 2449 608 2506 Venit
645 2466 773 2522 ergo
802 2449 940 2505 calix
969 2449 1198 2514 Domini,
1235 2450 1339 2504 hoc
1362 2458 1445 2504 est
1474 2450 1728 2517 vindicta,

157 2544 231 2599 ad
254 2543 531 2609 Idumaeos,
554 2545 768 2615 quando
789 2542 1280 2598 Nabuchodonosor
1297 2550 1506 2595 vastata
1525 2540 1729 2606 Judaza,

156 2646 491 2706 exterasque
512 2646 698 2706 gentes
721 2635 880 2697 simili
911 2635 1068 2690 modo
1096 2635 1413 2699 devastavit,
1435 2643 1488 2688 et
1513 2635 1729 2705 dignum

158 2725 266 2780 fuit
289 2726 431 2797 quod
458 2727 638 2781 hostes
676 2725 854 2796 populi
882 2725 1007 2790 Dei,
1035 2725 1127 2793 qui
1160 2725 1214 2779 in
1244 2724 1359 2793 ejus
1385 2725 1734 2779 subversione

159 2816 336 2887 gavisi
364 2825 509 2882 sunt,
536 2816 635 2886 ipsi
663 2830 874 2884 quoque
903 2815 1151 2870 meritam
1174 2829 1274 2884 pro
1300 2829 1365 2869 eo
1396 2815 1464 2868 ab
1491 2814 1735 2869 hostibus

162 2908 473 2976 reciperent
498 2908 809 2962 vindictam.
842 2905 1064 2977 Mystice
1108 2914 1285 2959 autem
1319 2905 1374 2959 in
1403 2904 1511 2958 tilia
1541 2904 1729 2969 Edom,

161 3001 257 3071 qui
280 3002 599 3069 sanguineus
627 3001 707 3054 vel
747 3010 990 3055 terrenus
1034 2999 1431 3069 interpretatur,
1467 3013 1731 3069 synagoga

164 3087 494 3153 Judzeorum,
521 3088 603 3143 vel
631 3089 793 3143 etiam
824 3087 1145 3159 generaliter
1170 3089 1325 3155 turba
1351 3089 1588 3143 omnium
1617 3102 1735 3155 per-

166 3179 508 3233 secutionum
565 3178 813 3233 Ecclesiae
852 3178 1190 3247 exprimitur,
1240 3180 1329 3248 qui
1372 3178 1738 3234 acerbissimis

1833 1991 2216 2061 exultentjusti
2241 1994 2291 2047 in
2323 2003 2608 2065 conspectu
2653 1996 2769 2063 Dei,
2793 2005 2847 2051 et
2874 1998 3204 2054 delectentur
3230 2001 3281 2053 in
3309 1999 3398 2055 lae-

1832 2081 1945 2137 litia
1991 2082 2175 2155 (Apoc.
2220 2082 2360 2154 χιι),
2390 2104 2409 2136 ι
2443 2084 2591 2155 impii
2640 2094 2818 2141 autem
2845 2096 2898 2142 et
2922 2096 3234 2157 peceatores
3274 2105 3398 2145 eum

1833 2174 2043 2231 diabolo
2068 2176 2351 2230 mittuntur
2372 2177 2425 2231 in
2453 2185 2696 2249 stagnum
2729 2179 2864 2249 ignis
2915 2188 2970 2235 et
2993 2180 3284 2249 sulphuris,
3310 2183 3399 2237 ubi

1834 2275 1916 2322 est
1961 2267 2132 2321 bestia
2180 2274 2234 2321 et
2265 2268 2759 2338 pseudoprophetaz,
2790 2277 2843 2324 et
2886 2270 3270 2326 crueiabuntur
3313 2272 3399 2327 die

1837 2372 1901 2411 ac
1925 2366 2080 2411 nocte
2108 2358 2162 2411 in
2193 2358 2385 2413 saecula
2416 2358 2749 2414 szeculorum.

1906 2446 2035 2501 Post
2078 2446 2511 2503 lamentationem
2541 2466 2690 2520 ergo,
2722 2466 2839 2520 qua:
2883 2452 3078 2508 litteris
3120 2453 3403 2511 Hebraicis

1840 2538 2130 2592 secundum
2154 2539 2347 2593 seriem
2377 2540 2686 2594 earumdem
2717 2541 3403 2613 li’tterarumquadrupllci-

1838 2639 1924 2685 ter
1951 2632 2263 2701 opportunis
2302 2631 2450 2697 locis,
2484 2643 2544 2687 ut
2582 2632 2843 2701 diximus,
2868 2644 3161 2706 przenotata
3195 2645 3406 2719 estnec-

1838 2723 2020 2791 quitur
2046 2723 2221 2777 oratio
2246 2724 2517 2793 propheta:
2544 2740 2663 2794 quae
2691 2727 3042 2782 vastationem
3067 2728 3217 2782 urbis
3246 2726 3401 2782 Jeru-

1842 2811 2026 2875 salem,
2058 2806 2115 2867 et
2142 2828 2326 2867 casum
2362 2814 2541 2884 populi
2585 2814 2889 2872 Judzeorum
2931 2817 3284 2874 bistorialiter
3312 2818 3408 2873 de-

1841 2904 2048 2974 plorat,
2080 2915 2133 2959 et
2162 2906 2509 2975 Spiritualiter
2561 2908 2768 2962 ruinam
2808 2910 3107 2963 animarum
3148 2910 3407 2977 ﬁdelium,

1843 3002 1898 3049 et
1928 2995 2233 3052 vastitatem
2259 3012 2419 3066 quam
2455 3012 2628 3067 passa:
2652 3006 2779 3052 sunt
2802 3014 2831 3052 a
2861 3000 3117 3067 nequitiis
3159 3001 3410 3068 spiritali-

1842 3084 1943 3140 bus
1970 3086 2216 3142 flebiliter
2242 3098 2659 3144 commemorat:
2681 3090 2748 3144 ad
2768 3098 3071 3146 extremum
3090 3108 3218 3147 vero
3245 3094 3411 3162 ipsius

1847 3174 2058 3231 Domini
2102 3192 2260 3247 opem
2303 3186 2357 3231 et
2404 3179 2828 3234 misericordiam
2874 3181 3158 3237 subvenire
3201 3181 3415 3237 aﬂlictis

164 3269 634 3339 persecutionibus
656 3269 889 3324 fidelium
917 3245 1129 3325 turbam
1158 3270 1208 3323 in
1247 3245 1356 3325 toto
1385 3271 1514 3324 orbe
1542 3272 1742 3325 consti-
1768 3245 1815 3311 C
1848 3268 2123 3323 humiliter
2140 3245 2486 3339 deprecatur.

169 3371 345 3417 tutam
388 3361 751 3428 insectantur,
782 3361 975 3432 quibus
1017 3372 1197 3417 tamen
1236 3372 1383 3418 certa
1413 3364 1468 3418 in
1495 3363 1739 3434 gehenna

170 3450 317 3523 ignis
338 3451 523 3505 aeterni
550 3450 849 3506 remanebit
872 3453 1122 3508 vindicta.
1151 3453 1226 3506 De
1255 3453 1355 3507 hac
1386 3453 1548 3507 etiam
1573 3453 1742 3507 Edom

172 3539 309 3605 filia,
341 3539 507 3593 David
551 3541 805 3609 propheta
834 3542 889 3594 in
918 3541 1139 3610 psalmis
1178 3538 1352 3614 (Psal.
1380 3542 1598 3612 cxxxvr)
1630 3556 1743 3596 me-

170 3630 363 3695 minit,
394 3630 576 3685 dicens
600 3646 613 3682 :
643 3647 662 3679 ι
695 3628 982 3696 Memento,
1010 3630 1231 3685 Domine
1252 3672 1267 3696 ,
1296 3630 1522 3686 filiorum
1551 3633 1737 3698 Edom,

170 3723 230 3777 in
272 3723 361 3776 die
408 3718 726 3786 Jerusalem,
750 3721 843 3791 qui
886 3721 1093 3786 dicunt,
1128 3721 1429 3787 Exinanite,
1472 3724 1745 3784 exinanite

168 3827 348 3882 usque
392 3810 460 3865 ad
510 3809 910 3865 fundamentum
961 3811 1015 3865 in
1066 3826 1151 3865 ea.
1190 3810 1475 3881 (Cassiod.)
1512 3811 1742 3880 Populus

171 3922 307 3977 ergo
334 3904 675 3959 Hebraeorum
702 3903 792 3957 hic
818 3918 1105 3958 conversus
1147 3903 1212 3957 ad
1244 3904 1523 3957 Dominum
1550 3905 1740 3973 depre=

171 4009 351 4058 eatur,
388 4011 453 4049 ne
502 3994 697 4050 multos
741 3995 1013 4050 discedere
1042 3995 1299 4065 patiatur,
1328 3996 1420 4063 qui
1448 3996 1742 4050 Eeelesiam

172 4088 271 4144 Dei
327 4085 617 4141 smvissima
672 4086 1034 4155 increpatione
1076 4085 1392 4142 dilacerant.
1440 4087 1637 4153 Edom,
1684 4098 1743 4143 ut

171 4180 431 4243 diximus,
461 4177 548 4230 alii
575 4178 941 4247 sanguineum,
975 4177 1062 4230 alii
1088 4189 1355 4231 terrenum
1387 4180 1742 4248 interpretan-

171 4269 303 4323 dum
335 4282 453 4322 esse
476 4273 817 4335 putaverunt,
845 4266 984 4335 quod
1020 4277 1195 4330 tamen
1224 4276 1510 4338 utrumque
1534 4271 1600 4324 ad
1627 4286 1743 4325 car-

172 4358 321 4413 nalia
358 4356 486 4409 vitia
523 4354 709 4409 referri
754 4370 910 4425 posse
957 4372 1061 4411 non
1104 4359 1321 4413 dubium
1360 4370 1459 4414 est.
1502 4360 1593 4415 Isti
1623 4371 1745 4416 sunt

169 4463 306 4516 ergo
339 4444 431 4498 filii
460 4445 624 4498 Edom
643 4484 658 4508 ,
685 4446 773 4513 qui
800 4444 1164 4501 Christianum
1192 4450 1441 4519 populum
1474 4462 1597 4505 sunt
1625 4467 1746 4521 gra-

166 4537 394 4589 vissime
426 4536 722 4605 persecuti,
750 4550 847 4589 nec
888 4538 1062 4609 aliqua
1099 4540 1461 4595 satisfactione
1497 4545 1742 4597 conversi

169 4635 321 4680 sunt.
366 4627 513 4692 Quod
562 4636 739 4680 autem
776 4626 827 4680 in
876 4627 964 4680 illa
1017 4632 1438 4698 sequestratione
1480 4633 1741 4689 bonorum
1769 4603 1823 4664 Β

170 4720 496 4787 deprecatur
534 4720 585 4773 in
625 4720 935 4773 memoriam
966 4722 1169 4787 redire,
1204 4732 1259 4775 ut
1286 4740 1377 4778 eos
1411 4724 1587 4780 debita
1616 4743 1739 4796 pos-

172 4817 259 4860 set
309 4824 465 4875 pwna
512 4811 812 4879 suscipere,
849 4810 949 4865 hoc
991 4812 1213 4877 dicitur,
1262 4816 1398 4869 sicut
1446 4833 1583 4886 saepe
1634 4834 1744 4874 me-

174 4908 444 4954 moratum
490 4911 599 4967 est,
650 4904 938 4972 prophetia:
978 4906 1201 4973 effectu,
1246 4926 1351 4964 nou
1396 4912 1743 4968 maledicendi

174 4998 338 5045 voto:
373 4991 424 5044 in
470 4992 572 5046 illis
608 4996 751 5047 enim
792 4996 962 5064 pietas
992 5007 1169 5052 nostra
1214 5016 1317 5054 non
1347 5004 1621 5070 quzeritur,
1654 5006 1745 5073 qui

172 5079 391 5136 Domini
418 5082 767 5139 aestimatione
803 5086 1087 5140 damnandi
1125 5099 1263 5143 sunt.
1299 5090 1449 5147 Unde
1478 5102 1530 5147 et
1560 5096 1742 5151 subdi-

178 5178 309 5223 tur:
340 5188 359 5220 ‹
389 5169 488 5236 Qui
535 5171 744 5237 dicunt,
788 5174 1108 5242 Exiuanite,
1157 5180 1427 5235 exinanite
1473 5198 1639 5251 usque
1680 5186 1745 5239 ad

175 5255 587 5314 fundamentum
618 5261 670 5315 in
699 5278 779 5317 ea.
813 5284 830 5316 ι
866 5262 1038 5319 Verba
1068 5277 1190 5327 sunt
1214 5285 1340 5340 ergo
1382 5270 1482 5325 ista
1514 5273 1743 5328 filiorum

177 5346 372 5409 Εόυιη.
401 5346 830 5419 persequentium
854 5345 1100 5425 populum
1127 5359 1510 5429 Christianum,
1540 5380 1569 5417 a
1600 5367 1748 5421 simi—

176 5437 413 5492 litudine
438 5445 610 5494 tracta
636 5443 900 5509 cisterna,
930 5447 1067 5502 unde
1092 5450 1137 5503 si
1165 5465 1301 5519 aqua
1339 5453 1519 5507 sedule
1545 5454 1747 5510 tollitur

178 5542 356 5598 usque
383 5530 452 5584 ad
482 5530 882 5590 fundamentum
904 5538 1019 5607 ejus
1067 5538 1181 5593 sine
1223 5541 1383 5596 dubio
1420 5546 1749 5613 pervenitur.

182 5617 292 5673 Sed
324 5621 451 5689 quid
476 5621 580 5676 illis
602 5626 855 5691 proderat
899 5628 1075 5681 saeculi
1117 5623 1270 5685 istius
1305 5632 1472 5687 lucem
1517 5634 1753 5689 adimere

181 5707 414 5791 talibus,
444 5712 655 5780 quando
686 5716 937 5786 magis‘in
970 5718 1083 5785 ipso
1108 5716 1454 5776 fundamento
1497 5732 1751 5778 aeternam

182 5793 355 5852 vitam
398 5800 678 5883 possidere
725 5804 1039 5859 videbantur
1081 5808 1280 5863 occisi?
1322 5810 1751 5869 Fundamentum

2315 3358 2569 3417 ORATIO
2603 3359 2938 3417 JEREMIAE.

1921 3472 1940 3504 ι
1971 3453 2296 3520 Recordare,
2341 3454 2600 3521 Domine,
2646 3456 2774 3525 quid
2823 3454 3077 3511 acciderit
3127 3456 3300 3521 nobis,
3332 3457 3413 3511 in-

1851 3564 1870 3596 c
1917 3553 2065 3599 tuere
2097 3552 2151 3600 et
2178 3545 2381 3616 respice
2409 3544 2755 3615 opprobrium
2782 3554 3044 3601 nostrum.
3076 3565 3094 3597 ι
3122 3546 3413 3619 (Mannum)

1846 3637 1986 3693 Usus
2011 3646 2093 3691 est
2122 3639 2499 3707 prophetarum
2529 3637 2857 3707 frequenter:
2879 3654 2975 3712 per
3006 3639 3267 3695 humanas
3289 3656 3416 3695 cou-

1845 3731 2156 3787 suetudines
2186 3731 2464 3785 Dominum
2492 3730 2812 3801 supplicare.
2838 3749 2856 3781 ‹
2885 3730 3190 3787 Recordare
3209 3752 3227 3783 ι
3246 3735 3409 3799 enim,

1844 3821 1926 3875 vel
1954 3831 2220 3876 memento
2248 3823 2318 3876 illi
2350 3823 2563 3887 dicitur,
2590 3823 2680 3892 qui
2713 3821 2906 3876 nullius
2929 3822 3216 3892 aliquando
3241 3824 3415 3891 potuit

1844 3910 2103 3967 oblivisci.
2126 3910 2237 3966 Non
2265 3912 2482 3966 enimut
2510 3912 2575 3966 ad
2606 3913 2917 3965 memoriam
2946 3914 3127 3983 redeat
3153 3912 3414 3969 Divinitas

1846 4012 2251 4067 commonetur,
2276 4018 2457 4056 coram
2488 4018 2593 4071 qua
2621 4018 2780 4057 omne
2813 4002 3139 4070 prmteritum
3170 4013 3225 4057 et
3266 4004 3415 4059 futu-

1846 4107 1966 4147 rum
1992 4108 2202 4163 semper
2238 4109 2472 4163 praesens
2498 4102 2598 4148 est.
2651 4092 2765 4147 Non
2810 4101 2892 4148 est
2928 4096 3069 4148 enim
3112 4096 3328 4165 dignum
3358 4098 3411 4151 in

1846 4182 1930 4237 illa
1962 4182 2237 4250 majestate
2266 4198 2463 4251 ponere
2504 4182 2783 4238 oblivionis
2821 4184 3093 4253 injuriam.
3142 4185 3246 4240 Sed
3292 4188 3411 4244 ideo

1846 4274 2117 4328 recordari
2147 4274 2226 4327 vel
2257 4275 2561 4330 meminisse
2583 4275 2903 4345 postulatur,
2933 4285 2991 4330 ut
3021 4278 3129 4331 cito
3156 4279 3410 4334 auxilium

1846 4363 2207 4434 indigentibus
2252 4364 2513 4430 conferat,
2540 4374 2594 4419 et
2632 4365 2805 4434 palam
2855 4365 3034 4431 faciat,
3067 4368 3206 4435 quod
3252 4378 3408 4423 antea

1846 4454 1948 4509 fuit
1975 4456 2259 4510 occultum.
2293 4455 2400 4511 Has
2426 4457 2567 4510 enim
2590 4456 2909 4526 tropologias
2932 4457 3238 4527 frequenter
3268 4458 3415 4514 Scri-

1848 4546 2021 4615 pturis
2043 4547 2095 4599 in
2127 4536 2321 4601 divinis
2346 4530 3205 4619 iuvenies,utestilludiuGenesi
3231 4568 3242 4603 :
3265 4571 3281 4602 ι
3312 4552 3415 4606 Re-

1852 4637 2115 4692 eordabor
2158 4636 2373 4691 hederis
2418 4638 2523 4691 mei
2572 4635 2733 4707 (Gen.
2766 4640 2872 4709 ιχ).
2896 4658 2914 4688 ι
2951 4638 3045 4692 Vel
3094 4640 3144 4692 in
3184 4640 3409 4696 Exodo:

1860 4747 1877 4778 ι
1911 4727 2240 4782 Recordatus
2264 4734 2347 4779 est
2374 4726 2629 4779 Dominus
2652 4727 2791 4796 pacti
2832 4726 2969 4793 quod
2995 4728 3269 4797 pepigerat
3288 4744 3409 4783 cum

1850 4816 2121 4871 Abraham
2163 4826 2215 4868 et
2240 4814 2388 4869 lsaac
2430 4823 2482 4869 et
2516 4813 2895 4876 Jacob(Exod.
2927 4819 3063 4877 νη.»
3112 4815 3237 4871 Sive
3284 4816 3411 4871 illud

1852 4907 1992 4976 quod
2022 4906 2193 4961 Moses
2220 4904 2285 4959 ad
2325 4904 2606 4960 Dominum
2644 4904 2775 4958 dixit
2803 4924 2815 4957 ε
2848 4923 2866 4955 ι
2900 4906 3199 4959 Recordare
3239 4905 3411 4959 Abra-

1853 4999 1976 5061 ham
2002 5007 2057 5052 et
2082 4998 2229 5053 lsaac
2275 5006 2329 5053 et
2370 4996 2562 5062 Jacob,
2593 5012 2869 5051 servorum
2923 5005 3133 5051 tuorum
3176 4996 3419 5052 ﬁdelium

1856 5086 2051 5161 (Exod.
2075 5086 2265 5156 χχχιι).
2286 5106 2305 5137 ι
2335 5086 2469 5140 Nam
2497 5096 2547 5140 et
2582 5086 2744 5140 David
2790 5087 2841 5138 in
2868 5086 3085 5155 psalmis
3112 5087 3222 5139 ait:
3252 5106 3269 5136 ε
3304 5085 3412 5140 Me-

1854 5186 2034 5233 mento
2068 5176 2214 5231 verbi
2255 5177 2331 5230 tui
2368 5191 2524 5231 servo
2559 5185 2648 5229 tuo
2670 5172 2841 5247 (Paul.
2870 5174 3077 5245 cxvtu).
3098 5195 3116 5225 ι
3147 5174 3214 5227 Ει
3242 5174 3408 5229 item:

1861 5290 1879 5321 ι
1911 5269 2192 5334 Memento,
2222 5268 2473 5331 Domine,
2502 5266 2690 5329 David,
2721 5274 2776 5319 et
2798 5264 2971 5319 omnis
2991 5264 3414 5318 mansuetudinis

1856 5360 1970 5429 ejus
1992 5357 2159 5429 (Psal.
2191 5358 2393 5426 cxxxr).
2417 5377 2436 5409 ι
2462 5388 2529 5396 -
2554 5377 2572 5409 ι
2604 5358 2738 5420 Reor
2757 5357 2924 5421 rdare,
2950 5356 3142 5425 inquit,
3168 5356 3412 5421 Domine,

1856 5451 1985 5520 quid
2031 5450 2285 5508 acciderit
2323 5449 2515 5509 nobis»
2555 5448 2605 5501 in
2651 5446 2917 5501 calumnia
2965 5446 3298 5510 vastationis,
3332 5445 3415 5502 in-

1859 5552 2009 5597 tuere
2051 5552 2107 5596 et
2150 5542 2352 5610 respice
2393 5541 2733 5610 opprobrium
2782 5548 3044 5603 nostrum,
3086 5541 3228 5607 quod
3270 5537 3417 5606 passi

1859 5650 2045 5689 sumus
2066 5634 2133 5688 ab
2152 5634 2237 5688 his
2254 5634 2344 5702 qui
2371 5632 2641 5687 duxerunt
2671 5646 2770 5686 nos
2797 5632 2949 5700 quasi
2974 5646 3155 5687 servos
3178 5635 3418 5703 captivos

1859 5726 1913 5789 in
1944 5733 2140 5780 terram
2169 5724 2414 5787 alienam,
2443 5733 2496 5779 et
2518 5724 2671 5779 abusi
2696 5730 2820 5779 sunt
2844 5723 3014 5779 nostri
3046 5726 3113 5779 ad
3142 5726 3420 5781 servitium

1860 5830 2031 5869 suum.
