3960 6322
571 395 713 454 1985

1204 393 1266 448 Β.
1307 390 1567 448 RABANI
1601 390 1823 491 Militi
1860 387 2183 447 ARCHIEP.
2221 386 2533 446 MOGUNT.
2571 386 2857 447 OPERUM
2893 388 3075 446 PARS
3110 389 3196 445 lli.

3696 384 3826 441 ιω

644 527 665 561 ι
707 506 1007 565 Hereditas
1051 515 1239 563 nostra
1284 523 1442 565 versa
1478 518 1564 565 est
1605 510 1681 566 ad
1698 508 1923 575 alienos,
1951 508 2142 563 domus
2168 504 2221 567 Α
2244 512 2419 561 totum
2462 505 2703 562 laborem
2748 506 3073 575 expendunt.
3121 502 3232 559 Nos
3276 503 3499 574 quidem
3544 500 3741 559 scribe
3773 509 3828 559 et

572 617 593 652 α
622 604 823 656 nostrai
844 599 914 654 ad
927 606 1238 655 extraneos.
1267 619 1285 651 ι
1304 598 1439 654 Cum
1466 600 1692 657 diversae
1707 607 1897 672 gentes
1910 599 2148 668 undique

563 699 935 762 congregatae,
959 690 1237 761 possident
1278 699 1481 746 terram
1511 691 1786 764 inclytam,
1819 706 1980 761 quam
2016 706 2145 761 pro-

562 779 759 837 misisti
808 781 1055 853 pati-ibus
1098 780 1323 849 nostris,
1360 783 1493 839 dare
1537 783 1694 840 nobis
1740 782 1797 838 in
1844 783 2143 853 possessio-

563 886 714 929 nem.

639 981 658 1015 α
687 961 879 1033 Pupilli
901 962 1032 1019 facti
1067 978 1255 1021 sumus
1278 966 1481 1035 absque
1503 974 1681 1036 patre,
1714 975 1919 1024 matres
1944 978 2144 1025 nostrae

566 1072 585 1105 ι
616 1052 771 1123 quasi
789 1053 986 1110 viduae.
1007 1071 1027 1106 ι
1047 1051 1183 1122 Quia
1204 1052 1490 1111 defensore
1510 1056 1753 1112 destituti
1780 1070 1967 1115 sumus
1989 1060 2145 1130 quasi

559 1142 771 1215 pupilli,
795 1160 897 1200 nec
919 1158 1184 1215 personas
1210 1144 1494 1211 habemus,
1508 1160 1630 1217 qua:
1649 1147 1807 1203 nobis
1835 1148 2145 1205 nutriminis

561 1231 753 1288 solatia
783 1231 1030 1289 solebant
1052 1230 1322 1300 conferre,
1347 1234 1442 1290 sed
1460 1235 1619 1306 quasi
1638 1235 1815 1291 viduae
1836 1235 1984 1291 omni
2014 1252 2142 1307 pro-

556 1322 765 1379 visione
789 1338 855 1379 ac
876 1322 1247 1379 consolatione
1267 1324 1466 1395 privati
1488 1339 1695 1381 sumus.

636 1430 657 1466 c
692 1414 907 1485 Aquam
950 1424 1193 1471 nostram
1229 1418 1458 1487 pecunia
1492 1417 1752 1484 bibimus,
1782 1418 1928 1491 ligna
1957 1427 2144 1475 nostra

563 1523 582 1556 ι
616 1505 793 1575 pretio
844 1508 1300 1578 comparavimus.
1329 1527 1349 1560 ι
1379 1509 1495 1563 Duo
1537 1507 1802 1564 elementa
1852 1510 1910 1564 in
1949 1510 2146 1580 quibus

557 1596 797 1651 maxime
825 1597 1065 1653 nutritur
1089 1598 1202 1653 vita
1243 1600 1497 1665 humana,
1527 1606 1583 1656 et
1608 1614 1837 1669 quorum
1866 1616 1998 1657 usus
2021 1615 2141 1656 om-

557 1686 716 1743 nibus
744 1689 1049 1745 communis
1094 1699 1207 1756 est,
1236 1690 1341 1745 sibi
1371 1690 1503 1746 dicit
1546 1700 1770 1761 propter
1810 1692 2144 1763 captivitatis

554 1777 841 1847 penuriam
870 1777 1140 1835 difﬁcilem
1165 1795 1288 1837 esse
1315 1780 1565 1851 adempta
1582 1821 1599 1848 ,
1631 1781 1707 1837 ita
1735 1792 1796 1837 ut
1819 1798 1922 1839 nec
1945 1799 2141 1854 aquam

2247 596 2505 653 Pharisaei
2540 611 2749 663 eorum,
2790 611 2890 668 per
2917 597 3096 652 varias
3122 603 3299 651 sectas
3321 604 3378 650 et
3399 594 3726 651 traditiones
3750 593 3827 648 in-

2247 689 2428 757 utiles,
2454 705 2552 746 ceu
2576 688 2878 746 cervicibus
2901 687 3097 745 vinctis
3119 688 3397 744 minabant
3415 728 3431 753 ,
3458 702 3563 743 nec
3588 685 3748 741 lassis
3772 685 3825 739 in

2246 795 2313 837 eo
2337 779 2502 835 ullam
2524 780 2728 836 dabant
2766 779 3027 850 requiem.
3060 778 3129 833 Et
3154 776 3409 850 quoniam
3452 776 3695 849 Egypto
3722 774 3826 845 spi-

2246 870 2392 926 ritali
2416 878 2471 927 et
2503 870 2743 943 Assyriis
2765 876 2983 941 propter
3010 867 3189 940 gulam
3232 867 3438 924 servire
3465 868 3643 937 magis
3664 880 3825 935 quam

2246 961 2358 1018 Deo
2381 962 2607 1033 eligunt,
2638 971 2841 1018 aeterna
2866 968 3103 1032 egestate
3128 961 3400 1030 peribunt.
3434 958 3529 1015 Sic
3554 958 3705 1013 enim
3732 972 3825 1026 pa-

2247 1063 2361 1111 tres
2379 1070 2566 1111 eorum
2591 1054 2821 1111 terrenis
2842 1053 3071 1125 negotiis
3090 1061 3254 1124 atque
3276 1051 3645 1124 voluptatibus
3664 1049 3825 1104 dediti

2245 1144 2508 1211 fecerunt,
2536 1153 2592 1201 et
2619 1145 2715 1201 lilii
2755 1159 2945 1201 eorum
2970 1143 3147 1199 adhuc
3179 1141 3357 1200 facere
3398 1158 3507 1198 non
3552 1140 3823 1196 desinunt.

2245 1236 2371 1294 ideo
2398 1237 2642 1307 sequitur
2677 1254 2692 1290 :

2320 1347 2341 1381 ι
2374 1328 2564 1385 Patres
2609 1328 2781 1383 nostri
2821 1334 3199 1397 peccaverunt,
3226 1333 3283 1381 et
3315 1340 3423 1381 non
3468 1331 3615 1385 sunt,
3645 1328 3700 1376 et
3733 1335 3827 1375 nos

2250 1438 2271 1472 ι
2306 1418 2619 1490 iniquitates
2670 1428 2859 1474 eorum
2897 1418 3250 1489 portavimus.
3283 1434 3303 1468 ι
3333 1415 3457 1471 Ideo
3509 1412 3824 1483 iniquitates

2244 1524 2433 1567 eorum
2452 1518 2823 1582 portaverant,
2839 1510 2964 1581 quia
2983 1510 3286 1566 imitatores
3303 1521 3493 1563 eorum
3515 1505 3569 1559 in
3588 1501 3826 1571 nequitia

2244 1604 2590 1670 exstiterunt,
2610 1602 2767 1673 juxta
2807 1602 2938 1658 illud
2966 1602 3109 1674 quod
3139 1601 3397 1671 scriptum
3437 1604 3522 1651 est
3547 1613 3561 1649 :
3592 1614 3611 1645 ι
3638 1594 3826 1647 Patres

2246 1696 2419 1751 nostri
2443 1696 2792 1751 comederunt
2810 1709 2970 1749 uvam
2994 1694 3267 1756 acerbam,
3295 1698 3351 1744 et
3376 1688 3567 1745 dentes
3597 1685 3823 1740 ﬁliorum

2246 1787 2639 1856 obstupuerunt
2663 1783 2797 1859 (lar.
2822 1784 2994 1857 xxxi).
3020 1806 3039 1837 ι
3071 1785 3138 1838 Ει
3155 1784 3209 1837 in
3234 1780 3419 1837 Exodo
3445 1797 3461 1834 :
3489 1797 3510 1830 ι
3541 1777 3657 1847 Ego
3683 1790 3821 1837 sum.

556 1869 626 1925 ad
650 1869 965 1938 bibendum,
994 1886 1097 1927 nec
1122 1870 1269 1944 ligna
1293 1873 1364 1929 ad
1391 1871 1574 1929 focum
1599 1873 1719 1929 sine
1745 1875 1907 1946 pretii
1932 1876 2143 1931 redem-
2169 1870 2220 1930 B
2248 1876 2347 1942 ait,
2377 1875 2635 1931 Dominus
2670 1876 2813 1931 Deus
2843 1882 2998 1940 tuus,
3028 1873 3172 1929 Dens
3206 1870 3509 1934 aemulator,
3537 1866 3633 1938 qui
3664 1865 3827 1920 reddo

552 1961 740 2031 ptione
760 1963 963 2018 habere
978 1973 1221 2033 possent.

630 2072 650 2105 ς
682 2050 997 2109 Cervicibus
1036 2052 1379 2111 minabamur
1397 2095 1411 2122 ,
1438 2054 1594 2112 lassis
1630 2071 1741 2113 non
1778 2058 2012 2114 dabatur
2050 2075 2142 2117 re-

550 2165 579 2213 ;
616 2144 789 2215 quies.
811 2163 831 2197 ι
860 2143 1009 2201 More
1030 2145 1403 2217 jumentorum
1428 2148 1731 2204 cervicibus
1749 2147 1930 2219 ligatis
1956 2164 2016 2205 se
2042 2151 2143 2205 mi-

554 2235 676 2289 nari
699 2235 860 2301 dicit,
892 2236 1018 2306 quia
1048 2236 1221 2292 hostis
1259 2252 1447 2293 eorum
1476 2238 1680 2299 nullam
1708 2239 1792 2295 sui
1816 2239 2141 2296 dominatio-

551 2340 678 2381 nem
731 2326 933 2381 habere
980 2326 1282 2397 permittit,
1335 2329 1431 2383 sed
1484 2330 1777 2384 trahuntur
1818 2344 2142 2400 quocunque

550 2414 786 2488 impetus
819 2417 1107 2489 dirigentis
1132 2416 1383 2484 voluerit,
1412 2433 1515 2474 nec
1538 2419 1699 2476 lassis
1725 2419 1794 2475 ad
1820 2419 2143 2491 refrigeren-

551 2508 684 2563 dum
709 2509 819 2565 ulla
849 2510 1010 2566 datur
1033 2511 1284 2578 facultas,
1311 2522 1367 2568 et
1391 2513 1534 2569 unde
1555 2513 1809 2570 solatium
1829 2513 2142 2585 quaesierint

552 2616 683 2656 mox
710 2601 967 2671 subdidit,
995 2603 1181 2660 dicens
1208 2621 1223 2659 :

687 2690 925 2765 Egypto
954 2693 1201 2750 dedimus
1230 2710 1448 2752 manum
1476 2706 1532 2753 et
1552 2698 1811 2770 Assyriis,
1838 2706 1898 2753 ut
1926 2706 2140 2755 satura-

554 2801 574 2834 ι
613 2796 796 2837 remur
839 2782 1089 2853 panibus.
1124 2803 1143 2836 ι
1192 2783 1418 2855 Semper
1469 2786 1617 2842 enim
1660 2786 1919 2843 Israelita:
1964 2788 2140 2843 aversi

549 2878 676 2927 sunt
715 2871 969 2927 cordibus
1012 2872 1066 2927 in
1103 2870 1424 2945 IEgyptum,
1451 2884 1506 2931 et
1553 2878 1619 2932 ab
1662 2876 1902 2948 Assyriis
1946 2878 2141 2947 saepius

550 2960 749 3019 auxilia
775 2964 1051 3033 petebant.
1100 2963 1249 3020 Unde
1292 2967 1485 3021 merito
1514 2967 1581 3021 ab
1609 2967 1842 3023 eissunt
1868 2966 2136 3037 ﬂagellati,

550 3055 747 3126 quibus
792 3054 1005 3110 deserto
1059 3054 1168 3110 Deo
1214 3065 1435 3127 propter
1477 3058 1823 3128 cupiditatem
1868 3065 2137 3112 terrenam

548 3145 828 3216 elegerunt
867 3162 989 3203 esse
1019 3146 1270 3215 subjecti.
1321 3146 1484 3202 Juxta
1523 3147 1837 3223 allegoriam
1863 3163 1994 3203 vero
2022 3149 2138 3204 haec

2245 1974 2470 2039 peccata
2491 1975 2704 2037 patrum
2728 1966 2782 2021 in
2803 1963 2942 2020 illios
2962 1978 3133 2034 usque
3158 1962 3225 2017 ad
3246 1960 3464 2017 tertiam
3492 1964 3548 2012 et
3575 1963 3823 2026 quartam

2246 2057 2673 2125 generationem,
2706 2055 2793 2111 his
2813 2054 2906 2125 qui
2939 2054 3173 2110 oderunt
3209 2066 3334 2107 me:
3358 2057 3414 2105 et
3438 2048 3584 2104 facio
3611 2045 3822 2101 miseri-

2245 2144 2486 2201 cordiam
2516 2144 2570 2198 in
2601 2143 2768 2198 millia
2796 2143 2880 2198 his
2909 2143 3000 2213 qui
3032 2142 3261 2213 diligunt
3301 2154 3406 2204 me,
3435 2146 3494 2194 et
3515 2135 3823 2191 custodiunt

2244 2242 2515 2305 praecepta
2544 2248 2663 2289 mea
2694 2231 2890 2305 (Exod.
2918 2231 3033 2305 xx).
3057 2251 3077 2285 ι
3108 2230 3220 2287 Nec
3258 2228 3572 2287 contrarius
3612 2234 3696 2282 est
3738 2225 3822 2280 hic

2244 2324 2397 2382 locus
2424 2325 2502 2380 illi
2527 2324 2840 2381 testimonio
2868 2323 3166 2379 Ezechielis
3205 2322 3298 2379 ubi
3327 2322 3527 2377 dicitur
3551 2338 3569 2375 :
3601 2336 3622 2371 ι
3657 2317 3821 2373 Filius

2244 2434 2354 2474 non
2395 2417 2633 2489 portabit
2660 2416 2994 2487 iniquitatem
3023 2414 3223 2487 patris,
3250 2428 3355 2471 nec
3379 2422 3539 2484 pater
3565 2409 3820 2482 iniquita-

2246 2519 2357 2565 tem
2386 2509 2505 2576 lilii,
2526 2531 2546 2563 ι
2579 2509 2706 2579 quia
2751 2522 2876 2564 mox
2900 2508 3181 2579 sequitur:
3212 2525 3232 2558 ι
3258 2504 3479 2562 Justitia
3501 2504 3638 2573 justi
3666 2518 3820 2575 super

2244 2615 2370 2659 eum
2394 2599 2517 2665 erit,
2535 2607 2589 2654 et
2601 2598 2849 2669 impietas
2869 2598 3021 2668 impii
3038 2612 3199 2667 super
3210 2596 3358 2652 illum
3375 2595 3597 2667 (Each.
3614 2594 3783 2663 πω).
3795 2613 3811 2644 ι

2246 2690 2418 2747 Solvit
2462 2705 2591 2763 ergo
2633 2690 2984 2760 quaestionem
3027 2704 3190 2759 quam
3235 2702 3267 2741 e
3290 2685 3571 2743 contrario
3619 2692 3816 2754 poterat

2245 2782 2459 2838 auditor
2498 2795 2789 2854 opponere.
2828 2780 3047 2847 Soletis,
3086 2780 3181 2844 ait,
3228 2779 3441 2844 dicere,
3476 2777 3657 2845 Quare
3685 2776 3816 2831 ﬁlius

2236 2874 2417 2944 justus
2446 2891 2552 2931 non
2597 2875 2832 2947 portabit
2876 2874 3214 2943 iniquitatem
3262 2871 3470 2942 patris?
3496 2871 3676 2940 Atque
3714 2870 3817 2939 ipse

2246 2968 2533 3038 respondet
2557 2982 2571 3020 :
2597 2967 2859 3023 Videlicet
2884 2966 3012 3036 quia
3040 2964 3183 3020 filius
3204 2963 3340 3019 bene
3363 2971 3625 3032 operatus
3648 2970 3748 3025 est,
3766 2971 3817 3013 et

2242 3060 2414 3131 patris
2438 3059 2632 3114 delicta
2668 3074 2778 3115 non
2820 3057 2969 3124 fecit,
2991 3055 3306 3127 justumque
3332 3063 3437 3121 est,
3468 3064 3531 3110 ut
3556 3054 3816 3125 quomodo

2242 3159 2497 3221 peccator
2536 3151 2591 3204 in
2638 3166 2733 3205 suo
2787 3149 2991 3205 scelere
3026 3148 3275 3213 moritur,
3312 3148 3393 3202 sic
3412 3147 3601 3216 justus
3630 3146 3685 3199 in
3713 3144 3815 3199 suis

549 3237 904 3307 quaerimonia
950 3238 1208 3293 convenit
1251 3238 1336 3293 his
1379 3239 1472 3308 qui
1514 3247 1736 3309 propter
1770 3248 1991 3311 peccata
2039 3256 2135 3295 sua
2164 3244 2209 3306 C
2240 3246 2387 3300 vivat
2412 3244 2718 3308 virtutibus,
2747 3250 2803 3299 et
2835 3243 3099 3298 moriatur
3137 3242 3315 3298 anima
3342 3254 3468 3309 qua:
3492 3237 3812 3309 peccaverit,

546 3332 836 3387 virtutibus
881 3332 1118 3402 spoliati,
1161 3332 1347 3386 traditi
1395 3340 1522 3387 sunt
1563 3334 1619 3388 in
1660 3349 1852 3389 manus
1897 3333 2132 3389 hostium

547 3422 893 3492 spiritalium,
922 3433 979 3479 et
1008 3423 1243 3478 maxime
1278 3422 1500 3489 Judxeis,
1528 3425 1621 3494 qui
1663 3433 1787 3495 post
1809 3424 2009 3481 Christi
2040 3425 2134 3480 ad-

544 3523 765 3569 ventum
818 3514 1114 3570 innitentes
1156 3515 1325 3570 veteri
1376 3515 1692 3582 traditioni,
1744 3516 1914 3587 ipsam
1957 3516 2133 3587 legem

544 3606 701 3672 Mosi,
729 3616 785 3662 et
811 3607 1242 3663 benedictionem
1272 3616 1573 3677 paternam,
1603 3622 1766 3676 quam
1791 3607 2133 3663 haereditario

541 3697 663 3765 jure
706 3697 1029 3752 videbantur
1076 3698 1369 3768 possidere,
1397 3696 1775 3769 perdiderunt,
1801 3706 1858 3753 et
1898 3698 2024 3752 data
2051 3705 2135 3754 est

547 3789 821 3858 gentibus,
847 3804 968 3858 quae
987 3789 1041 3842 in
1069 3786 1287 3844 Christo
1313 3788 1677 3854 crediderunt,
1704 3789 1831 3859 quia
1852 3788 1905 3843 in
1930 3792 2133 3845 semine

547 3879 778 3933 Abrahae
798 3878 1188 3935 benedicentur
1206 3894 1396 3935 omnes
1415 3881 1761 3951 cognationes
1778 3888 1955 3935 terra.
1984 3879 2134 3937 Unde

548 3980 603 4023 et
615 3968 1036 4040 repugnantibus
1049 3968 1174 4034 illis,
1185 3978 1241 4024 et
1250 3971 1746 4026 contradicentibus
1764 3972 1995 4041 praedica
2002 3971 2134 4025 tioni

550 4062 699 4117 Pauli
729 4071 785 4117 et
810 4061 1073 4117 Barnabaa
1105 4076 1421 4133 responsum
1460 4073 1543 4119 est
1568 4082 1581 4116 :
1605 4083 1623 4115 ‹
1657 4064 1822 4118 Vobis
1848 4064 2135 4132 Oportebat

550 4153 782 4223 primum
794 4154 1317 4225 praedicareverbum
1332 4154 1544 4219 Dei,sed
1557 4154 1683 4224 quia
1698 4153 1971 4225 repulistis
1983 4153 2130 4220 illud,

551 4254 606 4297 ct
634 4245 882 4315 indignos
909 4260 1004 4301 vos
1021 4244 1309 4314 judicastis
1342 4255 1556 4302 aeternae
1583 4247 1728 4312 vitae,
1759 4261 1886 4301 ecce
1908 4261 2134 4301 conver-

553 4336 719 4390 timur
747 4338 817 4390 ad
841 4345 1049 4407 gentes.
1085 4336 1177 4391 Sie
1210 4338 1352 4392 enim
1377 4339 1631 4410 praecepit
1657 4340 1812 4394 nobis
1838 4339 2128 4393 Dominus:

554 4425 717 4481 Posui
744 4436 797 4481 te
834 4426 889 4480 in
917 4426 1089 4481 lucem
1118 4428 1387 4497 gentium,
1415 4438 1475 4482 ut
1511 4429 1585 4483 sis
1613 4429 1671 4483 in
1706 4429 1934 4484 salutem
1962 4444 2134 4500 usque

551 4515 621 4569 ad
646 4525 949 4571 extremum
981 4524 1140 4573 terra:
1169 4518 1303 4589 (Act.
1337 4519 1477 4591 xui).
1505 4540 1523 4571 ι
1558 4519 1650 4576 isti
1693 4536 1821 4593 ergo
1846 4523 2001 4592 quasi
2030 4538 2131 4591 pu-

2241 3346 2297 3394 ct
2325 3337 2472 3392 vivat
2498 3352 2617 3407 quae
2640 3343 2909 3405 prmcepta
2937 3334 3031 3389 Dei
3062 3331 3401 3388 custodierit.

2317 3446 2336 3479 ι
2375 3426 2530 3483 Servi
2574 3426 2832 3482 dominati
2882 3436 3007 3482 sunt
3052 3424 3252 3489 nostri,
3287 3436 3394 3477 non
3422 3420 3529 3476 fuit
3554 3423 3649 3491 qui
3676 3410 3814 3476 redi.

2243 3538 2262 3573 ι
2297 3526 2468 3574 meret
2495 3518 2561 3574 de
2588 3533 2750 3572 manu
2791 3531 2998 3572 eorum.
3031 3534 3050 3568 ι
3080 3514 3277 3569 Servos
3307 3512 3547 3582 appellat
3572 3511 3815 3583 gentiles,

2236 3610 2329 3681 qui
2372 3608 2528 3664 idolis
2569 3608 2907 3671 serviebant,
2933 3613 2989 3661 et
3029 3604 3310 3661 daemoniis
3357 3602 3733 3665 immolabant,
3766 3603 3817 3655 in

2237 3717 2467 3772 quorum
2511 3699 2804 3755 dominium
2832 3706 3052 3769 pr0pter
3078 3704 3297 3766 peccata
3339 3709 3437 3750 sua
3484 3695 3672 3749 traditi
3698 3701 3821 3748 sunt

2236 3792 2511 3857 Israelitaz,
2546 3791 2637 3860 qui
2670 3789 2940 3859 quondam
2970 3788 3189 3843 fuerunt
3223 3785 3278 3840 in
3316 3784 3437 3839 loco
3462 3784 3699 3838 ﬁliorum
3726 3784 3818 3838 de-

2234 3884 2427 3954 putati.
2450 3882 2597 3938 Unde
2620 3882 2880 3951 scriptum
2899 3888 3013 3934 est:
3036 3898 3055 3931 ι
3080 3878 3160 3933 Ex
3180 3877 3415 3948 Egypto
3439 3877 3631 3931 vocavi
3653 3875 3819 3930 filium

2236 3989 2417 4029 meum
2457 3972 2874 4044 primogenitum
2912 3968 3080 4025 Israel
3109 3967 3243 4038 (ha.
3288 3968 3430 4035 x0,»
3471 3980 3576 4019 nec
3602 3964 3706 4018 fuit
3733 3963 3821 4033 qui

2236 4064 2526 4120 redimeret
2556 4063 2674 4118 illos
2703 4063 2768 4117 de
2813 4059 3061 4116 manibus
3095 4072 3304 4122 eorum,
3334 4057 3597 4125 quoniam
3641 4056 3819 4111 defen-

2235 4168 2415 4210 sorem
2460 4161 2517 4209 et
2574 4152 2918 4208 liberatorem
2974 4148 3144 4206 Deum
3200 4147 3405 4203 habere
3448 4162 3563 4203 non
3614 4161 3819 4203 merue-

2237 4254 2385 4302 runt.

2311 4353 2331 4387 ι
2367 4334 2427 4389 in
2452 4333 2736 4390 animabus
2777 4331 2977 4389 nostris
3015 4329 3371 4387 an'erebamus
3403 4345 3607 4402 panem
3643 4331 3812 4395 nobis.

2240 4446 2258 4478 ι
2293 4441 2324 4480 a
2351 4423 2487 4481 facie
2515 4425 2676 4497 gladii
2703 4425 2757 4478 in
2778 4423 3015 4479 deserto.
3046 4442 3067 4476 ι
3107 4420 3221 4477 Hoc
3245 4430 3328 4476 est
3347 4437 3476 4478 cum
3508 4423 3812 4477 animarum

2234 4525 2541 4573 nostrarum
2561 4517 2800 4587 periculo
2824 4516 3170 4585 quaesivimus
3192 4515 3347 4570 nobis
3374 4514 3609 4581 victum,
3641 4515 3699 4570 in
3724 4518 3812 4570 dc-

551 4606 662 4677 pilli
690 4605 818 4662 facti
849 4617 994 4673 sunt,
1024 4581 1227 4677 absque
1257 4581 1717 4681 patre,'quoniam
1746 4581 1913 4668 Dequ
1941 4581 2130 4670 verum
2156 4581 2210 4642 D
2236 4617 2382 4666 serto
2407 4581 2643 4679 gentium
2668 4581 2965 4664 constituti.
3004 4607 3193 4663 Merito
3232 4622 3361 4679 ergo
3389 4608 3572 4662 servis
3599 4609 3812 4679 subjici.

548 4704 757 4767 patrem
784 4698 984 4753 habere
1007 4709 1321 4765 renuerunt,
1338 4710 1394 4755 et
1411 4701 1575 4755 alium
1595 4712 1803 4771 patrem
1825 4704 2125 4776 clmerunt,

550 4788 616 4843 de
656 4804 763 4857 quo
806 4790 873 4843 ad
899 4788 1019 4857 illos
1045 4789 1247 4844 dictum
1287 4800 1410 4846 est:
1441 4812 1459 4843 ι
1494 4792 1601 4847 Vos
1639 4808 1704 4848 ex
1733 4802 1888 4863 patre
1916 4796 2128 4852 diabolo

545 4881 702 4947 estis,
730 4889 787 4935 et
812 4882 1079 4936 desideria
1128 4883 1294 4952 patris
1323 4883 1488 4937 vestri
1529 4884 1691 4940 vultis
1736 4884 1915 4941 facere
1942 4886 2123 4958 (Joan.

547 4970 691 5041 vni).
711 4990 729 5021 ι
759 4971 961 5027 Horum
992 4980 1194 5027 matres
1220 4973 1473 5028 nimirum
1495 4990 1781 5047 synagoga:
1803 4976 1958 5031 factae
2002 4986 2127 5032 sunt

548 5061 911 5133 quasividuaa,
938 5063 1065 5132 quia
1088 5065 1323 5134 priorem
1349 5067 1547 5131 virum,
1574 5067 1677 5121 hoc
1702 5076 1784 5121 est
1810 5068 1977 5122 Deum
2003 5084 2129 5138 pro-

548 5159 669 5223 pter
713 5150 1127 5208 fornicationem
1164 5154 1480 5210 idololatria:
1517 5156 1716 5210 habere
1759 5172 1867 5211 non
1911 5172 2129 5211 merue-

550 5251 698 5298 runt.
722 5242 789 5298 Hi
813 5259 1008 5313 aquam
1034 5245 1272 5302 scientiae
1296 5256 1421 5303 voto
1438 5248 1699 5313 discendi,
1727 5249 1879 5317 quasi
1902 5250 2129 5318 pecunia

550 5337 791 5392 adhibita
846 5338 1148 5404 redimunt,
1203 5339 1447 5409 sedquia
1496 5340 1767 5397 Christum
1810 5342 1866 5395 in
1911 5356 1972 5396 ea
2024 5358 2133 5396 non

551 5426 847 5491 inveniunt,
900 5436 1103 5483 aeterna
1147 5428 1235 5484 siti
1287 5430 1616 5500 depereunt,
1647 5447 1862 5502 semper
1914 5433 2128 5502 quidem

552 5516 823 5571 discentes
849 5525 904 5571 et
943 5532 1217 5587 nunquam
1259 5519 1325 5573 ad
1352 5519 1631 5575 scientiam
1670 5522 1917 5577 veritatis
1943 5536 2131 5591 perve-

554 5605 785 5661 nientes.
817 5606 1078 5661 Similiter
1102 5610 1265 5662 etiam
1291 5609 1429 5679 ligna
1454 5612 1627 5681 pretio
1646 5621 1982 5680 comparant,
2005 5628 2130 5668 cum

556 5695 869 5750 exercendis
912 5696 1202 5752 virtutibus
1245 5715 1463 5767 operam
1504 5701 1661 5766 dant;
1702 5701 1793 5755 sed
1823 5701 1947 5770 quia
1974 5704 2131 5757 ardo-

557 5801 670 5841 rcm
700 5792 976 5848 charilulis
1019 5794 1069 5848 in
1112 5809 1174 5847 e0
1222 5794 1415 5847 habere
1466 5790 1785 5858 «.lL-Spiciunt,
1821 5792 1871 5845 in
1904 5808 2129 5846 vacumn

2237 4710 2344 4767 tur,
2368 4699 2461 4770 qui
2505 4700 2810 4754 libertatem
2855 4706 3046 4769 sponte
3072 4697 3268 4767 perdit.
3301 4695 3357 4751 Si
3388 4696 3539 4752 enim
3581 4698 3638 4751 in
3663 4696 3811 4753 Ωιιτὶ-

2233 4803 2377 4848 stum
2422 4789 2588 4846 Judazi
2644 4790 2943 4852 crederent,
2972 4804 3097 4844 vere
3149 4787 3305 4843 liberi
3342 4796 3551 4851 essent,
3579 4798 3637 4843 et
3674 4803 3810 4859 pane

2232 4885 2355 4939 vitae
2399 4883 2537 4954 pasti
2579 4882 2877 4951 periculum
2918 4882 3220 4936 animarum
3268 4894 3493 4935 suarum
3545 4882 3809 4936 veraciter

2232 4975 2549 5030 devitarent.
2564 4972 2715 5029 Nunc
2736 4982 2915 5029 autem
2937 4973 3059 5043 quia
3082 4987 3268 5029 verum
3291 4971 3642 5028 liberatorem
3665 4988 3806 5043 spte-

2236 5073 2451 5129 verunt,
2496 5064 2606 5119 imo
2630 5064 3038 5129 crucifixerunt,
3067 5062 3131 5118 de
3172 5071 3314 5118 terra
3350 5077 3447 5116 sua
3480 5063 3662 5133 ejecti,
3693 5065 3805 5135 vagi

2236 5162 2292 5210 et
2318 5154 2526 5225 profugi
2552 5155 2605 5209 in
2638 5164 2748 5209 toto
2776 5164 3057 5209 versantur
3080 5155 3230 5219 orbe,
3258 5163 3316 5209 et
3342 5151 3563 5209 sedibus
3590 5155 3810 5209 incertis

2238 5246 2619 5311 discurrentes,
2646 5247 2847 5301 victum
2887 5260 3007 5299 cum
3046 5245 3288 5316 periculo
3333 5244 3455 5298 vita:
3498 5247 3804 5313 acquirunt.

2238 5336 2390 5403 Quod
2415 5335 2551 5391 bene
2571 5336 2704 5391 Cain
2727 5335 2991 5406 parricida
3013 5334 3408 5407 prreﬁgurabat,
3433 5342 3519 5389 cui
3544 5338 3807 5390 sententia

2238 5427 2363 5481 data
2393 5434 2477 5481 est
2509 5425 2660 5498 (Cen.
2702 5424 2799 5497 tv),
2829 5435 2891 5481 ut
2928 5442 3093 5496 vagus
3120 5435 3175 5480 et
3216 5424 3497 5495 profugus,
3525 5440 3732 5495 pavens
3757 5437 3804 5479 et

2237 5524 2471 5571 tremens
2498 5530 2594 5586 per
2623 5516 2741 5571 loca
2767 5516 2917 5570 varia
2945 5516 3302 5579 discurreret,
3332 5530 3433 5571 nec
3461 5530 3695 5585 usquam
3727 5532 3807 5571 tn-

2234 5614 2319 5662 tus
2342 5616 2399 5662 et
2426 5622 2647 5662 securus
2668 5616 2929 5661 maneret.

2310 5719 2326 5750 (
2365 5698 2524 5754 Pellis
2571 5710 2752 5753 nostra
2783 5700 2933 5768 quasi
2976 5698 3217 5753 clibanus
3260 5709 3451 5754 exusta
3477 5708 3581 5764 est,
3612 5715 3643 5754 a
3677 5699 3803 5753 facie

2242 5809 2259 5841 (
2300 5800 2671 5860 tenipcstatmn
2720 5792 2889 5845 fumis.
2927 5812 2941 5843 ›
2972 5791 3025 5844 in
3055 5790 3191 5860 pelle
3234 5801 3461 5856 exusta,
3498 5791 3805 5846 deformita-
