3960 6324
165 353 300 410 tam;

1043 351 1403 412 EXPOSITIO
1443 353 1665 411 SUPER
1705 354 2068 411 JEREMIAM.
2106 387 2176 398 —
2217 359 2343 414 LIB.
2391 360 2506 415 XX.

3272 371 3407 425 1268

161 475 271 519 tem
294 464 584 519 obscenam
613 463 867 525 ostendit,
893 479 1055 533 quam
1086 465 1248 529 fame,
1273 467 1363 520 siti
1393 475 1446 521 et
1481 468 1728 524 nuditate
1757 470 1808 530 Α
1835 482 2094 539 organum
2117 485 2293 524 meum
2320 472 2371 525 in
2399 490 2583 528 vocem
2614 477 2872 530 flentium.
2914 500 2930 528 ε
2965 477 3233 549 (ΙΙὶρνοη.)
3258 482 3409 548 Quod

162 555 306 610 inter
338 555 518 609 hostes
546 553 706 623 positi
724 553 868 622 passi
894 564 1036 608 sunt.
1061 554 1313 610 Clibanus
1340 565 1421 611 est
1441 560 1737 628 coquendis

158 645 410 715 panibus,
439 644 574 698 aenei
625 644 828 699 vasculi
873 644 1096 700 deducta
1143 646 1464 712 rotunditas,
1492 663 1610 718 qua:
1638 650 1733 705 sub

159 735 442 790 urentibus
489 733 720 790 ﬂammis
756 735 910 790 ardet
955 734 1294 792 intrinsecus.
1325 735 1384 792 In
1412 753 1516 807 qua
1550 740 1739 795 simili-

159 825 345 880 tudine
369 827 564 882 merito
587 835 895 897 peccatores
920 823 1093 882 Judaai
1133 836 1427 898 ponuntur,
1452 830 1542 898 qui
1572 832 1626 885 in
1655 831 1739 884 fu-

160 924 286 970 turo
307 917 531 985 judicio,
556 925 609 971 et
635 929 867 970 maerore
891 915 1077 980 animi,
1103 926 1158 971 et
1182 918 1383 988 poenali
1405 920 1736 976 cruciatione

157 1008 444 1076 torquendi
489 1013 634 1072 sunt,
663 1005 788 1076 quia
834 1015 1024 1062 contra
1070 1007 1282 1076 regulas
1309 1008 1520 1062 Domini
1561 1010 1736 1065 obsti-

155 1106 287 1150 nata
318 1103 497 1152 mente
523 1096 793 1153 vixerunt.
824 1093 978 1152 Unde
1003 1097 1057 1152 in
1082 1099 1306 1168 psalmis
1332 1099 1592 1168 scriptum
1620 1109 1733 1156 est:

161 1204 182 1239 ι
219 1187 395 1244 Pones
438 1202 533 1243 eos
574 1194 636 1242 ut
679 1188 949 1242 clibanum
996 1189 1153 1256 ignis,
1182 1189 1237 1243 in
1287 1197 1528 1260 tempore
1558 1192 1740 1248 vultus

155 1281 234 1334 tui
264 1276 436 1348 (Psal.
461 1275 574 1348 xx).
601 1297 620 1329 ι
658 1275 893 1346 Tempus
920 1292 1050 1332 vero
1074 1278 1254 1333 vultus
1280 1277 1492 1334 Domini
1521 1279 1634 1335 dies
1657 1288 1740 1336 est

149 1367 364 1438 iudicii,
392 1369 605 1438 quando
651 1367 792 1423 ﬁlius
832 1368 1065 1422 hominis
1113 1368 1383 1423 videbitur
1412 1371 1478 1425 ab
1506 1370 1738 1426 homini-

151 1463 280 1526 bus,
310 1459 404 1516 sed
430 1458 532 1516 soli
558 1473 681 1515 eum
698 1458 828 1527 justi
854 1459 1018 1514 etiam
1043 1459 1341 1515 divinitatis
1369 1476 1480 1516 suae
1499 1471 1738 1517 contem-

152 1553 392 1623 platione
427 1551 743 1621 respiciunt.
770 1550 1049 1605 Veraciter
1073 1552 1216 1606 enim
1247 1551 1390 1607 fame
1431 1553 1733 1621 conficitur,

153 1640 403 1714 quisquis
428 1641 636 1698 ctelesti
664 1655 802 1710 pane
827 1641 1013 1696 satiari
1043 1657 1148 1696 non
1175 1651 1433 1697 meretur.

231 1751 254 1788 ι
291 1733 542 1790 Mulieres
566 1735 619 1788 in
648 1733 778 1788 Sion
805 1733 1222 1788 humiliaverunt
1250 1735 1486 1805 virgines
1518 1736 1572 1791 in
1604 1738 1736 1793 civi-

1837 574 2096 629 organum
2128 575 2224 630 per
2245 561 2474 629 fistulas,
2507 575 2561 619 et
2603 567 2809 621 cithara
2839 583 2935 636 per
2965 570 3195 625 chordas
3230 583 3409 637 sonat,

1837 660 2016 722 potest
2042 668 2137 723 per
2178 654 2444 708 citharam
2493 666 2636 715 recta
2682 661 2949 730 operatio,
2997 678 3094 731 per
3147 678 3407 732 organum

1837 758 1966 798 vero
1996 752 2182 800 sancta
2206 746 2517 816 praedicatio
2536 750 2824 822 designari.
2854 753 2956 808 Per
2984 753 3190 809 fistulas
3211 757 3410 828 quippe

1838 837 2027 907 organi
2054 851 2148 890 ora
2177 833 2605 906 praedicandum,
2637 857 2733 909 per
2761 844 2990 899 chordas
3020 861 3148 900 vero
3187 847 3410 906 cithara:

1838 926 2189 982 intentionem
2246 938 2393 984 recte
2451 931 2745 986 vivuntium
2807 951 2915 990 non
2965 938 3410 995 inconvenienter

1839 1017 2132 1086 accipimus
2160 1031 2174 1070 :
2215 1033 2334 1088 qua:
2368 1019 2491 1073 dum
2540 1021 2604 1074 .td
2633 1021 2797 1077 vitam
2827 1025 2984 1080 aliam
3015 1043 3112 1096 per
3164 1026 3411 1084 afﬂictio-

1837 1120 1960 1160 nem
1988 1109 2169 1162 carnis
2201 1110 2455 1173 tenditur,
2491 1111 2644 1179 quasi
2688 1123 2975 1169 extenuata
3016 1118 3214 1172 chorda
3245 1120 3297 1172 in
3331 1121 3413 1173 ci-

1838 1196 1993 1251 thara
2035 1213 2133 1268 per
2170 1198 2494 1255 intuentium
2550 1204 2889 1260 mirationem
2931 1217 3108 1261 sonat.
3163 1208 3416 1264 Siccatur

1838 1287 2036 1341 etenim
2059 1288 2284 1353 chorda,
2310 1298 2367 1342 ut
2397 1306 2692 1361 congruum
2729 1294 2780 1347 in
2805 1296 3012 1350 cithara
3045 1305 3263 1351 cantum
3295 1299 3414 1352 red-

1839 1375 1958 1441 dat,
2001 1378 2126 1446 quia
2167 1387 2222 1432 et
2264 1381 2435 1434 sancti
2487 1382 2589 1434 viri
2629 1385 2955 1454 castigantes
2997 1403 3194 1457 corpus
3235 1404 3413 1454 suum,

1840 1469 2087 1523 servituti
2137 1470 2449 1540 subjiciunt,
2483 1481 2646 1541 atque
2685 1475 2750 1527 ab
2776 1475 2974 1531 infimis
3023 1478 3090 1531 ad
3134 1478 3412 1548 superiora

1840 1557 2148 1612 tenduntur.
2195 1557 2322 1615 Sive
2372 1569 2550 1617 autem
2588 1565 2761 1618 sancti
2809 1568 3189 1634 praedicatores
3239 1569 3292 1622 in
3322 1583 3414 1622 ec-

1839 1651 2022 1717 clesia,
2060 1667 2152 1708 seu
2189 1654 2414 1723 quilibet
2463 1657 2734 1726 simplices
2777 1667 2830 1714 et
2856 1659 3188 1718 abstinentes
3227 1678 3326 1733 pro
3358 1671 3417 1716 ut

1838 1740 1985 1796 vires
2018 1744 2293 1813 accipiunt
2324 1745 2380 1798 in
2410 1760 2473 1800 ea
2523 1748 2783 1816 proximis
2829 1751 2940 1804 suis
2982 1753 3252 1806 canticum
3281 1753 3418 1806 bene

159 1843 179 1877 ι
222 1824 429 1881 tatibus
450 1821 606 1888 Juda,
631 1823 906 1894 principes
933 1839 1095 1877 manu
1120 1825 1366 1893 suspensi
1398 1834 1542 1890 sunt,
1572 1824 1738 1882 facies
1766 1821 1813 1880 Β
1841 1832 2235 1888 exhortationis
2290 1835 2538 1891 reddunt.
2595 1836 2730 1891 Nam
2778 1847 2834 1894 et
2878 1841 3170 1910 prudentes
3221 1843 3417 1912 quique

159 1937 181 1969 ι
227 1934 416 1974 senum
461 1932 568 1972 non
615 1917 978 1978 erubuerunt,
1010 1916 1446 1972 adolescentibus
1474 1918 1744 1988 impudice

160 2030 179 2064 ε
231 2011 386 2064 abusi
414 2016 560 2073 sunt,
587 2016 642 2063 et
675 2008 825 2078 pueri
858 2008 911 2062 in
937 2008 1085 2079 ligno
1120 2018 1463 2064 corruerunt.
1502 2030 1520 2062 ι
1553 2011 1744 2065 Diver-

154 2115 249 2155 sas
275 2099 483 2169 species
513 2097 835 2153 calamitatis
860 2106 1163 2163 enumerat,
1185 2113 1319 2168 quas
1348 2115 1478 2169 gens
1509 2099 1742 2155 nefanda

152 2179 214 2246 in
245 2189 615 2245 devastatione
635 2186 1031 2253 Chaldaeorum,
1061 2188 1174 2244 sive
1186 2189 1553 2245 Romanorum
1572 2231 1587 2256 ,
1617 2205 1744 2259 per-

149 2296 314 2352 pessa
359 2287 472 2345 est,
517 2279 592 2335 ibi
631 2280 775 2334 enim
823 2280 1080 2335 mulieres
1133 2295 1319 2334 eorum
1386 2290 1746 2352 constupratae

153 2379 308 2436 sunt,
334 2371 570 2441 virgines
595 2370 648 2423 in
676 2371 984 2426 civitatibus
1012 2385 1302 2439 oppressa»,
1330 2373 1603 2443 principes
1630 2390 1748 2429 ma-

153 2460 319 2514 nibus
345 2458 531 2523 vincti,
558 2472 716 2535 senes
740 2459 855 2513 sine
878 2459 1103 2523 honore,
1124 2459 1494 2516 adolescentes
1516 2473 1571 2517 et
1592 2465 1745 2532 pueri

153 2551 212 2604 in
243 2549 417 2618 turpis
441 2546 598 2602 officii
625 2547 901 2603 abusione.
932 2548 1044 2604 Hoc
1074 2550 1216 2604 enim
1246 2549 1366 2605 ideo
1387 2551 1465 2607 eis
1494 2553 1742 2624 contigit,

154 2640 285 2710 quia
322 2646 622 2694 creatorem
654 2654 810 2694 suum
844 2639 1111 2696 honorare
1137 2641 1446 2708 noluerunt,
1477 2643 1570 2698 sed
1594 2642 1746 2700 falsis

155 2733 266 2788 diis
297 2740 461 2800 atque
486 2729 789 2785 simulacris
809 2730 1044 2784 humana
1072 2739 1188 2786 arte
1213 2731 1479 2798 confictis,
1508 2733 1746 2788 divinum

154 2823 421 2877 honorem
443 2820 838 2891 impertierunt,
857 2829 911 2874 et
929 2822 1020 2889 qui
1044 2830 1266 2890 propter
1293 2822 1567 2878 libidinem
1592 2840 1748 2879 suam

154 2917 214 2970 in
246 2913 457 2969 cultura
507 2911 764 2968 falsorum
794 2912 1019 2967 deorum
1051 2912 1320 2982 impudice
1348 2913 1617 2980 vixerunt,
1652 2915 1748 2968 ho-

155 3007 324 3061 stium
351 3005 600 3061 manibus
624 3004 830 3068 traditi,
848 3005 994 3058 omni
1016 3006 1332 3075 turpitudini
1359 3015 1412 3061 et
1433 3007 1749 3063 confusione

155 3099 524 3156 adicerentur.
572 3095 734 3151 Juxta
783 3096 1093 3167 allegoriam
1145 3111 1276 3151 vero
1307 3098 1550 3166 quisquis
1594 3098 1750 3152 saevi-

1845 1925 1913 1979 ad
1953 1927 2354 1994 pradicationis
2387 1926 2620 1984 fructum
2668 1931 2896 1986 solerter
2919 1934 3219 2004 invigilant,
3262 1945 3423 2005 atque

1845 2025 1903 2069 ut
1933 2015 2067 2071 alios
2091 2017 2156 2071 ad
2184 2019 2349 2072 vitam
2393 2021 2730 2090 pertrahant,
2771 2038 2902 2078 sono
2959 2040 3169 2096 magna:
3213 2036 3424 2096 pertur-

1843 2108 2082 2164 bationis
2130 2110 2433 2178 elaborant,
2485 2122 2540 2167 et
2567 2115 2659 2182 qui
2707 2115 2763 2169 in
2795 2132 2861 2171 ea
2911 2118 3166 2172 tardioris
3220 2120 3422 2191 ingenii

1845 2200 2115 2265 videntur,
2145 2217 2211 2256 ex
2239 2202 2355 2271 ipso
2390 2206 2513 2260 vita:
2556 2221 2667 2262 suze
2692 2210 2886 2264 merito
2936 2209 2989 2264 in
3014 2212 3333 2280 quantulum
3361 2228 3421 2269 se

1846 2306 2004 2361 posse
2036 2294 2389 2362 conspiciunt,
2413 2298 2806 2355 exhortationis
2833 2317 2958 2371 erga
3012 2304 3147 2358 alios
3184 2307 3424 2358 auctori-

1848 2390 2013 2436 tatem
2063 2392 2300 2447 sumunt,
2360 2396 2520 2455 atque
2570 2388 2636 2442 ad
2681 2389 2960 2445 caelestem
3013 2393 3246 2460 patriam
3279 2409 3415 2462 quos

1848 2470 2028 2526 valent
2061 2475 2277 2529 trahere
2327 2491 2431 2530 non
2480 2476 2760 2531 desistunt.
2814 2477 2922 2533 Sed
2951 2489 3141 2534 sancta
3183 2481 3424 2537 Ecclesia

1850 2565 2107 2621 extremis
2157 2570 2624 2636 persecutionibus
2671 2588 2878 2640 pressa,
2912 2588 3032 2627 cum
3073 2574 3234 2628 verba
3265 2591 3359 2628 sua
3393 2592 3424 2628 a

1851 2655 2097 2725 reprobis
2138 2659 2408 2712 contemni
2462 2661 2791 2725 considerat,
2843 2662 3046 2718 amoris
3081 2663 3162 2717 sui
3195 2665 3427 2732 gratiam

1852 2745 1918 2798 ad
1967 2745 2138 2802 solum
2174 2747 2468 2805 lamentum
2517 2751 2749 2816 format,
2798 2754 2924 2824 quia
2969 2754 3220 2808 nimirum
3259 2755 3420 2810 deﬂet

1851 2853 1986 2908 quos
2020 2841 2356 2896 exhortando
2411 2845 2628 2898 trahere
2687 2860 2795 2899 non
2849 2845 3013 2898 valet.
3049 2845 3206 2900 Dicat
3255 2861 3427 2917 ergo:

1858 2951 1876 2982 ‹
1910 2931 2080 2986 Versa
2127 2941 2210 2988 est
2264 2935 2317 2988 in
2372 2935 2572 2990 luctum
2615 2936 2820 2992 ci'thara
2871 2952 3014 3002 mea,
3061 2945 3116 2991 et
3163 2952 3425 3006 organum

1852 3038 2034 3078 meum
2074 3025 2129 3078 in
2175 3041 2362 3080 vocem
2396 3026 2658 3082 ﬂentium.
2699 3047 2716 3078 ι
2747 3029 2824 3082 Ac
2875 3029 2917 3083 si
2961 3036 3146 3099 aperte
3198 3027 3431 3083 fateatur

1855 3115 2040 3171 dicens
2070 3134 2082 3170 :
2115 3116 2274 3172 Pacis
2303 3119 2514 3187 quidem
2544 3134 2675 3174 mea:
2697 3127 2938 3189 tempore
2976 3135 3072 3189 per
3100 3119 3236 3174 alios
3259 3135 3426 3189 parva

155 3192 292 3246 “3m
321 3189 640 3259 spiritalium
687 3189 922 3247 δοδίῖυῐη
962 3188 1232 3278 ἰηιεηίεςξιν
1261 3189 1529 3278 “facile?
1557 3189 1747 3278 ἱηεεη-
1774 3181 1819 3244 C
1854 3220 2002 3260 more
2025 3207 2268 3270 citharae,
2300 3181 2399 3276 per
2431 3209 2566 3264 alios
2604 3224 2734 3263 vero
2780 3181 2929 3263 more
2971 3181 3199 3278 organi,
3237 3181 3430 3278 magna

158 3291 272 3338 tem
302 3277 672 3334 confusionem
707 3291 867 3347 quam
912 3277 962 3330 in
990 3275 1271 3330 animabus
1295 3291 1390 3330 sua
1419 3275 1608 3331 fraude
1656 3277 1748 3331 de-

153 3371 334 3442 ceptis
359 3375 552 3439 gerunt
581 3367 842 3438 agnoscit,
876 3367 967 3421 ubi
996 3366 1172 3420 omnis
1208 3365 1561 3437 impudicitia,
1585 3373 1748 3435 atque

156 3459 528 3524 immunditia,
559 3459 812 3514 violentia
841 3467 896 3512 et
942 3458 1255 3513 inhonestas
1306 3467 1515 3528 regnat,
1548 3459 1640 3513 ubi
1672 3466 1750 3514 tot

158 3557 428 3622 apparent
461 3547 804 3604 confusiones
831 3557 962 3616 quot
985 3557 1109 3602 sunt
1133 3548 1386 3602 vitiorum
1417 3549 1642 3617 Species.

238 3663 266 3705 t,
294 3641 463 3697 Senes
497 3640 562 3694 de
591 3641 759 3710 portis
810 3639 1140 3703 defecerunt,
1191 3637 1419 3706 juvenes
1471 3640 1538 3693 de
1579 3639 1748 3695 choro

167 3753 186 3786 ι
228 3732 592 3802 psallentium.
629 3750 648 3782 ι
675 3728 785 3785 Nec
819 3731 964 3785 enim
998 3731 1069 3784 ibi
1100 3738 1278 3800 potest
1310 3732 1597 3785 maturitas
1624 3746 1748 3786 esse

161 3822 399 3886 consilii,
433 3822 523 3876 ubi
549 3820 724 3875 nullus
747 3829 831 3876 est
862 3820 994 3875 ordo
1014 3818 1224 3888 judicii,
1277 3836 1375 3876 nec
1401 3821 1749 3890 psallentium

163 3902 460 3968 chorusibi
489 3912 788 3966 consistere
819 3911 920 3963 rite
935 3919 1130 3980 potest,
1159 3910 1250 3964 ubi
1267 3911 1419 3964 dolor
1449 3919 1502 3963 et
1521 3912 1751 3980 gemitus

162 4014 409 4071 pauens
428 4007 527 4053 est.
558 4015 578 4048 ι
613 3996 814 4052 Musica
837 3998 978 4051 enim
1003 3998 1056 4052 in
1082 3998 1250 4062 luctu,
1288 4017 1305 4048 ι
1336 4007 1393 4051 ut
1414 3999 1629 4067 quidam
1653 4001 1748 4065 ait,

173 4088 532 4158 «importuna
583 4096 668 4143 est
717 4087 957 4142 narratio
1002 4085 1191 4160 (Eccli.
1228 4087 1386 4156 xm).
1425 4107 1443 4140 ι
1497 4088 1650 4144 Unde
1695 4097 1751 4145 et

168 4180 421 4250 sequitur
454 4197 468 4234 :

249 4312 268 4344 ι
298 4289 506 4348 Defecit
539 4291 789 4361 gaudium
815 4290 994 4347 cordis
1018 4291 1212 4356 nostri,
1234 4306 1425 4347 versus
1454 4298 1536 4349 est
1575 4293 1629 4347 in
1667 4292 1753 4348 lu-

173 4403 196 4438 r
233 4392 384 4440 ctum
410 4383 611 4438 chorus
643 4389 843 4438 noster.
876 4381 1082 4437 Cecidit
1115 4397 1316 4437 corona
1338 4383 1530 4453 capitis
1561 4383 1752 4447 nostri,

174 4496 196 4530 ι
234 4492 317 4531 vae
368 4475 524 4532 nobis
572 4476 698 4545 quia
752 4474 1116 4546 peccavimus.
1180 4494 1198 4526 ι
1243 4475 1389 4530 Bene
1434 4475 1508 4530 ibi
1552 4476 1752 4531 dicitur

165 4570 397 4627 chorum
421 4567 475 4622 in
502 4566 706 4622 luctum
731 4581 1053 4621 conversum
1078 4581 1219 4632 esse,
1249 4567 1340 4620 ubi
1384 4575 1595 4621 constat
1619 4582 1750 4637 gau-

169 4659 322 4715 dium
346 4656 525 4713 cordis
553 4655 832 4721 defecisse,
883 4663 938 4710 et
965 4656 1226 4710 honorem
1278 4668 1422 4709 verae
1474 4655 1748 4725 religionis

168 4747 390 4818 penitus
414 4744 664 4816 periisse,
693 4745 819 4815 quia
871 4745 963 4800 ubi
1014 4760 1122 4800 non
1173 4753 1257 4801 est
1294 4745 1478 4800 laetitia
1530 4747 1746 4811 mentis,

169 4841 376 4895 frustra
401 4847 559 4894 sonat
601 4837 833 4892 melodia
860 4837 1138 4891 carminis.
1175 4835 1327 4891 Unde
1374 4836 1640 4906 Propheta
1683 4851 1750 4890 ex

171 4951 406 5009 persona
456 4934 796 5004 captivorum
832 4931 890 4987 in
921 4932 1150 4988 Psalmis
1176 4931 1251 4986 ait
1280 4929 1450 5004 (Psal.
1484 4929 1703 5002 cxxxvr)
1733 4944 1747 4984 :

180 5048 200 5081 ι
237 5025 410 5096 Super
440 5023 660 5079 flumina
687 5023 977 5095 Babylonis
1007 5023 1115 5077 illic
1141 5022 1378 5077 sedimus
1405 5031 1459 5076 et
1485 5021 1746 5086 flevimus,

174 5118 308 5173 dum
348 5115 759 5170 recordaremur
787 5114 889 5178 tui,
924 5111 1075 5168 Sion.
1103 5111 1160 5166 In
1209 5111 1465 5166 salicibus
1493 5112 1546 5164 in
1573 5109 1751 5164 medio

174 5205 298 5275 ejus
354 5204 730 5273 suspendimus
765 5218 968 5274 organa
1028 5209 1233 5256 nostra.
1274 5219 1292 5250 ›
1326 5199 1612 5271 (ϐαδεὶοά.)
1661 5199 1754 5252 His

173 5295 379 5351 doloris
407 5301 766 5366 exaggeratur
798 5294 1086 5359 acerbitas,
1105 5292 1319 5363 quando
1345 5290 1752 5345 delectationem

176 5401 356 5452 suam,
386 5401 490 5458 qua
519 5400 578 5442 se
623 5385 850 5458 populus
891 5394 1102 5455 poterat
1127 5383 1417 5447 consolari,
1463 5383 1611 5437 velut
1644 5397 1752 5436 non

175 5478 538 5534 necessariam
603 5476 960 5546 suspendebat
1020 5476 1320 5530 arboribus.
1397 5473 1532 5538 Quid
1609 5474 1752 5527 enim

177 5568 295 5624 illic
329 5576 552 5639 agerent
571 5582 772 5638 organa
808 5567 1003 5632 dulcia,
1033 5569 1123 5622 ubi
1171 5576 1410 5635 tempora
1443 5567 1566 5620 vitae
1598 5581 1751 5618 ama~

179 5657 260 5713 ris
305 5667 458 5713 erant
495 5658 971 5714 lamentationibus
1027 5657 1327 5728 occupata?
1357 5656 1494 5712 Hinc
1554 5657 1747 5711 beatus

181 5747 286 5804 Job
327 5751 405 5804 ait
436 5765 449 5803 :
480 5768 499 5800 ι
535 5751 706 5805 Versa
736 5759 818 5806 est
870 5750 924 5804 in
980 5749 1181 5803 luctum
1225 5748 1453 5819 cythara
1507 5761 1646 5811 mea,
1693 5754 1752 5802 et

1777 4522 1828 4581 D

1851 3306 1905 3352 et
1924 3313 2119 3353 sonora
2140 3301 2518 3368 prmdicabam.
2552 3299 2657 3354 Sed
2680 3317 2821 3355 nunc
2844 3302 2895 3355 in
2918 3301 3118 3356 luctum
3145 3303 3353 3356 cithara
3375 3311 3432 3357 et

1852 3402 2110 3458 organum
2138 3404 2352 3442 versum
2374 3397 2478 3454 est,
2509 3390 2634 3460 quia
2663 3391 2788 3444 dum
2811 3406 2896 3447 me
2923 3393 3190 3446 contemni
3219 3395 3432 3464 conspi-

1852 3476 1954 3540 cio,
1988 3491 2081 3530 eos
2105 3477 2623 3546 qui'przedicationis
2659 3489 2877 3533 cantum
2923 3495 3028 3534 non
3065 3481 3289 3535 audiunt
3333 3482 3426 3537 de-

1854 3567 2027 3637 ploro.
2061 3567 2353 3640 (MAURUS.)
2387 3570 2452 3623 Et
2504 3570 2627 3638 quia
2653 3571 2915 3641 propheta
2953 3571 3155 3626 luctum
3184 3555 3283 3627 sibi
3339 3573 3427 3627 in-

1855 3657 2048 3724 ditum,
2097 3667 2152 3713 et
2181 3658 2406 3729 gloriam
2461 3660 2757 3729 depositam
2795 3670 3119 3731 conquestus
3164 3669 3267 3727 est,
3301 3678 3432 3717 cau-

1853 3765 1969 3804 sam
2020 3750 2168 3804 addit
2193 3749 2497 3806 afllictionis
2540 3766 2649 3806 sua:
2697 3759 2750 3805 et
2795 3751 2994 3806 doloris
3026 3771 3038 3805 :
3074 3771 3093 3802 ‹
3126 3751 3218 3806 Vae
3249 3751 3425 3816 nobis,

1855 3840 2046 3909 inquit,
2076 3840 2200 3910 quia
2228 3843 2592 3910 peccavimus.
2635 3862 2652 3893 ι
2683 3842 2900 3896 Peccati
2938 3844 3082 3897 enim
3118 3843 3426 3903 commissi,

1855 3939 1908 3983 et
1937 3946 2046 3984 non
2073 3946 2168 4000 per
2189 3933 2509 4002 condignam
2537 3934 2909 4001 paenitentiam
2947 3942 3000 3988 et
3029 3933 3426 3987 correctionem

1855 4019 1979 4074 vitae
2003 4021 2295 4084 emendati,
2329 4023 2520 4075 merita
2547 4023 2782 4077 vindicta
2816 4023 3094 4086 successit,
3129 4023 3253 4092 quia
3287 4021 3430 4092 quod

1854 4111 2016 4166 homo
2030 4112 2342 4180 paenitendo
2369 4128 2472 4166 non
2496 4114 2736 4184 corrigit,
2763 4115 2954 4168 divina:
2976 4114 3193 4169 ultionis
3215 4123 3425 4169 senten-

1854 4201 1986 4257 tiam
2003 4203 2359 4272 exspectabit,
2384 4211 2677 4259 attestante
2706 4203 2872 4259 Paulo
2896 4207 2986 4274 qui
3008 4206 3083 4259 ait
3114 4224 3126 4258 :
3163 4224 3180 4256 ‹
3221 4206 3424 4262 Existi-

1856 4308 1972 4346 mas
1996 4295 2119 4358 hoc,
2159 4309 2192 4347 ο
2222 4291 2380 4346 homo
2429 4294 2517 4361 qui
2563 4293 2772 4361 judicas
2806 4308 2900 4348 eos
2939 4295 3031 4362 qui
3085 4296 3212 4348 talia
3239 4305 3428 4366 agunt,

1856 4392 1910 4440 et
1939 4381 2068 4439 facis
2089 4399 2175 4449 ea,
2198 4385 2321 4452 quia
2354 4394 2406 4439 tu
2435 4383 2656 4454 effugies
2675 4385 2934 4454 judicium
2952 4387 3083 4441 Dei?
3107 4385 3189 4440 An
3217 4387 3430 4442 divitias

1857 4474 2112 4530 bonitatis
2160 4475 2276 4543 ejus
2320 4484 2373 4528 et
2421 4475 2712 4545 patientiae,
2767 4484 2821 4530 et
2857 4475 3280 4546 longanimitatis
3305 4492 3432 4531 con-

1855 4566 2068 4630 temnis,
2107 4565 2358 4634 ignorans
2393 4565 2642 4633 quoniam
2675 4565 2974 4633 benignitas
3023 4565 3114 4618 Dei
3142 4565 3206 4618 ad
3251 4565 3428 4634 paeni-

1856 4657 2075 4712 tentiam
2105 4663 2156 4710 te
2197 4655 2446 4708 adducit?
2477 4653 2777 4708 Secundum
2800 4654 3050 4707 duritiam
3075 4662 3254 4707 autem
3281 4663 3428 4708 tuam

1852 4754 1908 4801 et
1936 4745 2277 4815 impcenitens
2307 4758 2401 4797 cor
2434 4743 2766 4797 tbesaurizas
2798 4743 2892 4798 tibi
2928 4744 3062 4797 iram
3097 4745 3150 4797 in
3199 4743 3287 4798 die
3335 4745 3427 4798 irae

1855 4843 1909 4889 et
1930 4833 2274 4888 revelationis
2293 4833 2480 4903 judicii
2504 4832 2634 4900 justi
2666 4834 2780 4895 Dei,
2813 4834 2904 4901 qui
2935 4834 3111 4887 reddit
3137 4836 3424 4904 unicuique

1855 4924 2148 4980 secundum
2178 4937 2339 4992 opera
2367 4923 2484 4993 ejus
2513 4922 2690 4991 (Rom.
2728 4922 2809 4992 ιι).
2843 4940 2861 4972 ι

1931 5034 1949 5066 ‹
1988 5014 2275 5084 Propterea
2325 5021 2576 5067 moestum
2625 5011 2824 5066 factum
2879 5023 2962 5068 est
3006 5013 3059 5066 in
3109 5013 3291 5068 dolore
3332 5029 3428 5069 cor

1859 5125 1878 5158 ‹
1921 5112 2183 5170 nostrum,
2223 5104 2341 5158 ideo
2395 5101 2761 5157 oontenebrati
2802 5109 2927 5156 sunt
2971 5101 3112 5156 oculi
3166 5103 3352 5156 nostri.
3399 5122 3416 5152 ι

1852 5197 2019 5253 Recte
2046 5213 2176 5266 ergo
2225 5204 2442 5266 propter
2486 5202 2761 5264 peccatum
2802 5203 3052 5249 moestum
3092 5209 3189 5248 cor
3218 5193 3420 5247 factum

1853 5307 1972 5348 esse
2015 5292 2227 5352 dicitur,
2281 5291 2406 5358 quia
2440 5290 2530 5344 ubi
2577 5290 2833 5357 iniquitas
2876 5287 3171 5356 premendo
3227 5287 3427 5342 insidet

1855 5382 2022 5447 cordi,
2057 5397 2160 5436 non
2188 5391 2271 5435 est
2295 5381 2365 5434 ibi
2410 5380 2669 5434 habitatio
2701 5379 2933 5448 Spiritus
2960 5380 3152 5442 sancti,
3187 5380 3281 5434 sed
3310 5380 3423 5433 ani-

1856 5490 1975 5529 mus
2018 5481 2162 5528 totus
2205 5471 2432 5540 caligine
2475 5471 2797 5524 obscuratur
2825 5469 3052 5538 peccati,
3101 5484 3223 5523 cum
3271 5469 3323 5522 in
3359 5482 3425 5521 eo

1854 5565 2168 5635 dedignatur
2193 5563 2528 5632 splendorem
2553 5575 2707 5614 suum
2732 5558 3011 5612 infundere
3034 5559 3203 5628 gratia
3226 5557 3423 5613 summi

1850 5655 2116 5725 paracliti.
2153 5672 2171 5704 ε
2204 5652 2437 5723 Spiritus
2473 5651 2614 5704 enim
2645 5657 2862 5703 sanctus
2887 5648 3182 5717 disciplinae
3205 5647 3423 5716 effugiet

1851 5747 2055 5812 fictum,
2086 5753 2143 5801 et
2179 5745 2232 5799 in
2271 5742 2584 5799 malevolam
2614 5741 2847 5796 animam
2887 5752 2993 5793 non
3048 5737 3288 5792 introibit
3332 5750 3392 5791 sa
