3960 6318
538 307 675 366 1267

1168 307 1229 362 Β.
1267 306 1519 362 RABANI
1558 307 1776 365 MAURI
1812 306 2130 363 ARCHIEP.
2170 305 2477 363 MOGUNT.
2517 305 2799 364 OPERUM
2834 307 3011 366 PARS
3048 309 3137 366 III.

3643 312 3769 367 litis

528 426 751 497 pientia.
785 443 804 476 ι
833 423 967 478 Nam
991 424 1153 478 aliam
1172 423 1347 478 adhuc
1372 421 1743 493 subiungendo
1760 424 1948 494 pandit
1969 438 2102 479 mee-
2129 426 2179 486 Α
2207 422 2375 477 Eliam
2433 426 2750 494 prophetam
2775 466 2790 491 ,
2838 433 3124 494 antequam
3170 427 3353 483 veniat
3393 428 3516 483 dies
3569 427 3769 485 Domini

536 516 676 570 roris
703 529 923 569 causam
949 530 962 567 :

608 627 625 658 ι
668 606 890 677 Propter
941 612 1176 659 montem
1230 602 1382 669 Sion,
1437 605 1563 674 quia
1591 605 1859 675 disperiit,
1917 604 2103 675 vulpes

537 714 556 747 ι
591 694 1000 748 ambulaverunt
1024 694 1077 747 in
1114 708 1200 747 eo.
1239 712 1258 743 ›
1288 691 1367 745 Ju.‘
1400 700 1449 747 ’a
1482 692 1764 748 historiam
1792 709 1920 765 ergo
1944 694 2103 764 digna

531 785 631 839 fuit
665 785 863 841 doloris
910 785 1185 849 mcestitia,
1218 784 1358 854 quod
1410 800 1439 837 n
1470 784 1587 840 loco
1618 785 1707 838 ubi
1739 786 2103 839 sanctuarium

528 877 880 933 constitutum
918 884 1053 937 erat,
1086 882 1140 929 et
1184 874 1361 929 cultur
1442 875 1537 931 Dei
1585 892 1612 931 c
1652 876 1961 941 leberrima,
2012 877 2105 931 be-

531 968 756 1022 stiarum
785 968 856 1020 ibi
909 966 1125 1020 fuerunt
1161 965 1376 1020 latibula
1453 966 1611 1021 Secui
1652 968 1758 1020 lum
1791 967 2103 1037 allegoriam

530 1068 707 1115 autem
752 1072 859 1111 non
904 1058 1100 1123 minus,
1140 1059 1248 1112 imo
1287 1074 1383 1112 ma
1415 1060 1459 1114 is
1502 1059 1602 1113 doli
1632 1061 1791 1114 ndum
1817 1070 1918 1127 est,
1961 1062 2103 1130 quod

531 1150 585 1203 in
623 1149 803 1203 anima
833 1148 1159 1213 Christiana,
1200 1149 1291 1203 ubi
1336 1165 1375 1205 ci
1424 1151 1716 1220 itemplatio
1757 1150 1859 1206 fuit
1905 1152 2102 1219 divina,

529 1242 731 1296 erroris
784 1249 971 1311 regnet
1014 1240 1339 1310 insipientia.
1403 1241 1581 1311 .'ulpes
1630 1243 1775 1298 enim
1818 1260 1923 1299 non
1972 1246 2106 1301 alios

531 1350 694 1405 quam
741 1334 1021 1388 hazreticos
1062 1342 1283 1404 propter
1330 1334 1509 1389 dolum
1548 1336 1603 1390 et
1632 1336 1980 1392 calliditatem
2024 1339 2105 1393 in-

530 1425 767 1499 telligere
796 1425 1071 1491 debemus,
1102 1425 1194 1506 qui
1221 1426 1528 1497 ubicunque
1576 1443 1699 1482 cum
1729 1428 1979 1499 dogmate
2008 1446 2104 1485 suo

531 1517 891 1583 intraverunt,
933 1526 1107 1572 totum
1129 1518 1365 1572 animum
1399 1519 1635 1584 turbant,
1673 1528 1727 1574 et
1754 1522 1991 1575 tenebris
2020 1537 2106 1576 er-

528 1607 669 1662 roris
696 1608 992 1663 obcaecant.

604 1717 621 1748 ‹
658 1698 734 1751 Tu
766 1708 966 1764 autem,
1001 1696 1249 1763 Domine,
1281 1698 1335 1751 in
1360 1706 1619 1753 aeternum
1644 1700 2003 1770 permanebis,
2052 1708 2107 1756 et

2203 528 2431 584 magnus
2469 523 2523 568 et
2560 514 2853 580 horribilis,
2902 524 2957 569 et
3003 524 3279 570 convertet
3331 534 3432 573 cor
3470 527 3687 589 patrum
3712 520 3773 574 ad

2204 607 2363 671 ﬁlios,
2425 615 2482 661 et
2526 622 2622 662 cor
2663 607 2895 663 ﬁliorum
2928 607 2995 661 ad
3024 616 3206 677 patres
3257 622 3469 676 eorum,
3523 626 3591 665 ne
3640 609 3775 665 forte

2204 700 2416 755 veniam
2445 705 2501 752 et
2549 699 2845 768 percutiam
2885 706 3085 754 terram
3130 699 3472 757 anathemate
3518 702 3771 775 (latuit.

2202 787 2299 855 tv).
2334 806 2351 837 ι
2384 786 2549 857 Igitur
2574 797 2859 857 antequam
2886 790 3067 843 veniat
3104 789 3218 845 dies
3263 790 3476 859 iudicii,
3516 806 3574 848 et
3596 810 3777 863 perca-

2202 878 2299 931 tiat
2324 887 2518 932 terram
2560 879 2919 944 anathemate,
2964 881 3076 933 sive
3102 882 3323 934 omnino
3363 880 3444 935 vel
3485 884 3690 944 subito,
3721 901 3777 938 ut

2204 965 2553 1037 Septuaginta
2579 966 2987 1031 transtulemnt,
3018 968 3119 1021 hoc
3141 969 3282 1022 enim
3307 969 3577 1039 signiﬁcat
3592 970 3773 1046 ἄρδην,

2204 1058 2378 1112 mittet
2432 1058 2689 1113 Dominus
2758 1058 2968 1125 Etiam,
3034 1059 3125 1128 qui
3188 1060 3576 1129 interpretatur
3636 1062 3780 1117 Deus

2204 1165 2374 1214 meus,
2400 1159 2455 1204 et
2474 1158 2557 1206 est
2586 1150 2651 1203 de
2681 1151 2874 1221 Oppido
2902 1150 3122 1215 Thesbi,
3174 1151 3317 1219 quod
3369 1155 3779 1207 conversionem

2202 1250 2259 1296 et
2284 1241 2653 1311 ptenitentiam
2679 1250 2853 1305 sonat,
2875 1256 3089 1295 omnem
3117 1243 3499 1313 prephetarum
3524 1242 3775 1305 chorum,

2204 1332 2297 1402 qui
2336 1340 2617 1387 convertat
2643 1348 2739 1388 cor
2763 1341 2973 1401 patrum
3000 1331 3064 1386 ad
3105 1332 3263 1398 ﬁlios,
3307 1330 3580 1387 Abraham
3630 1334 3780 1389 vide-

2203 1424 2350 1489 licet,
2373 1422 2546 1491 Isaac,
2591 1434 2647 1479 et
2686 1423 2854 1479 Jacob
2880 1433 2936 1480 et
2960 1425 3200 1480 omnium
3239 1425 3693 1495 patriarcharum,
3725 1432 3784 1479 ut

2204 1516 2425 1569 credant
2451 1516 2652 1585 posteri
2677 1531 2864 1571 eorum
2916 1516 2968 1570 in
2990 1516 3276 1570 Dominum
3324 1516 3672 1580 salvatorem,
3721 1518 3777 1571 in

2204 1620 2362 1673 quem
2389 1604 2541 1659 etilli
2572 1604 2935 1659 crediderunt.
2967 1605 3235 1659 Abraham
3270 1605 3415 1658 enim
3471 1604 3606 1658 vidit
3633 1604 3778 1658 diem

2205 1698 2415 1752 Domini
2443 1706 2497 1753 et
2526 1697 2736 1752 lzetatus
2768 1707 2851 1753 est
2880 1697 3095 1768 (Joann.
3128 1696 3267 1768 vin).
3302 1697 3430 1751 Sive
3480 1711 3577 1751 cor
3603 1695 3776 1766 patris

534 1806 551 1838 ι
588 1787 778 1841 solium
808 1796 956 1841 tuum
985 1789 1040 1842 in
1064 1789 1410 1858 generatione
1431 1796 1484 1844 et
1513 1793 1885 1860 generatione.
1917 1793 2097 1860 Quare
2131 1775 2173 1832 Β
2202 1787 2267 1841 ad
2281 1786 2446 1841 ﬁlium
2468 1829 2481 1853 ,
2512 1788 2563 1841 id
2592 1796 2705 1852 est,
2732 1803 2825 1842 cor
2854 1787 2949 1841 Dei
2964 1787 3028 1839 ad
3044 1801 3258 1840 omnem
3285 1786 3376 1856 qui
3406 1786 3658 1855 Spiritum
3686 1784 3778 1838 ad-

534 1897 554 1931 ‹
598 1894 727 1950 ergo
753 1879 807 1933 in
851 1888 1168 1949 perpetuum
1194 1879 1530 1935 Oblivisceris
1555 1882 1746 1947 nostri,
1792 1890 1846 1937 et
1867 1882 2103 1938 derelin-

536 1990 555 2023 ι
596 1988 729 2041 ques
778 1986 875 2026 nos
913 1972 968 2025 in
1027 1971 1358 2042 longitudine
1411 1972 1662 2026 dierum?
1699 1992 1717 2024 ι
1776 1974 2103 2028 Eunmerata

532 2062 873 2115 multitudine
918 2061 1322 2115 tribulationum
1345 2101 1359 2125 ,
1389 2077 1525 2131 quas
1570 2077 1729 2131 supra
1767 2065 1948 2117 retulit
1975 2081 2103 2135 pro-

529 2155 713 2223 pheta,
769 2162 1025 2206 aeternam
1074 2152 1290 2207 Domini
1330 2154 1627 2223 potentiam
1674 2165 1729 2210 et
1766 2158 2103 2227 maiestatem

531 2242 648 2297 solii
686 2241 803 2313 ejus
852 2243 1031 2297 verbis
1082 2243 1409 2313 supplicibus
1458 2248 1930 2303 commemorando
1967 2265 2105 2319 prae-

531 2334 692 2399 dicat,
734 2340 998 2402 quatenus
1039 2348 1161 2387 eum
1209 2335 1397 2389 humili
1445 2338 1703 2405 petitione
1747 2339 1813 2392 ad
1846 2340 2106 2394 miseran-

532 2426 656 2480 dum
684 2435 960 2496 provocet,
991 2434 1047 2479 et
1076 2427 1141 2478 ad
1168 2426 1545 2482 celerationcm
1583 2431 1867 2499 opportuni
1898 2432 2100 2496 auxilii,

529 2534 597 2570 ne
628 2516 716 2570 diu
754 2516 856 2571 sub
888 2515 1121 2569 hostium
1154 2516 1519 2572 dominatione
1558 2521 1855 2583 constituti,
1893 2522 2104 2589 penitus

528 2607 905 2676 desperatione
953 2604 1229 2659 deﬁciant.
1266 2604 1418 2672 Quod
1442 2614 1620 2662 autem
1662 2608 1791 2662 dicit
1822 2628 1834 2662 :
1875 2630 1892 2660 ι
1928 2610 2106 2675 Quare

533 2703 589 2755 in
644 2708 963 2769 perpetuum
1011 2698 1349 2751 Oblivisceris
1395 2701 1587 2763 nostri,
1630 2721 1649 2752 ›
1680 2716 1828 2755 more
1869 2702 2105 2755 humano

532 2795 794 2863 loquitur,
821 2788 964 2859 quod
992 2789 1145 2856 quasi
1174 2787 1371 2843 oblitos
1401 2794 1621 2848 omnino
1653 2806 1908 2861 spernere
1930 2792 2105 2845 Videa-

533 2896 638 2953 tnr,
677 2890 767 2958 qui
797 2891 876 2945 eis
911 2891 1018 2946 cito
1050 2906 1154 2944 non
1202 2890 1570 2952 auxiliabitnr,
1623 2900 1745 2939 cum
1790 2884 1917 2938 alibi
1946 2882 2011 2937 de
2040 2898 2105 2937 eo

531 2980 791 3049 scriptum
826 2992 913 3036 est
945 2999 957 3034 :
998 3004 1015 3033 c
1050 2979 1167 3034 Non
1195 2982 1248 3034 in
1280 2981 1443 3034 ﬁnem
1493 2979 1778 3040 irascetur,
1821 2989 1996 3043 neque
2049 2975 2104 3027 in

528 3081 791 3129 aeternum
819 3072 1239 3127 comminabitur
1268 3068 1441 3142 (Psal.
1464 3068 1580 3139 cn).
1614 3088 1631 3118 ι
1661 3068 1870 3121 Etitem
1898 3083 1910 3118 :
1942 3084 1959 3115 ι
1989 3063 2104 3117 Non

529 3165 753 3235 repellet
806 3164 1067 3219 Dominus
1127 3132 1337 3231 plebem
1397 3132 1572 3223 suam,
1623 3165 1678 3211 et
1733 3154 2101 3211 haereditatcm
2131 3132 2175 3195 ϐ

528 3245 821 3312 δίιειωποη
850 3254 1187 3323 derelinquet
1212 3250 1383 3324 (Psal.
1410 3249 1575 3314 χειν).
1614 3269 1633 3300 ι
1660 3248 1777 3303 Νοη
1826 3248 1967 3300 enim
2013 3245 2104 3299 Ju-

537 3344 745 3398 daicam
793 3342 1005 3414 plebem
1036 3342 1292 3395 Dominus
1347 3340 1423 3393 ita
1484 3337 1697 3407 repulit,
1742 3336 1961 3389 ntnltra
1985 3333 2106 3403 eius

535 3432 784 3487 misereri
832 3430 1023 3497 nollet,
1068 3430 1162 3485 sed
1199 3447 1217 3480 ι
1258 3429 1474 3485 caecitas
1511 3442 1579 3481 ex
1608 3433 1763 3496 parte
1797 3424 2021 3494 contigit
2049 3426 2104 3479 in

530 3522 699 3577 Israel
717 3521 888 3575 donec
906 3517 1179 3589 plenitudo
1202 3518 1439 3590 gentium
1464 3516 1812 3579 subintraret,
1829 3523 1884 3569 et
1899 3514 1977 3568 sic
1995 3528 2107 3570 0m-

534 3612 621 3666 nis
645 3610 808 3665 Israel
832 3610 1008 3665 salvus
1031 3609 1203 3663 ﬁeret.
1238 3628 1256 3660 ›
1276 3607 1429 3663 Nunc
1462 3621 1673 3676 quoque
1699 3605 1937 3675 quotidie
1969 3604 2107 3659 sicut

533 3702 736 3757 dudum
772 3700 997 3767 fec'n'at,
1045 3699 1256 3769 aliquos
1298 3699 1364 3753 ad
1411 3698 1570 3752 ﬁdem
1607 3696 1809 3751 Christi
1850 3704 1903 3749 et
1930 3693 2105 3748 eccle-

534 3794 803 3859 siasticam
842 3793 1101 3847 unitatem
1143 3790 1433 3854 convertit,
1476 3796 1536 3842 ut
1561 3788 1755 3842 electio
1801 3785 1946 3841 salva
1991 3784 2103 3838 ﬁat.

535 3886 669 3940 Nam
695 3901 761 3941 ex
787 3887 901 3957 ipsa
932 3886 1083 3957 plebe
1132 3901 1292 3955 quam
1330 3884 1431 3940 sibi
1474 3884 1732 3939 Dominus
1761 3884 1814 3937 in
1864 3880 2107 3952 patribus

520 3977 882 4049 cognoscitur
936 3976 1203 4047 elegisse,
1244 3975 1567 4030 exstiterunt
1617 3974 1892 4045 propheta:
1921 4014 1935 4037 ,
1984 3972 2107 4027 inde

538 4078 663 4123 sunt
685 4080 740 4123 et
774 4068 1000 4139 apostoli
1025 4076 1081 4123 et
1105 4063 1257 4121 multi
1286 4066 1490 4131 fideles,
1517 4066 1607 4136 qui
1646 4066 1873 4119 Domino
1898 4064 2105 4118 sincera

538 4168 717 4215 mente
751 4158 1116 4223 crediderunt,
1167 4157 1306 4211 sicut
1336 4157 1524 4211 doctor
1568 4155 1805 4225 gentium
1854 4160 2105 4215 testatur,

538 4236 771 4318 dicens:
808 4270 827 4302 ι
862 4250 1002 4316 Quid
1042 4250 1289 4313 dicimus,
1331 4246 1560 4302 fratres?
1614 4245 1864 4315 Nunquid
1914 4243 2108 4313 repulit

538 4344 801 4411 Dominus
842 4343 1049 4412 plebem
1101 4358 1252 4397 suam
1283 4382 1298 4407 ,
1344 4356 1504 4410 quam
1552 4339 1856 4411 praescivit?
1906 4336 2102 4391 Absit:

539 4450 667 4490 nam
716 4442 769 4487 et
817 4448 915 4503 ego
968 4431 1208 4487 israelita
1254 4447 1371 4486 sum
1428 4446 1494 4485 ex
1544 4432 1745 4484 semine
1798 4428 2102 4491 Abraham,

542 4526 609 4580 de
648 4526 789 4579 tribu
822 4520 1121 4591 Beniamin,
1157 4528 1259 4576 etc.
1300 4541 1318 4571 ι
1356 4518 1529 4591 (Rom.
1560 4517 1659 4590 xi.)
1697 4517 1804 4571 Sed
1832 4518 1972 4571 unde
1994 4517 2109 4586 eius

542 4630 671 4671 vera
700 4614 846 4668 salus
870 4612 1153 4683 provenire
1177 4610 1364 4681 possit,
1392 4608 1759 4679 subiungendo
1778 4604 2104 4660 manifestat.

620 4746 638 4779 ι
681 4725 946 4781 Converte
971 4737 1089 4786 nos,
1120 4721 1364 4784 Domine,
1407 4720 1475 4773 ad
1516 4728 1587 4783 te,
1627 4725 1681 4772 et
1710 4725 2106 4780 convertamur,

550 4834 567 4866 ι
608 4816 798 4869 innova
853 4813 965 4867 dies
1015 4821 1228 4865 nostros
1276 4809 1415 4863 sicut
1459 4823 1491 4861 a
1530 4807 1815 4876 principio.
1869 4823 1887 4856 ι
1938 4804 2108 4871 Quem

544 4904 689 4959 enim
717 4902 974 4957 Dominus
1000 4898 1342 4964 converterit,
1364 4897 1454 4952 ille
1482 4896 1748 4951 veraciter
1773 4894 1950 4950 salvus
1981 4893 2105 4956 erit,

549 5008 709 5062 quem
736 4999 913 5045 autem
938 4990 1027 5043 ille
1061 4988 1385 5057 despexerit,
1412 5001 1571 5041 nemo
1593 4986 1862 5055 corrigere
1889 4982 2106 5052 poterit.

552 5079 705 5150 Quod
729 5094 906 5137 autem
936 5083 1102 5136 dicit:
1135 5082 1327 5135 iunova
1372 5080 1487 5134 dies
1516 5087 1729 5134 nostros
1750 5079 1889 5131 sicut
1910 5092 1938 5129 a
1960 5076 2109 5145 priu-

552 5173 713 5241 cipio,
752 5173 854 5227 hoc
889 5171 1160 5241 postulare
1212 5170 1425 5223 videtur
1455 5209 1469 5232 ,
1507 5177 1564 5221 ut
1621 5168 1756 5221 sicut
1785 5182 1813 5219 a
1848 5166 2112 5235 principio

554 5262 759 5330 primos
785 5261 1121 5330 patriarchas
1142 5273 1350 5321 eorum,
1366 5258 1639 5311 Abraham
1655 5257 1918 5319 videlicet,
1944 5256 2110 5317 Isaac,

556 5362 612 5406 et
639 5348 825 5414 Jacob,
855 5352 1012 5419 plena
1047 5350 1151 5405 ﬁde
1189 5362 1243 5405 et
1264 5352 1549 5406 dilectione
1575 5351 1675 5405 sibi
1732 5351 1859 5404 fecit
1881 5363 1999 5403 esse
2020 5347 2112 5400 de-

554 5449 730 5506 votos,
783 5441 855 5493 ita
896 5447 950 5493 et
993 5442 1135 5510 ipsos
1167 5442 1355 5495 eodem
1403 5454 1625 5495 munere
1681 5440 1780 5494 sibi
1820 5437 2005 5493 ﬁdeles
2050 5452 2113 5491 ac

555 5532 777 5586 devotos
804 5529 983 5585 facere
1008 5531 1269 5599 dignetur.
1302 5530 1453 5597 Quod
1494 5530 1547 5583 in
1591 5530 1819 5583 adventu
1852 5528 1979 5582 Elia:
2019 5542 2116 5597 per

561 5619 878 5678 Malachiam
930 5622 1243 5690 prophetam
1266 5621 1369 5675 illis
1390 5621 1711 5690 promissum
1732 5632 1853 5675 esse
1877 5618 2118 5687 plerique

2201 1878 2435 1946 optionis
2460 1879 2748 1948 acceperit,
2770 1887 2823 1932 et
2846 1893 2941 1932 cor
2961 1877 3189 1931 ﬁliorum
3204 1876 3269 1930 ad
3287 1886 3473 1946 patres
3493 1892 3704 1941 eorum,
3721 1884 3781 1929 ut

2203 1970 2437 2027 etJuda-i
2468 1980 2523 2026 et
2544 1971 2858 2035 Christiani,
2883 1971 2973 2040 qui
3007 1985 3149 2023 nunc
3175 1970 3315 2023 inter
3350 1985 3407 2023 se
3432 1970 3763 2037 discrepant,

2200 2063 2318 2132 pari
2344 2063 2396 2115 in
2417 2062 2691 2116 Christum
2722 2063 2978 2132 religione
3000 2060 3363 2117 consentiant.
3399 2060 3551 2115 Unde
3573 2060 3771 2114 dicitur

2203 2157 2269 2211 ad
2315 2156 2605 2225 apostolos,
2636 2156 2730 2224 qui
2779 2156 3123 2210 seminarium
3157 2155 3210 2207 in
3268 2161 3382 2206 toto
3431 2152 3565 2205 orbe
3605 2152 3777 2205 Evan-

2201 2246 2323 2317 gelii
2350 2244 2705 2314 prodiderunt
2732 2262 2791 2299 :1
2830 2244 2932 2297 Pro
2970 2242 3214 2313 patribus
3251 2242 3358 2294 tuis
3389 2242 3503 2295 nati
3533 2251 3657 2295 sunt
3678 2241 3773 2297 tibi

2203 2337 2297 2391 ﬁlii
2328 2336 2499 2407 (Paal.
2528 2337 2693 2405 κων).
2730 2356 2748 2386 ι
2784 2335 2838 2390 Si
2876 2336 3017 2389 enim
3046 2333 3190 2387 Elias
3213 2348 3317 2386 non
3352 2348 3447 2387 cor
3472 2345 3682 2402 patrum
3710 2333 3777 2387 ad

2202 2428 2340 2482 ﬁlios
2364 2439 2487 2485 ante
2500 2427 2823 2482 conVerterit
2837 2437 2891 2480 et
2916 2442 3011 2481 cor
3028 2425 3255 2479 ﬁliorum
3271 2420 3337 2479 ad
3360 2432 3545 2495 patres
3569 2441 3771 2491 eorum,

2204 2535 2322 2573 cum
2363 2519 2569 2573 venerit
2599 2519 2714 2573 dies
2746 2518 2954 2571 Domini
2987 2531 3209 2585 magnus
3232 2524 3288 2569 et
3336 2516 3637 2579 horribilis,
3663 2531 3771 2569 ma-

2206 2628 2344 2683 gnus
2373 2613 2595 2674 sanctis,
2620 2611 2868 2666 horibilis
2894 2608 3285 2678 peccatoribus,
3324 2607 3595 2675 percutiet
3622 2622 3774 2661 verus

2205 2705 2451 2773 etjustus
2473 2702 2659 2772 index,
2703 2719 2810 2757 non
2839 2702 3057 2765 etelum,
3089 2716 3193 2755 non
3221 2715 3333 2763 eos,
3377 2700 3471 2768 qui
3499 2708 3773 2755 versantur

2207 2796 2261 2850 in
2288 2797 2445 2859 caelo.
2483 2797 2573 2851 sed
2608 2806 2811 2849 terram
2860 2796 3223 2857 anathemate,
3250 2793 3341 2860 qui
3376 2792 3588 2846 faciunt
3614 2808 3769 2862 opera

2206 2898 2439 2941 terrena.
2457 2885 2627 2941 Σικιευὶ
2643 2892 2696 2941 et
2714 2886 3055 2957 iudaizantes
3079 2885 3316 2939 hzeretici
3339 2893 3467 2939 ante
3488 2886 3771 2955 ἠλιῳμὲνον

2208 2994 2369 3033 suum
2404 2979 2573 3033 Ellam
2607 2987 2799 3048 putant
2827 2994 2947 3033 esse
2979 2984 3285 3040 venturum,
3312 2985 3369 3029 et
3399 2977 3771 3031 restituturum

2207 3071 2407 3125 omnia.
2454 3068 2606 3124 Unde
2659 3077 2711 3123 et
2765 3067 2980 3123 Christo
3018 3068 3071 3122 in
3120 3066 3410 3137 Evangelio
3464 3069 3774 3137 proponitur

2207 3162 2432 3233 quzestio
2464 3180 2476 3215 :
2516 3181 2533 3213 ι
2585 3161 2722 3228 Quid
2755 3168 2858 3225 est,
2902 3159 3168 3229 inquiunt,
3207 3158 3350 3227 quod
3401 3154 3663 3212 Pharisaei
3701 3158 3772 3212 di-

2208 3265 2334 3311 cunt
2360 3254 2499 3325 quod
2528 3253 2672 3307 Elias
2697 3261 2951 3306 venturus
2992 3251 3112 3307 est?
3147 3270 3165 3302 ι
3201 3250 3406 3316 Quibus
3435 3250 3528 3305 illc
3555 3265 3771 3321 respono

2208 3348 2323 3402 dit:
2357 3364 2375 3396 ‹
2413 3345 2555 3399 Elias
2592 3344 2808 3414 quidem
2860 3358 3019 3412 quem
3060 3350 3347 3396 venturum
3397 3343 3639 3407 creditis,
3667 3345 3773 3414 iam

2207 3436 2373 3498 venit,
2414 3454 2431 3487 ι
2462 3436 2513 3488 in
2543 3434 2654 3487 Elia
2684 3433 2942 3488 Joannem
2968 3432 3289 3503 intelligens.

2283 3547 2299 3576 ι
2332 3524 2436 3579 Sed
2484 3524 2770 3594 proiiciens
2823 3524 3066 3594 repulisti
3118 3539 3235 3589 nos,
3266 3524 3439 3579 iratus
3488 3541 3550 3580 es
3589 3536 3775 3581 contra

2214 3637 2231 3670 ι
2261 3634 2359 3673 nos
2387 3618 2753 3673 vehementer.
2786 3636 2803 3666 ι
2836 3616 2950 3671 Non
2970 3617 3111 3671 enim
3140 3617 3253 3670 haec
3266 3617 3423 3685 quasi
3446 3616 3776 3687 desperando
3872 3662 3875 3665 .

2208 3710 2273 3764 de
2317 3708 2486 3761 salute
2533 3707 2712 3777 populi
2767 3706 2850 3760 sui
2900 3706 3106 3759 locutus
3146 3714 3227 3760 est
3289 3703 3380 3759 sed
3431 3714 3490 3759 ut
3541 3706 3775 3760 dolorem

2208 3817 2363 3855 snnm
2400 3800 2624 3854 nimium
2669 3799 2734 3854 de
2784 3798 3106 3853 contritione
3132 3806 3186 3851 et
3226 3797 3529 3866 abiectione
3572 3797 3776 3851 diutina

2208 3894 2384 3964 gentis
2437 3907 2548 3947 sum
2612 3888 3003 3944 manifestaret.
3062 3887 3206 3943 Vidit
3263 3889 3408 3944 enim
3464 3890 3778 3959 prophetico

2207 3985 2421 4052 spiritu,
2449 3982 2591 4052 quod
2618 3982 2719 4053 ipsi
2747 3980 2917 4053 Judaei
2960 3981 3012 4034 in
3042 3979 3271 4034 adventu
3312 3980 3515 4036 Christi
3548 3995 3654 4035 non
3688 3996 3779 4034 es-

2208 4078 2325 4131 Sent
2351 4077 2624 4137 credituri,
2661 4075 2752 4129 sed
2802 4073 3088 4143 Evangelia
3132 4072 3247 4141 eius
3275 4074 3683 4137 contradicturi,
3722 4085 3779 4128 et

2209 4168 2381 4237 ipsum
2423 4164 2689 4220 hmredem
2728 4164 2886 4218 morti
2923 4148 3191 4244 tradituri,
3237 4162 3375 4216 sicut
3411 4163 3464 4217 in
3502 4163 3775 4232 plerisque

2207 4260 2338 4314 locis
2378 4259 2535 4313 Istius
2570 4256 2694 4312 libri
2738 4266 2859 4310 ante
2899 4251 3210 4310 declaravit.
3240 4253 3508 4309 Caeterum
3557 4256 3620 4309 de
3651 4269 3779 4308 cono

2208 4349 2452 4404 versione
2492 4348 2607 4418 eius
2631 4346 2814 4401 ultima
2850 4345 2995 4399 nullo
3026 4346 3184 4399 modo
3214 4343 3496 4407 dubitavit,
3531 4348 3623 4401 sed
3658 4347 3776 4416 ple-

2212 4440 2433 4495 nissime
2464 4437 2709 4503 credidit,
2758 4436 2899 4506 quod
2949 4437 3002 4490 in
3034 4436 3238 4491 semine
3279 4433 3515 4491 Abrahae
3561 4436 3779 4491 benedi-

2213 4538 2464 4585 cerentnr
2507 4542 2694 4582 omnes
2741 4526 3086 4595 cognationes
3113 4534 3291 4589 terrm,
3325 4526 3379 4579 in
3426 4536 3534 4594 qua
3564 4526 3777 4579 univer-

2213 4622 2371 4677 sitate
2397 4619 2649 4674 nimirum
2678 4626 2735 4671 et
2772 4615 3061 4686 ipsijudaei
3088 4616 3633 4685 comprehendunt'nr.
3670 4614 3776 4669 Sed

2212 4711 2463 4783 quoniam
2489 4708 2612 4763 ﬁnis
2645 4707 2766 4762 libri
2796 4707 2913 4777 eius
2933 4707 2986 4761 in
3011 4705 3511 4763 Lamentationibus
3543 4705 3775 4773 prophe-

2213 4803 2333 4857 ticis
2381 4806 2814 4862 consummatur,
2867 4797 3036 4851 nostri
3094 4806 3307 4865 quoque
3358 4793 3603 4862 ‘opusculi
3650 4792 3779 4846 libet

2213 4894 2371 4948 ﬁnem
2394 4888 2742 4960 querimoniis
2770 4896 2822 4941 et
2874 4885 3086 4941 ﬂetibus
3121 4883 3436 4947 terminare,
3465 4895 3624 4952 quem
3653 4896 3779 4951 pro-

2210 4981 2329 5052 pria
2368 4979 2625 5042 miseria,
2680 4985 2735 5032 et
2785 4976 2890 5031 mei
2944 4974 3193 5029 similium
3247 4980 3455 5027 terrent
3498 4971 3777 5034 facinora,

2215 5075 2513 5141 futuraeque
2558 5084 2734 5141 paena:
2800 5070 3079 5122 horrorem
3158 5064 3428 5118 incutiunt
3482 5061 3775 5132 supplicia,

2215 5164 2301 5218 cui
2353 5163 2464 5232 iam
2516 5159 2701 5214 mundi
2746 5156 2984 5212 demotus
3020 5154 3408 5227 gravitudinem
3460 5152 3673 5224 ingerit,
3725 5161 3781 5205 et

2216 5262 2393 5309 metus
2437 5250 2601 5305 futuri
2660 5248 2925 5303 examinis
2986 5246 3344 5316 lacrymarum
3403 5243 3623 5299 ﬂumina
3679 5256 3779 5310 per

2215 5344 2485 5400 maxillam
2513 5340 2778 5412 producit,
2804 5346 2863 5392 ut
2884 5323 3189 5405 deprecatio
3218 5343 3419 5389 nostra:
3448 5333 3775 5388 humilitatis

2216 5437 2282 5490 ad
2360 5431 2740 5500 indulgentiam
2818 5434 3073 5499 provocet
3138 5424 3478 5481 clementiam
3556 5422 3774 5491 superni

2211 5525 2424 5594 iudicis.
2480 5521 2656 5576 Metuo
2704 5520 2848 5575 enim
2878 5519 3019 5572 diem
3057 5516 3265 5586 iudicii,
3319 5524 3497 5569 metuo
3529 5514 3779 5569 tenebra-

2221 5632 2337 5671 rum
2368 5617 2524 5677 diem,
2559 5614 2699 5668 diem
2728 5612 2870 5665 tubae
2922 5609 3062 5664 diem
3094 5622 3372 5672 amarum,
3407 5608 3548 5662 diem
3582 5606 3777 5662 durum

563 5718 914 5782 arbitrantur,
960 5714 1051 5769 ubi
1086 5714 1318 5769 dicitur:
1355 5734 1372 5765 ι
1409 5713 1546 5769 Ecce
1584 5722 1683 5785 ego
1708 5715 1917 5771 mittam
1965 5712 2123 5768 vobis
2223 5716 2277 5767 ct
2323 5708 2551 5762 tristem.
2598 5702 2875 5774 Perpendo
2914 5702 3131 5774 quidem
3176 5701 3377 5758 malum
3406 5701 3549 5775 quod
3581 5697 3779 5768 tolero,
