3960 6376
275 415 422 475 1269

1158 407 1521 466 EXPOSlTlO
1558 403 1783 463 SUPER
1821 399 2182 459 JEREMIAM.
2222 434 2294 447 -ν-
2326 403 2452 460 LIB.
2495 402 2614 459 XX.

3383 393 3522 453 1270

278 534 380 591 sed
425 528 655 601 amplius
697 525 840 598 quod
893 532 1065 581 restat
1085 524 1337 582 formido.
1368 522 1498 589 Quae
1525 521 1580 575 in
1610 522 1713 575 hac
1738 517 1847 571 vita
1876 514 2053 579 Amit
2096 531 2306 581 manus,
2344 517 2409 569 de
2455 531 2559 584 qua
2602 512 2861 569 evadendi
2911 512 3089 568 nullus
3137 518 3285 579 patet
3325 509 3519 566 exitus.

274 625 395 697 jam
440 622 619 694 patior
667 619 842 690 lugeo.
904 616 1011 672 Sed
1071 624 1192 688 post
1244 615 1384 672 hanc
1436 612 1759 667 sententiam
1791 624 1858 662 ne

280 718 532 792 graviora
576 713 758 784 patiar
799 711 1144 782 pertimesco.
1179 707 1328 762 Licet
1370 706 1483 776 jam
1532 705 1756 761 tolerem
1801 702 1859 756 in

278 824 443 882 paena
482 814 774 870 tormenta,
816 811 997 858 tamen
1020 801 1280 872 gehennae
1336 799 1565 853 formido
1593 796 1749 852 valde
1773 809 1859 849 me

279 901 493 957 cruciat
538 914 605 954 ex
652 890 830 967 eulpa.
860 893 979 947 Jam
1017 906 1257 962 praesens
1304 905 1463 961 poma
1516 890 1717 954 laniat,
1766 886 1860 942 sed

278 992 464 1047 futura
492 990 664 1060 magis
684 984 989 1043 conturbat.
1019 983 1241 1040 Gravia.
1266 988 1390 1036 sunt
1434 997 1552 1050 quae
1596 982 1863 1044 sustineo,

280 1082 532 1153 graviora
564 1080 620 1133 in
664 1087 977 1149 perpetuum
1010 1076 1192 1130 timeo.
1243 1072 1448 1128 Civitas
1497 1087 1625 1141 ergo
1678 1079 1861 1126 nostra

281 1174 514 1232 interna,
543 1184 701 1241 quam
729 1166 967 1239 angelica
1006 1166 1279 1236 quondam
1330 1163 1566 1217 vallabat
1588 1162 1857 1226 custodia,

280 1264 427 1319 intra
455 1262 756 1331 ﬂdei‘septa
773 1262 1031 1325 virtutum
1057 1258 1364 1312 abundabat
1384 1256 1559 1325 copia,
1584 1265 1635 1310 et
1662 1254 1860 1309 dudum

281 1354 469 1409 carnis
503 1351 787 1406 desideriis
815 1349 1113 1412 dominata,
1141 1346 1295 1401 modo
1336 1362 1430 1415 per
1457 1347 1570 1415 ipsa
1597 1345 1861 1401 desideria

274 1442 428 1513 jacet
486 1441 739 1501 destituta
768 1481 781 1506 ,
840 1439 1225 1507 variorumque
1274 1438 1534 1492 scelerum
1591 1436 1862 1507 peccando

282 1535 537 1590 hostibus
558 1533 717 1588 solvit
741 1532 958 1586 tributa.
990 1530 1143 1586 [inde
1184 1530 1543 1600 lacrymarum
1586 1530 1641 1582 iu
1676 1527 1864 1581 maxil-

281 1623 354 1679 lis
385 1625 499 1695 t'jllS
529 1621 744 1694 proﬂuit
774 1620 952 1684 ﬂetus,
978 1630 1031 1674 et
1065 1620 1308 1690 ploratus
1334 1618 1419 1672 die
1446 1633 1510 1671 ac
1549 1626 1703 1672 nocte
1736 1632 1865 1687 pro-

285 1717 537 1773 funditur
558 1732 793 1781 amarus,
832 1714 1118 1783 nullusque
1158 1722 1242 1767 est
1280 1712 1371 1780 qui
1420 1709 1723 1765 consoletur
1745 1724 1863 1763 eam

284 1824 355 1863 ex
380 1807 629 1863 omnibus
659 1806 839 1860 charis
865 1807 1001 1875 ejus,
1040 1804 1164 1874 quia
1200 1803 1291 1871 qui
1321 1802 1589 1872 quondam
1620 1802 1672 1855 in
1719 1800 1864 1856 delc-

1962 605 2225 678 Magniflci
2262 608 2457 671 nostri,
2489 607 2578 665 aui
2617 621 2715 661 nos
2753 605 3077 669 nutriebant,
3096 603 3258 657 ablati
3296 610 3445 669 sunt,
3469 608 3525 657 et

1962 700 2207 756 doctores
2236 699 2406 753 nostri
2432 712 2651 768 propter
2672 706 2893 768 peccata
2924 702 3106 751 nostra
3135 695 3354 750 contriti
3376 701 3522 748 sunt.

1963 790 2084 847 Sola
2111 807 2209 847 nos
2234 791 2431 862 premit
2454 791 2688 856 miseria,
2718 805 2852 859 quos
2885 789 3082 843 nullius
3099 786 3210 855 jam
3233 787 3525 841 consolan-

1961 892 2048 939 tur
2075 884 2283 938 solatia.
2326 882 2617 936 Vindicans
2643 883 2899 936 Dominus
2937 888 3153 950 peccata
3204 886 3386 934 nostra
3421 879 3530 932 cal-

1962 974 2102 1027 cavit
2145 973 2399 1037 torcular,
2432 972 2632 1025 idcireo
2664 970 2880 1024 ﬂetuum
2928 978 3232 1025 nostrorum
3270 968 3534 1023 redundat

1963 1065 2200 1119 lacunar.
2259 1064 2393 1118 Tota
2426 1063 2511 1117 die
2555 1064 2621 1118 ad
2661 1061 3033 1115 auxiliatorem
3065 1070 3305 1117 nostrum
3338 1074 3529 1115 manus

1968 1156 2232 1210 tendimus
2263 1155 2632 1225 expandendo,
2664 1163 2720 1208 et
2745 1169 2903 1207 nemo
2930 1154 3083 1207 nobis
3108 1154 3375 1208 succurrit
3399 1168 3528 1207 cou-

1964 1248 2276 1303 solationem
2326 1248 2629 1317 praebendo.
2679 1246 2822 1300 Inter
2878 1247 3062 1300 hostes
3112 1260 3329 1308 sumus,
3379 1245 3533 1315 quasi

1963 1338 2161 1409 polluta
2184 1339 2495 1399 menstruis,
2522 1346 2575 1391 ct
2593 1352 2750 1391 nemo
2782 1352 2878 1391 nos
2909 1338 3133 1391 mundat
3156 1350 3293 1405 aqua
3317 1334 3535 1402 superni

1966 1428 2215 1483 ﬂuminis.
2244 1426 2427 1481 Justus
2448 1444 2524 1490 es,
2543 1427 2781 1491 Domine,
2810 1428 2862 1482 in
2884 1427 3132 1482 omnibus
3157 1426 3369 1495 indiciis
3410 1425 3535 1487 tuis,

1966 1523 2090 1591 quia
2118 1532 2169 1575 te
2210 1521 2273 1574 ad
2299 1520 2630 1574 iracundiam
2665 1519 3073 1588 provocavimus
3099 1518 3276 1571 noxiis
3298 1517 3536 1586 peccatis

1966 1613 2183 1667 nostris.
2221 1612 2490 1666 Attendite
2516 1610 2754 1665 dolorem
2779 1619 3040 1672 nostrum,
3064 1611 3300 1665 universi
3332 1608 3534 1679 populi,

1966 1713 2018 1758 et
2049 1704 2277 1757 miseria:
2299 1709 2495 1757 nostrae
2525 1718 2717 1773 magno
2732 1702 2912 1755 animo
2940 1702 3361 1772 compatiamini.
3388 1700 3537 1753 Ami-

1968 1812 2061 1851 cos
2090 1811 2223 1865 quos
2252 1796 2573 1865 putabamus
2620 1809 2737 1849 esse
2776 1793 2931 1847 nobis
2977 1792 3339 1857 fidelissimos,
3388 1793 3539 1846 inve-

286 1900 620 1955 ctationibus
644 1898 813 1951 variis
848 1898 1167 1950 videbantur
1184 1910 1304 1949 csse
1339 1894 1515 1957 amici,
1540 1894 1697 1947 modo
1722 1908 1869 1962 sper—
1896 1872 1943 1932 Β
1973 1887 2148 1940 nimus
2172 1886 2418 1939 inimicos
2460 1902 2580 1941 esse
2604 1886 2985 1951 atrocissimos,
3026 1886 3114 1955 qui
3158 1886 3311 1941 nobis
3338 1884 3543 1953 promi-

284 1999 478 2046 nentes
492 1990 749 2059 dejectam
765 1987 878 2042 veri
893 1988 1251 2041 ostenduntur
1264 2001 1382 2041 esse
1403 1985 1629 2039 inimici.
1646 1984 1869 2053 Captiva

285 2082 446 2137 ducta
473 2088 557 2134 est
603 2079 827 2133 intentio
879 2088 1060 2133 nostra
1091 2080 1141 2132 in
1195 2086 1334 2132 terra
1366 2079 1619 2132 vitiorum
1674 2077 1866 2143 aliena,

283 2170 378 2224 ubi
405 2185 510 2224 non
537 2169 742 2225 invenit
768 2169 1023 2239 requiem,
1053 2170 1304 2223 omnibus
1350 2168 1554 2224 solatiis
1588 2168 1863 2233 destituta,

285 2263 413 2333 quia
456 2277 647 2316 omnes
674 2262 790 2332 ejus
816 2272 1207 2330 persecutores,
1242 2262 1331 2330 qui
1368 2261 1501 2313 falso
1549 2261 1871 2314 videbantur

294 2370 421 2409 esse
448 2355 615 2424 ipsius
645 2362 931 2419 amatores,
958 2355 1070 2408 veri
1101 2370 1197 2423 per
1222 2352 1402 2407 omnia
1428 2354 1477 2406 in
1511 2353 1614 2406 ﬂne
1639 2352 1871 2422 proban-

288 2454 383 2500 tur
407 2446 523 2515 ejus
560 2444 680 2498 rﬂeri
714 2459 989 2499 exosores.
1039 2444 1159 2499 Und
1184 2466 1190 2477 ι
1218 2458 1362 2497 nunc
1415 2443 1652 2513 lugubris
1683 2443 1733 2495 in
1758 2442 1871 2496 cxi-

289 2534 385 2589 tiis
406 2534 518 2589 suis
544 2542 743 2597 exstat,
769 2533 998 2611 nec'ulla
1043 2532 1351 2587 festivitatis
1393 2531 1576 2598 laetitia
1603 2532 1777 2585 exbila
1789 2541 1870 2585 rat

287 2642 479 2682 sensus
517 2626 837 2686 exteriores,
887 2640 982 2693 per
1024 2640 1161 2693 quos
1217 2623 1393 2678 aditus
1441 2624 1583 2676 intro
1628 2622 1869 2677 hostibus

286 2716 527 2787 patebat.
560 2714 721 2769 Latro
756 2714 1075 2778 seditiosus,
1100 2714 1257 2768 saevis
1303 2714 1509 2767 catenis
1532 2713 1866 2783 rcaptivabat.

294 2808 447 2864 Unde
469 2809 632 2863 variis
656 2808 801 2862 vitiis
845 2816 967 2861 sunt
997 2808 1372 2871 contaminati,
1405 2808 1529 2875 quia
1560 2806 1870 2862 doctoribus

290 2904 409 2959 suis
457 2919 562 2963 non
612 2901 942 2956 exhibebant
994 2900 1356 2977 obedientiam
1410 2900 1681 2969 praecepti.
1736 2898 1871 2954 Hine

290 2995 631 3050 continentia
673 2995 790 3064 ejus
816 3002 1038 3062 apparet
1066 2992 1333 3063 squalida,
1378 2999 1429 3045 et
1461 2993 1572 3061 ipsa
1615 2992 1874 3045 amaritu-

292 3093 421 3147 dine
446 3098 787 3162 peccatorum
816 3096 897 3144 est
940 3103 1215 3159 Oppressa.
1251 3078 1443 3143 Hostes
1473 3087 1616 3141 illius
1669 3093 1794 3139 sunt
1818 3086 1873 3139 in

292 3182 492 3252 capite,
522 3190 578 3235 et
608 3179 808 3233 inimici
835 3178 1018 3249 iniqua
1055 3185 1279 3249 utuntur
1311 3177 1361 3230 in
1392 3192 1456 3230 ea
1486 3176 1868 3238 dominatione,

1972 1988 2153 2035 serant
2186 1989 2498 2048 perpetuam
2531 1994 2739 2049 pacem,
2769 1979 2869 2048 ipsi
2920 1979 3219 2033 insidiando
3273 1991 3545 2047 praepara-

1972 2078 2163 2123 verant
2212 2078 2469 2123 mternam
2536 2069 2922 2139 captivitatem.
2984 2067 3277 2138 Propterea
3342 2066 3544 2120 amari.

1975 2163 2158 2231 tudine
2182 2164 2323 2216 intus
2346 2162 2485 2232 pleni
2508 2176 2715 2225 sumus,
2739 2170 2793 2217 et
2816 2161 2947 2216 foris
2967 2161 3031 2213 ad
3057 2160 3409 2215 occidendum
3433 2156 3548 2227 gla-

1972 2258 2059 2311 dio
2094 2257 2326 2311 hostium
2370 2256 2549 2309 traditi
2593 2272 2799 2311 sumus.
2833 2255 3076 2310 Gemitus
3114 2253 3287 2307 nostri
3321 2246 3547 2323 [nullus]

1972 2351 2297 2415 consolator,
2314 2351 2439 2421 quia
2464 2348 2864 2404 vociferationis
2885 2357 3082 2402 nostrae
3104 2346 3279 2400 nullus
3296 2351 3380 2399 est
3400 2340 3552 2397 audi-

1972 2458 2076 2504 tor.
2104 2448 2303 2504 Omnes
2331 2447 2533 2501 inimici
2563 2445 2730 2500 nostri
2757 2433 2953 2499 malum
2976 2451 3219 2498 nostrum
3244 2440 3549 2502 audierunt,

1973 2552 2027 2594 et
2046 2541 2169 2608 quia
2195 2537 2451 2592 Dominus
2474 2535 2879 2603 nos'dereliquit
2911 2532 3101 2603 gaudio
3120 2529 3548 2586 exsultarerunt.

1973 2632 2330 2701 lugrediatur,
2362 2629 2607 2692 Domine,
2631 2627 2889 2696 iniquitas
2916 2639 3105 2678 eorum
3152 2635 3334 2676 coram
3392 2626 3462 2681 te,
3499 2623 3555 2671 et

1973 2722 2139 2777 redde
2169 2722 2248 2777 eis
2288 2721 2461 2774 vicem
2514 2718 2662 2784 mali,
2697 2716 2839 2786 quod
2895 2719 3180 2785 gesserunt
3211 2716 3401 2764 contra
3432 2722 3552 2771 nos,

1972 2816 2028 2869 in
2054 2824 2244 2868 morte.
2288 2812 2454 2867 lsrael
2484 2827 2639 2865 suum
2685 2811 2750 2864 de
2788 2808 2925 2863 ccelo
2952 2805 3208 2860 Dominus
3237 2800 3459 2872 projecit
3500 2799 3557 2853 in

1976 2915 2195 2967 terram»,
2256 2918 2355 2957 nec
2401 2910 2485 2958 est
2522 2900 2844 2955 recordatus
2897 2895 3114 2953 scabelli
3167 2893 3273 2957 sui,
3332 2898 3554 2961 propter

1977 2995 2462 3065 transgressionem
2506 2994 2726 3048 nimiam
2774 2990 3133 3062 praecipitavit
3156 2987 3348 3043 Jacob.
3378 2983 3553 3037 Muni-

1979 3090 2153 3144 tiones
2188 3090 2304 3160 ejus
2333 3088 2658 3158 sephisticas
2683 3088 2735 3141 in
2760 3085 2942 3141 furore
2984 3076 3271 3147 destruxit,
3304 3094 3557 3151 regnum-

1979 3195 2083 3248 que
2107 3178 2274 3247 ipsius
2302 3189 2355 3232 ct
2380 3179 2655 3248 principes
2686 3177 2739 3231 in
2770 3187 2971 3231 terram
3008 3173 3311 3253 dejiciendo
3342 3170 3553 3241 polluit.

289 3282 519 3345 propter
552 3270 947 3325 multitudinem
1000 3269 1145 3323 enim
1166 3246 1167 3249 Ἴ
1190 3268 1530 3337 iniquitatum
1582 3266 1715 3333 ejus,
1749 3276 1874 3320 ante
1899 3238 1945 3300 ϐ
1976 3270 2021 3324 Α
2055 3269 2188 3324 facie
2217 3238 2419 3324 inimici
2465 3238 2743 3323 dexteram
2787 3282 2941 3321 suam
2996 3238 3215 3331 avertit,
3246 3272 3299 3319 ct
3343 3238 3562 3333 plebem

291 3361 487 3417 faciem
513 3359 818 3414 tribulantis
847 3359 1109 3412 ducentur
1144 3356 1343 3427 captivi
1376 3354 1582 3425 parvuli
1608 3354 1877 3424 cogitatus

292 3450 434 3520 ejus.
466 3448 703 3521 Spoliata
719 3457 802 3504 est
826 3462 954 3519 ergo
983 3446 1090 3501 ﬁlia
1122 3446 1271 3508 Sion,
1300 3462 1421 3515 quae
1449 3446 1717 3514 quondam
1742 3459 1876 3513 pura

293 3549 478 3596 mente
513 3532 979 3608 contemplabatur
1022 3536 1191 3590 Deum
1217 3536 1362 3590 omni
1392 3536 1584 3589 decore
1618 3549 1733 3588 suo.
1770 3532 1877 3588 Nec

287 3632 406 3702 jam
448 3632 667 3701 spiritus
691 3630 861 3684 utitur
896 3629 1200 3698 principatu
1238 3624 1477 3693 suo,-sed
1506 3641 1687 3681 coram
1725 3627 1879 3681 hoste

292 3732 653 3794 persequente
688 3722 925 3791 quotidie
980 3722 1188 3776 corruit
1234 3722 1473 3789 antiquo.
1538 3719 1877 3775 Recordatur

296 3812 636 3869 Hierusalem
690 3820 897 3876 nostra,
930 3820 983 3865 et
1016 3809 1285 3880 quondam
1329 3809 1469 3864 visio
1502 3810 1673 3880 pacis,
1709 3810 1761 3864 in
1789 3810 1877 3864 dic

297 3906 527 3963 internze
581 3900 885 3959 aiﬂictionis
932 3919 1040 3958 sua:
1089 3911 1145 3959 et
1197 3918 1326 3957 casu
1372 3918 1577 3973 magna:
1625 3902 1875 3967 miserim,

293 3998 541 4070 pristinae
565 3997 787 4061 laetitiae,
814 4004 869 4051 et
911 3995 1037 4050 inde
1071 4010 1191 4050 eam
1218 4003 1468 4064 prement
1484 3998 1692 4066 magna:
1715 4012 1876 4066 angu-

296 4090 437 4153 stite,
472 4102 594 4141 cum
624 4087 805 4140 hostes
837 4084 1085 4139 derident
1126 4082 1242 4152 ejus
1265 4084 1397 4147 otia,
1430 4092 1482 4139 et
1524 4086 1701 4141 nullus
1726 4084 1883 4141 affert

298 4176 841 4248 opportunasolatia.
873 4175 1159 4232 Peccatum
1193 4179 1455 4246 peccavit,
1482 4187 1537 4232 et
1566 4179 1687 4234 ideo
1714 4180 1882 4233 insta-

296 4270 425 4326 bilis
471 4269 612 4333 facta
656 4270 869 4325 cecidit.
917 4268 1118 4324 Omnes
1148 4270 1240 4339 qui
1266 4283 1385 4324 eam
1441 4278 1567 4325 ante
1617 4271 1881 4326 adulando

298 4362 676 4435 gloriﬁcabant
720 4372 905 4432 postea
956 4362 1200 4416 videntes
1230 4362 1578 4432 ignominiam
1614 4363 1731 4433 ejus
1757 4378 1885 4417 con-

304 4453 602 4507 temnendo
625 4452 976 4522 spernebant.
1018 4450 1246 4507 Grcssus
1266 4454 1387 4524 ejus
1434 4453 1741 4523 squalentes
1769 4471 1885 4510 sor-

1981 3375 2133 3414 suam
2183 3359 2337 3427 quasi
2389 3358 2607 3412 ﬂamma
2655 3358 2921 3413 devorans
2981 3354 3331 3424 consumpsit.
3362 3353 3561 3409 Arcun.

1980 3467 2133 3506 suum
2166 3451 2337 3519 quasi,
2374 3451 2627 3504 inimicus
2688 3449 2932 3515 tetendit,
2965 3456 3019 3504 et
3066 3463 3226 3503 omne
3258 3445 3403 3517 quod
3442 3446 3563 3516 pul-

1979 3544 2168 3597 chrum
2227 3550 2345 3596 crat
2381 3543 2496 3596 visu
2545 3542 2762 3596 occidit.
2813 3540 2975 3607 Quasi
3031 3541 3249 3593 hortum
3305 3538 3560 3593 taberna-

1979 3634 2157 3687 culum
2188 3649 2341 3689 suum
2379 3633 2679 3703 dissipavit,
2708 3642 2764 3687 ct
2793 3646 3008 3686 omnem
3042 3630 3392 3685 festivitatem
3427 3626 3559 3683 Sion

1948 3800 1950 3803 λ
1980 3727 2236 3785 oblivioni
2268 3726 2508 3780 tradidit.
2541 3724 2757 3794 Repulit
2780 3724 3039 3778 Dominus
3070 3720 3558 3776 sanetiﬂcationem

1983 3837 2155 3886 suam,
2185 3829 2239 3877 et
2269 3834 2483 3873 murum
2507 3816 2636 3873 Sion
2667 3816 2966 3887 dissipavit.
3002 3815 3104 3871 Per
3127 3815 3421 3873 vindictam
3443 3812 3559 3868 for-

1983 3913 2249 3966 tissimam
2292 3910 2525 3982 perdidit
2562 3908 2869 3963 sacerdotes
2910 3904 3024 3975 ejus
3049 3916 3103 3961 et
3132 3906 3423 3976 principes,
3459 3918 3561 3959 nec

1980 4001 2256 4074 prophetis
2286 4001 2401 4069 ejus
2438 4000 2686 4055 revelatae
2732 4006 2857 4052 sunt
2883 3996 3075 4052 divina:
3099 3995 3353 4071 visiones.
3387 3993 3559 4049 Senes

1982 4094 2104 4149 filiae
2125 4093 2253 4149 Sion
2280 4095 2676 4156 conticuerunt,
2707 4098 2761 4145 ct
2783 4090 3017 4159 virgines
3040 4086 3156 4158 ejus
3189 4088 3445 4142 accinctae
3478 4088 3558 4141 ci-

1984 4187 2121 4241 liciis
2155 4185 2550 4256 ingemuerunt.
2599 4182 2735 4237 Hinc
2765 4196 2977 4252 quoque
3032 4180 3170 4236 oculi
3204 4180 3376 4234 nostri
3408 4178 3557 4256 defe-

1984 4284 2174 4331 cerunt
2204 4254 2315 4345 prie
2341 4273 2615 4343 lacrymis,
2672 4287 2795 4326 cum
2824 4272 3069 4325 viderent
3098 4268 3349 4341 parvulos
3397 4278 3452 4323 et
3482 4254 3559 4323 la-

1984 4375 2194 4421 ctantes
2210 4366 2346 4419 fame
2372 4364 2602 4419 deiicere
2624 4364 2676 4417 in
2699 4362 2912 4434 plateis.
2934 4361 2978 4419 Ο
3006 4362 3328 4433 speculatrix
3350 4370 3558 4430 nostra,

1985 4467 2037 4512 et
2078 4472 2172 4510 arx
2230 4455 2357 4511 Sion
2408 4454 2679 4525 quondam
2726 4453 3126 4524 pulcherrima,
3172 4454 3447 4524 propheta:
3484 4453 3560 4508 tui

300 4544 456 4607 dent,
494 4551 549 4597 et
577 4542 630 4596 in
680 4542 879 4596 nullius
927 4543 1301 4612 puriﬁcatione
1333 4543 1752 4600 consolationem
1788 4546 1961 4643 ha-D
1988 4549 2236 4602 viderunt
2287 4546 2381 4600 tibi
2438 4546 2591 4611 falsa,
2635 4560 2735 4599 nec
2791 4544 3131 4613 corripiendo
3185 4544 3560 4613 patefecerunt

298 4633 451 4687 bent.
504 4634 660 4697 Vide,
693 4633 935 4696 Domine,
970 4642 1209 4687 nostram
1244 4632 1607 4699 aﬂlictionem,
1645 4636 1770 4704 quia
1797 4637 1880 4691 vi-

306 4723 407 4777 des
454 4722 608 4775 nobis
647 4721 924 4775 inimicum
968 4737 1086 4777 esse
1132 4722 1409 4778 fortiorem
1444 4743 1457 4779 :
1487 4725 1759 4795 depraedat
1788 4728 1883 4781 hos

301 4814 405 4868 stis
433 4812 829 4878 desiderabilia,
855 4821 907 4866 et
933 4814 1116 4884 diripit
1150 4823 1269 4869 astu
1291 4817 1469 4870 omnia
1505 4816 1765 4871 virtutum
1791 4834 1881 4872 or-

303 4912 579 4959 namenta.
621 4902 996 4975 lngrediuntur
1027 4907 1284 4960 contrarii
1306 4917 1393 4961 tua
1418 4910 1744 4975 sauctuaria,
1770 4912 1886 4980 qui-

302 4996 405 5050 bus
430 4996 726 5064 praecepisti
751 5004 935 5050 sancta
957 5004 1044 5049 tua
1063 4997 1177 5051 iieri
1194 4997 1393 5052 aliena.
1406 4998 1686 5054 Multitudo
1700 5012 1880 5057 nostra

304 5087 474 5155 gemit
500 5094 718 5156 propter
739 5088 891 5142 verbi
916 5087 1135 5153 famem,
1166 5106 1265 5145 nec
1278 5090 1391 5159 jam
1416 5093 1577 5147 habet
1600 5095 1739 5149 unde
1759 5096 1883 5150 refi-

306 5176 616 5230 ciatanimae
636 5178 889 5233 esuriem.
914 5178 1065 5245 Vide,
1083 5179 1327 5246 Domine,
1349 5188 1403 5234 et
1424 5184 1700 5239 considera
1719 5202 1880 5254 quam

309 5268 435 5322 vilia
493 5268 636 5324 facta
687 5276 813 5324 sunt
868 5279 1066 5326 nostrae
1125 5272 1318 5327 anima:
1382 5272 1614 5329 interna.
1685 5276 1884 5332 Omnes

308 5358 401 5429 qui
432 5360 673 5415 transitis
701 5375 799 5431 per
819 5363 1065 5416 semitam
1100 5361 1301 5419 doloris
1316 5366 1512 5429 nostri,
1546 5368 1883 5423 considerate

308 5450 625 5518 potentiam,
672 5450 761 5505 cui
785 5451 920 5506 alter
947 5470 1053 5508 non
1096 5455 1369 5509 invenitur
1411 5455 1620 5522 similis,
1653 5458 1741 5511 ubi
1786 5475 1879 5514 ex-

311 5528 587 5596 candescit
611 5541 743 5597 ultio
755 5544 919 5598 divini
941 5543 1158 5599 furoris.
1180 5545 1315 5601 Ossa
1338 5556 1518 5601 nostra
1548 5545 1883 5605 inﬂammans

312 5631 628 5696 combussit,
686 5643 740 5687 et
788 5634 947 5708 pedes
994 5642 1208 5689 nostros
1247 5643 1541 5690 retrorsum
1596 5642 1883 5705 convertit,

314 5724 491 5779 nullus
533 5721 712 5794 eﬂ'ugii
749 5734 892 5794 patet
931 5726 1077 5781 locus
1106 5767 1121 5791 ,
1172 5727 1298 5796 quia
1353 5728 1516 5782 animi
1568 5731 1739 5784 nostri
1792 5748 1887 5801 per

316 5817 496 5873 omnia
527 5814 725 5872 defecit
756 5818 944 5873 virtus.
975 5819 1202 5875 Domino
1226 5821 1473 5877 tradente
1498 5822 1584 5877 illa
1634 5839 1733 5881 nos
1759 5840 1885 5894 pre-

1991 4639 2083 4693 tibi
2113 4646 2199 4691 tua
2224 4636 2448 4692 scelera.
2487 4635 2591 4689 Pro
2620 4634 2829 4689 delictis
2880 4636 2985 4688 tuis
3032 4634 3434 4703 spoponderunt
3457 4635 3557 4690 tibi

1988 4729 2227 4801 praemia,
2279 4742 2376 4781 nec
2404 4726 2827 4795 praedicaverant
2871 4724 2985 4790 tibi,
3017 4740 3136 4795 quae
3183 4726 3418 4781 metuisti
3463 4716 3558 4796 ge-

1990 4822 2178 4875 hennae
2203 4824 2486 4873 tormenta.
2518 4815 2671 4872 Unde
2709 4816 2891 4872 hostes
2944 4818 3016 4869 tui
3044 4832 3165 4871 cum
3198 4818 3273 4870 tui
3298 4818 3558 4871 dominati

1990 4920 2134 4975 sunt,
2164 4909 2351 4977 plausu
2376 4923 2569 4977 magno
2606 4907 2901 4961 alludentes
2938 4922 3099 4976 super
3123 4915 3175 4962 te
3212 4906 3377 4977 laetati
3408 4916 3552 4962 sunt.

1990 5001 2169 5054 Deduc
2198 4998 2436 5068 quotidie
2471 4998 2620 5067 quasi
2671 5006 2965 5051 torrentem
3003 4996 3291 5067 lacrymas,
3356 5006 3410 5051 et
3448 5013 3557 5053 non

1985 5107 2167 5147 cesses
2209 5091 2463 5161 lugubres
2488 5089 2725 5161 proferre
2760 5090 3141 5159 querimonias.
3190 5088 3331 5143 Leva
3364 5105 3557 5146 manus

1988 5195 2107 5239 tuas
2141 5185 2208 5238 ad
2233 5184 2402 5238 Deum
2434 5190 2555 5237 cum
2579 5183 2849 5251 precibus,
2884 5182 2950 5236 ad
2976 5183 3183 5237 animas
3208 5182 3555 5251 parvulorum

1990 5287 2223 5333 tuorum.
2260 5276 2419 5332 Plora
2476 5291 2598 5331 cum
2636 5277 2939 5347 gemitibus,
2992 5276 3288 5331 interfectis
3331 5277 3436 5331 tuis
3467 5291 3555 5331 so-

1993 5370 2197 5424 lemnes
2218 5368 2413 5422 exhibe
2436 5369 2753 5437 exsequias,
2783 5376 2839 5423 et
2867 5368 3151 5423 charorum
3184 5377 3397 5422 tuorum
3429 5383 3553 5423 cum

1992 5458 2245 5529 lacrymis
2277 5459 2437 5527 sepeli
2467 5458 2739 5527 reliquias.
2781 5456 2911 5515 Vide
2934 5467 2987 5513 et
3034 5460 3313 5515 considera
3354 5468 3553 5527 quanta

1989 5549 2234 5603 dolorum
2282 5550 2611 5620 perpetimur
2648 5550 2807 5613 mala,
2864 5548 3015 5604 multi
3058 5550 3124 5604 de
3176 5558 3317 5604 ccctu
3370 5558 3557 5606 nostro

1992 5644 2330 5698 inimicorum
2363 5643 2673 5697 ceciderunt
2700 5642 2895 5711 gladio,
2926 5642 3078 5714 pueri
3109 5650 3163 5696 et
3196 5656 3377 5705 senes,
3394 5640 3555 5711 juve—

1991 5752 2085 5791 nes
2111 5746 2164 5790 et
2189 5736 2419 5805 virgines
2472 5736 2789 5789 interierunt
2836 5733 3108 5791 seandalo.
3151 5732 3303 5787 Juste
3350 5732 3496 5787 enim
3524 5746 3558 5787 ι

1992 5836 2043 5882 te
2074 5826 2282 5896 prolata
2302 5825 2558 5891 vindicta,
2585 5826 2767 5882 omnia
2795 5842 2825 5881 a
2857 5827 3010 5883 nobis
3036 5823 3318 5881 auferebat
3337 5822 3554 5880 solatia.
