3960 6366
439 325 569 383 ηπ

1071 331 1131 385 Β.
1174 330 1430 388 ΒΑΒΑΝΙ
1463 331 1684 389 MAURI
1718 330 2016 389 ARCHIEP

2119 333 2387 392 lOGUNT.
2424 331 2707 390 OPERUM
2743 331 2921 387 PARS
2958 332 3043 387 Ill.

3548 329 3688 386 1272

432 443 785 514 Agnoscimus
832 442 1049 514 quidem
1117 444 1366 500 meritam
1424 443 1760 516 paupertatis
1808 451 2013 499 nostra:
2039 448 2093 510 Α
2117 444 2240 501 audi
2270 444 2557 516 opprobria
2586 452 2640 499 et
2665 442 3018 514 cogitationes
3037 454 3223 495 eorum
3249 440 3539 497 adversum
3569 455 3687 495 nos.

435 532 808 603 indigentiam,
834 548 957 589 cum
979 535 1414 590 necessariarum
1438 549 1622 591 rerum
1652 547 1902 605 magnam
1930 542 2012 589 to-

434 623 673 682 leramus
715 625 1019 696 penuriam.
1051 624 1198 680 Felle
1222 634 1278 681 et
1323 626 1512 682 labore
1557 624 1749 696 repleti
1802 639 2007 690 sumus,

430 727 486 774 et
507 720 562 774 in
588 719 830 774 tenebris
841 719 1109 785 collocati,
1139 720 1296 791 quasi
1318 720 1520 776 mortui
1542 720 1782 789 deputati
1799 734 2006 774 sumus.

433 808 809 865 Vociferamus
838 810 903 865 ad
926 808 1166 878 judicem
1201 819 1452 867 nostrum
1493 825 1594 881 per
1620 810 1764 866 diem
1806 817 1862 864 et
1912 824 2012 865 no-

429 907 592 962 ctem,
623 913 721 955 nec
741 900 981 968 exaudit,
1007 901 1102 956 sed
1119 902 1443 958 concludens
1455 902 1572 957 vias
1599 907 1906 966 nostras,et
1925 914 2010 955 se-

431 991 596 1047 mitas
623 990 910 1046 subvertit.
933 991 1135 1048 Arcum
1164 1001 1221 1050 et
1247 1001 1458 1049 scutum
1485 1000 1675 1048 contra
1698 1005 1798 1046 nos
1825 996 2010 1046 exten-

431 1084 534 1150 dit,
561 1091 618 1139 et
653 1098 754 1140 nos
783 1084 938 1154 quasi
967 1085 1182 1156 signum
1215 1088 1281 1141 ad
1324 1085 1579 1154 sagittam
1627 1084 1827 1156 posuit.
1853 1082 2010 1139 Facti

431 1190 619 1231 sumus
651 1175 706 1230 in
736 1176 974 1232 derisum
1001 1177 1147 1232 omni
1167 1176 1366 1248 populo
1393 1185 1599 1243 nostro,
1633 1178 1759 1248 quia
1797 1178 2010 1249 replens

432 1279 530 1318 nos
571 1265 931 1321 amaritudine
969 1265 1258 1321 inebriavit
1300 1265 1592 1331 absinthio,
1628 1267 1694 1320 ad
1725 1279 2009 1322 numerum

429 1356 615 1410 dentes
628 1366 843 1412 nostros
865 1355 884 1410 l‘
888 1357 1039 1428 regit,
1058 1356 1185 1427 quia
1200 1355 1412 1426 replens
1428 1356 1638 1413 animas
1650 1354 1803 1426 quasi
1828 1355 2011 1411 cinere

427 1446 648 1501 cibavit.
701 1436 929 1518 Propter
981 1455 1359 1518 paupertatem
1417 1456 1472 1502 et
1522 1447 2011 1517 transgressionem

430 1537 540 1591 vita
589 1546 777 1592 nostra
823 1539 1077 1604 tabescit,
1132 1540 1227 1594 sed
1264 1552 1387 1609 spes
1433 1554 1597 1609 quam
1645 1538 1910 1594 habemus
1954 1539 2012 1594 in

429 1627 655 1682 Domino
682 1644 1024 1699 nequaquam
1055 1628 1258 1684 deﬁcit.
1287 1629 1404 1684 Non
1432 1628 1578 1685 enim
1600 1628 1774 1684 nostri
1801 1628 2009 1694 meriti,

429 1735 479 1770 ς·
508 1721 520 1742 ‘
570 1735 758 1790 uagnaz
779 1720 1145 1776 miserationis
1171 1728 1253 1776 est
1273 1720 1509 1786 Domini,
1541 1719 1685 1790 quod
1714 1720 1935 1774 omnino
1957 1727 2015 1774 et

2115 534 2300 590 Redde
2322 533 2402 588 eis
2427 533 2622 598 vicem,
2652 531 2902 596 Domine,
2926 529 3081 600 juxta
3099 545 3262 600 opera
3286 545 3548 585 manuum
3563 545 3691 586 sua-

2119 642 2259 692 rum,
2304 633 2360 681 et
2388 626 2454 682 da
2481 626 2562 681 eis
2604 623 2898 680 secundum
2932 622 3187 677 duritiam
3221 624 3404 679 cordis
3445 623 3529 677 sui
3559 637 3692 678 con-

2115 721 2274 792 digna
2301 729 2588 776 tormcnta.
2621 717 2899 785 Quomodo
2926 718 3247 773 obscuratus
3277 725 3361 772 est
3388 717 3538 773 color
3556 718 3692 788 opti—

2115 827 2234 868 mus
2255 811 2371 865 auri
2397 828 2410 865 :
2435 811 2491 866 in
2513 809 2707 881 plateis
2730 809 2961 878 diSpersi
2982 817 3108 864 sunt
3129 808 3335 878 lapides
3355 810 3689 864 sanctuarii:

2118 903 2208 959 lilii
2248 903 2380 959 Sion
2430 901 2615 974 inclyti
2678 902 2948 971 quomodo
2990 901 3224 971 reputati
3268 910 3395 956 sunt
3447 903 3500 955 in
3558 916 3689 956 vasa

2115 1001 2285 1049 testea
2326 991 2508 1062 ﬁguli?
2533 989 2640 1046 Sed
2673 999 2728 1045 et
2753 990 2927 1044 lamiae
2957 991 3224 1045 nudantes
3259 1007 3552 1046 mammam
3578 991 3694 1048 lao-

2112 1090 2361 1137 taverunt
2384 1079 2591 1136 catulos
2615 1094 2764 1144 suos,
2786 1096 2909 1135 cum
2933 1080 3170 1134 haeretici
3191 1079 3427 1136 belluina
3459 1081 3690 1144 saevitia,

2113 1189 2300 1230 errore
2328 1175 2509 1238 noxio,
2535 1172 2863 1241 deceperunt
2885 1171 3161 1226 auditores
3187 1188 3332 1227 suos.
3362 1171 3528 1239 Quasi
3552 1180 3694 1227 stru-

2113 1270 2227 1324 thio
2248 1278 2437 1325 contra
2460 1267 2597 1322 ﬁlios
2627 1281 2773 1330 suos,
2804 1266 2883 1320 sic
2901 1275 3076 1320 mater
3103 1281 3373 1337 synagoga
3406 1265 3691 1334 indignata

2115 1368 2201 1415 est
2241 1367 2428 1414 contra
2469 1358 2715 1412 alumnos
2753 1371 2898 1411 suos.
2946 1356 3186 1411 Adhaesit
3227 1356 3403 1426 lingua
3442 1354 3694 1409 laetantis

2114 1453 2180 1507 ad
2209 1450 2446 1521 palatum
2486 1448 2540 1502 in
2569 1447 2682 1511 siti,
2712 1455 2765 1500 ct
2801 1444 2998 1500 frustra
3031 1446 3306 1516 petierunt
3336 1459 3530 1516 panem
3563 1460 3691 1513 par-

2113 1544 2223 1598 vuli
2247 1543 2496 1614 frangere
2525 1540 2648 1596 sibi.
2675 1538 2918 1594 Nazarazi
2949 1539 3119 1593 nostri
3153 1539 3275 1592 nive
3320 1537 3688 1600 candidiores,

2115 1636 2280 1690 ebore
2299 1630 2728 1694 rubicundiores,
2753 1628 3006 1699 sapphiro
3028 1627 3384 1698 pulchriores,
3426 1626 3693 1697 denigrati

2117 1737 2245 1782 sunt
2265 1740 2429 1796 super
2448 1724 2748 1780 exstinctos
2774 1721 3061 1786 carbones,
3084 1729 3141 1773 et
3165 1735 3328 1788 super
3349 1720 3554 1788 lignum
3583 1718 3690 1772 ari-

430 1826 480 1879 μ
504 1857 507 1860 ,
589 1825 641 1865 ιε
670 1826 775 1865 non
799 1826 986 1866 sumus
1010 1812 1332 1881 consumpti,
1375 1811 1499 1881 quia
1529 1811 1703 1867 bonus
1727 1819 1811 1868 est
1833 1810 2016 1866 Domi-
2043 1807 2091 1867 Β
2119 1819 2246 1872 dum
2268 1824 2418 1871 artus
2446 1812 2616 1869 nostri
2640 1811 2766 1867 facti
2795 1818 2920 1866 sunt
2953 1810 3228 1866 sicciores.
3259 1808 3560 1878 Complevit
3585 1807 3690 1862 Do—

429 1918 529 1955 uus
560 1903 904 1971 sperantibus
932 1903 986 1957 in
1029 1918 1178 1968 eum,
1216 1912 1271 1958 et
1310 1901 1468 1957 valde
1511 1901 1776 1974 benignus
1820 1902 2015 1956 anima:

429 1995 696 2065 quaerenti
722 1994 891 2050 illum.
934 1995 1140 2051 Bonum
1175 2002 1260 2051 est
1303 2011 1428 2050 cum
1463 1994 1678 2051 silentio
1712 1993 2013 2065 praestolari

428 2085 666 2140 salutare
699 2085 927 2149 Domini,
959 2087 1085 2155 quia
1131 2101 1324 2156 magna
1357 2094 1441 2141 est
1478 2085 1853 2141 misericordia
1874 2085 2017 2156 judi-

429 2175 507 2230 cis
537 2175 783 2246 piissimi.
828 2175 1037 2231 Bonum
1076 2184 1163 2230 est
1189 2190 1319 2246 ergo
1361 2176 1412 2231 ei
1462 2174 1555 2245 qui
1600 2183 1781 2245 portat
1827 2173 2015 2245 iugum

430 2266 806 2320 adolescentiae
833 2274 896 2320 ut
928 2264 1124 2320 sedens
1167 2263 1446 2320 solitarius
1470 2271 1628 2320 vacet
1652 2264 1849 2320 divinae
1891 2278 2018 2318 con-

429 2357 786 2426 templationi,
827 2357 1131 2428 despiciens
1172 2356 1358 2412 mundi
1405 2370 1681 2426 pompam,
1710 2369 1918 2424 ponens
1961 2355 2016 2408 in

428 2450 651 2519 pulvere
685 2465 748 2504 os
785 2464 962 2514 suum,
994 2456 1050 2504 et
1088 2455 1277 2504 contra
1323 2447 1728 2519 persecutiones
1778 2444 2016 2500 hostium

430 2542 727 2613 patientem
754 2555 813 2595 se
831 2541 1072 2610 praebeat
1095 2547 1152 2594 et
1190 2539 1564 2603 mitissimum,
1591 2536 1718 2606 quia
1748 2535 1878 2590 licet
1907 2534 2017 2590 Do-

433 2633 615 2687 minus
643 2630 1018 2701 temporaliter
1052 2644 1177 2684 eum
1211 2629 1462 2701 ﬂagellet,
1491 2644 1600 2684 non
1631 2637 1812 2684 tamen
1844 2641 2018 2696 usque

431 2724 486 2777 in
518 2723 679 2777 ﬁnem
708 2722 857 2776 illum
897 2720 1160 2789 abjiciens
1187 2721 1432 2792 repellet.
1462 2720 1658 2776 Veniet
1685 2719 1830 2773 enim
1879 2727 2019 2772 tem-

431 2829 531 2885 pus
557 2815 714 2884 justaz
745 2814 1140 2879 retributionis,
1191 2815 1408 2883 quando
1440 2812 1608 2882 judex
1641 2812 1820 2881 justus
1863 2809 2018 2879 juxta

431 2905 626 2959 merita
655 2920 751 2958 sua
778 2903 968 2960 reddet
991 2903 1237 2974 singulis.
1265 2903 1397 2970 Quis
1427 2912 1513 2959 est
1535 2903 1629 2974 qui
1654 2901 1857 2971 aliquid
1887 2901 2021 2957 dicit

432 2996 551 3052 ﬁeri
575 2995 802 3051 Domino
827 3003 1126 3061 nesciente,
1151 3011 1274 3051 cum
1298 2995 1432 3050 nihil
1457 2995 1529 3050 sit
1549 2995 1604 3048 in
1629 2993 1851 3056 mundo,
1875 2989 2022 3061 quod

434 3077 542 3143 non
571 3087 666 3142 ﬁat
707 3088 933 3142 Domino
956 3087 1198 3156 jubente,
1248 3095 1340 3142 aut
1374 3087 1762 3157 permittente?
1792 3083 2018 3139 Scrute—

2118 1909 2294 1964 minus
2321 1907 2374 1960 in
2413 1904 2570 1960 nobis
2613 1902 2850 1958 furorem
2884 1916 3060 1966 suum,
3096 1909 3151 1956 et
3185 1899 3466 1954 succendit
3513 1899 3689 1969 ignem

2116 1999 2497 2074 indignationis
2521 2013 2651 2054 suae.
2683 1997 2741 2053 in
2785 1997 3012 2060 mystica
3055 1995 3183 2051 Sion
3223 2004 3446 2064 propter
3472 2003 3690 2064 peccata

2115 2095 2497 2165 prophetarum
2524 2091 2663 2160 ejus,
2703 2101 2757 2146 et
2799 2090 3111 2160 iniquitates
3147 2087 3495 2143 sacerdotum
3526 2087 3686 2153 illius,

2117 2196 2435 2247 erraverunt
2455 2187 2583 2243 caeci
2623 2187 2676 2241 in
2708 2185 2900 2256 plateis
2941 2183 3126 2254 ipsius,
3166 2181 3332 2235 facies
3367 2179 3582 2233 Domini
3615 2179 3692 2233 di-

2116 2281 2241 2335 visit
2277 2294 2392 2342 eos,
2441 2288 2495 2332 et
2540 2277 2678 2330 sicut
2729 2275 3005 2344 pulverem
3034 2271 3177 2336 venti
3226 2271 3509 2340 dissipavit
3554 2269 3685 2323 illos.

2116 2368 2539 2423 Lubricaverunt
2573 2364 2794 2435 vestigia
2840 2371 3025 2419 nostra
3058 2362 3109 2416 in
3150 2361 3364 2421 itinere,
3400 2359 3690 2430 appropin-

2117 2458 2300 2530 quavit
2327 2457 2448 2511 ﬁnis
2478 2463 2660 2511 noster
2689 2455 2739 2508 in
2770 2453 3118 2508 tlesolatione.
3146 2451 3481 2519 Redemptor
3513 2460 3692 2506 noster

2116 2564 2305 2620 passus
2347 2555 2430 2602 est
2459 2561 2558 2616 pro
2593 2545 2830 2616 peccatis
2881 2543 3099 2606 nostris,
3149 2551 3202 2596 et
3240 2556 3341 2596 nos
3385 2539 3692 2596 econtrario

2117 2641 2298 2696 vivere
2319 2638 2581 2704 elegimus
2605 2636 2659 2690 in
2689 2633 3061 2704 iniquitatibus
3088 2632 3309 2697 nostris,
3339 2631 3462 2685 ideo
3489 2630 3690 2686 reddita

2118 2740 2200 2786 est
2241 2729 2477 2785 vindicta
2523 2727 2680 2783 malis
2726 2726 2982 2798 operibus
3027 2724 3253 2788 nostris,
3301 2731 3357 2777 et
3401 2729 3690 2792 patuerunt

2120 2823 2345 2880 crimina
2385 2830 2569 2878 nostra
2595 2818 2907 2875 saevissimis
2945 2817 3199 2872 inimicis.
3224 2813 3562 2879 Recordare,
3593 2815 3690 2868 Do-

2120 2915 2284 2978 mine,
2313 2913 2441 2982 quid
2489 2911 2644 2967 nobis
2682 2909 2958 2973 acciderit,
3007 2915 3064 2962 et
3113 2908 3299 2977 ingens
3344 2904 3686 2975 opprobrium

2120 3004 2351 3069 intuere,
2388 3001 2531 3072 quod
2560 3002 2713 3057 nobis
2743 3000 2940 3056 evenit.
2974 2999 3268 3053 Haereditas
3307 3004 3499 3052 nostra
3535 3010 3688 3050 versa

2124 3104 2210 3153 est
2242 3097 2310 3150 ad
2358 3095 2580 3159 alienos,
2621 3102 2676 3149 et
2719 3094 2875 3148 labor
2911 3100 3099 3148 noster
3146 3090 3369 3159 respicit
3413 3089 3482 3143 ad
3523 3096 3693 3142 extra-

439 3197 562 3237 mur
585 3195 714 3251 ergo
739 3181 854 3235 vias
885 3187 1123 3245 nostras,
1152 3189 1208 3234 et
1246 3186 1586 3234 revertamur
1611 3177 1679 3232 ad
1707 3175 2018 3242 Dominum,
2049 3170 2096 3234 C
2128 3202 2276 3244 neos.
2303 3184 2492 3256 Pupilli
2525 3185 2649 3239 facti
2669 3199 2855 3238 sumus
2893 3182 3093 3256 absque
3129 3189 3315 3251 patre,
3347 3188 3550 3234 matres
3597 3191 3690 3232 no-

436 3271 816 3341 elevemusque
846 3271 1009 3326 corda
1044 3278 1229 3325 nostra
1270 3285 1395 3324 cum
1435 3267 1686 3323 manibus
1723 3269 1777 3322 in
1822 3265 2018 3321 omium

437 3365 505 3420 ad
530 3363 721 3420 Deum.
776 3363 885 3418 Nos
913 3363 1095 3432 inique
1119 3363 1327 3434 egimus
1357 3369 1412 3417 et
1434 3362 1500 3416 ad
1528 3360 1864 3416 iracundiam
1896 3375 2022 3429 pro-

438 3456 773 3521 vocavimus,
797 3456 918 3510 ideo
944 3455 1092 3508 illum
1127 3456 1324 3508 iratum
1357 3461 1414 3508 et
1446 3452 1832 3508 inexorabilem
1866 3451 2022 3506 nobis

438 3564 558 3603 esse
587 3548 868 3602 sentimus.
909 3545 1172 3618 Opposuit
1222 3547 1377 3602 nobis
1412 3547 1611 3602 nubem
1643 3546 1910 3616 caliginis,
1952 3561 2021 3601 ne

441 3640 700 3696 transiret
736 3639 912 3694 oratio
956 3645 1011 3694 et
1051 3638 1441 3694 demonstravit
1479 3637 1622 3706 quod
1653 3635 1801 3706 justa
1837 3645 2021 3691 nostra

440 3741 590 3788 esset
611 3730 868 3800 obiectio,
896 3730 1018 3785 ideo
1038 3729 1263 3784 deduxit
1292 3729 1481 3785 oculus
1511 3735 1698 3783 noster
1727 3726 2022 3782 divisiones

444 3836 739 3892 aquarum,
793 3829 850 3875 et
896 3817 1216 3888 multiplicia
1254 3817 1546 3888 profundet
1582 3816 1804 3871 ﬂumina
1839 3813 2020 3886 lacry-

445 3928 675 3977 marum,
706 3925 805 3966 nec
841 3910 948 3964 ulla
971 3910 1086 3980 jam
1111 3909 1269 3965 nobis
1294 3910 1455 3964 datur
1474 3909 1710 3978 requies,
1737 3907 1909 3962 donec
1937 3920 2024 3961 sa-

445 4005 613 4058 lutem
641 4002 902 4073 percipiet
931 4015 1054 4070 spes
1086 3999 1243 4055 ﬁrma
1282 4015 1347 4055 ac
1386 3999 1538 4055 ﬁdes.
1576 3998 1894 4054 invocamus
1925 4012 2023 4053 no-

446 4107 571 4148 men
597 4101 770 4155 tuum,
800 4091 1041 4154 Domine,
1071 4090 1138 4145 de
1165 4090 1286 4146 lacu
1316 4090 1631 4154 novissimo,
1675 4104 1775 4144 nec
1804 4098 2022 4146 avertas

442 4201 630 4240 aurem
659 4193 807 4239 tuam
836 4183 1264 4255 rogoasingultu
1291 4191 1498 4239 nostro.
1530 4180 1744 4248 Judica,
1768 4182 2020 4247 Domine,

443 4292 662 4332 causam
698 4277 891 4331 anima:
927 4285 1154 4342 nostrae,
1198 4285 1412 4332 creator
1455 4275 1579 4346 pius
1613 4283 1669 4346 et
1713 4276 2023 4344 redemptor

442 4370 566 4424 vita:
599 4377 818 4426 nostrae.
847 4369 1042 4426 Vidisti
1060 4367 1300 4426 furorem
1320 4367 1665 4425 inimicorum
1687 4376 1876 4424 contra
1899 4382 2020 4434 nos,

2125 3285 2248 3333 stre:
2275 3275 2428 3346 quasi
2462 3275 2654 3330 viduae.
2701 3272 2908 3328 Deiecit
2944 3271 3194 3341 gaudium
3239 3269 3421 3324 cordis
3449 3269 3618 3323 nostri
3642 3275 3695 3322 et

2122 3368 2318 3425 cecidit
2345 3381 2541 3422 corona
2578 3363 2772 3435 capitis
2806 3362 2997 3418 nostri.
3028 3360 3121 3416 Vae
3156 3360 3313 3415 nobis
3347 3360 3476 3429 quia
3505 3372 3691 3428 pecca-

2125 3462 2321 3526 vimus,
2346 3459 2466 3514 ideo
2493 3459 2635 3514 enim
2665 3455 2900 3512 inimicis
2940 3453 3139 3509 nostris
3172 3452 3357 3507 maesti
3397 3451 3578 3505 traditi
3609 3465 3694 3504 su-

2125 3567 2264 3607 mus.
2297 3549 2376 3604 Tu
2404 3556 2604 3614 autem,
2621 3547 2870 3611 Domine,
2897 3546 2951 3600 in
2979 3552 3239 3599 aeternum
3266 3541 3695 3613 permanebis,et

2125 3641 2260 3695 solio
2287 3649 2378 3694 tuo
2405 3638 2551 3694 omni
2577 3635 2913 3708 generationi
2940 3649 3173 3704 semper,
3207 3641 3261 3688 et
3296 3633 3498 3701 ubique
3528 3631 3696 3686 domi-

2123 3732 2292 3800 naris,
2342 3745 2512 3800 quare
2557 3730 2612 3783 in
2659 3737 2979 3799 perpetuum
3019 3725 3358 3782 Oblivisceris
3401 3725 3608 3784 nostri,
3647 3731 3700 3777 et

2126 3825 2467 3893 derelinques
2491 3836 2590 3877 nos
2619 3822 2673 3876 in
2704 3819 3039 3892 longitudine
3080 3818 3291 3873 dierum
3317 3816 3543 3872 saeculi?
3567 3815 3700 3870 Con-

2127 3923 2275 3990 verte
2295 3928 2416 3980 nos,
2438 3912 2681 3976 Domine,
2707 3912 2774 3966 ad
2791 3919 2865 3977 te,
2887 3918 2942 3966 et
2956 3916 3352 3973 convertemur,
3372 3908 3570 3962 innova
3589 3908 3702 3962 dies

2129 4014 2342 4062 nostros
2363 4004 2502 4060 sicut
2523 4018 2553 4058 a
2575 4002 2864 4073 principio,
2886 4009 2942 4055 et
2963 3999 3095 4055 salvi
3119 3999 3343 4054 erimus.
3373 3998 3476 4052 Tui
3495 4014 3698 4064 sumus,

2127 4096 2372 4159 Domine,
2414 4095 2482 4149 ad
2525 4103 2578 4148 te
2613 4093 2961 4163 pertinemus,
3008 4098 3064 4145 et
3107 4097 3168 4144 tu
3192 4090 3351 4145 nobis
3390 4091 3700 4145 miserando

2125 4187 2381 4252 consulis,
2430 4186 2484 4240 in
2525 4193 2782 4240 aeternum
2809 4198 2994 4240 coram
3039 4190 3092 4237 te
3121 4182 3386 4237 vivemus.
3426 4181 3567 4247 Fiat,
3601 4183 3702 4238 Do-

2128 4280 2293 4343 mine,
2321 4293 2482 4347 super
2504 4291 2602 4331 nos
2626 4289 2838 4346 semper
2866 4282 2956 4330 tua
2986 4273 3382 4339 misericordia,
3407 4282 3468 4328 ut
3490 4273 3701 4330 laudem

2126 4377 2273 4425 tuam
2301 4369 2698 4423 annuntiemus.
