3960 6330
165 462 3412 511 2m

752 622 1326 736 ΒΕΔΤῙ
1399 621 1742 734 ΒΔΕ

1843 621 2124 733 IN!
2198 623 2802 739 MA“!!!

889 855 1268 912 FULDENSIS
1304 855 1593 913 ABBATIS
1633 856 1722 912 ET
1761 853 2139 912 MOGUNTINI
2175 855 2689 918 ARCHIEPISCOPI

1234 1051 2356 1172 ENABRATIONUM

165 1321 395 1460 IN
541 1311 1784 1454 EPISTOLAS
1927 1316 2601 1457 BEATI
2745 1323 3405 1464 PAULI

897 1589 1170 1669 LIBRI
1227 1590 1729 1668 TBIGINTA
1767 1577 2210 1668 (VIGINTI
2264 1589 2686 1683 NOVEM).

1513 1893 2086 1966 PREFATIO

1315 2069 1409 2124 AD
1448 2067 1824 2124 SAMUELEM
1863 2068 2268 2125 EPISCOPUM.

234 2319 462 2375 Domino
491 2325 675 2372 sancto
699 2325 754 2372 et
788 2315 982 2370 merito
1005 2313 1304 2370 venerabili
1341 2314 1580 2373 Suusu
1621 2314 1734 2382 epi-
1761 2316 1808 2375 A
1839 2321 1929 2379 plu
1960 2310 2235 2374 habeatis;
2285 2317 2342 2364 et
2387 2309 2569 2376 noble,
2619 2312 2762 2380 quod
2810 2323 3057 2372 nostrum
3103 2323 3208 2381 est,
3259 2319 3409 2374 ocius

161 2426 349 2480 scopo,
386 2409 651 2472 ﬁamus,
690 2408 944 2462 minimus
969 2421 1246 2462 servorum
1286 2407 1404 2473 Dei,
1439 2406 1494 2461 in
1524 2405 1739 2460 Christo

162 2503 416 2558 salutem.

241 2594 319 2646 Ex
359 2606 464 2662 quo
501 2605 593 2645 vos
630 2590 861 2660 primum
892 2589 1021 2654 vidi,
1060 2597 1115 2644 et
1145 2587 1372 2660 cognovi
1419 2587 1622 2659 ingenii
1650 2603 1742 2643 ve-

161 2685 269 2738 stri
315 2682 681 2738 excellentiam
704 2722 719 2747 ,
749 2695 1066 2751 morumque
1096 2681 1507 2750 temperantiam
1557 2679 1738 2744 sensi,

161 2788 383 2844 semper
418 2787 512 2826 vos
542 2771 719 2826 cordis
760 2772 1054 2825 intentione
1079 2783 1262 2824 amare
1307 2769 1511 2833 studui,
1544 2776 1600 2823 et
1622 2769 1738 2821 dul-

163 2867 416 2921 cissimos
443 2865 642 2919 amicos
668 2865 868 2918 habere
893 2863 1061 2934 elegi;
1089 2863 1208 2918 ideo
1233 2863 1515 2932 aliquoties
1536 2863 1736 2927 verbis,

164 2959 454 3029 aliquoties
481 2957 640 3011 etiam
673 2954 888 3024 scriptis
918 2955 982 3009 de
1008 2953 1315 3007 divinarum
1335 2951 1740 3020 Scripturarum

166 3051 383 3115 studiis,
408 3064 632 3119 quarum
663 3047 820 3100 lectio
851 3059 1063 3115 semper
1098 3045 1230 3098 mihi
1265 3043 1434 3098 dulcis
1461 3050 1598 3108 erat,
1632 3042 1743 3097 col-

165 3140 423 3195 lationem
464 3138 740 3192 vobiscum
779 3134 960 3189 habui.
1003 3131 1155 3188 Nunc
1188 3143 1367 3187 autem
1399 3133 1520 3202 quia
1562 3132 1739 3186 audivi

165 3229 458 3301 quamdam
505 3237 710 3297 partem
750 3224 951 3279 laboris
982 3223 1104 3285 mei,
1152 3237 1311 3291 quem
1353 3223 1407 3275 in
1449 3221 1740 3291 expositio-

167 3335 295 3376 nem
323 3333 594 3374 sacraruin
624 3315 1041 3385 Scripturarum,
1071 3322 1230 3382 prout
1257 3311 1739 3382 potui,elaboravi,

166 3425 266 3465 vos
289 3410 488 3464 habere
512 3407 666 3471 velle,
695 3415 749 3461 et
773 3405 1006 3460 maxime
1033 3405 1087 3458 in
1112 3402 1381 3472 Epistolas
1406 3402 1551 3458 beati
1580 3401 1734 3456 Pauli

166 3497 398 3571 apostoli
430 3513 442 3550 :
479 3495 750 3551 transmisi
779 3494 1050 3548 sanctitati
1085 3502 1276 3546 vestrm
1316 3491 1602 3560 quemdam
1631 3490 1741 3545 col-

167 3592 452 3649 lectarium
478 3589 542 3642 de
565 3596 872 3642 sanctorum
897 3584 1116 3638 Patrum
1145 3583 1417 3652 opusculis
1445 3582 1498 3636 in
1526 3583 1741 3638 easdem

166 3681 459 3755 Epistolas,
494 3693 655 3749 quem
685 3691 884 3745 nuper,
927 3684 1148 3745 rogante
1184 3674 1333 3742 Lupo
1365 3672 1630 3727 monacho
1657 3680 1738 3726 at-
1766 3667 1814 3726 Β

167 3791 277 3848 que
302 3785 426 3829 tunc
455 3772 703 3834 diacono,
734 3767 960 3832 confeci,
1001 3775 1058 3820 ut
1082 3776 1263 3821 vestro
1290 3765 1556 3821 desiderio
1584 3765 1742 3820 satis-

168 3865 430 3929 facerem,
454 3872 508 3918 et
555 3861 782 3916 aliorum
821 3857 1163 3924 utilitatibus,
1203 3857 1295 3926 qui
1339 3855 1526 3911 volunt
1565 3857 1739 3911 nostri

169 3956 375 4013 laboris
392 3953 678 4025 participes
697 3965 834 4014 esse,
853 3949 1209 4004 consulerem.
1229 3947 1338 4003 Nec
1355 3949 1506 4005 vobis
1524 3948 1739 4003 tzedium

169 4045 451 4118 prolixitas
504 4041 685 4113 operis
730 4039 910 4095 facere
961 4038 1158 4103 debet,
1216 4040 1358 4107 quod
1409 4039 1462 4093 in
1518 4039 1739 4109 triginta

171 4138 328 4194 libris
361 4143 788 4191 consummatum
818 4141 918 4196 est,
951 4131 1076 4201 quia
1106 4144 1214 4183 non
1261 4130 1418 4185 aliter
1455 4131 1743 4201 praedicto-

173 4245 296 4285 rum
330 4229 546 4283 Patrum
574 4241 762 4281 sensus
808 4226 873 4279 ad
910 4238 1103 4293 purum
1131 4223 1403 4292 explicare
1443 4222 1608 4288 volui,
1636 4223 1741 4278 nisi

173 4337 365 4378 eorum
402 4321 565 4384 dicta,
597 4327 755 4388 prout
776 4318 842 4372 ab
889 4317 1016 4385 ipsis
1044 4315 1186 4370 edita
1224 4325 1369 4379 sunt,
1412 4315 1620 4386 integra
1647 4330 1742 4384 po-

175 4430 395 4478 nerem,
439 4427 505 4467 ne
543 4411 698 4474 forte,
748 4412 792 4466 si
849 4410 977 4479 quid
1022 4409 1312 4463 indiscrete
1351 4407 1739 4475 abstraherem,

175 4521 368 4561 sensus
406 4519 592 4558 eorum
623 4501 1027 4571 intelligentiam
1055 4499 1463 4554 confunderem.
1499 4499 1744 4569 Accipite

175 4611 306 4666 ergo
332 4595 486 4649 fenus
517 4591 671 4645 vobis
697 4591 1062 4652 commissum,
1089 4597 1142 4643 et
1173 4603 1270 4659 per
1295 4589 1589 4658 scriptores
1613 4597 1748 4643 stre-

177 4699 314 4739 nuos
353 4682 541 4751 jubete
579 4681 710 4736 illud
748 4679 907 4734 citius
963 4682 1017 4734 in
1059 4681 1376 4734 membrana
1426 4679 1635 4749 excipi,
1671 4686 1749 4744 ut,

177 4775 224 4830 si
250 4773 382 4844 quid
405 4773 559 4828 vobis
587 4771 834 4829 utilitatis
854 4770 1026 4841 possit
1054 4770 1178 4826 inde
1200 4769 1458 4835 conferri,
1481 4770 1537 4823 in
1565 4783 1753 4838 prom-

184 4939 1777 4971 Μ

1844 2401 2141 2456 restituatis
2168 2418 2178 2453 :
2206 2417 2274 2455 ne
2305 2401 2424 2456 aliis
2449 2409 2688 2470 optatum
2721 2401 2901 2457 cibum
2931 2404 3216 2461 edentibus
3241 2409 3412 2463 nostri

1844 2493 2260 2564 apostolicorum
2308 2495 2520 2564 dapium
2560 2494 2734 2549 inedia
2785 2493 2983 2549 diutius
3019 2495 3188 2567 jejuni
3240 2511 3414 2553 rema-

1843 2594 2022 2640 neant.
2067 2584 2261 2640 Parata
2306 2587 2448 2640 enim
2494 2595 2617 2640 sunt
2669 2587 2819 2641 vobis
2875 2596 3058 2643 nostra
3106 2591 3307 2655 omnia,
3357 2600 3417 2647 ut

1843 2696 2174 2750 quaecunque
2238 2681 2362 2734 inde
2408 2679 2572 2734 vultis
2621 2681 2902 2750 accipere,
2967 2680 3051 2734 vel
3097 2696 3418 2752 quocunque

1845 2785 2085 2844 tempore
2106 2789 2169 2828 ea
2190 2775 2505 2830 desideretis
2532 2775 2752 2840 habere,
2781 2775 2984 2845 absque
3005 2776 3412 2841 retractatione,

1840 2874 2000 2936 prout
2015 2863 2343 2933 possibilitas
2371 2864 2520 2929 sinit,
2553 2873 2748 2919 vestrae
2775 2878 2873 2934 per
2912 2864 3096 2918 omnia
3133 2865 3412 2934 obtempe-

1841 2963 1964 3010 rent
1990 2954 2275 3008 voluntati.
2308 2953 2541 3009 Tantum
2573 2955 2714 3009 adsit
2757 2955 2916 3009 nobis
2941 2964 3124 3010 vestra
3153 2955 3411 3024 provisio,

1843 3058 1903 3104 ut
1933 3064 1997 3102 ea
2043 3063 2073 3100 a
2128 3047 2284 3101 nobis
2331 3047 2686 3114 exquirantur
2713 3087 2727 3109 ,
2774 3061 2894 3116 quae
2934 3047 3266 3116 possibilitas
3317 3061 3416 3100 nos

1842 3145 2100 3208 praestare
2129 3151 2289 3207 posse
2318 3142 2556 3200 censeat,
2582 3143 2633 3190 et
2664 3134 3068 3205 impossibilitas
3090 3136 3265 3207 aliqua
3291 3151 3418 3191 con-

1843 3231 1984 3285 ferre
2010 3245 2117 3283 non
2156 3228 2513 3282 contradicat.
2565 3227 2641 3280 De
2689 3235 2885 3281 caetero
2931 3235 3112 3280 autem
3157 3227 3282 3280 nolo
3323 3241 3419 3280 vos

1846 3321 2096 3392 ignorare
2143 3319 2284 3388 quod
2321 3319 2374 3372 in
2413 3317 2664 3386 przesenti
2702 3331 2845 3370 anno
2889 3317 3065 3371 valida
3103 3315 3420 3384 aegritudine

1843 3407 2172 3472 laborabam,
2205 3422 2270 3461 ex
2307 3421 2412 3475 qua
2450 3413 2507 3460 et
2530 3405 2645 3476 jam
2683 3407 2858 3461 adhuc
2895 3406 3109 3476 penitus
3147 3405 3421 3460 absolutus

1843 3516 1950 3555 non
1996 3515 2134 3554 sum.
2193 3497 2347 3554 Unde
2394 3499 2622 3552 obsecro
2673 3497 3017 3552 dilectionem
3066 3504 3303 3551 vestram
3361 3503 3422 3550 ut

1844 3593 2112 3662 adjuvetis'
2149 3605 2234 3646 me
2260 3591 2430 3645 sacris
2461 3589 2797 3645 orationibus
2824 3589 2963 3658 apud
2993 3589 3416 3659 omnipotentem

1844 3683 2132 3747 medicum,
2169 3682 2260 3751 qui
2281 3681 2529 3736 vulnerat
2561 3691 2616 3737 et
2645 3690 2820 3747 sanat,
2861 3680 3152 3736 mortiﬁcat
3184 3689 3241 3734 et
3274 3679 3414 3733 vivi-

1846 3777 1991 3841 ﬂcat,
2018 3786 2077 3829 ut
2104 3791 2209 3830 non
2235 3790 2320 3830 me
2345 3775 2638 3830 secundum
2661 3790 2780 3830 mea
2811 3774 3001 3828 merita
3026 3773 3202 3841 poenis
3226 3770 3422 3826 alliciat

1845 3868 2066 3932 debitis;
2104 3868 2197 3922 sed
2231 3869 2523 3922 secundum
2548 3880 2794 3935 magnam
2819 3863 3242 3918 misericordiam
3265 3877 3418 3916 suam

1846 3974 1950 4023 me,
1981 3959 2222 4013 remissis
2253 3958 2502 4012 omnibus
2545 3955 2784 4020 delictis,
2838 3953 3001 4008 faciat
3049 3954 3187 4007 dono
3235 3951 3422 4023 gratia:

1846 4064 1955 4104 sure
1981 4049 2034 4102 in
2063 4049 2174 4102 suis
2203 4047 2434 4119 gaudere
2461 4045 2758 4110 beneﬁciis,
2792 4053 2846 4099 et
2873 4045 2972 4098 sub
2996 4041 3112 4111 ejus
3141 4042 3422 4112 dispensa-

1847 4141 1991 4194 tione
2059 4139 2224 4193 vitam
2281 4145 2600 4208 prmsentem
2659 4137 2736 4190 ita
2789 4135 3128 4204 transigere,
3194 4133 3425 4202 qualiter

1841 4238 2057 4285 aeternae
2085 4230 2228 4294 vitae,
2267 4243 2385 4299 qua:
2420 4228 2473 4282 in
2494 4236 2781 4298 conspectu
2809 4225 2992 4295 gloria:
3015 4225 3131 4293 ejus
3160 4232 3262 4288 est,
3293 4237 3420 4291 par-

1845 4322 2014 4390 ticeps
2057 4320 2282 4376 existam
2321 4319 2624 4387 :optimum
2665 4317 2810 4371 enim
2859 4315 2988 4369 mibi
3039 4314 3107 4368 sit
3155 4313 3407 4367 omnibus

1845 4409 2035 4463 diebus
2059 4409 2185 4462 vita:
2219 4421 2352 4462 meae
2380 4406 2468 4461 hic
2496 4414 2552 4460 et
2587 4406 2641 4460 in
2687 4403 2887 4468 futuro,
2921 4418 3066 4458 nunc
3095 4410 3151 4457 et
3181 4415 3418 4470 semper,

1847 4497 1946 4552 sub
1969 4498 2087 4568 ejus
2115 4498 2504 4567 gubernatione
2540 4496 2742 4560 vivere,
2789 4503 2844 4548 et
2884 4494 3053 4563 ipsius
3078 4492 3342 4546 voluntati
3369 4493 3422 4546 in

1849 4589 2100 4644 omnibus
2127 4588 2418 4644 deservire.
2453 4585 2592 4656 Opto
2615 4601 2712 4640 vos
2738 4586 2874 4639 bene
2896 4583 3072 4637 valere
3105 4597 3339 4651 semper,
3368 4588 3427 4636 et

1852 4679 1907 4733 in
1937 4678 2108 4734 sacris
2139 4677 2424 4732 virtutibus
2449 4675 2688 4747 quotidie
2715 4673 2998 4744 proiicere;
3023 4682 3210 4727 sancte
3240 4679 3420 4742 pater,

1855 4785 2063 4825 memor
2087 4781 2202 4824 esto
2227 4768 2418 4824 nostri.

1787 4925 3414 4955 Μ

1293 5063 1821 5143 PRIEFATIO
1899 5059 2315 5139 ALTERA.

1135 5239 1226 5294 AD
1259 5237 1499 5296 LUPUM
1536 5232 1923 5294 MONACHUM
1963 5231 2053 5289 ET
2091 5232 2464 5291 DIACONUM.

251 5514 570 5573 Venerando
597 5510 749 5568 fratri
791 5517 847 5565 et
867 5507 1218 5566 commilitoni
1243 5508 1387 5565 Lupo
1425 5507 1626 5564 Christi
1649 5508 1751 5563 mi-
1777 5514 1822 5578 ο
1853 5507 2024 5572 carui,
2058 5506 2112 5562 in
2131 5504 2331 5568 animo,
2361 5502 2522 5558 crede
2544 5497 2698 5566 mihi,
2729 5497 3017 5554 dilectione
3036 5505 3127 5553 tua
3152 5513 3426 5568 nunquam

181 5611 354 5665 nistro
382 5606 654 5670 RABANUS,
699 5615 886 5658 servus
925 5616 1203 5656 servorum
1249 5601 1362 5665 Dei,
1417 5601 1470 5654 in
1517 5599 1746 5653 Domino

185 5701 438 5756 salutem.

257 5791 548 5845 Posttmam
580 5785 918 5843 desiderabili
951 5785 1235 5854 praesentia
1271 5794 1357 5840 tua
1396 5784 1748 5854 corporaliter

1857 5613 2059 5654 vacuus
2090 5596 2184 5659 fui,
2219 5593 2314 5650 sed
2340 5593 2525 5649 sedulo
2573 5589 2855 5646 revolvens
2883 5590 3118 5644 studium
3148 5588 3290 5658 quod
3330 5589 3425 5642 lia-

1856 5691 2022 5746 bebas
2068 5689 2122 5742 in
2162 5686 2509 5742 meditatione
2545 5683 2741 5738 divinae
2785 5681 2940 5749 legis,
2998 5688 3052 5735 et
3104 5679 3426 5735 modestiam

1857 5796 2065 5836 morum
2107 5777 2324 5848 quibus,
2374 5777 2514 5831 inter
2562 5789 2660 5830 nos
2693 5785 3041 5836 conversans,
3089 5786 3193 5826 non
3236 5785 3428 5840 parum
