3960 6368
523 344 660 407 12⁸15

1148 343 1215 399 Β.
1258 336 1511 428 RABANl
1544 340 1762 397 MAURI
1793 340 2089 397 ARCHIEP
2151 342 2456 398 MOGUNT.
2496 337 2777 398 OPERUM
2814 341 2991 400 PARS
3026 343 3113 400 ῐιῐ.

3634 346 3764 403 ητα

521 444 707 520 inultis
749 454 995 515 amabilis
1032 473 1186 525 eras,
1233 458 1509 529 petitionis
1550 464 1674 523 tuae,
1726 471 1828 511 nec
1875 472 1982 511 non
2036 464 2092 513 ct
2118 459 2173 520 Α
2196 455 2317 510 aliis
2344 456 2432 510 illa
2462 458 2835 527 pronuntiare,
2869 473 2936 512 ne
2968 456 3107 513 forte
3139 460 3447 515 auditorem
3476 460 3765 518 confundat

451 567 455 571 '
523 553 828 627 Sponsionis
866 567 998 607 meae
1040 561 1271 617 memor.
1316 550 1684 606 adlectarium
1723 549 1780 603 in
1806 548 2092 620 Epistolas

524 645 672 700 Pauli
699 641 947 713 apostoli,
974 650 1134 725 prout
1162 636 1335 710 potui,
1360 638 1586 696 confeci.
1615 639 1673 694 ιη
1693 655 1802 708 quo
1828 648 2091 725 quantum

370 728 373 729 ⁷
444 762 448 765 ·
524 736 653 798 mihi
681 735 849 799 licuit,
878 741 933 789 et
972 732 1298 803 possibilitas
1337 732 1485 810 sivit,
1505 724 2119 800 'adjuvantibus'etiam'

524 827 862 882 consortibus
895 825 1140 887 lectionis
1172 823 1390 891 noétrte,
1429 840 1494 880 ex
1525 834 1834 880 sanctorum
1870 823 2091 878 Patrum

428 974 431 975 ν
524 915 682 971 dictis
713 916 766 970 in
796 931 960 970 unum
985 914 1172 986 collegi
1196 916 1337 984 quod
1369 914 1442 970 illi
1464 917 1532 970 in
1555 904 1783 970 diversis
1820 916 2091 985 opusculis

525 1002 655 1072 suis,
698 1016 859 1078 prout
899 1008 1270 1077 opportunitas
1321 1014 1592 1060 tractatus.
1630 1008 1955 1079 postulabat,
1990 1024 2088 1078 po-

502 1108 706 1152 suere;
732 1098 968 1163 Quorum
1001 1097 1222 1166 scripta,
1249 1097 1375 1166 quia
1412 1094 1567 1177 juxta
1597 1097 1872 1167 copiosam
1902 1097 2089 1153 faenu-

525 1186 667 1240 diam
697 1198 885 1239 eorum
927 1184 1090 1261 latam
1129 1185 1517 1255 expositionem
1548 1187 1877 1252 habuerunt,
1908 1189 2088 1243 brevi-

388 1270 391 1271 ⁷
477 1291 480 1294 ’
516 1277 622 1332 tati
651 1278 895 1342 studens,
923 1278 1164 1345 excerpsi
1192 1276 1317 1332 inde
1343 1291 1464 1347 quae
1502 1279 1808 1358 necessaria
1854 1280 2035 1349 putavi
2073 1300 2086 1334 :

524 1373 584 1423 ut
615 1370 661 1423 si
702 1370 788 1422 cui
813 1356 916 1423 hoc
956 1384 1094 1437 opus
1131 1370 1376 1423 nostrum
1421 1369 1600 1441 legere
1635 1356 1884 1427 voluntas
1921 1382 2087 1439 esset,

505 1457 857 1532 diversorum
907 1458 1190 1535 doctorum
1230 1473 1419 1514 sensus
1464 1456 1829 1515 ‘continuatim
1888 1464 2091 1531 positos

523 1551 817 1617 inveniret;
848 1551 934 1606 cui
958 1560 1136 1606 autem
1159 1552 1532 1621 displicuisset,
1565 1553 1681 1621 ipse
1702 1553 1767 1607 de
1789 1555 2091 1623 purissimis

447 1660 451 1664 λ
523 1641 759 1717 fontibus
784 1634 1171 1697 catholicorum
1193 1644 1639 1712 expositorumgia
1662 1645 1774 1698 suis
1794 1645 1949 1710 locis,
1973 1662 2091 1715 quze

521 1748 626 1804 que
660 1733 847 1797 vellet,
895 1734 1155 1789 hauriret.
1205 1733 1372 1800 Nemo
1390 1734 1541 1787 enim
1575 1747 1698 1788 eum
1727 1735 1896 1789 nostri
1939 1735 2092 1791 labo-

2189 562 2316 602 cum
2342 549 2603 603 nescierit
2621 548 2746 619 quis
2772 549 2879 604 hoc
2900 549 2983 605 vel
3002 548 3138 605 illud
3159 551 3417 613 ediderit.
3445 562 3503 607 et
3543 553 3766 607 alterius

2191 638 2395 709 scripta
2455 642 2747 696 arbitretur
2797 656 2960 712 quam
3008 657 3068 697 se
3118 644 3320 697 veritas
3383 646 3567 700 habet.
3631 644 3765 701 Sunt

2193 735 2335 786 enim
2372 747 2558 787 eorum
2609 747 2798 787 sensus
2841 734 2896 787 in
2932 734 3198 804 aliquibus
3239 738 3663 803 concordantes,
3709 738 3758 791 in

2192 823 2458 893 aliquibus
2491 832 2618 877 vero
2647 823 3031 893 discrepantes.
3064 825 3214 880 Unde
3241 828 3611 883 necessarium
3640 845 3760 883 reor

2193 923 2250 969 ut
2292 916 2529 969 intentus
2570 914 2781 968 auditor
2819 930 2914 984 per
2958 916 3213 971 lectorem
3248 917 3484 986 primum
3535 919 3760 971 recitata

2191 1006 2521 1076 Singulorum
2550 1014 2828 1060 auctorum
2872 1008 3088 1061 nomina
3118 1017 3243 1062 ante
3293 1009 3493 1078 scripta
3540 1024 3637 1063 sua
3671 1026 3764 1062 au-

2191 1097 2320 1163 diat,
2352 1084 2617 1169 quatenus
2639 1097 2774 1151 sciat
2794 1097 2919 1166 quid
2948 1097 3002 1151 in
3024 1097 3252 1153 lectione
3280 1101 3576 1169 apostolica
3600 1118 3770 1156 unus-

2191 1188 2417 1258 quisque
2484 1188 2757 1253 senserit,~
2811 1178 2994 1258 sicque
3056 1189 3111 1243 in
3157 1194 3391 1245 mentem
3444 1208 3598 1246 suam
3654 1192 3769 1261 plu-

2190 1278 2326 1332 rima
2366 1274 2713 1343 coacervatis,
2766 1283 2940 1348 potest
2985 1279 3053 1334 de
3087 1279 3311 1351 singulis
3349 1279 3596 1346 judicare
3637 1280 3769 1348 quid

2191 1369 2291 1423 sibi
2323 1368 2454 1423 utile
2475 1368 2546 1423 sit
2576 1362 2700 1422 inde
2720 1383 2935 1424 sumere
2967 1387 2980 1423 :
3004 1369 3258 1425 doctores
3275 1373 3424 1429 enim
3452 1370 3551 1439 ipsi
3573 1386 3768 1425 omnes

2191 1459 2438 1514 catholici
2465 1459 2699 1525 fuerunt,
2728 1468 2955 1528 excepto
2976 1458 3227 1529 Origene,
3254 1458 3407 1528 cujus
3432 1469 3606 1513 tamen
3637 1476 3761 1515 sen-

2193 1551 2386 1605 tentias
2418 1538 2805 1614 tantummodo,
2844 1564 2982 1619 quas
3019 1550 3287 1605 catholico
3325 1568 3485 1606 sensu
3524 1553 3768 1622 prolatas

2190 1632 2417 1706 Credidi,
2447 1640 2681 1710 sumpsi;
2711 1649 2936 1695 caeteras
2968 1652 3147 1696 autem
3180 1627 3521 1711 prmtermisi.
3553 1643 3666 1697 Nec
3699 1662 3764 1697 ex

2193 1747 2313 1787 meo
2339 1748 2496 1801 sensu
2524 1732 2574 1785 in
2618 1732 2719 1785 hoc
2745 1746 2909 1801 opere
2934 1733 3083 1803 plura
3124 1733 3341 1802 protuli,
3380 1736 3521 1787 sicut
3547 1734 3599 1786 in
3644 1732 3765 1787 aliis

524 1821 597 1877 ris
640 1830 791 1876 usbm
829 1823 1028 1877 habere
1047 1822 1257 1894 cogitur
1286 1823 1504 1893 invitus,
1533 1823 1659 1893 quia
1689 1824 1941 1879 studiesis
1970 1833 2089 1878 tan-
2117 1817 2164 1877 B
2190 1822 2461 1893 opusculis
2490 1824 2623 1877 meis
2651 1822 2776 1887 feci,
2813 1826 3039 1877 credens
3079 1824 3260 1877 sobrio
3299 1822 3485 1877 lectori
3518 1822 3765 1878 suﬂicere

474 1918 477 1919 ⁷
524 1924 633 1968 tum
685 1914 945 1975 laboravi,
992 1928 1098 1966 non
1143 1913 1486 1969 fastidiosis:
1536 1915 1729 1969 melius
1774 1915 1922 1969 enim
1956 1914 2085 1968 mihi

522 2004 733 2059 videtur
762 2009 819 2056 ut
848 2002 962 2057 sine
992 2001 1191 2055 invidia
1213 2003 1447 2069 nominis
1472 2004 1574 2057 mei
1599 2012 1653 2057 et
1676 2005 1932 2073 despectu
1955 2018 2086 2072 ope-’

522 2098 617 2164 ris,
655 2098 857 2167 absque
896 2110 1120 2151 rancore
1161 2082 1445 2165 tranquilla
1483 2106 1660 2151 mente
1695 2096 1836 2168 legat
1863 2112 1923 2151 ea
1945 2111 2089 2166 qua:-

522 2188 620 2244 sibi
649 2188 902 2259 prodesse
929 2186 1119 2251 credit,
1150 2202 1310 2255 quam
1334 2200 1456 2241 cum
1486 2187 1904 2256 reprehensione
1929 2196 2089 2257 atque

515 2278 771 2335 irrisione
796 2278 1168 2347 alieni'operis
1211 2278 1417 2333 crimen
1458 2278 1807 2332 detractionis
1844 2278 2088 2340 incurrat
2135 2317 2138 2321 ι

520 2360 683 2441 atque
706 2372 899 2438 anima
922 2385 1033 2425 suae
1063 2368 1267 2439 peccati
1306 2369 1734 2434 mortemDeum
1770 2366 2086 2422 eli-"cudendo

522 2462 647 2517 inde
676 2463 922 2533 acquirat
952 2476 966 2513 :
1001 2455 1150 2514 illum
1195 2460 1491 2528 autem‘qni
1528 2459 1760 2513 lectione
1788 2467 1975 2512 nostra
2009 2458 2084 2513 uti

521 2552 703 2621 elegit,
731 2546 995 2625 admoneo
1017 2558 1080 2605 ut
1103 2550 1413 2618 ubicunque
1440 2550 1785 2618 conspexerit
1806 2556 2087 2602 auctorum

522 2642 760 2707 nomina,
787 2647 1012 2711 quorum
1031 2641 1184 2695 .dicta
1211 2655 1277 2696 es
1301 2640 1453 2705 libris
1475 2640 1591 2695 suis
1609 2641 1889 2709 ‘excerpsi,
1922 2639 2089 2693 forin-

378 2720 380 2722 V
458 2792 462 2795 ,
521 2727 678 2789 secus
702 2732 754 2789 in
783 2732 978 2803 pagina
1014 2733 1237 2802 singulis
1265 2732 1481 2794 litteris,
1506 2739 1600 2785 aut
1626 2732 1789 2796 binis,
1813 2745 1910 2786 seu
1927 2730 2090 2785 etiam

524 2822 691 2897 ternis
708 2832 1027 2894 praenotata,
1066 2839 1172 2878 non
1201 2827 1379 2892 pigeat
1410 2830 1543 2881 eum,
1560 2822 1615 2876 in
1654 2821 1879 2893 legendo
1903 2835 2091 2877 coram

2186 1914 2331 1984 quod
2358 1914 2410 1967 in
2444 1914 2664 1967 Patrum
2703 1913 2983 1968 sententiis
3002 1912 3204 1967 editum
3231 1914 3509 1983 repererit.

2262 2002 2337 2057 De
2364 2009 2560 2056 caetero
2588 2008 2799 2070 quoque
2838 2003 3122 2081 ainabilem
3153 2004 3475 2058 charitutem
3502 2013 3646 2057 tuam
3670 2006 3761 2058 de-

2190 2111 2380 2165 precor
2409 2103 2467 2148 ut
2491 2104 2543 2148 tu
2580 2095 2691 2164 ipse
2720 2110 2817 2164 pro
2843 2096 3079 2165 peccatis
3105 2096 3239 2149 meis
3269 2095 3551 2149 Dominum
3597 2096 3760 2150 inter-

2192 2174 2371 2249 cedas,
2419 2185 2756 2259 idipsumque
2800 2183 3041 2241 fraterno
3082 2185 3176 2239 tibi
3223 2200 3405 2238 amore
3448 2185 3758 2252 cnnjuuctos

2190 2264 2666 2340 facet-e‘hortcris,
2714 2284 2977 2343 quatenus
3021 2290 3118 2345 per
3150 2285 3329 2328 vestra
3371 2273 3625 2346 suffragia
3671 2291 3758 2329 ve-

2189 2367 2335 2421 niam
2365 2366 2679 2420 delictorum
2710 2380 2953 2420 meorum
2984 2366 3125 2435 apud
3160 2360 3397 2419 divinam
3423 2365 3755 2418 clementiam

2190 2459 2435 2527 accipere
2465 2450 2695 2521 merear,
2735 2466 2789 2510 et
2831 2457 2885 2510 in
2918 2455 3100 2510 futura
3126 2456 3237 2510 vita
3284 2471 3406 2510 cum
3438 2456 3623 2509 electis
3663 2456 3752 2509 Dei

2189 2550 2428 2619 requiem
2466 2548 2870 2619 sempiternam.
2916 2547 3309 2602 Beatitudinem
3361 2556 3534 2612 tuam,
3579 2556 3751 2601 sancte

2191 2639 2401 2707 frater,
2449 2650 2650 2695 reterns
2695 2639 2896 2695 Christi
2944 2640 3199 2709 maiestas
3254 2639 3427 2694 sacris
3476 2639 3753 2693 virtutibus

2162 2729 2481 2804 pollentem
2505 2733 2558 2788 in
2594 2744 2854 2789 mternum
2878 2747 3208 2789 conservare
3242 2733 3514 2802 dignetur.

536 2959 3753 2991 ww

1763 3072 1767 3076 ‘
1843 3059 2429 3155 PROLOGUS.

2046 3244 2239 3258 ῃ

554 3373 557 3376 ν
596 3349 835 3413 Primum
864 3345 1121 3418 quaeritur
1144 3359 1314 3415 quare
1333 3352 1459 3417 post
1477 3342 1786 3414 Evangelia,
1812 3312 1945 3415 quae~
1968 3356 2096 3411 sup-
2124 3345 2168 3407 ρ
2201 3333 2357 3395 restet
2400 3357 2413 3393 :
2466 3353 2590 3393 nam
2637 3299 2779 3394 hanc
2930 3338 3305 3408 proficiscente
3341 3336 3755 3412 Hierosolymam

525 3440 851 3512 plementum
882 3437 1039 3506 Legis
1081 3444 1227 3501 sunt,
1258 3450 1311 3499 et
1343 3436 1400 3490 iu
1434 3435 1629 3505 quibus
1657 3434 1814 3489 nobis
1848 3434 2092 3513 exempla

525 3542 581 3588 et
614 3534 879 3601 praecepta
909 3528 1115 3583 vivendi
1135 3528 1445 3598 plenissima
1473 3527 1679 3597 digesta
1698 3534 1843 3591 sunt,
1868 3526 2097 3581 voluerit
2114 3586 2131 3592 ,

526 3622 811 3692 Apostolus
838 3622 935 3677 hes
963 3618 1239 3689 Epistolas
1261 3618 1326 3672 ad
1361 3618 1600 3688 singulas
1633 3632 1873 3686 quasque
1906 3616 2093 3673 Eccle-

528 3715 638 3769 slas
669 3712 969 3776 destinare;
1003 3711 1104 3766 hac
1142 3718 1321 3765 autem
1353 3724 1513 3764 causa
1539 3709 1593 3763 id
1618 3700 1823 3764 factum
1863 3710 2093 3773 videtur,

521 3812 589 3859 ut
619 3801 839 3862 scilicet
885 3801 1037 3873 initia
1076 3800 1345 3856 nascentis
1391 3800 1676 3866 Ecclesia,
1719 3800 1871 3854 novis
1919 3801 2098 3855 causis

528 3894 900 3956 existentibus,
954 3884 1331 3962 praemuniret,
1384 3900 1438 3946 et
1493 3901 1553 3946 ut
1596 3889 1886 3960 pneSenti‘a
1932 3899 2131 3959 atque,

529 3987 755 4041 orientia
796 3992 1066 4043 resecaret
1100 3984 1227 4038 vitia
1254 4001 1270 4036 -:
1302 3990 1361 4039 et
1386 3990 1508 4054 post
1538 3974 2099 4037 futuras'excluderet

473 4078 475 4081 ’
530 4077 856 4146 qumstiones
885 4073 1131 4142 exemplo
1171 4074 1575 4142 prophetarum,
1606 4070 1699 4141 qui
1749 4075 1868 4141 post
1897 4072 2098 4125 editam

531 4164 725 4234 Legem
758 4163 949 4234 Moysi,
983 4164 1035 4216 in
1071 4178 1177 4232 qua
1215 4164 1397 4219 omnia
1421 4162 1527 4217 Dei
1571 4163 1822 4216 mandata
1850 4161 2100 4230 legeban-

535 4265 644 4319 tur,
678 4250 1025 4326 nihil0minus
1060 4261 1263 4308 tamen
1285 4255 1528 4326 doctrina
1559 4269 1653 4309 sua
1691 4253 1929 4308 rediviva
1957 4248 2121 4307 sem?

532 4359 630 4415 per
650 4343 827 4413 populi
851 4359 1218 4421 compressere
1237 4353 1457 4413 peccata
1489 4354 1544 4399 et
1561 4354 1778 4414 propter
1797 4343 2113 4414 exemplum

534 4434 686 4487 libris
735 4435 800 4486 ad
837 4442 1076 4487 nostram
1105 4434 1266 4486 etiam
1318 4433 1631 4487 memoriam
1665 4433 2096 4509 transmiserunt.

535 4522 734 4577 Deinde
760 4524 1020 4590 qumritur
1047 4538 1145 4578 cur
1165 4537 1271 4577 non
1292 4521 1525 4592 amplius
1559 4524 1934 4592 quamdecem
1979 4523 2101 4593 Epi-

443 4623 446 4627 '
535 4613 701 4665 stolas
716 4613 779 4665 ad
807 4613 1073 4669 Ecclesias
1089 4613 1369 4682 scripserit
1396 4653 1408 4666 .
1433 4614 1617 4669 decem
1661 4622 1787 4667 sunt
1810 4614 1952 4667 enim
1976 4629 2098 4668 cum

2192 3426 2473 3499 scripsisse
2498 3436 2724 3485 testatur
2741 3432 2759 3491 ;‘
2779 3444 2899 3483 cum
2926 3427 3230 3483 Corinthios
3254 3436 3310 3483 et
3332 3428 3489 3492 alios,
3517 3441 3638 3485 ante
3654 3428 3756 3497 jam

2194 3529 2253 3577 ut
2281 3520 2465 3592 [etiam
2492 3518 2675 3590 quam]
2708 3518 3092 3583 ministerium,
3125 3520 3269 3588 quod
3311 3534 3496 3574 secum
3535 3528 3759 3590 portatu-

2194 3628 2286 3669 rus
2325 3619 2468 3688 .erat,
2516 3611 2845 3682 colligerent,
2884 3611 3079 3665 litteris
3120 3610 3440 3666 adhortatus
3480 3612 3569 3665 sit.
3613 3610 3761 3667 Unde

2194 3706 2418 3781 intelligi
2442 3706 2665 3774 quidam
2694 3706 2877 3759 volunt
2918 3705 2991 3758 ita
3032 3719 3223 3759 omnes
3249 3704 3519 3773 Epistolas
3553 3706 3759 3759 ordina-

2198 3807 2298 3865 tas,
2350 3809 2408 3851 ut
2453 3797 2623 3866 prima
2668 3804 2977 3866 poneretur,
3021 3796 3269 3866 quamvis
3296 3798 3570 3865 posterior
3609 3796 3762 3851 fuerit

2198 3887 2493 3951 destinata,
2551 3895 2611 3940 ut
2666 3900 2764 3955 per
2819 3886 3056 3956 singulas
3119 3886 3387 3956 Epistolas
3449 3888 3761 3956 quibusdam

2198 3978 2348 4050 quasi
2376 3976 2628 4048 gradibus
2659 3962 2725 4031 ad
2761 3976 3148 4047 perfectionem
3176 3978 3472 4034 veniretur.
3503 3978 3765 4033 Romano-

2198 4087 2316 4127 rum
2346 4086 2574 4140 namque
2599 4070 2836 4140 plerique
2860 4079 2968 4125 tam
2995 4072 3153 4127 rudes
3177 4081 3354 4139 erant,
3395 4083 3453 4127 ut
3478 4089 3585 4129 non
3616 4074 3763 4129 intel-

2200 4162 2422 4231 ligereut
2443 4161 2536 4215 Dei
2567 4176 2626 4215 se
2645 4161 2837 4231 gratia,
2870 4176 2974 4215 non
2995 4162 3109 4217 suis
3136 4163 3345 4228 meritis
3366 4178 3487 4218 esse
3513 4166 3757 4225 salvatus.

2200 4260 2253 4306 et
2278 4251 2347 4306 ob
2380 4253 2482 4305 hoc
2506 4250 2609 4305 duo
2635 4251 2776 4306 inter
2812 4268 2870 4307 se
2909 4253 3091 4324 pepuli
3120 4253 3529 4321 conﬂictarent;
3570 4257 3761 4311 idcirco

2183 4331 2319 4398 Iillos
2367 4342 2602 4413 indigere
2647 4346 2844 4398 asserit
2899 4346 3228 4410 conﬁrmari,
3278 4348 3419 4403 vitia
3454 4349 3762 4420 gentilitatis

2198 4432 2379 4503 priora
2415 4446 2883 4497 commemorans;
2934 4432 3227 4489 Corinthiis
3271 4446 3455 4491 autem
3496 4437 3762 4507 jam'dicit

2202 4522 2436 4577 scientiae
2462 4524 2688 4593 gratiam
2716 4538 2835 4578 esse
2855 4514 3183 4591 concessam,
3213 4534 3267 4582 et
3305 4542 3413 4582 non
3446 4536 3554 4582 tam
3588 4542 3761 4581 omnes

2200 4613 2460 4681 increpat,
2511 4615 2671 4683 quam
2711 4629 2811 4666 cur
2852 4624 3139 4683 peccantes
3187 4631 3290 4671 non
3337 4618 3758 4687 increpaveriut,

537 4702 622 4755 illa
648 4716 765 4770 quae
797 4701 991 4755 dicitur
1019 4703 1083 4755 ad
1133 4701 1413 4768 Hebraeos;
1459 4710 1583 4759 nam
1628 4698 1845 4773 reliquae
1871 4713 2103 4773 quatuor
2126 4696 2179 4756 D
2205 4704 2564 4773 reprehendit,
2589 4705 2729 4759 sicut
2749 4706 2822 4758 ait
2850 4724 2861 4757 :
2896 4705 3125 4763 Auditur
3166 4710 3305 4762 inter
3356 4726 3444 4762 vos
3492 4708 3757 4776 fomicalio

536 4792 603 4843 ad
624 4790 908 4859 discipulos
931 4790 1237 4859 specialiter
1261 4800 1386 4845 sunt
1414 4797 1674 4861 pert-ecta:
1715 4812 1727 4847 :
1760 4804 1816 4846 et
1846 4790 2099 4865 [scilicet]

536 4884 921 4937 utostenderet
940 4883 1143 4937 Novum
1174 4880 1279 4941 non
1298 4884 1604 4954 discrepare
1634 4901 1663 4938 a
1702 4886 1883 4939 Veteri
1910 4872 2099 4939 Testa-

539 4983 739 5039 mento,
770 4983 824 5027 et
845 4982 902 5028 se
923 4969 1109 5028 contra
1134 4968 1325 5044 Legem
1346 4991 1451 5028 non
1476 4975 1653 5030 facere
1684 4975 1869 5046 Moysi,
1903 4976 1969 5032 ad
2006 4991 2103 5033 nu-

542 5079 747 5118 merum
798 5064 1090 5133 primorum
1122 5064 1368 5134 Decalogi
1408 5066 1781 5119 mandatorum
1817 5076 1940 5119 snas
1978 5065 2102 5134 Epi‘

541 5156 708 5211 stolas
740 5155 1043 5221 ordinavit;
1087 5165 1141 5210 et
1170 5165 1300 5225 quot
1329 5157 1414 5209 ille
1453 5158 1732 5226 przcceplis
1759 5164 1791 5210 a
1827 5156 2107 5211 Pharaone

544 5247 771 5301 instituit
796 5246 1069 5309 liberatos,
1092 5238 1308 5300 totidem
1354 5248 1442 5301 hic
1469 5240 1722 5315 Epistolis
1750 5262 1779 5300 a
1821 5237 2016 5302 diabOli
2053 5255 2107 5301 et

544 5336 853 5391 idololatriae
881 5338 1138 5391 servitute
1162 5337 1349 5389 edocet
1372 5338 1663 5405 acquisitos
1694 5355 1705 5388 :
1745 5351 1870 5407 nam
1899 5346 1953 5390 et
1971 5339 2107 5390 duas

544 5427 752 5483 tabulas
810 5428 1047 5497 lapideas
1090 5430 1320 5484 duorum
1367 5428 1831 5484 Testamentorum
1876 5427 2105 5496 ﬁguram

544 5519 796 5573 habuisse
819 5518 919 5571 vir‘i
949 5514 1295 5575 eruditissimi
1339 5514 1695 5574 tradiderunt.
1731 5516 1901 5573 Movet
1944 5518 2108 5587 etiam,

545 5611 803 5681 quosdam
829 5626 995 5679 quare
1025 5607 1387 5681 Romanorum
1428 5604 1672 5678 exempla
1715 5608 1769 5663 in
1796 5608 1969 5679 prima
2000 5609 2123 5663 sint.

546 5706 735 5782 posita,
772 5722 894 5762 cum
920 5722 1041 5777 eam
1072 5722 1179 5764 non
1217 5707 1447 5780 primam
1477 5708 1735 5777 scriptam
1762 5704 1900 5761 ratio
1928 5705 2106 5763 mani-

2205 4798 2255 4870 (I
2288 4796 2410 4852 Cor.
2436 4797 2526 4867 v);
2580 4806 2633 4851 et
2672 4798 2862 4851 iterum
2886 4804 2911 4851 ἐ
2945 4795 3281 4868 Congregatis
3321 4801 3463 4854 vobis
3505 4818 3616 4852 cum
3653 4815 3756 4851 meo

2202 4892 2409 4960 spiritu,
2445 4890 2649 4943 tradere
2682 4890 2982 4958 hujusmodi
3024 4892 3285 4946 hominem
3312 4890 3527 4946 Salaria:
3554 4889 3752 4961 (Mitt).

2200 4980 2260 5036 In
2299 4979 2532 5036 secunda
2579 4996 2705 5035 vero
2747 4981 3052 5043 laudantur,
3096 4982 3247 5035 etut
3275 4983 3447 5051 magis
3494 4997 3555 5035 ac
3597 4980 3755 5049 magis

2178 5058 2486 5141 proﬁciant
2515 5069 2887 5125 admonentur.
2918 5056 3131 5125 Galatas
3150 5069 3259 5138 jam
3304 5071 3499 5126 nullius
3526 5071 3751 5125 criminis

2207 5169 2526 5230 arguuntur,
2551 5161 2651 5217 nisi
2674 5162 2784 5215 hoc
2815 5169 3021 5215 tantum
3053 5164 3193 5231 quod
3224 5163 3581 5219 callidissimis
3632 5178 3750 5235 apo-

2208 5252 2358 5325 stolis
2384 5254 2741 5309 crediderunt.
2763 5253 2974 5321 Ephesii
3002 5268 3131 5308 sane
3159 5253 3299 5308 nulla
3332 5255 3747 5326 reprehensione,

2204 5343 2301 5397 sed
2324 5342 2492 5397 multa
2519 5343 2673 5397 laude
2709 5352 2833 5396 sunt
2871 5343 3038 5414 digni,
3069 5344 3193 5413 quia
3229 5342 3389 5399 ﬁdem
3424 5343 3747 5414 apostolicam

2178 5442 2181 5444 ’
2209 5443 2578 5489 servaverunt.
2607 5428 2972 5503 Philippenses
2991 5428 3161 5492 etiam
3188 5437 3356 5491 multo
3378 5438 3545 5509 magis
3568 5436 3750 5491 collau-

2210 5527 2426 5592 dantur,
2450 5529 2541 5599 qui
2570 5544 2669 5583 nec
2702 5528 2888 5583 audire
2923 5529 3137 5601 quidem
3177 5528 3341 5584 falsos
3368 5528 3629 5600 apostolos
3666 5541 3751 5579 vo—

2210 5618 2443 5673 luerunt.
2469 5619 2813 5675 Colossenses
2836 5630 3012 5674 autem
3032 5621 3179 5676 tales
3213 5630 3388 5685 erant,
3419 5629 3475 5675 ut
3492 5635 3609 5678 cum
3635 5634 3749 5689 apo-

2209 5708 2345 5763 stole
2366 5710 2465 5767 visi
2494 5709 2845 5784 corporaliter
2881 5726 2987 5771 neu
3024 5711 3278 5781 fuissent,
3300 5713 3404 5769 hac
3434 5712 3585 5770 laudo
3616 5708 3749 5777 digni
