3960 6324
256 339 399 397 ηπ

801 335 1348 393 ΕΝΔΒΒᾺΤῘΟΝΙΙΙ(
1383 335 1452 393 IN
1490 336 1637 393 EPP.
1678 336 1805 395 PAL‘

1918 290 2049 393 ue.
2087 336 2132 392 ι.
2174 366 2243 377 -
2276 336 2348 392 in
2384 335 2604 396 EPIST.
2645 338 2736 393 AD
2776 337 2976 395 non.

3359 341 3494 399 l278

244 455 583 511 haberentur
610 471 622 483 ·
669 452 731 507 Et
778 454 824 507 si
851 470 1064 525 corpore
1105 454 1286 508 absens
1327 468 1464 517 sum,
1512 454 1601 507 sed
1627 454 1815 524 spiritu
1842 455 1894 517 Α
1919 459 2039 509 esse
2066 449 2342 505 dicuntur?
2369 450 2509 505 sicut
2536 450 2647 518 ipse
2676 451 2752 504 ait
2782 466 2797 503 :
2823 451 2890 504 Et
2918 466 3005 505 vos
3034 456 3223 521 fratres
3253 455 3354 507 mei
3375 456 3494 533 nni-

242 550 531 612 oobiscam,
556 546 785 617 gaudens
809 556 857 600 et
882 546 1056 601 videns
1074 548 1307 602 ordinem
1323 556 1550 601 vestrum
1567 544 1700 617 (Col.
1726 546 1808 615 ιι).

243 638 755 695 Thessalonicenses
808 638 1157 693 nihilominus
1204 639 1261 693 in
1310 639 1520 694 duabus
1560 638 1814 709 Epistolis

241 731 397 785 omni
421 730 577 783 laude
609 730 969 798 prosequitur,
1014 744 1079 784 eo
1117 729 1259 798 quod
1297 745 1405 784 non
1446 730 1615 783 solum
1652 728 1813 783 iidem

243 820 621 876 inconcussam
645 820 975 875 servaverint
1000 820 1259 882 veritatis.
1297 820 1389 874 sed
1416 817 1582 874 etiam
1612 819 1662 873 in
1693 834 1813 889 per-

243 900 525 965 Secutione
549 911 742 964 civium
785 909 981 964 fuerint
1009 918 1315 965 constantes
1347 910 1565 964 inventi.
1596 910 1671 982 De
1703 909 1809 964 Hec

240 1000 412 1056 bracis
449 1018 576 1055 vero
600 1002 726 1070 quid
762 1002 1043 1058 dicendum
1074 1012 1176 1067 est,
1210 1016 1437 1072 quorum
1467 1001 1811 1061 Thessaloni-

242 1106 475 1159 censes,
496 1094 584 1162 qui
616 1092 905 1164 plurimum
934 1093 1134 1149 laudati
1174 1102 1319 1160 sunt,
1353 1090 1651 1147 imitatores
1684 1091 1812 1153 facti

1920 554 2112 600 latores
2140 542 2266 614 fasti
2290 534 2412 597 estis
2455 540 2811 613 Ecclesiarum
2857 542 2960 597 Dei
2981 560 3097 615 quas
3133 554 3255 605 sunt
3298 546 3354 599 in
3392 546 3495 602 lit-

1920 633 2038 687 daza
2068 647 2085 685 :
2114 632 2297 690 eadem
2341 633 2477 686 enim
2510 633 2651 702 passi
2686 634 2808 687 estis
2837 643 2884 687 et
2923 651 3014 691 vos
3040 652 3071 688 a
3113 636 3490 695 contribulium

1920 726 2117 789 vestris,
2142 740 2259 795 qua:
2280 731 2327 777 et
2354 722 2453 776 illi"
2477 739 2510 775 α
2534 722 2737 777 Iudaeis
2772 724 2823 796 (1
2863 724 3040 779 Thess.
3066 725 3149 795 tt).
3173 726 3326 785 Apud
3346 728 3493 797 ipsos

1916 831 2132 886 quoque
2154 805 2407 871 Hebraeos
2442 814 2627 869 eadem
2652 824 3058 881 commemorat,
3090 817 3274 872 dicens
3301 833 3316 872 :
3346 818 3486 873 Nam
3544 834 3548 839 ‘

1915 922 1964 964 et
1996 912 2151 965 cincti
2173 908 2430 978 compassi
2469 908 2611 973 estis,
2641 916 2691 961 et
2723 908 2962 977 rapinam
2999 908 3251 962 bonorum
3292 919 3489 963 testi-o-

1919 1018 2034 1056 ram
2062 1018 2181 1055 cum
2220 1000 2412 1070 gaudio
2454 998 2771 1068 suscepistis,
2801 1009 3157 1068 cognoscentes
3188 1016 3275 1053 vos
3301 1001 3489 1055 habere

1906 1090 2179 1148 avidiorem
2203 1102 2249 1144 et
2276 1100 2571 1143 "tenentem
2607 1090 2954 1154 substantiam
2983 1089 3171 1162 (Hebr.
3200 1090 3276 1160 Σ).

262 1226 271 1257 Ι
1428 1226 1431 1229 .
2622 1232 2625 1233 ,

1341 1352 1747 1463 LIBER
1828 1328 2402 1471 PRIMUS.

774 1642 1319 1731 EXPOSITIO
1397 1645 1507 1724 IN
1586 1640 2165 1721 EPISTOLAM
2239 1612 2374 1722 An
2433 1645 2938 1727 ROMANOS.

783 1893 1287 1951 ARGUMENTUM.
1476 1958 1479 1959 ν

316 1985 543 2066 (Λιμόν.)
572 1986 642 2042 Ut
665 2000 845 2041 rerum
875 1986 1064 2041 notitia
1106 1985 1370 2039 habeatur
1406 1982 1635 2053 plenior,
1660 1980 1810 2051 prin-

238 2079 381 2150 cipia
416 2093 600 2133 earum
644 2077 963 2147 requirenda
1007 2084 1132 2147 sunt
1160 2077 1349 2145 prius:
1382 2083 1510 2128 tunc
1538 2072 1679 2153 enim
1716 2086 1811 2140 po.-

240 2178 343 2225 test
372 2170 578 2225 facilius
608 2158 787 2226 causae
824 2171 962 2225 ratio
1005 2168 1289 2233 declarari,
1322 2169 1365 2221 si
1402 2166 1518 2237 ejus
1555 2166 1709 2236 origo
1737 2164 1811 2219 di-

238 2274 441 2319 scatur.
467 2264 599 2318 Cum
623 2264 770 2317 enim
797 2261 1047 2331 Epistula:
1074 2262 1208 2315 data:
1227 2260 1439 2314 modum
1465 2267 1521 2313 et
1546 2260 1807 2312 rationem

238 2353 657 2416 ostenderimus,
709 2359 885 2421 potest
929 2365 1118 2405 verum
1158 2348 1326 2403 videri
1373 2348 1513 2416 quod
1558 2346 1804 2401 dicimus.
1840 2358 1842 2360 '

241 2441 511 2513 (Ηὶενοη.)
545 2442 792 2507 Romani,
825 2430 916 2511 qui
944 2454 1009 2494 ex
1046 2439 1242 2494 JUdiCiS
1271 2438 1662 2507 gemitibusque
1691 2445 1808 2491 cre—

242 2534 515 2599 diderunt,
544 2535 596 2589 hi
620 2535 849 2605 superba
878 2534 1221 2590 cententione
1272 2532 1522 2587 volebant
1562 2547 1622 2586 se
1647 2530 1809 2585 alter-

240 2632 419 2677 utrum
443 2640 820 2694 superponere.
844 2624 1156 2680 NamJudazi
1180 2625 1429 2679 dicebant
1454 2642 1465 2677 :
1487 2623 1596 2700 'Nos
1623 2639 1807 2679 sumus

241 2717 469 2787 populus
496 2718 608 2784 Dei,
639 2733 776 2786 quos
795 2719 863 2773 ab
898 2718 1051 2772 initio
1081 2716 1269 2772 dilexit
1302 2726 1355 2771 et
1381 2715 1549 2780 fovit;
1584 2732 1682 2771 nos
1704 2716 1808 2770 eir-

240 2810 466 2864 cumcisi
496 2823 560 2863 ex
598 2824 793 2879 genere
836 2808 1132 2873 Abraham,
1164 2823 1231 2863 ex
1269 2808 1437 2877 stirpe
1482 2814 1670 2861 sancta
1708 2807 1802 2861 de-

238 2901 567 2968 scendimus,
596 2910 651 2957 et
672 2911 831 2958 notus
855 2912 1000 2957 retro
1026 2901 1165 2971 apud
1185 2888 1643 2955 iudmam'tantum
1669 2902 1806 2955 Deus

236 2992 414 3062 (Psal.
446 2995 636 3065 Lxxv);
666 3010 764 3050 nos
787 2996 853 3050 de
878 2995 1109 3066 )Egypto
1137 2995 1232 3049 Dei
1258 2996 1426 3066 signis
1446 3004 1501 3051 et
1518 2996 1807 3051 virtutibus

239 3082 454 3139 liberati
484 3079 630 3141 mare
656 3087 801 3143 sicco
833 3088 1182 3143 transivimus
1206 3089 1363 3157 pede,
1409 3088 1805 3144 cum‘inimicos

233 3182 452 3229 nostros
478 3176 776 3241 gravissimi
814 3174 1004 3230 ﬂuctus
1026 3176 1358 3232 involverent
1387 3191 1401 3231 :
1431 3176 1587 3233 nobis
1609 3190 1807 3229 manna

1836 1891 2008 1951 Bvos
2043 1902 2203 1945 manu
2228 1892 2405 1947 valida
2453 1892 2724 1964 ejecerat,
2776 1894 2951 1951 redire
3002 1896 3301 1967 cupientes.
3347 1897 3488 1965 Quid
3548 1868 3551 1871 Ι

1908 1978 2104 2050 plura?
2138 1980 2211 2036 ita
2252 1972 2441 2039 Patres
2486 1985 2650 2039 vestri
2685 1986 2847 2049 ereba
2890 1988 3273 2056 provocatione
3307 1984 3486 2044 Domi-

1912 2087 2039 2125 num
2081 2071 2462 2140 irritaverunt,
2509 2084 2567 2129 ut
2590 2092 2777 2133 omnes
2807 2078 2860 2131 in
2888 2092 3071 2133 eremo
3108 2089 3481 2148 morerentur,

1915 2176 2015 2217 nec
2042 2157 2225 2231 plures
2253 2178 2321 2217 ex
2348 2165 2654 2221 senioribus
2698 2181 2884 2221 eorum
2916 2182 3076 2237 quam
3111 2168 3218 2229 duo
3241 2168 3487 2235 homines

1910 2262 2110 2327 terram
2136 2248 2506 2330 promissionis
2526 2258 2833 2317 ,intrarent.
2865 2257 2969 2313 Sed
2992 2259 3120 2329 quid
3151 2259 3371 2330 antiqua
3400 2274 3489 2315 re-
3538 2242 3541 2245 ’

1910 2344 2191 2425 plicamus,
2238 2363 2359 2403 cum
2400 2349 2587 2415 etiam,
2633 2349 2675 2404 si
2700 2349 2793 2406 illa
2832 2350 3053 2406 minime
3088 2349 3373 2416 fecissetis.
3418 2351 3485 2407 de

1910 2438 2013 2494 hoc
2039 2439 2152 2493 solo
2182 2456 2275 2495 vos
2308 2454 2465 2499 nemo
2498 2441 2686 2512 dignos
2724 2443 2891 2496 venite
2906 2442 3179 2513 judicaret
3203 2442 3347 2513 quod
3380 2442 3485 2498 Do-

1908 2529 2113 2605 minum
2140 2529 2419 2597 Christum
2438 2532 2821 2602 prophetarum
2845 2548 3055 2602 semper
3077 2533 3228 2587 vobis
3260 2533 3481 2590 vocibus
3517 2534 3519 2537 ’

1909 2619 2291 2687 repromissum
2318 2663 2332 2687 ,
2381 2636 2486 2677 non
2530 2622 2701 2676 solum
2732 2608 3019 2695 suscipere
3062 2623 3331 2688 noluistis.
3362 2624 3482 2680 sed

1908 2708 2078 2770 etiam
2122 2720 2293 2766 morte
2347 2714 2579 2782 pessima
2632 2714 2938 2789 peremistis
2994 2733 3007 2767 :
3062 2724 3221 2787 Quem
3271 2730 3368 2770 nos
3421 2723 3481 2770 ut

1910 2805 2284 2874 cognovimus,
2331 2806 2514 2859 statim
2557 2794 2906 2871 Credidimus,
2956 2821 3078 2860 cum
3126 2806 3282 2877 nobis
3304 2806 3373 2861 de
3418 2809 3482 2862 eo

1911 2910 2016 2949 non
2054 2894 2221 2949 fuerit
2254 2904 2379 2949 ante
2406 2896 2774 2965 praedicatum.
2807 2896 2957 2952 Unde
2984 2895 3243 2966 probatur
3268 2896 3409 2965 quod
3438 2896 3484 2952 si

1909 2977 2066 3040 idolis
2093 2986 2435 3051 servivimus,
2462 3003 2568 3055 non
2597 2988 2943 3043 obstinationi
2967 2991 3182 3059 tuentis,
3214 2990 3307 3046 sed
3326 2984 3485 3065 igno-

1908 3076 2098 3143 rantia:
2136 3077 2518 3147 deputandum.
2546 3066 2648 3147 Qui
2675 3080 2817 3135 enim
2844 3083 3083 3153 agnitum
3129 3082 3270 3137 illico
3300 3083 3483 3153 sequis-

1908 3178 2048 3230 mur,
2075 3166 2204 3219 olim
2244 3168 2840 3237 utiquesequeremur,
2885 3172 2930 3226 si
2982 3181 3104 3226 ante
3136 3174 3483 3243 cognovisse-

238 3264 377 3334 pluit
404 3264 662 3321 Dominus
692 3268 744 3320 in
770 3266 1003 3331 deserto,
1034 3274 1089 3322 et
1117 3269 1270 3337 quasi
1300 3267 1423 3322 ﬁliis
1448 3268 1559 3322 suis
1585 3266 1805 3321 caeleste
1832 3258 1879 3323 C
1910 3271 2047 3310 mus.
2082 3255 2171 3311 Sic
2214 3268 2397 3317 autem
2439 3274 2536 3324 V08
2568 3261 2632 3314 de
2673 3262 2885 3331 generis
2928 3262 3207 3318 “Obilime
3238 3263 3481 3333 iactatis.

233 3356 493 3425 pabulum
526 3358 879 3422 ministravit;
917 3375 1017 3414 nos
1045 3360 1128 3414 die
1164 3361 1510 3437 noctuquein
1555 3358 1804 3414 columna

239 3446 403 3501 nubis
422 3447 666 3518 ignisque
688 3451 980 3519 praecessit,
1003 3453 1065 3504 ut
1084 3450 1237 3526 nobis
1258 3451 1310 3503 in
1341 3451 1483 3505 invio
1506 3450 1607 3505 iter
1628 3459 1811 3505 osten-

240 3536 396 3591 de'ret
420 3532 617 3609 (E1511.
645 3554 744 3603 xu,
776 3555 898 3605 xm,
927 3555 1017 3593 XIV
1039 3549 1089 3593 et
1114 3537 1276 3609 seqq.)
1310 3556 1323 3592 :
1355 3548 1515 3607 atque
1538 3546 1597 3591 ut
1617 3546 1811 3593 caetera

238 3623 357 3693 ejlis
384 3627 527 3681 circa
557 3644 655 3683 nos
680 3629 941 3682 immensa
969 3627 1228 3682 beneﬁcia
1257 3636 1553 3691 taceamus,
1586 3642 1685 3681 nos
1709 3626 1807 3682 soli

240 3716 386 3786 digni
433 3714 632 3770 fuimus
664 3717 767 3770 Dei
801 3716 974 3787 legem
1004 3717 1270 3786 accipere,
1294 3726 1347 3770 et
1371 3732 1555 3771 vocem
1586 3717 1692 3770 Dei
1728 3716 1809 3770 lo-

238 3807 458 3874 quentis
504 3806 709 3869 audire,
753 3806 973 3875 ejusque
1012 3822 1336 3877 cognoscere
1371 3807 1721 3871 voluntatem,
1753 3807 1807 3860 in

238 3911 345 3964 qua
365 3895 479 3966 lege
502 3897 659 3950 nobis
680 3898 979 3966 promissus
999 3906 1081 3953 est
1104 3898 1366 3963 Christus,
1392 3900 1459 3953 ad
1482 3914 1617 3967 quos
1645 3898 1808 3952 etiam

236 3985 352 4054 ipse
383 3988 690 4040 sevenisse
730 3994 955 4040 testatus
995 3994 1097 4053 est,
1138 3986 1321 4040 dicens
1350 4005 1362 4040 :
1394 3986 1516 4040 Non
1558 3987 1671 4045 veni
1706 3985 1807 4040 nisi

236 4076 307 4127 ad
342 4092 478 4141 oves,
518 4084 633 4146 qua:
678 4076 958 4146 perierunt,
1013 4060 1196 4129 domus
1233 4075 1377 4129 Irae!
1422 4075 1635 4146 (Matt/1.
1689 4076 1804 4147 xv),

239 4179 360 4218 cum
393 4170 485 4219 v'os
518 4180 678 4220 canes
724 4167 902 4235 potius
945 4181 1105 4234 quam
1140 4166 1389 4219 homines
1434 4166 1801 4233 appellaverit.

236 4254 475 4325 Equum
505 4272 572 4310 ne
600 4271 727 4326 ergo
749 4265 831 4310 est
857 4264 914 4309 ut
945 4256 1102 4310 hodie
1140 4256 1281 4310 idola
1319 4256 1649 4321 deserentes,
1687 4258 1775 4326 qui

237 4344 338 4398 bus
373 4344 440 4398 ab
463 4344 615 4399 initio
643 4345 974 4411 deservistis,
1002 4345 1155 4400 nobis
1185 4346 1590 4413 comparemini,
1619 4355 1676 4400 et
1698 4362 1804 4401 non

237 4436 417 4508 potius
453 4437 504 4490 ia
541 4436 937 4506 proselytorum
984 4436 1103 4493 loco
1130 4451 1196 4490 ex
1224 4438 1357 4507 legis
1394 4437 1713 4492 auctoritate
1752 4446 1806 4492 et

237 4528 623 4582 consuetudine
660 4528 1015 4596 deputemini;
1061 4536 1115 4580 et
1148 4528 1247 4582 hoc
1285 4528 1457 4597 ipsum
1488 4542 1595 4583 non
1632 4543 1804 4583 mere-

237 4618 461 4681 bamini,
482 4618 585 4670 nisi
614 4618 739 4684 quia
773 4617 923 4685 larga
946 4617 1039 4674 Dei
1080 4632 1289 4688 semper
1317 4614 1602 4673 clementia
1633 4619 1801 4673 voluit
1829 4600 1882 4658 Ῑ)

236 4721 333 4760 vos
357 4708 425 4759 ad
451 4715 690 4761 nostram
713 4708 1065 4764 imitationem
1094 4710 1395 4765 admittere.
1420 4708 1620 4765 Gentes
1639 4712 1801 4765 etiam

237 4811 269 4851 e
295 4799 568 4853 contrario
602 4799 1000 4869 respondebant
1033 4817 1044 4851 :
1082 4798 1292 4867 Quanto
1321 4800 1523 4868 majora
1549 4814 1674 4868 erga
1710 4815 1802 4854 vos

238 4889 332 4941 Dei
368 4878 630 4949 beneﬁcia
664 4889 1033 4955 narraveritis,
1063 4897 1211 4943 tanto
1240 4889 1457 4959 majoris
1503 4905 1594 4943 vos
1622 4890 1803 4944 crimi-

236 4979 322 5032 nis
357 4993 476 5033 esse
524 4994 644 5035 rens
686 4979 1083 5045 monstrabitis,
1126 4993 1338 5050 semper
1378 4980 1522 5033 enim
1568 4980 1652 5034 his
1686 4996 1803 5034 om-

239 5069 397 5123 nibus
443 5069 725 5124 exstitistis
771 5071 987 5141 ingrati.
1050 5069 1183 5125 Nam
1233 5071 1363 5139 ipsis
1414 5072 1637 5139 pedibus
1685 5072 1801 5139 qui-

236 5163 338 5216 bus
386 5161 597 5215 aridum
646 5176 792 5217 mare
842 5162 1127 5226 transistis,
1172 5162 1437 5217 ludebatis
1488 5171 1613 5216 ante
1663 5162 1800 5216 idola

234 5268 356 5321 qua:
401 5250 640 5317 fecistis;
667 5260 727 5306 et
769 5252 884 5320 ipso
927 5266 1021 5306 ore
1053 5268 1164 5320 quo
1208 5253 1368 5323 paulo
1414 5261 1540 5305 ante
1590 5251 1658 5306 ob
1710 5269 1796 5306 ne~

235 5356 354 5394 cem
396 5342 688 5397 adversarii
726 5340 951 5396 Domino
980 5343 1355 5407 cantaveratis,
1392 5341 1673 5396 simulacra
1702 5357 1799 5396 vo-

236 5430 319 5485 bis
368 5431 483 5484 iieri
522 5433 856 5501 poposcistis.
893 5431 1001 5486 illis
1040 5425 1207 5485 oculis
1254 5432 1553 5486 veneranda
1606 5423 1801 5500 quibus

239 5522 450 5577 Domini
482 5524 535 5576 in
560 5524 700 5577 nube
726 5532 780 5578 et
808 5524 929 5594 igne
957 5514 1264 5591 conspicere
1292 5522 1566 5579 solebatis.
1608 5521 1798 5577 Manna

236 5628 450 5685 quoque
495 5614 649 5689 vobis
686 5613 901 5671 fastidio
943 5613 1079 5678 fuit,
1133 5621 1186 5668 et
1230 5630 1441 5683 semper
1492 5614 1545 5667 in
1589 5614 1798 5667 deserto

237 5712 426 5763 contra
456 5692 737 5767 Dominum
780 5704 1182 5773 murmurastis,
1206 5706 1275 5773 ad
1310 5702 1624 5783 Egyptum,
1647 5705 1797 5762 unde

1911 3345 2065 3416 quasi
2099 3362 2202 3402 non
2233 3364 2443 3405 morum
2470 3349 2702 3404 imitatio
2728 3352 2897 3422 magis
2928 3367 3089 3421 quam
3117 3353 3350 3409 carnalis
3382 3366 3493 3408 na-'

1912 3438 2091 3493 tivitas
2145 3455 2240 3494 vos
2288 3440 2637 3509 faciatoﬁlios
2690 3459 2807 3498 esse
2856 3454 3188 3501 sanctorum.
3240 3446 3482 3516 Denique

1911 3524 2049 3585 Esau
2074 3539 2128 3585 et
2156 3532 2364 3597 lsmael,
2400 3547 2518 3586 cum
2559 3548 2625 3586 ex
2652 3534 2881 3587 Abrahae
2906 3534 3074 3603 stirpe
3092 3535 3229 3600 sint,
3258 3535 3479 3590 minime

1910 3617 1963 3673 in
1987 3617 2125 3677 ﬁlios
2149 3629 2483 3690 reputantur.
2519 3622 2613 3678 His
2637 3623 2817 3678 taliter
2847 3623 3229 3679 altercantibus
3252 3626 3481 3694 Aposto-

1908 3710 1991 3766 lus
2044 3727 2102 3766 se
2155 3711 2390 3769 medium
2440 3714 2815 3785 interponens,
2869 3715 2946 3769 ita
2993 3716 3226 3786 partium
3277 3715 3484 3771 dirimit

1907 3805 2255 3877 qumstiones,
2297 3813 2355 3858 ut
2387 3814 2633 3859 neutrum
2665 3821 2852 3861 eorum
2878 3821 2973 3862 sua
2996 3806 3206 3875 justitia
3253 3806 3481 3861 salutem

1907 3897 2171 3951 meruisse
2204 3897 2453 3953 OSteudat
2478 3915 2493 3963 ;
2523 3900 2708 3953 ambos
2739 3914 2868 3953 vero
2895 3899 3117 3969 pupulos
3152 3906 3206 3951 et
3245 3898 3460 3952 sciente.

1908 3993 1963 4039 et
1982 3986 2216 4055 graviter
2255 3986 2539 4055 deliquisse
2564 4004 2577 4040 :
2607 3972 2841 4052 Judzeos,
2868 3987 3009 4055 quod
3030 3999 3127 4057 per
3155 3987 3491 4055 prmvarica-v

1908 4076 2107 4129 tionem
2156 4075 2287 4145 legis
2352 4066 2516 4129 Deum
2574 4076 3044 4141 inhonoraverinl,
3092 4084 3280 4147 gentes
3328 4090 3477 4143 vero,

1907 4152 2048 4237 Quod
2072 4182 2196 4221 cum
2230 4167 2500 4237 cognitum
2528 4168 2593 4222 de
2618 4175 2861 4241 creatura
2904 4175 3205 4221 creatorem
3228 4175 3286 4220 ut
3308 4167 3476 4221 Deum

1908 4259 2192 4312 debuerint
2218 4259 2485 4323 venerari,
2510 4259 2735 4328 gloriam
2755 4258 2873 4329 ejus
2894 4258 2946 4312 in
2971 4273 3131 4311 manu
3151 4258 3293 4312 facta
3314 4258 3475 4312 simu-

1907 4347 2051 4417 lacra
2103 4338 2544 4403 immutaverint:
2579 4356 2836 4419 utrosque
2884 4348 3046 4403 etiam
3090 4347 3342 4403 similiter
3378 4362 3474 4401 ve-

1906 4439 2050 4493 niam
2104 4448 2439 4515 consecutos,
2489 4440 2724 4509 requales
2751 4425 2885 4497 esse
2933 4440 3215 4496 verissima
3267 4441 3475 4495 ratione

1908 4526 2259 4591 demonstrat,
2276 4528 2576 4598 praesertim
2594 4543 2715 4583 cum
2739 4529 2792 4583 in
2817 4523 3003 4584 eadem
3024 4520 3475 4599 legepnetlictum

1908 4617 1977 4673 sit
2000 4630 2052 4671 et
2080 4616 2293 4672 Judzeos
2328 4626 2383 4672 et
2410 4626 2599 4687 gentes
2626 4610 2695 4672 ad
2727 4613 2926 4674 Christi
2970 4616 3129 4674 ﬁdem
3166 4618 3470 4681 vocandus;

1907 4705 2255 4777 quamobrem
2298 4705 2535 4759 vicissim
2578 4719 2673 4760 eos
2712 4706 3030 4770 humilians,
3082 4706 3373 4775 adpacem
3423 4715 3477 4760 et

1907 4788 2249 4854 conciti-diam
2303 4797 2638 4851 cohortatur.
2694 4796 2967 4869 (Amen)
3011 4796 3241 4852 Constat
3294 4798 3475 4867 itaque

1907 4887 2239 4956 temporibus
2257 4885 2619 4955 apostolorum
2660 4885 2870 4941 Judteos
2895 4894 3180 4956 propterea
3204 4887 3346 4957 quod
3372 4887 3474 4959 sub

1906 4992 2069 5047 regno
2090 4962 2332 5030 Romano
2366 4983 2608 5045 agerent,
2637 4974 2820 5028 Romae
2850 4974 3150 5038 habitasse;
3188 4984 3254 5028 ex
3279 4968 3471 5044 quibus

1908 5065 1963 5121 bi
2003 5066 2092 5135 qui
2125 5063 2483 5130 crediderant,
2529 5065 2865 5120 tradiderunt
2902 5058 3187 5130 Romanis,
3217 5074 3280 5119 nt
3318 5064 3471 5119 Chri-

1908 5167 2047 5214 stum
2084 5150 2397 5225 proﬂtentes
2441 5156 2611 5227 legem
2652 5166 2959 5222 servarent;
3000 5152 3227 5211 Romani
3266 5156 3466 5220 autem,

1907 5236 2087 5303 audita
2110 5247 2252 5301 fama
2295 5247 2548 5300 virtutum
2576 5246 2800 5313 Christi,
2835 5247 3019 5301 faciles
3048 5247 3112 5300 ad
3145 5246 3466 5301 credendqu

1906 5324 2140 5394 fuerunt.
2168 5343 2373 5406 utpote
2396 5320 2714 5407 prudentes;
2738 5348 2836 5391 nec
2862 5329 3131 5389 immerito
3152 5336 3463 5406 prudentes,

1906 5430 1995 5500 qui
2030 5428 2167 5482 male
2211 5427 2413 5481 inducti
2460 5428 2642 5481 statim
2678 5425 2903 5479 correcti
2938 5425 3098 5490 sunt,
3138 5427 3191 5479 et
3220 5440 3465 5496 perman-

1903 5502 2090 5576 serunt
2115 5520 2167 5573 in
2198 5533 2263 5573 eo
2296 5536 2307 5570 :
2342 5520 2393 5571 hi
2426 5532 2553 5588 ergo
2582 5533 2647 5572 ex
2681 5508 2879 5571 Iudaeis
2919 5517 3201 5573 credentes
3224 5517 3461 5581 Christo,

1901 5619 1959 5665 ut
1989 5610 2147 5665 datur
2174 5608 2411 5680 intelligi,
2444 5623 2545 5661 non
2582 5607 2915 5693 accipiebant
2944 5608 3226 5663 Dominum
3256 5617 3373 5661 esse
3396 5606 3463 5661 de

1900 5703 2031 5768 Deo,
2059 5709 2312 5771 putantes
2334 5702 2426 5756 uni
2449 5701 2559 5757 Deo
2582 5700 2897 5770 adversum;
2928 5699 3275 5772 quamobrem
3304 5702 3467 5773 negat
