3960 6318
465 323 600 380 1279

1131 324 1189 377 Β.
1232 322 1480 379 RABANI
1516 323 1734 384 MAURI
1771 321 2088 380 ARCHIEP.
2129 319 2435 379 MOGUN'I‘.
2473 320 2754 378 OPERUM
2795 321 2973 376 PARS
3011 323 3096 378 Ill.

3583 325 3602 376 i
3619 321 3723 378 280

461 445 582 501 illos
604 442 900 514 spiritalem
930 439 1025 498 Dei
1049 442 1280 513 gratiam
1316 451 1671 508 consecutos,
1709 457 1774 497 ac
1803 456 1903 512 per
1928 441 2033 496 hoc
2056 438 2111 498 Α
2135 451 2263 492 vero
2301 450 2430 508 erga
2476 436 2699 491 Paulum
2743 437 3048 492 invenimus
3087 438 3190 491 tale
3227 439 3431 510 aliquid
3481 450 3717 511 gestum.

460 533 925 590 confirmationem
971 533 1052 588 eis
1094 532 1301 588 deesse.
1350 530 1415 586 lli
1441 541 1566 587 sunt
1612 533 1701 603 qui
1728 541 1784 586 ct
1813 531 2033 590 Galatas

459 627 868 691 subverterant,
913 633 973 680 ut
1025 639 1057 679 a
1115 625 1404 680 traditione
1467 623 1828 695 apostolorum
1885 638 2038 679 rece-

461 719 670 785 derent,
719 719 915 789 quibus
943 717 1065 774 ideo
1093 717 1346 774 irascitur
1380 716 1690 787 Apostolus,
1726 718 1852 789 quia
1888 717 2036 774 docti

459 807 633 875 bene,
689 809 846 866 facile
899 808 1198 864 transducti
1252 807 1492 873 fuerant;
1547 807 1804 864 Romanis
1855 817 2036 863 autem

461 901 624 958 irasci
645 917 753 957 non
777 903 980 968 debuit,
1005 902 1098 958 sed
1132 910 1185 958 et
1208 902 1429 958 laudare
1459 902 1618 958 (idem
1645 903 1877 967 illorum,
1906 901 2035 973 quia

459 994 607 1050 nulla
636 995 864 1066 insignia
893 997 1153 1051 virtutum
1177 996 1421 1050 videntes
1443 1010 1542 1049 nec
1569 995 1801 1065 aliquem
1829 1003 2037 1066 aposto-

459 1084 655 1150 lorum,
687 1095 1039 1157 susceperant
1064 1086 1222 1142 fidem
1246 1085 1466 1153 Christi,
1509 1087 1614 1140 ritu
1641 1086 1768 1143 licet
1787 1085 2033 1152 Iudaico,

461 1177 515 1232 in
537 1175 717 1232 verbis
749 1177 931 1246 potius
959 1193 1119 1247 quam
1160 1180 1214 1232 in
1259 1192 1441 1232 sensu.
1485 1176 1602 1232 Non
1641 1177 1784 1231 enim
1825 1177 2038 1248 exposi-

464 1277 576 1322 tum
603 1268 706 1322 illis
736 1267 912 1323 fuerat
931 1266 1246 1338 mysterium
1274 1267 1451 1323 crucis
1476 1266 1709 1333 Christi;
1752 1273 2034 1337 propterea

462 1360 783 1430 quibusdam
822 1359 1226 1415 advenientibus
1272 1360 1363 1429 qui
1402 1367 1550 1415 recte
1578 1359 1937 1422 crediderant,
1970 1356 2038 1412 de

460 1449 662 1504 edenda
690 1464 854 1504 carne
881 1458 938 1504 et
967 1464 1079 1505 non
1105 1450 1311 1504 edenda
1351 1450 1673 1519 quaestiones
1708 1449 1941 1515 ﬁebant,
1983 1458 2039 1505 et

459 1547 772 1594 utrumnam
798 1553 920 1609 spes
944 1553 1064 1608 quae
1094 1539 1148 1592 in
1177 1538 1394 1594 Christo
1434 1546 1518 1594 est
1544 1537 1832 1605 sufﬁceret,
1868 1548 1961 1595 aut
1985 1546 2042 1595 et

461 1628 548 1683 lex
578 1629 840 1684 servanda
868 1637 1029 1685 esset.
1062 1627 1301 1696 Quatuor
1330 1629 1493 1698 igitur
1518 1629 1689 1685 modis
1721 1629 1908 1686 scribit
1933 1630 2039 1686 Ro-

459 1721 654 1787 manis,
695 1736 928 1792 arguens
965 1722 1033 1776 ab
1083 1722 1236 1776 initio
1281 1736 1450 1794 genus
1497 1723 1774 1778 hominum
1813 1723 2036 1795 physica

458 1811 700 1877 ratione;
732 1811 790 1866 hi
815 1813 960 1868 enim
987 1822 1147 1884 caput
1175 1820 1301 1868 sunt
1326 1813 1566 1870 omnium
1605 1814 1874 1885 gentium,
1893 1824 1954 1871 ut
1980 1816 2037 1871 in

456 1903 541 1959 bis
568 1905 775 1960 discant
801 1906 980 1962 caeteri
1008 1906 1355 1976 universique
1384 1907 1640 1978 gentiles.
1666 1908 1881 1964 Primus
1916 1924 2036 1965 mo-

457 1993 560 2049 dus
588 2002 673 2049 est
696 2010 804 2065 quo
835 2011 895 2051 se
920 1995 1158 2052 ostendit
1184 1996 1312 2067 quid
1349 1996 1456 2062 sit,
1497 2006 1552 2051 et
1593 1998 1722 2067 quid
1750 1996 1937 2063 fuerit,
1983 2006 2039 2054 et

457 2085 612 2154 cujus
637 2085 725 2151 sit,
757 2102 863 2156 quo
897 2095 952 2142 et
977 2087 1212 2143 haereses
1238 2088 1489 2158 percutit.
1526 2087 1806 2144 Secundus
1842 2089 2036 2145 modus

456 2185 540 2231 est
565 2192 670 2247 quo
701 2178 877 2249 arguit
900 2180 1044 2248 quod
1071 2187 1275 2236 naturae
1317 2180 1524 2234 ratione
1559 2194 1668 2233 non
1703 2194 1761 2235 se
1790 2180 2034 2251 subiece-

458 2266 565 2321 rint
612 2269 702 2322 uni
735 2269 868 2334 Deo,
919 2277 973 2324 et
1009 2285 1128 2339 quae
1173 2269 1456 2325 inhonesta
1503 2279 1557 2324 et
1607 2270 1783 2340 turpia
1827 2271 2039 2341 egerint

456 2357 708 2424 invicem,
750 2360 989 2430 despecti
1036 2362 1104 2414 ob
1142 2361 1244 2416 hoc
1282 2361 1416 2415 adeo
1457 2369 1516 2415 ut
1549 2361 1887 2432 gratulentur
1912 2375 2034 2416 cre-

457 2447 664 2503 dentes.
694 2446 909 2503 Tertius
949 2450 1137 2505 modus
1178 2459 1280 2516 est,
1314 2450 1456 2520 quod
1485 2450 1653 2522 legem
1683 2452 1864 2505 datam
1888 2466 2039 2522 spre-

456 2536 653 2603 verint,
681 2539 824 2593 unde
845 2541 1124 2609 anteponit
1147 2539 1352 2595 Graecis
1383 2538 1615 2596 Iudaeos.
1663 2540 1899 2608 Quartus
1923 2557 2038 2598 mo-

457 2629 557 2684 dus
593 2640 676 2684 est
726 2631 870 2699 quod
918 2630 1076 2686 docet
1115 2629 1327 2687 Iudaeos
1370 2632 1707 2688 exorbitasse
1748 2648 1780 2687 a
1820 2633 1938 2705 lege
1984 2642 2040 2689 et

455 2723 813 2793 promissione
840 2725 936 2780 Dei
966 2725 1018 2779 in
1047 2739 1209 2780 causa
1238 2724 1470 2791 Christi,
1525 2725 1802 2796 factosque
1833 2725 2037 2783 similes

453 2813 741 2884 gentilibus
790 2822 851 2869 ut
898 2814 1113 2885 utrique
1165 2816 1439 2887 indigeant
1486 2817 1856 2873 misericordia
1903 2817 2032 2884 Dei;

455 2920 561 2958 non
599 2919 696 2975 per
743 2905 918 2976 legem
966 2907 1196 2962 salutem
1250 2908 1545 2978 sperando,
1592 2909 1686 2964 sed
1730 2924 1828 2979 per
1875 2908 2036 2965 ﬁdem

455 2994 656 3050 Christi
681 2994 840 3061 Iesu;
874 2998 1000 3051 hinc
1036 3008 1119 3051 est
1163 2998 1304 3053 unde
1331 3000 1478 3053 omni
1520 3000 1782 3055 industria
1823 3000 1879 3054 id
1903 3000 2034 3072 agit,

455 3095 513 3140 ut
539 3098 571 3139 α
598 3086 715 3157 lege
744 3102 839 3142 eos
881 3087 1053 3152 tollat,
1086 3089 1212 3157 quia
1244 3088 1353 3142 Lex
1394 3098 1443 3142 et
1482 3090 1742 3159 prophetae
1780 3107 1940 3161 usque
1965 3091 2032 3144 ad

451 3176 710 3231 Joannem
741 3177 908 3248 (Luc.
972 3195 1060 3232 xvi
1105 3178 1143 3250 ),
1175 3179 1302 3234 etin
1347 3178 1460 3234 sola
1518 3179 1637 3234 illos
1685 3179 1788 3234 ﬁde
1834 3180 2036 3236 Christi

453 3270 765 3336 constituat,
796 3281 852 3325 et
884 3273 1036 3341 quasi
1073 3283 1256 3326 contra
1286 3271 1456 3343 legem
1485 3271 1834 3343 Evangelium
1865 3273 2040 3328 vindi-

451 3369 573 3426 cat;
609 3377 715 3415 non
743 3361 1024 3417 dcstruens
1069 3361 1239 3433 legem
1259 3402 1273 3427 ,
1323 3361 1418 3417 sed
1444 3362 1739 3431 praeferens
1773 3361 2037 3418 Christia-

451 3451 708 3507 nismum.
747 3452 961 3507 Asserit
1002 3462 1179 3507 autem
1210 3453 1290 3508 sic
1313 3451 1587 3508 Christum
1615 3453 1941 3523 promissum
1977 3463 2038 3508 ut

451 3540 746 3610 praedicato
765 3556 830 3596 eo
855 3552 1096 3598 cessaret
1121 3543 1229 3608 lex,
1259 3557 1366 3597 non
1396 3549 1531 3609 tota,
1556 3543 1682 3612 quia
1703 3543 2037 3600 abbreviatio

454 3630 596 3688 facta
620 3632 754 3704 legis
776 3641 880 3698 est,
911 3648 1030 3702 qua:
1053 3633 1373 3704 compendio
1400 3635 1553 3690 daret
1578 3635 1836 3700 salutem;
1865 3635 2033 3690 multa

452 3723 597 3776 enim
624 3723 898 3778 veteribus
919 3723 1119 3778 tradita
1156 3733 1281 3778 sunt
1309 3733 1530 3795 pr0pter
1566 3725 1823 3780 duritiam
1858 3726 2036 3781 cordis

454 3812 688 3882 illorum,
740 3825 800 3870 ut
842 3816 993 3872 oneri
1037 3824 1202 3883 esset,
1240 3833 1360 3887 quae
1407 3818 1776 3874 misericordia
1808 3818 1905 3873 Dei
1941 3818 2032 3873 ab-

451 3906 718 3962 breviavit
730 3921 827 3977 per
846 3905 1120 3962 Christum
1137 3908 1261 3962 data
1275 3910 1668 3979 praeteritorum
1691 3909 2032 3964 remissione.

452 3997 701 4069 Ingratus
739 4008 824 4056 est
867 4015 995 4072 ergo
1034 4001 1416 4056 misericordiae
1468 4002 1595 4069 Dei,
1636 4003 1727 4072 qui
1768 4002 1884 4058 vult
1914 4018 2035 4059 esse

455 4092 552 4146 sub
583 4091 729 4162 lege;
760 4107 885 4146 nam
918 4093 1129 4148 dixerat
1168 4093 1414 4164 Moyses:
1447 4094 1537 4149 Sic
1575 4095 1829 4150 timentes
1869 4095 2036 4150 facie-

455 4184 546 4248 tis,
595 4183 690 4238 filii
731 4183 917 4250 Israel,
961 4194 1018 4240 ut
1062 4199 1382 4256 quacunque
1431 4201 1489 4242 se
1533 4195 1828 4252 verterent,
1861 4187 2036 4258 legem

453 4272 734 4339 haberent,
774 4284 834 4328 ut
881 4275 996 4329 sine
1023 4275 1384 4331 sollicitudine
1427 4278 1648 4332 omnino
1687 4291 1796 4332 non
1828 4286 2031 4333 essent.

454 4365 622 4436 Igitur
645 4375 704 4421 ut
734 4367 787 4422 in
817 4367 1034 4425 Christo
1078 4370 1195 4425 sine
1237 4369 1353 4441 lege
1387 4385 1538 4440 spem
1577 4372 1698 4427 vitae
1737 4371 2036 4442 salutisque

2138 529 2214 584 De
2240 543 2346 598 qua
2369 542 2429 583 re
2456 528 2776 599 quibusdam
2805 529 2978 584 visum
3016 538 3100 584 est
3131 532 3275 598 quod
3306 530 3459 585 Pauli
3489 547 3722 600 procon-

2139 623 2288 689 sulis,
2330 637 2488 692 quem
2531 622 2671 693 apud
2709 620 2942 693 Cyprum
2980 620 3182 677 Christi
3219 622 3344 678 lldei
3390 622 3720 692 subjecerat,

2136 711 2457 768 vocabulum
2484 711 2587 767 sibi
2634 710 2924 781 Apostolus
2958 711 3266 782 sumpserit,
3307 719 3366 767 ut
3395 713 3535 768 sicut
3561 726 3721 784 reges

2137 806 2312 862 solent
2353 806 2600 870 devictis,
2649 804 2797 859 verbi
2843 805 3040 875 gratia,
3088 803 3307 859 Parthis
3358 802 3617 870 Parthici,
3660 813 3721 860 et

2137 897 2324 953 Gothis
2349 897 2562 955 Gothici
2590 897 2879 962 nominari,
2904 898 2981 951 ita
3010 906 3065 952 et
3088 897 3400 968 Apostolus,
3433 897 3722 968 subjugato

2135 988 2320 1055 Paulo,
2371 988 2570 1043 Paulus
2616 987 2778 1042 fuerit
2823 988 3139 1058 appellatus.
3178 990 3332 1058 Quod
3365 1005 3435 1045 ne
3475 1006 3573 1045 nos
3595 972 3725 1060 qui-

2137 1078 2259 1133 dem
2307 1094 2691 1150 usquequaque
2750 1079 3119 1133 evacuandum
3180 1089 3462 1150 putamus;
3533 1090 3722 1135 tamen

2137 1168 2261 1237 quia
2300 1169 2446 1224 nulla
2482 1169 2605 1225 talis
2639 1169 2691 1223 in
2725 1167 3021 1240 Scripturis
3046 1170 3242 1225 divinis
3262 1171 3592 1227 consuetudo
3622 1171 3725 1226 de-

2134 1259 2509 1328 prehenditur,
2557 1259 2728 1330 magis
2769 1275 2834 1314 ex
2874 1260 2958 1315 his
2991 1275 3108 1330 quae
3156 1261 3211 1315 in
3250 1262 3494 1332 exemplo
3541 1261 3726 1316 nostri

2138 1358 2265 1405 sunt
2304 1350 2691 1406 absolutionem
2729 1367 3053 1422 quaeramus.
3103 1352 3409 1408 Invenimus
3453 1354 3614 1424 igitur
3664 1353 3724 1407 in

2141 1439 2433 1511 Scripturis
2458 1441 2761 1513 aliquantos
2810 1443 2984 1508 binis,
3024 1444 3159 1500 alios
3186 1445 3351 1499 etiam
3381 1447 3551 1500 ternis
3587 1461 3726 1501 usos

2138 1545 2259 1585 esse
2309 1532 2638 1596 nominibus,
2684 1541 2745 1586 ut
2776 1530 3116 1589 Salomonem
3148 1535 3501 1605 eumdemque
3543 1536 3722 1602 Idida,

2141 1621 2400 1676 Eliachim
2437 1622 2790 1693 eumdemque
2829 1623 3090 1690 Ioachim,
3130 1624 3316 1680 Oziam
3360 1626 3728 1696 eumdemque

2141 1713 2493 1780 Zachariam,
2533 1714 2771 1787 aliosque
2807 1716 3067 1787 plurimos
3112 1717 3167 1773 in
3213 1733 3498 1789 regnorum
3537 1719 3618 1773 vel
3662 1719 3724 1775 in

2140 1805 2387 1862 Iudicum
2422 1807 2588 1870 libris,
2635 1808 2776 1862 binis
2815 1807 3123 1864 nominibus
3151 1808 3393 1864 invenies
3426 1810 3719 1866 vocitatas.

2139 1899 2246 1955 Sed
2297 1912 2365 1954 ne
2411 1898 2699 1971 Evangelia
2742 1899 2957 1969 quidem
2993 1899 3140 1956 hunc
3187 1902 3434 1955 eumdem
3480 1911 3724 1956 renuunt

2136 2007 2363 2047 morem.
2427 1989 2564 2046 Nam
2632 1990 2914 2046 Matthaeus
2971 1991 3318 2061 semetipsum
3367 1993 3601 2062 appellat
3657 1993 3718 2048 in

2136 2083 2424 2152 Evangelia
2462 2098 2558 2138 suo
2588 2080 2919 2148 Matthaeum,
2949 2097 3108 2152 quem
3138 2083 3313 2137 Lucas
3339 2083 3391 2136 in
3423 2083 3722 2154 Evangelia

2137 2190 2234 2230 suo
2264 2183 2538 2245 nuncupat
2570 2174 2727 2239 Levi;
2765 2174 2859 2229 sed
2890 2181 2945 2228 et
2974 2173 3117 2229 idem
3154 2173 3434 2228 Mattbaeus
3474 2175 3530 2231 in
3557 2174 3725 2231 Cata-

2137 2267 2257 2335 logo
2298 2258 2660 2334 apostolorum
2689 2262 2820 2318 dicit
2852 2271 2973 2332 post
3001 2262 3197 2318 multos
3249 2283 3262 2317 :
3302 2263 3586 2320 Matthzeus
3619 2281 3722 2334 pu-

2136 2358 2413 2423 blicanus,
2461 2366 2517 2413 et
2542 2355 2709 2412 Iacob
2738 2355 2944 2427 Alphzei
2992 2364 3046 2410 et
3095 2355 3387 2420 Lebbaeus,
3426 2365 3481 2410 et
3527 2355 3717 2411 Simon

2137 2447 2433 2502 Cananaeus
2449 2463 2464 2512 ;
2482 2445 2692 2500 Marcus
2712 2459 2842 2500 vero
2866 2443 3064 2500 refert:
3095 2444 3374 2499 Matthaaus
3389 2444 3720 2501 Publicanus

2138 2543 2192 2589 et
2217 2535 2482 2599 Thomas,
2512 2541 2568 2588 et
2593 2530 2826 2587 Iacobus
2854 2531 3058 2602 Alphei
3096 2540 3147 2586 et
3189 2528 3490 2585 Thaddaeus
3523 2550 3535 2584 :
3573 2532 3719 2586 hunc

2139 2625 2386 2679 eumdem
2408 2638 2568 2694 quem
2590 2622 2869 2676 Matthaaus
2889 2615 3196 2688 Lebbaeum,
3223 2630 3276 2674 et
3302 2620 3516 2674 Marcus
3540 2621 3721 2675 Thad—

2138 2716 2311 2770 daeum
2330 2715 2510 2785 posuit
2536 2733 2547 2767 :
2568 2713 2739 2768 Lucas
2757 2727 2886 2767 vero
2906 2712 2982 2766 ita
2998 2711 3180 2780 posuit
3205 2729 3217 2764 :
3244 2709 3552 2775 Matthaeus,
3578 2709 3721 2765 Tho-

2139 2821 2275 2870 mas,
2311 2803 2568 2868 Iacobus,
2618 2802 2783 2858 Iudas
2810 2800 3016 2857 Iacooi.
3055 2801 3221 2872 Igitur
3261 2802 3510 2855 eumdem
3560 2816 3719 2871 quem

2139 2895 2424 2951 Matthaeus
2474 2893 2779 2959 Lebbaeum,
2827 2901 2880 2948 et
2927 2891 3138 2947 Marcus
3187 2891 3520 2946 Thaddaeum
3561 2890 3714 2957 dixit,

2139 2987 2314 3043 Lucas
2370 2985 2563 3041 Iudam
2613 2983 2796 3041 Jacobi
2846 2984 3079 3054 scripsit.
3133 2982 3352 3040 Certum
3401 2992 3490 3038 est
3540 2993 3716 3039 autem

2141 3076 2512 3148 Evangelistas
2553 3091 2658 3130 non
2682 3089 2894 3131 errasse
2915 3075 2968 3129 in
2991 3073 3295 3129 nominibus
3313 3073 3716 3142 Apostolorum,

2142 3175 2236 3228 sed
2264 3174 2389 3242 quia
2412 3173 2577 3228 moris
2599 3181 2719 3228 erat
2743 3214 2756 3236 ,
2802 3172 2942 3228 binis
2971 3171 3056 3226 vel
3091 3171 3258 3226 ternis
3286 3171 3600 3226 nominibus
3642 3172 3717 3226 uti

2141 3264 2417 3328 Hebraaos,
2446 3263 2605 3318 unius
2637 3263 2981 3333 ejusdemque
3015 3263 3115 3316 viri
3143 3263 3353 3317 diversa
3393 3261 3594 3332 singuli
3620 3277 3714 3318 vo-

2141 3354 2328 3409 cabula
2349 3367 2595 3423 posuere.
2621 3353 2925 3409 Secundum
2946 3355 3084 3408 hanc
3111 3368 3241 3425 ergo
3273 3354 3716 3410 consuetudinem

2140 3448 2353 3502 videtur
2373 3445 2527 3501 nobis
2551 3456 2606 3500 et
2643 3445 2838 3501 Paulus
2865 3445 3061 3516 duplici
3107 3461 3233 3500 usus
3271 3460 3394 3500 esse
3432 3445 3712 3510 vocabulo,

2140 3547 2193 3595 et
2217 3539 2388 3594 donec
2413 3537 2629 3608 quidem
2672 3537 2814 3608 genti
2849 3537 3065 3607 proprie
3105 3536 3476 3600 ministrabat,
3525 3535 3715 3592 Saulus

2140 3644 2258 3686 esse
2288 3638 2530 3694 vocatus,
2561 3629 2703 3699 quod
2729 3637 2784 3683 et
2808 3628 2977 3698 magis
3001 3627 3344 3698 appellationi
3374 3629 3568 3698 patriae
3595 3645 3716 3684 ver-

2139 3721 2388 3775 naculum
2436 3721 2738 3785 videbatur,
2785 3719 2982 3773 Paulus
3008 3727 3185 3773 autem
3230 3718 3532 3789 appellatus
3576 3734 3713 3786 esse,

2139 3827 2260 3867 cum
2291 3810 2493 3866 Graecis
2523 3818 2580 3866 et
2606 3810 2850 3881 gentibus
2893 3809 3038 3880 leges
3072 3825 3138 3865 ac
3171 3821 3438 3879 praecepta
3478 3811 3720 3866 conscri-

2138 3903 2234 3958 bit.
2259 3901 2445 3957 Potest
2464 3911 2517 3957 et
2546 3901 2648 3956 hoc
2675 3900 2828 3955 aliter
2850 3898 3092 3970 intelligi.
3127 3898 3365 3971 (Ambr.)
3391 3901 3549 3970 Apud
3572 3910 3717 3957 vete-

2138 4008 2227 4048 res
2253 4007 2383 4063 ergo
2405 4000 2620 4047 nostros
2661 3990 2870 4044 ratione
2899 3990 3117 4043 nomina
3147 3990 3630 4059 componebantur,
3656 3999 3716 4045 ut

2137 4086 2286 4142 Isaac
2325 4093 2546 4156 propter
2582 4082 2750 4138 risum
2796 4092 2851 4138 et
2891 4080 3057 4137 Iacob
3102 4071 3323 4151 propter
3375 4080 3712 4150 calcaneum,

2137 4179 2215 4234 ita
2234 4186 2289 4233 et
2303 4177 2403 4232 iste
2427 4183 2646 4247 propter
2666 4172 3087 4242 inquietudinem
3115 4169 3307 4225 Saulus
3327 4179 3411 4226 est
3427 4186 3711 4242 nuncupa-

2137 4279 2260 4337 tus;
2289 4276 2572 4342 postquam
2598 4276 2778 4321 autem
2815 4264 3067 4329 credidit,
3088 4278 3156 4318 ex
3192 4261 3355 4319 Saulo
3395 4262 3624 4318 Paulum
3657 4277 3718 4320 se

2138 4363 2287 4427 dicit,
2317 4361 2421 4416 hoc
2445 4367 2550 4425 est,
2584 4359 2945 4422 immutatum,
2967 4363 3023 4411 et
3041 4355 3166 4425 quia
3197 4354 3394 4410 Saulus
3417 4356 3715 4437 secund

453 4459 756 4530 ponendam
785 4459 982 4527 tradat,
1022 4469 1076 4515 et
1103 4461 1389 4516 Dominum
1420 4461 1597 4532 ipsum
1639 4477 1760 4518 esse
1792 4465 2032 4518 omnium

2140 4466 2302 4521 supra
2331 4450 2532 4505 dictum
2558 4461 2800 4511 sensum,
2828 4443 3133 4515 inquietudo
3165 4458 3261 4498 seu
3285 4445 3503 4498 tentorio
3543 4445 3714 4501 inter-

455 4551 664 4617 doceat,
697 4552 778 4608 sic
801 4552 992 4624 incipit
1020 4571 1032 4608 :
1078 4553 1283 4608 Paulus
1312 4570 1488 4610 servus
1509 4554 1635 4610 Jesu
1656 4551 1883 4622 Christi,
1924 4563 2032 4611 etc.

963 4687 1189 4746 CAPUT
1226 4689 1517 4746 PRIMUM.

457 4779 719 4868 Ostendit_
742 4781 1021 4868 Apostolus
1065 4783 1466 4868 charitatemhse
1509 4782 1697 4868 habere
1733 4782 1803 4868 ad
1837 4781 2036 4868 Bernu-

524 4869 642 4976 ἕως3
671 4863 719 4907 et
751 4851 879 4908 vitia
923 4870 1102 4909 eorum
1144 4852 1431 4924 redarguit,
1467 4852 1557 4922 qui
1583 4862 1870 4923 sequuntur
1895 4851 2036 4907 desi-

561 4939 669 4978 ena
705 4939 824 4978 sua.

528 5014 733 5071 Paulus
762 5032 940 5072 servus
967 5016 1094 5070 Iesu
1129 5014 1343 5071 Christi.
1389 5015 1568 5071 Prima
1609 5015 1765 5072 nobis
1805 5017 2032 5087 quaestio

457 5109 524 5165 de
559 5107 776 5163 nomine
818 5107 988 5176 ipsius
1030 5105 1180 5161 Pauli
1228 5107 1442 5161 videtur
1490 5119 1800 5176 exsurgere,
1854 5121 1951 5161 cur
1984 5107 2030 5162 is

457 5199 548 5270 qui
577 5197 770 5254 Saulus
791 5197 970 5252 dictus
995 5204 1080 5252 est
1121 5196 1177 5251 in
1203 5196 1425 5252 Actibus
1458 5195 1841 5267 apostolorum,
1889 5211 2032 5252 nunc

454 5291 658 5351 Paulus
718 5292 960 5356 dicatur;
1025 5289 1325 5345 invenimus
1374 5289 1430 5343 in
1487 5286 1782 5358 Scripturis
1834 5286 2032 5344 divinis

457 5383 777 5454 quibusdam
787 5391 1031 5438 veterum
1045 5387 1370 5437 commutata
1385 5379 1730 5444 vocabula,ut
1744 5392 1811 5433 ex
1825 5377 2030 5434 Abram

459 5475 725 5531 vocitatus
762 5473 833 5529 sit
881 5473 1172 5536 Abraham,
1231 5481 1286 5528 et
1336 5486 1404 5525 ex
1461 5468 1594 5526 Sara
1638 5468 1816 5534 Sarai,
1853 5477 1910 5524 et
1959 5484 2030 5524 ex

458 5565 624 5623 Iacob
668 5566 864 5632 Israel;
909 5565 962 5619 in
993 5562 1295 5633 Evangeliis
1323 5575 1536 5633 quoque
1580 5577 1645 5618 ex
1684 5559 1901 5616 Simone
1929 5558 2031 5614 Pe-

461 5667 600 5723 trus,
629 5666 683 5713 et
727 5656 822 5712 ﬁlii
857 5655 1098 5712 Zebedazi
1139 5652 1262 5708 Filii
1292 5653 1513 5709 tonitrui
1552 5651 1842 5723 nuncupati
1883 5657 2028 5706 sunt.

462 5748 569 5806 Sed
605 5751 720 5807 haec
746 5764 816 5805 ex
846 5753 1113 5818 praecepto
1160 5743 1257 5800 Dei
1289 5744 1517 5816 legimus
1549 5742 1721 5809 facta;
1763 5755 2030 5811 nusquam

2136 4553 2397 4617 pretatur,
2427 4542 2517 4598 hic
2539 4556 2663 4597 cum
2701 4540 2769 4595 ad
2806 4537 2966 4594 ﬁdem
2994 4535 3192 4592 Christi
3218 4535 3448 4592 accessit
3489 4535 3715 4592 Paulum

2138 4651 2197 4694 se
2222 4636 2373 4700 dicit,
2397 4633 2450 4689 id
2478 4640 2581 4698 est,
2619 4630 2773 4701 quasi
2811 4643 2878 4683 ex
2903 4635 3181 4684 tentatore
3209 4625 3411 4683 factum
3442 4628 3711 4698 quiet'um,

2137 4728 2499 4798 humilemque
2537 4723 2620 4780 vel
2650 4721 2953 4794 parvulum.
2997 4720 3220 4786 Servus,
3275 4721 3485 4790 inquit,
3517 4719 3711 4775 Christi

2134 4822 2281 4877 Jesu.
2316 4819 2544 4875 Servum
2565 4824 2743 4870 autem
2763 4810 2893 4868 Iesu
2917 4810 3119 4868 Christi
3142 4810 3404 4881 prolitens
3432 4826 3514 4877 se,
3535 4828 3566 4866 a
3593 4811 3711 4882 lege

2134 4928 2194 4968 se
2246 4921 2464 4967 exutum
2507 4906 2773 4970 ostendit,
2817 4911 2873 4958 et
2914 4902 3037 4957 ideo
3083 4910 3369 4971 utrumque
3401 4902 3615 4971 posuit,
3651 4901 3708 4956 id

2133 5011 2217 5060 est
2242 5000 2368 5056 Iesu
2400 4997 2620 5062 Christi,
2657 5005 2715 5050 ut
2739 5001 2795 5049 et
2823 4992 2920 5048 Dei
2949 4999 3005 5046 et
3032 4991 3266 5052 hominis
3311 5004 3599 5060 personam
3624 4991 3706 5045 si-

2135 5088 2360 5166 gnaret,‘
2385 5089 2510 5159 quia
2551 5089 2605 5142 in
2647 5096 2879 5155 utroque
2913 5092 2998 5139 est
3023 5082 3301 5147 Dominus,
3331 5081 3475 5136 sicut
3503 5089 3558 5136 et
3599 5080 3704 5137 Pe-

2133 5197 2247 5243 trus
2301 5182 2571 5256 apostolus
2621 5185 2855 5235 testatur
2913 5176 3098 5231 dicens
3122 5216 3137 5241 ,
3189 5175 3272 5228 hic
3333 5181 3409 5228 est
3471 5173 3705 5228 omnium

2134 5279 2430 5341 Dominus;
2467 5273 2593 5345 quia
2638 5285 2766 5341 ergo
2794 5276 2850 5324 et
2882 5267 3160 5331 Dominus,
3189 5272 3244 5320 et
3271 5262 3414 5319 Deus
3452 5273 3566 5329 est,
3601 5263 3706 5318 sic—

2131 5379 2192 5426 ut
2234 5368 2403 5425 David
2432 5366 2590 5432 dicit,
2623 5364 2748 5433 quia
2777 5361 3026 5416 Dominus
3055 5359 3163 5429 ipse
3210 5364 3285 5410 est
3334 5353 3476 5409 Deus
3524 5353 3702 5428 (Psal.

2132 5479 2256 5519 xcrx
2279 5462 2320 5532 ),
2350 5459 2492 5530 quod
2517 5459 2750 5512 haereses
2779 5460 2992 5523 negant.
3045 5447 3304 5504 Marcioni
3325 5445 3469 5500 enim
3489 5445 3703 5501 videtur

2129 5555 2254 5612 odio
2290 5553 2448 5624 Legis
2477 5550 2752 5606 Christum
2777 5553 2832 5602 et
2855 5557 3053 5614 corpus
3093 5539 3210 5608 ejus
3254 5551 3471 5610 negare,
3516 5535 3700 5593 Iesum

2127 5645 2369 5718 profiteri
2404 5661 2418 5698 :
2454 5640 2656 5707 Iudaeis
2699 5646 2876 5693 autem
2927 5642 2980 5690 et
3008 5632 3238 5688 Pholino
3263 5637 3484 5700 propter
3527 5628 3701 5682 zelum

2127 5735 2287 5806 Legis
2321 5732 2504 5791 Iesum
2525 5743 2750 5800 negare,
2785 5725 2926 5797 quod
2957 5723 3100 5780 Deus
3148 5721 3238 5778 sit.
3282 5718 3418 5776 Nam
3461 5718 3700 5790 quoties-
