3960 6318
248 395 387 453 ωι
808 390 1357 450 ENARRATIONUM
1388 387 1457 446 IN
1493 387 1642 446 EPP.
1682 385 1827 445 ΡΜ]

1934 384 2057 444 LIB.
2098 385 2142 442 1.
2174 411 2245 428 --
2282 382 2352 440 ῙΝ
2388 380 2608 441 EPIST.
2643 382 2737 439 AD
2772 380 2940 439 ROM.
3350 377 3493 437 1289

246 521 463 577 cunque
507 510 599 559 aut
640 501 826 560 losum
872 504 1005 561 dicit
1045 512 1138 559 aut
1179 502 1488 567 Christum,
1535 500 1822 572 aliquando
1847 503 1899 564 Α
1922 512 2112 555 omnes
2163 495 2432 553 Ecclesias
2459 497 2571 562 Dei,
2602 491 3140 557 etvocatiministri;
3184 493 3277 548 sed
3302 492 3487 549 nescio

245 596 443 662 Eoum,
474 594 764 665 aliquando
792 594 1065 650 hominem
1090 593 1377 666 significat,
1405 592 1543 648 sicut
1571 592 1674 647 hoc
1701 590 1821 646 loco
1924 589 2015 661 qui
2039 589 2095 645 in
2120 589 2207 645 his
2230 588 2386 644 electi
2408 588 2649 659 magistri
2674 588 2800 653 sint,
2843 594 2898 642 et
2921 584 3081 642 electi
3118 583 3376 650 ministri,
3407 584 3487 640 sic

246 686 394 745 inter
434 692 654 751 caetera,
696 694 746 740 et
786 701 942 752 unus,
984 684 1191 756 inquit,
1241 682 1495 738 Dominus
1539 680 1695 737 Iesus
1729 697 1822 752 per

242 791 400 849 quem
422 776 596 831 omnia
640 774 691 847 (1
719 774 840 831 Cor.
868 775 1010 847 vni),
1054 776 1195 846 quod
1224 774 1411 845 utique
1442 773 1509 829 ad
1531 772 1626 827 Dei
1651 772 1819 827 filium

244 866 503 938 pertinet,
531 865 688 937 juxta
728 865 871 936 quod
915 865 1059 920 Deus
1106 872 1210 930 est;
1242 873 1296 919 et
1332 862 1436 919 alio
1474 861 1631 918 loco:
1664 859 1819 917 Iesus

245 965 431 1013 autem
466 954 661 1025 inquit,
695 955 997 1027 proﬁciebat
1029 962 1181 1010 etate
1202 965 1249 1008 et
1269 954 1528 1024 sapientia
1553 951 1703 1023 (Luc.
1734 952 1816 1021 ιι),

243 1047 601 1120 «ιιιοάιιιιίᾳιιθ
632 1045 836 1102 homini
857 1044 1131 1115 competit.
1161 1040 1364 1116 (Greg.)
1387 1040 1661 1108 Quaeritur
1689 1039 1821 1109 quid

244 1140 323 1198 sit
341 1140 483 1211 quod
506 1139 763 1211 magister
793 1138 1039 1195 Christus
1062 1138 1119 1193 in
1142 1137 1251 1192 alio
1273 1135 1391 1190 loco
1418 1133 1685 1204 apostolos
1709 1148 1818 1189 non

244 1235 447 1292 dixerit
485 1248 693 1300 servos,
734 1233 829 1289 sed
857 1232 1059 1288 amicos
1102 1229 1303 1302 (Ioan.
1334 1229 1458 1301 xv);
1496 1238 1551 1284 et
1576 1227 1820 1299 ejusdem

246 1327 495 1397 magistri
513 1323 828 1394 discipulus,
859 1323 969 1379 imo
993 1321 1281 1394 Apostolus
1308 1361 1323 1387 ,
1352 1320 1409 1375 in
1436 1334 1543 1389 quo
1570 1316 1818 1375 Christus

242 1416 586 1487 loquebatur,
613 1415 913 1471 nominavit
933 1428 993 1470 se
1019 1428 1234 1469 servum
1250 1453 1264 1479 ,
1295 1420 1349 1469 et
1378 1412 1504 1468 dum
1528 1419 1817 1481 utrumque

243 1522 279 1564 ι
304 1508 518 1565 Christo
560 1507 761 1561 dictum
789 1513 891 1571 est,
932 1504 1200 1573 quomodo
1228 1502 1459 1573 intelligi
1493 1502 1701 1565 debeat,
1731 1514 1819 1556 so-

242 1600 411 1655 lerter
434 1599 747 1654 intuendum
771 1604 877 1663 est,
904 1597 1136 1651 maxime
1162 1611 1285 1651 cum
1312 1596 1452 1651 idem
1476 1593 1733 1650 Dominus
1753 1608 1819 1649 ac

241 1690 496 1748 Salvator
527 1701 713 1748 noster
735 1692 803 1747 ad
830 1692 1048 1749 eosdem
1091 1692 1362 1762 apostolos
1387 1689 1681 1746 secundum
1706 1689 1812 1744 Lu-

239 1800 362 1840 cam
395 1784 591 1839 dixerit
616 1803 629 1837 :
655 1783 825 1839 Dicite
846 1798 865 1836 :
894 1783 1042 1840 Servi
1068 1782 1278 1837 inutiles
1298 1799 1498 1849 sumus,
1528 1782 1651 1854 quia
1680 1780 1818 1851 quod

1920 689 1975 737 et
1995 690 2125 753 puto
2145 695 2288 747 esse,
2310 680 2571 750 quosdam
2591 688 2812 735 vocatos
2850 678 3083 749 quidem,
3124 684 3185 731 ut
3213 675 3488 747 patiantur

1919 786 2017 843 pro
2046 770 2283 835 Christo,
2313 784 2421 826 non
2442 779 2622 825 tamen
2644 768 2859 833 electos,
2887 769 2939 825 id
2967 776 3070 833 est,
3098 774 3319 822 vocatos
3345 779 3490 819 mar-

1920 867 2099 932 tyres,
2146 860 2242 916 sed
2282 874 2389 916 non
2425 858 2626 915 electos
2660 866 2954 929 martyres,
3008 864 3067 911 ut
3111 863 3237 911 sunt
3281 854 3355 909 illi
3396 852 3487 922 qui

1919 961 2042 1023 post
2064 960 2459 1009 tormentorum
2485 964 2707 1020 agones,
2745 958 2798 1006 Θῐ
2824 963 3120 1014 carcerum,
3165 963 3272 1004 non
3318 958 3489 1017 usque

1920 1045 1991 1101 ad
2018 1044 2182 1102 tinem
2210 1045 2265 1101 in
2291 1044 2644 1101 confessionis
2673 1040 2955 1098 tolerantia
2980 1040 3368 1109 perdurarunt;
3405 1043 3489 1092 est

1919 1146 1975 1194 et
1996 1147 2183 1195 vocata
2227 1138 2395 1208 virgo,
2445 1137 2539 1193 sed
2567 1152 2674 1193 non
2710 1134 2880 1189 electa
2911 1132 3081 1204 virgo,
3126 1146 3246 1201 quae
3283 1128 3491 1185 scilicet

1918 1243 2027 1284 non
2054 1227 2217 1285 fuerit
2244 1237 2428 1285 sancta
2456 1241 2681 1297 corpore
2712 1234 2767 1281 et
2792 1224 2984 1295 spiritu
3012 1220 3073 1293 (1
3106 1220 3231 1277 Cor.
3261 1219 3403 1290 vn);
3435 1226 3491 1275 et

1918 1328 2003 1376 est
2031 1329 2255 1378 vocatus
2302 1327 2506 1391 pastor,
2533 1318 2626 1374 sed
2650 1333 2757 1373 non
2790 1317 2993 1373 electus
3022 1324 3206 1387 pastor
3250 1314 3269 1387 (
3295 1313 3486 1368 Esecli.

1918 1426 2052 1468 ιιιιι
2077 1410 2121 1484 ),
2147 1411 2239 1482 qui
2260 1418 2455 1481 praeest
2482 1409 2695 1479 quidem
2735 1408 2923 1478 gregi,
2952 1415 3007 1462 et
3046 1406 3189 1461 lacte
3227 1403 3342 1473 ejus
3380 1402 3491 1457 uti-

1917 1511 2027 1570 tur,
2077 1512 2134 1558 et
2168 1502 2306 1557 lanis
2348 1501 2464 1573 ejus
2513 1500 2775 1572 Operitur,
2823 1499 2917 1554 sed
2963 1498 3232 1552 infirmum
3262 1511 3369 1551 non
3404 1509 3491 1549 re-

1917 1594 2108 1665 quirit,
2153 1602 2209 1649 et
2234 1592 2482 1650 claudum
2516 1606 2625 1647 non
2668 1589 2890 1661 colligit,
2938 1596 2993 1643 et
3020 1585 3214 1643 fortem
3258 1584 3487 1639 circum-

1919 1686 2107 1741 scribit
2138 1685 2195 1740 in
2225 1684 2441 1749 labore,
2482 1681 2557 1737 ita
2585 1690 2668 1737 est
2704 1690 2759 1736 et
2791 1690 3013 1736 vocatus
3059 1676 3354 1741 abstinens,
3398 1675 3492 1730 sed

1919 1790 2028 1829 non
2054 1772 2258 1829 electus
2279 1771 2585 1836 abstinens,
2611 1770 2816 1826 scilicet
2840 1770 2930 1839 qui
2957 1766 3163 1838 jejunat
3191 1765 3366 1820 tristis
3396 1778 3491 1818 ex-

242 1874 515 1931 debuimus
556 1876 726 1945 facere
766 1875 980 1944 fecimus
1030 1874 1190 1945 (Luc.
1242 1873 1435 1940 xvii);
1474 1881 1529 1928 et
1571 1876 1766 1930 iterum
1798 1891 1811 1926 ;
1842 1858 1893 1919 Β
1920 1863 2217 1920 terminans
2237 1861 2428 1917 faciem
2450 1876 2630 1928 suam,
2652 1869 2713 1915 ut
2729 1859 3035 1916 hominibus
3053 1854 3488 1927 placeat(Matth.

249 1967 441 2025 Beatus
470 1968 559 2023 ille
601 1984 776 2023 servus
812 1982 963 2036 quem
995 1982 1113 2020 cum
1160 1966 1357 2020 uenerit
1405 1964 1655 2019 Dominus
1701 1965 1814 2035 ejus

242 2064 490 2119 invenerit
518 2064 592 2118 sic
616 2060 888 2131 facientem
910 2058 1079 2127 (Luc.
1101 2073 1178 2111 xu
1200 2056 1218 2129 )
1244 2074 1260 2123 ;
1295 2064 1347 2112 et
1368 2056 1566 2113 iterum
1598 2073 1611 2109 :
1644 2055 1814 2126 Euge,

242 2172 387 2209 serve
413 2154 539 2208 bone
566 2160 613 2206 et
639 2149 808 2220 ﬁdelis
853 2148 1024 2221 (Luc.
1054 2163 1145 2202 xu
1168 2147 1208 2219 ).
1240 2146 1368 2202 Sine
1394 2144 1702 2216 pmjudicio
1738 2144 1817 2199 al—

245 2247 414 2302 terius
439 2242 717 2300 sententiaa
743 2240 981 2296 melioris
1007 2238 1283 2295 sciendum
1312 2246 1416 2304 est,
1445 2238 1550 2292 duo
1581 2250 1699 2291 esse
1719 2249 1813 2306 ge-

244 2351 378 2393 nera
404 2336 558 2390 bona:
581 2332 871 2395 servitutis,
913 2345 1080 2384 unum
1118 2328 1353 2393 timoris,
1400 2325 1541 2381 aliud
1570 2324 1814 2381 dilectio-

242 2428 371 2493 nis;
399 2441 564 2481 unum
585 2422 891 2480 timentium
914 2420 1232 2476 ancillarum
1258 2427 1312 2473 et
1341 2432 1639 2483 servorum,
1673 2416 1816 2470 aliud

242 2517 577 2589 diligendum
613 2524 669 2572 et
694 2512 1019 2585 placentium
1065 2509 1295 2565 filiorum
1322 2528 1334 2563 :
1360 2509 1512 2563 timet
1551 2508 1693 2563 enim
1722 2523 1815 2561 an-

244 2608 369 2666 cilla
400 2624 467 2665 ne
504 2606 825 2679 ﬂagelletur,
860 2604 1016 2658 timet
1053 2611 1301 2656 matrona
1325 2614 1393 2654 ne
1418 2596 1654 2654 offendat
1694 2596 1814 2652 ani-

242 2719 395 2761 mum
429 2703 531 2757 viri
557 2692 678 2766 sui,
724 2699 819 2754 sed
870 2695 1147 2752 servitutis
1194 2694 1472 2757 timorem,
1523 2691 1613 2760 qui
1657 2688 1817 2745 habet

242 2812 482 2869 pinnam,
508 2795 652 2850 foras
677 2790 845 2847 mittit
862 2787 1102 2860 perfecta
1128 2786 1393 2849 charitas,
1430 2782 1700 2853 perfectus
1721 2797 1815 2835 au-

244 2897 355 2945 tem
396 2884 670 2942 servitutis
712 2882 875 2936 timor
899 2894 1006 2935 non
1039 2877 1213 2934 solum
1248 2892 1357 2931 non
1386 2874 1549 2929 habet
1576 2886 1814 2942 poenam,

244 2980 341 3036 sed
369 2977 437 3033 ad
458 2978 633 3048 ipsum
656 2970 903 3044 pervenit
940 2984 1037 3041 per
1058 2967 1321 3030 laetitiam,
1364 2964 1651 3020 Psalmista
1693 2963 1819 3018 hor-

246 3071 412 3127 tando
440 3074 687 3130 testante,
726 3064 818 3133 qui
858 3061 933 3117 ait
958 3080 970 3115 :
997 3060 1225 3115 La’tetur
1250 3074 1338 3111 cor
1366 3072 1536 3111 meum
1556 3064 1610 3109 ut
1640 3056 1817 3108 timeat

1918 1968 1972 2008 vt
1993 1951 2035 2025 ),
2065 1952 2161 2008 sed
2184 1960 2239 2007 et
2262 1966 2359 2022 per
2395 1952 2634 2022 singulos
2667 1950 2965 2022 gratiarum
3009 1948 3209 2020 gradus
3249 1945 3494 2002 similiter

1918 2043 2162 2099 invenies
2208 2042 2404 2098 multos
2454 2043 2672 2113 quidem
2732 2050 2952 2097 vocatos
2976 2079 2992 2106 ,
3054 2053 3258 2109 paucos
3312 2044 3491 2091 autem

1918 2130 2122 2187 electos
2152 2129 2383 2201 (Matth.
2408 2130 2543 2203 xx).

1992 2218 2316 2291 Segregatus‘
2351 2221 2406 2273 in
2430 2219 2772 2290 Evangelium
2809 2218 2924 2273 Dei.
2965 2217 3174 2290 (Greg.)
3222 2216 3491 2288 Segrega-

1919 2320 2028 2377 tus,
2061 2310 2255 2381 inquit,
2293 2312 2345 2366 in
2370 2310 2717 2380 Evangelium
2760 2310 2884 2376 Dei;
2920 2318 2976 2366 et
3010 2309 3305 2365 secundum
3335 2309 3496 2365 Joan—

1920 2416 2045 2455 nem
2069 2419 2083 2453 :
2117 2399 2275 2455 Pater
2297 2410 2493 2466 sancte,
2519 2416 2765 2455 conserva
2801 2416 2887 2454 eos
2916 2399 2969 2452 in
2997 2399 3203 2453 nomine
3232 2408 3343 2463 tuo,
3368 2414 3495 2467 quos

1921 2491 2110 2546 dedisti
2155 2491 2305 2556 mihi,
2351 2500 2407 2545 ut
2443 2492 2544 2547 sint
2570 2508 2731 2546 unum
2756 2491 2939 2563 (Joan.
2989 2490 3144 2561 xvu),
3175 2498 3229 2543 et
3267 2489 3391 2543 dum
3438 2502 3497 2543 sc

1922 2592 2146 2638 sanctus
2174 2581 2373 2637 Paulus
2429 2597 2593 2637 unum
2638 2580 2889 2637 etl‘ectum
2934 2595 3053 2636 esse
3100 2594 3221 2635 cum
3268 2577 3498 2633 servatis

1922 2674 2172 2739 credidit,
2198 2674 2327 2744 quid
2355 2682 2457 2740 est,
2485 2674 2625 2744 quod
2651 2679 2987 2743 segregatum
3036 2685 3094 2727 se
3117 2684 3237 2726 esse
3263 2668 3500 2724 fatetur?

1922 2762 2058 2819 Nam
2109 2764 2307 2820 dicitur
2349 2774 2662 2835 segregatus
2710 2763 2865 2832 quasi
2911 2778 2943 2818 a
2988 2776 3149 2833 grege
3194 2771 3497 2829 separatus,

1922 2854 2161 2909 maxime
2202 2868 2325 2908 cum
2355 2852 2613 2908 Dominus
2635 2852 2847 2914 dixerit,
2894 2859 2950 2907 et
2976 2850 3081 2905 erit
3116 2865 3255 2904 unus
3280 2863 3411 2919 grex
3446 2857 3503 2904 et

1922 2958 2065 2998 unus
2091 2950 2278 3012 pastor
2307 2941 2488 3012 (Joan.
2522 2941 2602 3013 ι),
2653 2950 2710 2997 et
2733 2941 2969 3013 Spiritus
2997 2949 3215 2996 sanctus
3256 2940 3310 2995 in
3348 2939 3501 2995 Acti-

1924 3037 2025 3091 bus
2060 3036 2422 3105 apostolorum
2450 3033 2763 3105 imperando
2812 3034 3017 3089 locutus
3058 3041 3180 3089 est:
3226 3031 3503 3103 Segregatc

246 3179 435 3218 nomen
476 3170 624 3213 tuum
654 3121 837 3228 (Psal.
868 3166 1045 3209 Lxxxv
1070 3151 1120 3223 );
1146 3157 1201 3204 et
1236 3150 1429 3203 lterum
1459 3165 1473 3201 :
1509 3146 1687 3200 Timor
1711 3144 1820 3198 Do—

1934 3125 2056 3179 mihi
2080 3122 2310 3179 Paulum
2336 3134 2381 3177 et
2395 3122 2694 3176 Barnabam
2711 3123 2767 3176 in
2795 3138 2943 3189 opus,
2968 3121 3036 3174 ad
3056 3122 3193 3193 quod
3224 3121 3397 3174 vocavi
3415 3137 3501 3175 eos

245 3252 377 3305 mini
429 3260 639 3303 sanctus
674 3261 983 3316 permanens
1028 3246 1083 3297 in
1126 3239 1374 3295 saeculum
1419 3238 1599 3293 sazculi

246 3342 436 3413 xviii).
477 3339 628 3395 Hunc
662 3352 895 3407 namque
929 3336 1175 3391 timorem
1204 3332 1404 3387 habent
1439 3338 1494 3385 et
1527 3329 1696 3384 sancti
1724 3343 1823 3383 an—

246 3432 393 3507 geli,
450 3444 609 3500 quem
653 3428 893 3498 profecto
940 3426 1244 3481 habuerunt
1285 3430 1339 3477 et
1386 3420 1559 3476 sancti
1600 3417 1827 3489 apostoli

249 3536 349 3594 per
407 3520 694 3575 adventum
753 3516 961 3572 scilicet
1016 3513 1248 3585 Spiritus
1306 3510 1477 3565 sancti
1522 3524 1619 3580 per
1666 3523 1825 3577 quem

249 3614 533 3672 descendit
575 3610 812 3667 charitas
858 3609 913 3662 in
952 3605 1203 3662 cordibus
1244 3602 1478 3666 nostris,
1522 3599 1723 3655 idcirco
1772 3608 1828 3653 et

252 3723 289 3763 a
314 3707 543 3764 Domino
586 3718 692 3758 non
722 3701 854 3757 dicti
898 3706 1021 3756 sunt
1049 3697 1212 3762 servi,
1258 3696 1352 3751 sed
1391 3692 1580 3756 amici,
1623 3690 1716 3761 qui
1746 3699 1829 3744 ta-

251 3814 381 3856 men
407 3806 461 3853 et
490 3812 522 3851 a
551 3793 853 3862 semetipsis
888 3800 943 3845 et
981 3806 1013 3844 a
1058 3787 1285 3844 Domino
1329 3784 1457 3839 dicti
1497 3789 1623 3837 sunt
1663 3780 1827 3844 servi,

253 3890 511 3946 nimirum
542 3902 648 3941 non
677 3900 743 3939 ex
770 3883 980 3945 timore,
1014 3879 1108 3935 sed
1146 3888 1329 3932 amore
1355 3873 1465 3929 Deo
1494 3872 1757 3943 placendi.

341 3977 570 4032 Vocatus
613 3972 895 4045 apostolus.
938 3967 1159 4042 (Orig.)
1206 3965 1409 4021 Nomen
1457 3964 1581 4029 hoc,
1633 3964 1688 4017 id
1728 3970 1829 4027 est,

256 4081 495 4137 vocatus,
524 4069 649 4140 quia
670 4067 737 4122 ad
766 4078 955 4121 omnes
981 4061 1234 4133 pertinet,
1263 4057 1355 4129 qui
1396 4057 1453 4111 in
1477 4054 1693 4111 Christo
1718 4068 1835 4108 cre—

260 4168 416 4231 dunt,
454 4161 701 4235 generale
741 4165 919 4231 potest
958 4156 1149 4220 videri,
1199 4154 1293 4209 sed
1334 4149 1702 4217 unusunisque
1746 4162 1834 4201 se—

261 4255 496 4311 cundum
538 4253 592 4306 id
619 4249 762 4319 quod
797 4248 852 4303 in
897 4262 962 4302 eo
983 4242 1242 4315 praevidet
1268 4248 1323 4295 et
1357 4238 1518 4309 elegit
1547 4238 1708 4302 Deus,
1743 4242 1836 4289 aut

262 4343 537 4416 apostolus
564 4348 806 4404 vocatur,
852 4346 943 4393 aut
980 4334 1263 4405 propheta,
1312 4338 1405 4385 aut
1432 4329 1706 4399 magister,
1745 4333 1837 4380 aut

262 4435 403 4491 liber
431 4434 498 4488 ab
521 4446 708 4496 uxore,
755 4438 850 4485 aut
880 4442 1069 4485 servus
1092 4426 1145 4480 in
1172 4424 1418 4494 conjuge,
1455 4430 1511 4476 et
1534 4436 1633 4491 pro
1660 4421 1837 4475 diver-

263 4528 429 4584 sitate
466 4523 651 4595 gratia:
697 4520 995 4591 completur
1049 4517 1178 4572 illud
1214 4514 1356 4585 quod
1398 4513 1658 4581 scriptum
1699 4519 1781 4566 est
1820 4528 1832 4563 :

267 4617 433 4676 Multi
478 4623 598 4670 sunt
627 4614 809 4677 vocati,
846 4612 999 4683 pauci
1034 4620 1205 4664 autem
1250 4607 1396 4661 electi
1428 4604 1661 4676 (Matth.
1708 4603 1836 4674 xx).

270 4708 562 4764 Sciendum
608 4717 786 4760 tamen
828 4713 931 4767 est,
988 4701 1130 4772 quod
1185 4698 1437 4771 possibile
1480 4706 1565 4753 est
1610 4696 1841 4765 aliquem

272 4815 393 4858 esse
435 4807 684 4854 vocatum
722 4794 1041 4866 apostolum,
1086 4799 1179 4846 aut
1214 4799 1464 4845 vocatum
1503 4788 1843 4858 prophetam,

274 4899 373 4946 aut
404 4898 653 4944 vocatum
680 4886 1014 4956 magistrum,
1059 4890 1115 4937 et
1138 4883 1183 4937 si
1223 4879 1519 4951 neglexerit
1548 4877 1847 4933 vocationis

275 4994 389 5036 suae
414 4980 664 5049 gratiam,
718 4975 967 5030 decidere
994 4988 1064 5029 ex
1100 4987 1185 5037 ea,
1233 4971 1374 5023 sicut
1404 4975 1461 5021 et
1495 4963 1678 5031 ludas,
1721 4964 1845 5034 quia

274 5069 553 5140 apostolus
595 5074 817 5123 vocatus
859 5073 963 5129 est,
1001 5072 1056 5118 et
1094 5060 1366 5133 negligens
1405 5056 1701 5111 vocationis
1736 5069 1849 5109 sua:

277 5160 528 5234 gratiam,
580 5174 647 5215 ex
695 5156 935 5228 apostolo
962 5153 1183 5209 effectus
1220 5159 1304 5206 est
1348 5148 1621 5219 proditor,
1657 5153 1711 5200 et
1751 5143 1854 5198 fuit

279 5250 500 5323 quidem
554 5257 775 5310 vocatus
823 5245 1095 5315 apostolus
1135 5260 1148 5299 :
1196 5241 1288 5297 sed
1342 5255 1447 5294 non
1500 5236 1601 5290 fuit
1648 5235 1852 5290 electus

280 5340 576 5413 apostolus,
610 5340 705 5393 sed
742 5347 797 5393 et
826 5337 913 5391 ille
934 5336 1216 5406 pmpheta,
1259 5331 1348 5401 qui
1377 5329 1429 5383 in
1455 5326 1613 5382 tertio
1644 5325 1855 5396 Regno-

283 5450 406 5489 rum
434 5432 571 5488 libro
615 5428 748 5501 (ΙΙΙ
795 5427 923 5497 Reg.
952 5422 1091 5497 xm)
1124 5424 1351 5478 refertur
1395 5419 1743 5489 prophetasse
1785 5414 1852 5469 de

285 5521 626 5586 Hieroboam,
657 5528 882 5575 vocatus
918 5516 1177 5589 propheta
1222 5514 1341 5579 fuit,
1373 5512 1416 5567 si
1452 5521 1631 5565 autem
1657 5515 1712 5563 et
1740 5507 1853 5562 ele»

287 5625 409 5671 ctus
431 5615 564 5684 ipse,
593 5613 897 5674 discutitur,
921 5608 1171 5680 quoniam
1194 5607 1408 5678 quidem
1434 5602 1735 5673 prohibitus
1760 5615 1857 5669 pa-

292 5721 416 5762 nem
459 5704 800 5767 manducare,
840 5703 892 5756 in
914 5700 1073 5756 Israel
1101 5697 1462 5757 manducavit,
1508 5700 1563 5747 ct
1604 5692 1859 5745 interem-

294 5806 416 5871 ptus
448 5806 527 5852 est
557 5812 582 5850 ει
619 5795 789 5850 leone.
839 5795 975 5848 Sunt
1003 5799 1054 5845 ct
1086 5790 1235 5847 multi
1267 5786 1443 5845 vocali
1475 5780 1719 5853 magistri
1760 5793 1857 5850 per

1643 3233 1814 3307 (Ρεαι,
1846 3198 1892 3262 C
1927 3215 2065 3288 (Act.
2096 3214 2236 3287 xm).
2284 3214 2574 3269 Sciendum
2609 3211 2851 3281 profecto
2899 3212 2955 3267 in
2982 3211 3171 3281 primis
3213 3220 3313 3274 est,
3361 3210 3504 3279 quod

1925 3310 2031 3365 ista
2060 3308 2365 3365 testimonia
2395 3322 2503 3362 nou
2548 3305 2719 3361 solum
2746 3320 2777 3358 a
2811 3303 3117 3373 semetipsis
3161 3318 3268 3359 non
3303 3303 3502 3359 discite-

1925 3410 2096 3473 pant;
2150 3413 2337 3455 verum
2362 3400 2525 3454 etiam
2576 3396 2925 3465 sibimetipsis
2952 3395 3007 3449 in
3034 3394 3244 3449 unitate
3285 3410 3507 3469 concor-

1928 3493 2077 3547 dant.
2107 3489 2241 3544 Nam
2264 3489 2459 3543 Paulus
2480 3497 2534 3541 et
2558 3486 2835 3541 Barnabas
2860 3500 2891 3540 a
2920 3500 2952 3556 g
2983 3500 3081 3557 ege
3112 3500 3221 3540 non
3241 3494 3395 3539 erant
3423 3499 3508 3540 se-

1928 3582 2125 3652 parati,
2178 3580 2273 3635 sed
2301 3578 2585 3649 segregati,
2620 3578 2724 3633 hoc
2748 3584 2852 3641 est,
2886 3584 2955 3631 ad
2996 3589 3132 3646 opus
3178 3575 3508 3643 apostolatus

1930 3674 2155 3731 fuerant
2174 3672 2366 3737 electi;
2388 3670 2584 3740 quibus
2609 3668 2753 3725 enim
2784 3683 2875 3722 cor
2905 3682 3065 3721 unum
3110 3675 3158 3721 et
3189 3666 3363 3719 anima
3402 3682 3509 3719 una

1932 3767 2070 3839 (Act.
2116 3764 2190 3837 iv)
2243 3779 2363 3819 cuin
2416 3776 2575 3832 grege
2601 3768 2738 3824 erat,
2786 3757 2928 3812 nulla
2968 3756 3238 3826 separatio
3280 3770 3508 3825 usquam

1933 3870 2053 3911 esse
2078 3860 2321 3926 poterat;
2355 3858 2595 3905 attamen
2624 3865 2655 3903 a
2677 3861 2837 3919 grege
2865 3845 3129 3916 segregati
3159 3844 3391 3909 fuerant,
3417 3845 3509 3913 qui

1935 3945 2001 3999 ad
2027 3942 2383 4013 apostolatum
2417 3938 2577 3994 electi
2601 3944 2776 3992 erant.
2814 3934 2948 3989 Nam
2971 3943 3026 3989 et
3068 3948 3261 3988 manus
3288 3934 3353 3988 ad
3381 3949 3509 4004 ope-

1937 4035 2164 4090 randum
2186 4031 2553 4103 porriguntur,
2599 4026 2694 4082 sed
2739 4035 2917 4081 tamen
2948 4024 3017 4079 ab
3037 4024 3243 4079 unitate
3269 4024 3509 4093 corporis

1937 4140 2047 4180 non
2097 4130 2435 4194 separantur.
2493 4116 2716 4191 (Ambr.)
2775 4115 3123 4185 Segregatum
3164 4129 3222 4168 se
3278 4114 3407 4168 dicit
3455 4114 3509 4168 in

1936 4214 2285 4286 Evangelium
2328 4211 2444 4265 Dei.
2472 4207 2818 4279 Evangelium
2845 4215 2928 4261 est
2955 4203 3051 4260 Dei
3075 4205 3246 4261 bonus
3268 4206 3507 4269 nuntius,

1938 4321 2046 4376 quo
2121 4311 2433 4374 peccatores
2500 4300 2569 4353 ad
2646 4293 3029 4366 indulgentiam
3126 4304 3507 4349 convocantur.

1937 4397 2227 4468 Apostolus
2260 4402 2438 4449 autem
2464 4391 2716 4461 quoniam
2743 4389 2795 4443 in
2830 4387 3107 4443 Judaismo
3128 4385 3301 4441 locum
3332 4386 3512 4441 docto-

1942 4492 2018 4548 ris
2048 4490 2320 4554 habebat,
2362 4494 2423 4541 ut
2452 4492 2574 4555 pote
2618 4481 2955 4544 Pharisasus,
3002 4478 3123 4534 ideo
3174 4494 3204 4533 a
3251 4475 3513 4532 Judaismi

1943 4581 2322 4655 praedicatione
2366 4583 2704 4647 segregatum
2766 4588 2823 4628 se
2873 4572 3003 4627 dicit
3047 4572 3103 4626 in
3168 4570 3515 4641 Evangelium

1946 4676 2065 4741 Dei,
2087 4683 2146 4730 ut
2170 4687 2202 4727 a
2223 4670 2340 4739 lege
2362 4667 2707 4724 dissimulans
2731 4662 3003 4720 Christum
3028 4660 3367 4732 praedicaret,
3398 4661 3510 4730 qui,

1946 4764 2087 4834 quod
2116 4763 2200 4818 lex
2246 4774 2353 4814 non
2392 4765 2633 4829 poterat,
2677 4754 2851 4824 potuit
2877 4752 3163 4807 credentes
3190 4751 3241 4804 in
3283 4748 3517 4817 sejusti-

1947 4855 2153 4917 ficare;
2207 4850 2302 4906 sed
2353 4864 2456 4903 non
2491 4853 2679 4901 contra
2721 4843 2914 4913 legem,
2964 4842 3057 4896 sed
3102 4855 3201 4909 pro
3254 4839 3371 4909 lege
3415 4848 3516 4903 est,

1950 4946 2250 5016 ipsa.enim
2300 4942 2403 4996 hoc
2458 4938 2601 5021 dicig
2636 4938 2912 5002 futurum,
2965 4936 3172 4989 dicente
3213 4932 3348 4986 Isaia
3397 4946 3522 5003 pro-

1947 5038 2107 5108 pheta
2147 5054 2161 5092 :
2201 5054 2221 5087 ι
2258 5033 2449 5090 Veniet
2476 5048 2543 5087 ex
2576 5031 2728 5097 Sion,
2757 5030 2848 5099 qui
2885 5027 3076 5098 eripiat
3121 5035 3176 5081 et
3202 5034 3409 5081 avertat
3432 5041 3523 5082 ca-

1950 5128 2252 5199 ptivitatem
2279 5126 2346 5180 ab
2368 5122 2565 5189 Iacob,
2594 5130 2649 5178 et
2681 5122 2784 5176 hoc
2827 5118 2931 5175 illis
2952 5133 2984 5173 a
3007 5133 3093 5173 me
3119 5126 3519 5181 testamentum,

1951 5238 2073 5278 cum
2103 5220 2373 5278 abstulero
2398 5227 2617 5289 peccata
2646 5230 2855 5270 eorum.
2894 5233 2911 5265 ι

2026 5311 2179 5377 Quod
2200 5318 2317 5364 ante
2340 5308 2645 5377 promiserat
2669 5322 2761 5376 per
2778 5303 3049 5374 prophetas
3070 5316 3190 5355 suos
3212 5299 3267 5353 in
3294 5295 3525 5366 Scriptu-

1957 5402 2029 5457 ris
2063 5400 2275 5456 sanctis.
2328 5396 2401 5453 Ut
2426 5397 2618 5469 probet
2644 5404 2812 5451 ratam
2840 5401 2896 5447 et
2935 5391 3196 5461 integram
3227 5386 3350 5441 ﬁdei
3377 5400 3525 5455 spem

1957 5509 2079 5550 esse
2104 5494 2160 5548 in
2187 5491 2405 5548 Christo
2430 5509 2443 5544 :
2474 5488 2585 5560 jam
2610 5487 2759 5558 prius
2782 5482 3130 5555 Evangelium
3160 5479 3277 5550 ejus
3319 5476 3447 5532 dicit
3495 5490 3525 5527 a

1959 5587 2072 5642 Deo
2099 5584 2443 5655 promissum,
2483 5588 2541 5633 ut
2567 5594 2635 5633 ex
2657 5593 2721 5633 eo
2763 5577 3008 5631 idoneum
3040 5571 3186 5625 illum
3217 5578 3527 5637 sponsorem

1960 5677 2085 5732 vita:
2102 5653 2349 5738 doceret,
2384 5672 2696 5742 priusquam
2722 5666 2928 5720 veniret
2954 5659 3315 5717 testimonium
3340 5655 3388 5708 ei
3431 5653 3529 5707 da-

1966 5778 2081 5826 tum
2108 5765 2361 5829 ostendit,
2404 5767 2687 5818 attcstantc
2735 5758 2893 5811 Petro
2921 5753 3203 5824 apostolo:
3244 5748 3349 5802 Nec
3396 5743 3530 5798 enim
