3960 6330
453 368 593 430 i283

1088 380 1149 429 Β.
1193 374 1447 430 uanam
1485 375 1704 432 MAURI
1740 376 2060 434 ARCiilEP.
2100 376 2411 463 uocum.
2452 380 2737 438 openuu
2776 382 2955 439 PARS
2987 382 3074 439 ιιι.

3591 390 3613 443 i
3624 390 3729 445 284

370 540 371 543 η
451 482 600 539 aliud
621 456 802 538 datum
824 478 920 551 est,
951 485 1148 556 inquit,
1180 495 1369 542 nomen
1389 488 1484 542 sub
1508 484 1665 552 caelo,
1696 490 1748 543 in
1771 506 1871 559 quo
1894 505 2043 558 opor-
2069 497 2116 554 Α
2144 505 2285 544 unus
2316 458 2403 546 (sit
2441 492 2536 547 Dei
2581 501 2637 548 et
2661 493 2894 549 hominis
2942 493 3082 549 ﬁlius
3109 492 3359 552 Christus
3395 495 3573 553 Jesus.
3626 499 3729 566 Qui

449 584 520 631 tet
538 576 706 630 salvos
723 576 841 644 ﬁeri
862 575 1183 648 (Act:tv).—
1195 576 1302 633 Per
1324 582 1600 651 prophetas
1616 598 1762 647 suos,
1782 591 1839 636 ut
1860 582 2035 635 mani-

449 663 640 723 festius
668 667 961 723 salutarem
992 683 1114 726 esse
1142 670 1430 734 adventum
1454 673 1654 729 Christi
1682 675 2011 746 signiﬁcaret

446 766 502 815 et
523 760 637 830 jam
666 776 950 831 personas,
980 779 1078 833 per
1106 779 1245 833 quas
1276 767 1690 835 promissionem
1718 769 2028 841 signaverit,

427 847 853 915 demonstravit,
870 859 938 907 ut
950 868 1111 922 quam
1137 862 1265 912 vera
1285 865 1340 913 et
1360 858 1641 929 magniﬁca
1662 860 1731 914 sit
1745 854 2033 930 promissio

444 953 513 994 ex
542 940 626 996 his
663 941 956 999 videretur.
976 944 1144 1003 Nemo
1165 949 1311 1003 enim
1340 964 1457 1005 rem
1481 950 1641 1006 vilem
1665 954 1878 1024 magnis
1900 970 2033 1024 pra!-

444 1033 757 1089 cursoribus
772 1036 1011 1092 nuntiat.
1043 1036 1111 1093 In
1144 1029 1429 1111 Scripturis
1455 1046 1670 1099 sanctis.
1692 1045 1805 1101 Hoc
1834 1050 1901 1102 ad
1932 1065 2030 1105 cu—

444 1125 647 1182 mulum
676 1142 820 1183 verze
841 1119 1244 1201 protestationis
1270 1133 1488 1205 adjecit,
1516 1145 1578 1192 ut
1612 1138 1870 1212 majorem
1896 1122 2031 1195 ﬁdu-

441 1216 581 1272 ciam
614 1220 961 1277 credentibus
1010 1220 1215 1278 faceret
1258 1232 1313 1279 et
1357 1225 1527 1297 legem
1583 1232 2027 1289 commendaret:

440 1317 644 1365 sanctae
680 1313 823 1366 enim
854 1320 981 1390 sunt
1003 1310 1319 1385 Scripturae,
1361 1333 1483 1387 qua:
1506 1319 1635 1374 vitia
1668 1321 1945 1390 damnant,
1975 1332 2030 1379 et

438 1409 836 1457 sacramentum
866 1385 977 1457 illic
1006 1405 1167 1459 unius
1201 1405 1296 1461 Dei
1331 1385 1398 1477 et
1422 1406 1817 1467 incarnationis
1856 1413 2029 1471 conti-

436 1502 597 1547 netur
622 1494 735 1554 ﬁlii.
758 1494 878 1563 Dei,
925 1511 1026 1567 pro
1054 1496 1229 1561 salute
1256 1499 1511 1567 humana,
1566 1502 1796 1558 testibus
1846 1503 2027 1574 signo—

434 1600 557 1639 rum
583 1574 883 1657 prodigiis.

504 1674 582 1730 De
610 1675 777 1743 Filio,
823 1677 1019 1748 inquit,
1046 1696 1162 1735 suo.
1217 1680 1448 1753 Dignum
1480 1682 1698 1754 i‘uit,‘ut~
1726 1686 1853 1755 quia
1884 1686 2027 1743 Deus

432 1765 628 1823 Filium
657 1755 813 1824 suum
844 1772 1124 1841 proprium
1151 1775 1352 1829 mundo
1375 1777 1744 1845 promittebat,
1771 1793 1865 1848 per
1889 1795 2026 1850 pne-

2138 583 2283 636 enim
2309 596 2375 635 ex
2404 592 2606 638 aeterno
2631 584 2725 641 Dei
2755 584 2924 639 Filius
2946 593 3082 651 erat,
3106 585 3463 657 ignorabatur
3490 600 3672 645 autem
3700 608 3730 647 τι

2138 680 2412 739 creatura,
2442 674 2567 730 dum
2596 674 2709 728 vult
2751 676 3082 732 manifestari
3110 695 3208 749 pro
3247 680 3485 735 humana
3530 684 3725 748 salute,

2136 761 2361 818 visibilis
2390 763 2573 818 debuit
2595 774 2651 820 et
2678 781 2971 836 corporeus
3016 769 3134 824 ﬁeri
3157 810 3171 836 ,
3222 772 3349 841 quia
3377 782 3435 827 et
3472 778 3726 841 cognosci

2137 868 2196 909 se
2214 854 2385 909 voluit
2412 871 2509 925 per
2537 856 2789 912 virtutem
2828 867 2883 913 et
2907 860 3179 915 hominem
3226 864 3467 931 peccatis
3506 864 3730 921 abluere

2136 944 2407 1012 in'carne,
2440 957 2613 1004 mOrte
2635 950 2866 1017 devicta,
2890 961 2943 1005 et
2967 952 3086 1006 ideo
3112 969 3175 1007 ex
3212 957 3418 1011 semine
3442 956 3612 1013 David
3643 959 3726 1027 ﬁt,

2134 1043 2195 1090 ut
2222 1037 2360 1092 sicut
2382 1039 2447 1093 de
2472 1039 2581 1095 Deo
2607 1055 2702 1095 rex
2722 1049 2849 1097 ante
2876 1043 3071 1097 saecula
3113 1056 3271 1103 natus
3304 1059 3406 1114 est,
3442 1051 3512 1105 ita
3540 1060 3596 1106 et
3639 1067 3729 1109 se-

2134 1128 2369 1183 cundum
2393 1145 2609 1185 carnem
2627 1147 2693 1186 ex
2714 1148 2840 1205 rege
2858 1143 3037 1191 ortum
3062 1138 3271 1207 regium
3294 1152 3531 1210 caperet,
3549 1141 3729 1201 factus

2133 1232 2298 1288 opere
2322 1219 2557 1291 Spiritus
2575 1225 2747 1279 sancti
2776 1225 2844 1281 de
2865 1227 3099 1300 virgine,
3120 1230 3222 1285 hoc
3246 1240 3328 1285 est
3353 1242 3531 1299 natus,
3559 1244 3617 1288 ut
3638 1252 3729 1292 re-

2132 1312 2376 1364 verentia
2403 1312 2451 1366 ei
2478 1323 2750 1369 reservata
2772 1330 2838 1371 ex
2852 1316 2954 1373 hoc
2968 1319 3110 1374 ultra
3133 1321 3405 1377 hominem
3431 1339 3728 1403 cognosce-

2100 1424 2101 1427 η
2133 1408 2304 1467 retur,
2335 1403 2476 1471 quod
2503 1405 2572 1459 ab
2594 1404 2843 1461 humana:
2864 1408 2996 1479 legis
3020 1410 3301 1466 nativitate
3328 1413 3579 1479 distaret,
3611 1416 3726 1472 sic-

2131 1499 2192 1545 ut
2241 1492 2555 1562 prtedictum
2593 1495 2769 1552 fuerat
2793 1499 2861 1553 ab
2889 1499 3022 1555 lsaia
3061 1504 3360 1573 prOpheta:
3403 1504 3541 1559 Ecce
3582 1508 3727 1577 virgo

2130 1584 2186 1636 in
2211 1597 2358 1638 utero
2386 1589 2657 1658 concipiet,
2689 1597 2793 1644 etc.
2839 1590 2971 1662 (Isa.
3009 1595 3134 1664 vn),
3179 1603 3237 1647 ut
3264 1611 3387 1649 cum
3415 1613 3614 1652 novum
3642 1598 3727 1653 fa-

2132 1682 2276 1728 ctum
2300 1677 2575 1731 videretur
2600 1689 2655 1733 et
2676 1678 2831 1734 laude
2852 1681 3089 1753 dignum,
3113 1687 3451 1755 providentia
3475 1691 3722 1759 quaedam

2133 1762 2231 1818 Dei
2256 1766 2398 1820 circa
2431 1768 2793 1824 visitationem
2819 1770 3040 1827 humani
3065 1776 3280 1844 generis
3314 1776 3496 1832 futura
3525 1794 3727 1851 cogno-

430 1860 610 1917 claros
635 1862 782 1918 viros
800 1863 949 1919 illum
972 1867 1335 1935 promitteret,
1362 1877 1423 1924 ut
1452 1885 1518 1924 ex
1540 1871 1626 1926 his
1650 1887 1811 1941 quam
1840 1881 2017 1942 poten-

2131 1864 2396 1935 sceretur.
2427 1856 2630 1929 (Aug.)
2662 1858 2903 1925 Frustra,
2941 1861 3256 1931 Manichaee,
3282 1869 3502 1923 conaris
3530 1870 3724 1925 adver-

431 1951 675 2008 tissimus
719 1964 897 2020 esset,
946 1957 1038 2025 qui
1076 1958 1501 2027 praedicabatur,
1530 1969 1713 2030 posset
1753 1961 1917 2030 sciri,
1962 1972 2024 2019 ut

430 2040 728 2114 Scripturis
769 2046 971 2101 sanctis
997 2036 1282 2103 adventum
1315 2049 1430 2118 ejus
1465 2048 1703 2125 futurum
1735 2052 2020 2120 insereret,

428 2123 485 2194 et
510 2145 570 2195 ut
594 2135 789 2192 falsum
818 2154 927 2193 non
973 2149 1158 2210 posset
1182 2142 1392 2210 videri,
1423 2124 1565 2213 quod
1594 2160 1624 2199 a
1653 2147 1856 2200 sanctis
1884 2161 2022 2215 prte-

427 2214 667 2285 dicatum
693 2238 778 2286 est
806 2228 1123 2301 Scripturis.
1177 2230 1376 2305 (0rig.)
1409 2233 1516 2304 Sed
1542 2243 1721 2290 utrum
1766 2214 2022 2306 simplici-

426 2326 514 2374 ter
555 2318 728 2396 accipi
759 2319 973 2385 debeat,
1027 2319 1381 2392 Evangelium
1422 2338 1522 2393 per
1568 2325 1867 2393 scripturas
1897 2341 2025 2396 pro-

423 2392 669 2480 pheticas
699 2426 731 2465 a
780 2408 892 2465 Deo
940 2412 1350 2481 repromissum,
1404 2392 1472 2469 an
1522 2414 1590 2470 ad
1620 2392 2021 2471 distinctionem

426 2504 653 2560 alterius
687 2504 986 2576 Evangelii,
1013 2507 1157 2576 quod
1185 2516 1450 2564 aeternum
1480 2510 1613 2565 dicit
1636 2510 1859 2566 Joannis
1885 2511 2023 2583 Apo-

425 2594 688 2666 calypsis,
725 2594 870 2666 quod
925 2605 1054 2653 tunc
1107 2597 1455 2653 revelandum
1504 2607 1607 2665 est,
1656 2616 1781 2655 cum
1831 2602 2021 2655 umbra

424 2687 725 2755 transierit,
754 2697 810 2744 et
836 2689 1037 2745 veritas
1058 2692 1288 2754 venerit,
1335 2699 1386 2746 et
1410 2707 1533 2747 cum
1563 2707 1710 2748 mors
1739 2692 1902 2747 fuerit
1928 2694 2022 2748 ah-

424 2789 631 2853 sOrpta,
663 2788 718 2836 et
745 2782 1023 2841 :etemitas
1052 2784 1329 2849 restituta,
1358 2784 1702 2840 considerato
1722 2795 1776 2842 et
1795 2784 1907 2854 jam
1938 2794 2018 2851 tu,

424 2871 517 2942 qui
564 2870 718 2941 legis,
749 2871 837 2925 cui
884 2879 1089 2926 aeterno
1118 2872 1409 2944 Evangelio
1436 2876 1728 2929 convenire
1752 2874 2016 2929 videbun-

426 2971 514 3017 tur
533 2963 697 3017 etiam
721 2962 796 3017 illi
835 2963 1026 3017 interni
1049 2964 1196 3029 anni,
1232 2964 1298 3023 de
1324 2966 1520 3034 quibus
1552 2965 1823 3037 Propheta
1850 2966 2015 3021 dicit:

424 3054 493 3109 Et
524 3072 689 3110 annos
720 3064 942 3109 azternos
988 3056 1045 3108 in
1092 3064 1261 3108 mente
1288 3055 1448 3109 habui
1497 3054 1671 3129 (Psal.
1704 3056 1909 3128 Lxxvl),
1943 3055 2020 3112 ei-

423 3161 529 3217 que
555 3139 773 3218 adjungi
825 3155 1006 3217 potest
1033 3152 1089 3200 et
1132 3144 1219 3200 ille
1253 3145 1390 3202 liber
1414 3148 1556 3214 vitae,
1588 3148 1643 3201 in
1669 3164 1776 3219 quo
1804 3157 2018 3205 sancto-

424 3255 545 3295 rum
576 3240 794 3293 nomina
830 3238 1034 3308 scripta
1058 3237 1310 3293 dicuntur
1349 3239 1530 3316 (Apoc.
1574 3241 1678 3313 ιιι).
1713 3240 1819 3295 Sed
1850 3249 1904 3295 et
1939 3240 2013 3295 illi

421 3329 548 3401 libri
576 3331 670 3402 qui
721 3332 863 3401 apud
912 3331 1185 3387 Danielem
1216 3347 1336 3386 cum
1375 3333 1636 3403 judicium
1685 3334 2015 3390 consedisset

423 3422 598 3494 aperti
627 3430 755 3478 sunt
780 3407 941 3494 (Dan.
970 3422 1094 3495 vn),
1127 3423 1212 3478 vel
1243 3424 1335 3494 qui
1358 3424 1497 3511 apud
1522 3425 1859 3481 Ezechielem
1887 3442 2015 3496 pro-

420 3514 639 3586 phetam
669 3514 735 3569 de
763 3514 911 3570 intus
931 3523 988 3570 et
1016 3516 1082 3577 de
1106 3516 1237 3575 foris
1263 3515 1775 3590 dicunturinscripti
1793 3516 2010 3590 (Ezech.

425 3606 511 3679 lt),
554 3621 673 3676 qua:
702 3606 884 3661 omnia
922 3622 1029 3661 non
1064 3615 1388 3671 atramento,
1431 3607 1524 3662 sed
1554 3608 1746 3678 spiritu
1777 3608 1872 3661 Dei
1906 3607 2013 3661 vivi

422 3699 623 3769 scripta
667 3708 1059 3755 memorantur.
1108 3699 1184 3755 De
1209 3702 1405 3770 quibus
1453 3703 1700 3766 quamvis
1747 3700 2014 3772 periculo-

422 3806 542 3847 sum
571 3791 822 3851 videatur
850 3791 1072 3847 cartulis
1101 3794 1441 3848 committere
1470 3810 1797 3858 sermonem,
1832 3804 2012 3851 tamen

420 3897 527 3939 non
573 3882 745 3938 otiose
792 3886 1166 3952 praetereunda
1208 3893 1335 3939 sunt
1379 3885 1519 3939 dicta
1560 3886 1905 3955 sapientium,
1960 3895 2015 3941 et

422 3974 730 4043 tenigmata,
747 3974 841 4028 sed
866 3973 1046 4031 subtili
1075 3976 1362 4032 admodum
1386 3980 1583 4034 mentis
1604 3978 1743 4045 acie,
1769 3978 1822 4032 in
1849 3996 2015 4048 quan-

425 4070 541 4118 tum
582 4079 672 4118 res
714 4064 935 4133 patitur,
969 4063 1112 4118 velut
1137 4079 1234 4133 per
1274 4066 1543 4135 quoddam
1576 4067 1852 4135 speculum
1880 4084 2010 4121 con-

424 4155 753 4226 templanda,
781 4171 847 4210 ne
877 4153 1013 4210 forte
1046 4156 1089 4210 is
1115 4157 1205 4225 qui
1238 4155 1467 4217 Verbum
1500 4175 1627 4214 caro
1654 4158 1827 4214 factus
1854 4175 2015 4230 appa-

423 4246 555 4309 ruit,
587 4246 795 4315 positus
821 4246 874 4298 in
918 4260 1100 4312 carne,
1133 4248 1272 4302 sicut
1309 4248 1598 4318 Apostolus
1624 4251 1721 4316 ait,
1748 4253 1870 4321 quia
1900 4269 2013 4307 ma-

426 4336 705 4404 nifestatur:
733 4344 805 4389 est
831 4336 883 4389 in
920 4342 1097 4403 carne,
1136 4337 1460 4407 justiﬁcatus
1501 4342 1555 4393 in
1586 4341 1771 4411 spiritu
1799 4383 1812 4405 ,
1843 4359 2009 4412 appa-

426 4427 529 4503 ruit
550 4428 749 4497 angelis
777 4426 827 4495 (Ι
863 4428 996 4482 Tim.
1034 4430 1116 4501 ιιι)
1140 4471 1154 4491 ,
1186 4430 1239 4483 in
1270 4431 1371 4486 hoc
1400 4433 1540 4501 quod
1566 4436 1815 4505 apparuit
1845 4451 2010 4509 ange-

424 4502 653 4570 lisnon
705 4518 785 4572 eis
838 4518 1039 4587 absque
1096 4520 1385 4593 Evangelio
1432 4502 1713 4594 apparuit,
1766 4502 2011 4583 sicutvne

427 4607 584 4662 nobis
615 4606 830 4677 quidem
878 4606 1185 4665 hominibus
1230 4612 1296 4664 ad
1329 4629 1464 4681 quos
1502 4615 1723 4669 missum
1773 4632 1832 4671 se
1880 4618 2009 4673 dicit

424 4696 798 4767 evangelizare
840 4698 1199 4768 pauperibus,
1232 4700 1502 4757 dimittere
1538 4705 1777 4771 captivos
1822 4706 1874 4759 in
1922 4722 2008 4761 re-

426 4789 761 4853 missionem,
794 4798 848 4843 et
875 4791 1196 4855 annuntiare
1242 4807 1443 4847 annum
1484 4794 1697 4850 Domini
1726 4806 2008 4867 acceptum

425 4877 563 4949 (Isa.
594 4878 727 4951 LXI).
783 4879 840 4933 Si
867 4894 995 4950 ergo
1018 4896 1139 4935 cum
1167 4886 1478 4955 apparuerit
1509 4887 1663 4941 nobis
1702 4888 2008 4944 hominibus

428 4983 533 5021 non
566 4968 681 5021 sine
708 4968 998 5039 Evangelio
1037 4974 1304 5042 apparuit,
1358 4986 1752 5045 consequenter
1794 4979 2008 5034 videtur

426 5060 739 5123 ostendere,
800 5062 941 5130 quod
1000 5064 1160 5128 etiam
1209 5065 1448 5136 angelico
1500 5069 1673 5124 ordini
1729 5085 1835 5131 non
1891 5072 2007 5127 sine

430 5150 718 5218 Evangelio
762 5153 1109 5222 apparuerit,
1156 5154 1244 5209 illo
1288 5156 1532 5213 fortassis
1564 5161 1705 5229 quod
1745 5171 2007 5218 aeternum

428 5238 776 5310 Evangelium
804 5244 872 5297 ab
884 5241 1089 5298 Joanne
1111 5248 1464 5303 memoratum
1491 5267 1648 5331 supra
1671 5255 2005 5315 edocuimus.

431 5328 509 5384 De
534 5326 678 5384 Filio
698 5347 794 5385 suo
818 5334 905 5403 qui
934 5334 1103 5402 [actus
1131 5347 1204 5390 est
1234 5338 1283 5391 ei
1320 5355 1384 5403 ea:
1412 5326 1605 5399 semine
1629 5344 1796 5405 David
1826 5363 2010 5402 secun-

430 5423 557 5478 dum
581 5440 809 5479 carnem.
836 5425 1219 5499 (Ambr.)-Eum
1243 5434 1333 5503 qui
1363 5444 1479 5499 erat
1500 5435 1668 5491 Filius
1697 5435 1791 5497 Dei
1822 5455 2011 5523 secun-

431 5513 559 5569 dum
605 5513 864 5597 Spiritum
909 5528 1174 5585 sanctum,
1216 5524 1270 5577 id
1314 5534 1419 5592 εει,
1476 5528 1770 5583 secundum
1814 5513 2003 5597 Deum,

432 5604 557 5676 quia
590 5592 741 5668 Deus,
762 5606 994 5679 Spiritus
1019 5618 1125 5685 est,
1146 5621 1202 5666 et
1223 5613 1338 5669 sine
1362 5615 1527 5681 dubio
1554 5628 1777 5683 sanctus
1800 5628 1901 5687 est,
1928 5592 2009 5676 fa-

434 5702 579 5752 ctum
620 5697 749 5753 dicit
774 5700 927 5768 juxta
954 5718 1171 5758 carnem
1202 5705 1297 5759 Dei
1329 5705 1524 5762 Filium
1546 5724 1612 5763 ex
1647 5711 1855 5765 semine
1901 5711 2009 5766 Da-

437 5784 522 5841 vid
550 5784 701 5854 juxta
746 5789 897 5861 illud,
930 5801 977 5855 et
1016 5791 1237 5849 Verbum
1269 5814 1391 5853 caro
1437 5798 1631 5869 factum
1661 5811 1753 5864 est,
1799 5810 1860 5857 ut
1893 5802 2011 5867 jam

2127 1945 2234 1999 sari
2254 1947 2561 2017 prophetis;
2588 1964 2716 2009 ecce
2736 1950 3023 2020 Apostolus
3052 1946 3204 2019 dicit,
3227 1956 3291 2009 de
3316 1955 3462 2011 Filio
3488 1976 3605 2025 suo,
3630 1963 3722 2023 qui

2126 2036 2299 2106 [actus
2321 2049 2395 2092 est
2427 2040 2473 2092 ei
2495 2056 2560 2094 ea:
2584 2042 2777 2096 semine
2800 2042 2967 2097 David
2994 2046 3281 2100 secundum
3303 2065 3535 2103 carnem.
3568 2051 3720 2118 Quod

2124 2132 2400 2200 pr0phe‘tae
2426 2134 2814 2202 praedixerunt,
2842 2136 2944 2191 hoc
2980 2138 3208 2207 apostoli
3230 2140 3486 2195 viderunt
3510 2152 3565 2197 et
3588 2160 3712 2214 prae

2126 2222 2462 2289 dicaverunt,
2513 2218 2605 2294 qu‘i
2640 2236 2778 2292 erat,
2812 2227 2987 2285 factus
3011 2240 3132 2297 est;
3164 2233 3258 2302 qui
3303 2244 3444 2299 erat,
3476 2236 3607 2305 quid
3636 2236 3712 2293 fa-

2124 2323 2247 2369 ctus
2276 2316 2407 2381 est?
2442 2315 2667 2371 Verbum
2712 2327 2848 2385 erat,
2885 2337 3007 2375 caro
3036 2320 3211 2379 factus
3246 2334 3368 2393 est;
3422 2326 3597 2381 Filius
3624 2328 3713 2384 Dei

2125 2414 2263 2471 erat,
2298 2404 2440 2461 ﬁlius
2464 2406 2700 2463 hominis
2729 2409 2905 2465 factus
2930 2423 3053 2478 est;
3104 2414 3247 2469 Deus
3288 2428 3425 2481 erat,
3456 2418 3612 2471 homo
3636 2419 3713 2488 fa-

2126 2509 2239 2554 ctus
2264 2512 2337 2555 est
2367 2515 2384 2553 :
2417 2504 2655 2573 suscepit
2680 2506 3099 2573 humanitatem,
3154 2527 3260 2566 non
3296 2514 3481 2568 amisit
3524 2516 3717 2573 divini-

2126 2599 2311 2645 tatem.
2342 2590 2594 2657 Quteritis
2617 2596 2887 2662 quomodo
2908 2595 3115 2655 Paulus
3159 2600 3245 2656 bie
3271 2602 3418 2658 dicat
3460 2606 3527 2659 de
3560 2605 3717 2664 Chri-

2124 2692 2231 2750 sto,
2260 2685 2546 2755 quifactus
2574 2697 2649 2741 est
2687 2689 2737 2741 ei
2755 2705 2820 2743 ea:
2848 2693 3041 2745 semine
3067 2692 3234 2747 David
3276 2698 3564 2752 secundum
3594 2715 3714 2753 car-

2125 2793 2261 2842 nem,
2294 2787 2348 2831 et
2374 2793 2403 2830 e
2434 2780 2710 2835 contrario
2730 2784 3000 2850 quomodo
3026 2785 3155 2841 alibi
3179 2788 3321 2843 dicat
3351 2789 3435 2870 (Il
3469 2790 3594 2845 Cor.
3618 2793 3709 2865 v):

2126 2864 2188 2920 Si
2214 2867 2452 2921 novimus
2470 2867 2736 2923 Christum
2758 2875 3043 2929 secundum
3071 2891 3300 2945 carnem,
3328 2864 3424 2934 sed
3436 2882 3555 2950 jam
3578 2900 3713 2940 nunc

2124 2974 2227 3011 non
2256 2960 2490 3015 novimus
2512 2978 2533 3026 ;
2560 2962 2648 3017 ubi
2666 2966 3112 3023 considerandum
3134 2980 3240 3038 est,
3270 2977 3546 3042 quomodo
3569 2986 3711 3032 utra-

2122 3068 2229 3123 que
2280 3057 2545 3110 sententia
2598 3062 2969 3130 stare'possit.
3026 3065 3131 3120 Sed
3164 3068 3265 3123 hoc
3326 3070 3400 3122 ita
3436 3070 3574 3126 solvi
3620 3087 3711 3143 po-

2122 3152 2247 3211 test,
2270 3148 2409 3213 quod
2440 3146 2579 3201 ﬁlius
2603 3147 2785 3205 Deiex
2813 3155 3021 3210 semine
3046 3157 3213 3212 David
3240 3159 3403 3215 homo
3426 3172 3588 3218 natus
3609 3175 3707 3232 est,

2120 3252 2222 3291 nec
2252 3238 2392 3292 idem
2424 3239 2710 3308 Apostolus
2746 3259 2854 3299 uno
2899 3245 3018 3302 loco
3044 3250 3203 3317 dicit,
3234 3261 3291 3306 et
3327 3263 3533 3310 sancta:
3560 3255 3707 3311 Scri-

2119 3331 2293 3396 pturze
2344 3332 2689 3399 apertissime
2724 3337 3056 3405 pradicant,
3101 3343 3245 3411 quod
3276 3359 3406 3399 vero
3432 3346 3585 3413 dicit,
3618 3350 3707 3403 etsi

2120 3435 2428 3476 noveramus
2459 3421 2722 3479 Christum
2746 3430 3032 3484 secundum
3052 3449 3284 3500 carnem,
3314 3436 3407 3490 sed
3423 3439 3543 3506 jam
3573 3456 3706 3494 nunc

2118 3526 2221 3565 non
2269 3515 2533 3583 novimus,
2571 3532 2632 3571 ea
2665 3520 2787 3590 ipsa.
2810 3522 3218 3582 circumstantia
3262 3527 3559 3598 Scriptum
3607 3534 3706 3589 loci

2118 3601 2233 3670 ejus
2284 3607 2415 3660 satis
2461 3611 2698 3664 ostendit
2747 3614 2877 3680 quid
2931 3615 3168 3685 loquitur
3218 3617 3549 3688 Apostolus,
3612 3638 3704 3677 suo

2118 3696 2314 3765 quippe
2343 3714 2492 3753 more
2518 3701 2680 3755 vitam
2711 3712 2948 3758 nostram
2979 3706 3035 3760 in
3057 3708 3312 3774 futuram,
3354 3727 3477 3779 qua
3495 3713 3607 3780 jam
3651 3715 3703 3769 in

2118 3785 2235 3856 ipso
2284 3789 2502 3846 homine
2540 3794 2837 3849 mc.liatore
2880 3790 3096 3852 Christo
3138 3797 3265 3855 Jesu
3311 3803 3489 3871 capite
3522 3813 3703 3860 nostro

2118 3891 2433 3951 rcsurgente
2486 3885 2762 3955 complexa
2802 3898 2911 3955 est,
2950 3890 3025 3945 ita
3062 3908 3156 3962 spe
3196 3902 3345 3949 certa
3391 3896 3701 3964 meditatur,

2118 3983 2372 4043 tanquam
2398 3976 2511 4045 jam
2539 3980 2681 4034 adsit
2724 3997 2962 4050 pnesens
2990 4002 3111 4054 qua:
3142 3995 3412 4055 teneatur,
3453 4007 3575 4062 qum
3600 3994 3700 4046 uti-

2116 4081 2222 4134 que
2248 4067 2355 4120 vita
2402 4084 2506 4123 non
2531 4072 2634 4124 erit
2657 4075 2951 4127 secundum
2982 4091 3224 4144 carnem,
3254 4081 3395 4134 sicut
3410 4082 3522 4151 jam
3548 4084 3699 4137 Chrio

2116 4155 2185 4209 sti
2211 4157 2320 4211 vita
2349 4175 2454 4212 non
2489 4170 2572 4215 est
2607 4166 2900 4218 seCundum
2941 4182 3202 4235 carnem;
3258 4187 3482 4228 carnem
3512 4176 3690 4246 quippe

2116 4250 2217 4304 hoc
2241 4250 2356 4307 loco
2379 4254 2628 4324 appellat,
2661 4256 2711 4339 id
2739 4266 2819 4312 est
2843 4299 2858 4323 ,
2889 4261 3167 4317 carnalem
3191 4267 3555 4336 corruptionis
3577 4288 3682 4340 qua

2113 4338 2341 4404 litatcni,
2386 4359 2505 4411 quae
2550 4335 2686 4399 tunc
2716 4345 2826 4413 jam
2857 4365 2963 4403 non
2999 4353 3122 4416 crit,
3174 4355 3301 4422 quia
3333 4335 3537 4413 mutata
3580 4335 3677 4415 can

2115 4445 2223 4483 non
2253 4442 2650 4504 corrumpetur.
2707 4436 3041 4495 Noveramus
3063 4458 3191 4512 ergo
3219 4444 3498 4501 Christum
3521 4466 3673 4505 secun

2115 4523 2241 4577 dum
2272 4542 2509 4591 carnem,
2543 4528 2594 4581 id
2624 4537 2726 4591 est,
2764 4535 3057 4587 secundum
3089 4538 3269 4592 carnis
3292 4541 3685 4607 mortalitatem,

2116 4624 2406 4686 antequam
2448 4631 2787 4689 resurgeret;
2834 4627 2926 4679 sed
2958 4643 3101 4682 nunc
3137 4629 3248 4698 jam
3292 4647 3399 4685 non
3434 4636 3691 4700 novimus,

2117 4712 2241 4778 quia
2273 4711 2413 4765 sicut
2438 4712 2568 4767 dicit
2599 4714 2736 4767 idem
2760 4716 3072 4785 Apostolus,
3102 4718 3337 4777 Christus
3373 4742 3635 4797 resurgens
3659 4746 3690 4781 a

2116 4802 2357 4865 mortuis,
2401 4800 2515 4869 jam
2565 4820 2667 4856 non
2719 4809 2964 4872 moritur,
3020 4820 3073 4863 et
3116 4812 3321 4881 reliqua
3373 4816 3553 4887 (Rom.
3600 4820 3685 4890 vi).

2116 4894 2257 4964 Ergo
2278 4903 2565 4964 utrumque
2600 4898 2649 4949 in
2684 4898 2829 4953 nullo
2857 4901 2958 4954 sibi
2991 4908 3272 4973 repugnari
3304 4908 3535 4977 videtur,
3558 4912 3689 4981 quod

2116 4985 2403 5054 Apostolus
2444 4988 2596 5053 dixit,
2650 4990 2774 5058 quia
2822 5002 2875 5046 ct
2904 5004 3190 5065 antequam
3235 4997 3485 5055 Christus
3518 5020 3687 5057 resur-

2119 5083 2287 5147 geret,
2326 5091 2542 5132 carnem
2575 5094 2696 5133 eum
2735 5093 2957 5138 noverat
2992 5087 3241 5144 habuisse
3289 5094 3585 5159 mortalem,
3634 5106 3689 5151 et

2118 5174 2397 5235 postquam
2429 5172 2744 5229 resurrexit.
2775 5173 2916 5227 nulla
2942 5191 3064 5230 eum
3091 5180 3280 5249 attingi
3307 5184 3534 5239 credidit
3558 5203 3685 5241 mor-

2117 5254 2188 5309 tis
2225 5259 2586 5328 corruptione.

2193 5347 2295 5413 Qui
2319 5352 2718 5420 prwdestinatus
2754 5365 2828 5409 est
2858 5354 3031 5412 Filius
3056 5359 3153 5415 Dei
3186 5363 3239 5416 in
3276 5374 3482 5430 virtute,
3507 5382 3683 5421 secun-

2117 5440 2243 5492 dum
2279 5440 2515 5512 spiritum
2554 5440 2986 5515 sanctiﬁcationis
3040 5469 3104 5506 ea:
3150 5458 3520 5509 resurrectione
3557 5474 3685 5508 mor-

2117 5540 2331 5585 tuorum
2362 5534 2491 5589 Jesu
2540 5535 2737 5591 Christi
2766 5539 2981 5596 Domini
3012 5547 3195 5598 nostri.
3223 5547 3457 5619 (Ambr.)
3494 5547 3677 5601 Filium

2118 5621 2215 5676 Dei
2247 5622 2451 5693 dieens,
2482 5626 2701 5683 Patrem
2729 5630 3053 5701 signiﬁcavit
3073 5634 3271 5703 Deum;
3303 5638 3481 5693 addito
3509 5647 3679 5699 autem

2119 5714 2310 5796 spiritu
2345 5718 2810 5792 sanctiﬁcationis,
2838 5726 3076 5781 ostendit
3119 5730 3436 5799 mysterium
3465 5731 3683 5785 Trinita-

2122 5805 2209 5859 tis.
2255 5794 2352 5864 Hic
2377 5824 2504 5881 ergo
2536 5814 2625 5883 qui
2662 5814 2969 5875 incarnatus
2997 5819 3123 5889 quid
3153 5794 3299 5878 esset
3323 5821 3529 5891 latebat,
3560 5830 3681 5877 lunt‘
