3960 6330
524 358 663 416 1187

1149 360 1213 415 Β.
1253 357 1512 417 RABANI
1548 354 1770 418 MAURI
1805 356 2123 417 ARCHIEP.
2159 356 2470 417 MOGUNT.
2512 356 2796 416 OPERUM
2830 354 3014 413 PARS
3045 354 3135 411 Ill.

3665 348 3795 406 1288

521 476 700 530 exisse
726 471 898 546 (Psal.
933 473 1071 546 xiv),
1096 474 1172 530 ita
1194 481 1255 529 ut
1285 476 1353 530 ad
1382 489 1477 531 eos
1494 474 1587 546 qui
1617 473 1802 530 Romae
1827 484 1954 530 sunt
1980 489 2104 546 per-
2127 474 2184 536 Α
2206 473 2336 530 dere
2363 488 2423 529 se
2462 472 2595 529 dicit
2619 472 2753 543 quia
2774 469 2907 527 ﬁdes
2930 469 3145 527 illorum
3182 467 3239 522 in
3282 464 3435 521 omni
3465 464 3587 520 loco
3612 478 3797 518 curre-

520 570 751 634 veniret,
776 568 843 624 ad
862 582 1000 639 quos
1026 569 1103 624 ait
1137 567 1456 640 Apostolus:
1485 566 1555 623 In
1572 567 1759 639 quibus
1784 567 1906 623 estis
1930 576 1979 622 et
2016 584 2107 623 nos

521 662 687 717 vocati
726 659 855 716 Iesu
880 658 1077 717 Christi
1108 660 1325 716 Domini
1373 652 1557 716 nostri.
1600 657 1836 733 (Ambr.)
1867 658 1982 715 Hoc
2005 668 2104 723 est,

521 750 785 823 legatione
810 751 966 807 nobis
994 749 1342 823 fungentibus
1366 752 1425 807 in
1446 751 1699 808 omnibus
1727 749 1977 823 gentibus
2008 765 2110 822 pro

521 843 741 899 nomine
771 839 900 898 Iesu
929 840 1157 905 Christi,
1204 840 1349 898 inter
1385 856 1523 913 quos
1548 840 1682 897 estis
1709 849 1765 897 et
1787 856 1886 897 vos
1910 841 2107 909 vocati,

522 931 650 1003 quia
688 931 889 988 donum
917 928 1013 985 Dei
1041 928 1294 985 omnibus
1343 929 1569 985 missum
1616 938 1722 995 est,
1768 937 1829 984 ut
1864 944 1990 985 cum
2017 944 2111 984 au-

521 1021 675 1078 diunt
701 1031 763 1076 se
803 1019 946 1076 inter
971 1028 1200 1076 caeteros
1238 1028 1479 1083 vocatos,
1512 1018 1717 1075 scirent
1765 1033 1824 1075 se
1858 1018 1961 1074 sub
1993 1017 2110 1090 lege

520 1125 683 1184 agere
709 1126 817 1168 non
841 1109 1061 1177 debere,
1096 1110 1222 1180 quia
1259 1109 1377 1165 sine
1414 1110 1533 1182 lege
1561 1108 1730 1181 Moysi
1755 1117 2112 1181 susceperunt

522 1212 732 1259 autem
781 1211 966 1273 gentes
1016 1201 1192 1274 legem
1244 1200 1467 1257 Christi.
1539 1199 1794 1257 Omnibus
1853 1202 1944 1271 qui
1988 1209 2110 1255 sunt

522 1292 725 1359 Romaz,
753 1292 952 1347 dilectis
979 1290 1101 1357 Dei,
1125 1291 1316 1359 uocatis
1341 1292 1558 1347 sanctis.
1609 1290 1867 1360 Quamvis
1906 1290 2109 1345 Roma-

521 1384 606 1440 nis
647 1383 873 1450 scribat,
902 1382 1008 1438 illis
1034 1391 1213 1438 tamen
1246 1382 1485 1438 scribere
1528 1397 1588 1438 se
1634 1379 1903 1453 signiﬁcat
1934 1382 2023 1451 qui
2055 1382 2109 1437 in

520 1476 787 1533 charitate
814 1475 912 1531 Dei
932 1481 1074 1530 sunt.
1099 1473 1202 1541 Qui
1223 1482 1350 1529 sunt
1387 1474 1467 1539 hi,
1497 1472 1602 1528 nisi
1636 1473 1729 1542 qui
1755 1473 1822 1526 de
1846 1472 1984 1528 Filio
2013 1472 2108 1528 Dei

521 1580 672 1625 recte
698 1568 969 1625 sentiunt?
1000 1567 1095 1623 isti
1132 1567 1303 1623 sancti
1347 1574 1493 1632 sunt,
1530 1574 1586 1621 et
1627 1565 1806 1621 vocati
1833 1565 2105 1633 dicuntur,

518 1659 620 1715 sub
643 1658 761 1731 lege
799 1658 944 1714 enim
970 1665 1192 1729 agentes
1236 1654 1377 1711 male
1421 1654 1728 1725 intelligunt
1753 1654 2026 1711 Christum
2056 1664 2111 1711 et

520 1748 778 1821 iniuriam
835 1750 947 1804 Deo
999 1746 1149 1802 Patri
1196 1745 1430 1812 faciunt,
1480 1762 1603 1802 cum
1655 1762 1725 1799 an
1781 1745 1837 1800 in
1892 1744 2109 1802 Christo

2209 567 2336 634 bat,
2369 567 2619 637 quamvis
2669 580 2779 622 non
2825 564 3121 620 secundum
3172 559 3417 633 regulam
3465 559 3537 613 ab
3581 567 3799 613 auctore

2212 660 2423 716 tradita:
2447 658 2712 724 veritatis,
2742 664 2924 713 tamen
2948 654 3078 726 quia
3100 654 3242 724 quod
3272 652 3342 708 ab
3367 666 3480 706 uno
3527 650 3639 705 Deo
3662 658 3799 715 erat,

2210 749 2528 820 interposito
2571 747 2789 803 nomine
2812 745 3038 811 Christi,
3068 750 3351 814 coeperant
3377 740 3649 805 venerari,
3684 754 3804 811 gra-

2210 840 2428 905 tulatur,
2462 839 2651 896 sciens.
2673 838 2795 895 illos
2816 852 2976 909 posse
2999 836 3284 906 proﬁcere.
3313 833 3422 889 Per
3452 831 3599 903 quod
3638 831 3801 885 etiam

2210 931 2533 986 oharitatem
2551 945 2703 986 suam
2724 930 2872 985 circa
2898 927 3019 981 illos
3043 925 3297 989 ostendit,
3325 923 3542 994 quando
3570 935 3803 989 congau-

2211 1021 2302 1076 det
2333 1023 2477 1078 bono
2499 1030 2679 1091 εωριο
2701 1019 2918 1075 illorum
2937 1058 2953 1083 ,
2984 1025 3041 1072 et
3082 1017 3335 1071 hortatur
3360 1013 3430 1068 ad
3452 1011 3759 1083 profectum
3786 1027 3800 1061 :

2212 1113 2419 1183 gratias
2443 1126 2606 1181 agere
2632 1126 2761 1183 ergo
2798 1124 2859 1167 se
2903 1107 3036 1164 dicit
3062 1108 3173 1162 Deo
3200 1120 3298 1160 suo
3322 1104 3589 1159 duntaxat
3610 1144 3626 1168 ,
3678 1101 3803 1171 quia

2213 1203 2389 1258 adhuc
2410 1201 2545 1257 ﬁdes
2569 1201 2781 1256 illorum
2807 1216 2916 1256 non
2938 1207 3059 1255 erat
3083 1198 3273 1269 plena,
3311 1195 3438 1267 quia
3466 1209 3533 1249 ex
3560 1193 3682 1263 ipso
3726 1201 3807 1246 est

2210 1291 2390 1346 omnis
2418 1290 2740 1361 paternitas,
2786 1295 2842 1343 et
2889 1288 3014 1359 quia
3061 1286 3238 1343 omnis
3287 1283 3575 1354 dispositio
3614 1280 3807 1337 salutis

2211 1388 2412 1436 nostra:
2439 1396 2469 1435 a
2494 1380 2606 1436 Deo
2633 1378 2872 1450 quidem,
2902 1377 2999 1433 sed
3020 1392 3119 1447 per
3138 1376 3411 1432 Christum
3435 1381 3540 1437 est,
3571 1387 3682 1427 non
3711 1386 3807 1440 per

2210 1470 2405 1542 legem,
2444 1485 2619 1541 neque
2646 1484 2746 1541 per
2788 1468 3020 1539 aliquem
3060 1465 3398 1537 prophetam.
3453 1461 3654 1533 (Or-ig.)
3701 1458 3807 1514 No-

2212 1562 2436 1616 tandum
2466 1568 2646 1616 autem
2674 1559 2943 1630 quomodo
2971 1558 3039 1613 ad
3074 1558 3337 1628 quosdam
3363 1552 3640 1624 apostolos
3676 1550 3805 1604 dicit

2210 1668 2310 1724 pro
2330 1651 2581 1708 omnibus
2618 1667 2677 1707 se
2702 1651 2906 1723 gratias
2945 1664 3108 1721 agere
3157 1648 3299 1702 sicut
3337 1654 3390 1701 et
3419 1659 3570 1699 nunc
3604 1641 3672 1696 ad
3699 1638 3805 1694 Ro-

2211 1752 2420 1801 manos.
2469 1745 2554 1800 Ad
2580 1743 2715 1800 alios
2738 1759 2867 1798 vero
2893 1742 3140 1799 scribens
3162 1740 3365 1812 gratias
3406 1736 3627 1808 quidem
3671 1734 3801 1804 agit.

518 1841 761 1915 perfecta
804 1855 927 1911 spes
953 1838 1147 1896 salutis
1176 1839 1268 1904 sit,
1304 1837 1570 1904 dubitant,
1617 1836 1739 1894 ideo
1781 1838 1956 1893 sancti
1998 1851 2103 1892 non
2134 1832 2182 1891 B
2209 1837 2304 1892 sed
2327 1851 2432 1891 non
2453 1835 2603 1891 addit
2618 1849 2719 1905 pro
2741 1834 3012 1897 omnibus,
3044 1845 3171 1887 nam
3192 1832 3238 1886 si
3255 1830 3534 1891 observas,
3564 1822 3803 1880 invenies

520 1941 677 2000 sunt,
724 1947 901 2002 neque
926 1931 1106 1988 vocati
1136 1930 1408 1986 dicuntur.
1441 1927 1629 1985 Gratia
1665 1927 1825 1993 vobis,
1855 1936 1904 1983 et
1946 1942 2051 1995 pax
2075 1944 2109 1980 a

519 2022 631 2079 Deo
674 2020 835 2078 Patre
860 2033 1062 2089 nostro,
1089 2030 1138 2076 et
1160 2020 1389 2076 Domino
1419 2019 1551 2075 Iesu
1590 2018 1833 2075 Christo.
1865 2019 2111 2075 Gratiam

520 2123 578 2172 et
604 2130 791 2186 pacem
847 2131 971 2172 cum
1022 2114 1110 2171 his
1142 2113 1274 2169 dicit
1318 2127 1477 2179 esse,
1519 2112 1613 2182 qui
1659 2120 1809 2168 recte
1859 2111 2109 2167 credunt.

520 2207 707 2264 Gratia
751 2216 855 2274 est,
884 2208 1013 2279 quia
1041 2222 1073 2262 a
1099 2206 1337 2277 peccatis
1388 2204 1623 2260 absoluti
1667 2211 1811 2271 sunt,
1853 2202 1958 2274 pax
1982 2217 2113 2258 vero

520 2300 645 2370 quia
674 2314 742 2355 ex
778 2299 958 2371 impiis
980 2298 1321 2355 reconciliati
1365 2308 1491 2353 sunt
1527 2297 1783 2362 creatori,
1820 2296 1961 2351 sicut
1981 2295 2113 2350 dicit

521 2390 781 2447 Dominus
814 2404 829 2445 :
862 2390 931 2446 In
959 2406 1323 2463 quamcunque
1362 2388 1578 2443 domum
1612 2387 1933 2443 intraveritis
1958 2396 2005 2443 et
2032 2402 2115 2440 re-

520 2481 745 2550 ceperint
767 2497 878 2547 vos,
904 2480 1059 2535 dicite
1083 2494 1100 2533 :
1124 2478 1243 2534 Pax
1262 2479 1385 2533 huic
1413 2478 1593 2533 domui
1621 2476 1838 2551 (Matth.
1871 2476 1952 2549 x),
1974 2484 2030 2532 et
2054 2484 2117 2531 ut

520 2572 639 2626 sine
668 2571 882 2626 Christo
922 2569 1126 2626 nullam
1175 2581 1298 2625 esse
1340 2582 1532 2640 pacem
1582 2576 1638 2622 et
1679 2581 1829 2636 spem
1870 2566 2113 2630 doceret,

520 2657 737 2726 adiecit,
763 2659 996 2730 gratiam
1038 2666 1095 2715 et
1124 2672 1313 2730 pacem
1360 2672 1467 2712 non
1521 2656 1694 2712 solum
1738 2670 1767 2709 a
1798 2656 1910 2709 Deo
1951 2653 2116 2709 Patre

520 2762 663 2814 esse,
682 2748 779 2803 sed
798 2736 854 2803 et
865 2763 894 2802 a
910 2747 1128 2827 Christo
1146 2746 1295 2803 Iesu.
1310 2746 1481 2801 Deum
1492 2745 1711 2801 Patrem
1727 2751 1972 2800 nostrum
1987 2742 2117 2798 dicit

520 2847 744 2910 propter
765 2838 1050 2909 originem,
1076 2837 1202 2907 quia
1224 2838 1292 2892 ab
1318 2836 1435 2907 ipso
1464 2844 1590 2891 sunt
1610 2836 1824 2890 omnia:
1840 2833 2115 2890 Christum

521 2941 703 2986 autem
737 2930 1023 2985 Dominum
1061 2930 1221 2994 dicit,
1262 2930 1390 2999 quia
1416 2928 1533 2996 ejus
1558 2928 1819 2999 sanguine
1853 2926 2115 2997 redempti

520 3021 652 3077 facti
701 3036 887 3077 sumus
916 3019 1013 3075 ﬁlii
1038 3018 1152 3075 Dei.
1181 3017 1377 3091 (0rig.)
1407 3017 1719 3074 Benedictio
1757 3026 1937 3073 autem
1965 3016 2114 3086 pacis

521 3120 577 3168 et
598 3112 785 3185 gratia:
811 3126 975 3182 quam
1002 3110 1095 3165 dat
1126 3108 1339 3164 dilectis
1376 3108 1473 3164 Dei
1506 3108 1576 3163 ad
1599 3122 1735 3178 quos
1757 3108 1947 3163 scribit
1979 3120 2112 3177 apo-

522 3176 694 3261 stolus
720 3176 940 3267 Paulus,
991 3209 1123 3271 puto
1153 3200 1297 3270 quod
1324 3212 1433 3254 non
1483 3198 1557 3253 sit
1586 3176 1788 3264 minor,
1822 3213 1983 3267 quam
2013 3176 2115 3250 iuit
2140 3176 2187 3239 (ἶ

521 3295 826 3354 b6nedictio
847 3292 961 3349 Noe
985 3292 1041 3347 in
1082 3290 1229 3356 Seni,
1262 3296 1318 3344 et
1342 3289 1396 3343 in
1436 3287 1632 3358 Iaphet
1671 3286 1828 3359 (Gen.
1862 3287 1964 3359 is),
1990 3300 2115 3356 quae

521 3401 619 3460 per
640 3384 889 3456 spiritum
919 3380 1141 3452 impleta
1170 3388 1255 3435 est
1278 3393 1407 3449 erga
1436 3391 1551 3442 eos,
1578 3375 1673 3446 qui
1708 3375 1923 3431 fuerant
1948 3373 2113 3429 bene-

522 3477 677 3542 dicti,
700 3474 950 3531 similiter
977 3481 1032 3527 et
1047 3486 1133 3537 ea,
1163 3470 1219 3525 in
1249 3484 1354 3538 qua
1384 3466 1702 3523 benedictus
1725 3472 1811 3521 est
1837 3464 2112 3519 Abraham

525 3582 558 3623 a
581 3563 997 3629 Melchisedech,
1040 3569 1097 3617 et
1138 3558 1305 3616 Iacob
1355 3574 1386 3612 a
1414 3566 1569 3629 patre
1612 3572 1709 3613 suo
1751 3556 1904 3611 Isaac
1955 3553 2107 3627 (Gen.

525 3658 663 3726 xiv),
690 3664 746 3710 et
775 3652 1056 3709 duodecim
1085 3648 1424 3722 patriarcha,
1480 3662 1585 3717 qua
1638 3646 2029 3701 benedicuntur
2079 3659 2112 3699 a

511 3756 682 3821 .patre
728 3759 826 3800 suo
864 3742 1029 3799 lsrael
1059 3739 1214 3815 (Gen.
1244 3738 1418 3810 nux),
1459 3737 1543 3792 vel
1576 3737 1878 3792 benedictio
1919 3734 2108 3806 Moysi,

528 3857 635 3913 qua
673 3838 947 3894 benedixit
984 3833 1264 3892 duodecim
1300 3832 1473 3887 tribus
1510 3829 1672 3885 lsrael
1702 3827 1855 3901 (Gen.
1892 3828 2108 3899 χχχιιι),

529 3949 639 3990 non
671 3945 802 4002 ergo
846 3930 934 3985 his
963 3928 1215 3984 omnibus
1265 3922 1576 3980 inferiorem
1608 3922 1747 3978 duco
1792 3920 1933 3975 hanc
1962 3920 2111 3988 Apo-

531 4023 661 4081 stoli,
679 4019 1126 4081 benedictionem,
1174 4028 1281 4086 qua
1307 4014 1584 4070 benedixit
1605 4011 1862 4067 Ecclesiis
1888 4010 2108 4075 Christi,

531 4114 607 4168 ait
633 4114 779 4169 enim
805 4118 861 4166 et
884 4113 999 4182 ipse
1026 4110 1112 4166 de
1139 4123 1197 4163 se
1221 4124 1235 4162 :
1270 4104 1408 4159 Puto
1440 4107 1577 4160 enim
1604 4104 1728 4174 quia
1753 4112 1801 4157 et
1830 4119 1922 4173 ego
1959 4100 2114 4171 spiri-

531 4214 642 4258 tum
691 4200 789 4256 Dei
836 4200 998 4254 habeo
1047 4198 1099 4272 (ι
1132 4197 1255 4254 Cor.
1278 4195 1396 4268 vn).
1439 4195 1499 4249 In
1544 4195 1737 4266 spiritu
1768 4207 1898 4264 ergo
1925 4191 2112 4247 scribit

530 4292 837 4365 Apostolus,
890 4298 945 4345 et
984 4291 1039 4344 in
1086 4288 1275 4358 spiritu
1313 4285 1616 4352 benedicit,
1648 4300 1747 4354 per
1774 4283 1946 4352 ipSum
1982 4296 2111 4352 ergo

532 4384 783 4455 spiritum
833 4378 1237 4436 benedictiones
1264 4374 1478 4445 capient
1516 4374 1572 4428 hi
1600 4374 1693 4443 qui
1719 4371 2112 4427 benedicuntur

531 4474 599 4529 ab
628 4469 906 4541 Apostolo,
937 4469 985 4535 si
1014 4474 1193 4524 tamen
1219 4465 1365 4537 digni
1396 4462 1758 4526 inveniantur,
1786 4475 1948 4530 super
1975 4472 2109 4528 quos

530 4526 717 4624 tenuit
738 4526 1040 4616 benedictio
1065 4558 1201 4627 ejus,
1252 4526 1489 4625 alioquin
1521 4552 1614 4608 ﬁet
1648 4552 1780 4607 illud
1808 4526 1952 4621 quod
1975 4526 2111 4605 scri-
2136 4526 2188 4586 Ῑ)

529 4663 682 4725 ptum
710 4661 816 4717 est,
843 4671 862 4704 ‹
900 4650 945 4706 si
971 4648 1135 4704 fuerit
1155 4646 1226 4702 ibi
1252 4645 1391 4700 ﬁlius
1412 4645 1581 4714 pacis,
1603 4660 1705 4715 pax
1730 4652 1909 4698 vestra
1931 4644 2111 4697 veniet

532 4759 696 4816 super
714 4758 857 4806 eum,
888 4742 971 4796 sin
993 4748 1170 4793 autem
1196 4752 1301 4806 pax
1322 4745 1502 4791 vestra
1524 4736 1593 4790 ad
1616 4750 1711 4789 vos
1736 4742 2057 4790 revertetur.
2086 4755 2105 4786 ι

604 4833 845 4888 Primum
884 4831 1089 4903 quidem
1134 4829 1331 4900 gratias
1376 4843 1475 4897 ago
1505 4825 1614 4880 Deo
1645 4842 1780 4890 meo,
1808 4843 1899 4894 per
1927 4824 2112 4879 Iesum

535 4927 796 4982 Christum
807 4963 821 4989 ,
836 4938 928 4993 pro
942 4920 1179 4975 omnibus
1196 4917 1356 4981 vobis,
1369 4917 1494 4987 quia
1503 4916 1633 4985 ﬁdes
1646 4925 1814 4970 vestra
1828 4916 2115 4971 annuntia-

533 5028 621 5075 tur
641 5017 696 5070 in
712 5014 951 5069 universo
975 5010 1192 5064 mundo.
1213 5007 1429 5079 (Δηὼ.)
1458 5006 1633 5062 Finita
1652 5009 1969 5078 piml'atione
1992 5016 2117 5061 ante

535 5105 716 5165 omnia
746 5103 997 5176 gaudium
1032 5115 1187 5155 suum
1213 5111 1335 5154 esse
1362 5105 1595 5153 testatur
1622 5107 1683 5152 ut
1720 5107 1842 5167 pote
1876 5098 2117 5169 gentium

535 5196 822 5266 Apostolus
847 5192 990 5263 quod
1014 5206 1136 5246 cum
1162 5189 1392 5247 Romani
1416 5197 1640 5259 regnent
1664 5188 1715 5242 in
1741 5190 1959 5253 mundo,
1991 5190 2118 5243 sub-

532 5290 766 5363 iecerint
792 5302 850 5342 se
874 5284 999 5340 ﬁdei
1023 5280 1345 5340 Christiana:
1364 5320 1379 5344 ,
1412 5295 1530 5349 quae
1555 5280 1907 5350 prudentibus
1936 5278 2120 5335 saeculi

539 5380 759 5438 humilis
780 5386 833 5433 et
853 5374 1016 5432 stulta
1046 5374 1277 5439 videtur,
1308 5386 1431 5426 cum
1458 5385 1586 5442 ergo
1615 5370 1784 5426 multa
1813 5382 2017 5438 essent,
2048 5386 2116 5427 ex

540 5471 736 5543 quibus
763 5464 1021 5539 gauderet
1066 5463 1124 5518 in
1149 5461 1408 5517 Romanis
1436 5478 1452 5527 ;
1495 5469 1651 5515 erant
1684 5462 1829 5517 enim
1859 5463 2117 5517 doctrina:

543 5557 942 5621 memorabiles,
968 5563 1023 5611 et
1049 5551 1176 5610 boni
1204 5553 1384 5623 operis
1413 5552 1593 5623 cupidi
1642 5552 1974 5624 studiosique
2000 5570 2115 5608 ma-

546 5651 629 5722 gis
658 5647 850 5721 agendi
896 5646 1052 5708 bene,
1096 5660 1260 5716 quam
1288 5644 1584 5711 sermonis,
1620 5646 1763 5715 quod
1806 5660 1913 5701 non
1962 5645 2120 5714 longe

547 5760 633 5807 est
659 5765 689 5805 τι
722 5746 979 5818 religione
1032 5744 1245 5811 divina;
1285 5741 1339 5797 in
1369 5741 1473 5800 hoc
1503 5750 1683 5797 tamen
1726 5742 1960 5812 primum
1991 5760 2121 5814 gat--

2212 1927 2355 1996 quod
2399 1925 2492 1981 ubi
2519 1925 2651 1980 dicit
2675 1940 2734 1981 se
2766 1940 2866 1996 pro
2896 1923 3147 1979 omnibus
3175 1920 3378 1993 gratias
3400 1931 3588 1988 agere,
3618 1913 3804 1985 culpas

2214 2016 2424 2087 aliquas
2440 2028 2653 2086 graves,
2676 2020 2771 2069 aut
2796 2013 2993 2083 probra
3017 2012 3072 2066 in
3102 2026 3197 2067 eos
3215 2024 3324 2064 non
3351 2014 3682 2079 exaggerat;
3713 2002 3803 2057 ubi

2215 2113 2398 2160 autem
2422 2111 2575 2158 notat
2596 2103 2805 2173 aliquos
2834 2100 2921 2156 vel
2949 2100 3144 2171 arguit,
3177 2114 3285 2153 non
3314 2098 3468 2151 addit
3506 2094 3803 2165 gratiarum

2215 2199 2487 2254 actionem
2511 2236 2525 2261 ,
2582 2196 2726 2267 quod
2749 2210 2848 2266 pro
2873 2194 3127 2250 omnibus
3152 2192 3356 2263 gratias
3390 2198 3533 2261 agat,
3561 2186 3701 2243 sicut
3750 2192 3803 2238 et

2214 2290 2284 2345 ad
2309 2288 2643 2354 Corinthios,
2679 2286 2766 2343 vel
2810 2286 2881 2341 ad
2912 2283 3291 2347 Colossenses;
3321 2282 3388 2336 ad
3413 2278 3637 2336 Galatas
3676 2289 3801 2329 vero

2216 2381 2439 2437 omnino
2468 2394 2570 2435 nec
2597 2377 2749 2448 ponit
2774 2376 3045 2432 actionem
3071 2375 3395 2446 gratiarum,
3422 2371 3569 2443 quod
3589 2383 3682 2424 eos
3705 2365 3803 2421 mi.

2216 2480 2371 2528 ratur
2397 2480 2505 2525 tam
2545 2470 2653 2524 cito
2690 2467 2980 2523 transferri
3008 2467 3076 2521 ab
3121 2482 3209 2532 eo,
3249 2467 3343 2536 qui
3366 2466 3580 2520 vocavit
3611 2479 3723 2527 eos,
3750 2464 3800 2517 in

2219 2559 2365 2614 aliud
2405 2556 2776 2628 Evangelium.
2811 2555 2996 2612 Prima
3025 2570 3155 2627 ergo
3195 2570 3300 2610 vox
3331 2554 3523 2624 incipit
3545 2569 3577 2606 a
3607 2552 3801 2624 gratia-

2218 2665 2338 2705 rum
2362 2650 2604 2715 actione;
2645 2662 2801 2719 agere
2854 2654 3035 2703 autem
3062 2646 3287 2718 gratias,
3329 2645 3436 2700 hoc
3471 2653 3575 2709 est,
3602 2643 3800 2700 sacriﬁ-

2217 2741 2363 2797 cium
2390 2740 2565 2795 laudis
2611 2736 2829 2803 offerre,
2856 2746 2912 2793 et
2959 2736 3081 2794 ideo
3127 2736 3279 2791 addit
3316 2750 3413 2805 per
3441 2736 3625 2791 Iesum
3656 2736 3801 2790 Chri-

2218 2840 2356 2885 stum
2382 2829 2529 2885 velut
2569 2842 2665 2900 per
2704 2826 3020 2899 pontiﬁcem
3066 2842 3357 2899 magnum,
3405 2834 3621 2897 oportet
3663 2828 3797 2882 extim

2219 2921 2362 2976 scire
2391 2933 2513 2974 eum
2543 2918 2637 2989 qui
2660 2918 2774 2977 vult
2800 2916 2997 2973 oﬁ‘erre
3026 2916 3356 2971 sacriﬁcium
3385 2917 3519 2982 Deo,
3542 2916 3683 2987 quod
3709 2902 3801 2985 per

2219 3024 2411 3065 manus
2440 3007 2713 3079 pontiﬁcis
2732 3008 2892 3063 debet
2910 3005 3129 3073 oﬁerre,
3161 3006 3257 3062 sed
3284 3017 3339 3061 et
3358 3007 3464 3062 hoc
3489 3006 3633 3076 quod
3651 3006 3797 3070 dixit,

2217 3102 2329 3158 Deo
2358 3118 2492 3166 meo,
2526 3115 2633 3155 non
2662 3108 2748 3157 est
2772 3099 2947 3155 otiose
2976 3098 3381 3167 accipiendum;
3404 3113 3513 3153 non
3538 3098 3681 3153 enim
3702 3115 3798 3155 vox

2217 3193 2321 3249 ista
2349 3202 2529 3263 potest
2572 3206 2728 3258 esse,
2778 3190 2883 3246 nisi
2927 3201 3276 3258 sanctorum,
3323 3205 3558 3261 quorum
3588 3191 3797 3256 dicitur,

2215 3289 2357 3344 sicut
2381 3287 2524 3343 Deus
2557 3286 2852 3351 Abraham,
2897 3283 2985 3341 vel
3009 3285 3179 3351 Isaac,
3209 3285 3295 3339 vel
3332 3284 3539 3351 Iacob;
3574 3302 3683 3342 non
3712 3301 3802 3356 po-

2216 3392 2320 3438 test
2339 3380 2631 3437 Dominum
2662 3380 2832 3434 Deum
2879 3393 3037 3433 suum
3063 3378 3247 3433 dicere
3274 3379 3343 3443 is,
3394 3378 3481 3432 cui
3510 3378 3657 3433 Deus
3677 3393 3802 3434 ven-

2216 3479 2299 3528 ter
2320 3478 2423 3535 est,
2447 3477 2549 3523 aut
2577 3469 2664 3524 cui
2690 3467 2920 3523 avaritia
2958 3467 3102 3522 Deus
3122 3477 3225 3532 est,
3273 3476 3371 3521 aut
3391 3468 3482 3522 cui
3503 3466 3676 3537 gloria
3707 3483 3803 3522 sa:-

2214 3564 2340 3629 cnli,
2381 3571 2438 3618 et
2468 3576 2666 3633 pompa
2699 3560 2921 3627 mundi,
2950 3570 3045 3614 aut
3091 3559 3335 3630 potentia
3359 3574 3546 3615 rerum
3570 3559 3803 3616 caduca-

2214 3668 2335 3710 rum
2366 3654 2509 3710 Deus
2545 3661 2667 3708 est:
2722 3651 2985 3723 quidquid
3030 3651 3177 3706 enim
3217 3651 3594 3721 unusquisque
3644 3666 3804 3721 supra

2214 3756 2431 3802 caetera
2454 3744 2604 3811 colit,
2646 3744 2749 3799 hoc
2786 3742 2863 3797 illi
2910 3743 3052 3798 Deus
3078 3756 3182 3797 eat.
3212 3742 3320 3798 Sed
3362 3742 3649 3798 videamus
3677 3742 3803 3814 quid

2213 3845 2329 3903 est,
2358 3852 2455 3907 pro
2483 3852 2592 3905 quo
2631 3833 2919 3905 Apostolus
2951 3834 3183 3904 gratiam
3224 3834 3335 3905 agit
3363 3836 3477 3891 Deo
3503 3852 3625 3902 suo,
3673 3852 3804 3907 quo-

2214 3928 2391 3991 niam,
2427 3926 2630 3994 inquit,
2676 3924 2806 3994 ﬁdes
2857 3934 3022 3979 vestra
3071 3926 3423 3981 annuntiatur
3456 3927 3516 3980 in
3565 3928 3801 3983 uniuerso

2212 4016 2431 4071 mundo.
2479 4015 2536 4070 ln
2585 4016 2841 4071 universo
2882 4014 3084 4069 mundo
3123 4016 3170 4070 si
3210 4016 3533 4086 simpliciter
3572 4020 3801 4091 accipia-

2214 4122 2356 4171 mus,
2412 4106 2516 4161 hoc
2562 4104 2779 4179 videtur
2824 4105 3112 4176 designare
3159 4108 3301 4177 quod
3334 4108 3392 4161 in
3437 4109 3628 4164 multis
3675 4112 3804 4167 locis

2213 4197 2421 4265 mundi,
2451 4198 2553 4253 hoc
2572 4204 2675 4261 est,
2710 4206 2867 4253 terrm
2889 4196 3067 4267 hujus,
3094 4213 3303 4265 eorum,
3327 4200 3422 4270 qui
3442 4200 3635 4257 Romae
3656 4212 3797 4269 sunt,

2214 4290 2350 4345 ﬁdes
2377 4298 2432 4345 et
2460 4288 2647 4358 religio
2676 4288 3037 4359 praedicetur;
3075 4290 3120 4344 si
3152 4304 3282 4346 vero
3320 4301 3384 4347 ut
3410 4292 3467 4346 in
3510 4294 3796 4361 nonnullis,

2214 4380 2379 4434 etiam
2404 4379 2461 4432 in
2490 4378 2594 4433 hoc
2644 4378 2783 4442 loco,
2816 4378 3047 4431 mundus
3078 4379 3412 4450 designatur,
3443 4384 3541 4451 qui
3572 4397 3641 4438 ex
3666 4384 3799 4440 cmlo

2215 4477 2429 4524 constat
2449 4479 2506 4523 et
2533 4479 2697 4534 terra,
2728 4476 2888 4538 atque
2907 4468 3160 4523 omnibus
3186 4486 3307 4539 quae
3332 4471 3387 4525 in
3417 4471 3506 4527 his
3536 4486 3685 4540 sunt,
3710 4490 3798 4547 po-

2214 4569 2322 4615 test
2352 4560 2517 4615 etiam
2567 4557 2790 4629 intelligi
2820 4557 2972 4623 illud,
3008 4560 3150 4628 quod
3194 4564 3447 4629 virtutes,
3496 4564 3567 4619 de
3607 4564 3797 4636 quibus

2215 4649 2435 4715 dicitur,
2471 4650 2596 4718 quia
2624 4649 2875 4719 gaudium
2923 4649 3147 4703 habeant
3194 4667 3348 4720 super
3385 4669 3491 4707 uno
3534 4668 3798 4723 peccatore

2214 4740 2567 4811 paenitentiam
2598 4750 2779 4810 agente
2805 4739 2956 4812 (Luc.
3006 4742 3119 4813 xv),
3171 4744 3340 4799 multo
3364 4746 3544 4817 magis
3568 4749 3637 4804 de
3670 4765 3794 4805 con-

2215 4831 2465 4886 versione
2493 4845 2704 4899 quoque
2740 4840 2795 4883 et
2837 4830 2943 4885 ﬁde
2972 4831 3340 4890 Romanorum
3362 4836 3641 4906 laetentur,
3666 4856 3797 4895 nunc

2216 4921 2478 4976 tiantibus
2506 4920 2608 4976 sibi
2633 4920 2838 4991 angelis
2861 4921 2987 4987 illis,
3016 4925 3107 4993 qui
3138 4927 3437 4982 ascendunt
3481 4939 3541 4983 et
3580 4932 3794 4986 descen-

2219 5013 2353 5067 dunt
2383 5012 2453 5066 ad
2480 5011 2648 5066 ﬁlium
2683 5012 2959 5079 hominis;
3008 5024 3064 5069 et
3090 5016 3190 5086 ipsi
3232 5018 3377 5073 enim
3424 5020 3695 5077 mirantur
3732 5024 3794 5078 de

2219 5105 2571 5161 conversione
2595 5107 2865 5176 gentium,
2897 5114 2952 5161 et
2972 5108 3096 5177 quia
3121 5110 3176 5164 in
3204 5125 3420 5169 omnem
3443 5122 3647 5170 terram
3669 5118 3794 5171 exiit

2220 5214 2385 5256 sonus
2413 5200 2781 5271 apostolorum
2815 5200 3017 5257 Christi
3057 5198 3204 5257 Iesu.
3251 5202 3497 5274 Denique
3523 5214 3581 5261 et
3601 5222 3791 5278 agones

2221 5293 2458 5363 ipsorum
2514 5302 2819 5364 spectantes
2862 5293 2918 5348 in
2956 5294 3060 5351 hoc
3091 5296 3291 5352 mundo
3330 5290 3605 5363 laetantur,
3659 5300 3795 5355 sicut

2222 5382 2510 5454 Apostolus
2539 5384 2693 5448 dicit,
2725 5384 2849 5453 quia
2878 5385 3243 5453 spectaculum
3279 5401 3468 5443 sumus
3513 5388 3644 5445 facti
3672 5389 3795 5444 huic

2223 5476 2447 5541 muddo,
2475 5484 2529 5531 et
2559 5474 2766 5546 angelis
2792 5484 2849 5531 et
2882 5476 3207 5533 hominibus.
3238 5478 3422 5535 Potest
3441 5487 3621 5535 tamen
3649 5491 3703 5535 et
3722 5480 3795 5535 ita

2226 5562 2475 5635 intelligi,
2532 5566 2675 5635 quod
2702 5564 2835 5622 ﬁdes
2864 5568 2967 5623 ista
2998 5582 3159 5637 quam
3189 5566 3420 5625 Romani
3448 5570 3653 5627 habent
3682 5573 3794 5641 ipsa

2227 5657 2521 5741 eademque
2554 5659 2626 5713 sit
2674 5668 2731 5714 et
2782 5675 2887 5715 non
2913 5658 3039 5726 alia,
3080 5675 3201 5731 qum
3233 5661 3288 5717 in
3310 5663 3563 5719 universo
3599 5663 3795 5718 mundo

2228 5749 2600 5814 annuntiatur,
2625 5758 2679 5805 ct
2724 5751 3135 5823 crcditur,.qute
3174 5768 3280 5811 non
3328 5754 3497 5811 solum
3525 5754 3580 5811 is
3628 5764 3788 5820 tem,
