3960 6366
209 340 358 397 1289

796 345 1342 405 ENARRATIONUM
1377 349 1446 405 IN
1484 349 1632 406 EPP.
1674 351 1875 407 PAULI
1919 353 2040 408 LIB.
2082 355 2121 408 l.
2150 383 2219 395 -
2256 354 2323 409 IN
2359 355 2579 412 EPIST.
2621 358 2714 430 AD
2752 356 2917 413 ROM.

3316 356 3454 412 ηθο

206 456 308 510 sed
335 465 391 510 et
413 456 465 509 in
488 455 641 511 caelis
663 458 1004 526 prmdieatur,
1032 460 1158 528 quia
1191 458 1349 516 Jesus
1376 462 1668 531 paciﬁcavit
1694 479 1785 532 per
1811 465 1862 525 Α
1887 464 2249 536 Evangelium.
2275 468 2384 523 Deo
2404 470 2583 538 itaque
2607 471 2768 526 servit
2786 472 2850 525 in
2874 470 3159 541 Evangelio
3182 471 3295 526 Filii
3320 472 3454 541 ejus,

206 545 523 615 sanguinem
549 562 701 599 suum
732 563 834 601 non
872 548 1042 602 solum
1069 565 1185 617 qua:
1210 551 1265 603 in
1295 559 1437 605 terra
1461 562 1602 618 sunt,
1622 553 1715 607 sed
1744 563 1793 606 et

205 653 332 706 quae
362 637 417 691 in
442 636 581 691 ctelis
616 636 837 709 (Coloss.
882 638 944 709 ι),
978 631 1032 693 et
1053 640 1108 693 in
1140 642 1353 697 nomine
1395 642 1513 712 ejus
1537 658 1676 715 genu
1699 642 1794 699 lle-

207 735 371 781 ctunt
390 742 497 782 non
525 728 699 784 solum
721 730 1019 795 terrestria,
1042 730 1135 786 sed
1156 740 1211 786 et
1238 732 1478 789 caelestia
1499 743 1553 789 et
1583 734 1790 791 inferna

209 814 385 886 (Phil.
427 816 512 887 ιι),
540 826 595 873 et
623 819 726 874 hoc
749 827 833 874 est
876 819 931 874 in
959 821 1211 877 universo
1242 822 1439 877 mundo
1463 824 1621 880 ﬁdem
1654 842 1791 897 prte-

208 906 405 969 dicari,
438 922 536 977 per
560 923 721 977 quam
746 909 922 964 omnis
942 910 1172 966 mundus
1197 909 1255 964 lit
1284 910 1529 970 subditus
1551 916 1679 973 Deo.

288 995 453 1051 Testis
482 998 618 1050 enim
644 998 771 1052 mihi
795 1008 870 1053 est
893 998 1059 1065 Deus,
1080 1001 1164 1054 cui
1188 1002 1353 1056 servio
1368 1003 1423 1056 in
1445 1003 1629 1073 spiritu
1651 1022 1787 1072 meo,

204 1087 267 1140 in
289 1086 575 1158 Evangelia
614 1078 745 1142 Filii
760 1090 904 1159 ejus,
941 1091 1081 1160 quod
1119 1092 1232 1146 sine
1270 1093 1652 1149 intermissione
1677 1111 1789 1150 me-

201 1178 433 1231 moriam
487 1180 642 1232 vestri
690 1178 827 1247 facio
894 1196 1095 1253 semper
1141 1181 1197 1236 in
1260 1182 1581 1237 orationibus
1637 1186 1785 1238 meis.

202 1265 409 1337 (Orig.)
438 1268 581 1323 Deus
604 1269 755 1323 testis
776 1278 861 1324 est
880 1270 1084 1326 sanctis
1119 1272 1249 1337 suis,
1280 1273 1371 1342 qui
1409 1258 1469 1329 et
1494 1275 1597 1345 ipsi
1625 1282 1789 1330 testes

200 1368 339 1413 sunt
368 1359 482 1422 Dei,
526 1359 819 1415 secundum
841 1361 982 1429 quod
1013 1361 1142 1416 dicit
1164 1364 1429 1433 propheta
1453 1380 1468 1419 :
1501 1365 1663 1419 Eritis
1692 1366 1819 1419 mi-.

199 1450 263 1504 Isi
304 1459 489 1517 testes,
541 1460 590 1505 et
632 1466 723 1521 ego
772 1454 936 1516 testis,
980 1451 1106 1506 dicit
1150 1452 1405 1509 Dominus
1443 1455 1587 1526 (Isa.
1632 1472 1786 1522 XLIII,

200 1543 380 1613 ων).
414 1543 519 1599 Sed
570 1552 625 1598 et
673 1542 925 1604 Salvator
971 1530 1378 1615 ad‘discipulos
1411 1547 1574 1603 dicit:
1621 1546 1787 1601 Eritis

200 1634 337 1687 mihi
364 1644 516 1688 testes
544 1634 600 1687 in
626 1633 976 1702 Hierusalem,
1002 1644 1049 1688 et
1074 1636 1129 1689 in
1155 1633 1422 1700 Samaria,
1444 1646 1490 1691 et
1533 1638 1585 1691 in
1616 1638 1787 1691 omni-

201 1723 303 1778 bus
329 1724 699 1792 ﬁnibus'terrae
721 1724 858 1796 (Act.
883 1730 946 1795 ι),
974 1725 1270 1780 secundum
1310 1726 1440 1781 illud
1464 1726 1608 1797 quod
1649 1728 1785 1782 serio

1894 563 1951 609 ut
1977 558 2223 613 ostendat
2249 560 2341 613 Dei
2370 574 2490 615 esse
2511 560 2835 619 voluntatem
2863 570 2922 616 ut
2950 562 3198 616 credatur
3225 563 3277 616 in
3306 562 3459 617 Chri-

1894 652 2052 699 stum.
2078 645 2177 702 Cui
2203 658 2251 701 et
2276 651 2462 713 servio,
2492 652 2797 719 quomodo?
2824 653 2875 705 in
2898 653 3086 723 spiritu
3112 669 3242 727 mep,
3263 654 3454 722 inquit,

1893 751 1999 790 non
2021 739 2075 793 in
2098 741 2508 797 circumcisione
2524 743 2851 809 manulacta,
2873 760 3044 815 neque
3064 747 3116 800 in
3138 746 3453 811 neomeniis,

1892 839 1947 883 et
1974 828 2216 895 sabbato,
2235 838 2292 885 et
2314 831 2640 887 discretione
2668 847 2934 898 escarum,
2964 835 3055 890 sed
3089 836 3145 891 in
3170 837 3378 906 spiritu,
3404 835 3457 890 id

1891 927 1975 973 est
1996 921 2049 972 in
2072 928 2270 986 mente,
2295 922 2418 991 quia
2448 922 2590 978 Deus
2634 925 2851 992 spiritus
2893 932 2992 988 est,
3024 925 3211 994 spiritu
3233 926 3316 981 vel
3339 926 3457 979 ani-

1892 1022 1981 1063 mo
2007 1008 2185 1077 potius
2223 1011 2377 1066 debet
2415 1011 2487 1067 illi
2523 1013 2755 1078 serviri;
2805 1013 2890 1068 cui
2918 1014 3063 1068 enim
3112 1016 3292 1071 animo
3342 1032 3457 1072 ser-

1888 1098 2055 1165 vitur,
2081 1114 2157 1159 ex,
2178 1100 2282 1155 llde
2326 1101 2399 1156 illi
2428 1103 2679 1159 servitur.
2710 1102 2853 1159 Haec
2900 1112 2955 1175 et
2995 1104 3250 1159 Dominus
3285 1105 3459 1163 lactus

1892 1186 2081 1261 [latus]
2115 1199 2198 1245 est
2218 1190 2287 1245 ad
2316 1189 2695 1249 Samaritidem
2717 1202 2991 1263 putantem
3019 1196 3161 1264 quod
3195 1196 3250 1249 in
3280 1206 3460 1252 monte

1889 1294 1947 1333 se
1990 1280 2203 1335 adorari
2232 1280 2411 1347 vellet,
2455 1282 2673 1338 dicens:
2730 1283 2880 1338 Venit
2909 1285 3057 1350 liora,
3104 1294 3153 1340 et
3184 1302 3333 1340 nunc
3360 1296 3456 1352 est,

1888 1370 2097 1438 quando
2136 1370 2242 1424 veri
2271 1371 2573 1426 adoratores
2612 1373 2901 1428 adorabunt
2942 1374 3156 1430 Patrem
3186 1376 3241 1430 in
3258 1378 3458 1446 spiritu

1888 1468 1937 1512 et
1962 1461 2192 1514 veritate.
2249 1460 2455 1515 Etenim
2505 1459 2669 1517 Pater
2708 1462 2835 1518 tales
2861 1454 3043 1533 quierit
3097 1468 3186 1537 qui
3242 1467 3456 1521 adorent

1889 1565 2025 1602 eum.
2067 1547 2297 1618 Spiritus
2339 1560 2414 1605 est
2440 1550 2580 1606 Deus
2604 1568 2624 1605 :
2654 1552 2934 1607 adorantes
2958 1571 3076 1624 ergo
3113 1557 3385 1625 in’spiritu
3407 1567 3454 1610 et

1889 1639 2099 1692 veritate
2124 1649 2320 1708 oportet
2348 1640 2571 1696 adorare
2600 1639 2790 1712 (Joan:
2808 1642 2903 1713 tv).
2941 1642 3007 1696 Et
3033 1660 3135 1699 non
3160 1644 3308 1699 locus
3330 1646 3459 1714 ado—

1892 1728 2153 1783 rationem
2186 1731 2540 1795 commendat,
2576 1732 2668 1786 sed
2700 1732 2925 1787 devotus
2968 1734 3194 1796 animus,
3227 1734 3328 1788 hoc
3354 1742 3455 1797 est,

197 1826 359 1887 ptum
388 1825 512 1872 est:
549 1816 651 1883 Qui
694 1817 961 1887 confessus
992 1817 1148 1885 fuerit
1180 1819 1237 1871 in
1265 1834 1367 1884 me,
1402 1828 1450 1874 et
1493 1836 1584 1891 ego
1623 1821 1785 1883 conli-
1817 1809 1864 1870 Β
1888 1819 1942 1874 in
1986 1821 2213 1876 veritate
2257 1822 2483 1895 adorare
2527 1824 2581 1877 in
2632 1823 2835 1894 Spiritu
2886 1824 3053 1880 Deum
3107 1825 3363 1897 Spiritum
3403 1834 3460 1883 et

199 1910 353 1964 tebor
374 1912 432 1963 in
465 1925 524 1963 eo
548 1898 725 1965 coram
758 1906 919 1963 Patre
947 1926 1081 1963 meo.
1110 1910 1294 1981 (Aug.,
1331 1909 1425 1966 lib.
1451 1913 1513 1965 de
1536 1910 1785 1967 Sermone

197 1998 422 2054 Domini
448 1998 503 2051 in
534 1996 751 2069 monte.)
774 1996 879 2052 Sed
905 2006 1085 2063 tamen
1111 1999 1369 2068 quoniam
1396 2001 1547 2071 jurat
1574 2003 1663 2071 qui
1690 2004 1786 2058 ad-

200 2092 358 2147 hibet
377 2100 566 2147 testem
592 2091 782 2155 Deum,
809 2082 1091 2160 diligenter
1111 2091 1555 2147 considerandum
1580 2101 1662 2147 est
1681 2093 1785 2149 hoc

199 2181 520 2252 capitulum,
549 2188 837 2241 necontra
878 2189 1204 2251 praeceptum
1243 2183 1453 2238 Domini
1499 2183 1785 2252 Apostolus

197 2272 397 2330 fecisse
416 2272 684 2336 videatur,
700 2272 791 2341 qui
805 2286 946 2340 saepe
960 2271 1062 2326 hoc
1079 2272 1239 2326 modo
1246 2270 1470 2340 iuravit,
1484 2288 1609 2328 cum
1620 2275 1779 2330 dicit:

202 2362 340 2431 Qua:
361 2373 533 2418 autem
581 2362 749 2418 scribo
777 2361 915 2416 vobis
941 2354 1078 2417 ecce
1129 2378 1304 2416 coram
1332 2362 1462 2428 Deo,
1512 2365 1635 2434 quia
1681 2382 1784 2421 non

198 2453 428 2509 mentior
466 2447 607 2523 (Cal.
632 2453 705 2522 1);
744 2460 798 2506 et
842 2452 1075 2506 iterum:
1108 2452 1245 2506 Deus
1286 2463 1332 2528 et
1360 2450 1537 2513 Pater
1576 2454 1783 2508 Domini

200 2547 369 2600 nostri
394 2546 523 2600 Iesu
556 2544 771 2610 Christi,
794 2545 883 2616 qui
909 2554 983 2599 est
1010 2544 1306 2599 benedictus
1352 2546 1409 2599 in
1445 2544 1660 2609 saecula,
1689 2548 1785 2601 scit

196 2638 328 2707 quia
383 2653 487 2690 non
533 2636 754 2690 mentior
793 2633 879 2707 (II
915 2635 1036 2690 Cor.
1079 2652 1133 2690 ιι
1164 2652 1178 2701 ;
1211 2634 1407 2705 Philip.
1437 2635 1512 2707 1);
1551 2637 1660 2692 tale
1701 2647 1783 2693 est

197 2728 368 2784 etiam
406 2728 570 2782 illud:
605 2726 767 2780 Testis
806 2728 941 2780 enim
980 2727 1109 2780 mihi
1128 2735 1204 2781 est
1244 2726 1407 2792 Deus,
1432 2728 1517 2781 cui
1541 2729 1706 2781 servio
1728 2730 1783 2783 in

195 2819 388 2889 spiritu
408 2835 521 2872 meo
534 2819 587 2872 in
612 2816 892 2888 Evangelio
913 2814 1040 2869 Filii
1062 2817 1198 2886 ejus,
1219 2817 1477 2887 quomodo
1498 2817 1609 2893 sine
1625 2816 1786 2879 inter-

198 2909 447 2963 missione
473 2908 776 2963 memoriam
806 2907 964 2961 vestri
993 2907 1132 2977 facio
1161 2923 1361 2975 semper
1384 2907 1439 2961 in
1462 2897 1782 2962 orationibus

195 3000 367 3065 meis;
391 3000 496 3053 nisi
518 2999 658 3054 forte
696 2998 814 3068 quis
840 2997 987 3052 dicat
1018 3007 1147 3052 tunc
1173 2997 1474 3052 habendam
1498 3013 1617 3061 esse
1634 2998 1785 3068 jura-

199 3090 425 3153 tionem,
456 3104 577 3142 cum
608 3102 720 3159 per
753 3086 955 3156 aliquid
985 3086 1203 3153 dicitur,
1241 3100 1339 3156 per
1372 3087 1515 3156 quod
1549 3086 1781 3156 iuratur,

1885 1910 2178 1977 Christum,
2210 1912 2373 1967 unum
2397 1928 2463 1969 ex
2490 1929 2594 1984 quo
2624 1916 2824 1981 omnia,
2868 1923 2923 1969 et
2969 1932 3131 1969 unum
3170 1933 3267 1993 per
3297 1932 3457 1986 quem

1885 2002 2101 2055 omnia:
2132 2002 2230 2057 hos
2266 2004 2458 2071 quaerit
2476 2004 2783 2060 adoratores
2808 2004 2989 2059 Pater.
3013 2003 3302 2061 Memorem
3328 2022 3457 2077 ergo

1885 2108 1945 2148 se
1968 2093 2179 2148 illorum
2210 2094 2263 2148 in
2296 2095 2626 2150 orationibus
2654 2097 2766 2153 suis
2802 2096 3025 2166 ﬂagitat,
3054 2107 3114 2152 ut
3139 2100 3366 2154 seminet
3401 2099 3455 2153 in

1888 2183 1991 2238 illis
2017 2184 2365 2250 cbaritatem;
2396 2183 2523 2240 facit
2545 2184 2686 2238 enim
2716 2184 2826 2241 illis
2850 2187 3166 2242 desiderium
3196 2189 3298 2243 sui.
3326 2189 3457 2255 Quis

1887 2273 2031 2327 enim
2060 2288 2164 2329 non
2188 2282 2330 2329 amet
2349 2288 2493 2340 eum,
2526 2289 2685 2345 quem
2712 2276 2861 2330 audit
2885 2292 3176 2332 memorem
3205 2280 3287 2333 sui
3305 2279 3458 2334 esse?

1887 2363 1944 2418 Si
1973 2363 2114 2418 enim
2143 2364 2212 2419 ab
2252 2365 2357 2431 his,
2402 2367 2495 2437 qui
2522 2367 2672 2422 missi
2701 2383 2805 2423 non
2851 2379 3027 2435 erant,
3054 2370 3281 2426 libenter
3305 2388 3458 2428 acce-

1886 2464 2076 2525 perant
2132 2456 2435 2529 doctrinam
2478 2457 2578 2512 sub
2630 2459 2845 2514 nomine
2889 2460 3107 2527 Christi,
3147 2461 3459 2518 adulteratis

1886 2546 2093 2610 verbis,
2124 2545 2323 2615 qu'anto
2352 2549 2523 2619 magis
2547 2549 2614 2604 ab
2654 2562 2718 2605 eo
2745 2565 2901 2619 quem
2948 2551 3150 2607 scirent
3181 2569 3299 2609 esse
3324 2554 3461 2623 Apo-

1886 2637 2082 2693 stolam
2130 2642 2185 2693 et
2228 2637 2382 2707 cujus
2412 2638 2573 2695 verba
2618 2640 2968 2697 cemitaretur
3017 2642 3208 2709 virtus,
3250 2643 3460 2699 deside-

1886 2738 2072 2783 rarent
2100 2726 2313 2785 audire!
2378 2787 2381 2791 _
2807 2769 2810 2773 η
3362 2756 3365 2759 π

1907 2870 1911 2874 ,
1958 2820 2247 2875 Obsecrans
2274 2823 2458 2893 sitquo
2486 2822 2640 2877 modo
2685 2825 2895 2880 tandem
2937 2826 3221 2896 aliquando
3248 2838 3463 2897 praspe-

1888 2928 2001 2965 rum
2051 2912 2151 2966 iter
2194 2913 2411 2967 habeam
2448 2916 2503 2968 in
2532 2915 2793 2971 voluntate
2827 2917 2923 2971 Dei
2964 2918 3203 2972 veniendi
3251 2918 3319 2971 ad
3348 2934 3458 2974 vos.

1888 3002 2081 3073 (0rig.)
2134 3001 2284 3071 Quod
2306 3003 2423 3060 sine
2449 3004 2845 3061 intermissione
2880 3021 2975 3075 pro
3000 3006 3087 3061 bis
3107 3006 3298 3074 quibus
3322 3007 3457 3061 scri-

1886 3093 1966 3148 bit
1988 3108 2145 3149 orare
2166 3108 2223 3149 se
2251 3093 2401 3159 dicit,
2425 3094 2664 3149 mandati
2691 3096 2771 3149 sui
2798 3110 3021 3162 memor,
3038 3096 3269 3166 complet
3297 3111 3462 3164 Opere

198 3189 262 3236 ut
286 3196 391 3236 non
409 3155 693 3249 iuraverit,
725 3155 859 3249 quia
882 3192 988 3233 non
1009 3177 1145 3232 dixit
1172 3155 1270 3248 per
1294 3155 1483 3244 Deum,
1625 3178 1780 3245 dixit,
1809 3155 1858 3218 Ο
1886 3183 2027 3252 quod
2058 3196 2305 3239 sermone
2326 3155 2620 3253 praecepit;
2649 3185 2791 3254 quod
2813 3196 2991 3240 autem
3008 3155 3463 3242 dicit-obsecrare

202 3272 372 3328 Testis
413 3281 487 3327 est
525 3271 688 3325 Deus.
741 3268 1047 3341 Ridiculum
1074 3276 1157 3325 est
1194 3268 1298 3324 hoc
1341 3266 1569 3339 putare;
1600 3279 1781 3325 tamen
1880 3289 1964 3341 se,
1986 3273 2033 3329 si
2051 3274 2316 3343 quomodo
2345 3274 2866 3344 tandem'aliquando
2889 3290 3207 3345 prosperum
3232 3277 3336 3331 iter
3364 3276 3461 3330 ba-

196 3372 421 3436 propter
463 3360 828 3417 contentiosos
868 3367 961 3414 aut
1001 3358 1231 3413 multum
1273 3359 1558 3426 tardiores,
1586 3376 1655 3416 ne
1682 3361 1784 3415 ali-

198 3456 333 3527 quid
394 3455 657 3509 interesse
699 3451 820 3522 quis
867 3459 1041 3520 putet,
1088 3449 1227 3505 sciat
1271 3449 1434 3518 etiam
1483 3450 1587 3506 hoc
1621 3450 1783 3506 modo

190 3545 385 3618 jurare
410 3543 726 3615 Apostolum
755 3541 1042 3606 dicentem,
1078 3539 1321 3606 Quotidie
1354 3540 1551 3595 morior
1584 3556 1676 3610 per
1699 3557 1784 3595 ve-

197 3646 366 3692 stram
406 3636 629 3707 gloriam
660 3632 719 3704 (ι
750 3630 871 3687 Cor.
895 3630 1023 3703 xv).
1054 3628 1392 3701 Quapropter
1416 3630 1509 3701 qui
1538 3631 1785 3703 intelligit

200 3742 312 3782 non
346 3725 399 3779 in
437 3725 614 3788 bonis,
646 3722 739 3778 sed
770 3721 822 3776 in
860 3720 1181 3776 necessariis
1212 3719 1537 3789 jurationem
1576 3721 1782 3777 haben-

201 3808 351 3879 dam,
382 3812 616 3869 refrenet
653 3827 713 3867 se
739 3818 997 3881 quantum
1028 3818 1226 3880 potest,
1258 3817 1316 3864 ut
1342 3824 1450 3865 non
1478 3824 1543 3865 ea
1576 3818 1782 3878 utatur,

200 3908 312 3963 nisi
337 3905 679 3969 necessitate,
722 3919 845 3958 cum
879 3903 1025 3958 videt
1060 3884 1244 3975 pigros
1290 3917 1410 3959 esse
1434 3903 1689 3969 homines
1718 3904 1785 3959 ad

200 3988 537 4073 credendum
570 3996 713 4066 quod
739 3995 819 4050 eis
857 3994 987 4049 utile
1013 4003 1098 4050 est
1122 3997 1364 4075 credere,
1389 3995 1490 4050 nisi
1513 3993 1787 4064 iuratione

174 4070 510 4147 .Jirmentur.
541 4090 624 4144 Ad
652 4090 755 4144 hoc
789 4088 971 4157 itaque
1003 4086 1240 4157 pertinet
1263 4072 1405 4156 quod
1439 4087 1517 4142 sic
1555 4088 1781 4141 dicitur:

200 4181 283 4239 Sit
308 4191 481 4244 autem
504 4194 672 4234 sermo
689 4188 869 4243 vester,
893 4186 991 4242 est,
1008 4187 1122 4242 est;
1151 4193 1273 4241 non,
1300 4190 1441 4230 non:
1464 4177 1567 4234 hoc
1586 4178 1785 4232 bonum

200 4282 290 4329 est
315 4280 370 4327 et
398 4270 773 4341 appetendum.
806 4267 957 4333 Quod
989 4276 1162 4320 autem
1188 4264 1413 4335 amplius
1446 4276 1543 4331 est,
1575 4283 1607 4319 a
1646 4265 1786 4319 malo

199 4374 280 4420 est
303 4362 516 4433 (Matth.
537 4362 624 4430 v);
659 4360 705 4414 si
724 4358 910 4427 jurare
929 4358 1158 4429 cogeris,
1192 4358 1331 4412 scias
1359 4357 1424 4412 de
1466 4356 1787 4411 necessitate

199 4457 391 4513 venire
419 4453 747 4509 inﬁrmitatis
775 4467 979 4515 eorum,
1028 4451 1224 4519 quibus
1265 4447 1463 4519 aliquid
1491 4450 1745 4504 suadetur
1768 4468 1805 4504 ε’

201 4566 327 4621 qua:
348 4548 636 4603 inﬁrmitas
668 4547 849 4615 utique
878 4545 1079 4599 malum
1108 4553 1210 4609 est,
1242 4542 1381 4598 unde
1420 4558 1518 4627 nos
1545 4542 1785 4612 quotidie

202 4641 426 4697 liberari
448 4641 823 4709 deprecamur,
848 4649 970 4694 cum
994 4638 1244 4702 dicimus,
1266 4636 1426 4690 libera
1453 4652 1544 4690 nos
1571 4654 1602 4689 a
1622 4636 1780 4689 malo.

203 4737 393 4805 Itaque
440 4750 545 4789 non
586 4734 769 4788 dixit:
817 4731 967 4797 Quod
1030 4739 1208 4785 autem
1242 4729 1476 4801 amplius
1523 4736 1624 4794 est,
1668 4742 1782 4781 ma-

201 4825 317 4878 lum
363 4831 465 4877 est.
522 4821 601 4875 Tu
631 4821 774 4875 enim
806 4835 911 4873 non
944 4818 1142 4873 malum
1176 4818 1312 4873 l‘acis
1341 4820 1433 4887 qui
1453 4818 1589 4873 bene
1616 4817 1785 4872 uteris

196 4911 492 4983 iuratione,
544 4924 682 4979 quae,
732 4909 834 4964 etsi
871 4924 978 4964 non
1045 4909 1209 4974 bona,
1258 4917 1435 4963 tamen
1482 4909 1785 4964 necessaria

204 5016 312 5073 est,
386 5012 445 5059 ut
508 5003 663 5059 alteri
717 5003 1043 5072 persuadeas
1097 5002 1240 5072 quod
1288 5002 1496 5059 utiliter
1554 5003 1780 5069 suades,

208 5097 306 5154 sed
359 5112 389 5151 a
430 5094 569 5150 malo
614 5093 757 5147 illius
801 5092 952 5161 cujus
1000 5093 1315 5148 inﬁrmitate
1339 5092 1526 5161 jurare
1548 5094 1781 5165 cogeris.

208 5188 409 5260 (Amb.)
459 5188 526 5243 Ut
562 5186 786 5241 suadeat
836 5185 1180 5250 charitatem,
1222 5185 1389 5240 Deum
1428 5192 1620 5239 testem
1666 5186 1781 5249 dat,

209 5280 299 5335 cui
328 5278 513 5340 servit,
542 5276 608 5330 ad
639 5290 799 5345 quem
836 5282 891 5329 et
911 5290 1125 5343 precem
1155 5290 1255 5344 pro
1281 5274 1365 5328 his
1388 5273 1553 5337 facit,
1586 5288 1692 5326 non
1727 5273 1783 5326 in

207 5365 328 5439 lege
357 5365 659 5430 serviendo,
688 5363 781 5419 sed
808 5364 862 5418 in
906 5364 1193 5435 Evangelia
1236 5364 1355 5418 Filii
1380 5362 1516 5431 eius,
1548 5362 1651 5416 hoc
1679 5370 1785 5425 est,

208 5476 318 5518 non
358 5461 412 5515 in
452 5475 517 5514 eo
569 5458 711 5526 quod
759 5456 967 5528 Moyses
999 5471 1187 5511 servus
1222 5456 1467 5520 tradidit,
1499 5453 1593 5509 sed
1630 5453 1682 5507 in
1723 5467 1789 5507 eo

208 5550 354 5621 quod
406 5547 576 5603 Filius
616 5546 994 5602 dilectissimus
1051 5546 1271 5610 docuit;
1323 5552 1580 5616 quantum
1643 5544 1786 5597 enim

207 5639 377 5695 distat
403 5653 591 5693 servus
626 5652 654 5690 a
686 5636 930 5697 domino,
968 5643 1171 5690 tantum
1203 5635 1361 5689 distat
1391 5631 1732 5701 Evangelium
1755 5647 1787 5686 a

208 5737 345 5801 tege,
402 5746 509 5785 non
538 5728 677 5798 quod
725 5727 862 5781 mala
896 5728 965 5780 sit
1013 5726 1119 5794 lex,
1170 5727 1265 5783 sed
1307 5724 1432 5796 quia
1479 5723 1671 5780 melius
1706 5730 1791 5777 est

612 5821 881 5880 PATnoL.
921 5818 1056 5877 CXI

1883 3364 2027 3428 beat,
2044 3348 2179 3419 utin
2199 3361 2475 3421 voluntate
2495 3363 2589 3419 Dei
2614 3364 2793 3419 veniat
2816 3364 2883 3419 ad
2904 3364 3197 3430 Romanos,
3213 3365 3461 3421 conside-

1884 3442 2109 3509 randum
2135 3453 2279 3523 quod
2300 3452 2588 3524 Apostolus
2607 3445 2723 3520 Dei,
2748 3456 2815 3511 ad
2835 3471 2968 3526 opus
2995 3458 3165 3511 sancti
3184 3456 3462 3528 Evangelii

1884 3542 2250 3615 proﬁciscens,
2264 3553 2540 3614 exspectat
2557 3546 2725 3600 donec
2737 3546 3194 3602 obsecrationibus
3209 3547 3460 3616 impetret

1885 3650 1992 3690 non
2015 3634 2186 3691 solum
2211 3650 2528 3706 prosperum
2551 3635 2652 3690 sibi
2682 3635 2789 3711 iter
2810 3634 2925 3707 ﬁeri
2942 3676 2958 3702 ,
2986 3636 3081 3691 sed
3102 3637 3155 3691 in
3187 3630 3481 3693 voluntate

1886 3724 1981 3780 Dei
2008 3740 2331 3796 prosperum
2375 3724 2523 3791 ﬁeri;
2582 3726 2724 3781 unde
2759 3736 2812 3783 et
2860 3726 3031 3783 multo
3076 3729 3248 3799 magis
3282 3729 3460 3792 nobis,

1884 3815 2078 3884 quibus
2107 3831 2217 3870 non
2241 3825 2324 3871 est
2351 3816 2435 3871 vel
2460 3818 2840 3891 operistanta,
2860 3803 2946 3873 vel
2974 3820 3154 3874 meriti
3184 3822 3461 3875 conscien-

1884 3909 1984 3973 tia,
2001 3922 2122 3962 cum
2139 3907 2518 3978 aliquid-agere
2542 3908 2895 3978 disponimus,
2916 3926 2945 3962 a
2970 3910 3079 3965 Deo
3106 3911 3312 3966 itineris
3337 3927 3461 3980 pro-

1885 4000 2117 4069 speritas
2138 3999 2454 4068 postulanda
2483 4008 2583 4071 est.
2613 3997 2749 4053 Puto
2780 4010 2959 4054 tamen
2999 4002 3140 4069 quod
3167 4002 3328 4056 etiam
3359 4002 3461 4055 hoc

1886 4088 2055 4143 voluit
2083 4087 2306 4157 intelligi
2350 4087 2657 4159 Apostolus,
2694 4089 2817 4157 quia
2847 4104 2955 4142 non
2986 4105 3197 4160 semper
3242 4106 3471 4162 prosped

1887 4178 2019 4232 ritas
2062 4177 2271 4239 itineris
2319 4179 2414 4232 Dei
2466 4178 2738 4233 voluntate
2784 4178 3079 4248 perﬁcitur.
3116 4179 3355 4249 Denique
3406 4191 3461 4237 et

1886 4268 2103 4322 Balaam
2133 4268 2235 4322 iter
2264 4268 2449 4322 habuit
2498 4282 2814 4338 prosperum
2861 4268 3020 4323 eundi
3056 4270 3123 4324 ad
3173 4269 3355 4336 Balae,
3404 4284 3462 4328 ut

1887 4358 2233 4414 malediceret
2268 4356 2463 4428 populo
2505 4357 2666 4412 lsrael
2695 4357 2884 4427 (Num.
2915 4360 3071 4429 χχιι),
3103 4360 3195 4413 sed
3221 4376 3326 4413 non
3362 4362 3459 4415 fuit

1872 4449 1976 4526 illa
2004 4463 2070 4503 ex
2095 4448 2369 4503 voluntate
2390 4448 2569 4503 divina
2590 4450 2947 4518 prosperitas;
2976 4457 3029 4503 et
3055 4449 3203 4503 multi
3228 4451 3277 4503 in
3302 4452 3459 4506 rebus

1888 4540 2066 4595 sa‘culi
2116 4540 2385 4609 prosperis
2405 4547 2629 4593 utuntur
2653 4540 3013 4615 successibus
3032 4550 3086 4594 et
3113 4542 3382 4595 exsultant
3407 4542 3461 4597 in

1887 4634 2331 4705 prosperitatibus
2360 4633 2491 4698 suis,
2524 4633 2615 4688 sed
2642 4649 2748 4688 non
2776 4642 2861 4701 est
2892 4634 3015 4688 talis
3036 4636 3364 4703 prosperitas
3392 4652 3460 4691 ex

1890 4729 2159 4783 voluntate
2183 4726 2301 4790 Dei,
2332 4726 2437 4780 nisi
2462 4714 2597 4780 cum
2616 4724 2718 4779 tale
2755 4735 2839 4780 est
2866 4740 2999 4795 opus
3029 4724 3236 4779 itineris
3266 4726 3457 4792 nostri,

1889 4820 2045 4890 quale
2065 4819 2153 4872 hic
2174 4817 2417 4891 designat
2452 4816 2754 4887 Apostolus.

1962 4908 2209 4967 Desidere
2232 4908 2367 4960 enim
2398 4905 2567 4960 videre
2590 4921 2697 4969 vos,
2724 4914 2780 4958 ut
2807 4904 3005 4974 aliquid
3026 4906 3295 4975 impertiar
3317 4906 3457 4962 vobis

1888 5003 2071 5074 gratia:
2095 4999 2346 5069 spiritalis
2394 4998 2462 5051 ad
2492 4997 2876 5065 confirmandos
2924 5014 3027 5052 vos.
3080 4997 3259 5067 (Aug.)
3308 4996 3459 5061 Quod

1890 5098 2067 5145 autem
2115 5089 2264 5155 dicit,
2311 5097 2365 5141 ut
2405 5087 2627 5156 gratiant
2670 5087 2809 5140 vobis
2853 5086 3136 5155 spiritalem
3169 5086 3457 5154 impertiar,

1888 5181 2224 5236 dilectionem
2264 5177 2468 5234 scilicet
2506 5175 2600 5231 Dei
2651 5186 2704 5232 et
2740 5174 2988 5245 proximi,
3027 5184 3085 5228 ut
3132 5188 3227 5242 per
3276 5174 3460 5227 chari-

1890 5280 2053 5326 tatem
2081 5269 2279 5326 Christi
2324 5268 2572 5338 gentibus
2602 5266 2656 5319 in
2707 5264 3052 5335 Evangelium
3098 5265 3302 5319 vocatis
3362 5265 3463 5318 mi-

1888 5365 2032 5419 nime
2087 5361 2400 5416 inviderent.
2451 5357 2647 5428 (Amb.)
2685 5354 3035 5410 Conlirmatio
3062 5354 3174 5408 inec
3201 5362 3308 5408 tres
3331 5369 3458 5423 pcr-

1888 5446 2049 5509 sonas
2076 5451 2321 5521 requirit,
2348 5448 2631 5503 annuentis
2661 5446 2779 5508 Dei,
2816 5445 3170 5500 ministrantis
3195 5442 3456 5513 Apostoli,

1890 5542 2201 5614 accipientis
2243 5541 2442 5610 populi.
2492 5530 2645 5592 Nunc
2686 5551 2814 5608 ergo
2860 5536 3111 5591 desiderii
3152 5535 3236 5589 sui
3275 5534 3459 5588 volun—

1889 5641 2056 5689 tatem
2083 5632 2338 5695 ostendit,
2374 5644 2609 5698 quonam
2637 5637 2781 5683 esset
2808 5634 2932 5682 voto
2956 5627 3101 5682 circa
3139 5625 3274 5681 illos.
3328 5624 3459 5680 Cum

1890 5722 2035 5778 enim
2083 5721 2232 5788 dicit,
2285 5730 2339 5775 ut
2382 5719 2604 5791 gratiam
2628 5717 2911 5790 spiritalem
2959 5723 3097 5775 vobis
3153 5723 3455 5787 ministrent,

2994 5808 3057 5870 ἂι
