3960 6346
495 336 633 394 1291

492 542 708 597 nomine
758 528 959 594 Christi
1015 553 1122 591 non
1169 536 1281 602 illa,
1331 552 1451 605 qua:
1499 537 1747 600 Christus
1795 536 2070 601 docuerat,

493 628 709 686 fuerant
760 626 1013 691 assecuti,
1054 626 1146 681 sed
1192 640 1254 681 ea
1282 642 1403 696 qua:
1428 626 1643 685 fuerant
1670 642 1699 681 a
1737 624 1936 685 Judmis
1964 632 2074 679 tra-

496 720 642 781 dita;
677 733 735 777 se
759 724 936 771 autem
967 730 1165 786 cupere
1213 716 1375 771 citius
1402 718 1606 784 venire,
1637 724 1698 771 ut
1721 716 1788 771 ab
1812 714 1916 780 hac
1957 715 2078 772 illos

491 809 784 864 traditione
813 806 1176 872 abstraheret,
1201 814 1256 862 et
1282 807 1526 876 spiritale
1568 806 1675 861 illis
1723 805 1959 869 traderet
1984 802 2078 857 do-

492 917 646 967 num,
678 907 739 954 ut
785 898 1031 969 acquirat
1082 899 1204 958 illos
1230 901 1361 965 Deo,
1394 893 1685 969 participes
1713 899 1832 960 illos
1876 898 2080 954 faciens

494 991 683 1062 gratia:
710 988 993 1060 spiritalis,
1024 997 1083 1043 ut
1113 988 1168 1043 in
1196 988 1533 1058 professione
1553 996 1615 1051 ,et
1644 987 1748 1045 ﬁde
1774 1004 1872 1049 sua
1899 993 2081 1043 essent

489 1081 737 1153 perfecti,
766 1081 889 1136 ideo
916 1080 1191 1141 desiderat
1215 1087 1275 1132 ut
1299 1093 1542 1148 prtesens
1579 1080 1882 1143 doctrinam
1917 1092 2081 1141 evan-

492 1172 717 1243 gelicam
768 1186 930 1227 sensu
982 1184 1088 1239 quo
1131 1169 1336 1241 scribit,
1389 1168 1474 1236 his
1524 1171 1721 1233 tradat,
1759 1186 1829 1224 ne
1858 1168 1959 1225 sub
1984 1184 2082 1223 au-

492 1265 743 1321 ctoritate
771 1255 1076 1317 litterarum
1128 1261 1246 1331 ejus
1292 1276 1401 1327 non
1453 1260 1759 1329 auferretur
1781 1276 1957 1328 error,
1987 1261 2084 1316 sed

493 1357 817 1419 ﬁrmaretur,
849 1355 1047 1424 quippe
1072 1350 1194 1408 cum
1220 1367 1461 1422 praesens
1486 1368 1605 1422 qum
1650 1353 1831 1408 verbis
1855 1352 2084 1407 suadere

491 1460 595 1499 non
620 1452 857 1515 poterat,
885 1442 1138 1503 suaderet
1166 1442 1387 1506 virtute,
1423 1448 1481 1493 nt
1509 1442 1682 1511 magis
1706 1442 1808 1497 illis
1836 1440 2083 1509 proﬁciat

494 1534 708 1589 additis.
736 1530 931 1605 (0rig.)
960 1531 1143 1587 Primo
1170 1531 1409 1594 omnium
1438 1530 1647 1589 discere
1669 1530 1929 1607 debemus
1948 1546 2083 1601 opus

1169 334 1231 388 Β.
1272 333 1525 396 BABANI
1561 332 1782 390 MAURI
1818 330 2077 387 ARCHIE

2178 327 2484 387 MOGUNT.
2525 325 2809 388 OPERUH
2842 326 3023 384 PARS
3058 325 3146 382 Ill.

491 450 763 509 carnalem
785 447 907 505 illos
936 461 1155 509 sensum
1196 454 1475 509 assecutos
1504 446 1791 518 signiﬁcat,
1814 444 1942 513 quia
1974 444 2075 499 sub
2102 452 2155 512 Α
2178 440 2443 499 ﬁcentur‘i
2472 440 2579 495 Sed
2593 440 2696 494 hoc
2721 439 2789 493 ad
2809 423 2906 493 Dei
2932 436 3165 507 pertinet
3190 431 3621 506 prtescientiam,
3642 433 3764 501 quia

3626 320 3763 379 5299

2174 548 2309 602 quos
2332 532 2433 586 scit
2458 531 2603 587 Deus
2634 529 2847 585 futuros
2868 537 3108 595 sanctos,
3128 528 3241 599 jam
3265 529 3409 597 apud
3449 526 3607 587 illum
3639 541 3764 580 san-

2174 623 2248 677 cti
2275 630 2420 687 sunt,
2448 630 2503 676 et
2531 622 2708 677 vocati
2739 630 3095 699 permanent.
3120 619 3461 681 Prohibitum
3490 635 3550 681 se
3582 629 3765 673 tamen

2177 710 2308 768 dicit
2330 726 2501 781 usque
2529 710 2596 765 ad
2633 702 2844 779 tempus
2870 712 3012 771 datae
3058 711 3310 781 Epistolas
3349 728 3381 765 a
3414 712 3529 771 Deo
3554 710 3767 779 utique,

2176 802 2268 872 qui
2294 803 2471 858 sciens
2500 802 3000 871 adhucimparatos
3042 802 3181 868 illos,
3220 802 3288 858 ad
3315 802 3452 865 alias
3489 802 3659 857 urbes
3685 801 3766 856 di-

2178 894 2318 957 rexit
2346 893 2683 963 Apostolum,
2714 909 2835 963 quae
2856 891 2969 960 jam
2993 895 3059 949 ad
3091 893 3455 965 recipiendam
3478 894 3767 952 veritatem

2180 989 2360 1043 essent
2388 996 2632 1051 capaces,
2662 981 2910 1051 quamvis
2948 982 3045 1036 sub
3073 984 3292 1038 nomine
3319 992 3545 1054 agerent
3581 981 3767 1035 Salva-

2180 1073 2336 1137 toris,
2370 1072 2464 1136 sed
2505 1071 2653 1127 vitiis
2701 1070 3124 1140 prohibebantur
3170 1072 3498 1137 carnalibus,
3526 1087 3597 1126 ne
3622 1071 3768 1141 digni

2173 1165 2286 1236 jam
2322 1170 2504 1219 essent
2526 1162 2803 1219 addiscere
2825 1162 3109 1232 spiritalia.
3133 1164 3374 1232 Denique
3398 1162 3651 1217 volentes
3674 1161 3768 1215 alia

2181 1255 2395 1324 quando
2438 1255 2492 1312 in
2526 1252 2833 1322 Bithyniam
2878 1250 2976 1318 ire,
3026 1251 3281 1321 prohibiti
3326 1258 3450 1305 sunt
3497 1265 3528 1303 a
3577 1258 3765 1305 sancto

2184 1345 2389 1415 Spiritu
2435 1344 2634 1401 Paulus
2678 1350 2732 1397 et
2764 1340 2906 1398 Silas
2958 1341 3096 1414 (Act.
3144 1342 3278 1418 X_Vl).
3311 1341 3451 1397 Cur?
3488 1342 3595 1397 nisi
3644 1341 3761 1411 quis

2184 1440 2351 1495 sciret
2385 1438 2562 1498 adhuc
2590 1436 2841 1493 aﬁ‘ectum
2870 1437 3096 1493 deesse:
3134 1438 3279 1508 apud
3311 1437 3622 1497 Corinthios
3671 1452 3758 1491 sn-

2185 1540 2293 1585 tem
2346 1537 2716 1589 commonetur
2763 1526 3070 1599 Apostolus,
3104 1528 3315 1583 dicente
3351 1526 3612 1585 Domino:
3663 1524 3757 1590 ΙΑ-

496 1639 612 1679 eW‘
655 1623 1008 1693 apostolicum
1055 1621 1368 1677 desiderare
1392 1619 1616 1685 fratres,
1648 1615 1742 1675 sed
1775 1636 1883 1677 non
1924 1621 2086 1677 aliam
2183 1636 2361 1689 quere,
2409 1636 2472 1673 ne
2499 1618 2747 1682 tacueris,
2790 1617 2915 1687 quia
2962 1614 3187 1686 populus
3224 1616 3353 1679 mihi
3380 1615 3574 1675 multus
3606 1626 3687 1670 est
3718 1616 3766 1669 in

490 1720 559 1769 ob
576 1713 919 1778 causam,nisi
936 1711 1347 1773 utconferan'ius
1359 1711 1437 1766 eis
1452 1711 1652 1781 aliquid
1667 1713 2085 1783 donispiritalis,
2186 1710 2285 1764 hac
2332 1710 2537 1774 civitate
2566 1708 2703 1780 (Act.
2728 1706 2906 1777 XVlll).
2941 1706 3058 1760 Non
3082 1718 3210 1777 ergo
3242 1707 3409 1765 otiose
3434 1698 3769 1777 prohibitum

491 1806 535 1860 si
556 1803 950 1875 possumus,vel
965 1786 1011 1859 si
1033 1818 1137 1859 non
1155 1803 1579 1873 possumus,ipsi
1602 1812 1661 1857 ut
1680 1804 2087 1874 accipiamusab
2114 1794 2163 1856 Β
2191 1818 2251 1859 se
2279 1802 2430 1869 dicit,
2458 1803 2552 1858 sed
2590 1811 2645 1860 et
2683 1817 2877 1858 causas
2905 1816 3175 1856 morarum
3206 1802 3475 1868 discrevit;
3502 1811 3557 1858 et
3577 1803 3689 1858 hos
3708 1812 3769 1877 ,ιιι

493 1893 576 1948 his
598 1910 613 1959 ;
637 1894 752 1946 sine
780 1894 883 1947 hoc
900 1892 1046 1947 enim
1070 1907 1179 1959 non
1212 1900 1295 1955 est
1326 1891 1601 1962 probabile
1628 1893 1952 1951 desiderium
1980 1895 2088 1949 cir-
2189 1905 2249 1947 se
2281 1898 2651 1961 prmpararent
2679 1891 2997 1946 adhortatus
3016 1898 3120 1957 est,
3150 1899 3214 1945 ut
3236 1891 3513 1954 audientes
3530 1894 3763 1964 gratiam

491 1982 777 2038 cumeundi
805 1979 1021 2037 fratres.
1046 1980 1201 2049 Quod
1217 1990 1396 2036 autem
1435 1982 1532 2047 ait,
1558 1990 1614 2046 ut
1637 1980 1851 2052 aliquod
1875 1983 2085 2038 tradam
2188 1978 2288 2035 sibi
2333 1977 2630 2048 spiritalem
2674 1978 3086 2045 ministrandam
3131 1977 3271 2045 fore,
3319 1980 3505 2051 dignos
3546 1995 3606 2036 se
3649 1981 3758 2037 eﬁi—

491 2070 2086 2143 vobisdonumspiritale,videturindicareessealiquid,quod
2188 2078 2394 2135 cerent,
2431 2086 2461 2123 a
2499 2068 2647 2124 vitiis
2688 2070 2994 2125 carnalibus
3022 2069 3352 2135 abstinenlea
3385 2071 3450 2137 ad
3486 2072 3752 2141 excipien-

495 2168 695 2237 donum
723 2165 945 2235 quidem
963 2166 1052 2229 sit,
1084 2161 1394 2231 nontamen
1421 2161 1683 2231 spiritale.
1726 2162 1860 2227 Nam
1882 2164 2085 2218 donum
2186 2160 2310 2215 dam
2341 2175 2481 2215 eam.
2540 2158 2609 2217 Ut
2650 2158 2875 2227 aliquem
2921 2160 3149 2231 fructum
3188 2160 3406 2222 habeam
3442 2172 3491 2225 et
3528 2163 3584 2216 in
3620 2164 3747 2217 sebi

492 2254 617 2311 ﬁdei
647 2255 764 2310 sine
802 2254 967 2311 dubio
995 2253 1234 2325 spiritale
1260 2261 1364 2319 est,
1395 2260 1451 2307 et
1476 2254 1674 2308 donum
1705 2255 2003 2325 sapientiae,
2030 2262 2087 2310 et

490 2346 748 2411 scientiae,
778 2333 836 2401 et
855 2345 1177 2415 virginitatis
1205 2343 1489 2409 similiter;
1525 2344 1615 2398 ubi
1638 2352 1817 2398 autem
1857 2345 1987 2399 dicit
2016 2345 2084 2401 de

493 2437 698 2507 nuptiis
726 2444 786 2508 et
811 2434 1120 2506 virginitate
1163 2434 1411 2505 loquens,
1440 2432 1546 2488 Sed
1574 2435 1928 2506 unusquisque
1963 2451 2083 2505 pro—

492 2528 666 2597 prium
698 2526 847 2581 habet
876 2526 1071 2580 donum
1097 2541 1129 2579 a
1157 2524 1287 2599 Deo,
1338 2523 1477 2591 alius
1504 2526 1615 2590 -sic,
1642 2525 1780 2579 alius
1810 2536 1983 2592 autem
2005 2527 2082 2580 sic

493 2616 544 2690 (I
565 2616 688 2673 Cor.
715 2615 834 2689 vn).
861 2617 1071 2671 Donum
1099 2615 1315 2683 quidem
1347 2615 1477 2670 dicit
1503 2629 1622 2669 esse
1651 2616 1815 2670 etiam
1839 2617 2078 2686 nuptias,

491 2707 766 2777 quoniam,
801 2706 942 2761 sicut
969 2704 1229 2773 scriptum
1259 2718 1289 2757 a
1316 2703 1453 2769 Deo,
1482 2711 1696 2773 aptatur
1724 2704 1917 2758 mulier
1939 2704 2078 2771 viro,

492 2799 585 2854 sed
616 2813 723 2853 non
746 2795 889 2851 istud
915 2795 1115 2849 donum
1146 2794 1410 2873 spiritale.
1432 2794 1670 2869 Possunt
1698 2803 1750 2857 ει
1778 2795 1884 2857 alia
1913 2795 2078 2853 multa

489 2890 631 2951 dona
661 2888 757 2949 Dei
798 2886 929 2964 dici,
979 2893 1283 2965 nt,divitia3
1323 2902 1378 2961 et
1422 2892 1682 2951 fortitudo
1730 2896 1991 2964 corporis,
2023 2902 2085 2949 ut

489 2985 677 3042 formte
705 2985 889 3053 decor,
910 2991 975 3055 ut
995 2997 1219 3053 regnum
1253 2990 1510 3053 terrestre
1527 3000 1546 3060 ;_
1566 2998 1597 3037 a
1614 2984 1725 3039 Deo
1749 2984 1893 3037 enim
1916 2984 2081 3039 etiam

490 3078 604 3133 haec
629 3078 917 3145 donantur,
962 3075 1101 3143 sicut
1131 3081 1186 3128 et
1237 3073 1420 3143 Daniel
1471 3074 1601 3143 dicit
1652 3073 1812 3145 (Dan.
1838 3074 1924 3145 ιι),
1954 3074 2083 3143 quia

2183 2252 2316 2305 sicut
2350 2260 2397 2305 et
2426 2254 2485 2305 in
2514 2252 2712 2306 cteteris
2749 2250 3004 2321 gentibus.
3061 2250 3168 2318 Pro
3215 2250 3447 2308 utilitate
3490 2268 3740 2313 common

2184 2341 2435 2411 cupidum
2474 2355 2533 2417 se
2574 2335 2823 2396 veniendi
2848 2342 2914 2394 ad
2940 2340 3040 2395 hos
3065 2340 3373 2409 declaravit,
3404 2349 3464 2407 ut
3490 2341 3549 2410 hi
3575 2342 3761 2398 salutis

2184 2432 2479 2503 spiritalem
2517 2432 2746 2500 gratiam
2790 2438 3269 2501 consequerentur,
3308 2441 3482 2503 ratam
3506 2433 3760 2496 habentes

2184 2523 2308 2579 ﬁdei
2344 2538 2453 2578 suae
2481 2522 2891 2594 professionem,
2930 2532 2986 2577 ut
3015 2525 3103 2591 hic
3140 2523 3369 2588 fructum
3402 2524 3598 2590 habent
3623 2525 3757 2595 apud

2184 2613 2352 2668 Deum
2395 2614 2683 2679 ministerii
2712 2613 2815 2679 sui,
2840 2627 2938 2683 per
2963 2614 3105 2683 quod
3128 2614 3342 2681 lacessit
3360 2613 3489 2679 illos
3514 2616 3580 2669 ad
3603 2614 3755 2669 ﬁdem

2183 2711 2385 2757 rectam
2410 2742 2424 2768 ,
2474 2700 2720 2771 exemplo
2766 2709 3082 2757 caeterarum
3129 2703 3365 2772 gentium
3405 2720 3420 2756 :
3466 2703 3757 2773 promptior

2182 2792 2328 2855 enim
2356 2793 2417 2857 tit
2444 2792 2565 2869 quis
2596 2790 2660 2854 ad
2692 2806 2807 2869 rem
2836 2792 2937 2853 sibi
2967 2792 3221 2877 traditam
3240 2832 3255 2863 ,
3280 2793 3328 2852 si
3352 2791 3429 2864 illi
3459 2792 3653 2851 multus
3677 2793 3757 2853 vi.

2182 2890 2308 2952 deat
2358 2890 2645 2945 assentire.
2699 2887 2894 2949 Grtecis
2950 2899 2997 2949 et
3051 2889 3307 2955 barbaris,
3350 2891 3667 2959 sapientibus
3710 2899 3756 2944 et

2181 2981 2541 3053 insipientibus
2561 2982 2761 3036 debitor
2784 2998 2919 3036 sum.
2967 2981 3161 3053 (Ot‘igJ
3188 2981 3593 3059 Requirendum
3622 2998 3758 3039 nunc

2183 3082 2268 3129 est
2292 3074 2560 3143 quomodo
2585 3073 2873 3144 Apostolus
2905 3072 3105 3129 Graecis
3135 3082 3189 3128 et
3230 3075 3512 3140 barbaris,
3554 3077 3760 3145 sapien-

489 3170 605 3240 ipse
649 3142 779 3221 facit
808 3135 977 3235 reges
1031 3135 1084 3219 et
1138 3140 1435 3237 commutat
1466 3137 1491 3219 ε.
1634 3135 1763 3220 non
1793 3135 1920 3233 sunt
1968 3135 2084 3221 haec
2109 3135 2155 3198 Ο
2186 3135 2328 3228 tibus
2347 3173 2403 3228 et
2423 3135 2801 3234 insipientibus
2827 3164 3040 3220 debitor
3064 3173 3184 3230 est;
3216 3166 3344 3233 quid
3368 3135 3514 3220 enim
3542 3135 3759 3237 ab-ipsis

493 3263 633 3329 dona
690 3254 969 3329 spiritalia.
1016 3256 1167 3331 Beati
1224 3264 1346 3311 sunt
1374 3271 1504 3325 ergo
1555 3256 1652 3321 illi,
1686 3257 1880 3326 quibus
1918 3257 2082 3327 spiri-

495 3352 659 3408 t‘alem
690 3350 925 3421 gratiam
956 3349 1171 3404 tradere
1220 3346 1338 3402 vult
1361 3346 1671 3418 Apostolus,
1702 3348 1767 3409 ad
1794 3346 2082 3419 conﬁrma-

494 3442 699 3498 tionem
731 3439 872 3504 ﬁdei,
922 3447 983 3492 ut
1011 3438 1153 3493 ultra
1199 3435 1313 3508 jam
1366 3452 1471 3491 non
1516 3437 1624 3499 sint
1656 3436 1872 3517 parvuli
1907 3450 2083 3505 neque

491 3530 943 3589 circumferantur
971 3529 1118 3585 omni
1164 3535 1325 3584 vento
1370 3527 1649 3593 doctrinae.
1692 3527 1757 3593 1d
1798 3537 1893 3591 est,
1924 3525 2081 3581 simul

491 3621 754 3691 consolari
780 3622 835 3675 in
856 3620 995 3674 vobis
1019 3635 1111 3689 per
1130 3635 1245 3673 eam
1273 3634 1390 3688 qua:
1434 3617 1649 3673 invicem
1690 3627 1783 3679 est,
1811 3616 1969 3685 ﬁdem
1999 3632 2081 3670 ve-

491 3721 655 3766 stram
702 3718 854 3783 atque
908 3725 1099 3763 meam.
1129 3708 1332 3781 (Amb.)
1364 3708 1642 3763 Consolari
1694 3723 1753 3775 se
1805 3707 1934 3781 dicit
1956 3722 2081 3762 cum

492 3804 619 3870 illis,
644 3803 688 3858 si
737 3786 1143 3873 apprehendant
1194 3800 1477 3870 spiritalia,
1512 3799 1636 3869 quia
1672 3800 1919 3869 quamvis
1950 3814 2080 3854 con-

491 3894 726 3963 gaudeat
773 3891 895 3945 ﬁdei
949 3890 1181 3955 illorum,
1237 3889 1381 3944 dolet
1426 3900 1630 3959 tamen,
1686 3889 1813 3958 quia
1848 3904 1953 3944 non
1990 3904 2078 3944 re-

493 3988 637 4035 ctam
664 3979 1003 4049 accipiebant
1041 3978 1241 4033 ﬁdem:
1275 3970 1378 4032 hoc
1418 3974 1610 4032 aﬁectu
1631 3977 1730 4031 fuit
1769 3977 2075 4047 Apostolus,

496 4080 555 4124 ut
582 4069 755 4125 aliena
784 4069 911 4123 vitia
940 4067 1095 4136 quasi
1121 4082 1216 4121 sua
1247 4066 1473 4137 doleret,
1515 4082 1579 4122 ac
1630 4083 1728 4137 per
1759 4068 1862 4121 hoc
1886 4082 2080 4122 conso-

494 4161 689 4226 lemur,
740 4159 932 4228 inquit,
985 4174 1083 4229 per
1124 4173 1285 4235 unam
1331 4168 1492 4229 atque
1509 4159 1765 4215 eamdem
1810 4159 1988 4223 tidem,
2019 4168 2079 4215 ut

493 4258 693 4321 cuncta
726 4248 899 4320 [tunc]
932 4241 1228 4304 consolatio
1259 4264 1363 4302 una
1392 4249 1490 4315 sit,
1533 4249 1578 4303 si
1613 4250 1771 4303 unius
1811 4248 1931 4303 ﬁdei
1967 4247 2079 4303 eﬁi-

493 4345 744 4394 cerentur
764 4338 819 4393 in
841 4337 1075 4401 Christo,
1094 4345 1153 4391 ut
1173 4338 1566 4392 administratio
1587 4338 1771 4409 gratia:
1799 4338 2077 4407 spiritalis,

491 4428 894 4501 evangelizante
929 4427 1212 4498 Apostolo,
1278 4428 1421 4481 hunc
1476 4434 1761 4500 praestaret
1796 4427 2073 4505 effectum.

569 4519 694 4576 Non
716 4520 853 4575 enim
876 4518 1105 4574 arbitror
1141 4519 1383 4588 ignorare
1405 4534 1511 4579 vos,
1556 4516 1769 4585 fratres,
1794 4518 1919 4588 quia
1939 4537 2075 4590 strpe

492 4610 738 4682 propositi
764 4610 933 4665 uenire
952 4609 1021 4662 ad
1044 4625 1149 4673 vos,
1178 4618 1227 4661 et
1245 4608 1531 4678 prohibitus
1553 4625 1673 4679 sunt
1698 4625 1858 4679 usque
1880 4609 2073 4664 adhuc.

494 4700 832 4770 Propositum
878 4707 934 4754 et
976 4707 1158 4753 votum
1199 4713 1353 4752 suum
1395 4698 1648 4761 ostendit,
1687 4698 1826 4767 quod
1854 4699 2074 4768 quidem

498 4780 773 4845 scireillos
806 4803 911 4843 non
957 4786 1181 4856 ambigit
1226 4801 1324 4857 per
1367 4801 1460 4841 eos
1497 4785 1691 4842 fratres
1718 4789 1807 4857 qui
1854 4789 1921 4842 ab
1949 4788 2074 4845 Hie-

499 4880 724 4947 rusalem
751 4878 837 4933 vel
856 4877 1156 4945 conﬁnibus
1184 4877 1490 4933 civitatibus
1533 4894 1694 4933 causa
1727 4880 1926 4948 aliqua,
1944 4867 2069 4937 isive

494 4960 864 5037 reﬁgiouis‘ad
894 4964 1089 5019 Urbem
1116 4964 1425 5031 veniebant,
1471 4966 1610 5019 sicut
1634 4966 1825 5035 Aquila
1866 4976 1919 5023 et
1946 4968 2066 5022 Pri-

491 5054 661 5119 scilla,
694 5060 875 5108 Votum
905 5052 1021 5121 ejus
1048 5052 1378 5107 insinuantes
1424 5053 1717 5120 Romanis;
1766 5072 1889 5110 cum
1923 5058 2068 5111 enim

492 5160 632 5215 saepe
657 5144 814 5199 vellet
848 5142 1034 5197 venire
1070 5148 1125 5196 et
1164 5142 1559 5212 prohiberetur,
1609 5146 1687 5199 sic
1737 5146 1938 5201 factum
1962 5154 2068 5213 est,

495 5241 551 5286 ut
580 5233 839 5287 scriberet
863 5228 1180 5299 Epistolam,
1208 5224 1404 5286 ne'diu
1430 5233 1494 5287 in.
1513 5234 1653 5287 mala
1680 5222 2069 5292 exercitatione

493 5320 718 5387 detenti,
744 5334 849 5374 non
879 5307 1491 5395 facile'mrrigerentnr;
1543 5322 1739 5379 fratres
1766 5340 1857 5381 eos
1888 5337 2067 5392 vocat,

493 5425 599 5464 non
631 5408 806 5463 solum
837 5408 962 5477 quia
994 5407 1167 5463 renati
1213 5406 1390 5474 erant,
1441 5416 1534 5467 sed
1561 5414 1687 5483 quia
1726 5424 1882 5469 erant
1928 5418 2068 5471 inter

492 5510 606 5561 eos,
636 5496 761 5569 licet
786 5493 964 5565 pauci,
995 5493 1084 5564 qui
1116 5507 1265 5553 recte
1316 5499 1596 5555 sentirent.
1632 5502 1784 5559 Unde
1810 5505 1958 5570 dicit,
1988 5522 2067 5558 υο-

494 5588 623 5643 catis
670 5587 861 5639 sanctis
900 5600 917 5637 :
972 5586 1099 5655 quid
1145 5594 1320 5643 tamen
1366 5599 1449 5645 est
1500 5594 1690 5645 vocatis
1730 5595 1969 5647 sanctis?
2007 5594 2065 5661 Si

495 5675 637 5729 enim
657 5674 770 5745 jam
795 5676 970 5731 sancti
993 5686 1137 5741 sunt,
1175 5682 1441 5746 quomodo
1468 5692 1728 5736 vocantur
1782 5680 1841 5736 tit
1865 5685 2067 5739 sancti-

2183 3262 2484 3323 acceperat,
2521 3254 2662 3309 unde
2699 3254 2779 3308 eis
2815 3254 3026 3310 debitor
3056 3253 3256 3309 ﬁeret?
3305 3250 3560 3311 A'rbitror
3588 3257 3757 3311 diver-

2181 3346 2256 3399 sis
2283 3346 2500 3414 quidem
2530 3346 2778 3416 gentibus
2806 3345 2930 3401 inde
2958 3360 3078 3400 eum
3112 3345 3360 3401 eﬁ‘ectum
3400 3361 3523 3402 esse
3550 3349 3757 3409 debito-

2180 3449 2319 3495 rem,
2349 3436 2491 3503 quod
2518 3435 2757 3490 omnium
2804 3436 3045 3506 gentium
3092 3436 3287 3509 linguis
3333 3438 3511 3508 eloqui
3554 3441 3761 3511 accepit

2182 3540 2278 3594 per
2302 3526 2528 3595 gratiam
2554 3525 2785 3597 Spiritus
2806 3528 2999 3593 sancti,
3028 3527 3165 3583 sicut
3198 3538 3255 3584 et
3287 3530 3406 3600 ipse
3444 3532 3598 3597 dicit,
3629 3531 3759 3586 0m-

2181 3617 2322 3669 nium
2358 3625 2578 3669 vestrum
2608 3618 2777 3686 magis
2809 3615 2999 3686 linguis
3028 3617 3212 3689 loquar
3244 3618 3296 3691 (I
3325 3618 3449 3673 Cor.
3483 3621 3613 3693 xiv),
3634 3625 3760 3692 quia

2181 3719 2310 3775 ergo
2341 3705 2642 3775 linguarum
2673 3706 2917 3760 notitiam
2944 3716 3051 3761 non
3075 3722 3173 3777 pro
3194 3722 3252 3763 se
3282 3709 3422 3777 quis,
3439 3711 3531 3765 sed
3552 3727 3651 3782 pro
3676 3712 3763 3767 his

2180 3790 2374 3857 quibus
2419 3789 2819 3861 pradicandum
2866 3801 2953 3867 est
2997 3791 3207 3860 accipit,
3254 3792 3465 3846 debitor
3510 3796 3760 3851 omnibus

2179 3879 2285 3934 illis
2312 3878 2554 3943 etﬁcitur,
2584 3894 2809 3949 quorum
2833 3881 3041 3961 accepit
3073 3896 3103 3934 a
3126 3881 3235 3935 Deo
3262 3880 3457 3951 lingua:
3479 3885 3757 3950 notitiam;

2180 3971 2510 4040 sapientibus
2557 3980 2732 4029 autem
2774 3970 2998 4027 edicitur
3046 3973 3257 4029 debitor
3295 3989 3395 4043 per
3440 3975 3577 4045 hoc,
3617 3977 3762 4045 quod

2180 4062 2388 4131 accepit
2417 4061 2733 4133 sapientiam
2764 4063 2816 4116 in
2864 4063 3123 4135 mysterio
3161 4064 3555 4133 absconditam,
3596 4082 3759 4137 quam

2180 4151 2511 4224 perfectis_et
2542 4148 2872 4222 sapientibus
2896 4146 3240 4222 loqueretur;
3266 4155 3516 4211 similiter
3542 4165 3599 4213 et
3620 4158 3758 4212 insi-

2179 4244 2449 4313 pientibus
2475 4243 2687 4298 debitor
2713 4254 2796 4299 est
2818 4245 2871 4298 in
2892 4259 3000 4315 quo
3022 4246 3293 4315 patientiae
3312 4248 3544 4323 gratiam
3564 4258 3620 4303 et
3644 4248 3757 4303 lon-

2179 4336 2506 4404 ganimitatis
2558 4336 2795 4405 accepit;
2845 4338 3313 4404 summaaetenim
3357 4339 3633 4408 patientia:
3676 4349 3757 4395 est

2181 4426 2321 4483 ferre
2368 4427 2736 4496 insipientium
2789 4437 2985 4483 motus.
3042 4426 3290 4500 (Arnim)
3340 4427 3558 4486 Graecos
3608 4432 3754 4487 enim

2100 4475 2153 4551 Β
2177 4517 2401 4589 gentiles
2424 4475 2621 4588 porsuit,
2658 4518 2750 4572 sed
2778 4531 2870 4573 eos
2908 4518 3013 4587 qui
3044 4475 3288 4574 \Romani,
3324 4520 3588 4586 dicuntur,
3641 4524 3753 4578 sive

2177 4608 2414 4673 natione,
2441 4597 2552 4662 sive
2582 4607 2900 4677 adoptione;
2933 4606 3192 4661 barbaros
3218 4622 3351 4664 vero
3376 4622 3471 4665 eos
3525 4612 3617 4682 qui
3648 4612 3753 4669 Bo-

2173 4699 2318 4755 mani
2350 4714 2457 4753 non
2484 4706 2631 4764 sunt,
2661 4713 2886 4767 quorum
2916 4711 3083 4768 genus
3115 4698 3400 4755 adversum
3434 4712 3607 4781 estet
3644 4720 3750 4758 non

2172 4800 2296 4848 sunt
2325 4793 2570 4863 gentiles.
2617 4792 2895 4863 Sapientes
2922 4801 3102 4865 autem
3130 4793 3250 4849 illos
3283 4796 3434 4861 dixit,
3468 4799 3557 4868 qui
3587 4815 3742 4855 mun-

2171 4883 2325 4938 danis
2346 4882 2643 4937 rationibus
2661 4883 2881 4947 eruditi,
2893 4882 3162 4951 sapientes
3174 4895 3434 4941 vocantur
3454 4889 3505 4942 in
3528 4889 3746 4955 saeculo,

2170 4972 2311 5025 dum.
2339 4981 2431 5024 aut
2469 4972 2705 5026 siderum
2744 4972 3107 5040 speculatores
3140 4986 3265 5029 sunt
3287 5016 3302 5040 ,
3330 4986 3424 5031 aut
3458 4980 3746 5047 mensuris,

2169 5067 2262 5113 aut
2291 5060 2550 5126 numeris,
2577 5069 2669 5113 aut
2696 5060 2797 5113 alti
2828 5061 3192 5129 grammaticae
3212 5066 3452 5129 student,
3477 5076 3569 5122 aut
3621 5068 3745 5123 rbe-

2168 5142 2371 5212 toricte,
2404 5156 2495 5202 aut
2524 5148 2772 5214 musicae;
2805 5148 2888 5203 his
2923 5150 3171 5206 omnibus
3194 5154 3432 5208 ostendit
3463 5155 3594 5209 nihil
3632 5157 3745 5212 hac

2162 5226 2442 5314 prodesse,
2485 5255 2586 5295 nec
2622 5254 2748 5293 vere
2788 5240 3057 5310 sapientes
3102 5256 3238 5304 esse,
3290 5243 3393 5299 nisi
3440 5245 3663 5300 credant
3691 5247 3745 5303 in

2173 5318 2441 5384 Christum
2473 5349 2485 5384 :
2522 5330 2715 5386 stultos
2739 5346 2865 5386 vero
2904 5333 3004 5388 hos
3036 5333 3170 5389 dixit
3206 5335 3305 5410 qui
3347 5335 3741 5410 simplicitatem

2172 5430 2480 5488 sequentes,
2512 5421 2705 5475 harum
2737 5436 2914 5477 rerum
2943 5423 3175 5494 imperiti
3205 5404 3362 5479 sunt:
3387 5404 3471 5481 his

2172 5503 2393 5564 missum
2432 5526 2490 5566 se
2528 5512 2820 5593 praedicare
2853 5514 3099 5569 testatur;
3123 5498 3200 5569 De
3223 5513 3423 5572 ludatis
3448 5494 3741 5593 autem‘ta-

2171 5599 2302 5664 cuit,
2315 5604 2441 5670 quia
2464 5603 2717 5670 magister
2734 5587 2969 5673 dentium
2986 5613 3091 5670 est,
3117 5620 3181 5659 ac
3200 5621 3298 5674 per
3323 5607 3427 5663 hoc
3444 5587 3738 5665 debitorem

2171 5704 2229 5742 se
2254 5688 2552 5757 proﬁtetur,
2578 5690 2701 5759 quia
2729 5690 2795 5745 ad
2823 5692 2926 5748 hoc
2950 5694 3187 5764 percepit
3214 5694 3514 5754 doctrinam
3536 5709 3595 5753 ut
3628 5707 3737 5756 tra-
