3960 6318
212 385 356 448 1295

749 386 1296 443 ENARRATIONUM
1333 387 1397 443 IN
1438 384 1586 441 EPP.
1627 383 1833 441 PAULI
1868 384 1992 439 LIB.
2037 383 2077 437 l.
2118 411 2187 421 —
2220 379 2288 435 ιΝ
2328 378 2543 436 EPIST.
2584 378 2676 433 AD
2714 376 2877 431 ROM.

3312 377 3449 433 1294

209 508 327 569 dat,
346 510 402 559 et
418 517 542 559 cum
558 501 837 582 tradiderit
857 501 1119 570 acquirat.
1142 499 1343 571 (Greg.)
1369 500 1618 567 Magister
1636 513 1788 569 egre-
1813 478 2037 561 Ahabet
2094 496 2233 568 quod
2287 482 2420 550 ricta
2472 511 2611 549 mors
2655 503 2748 547 est.
2786 488 2979 563 (Orig.)
3011 490 3279 546 Deﬁniens
3330 509 3457 564 ergo

213 592 333 665 gius
374 591 705 661 sapientibus
743 600 797 645 et
838 591 1213 659 insipientibus
1252 589 1459 644 debitor
1498 598 1600 644 est.
1650 588 1785 644 Cum

213 681 561 739 Bebmorum
579 680 835 751 quosdam
857 682 1148 751 sapientes,
1178 679 1435 750 quosdam
1468 694 1594 735 vero
1622 679 1785 734 etiam

210 758 480 827 tardiores
502 772 837 836 admoneret,
864 770 968 825 illis
990 772 1054 825 de
1079 768 1435 838 completione
1456 755 1786 824 Testamenti

210 861 425 918 Veteris
449 850 692 932 loquens,
726 875 910 915 eorum
940 860 1255 928 sapientiam
1292 867 1605 929 argumento
1624 874 1785 929 supe-

210 950 370 1016 ravit,
400 950 620 1006 dicens:
654 948 807 1015 Quod
825 948 959 1035 enim
979 949 1339 1018 antiquaturet
1365 949 1597 1014 senescit,
1631 964 1789 1018 prope

207 1039 474 1109 interitum
500 1049 575 1094 est
609 1035 796 1110 (Hebr.
820 1024 970 1113 vni);
1006 1053 1129 1093 cum
1157 1036 1287 1092 vero
1337 1036 1465 1092 solis
1502 1038 1783 1110 exemplis,

209 1131 471 1202 quosdam
512 1131 802 1209 trahendos
835 1118 1089 1209 cerneret
1115 1130 1169 1185 in
1198 1130 1383 1209 eadem
1405 1130 1667 1198 exempla,
1700 1131 1789 1184 ad-

201 1222 384 1293 iunxit
408 1240 422 1277 :
450 1204 628 1278 Sancti
665 1210 894 1305 ludibria
930 1232 978 1277 et
1007 1204 1216 1276 verbera
1242 1207 1467 1294 experti,
1505 1216 1714 1291 insuper
1738 1232 1784 1276 et

207 1315 417 1370 vincula
449 1326 498 1371 et
532 1332 784 1381 carceres,
818 1315 1038 1386 lapidati
1073 1324 1217 1381 sunt,
1246 1315 1370 1369 secti
1409 1323 1553 1381 sunt,
1604 1315 1785 1368 tentati

206 1414 351 1471 sunt,
383 1406 439 1460 in
471 1401 727 1460 occisione
756 1404 919 1475 gladii
955 1404 1150 1458 mortui
1191 1413 1310 1458 sunt
1350 1402 1536 1475 (Hebr.
1580 1403 1685 1476 XI);
1731 1394 1787 1458 et

208 1511 424 1550 rursum
460 1513 473 1549 :
504 1494 1228 1567 Mementoteprtepositorum
1253 1503 1560 1571 vestrorum,
1579 1495 1668 1565 qui
1698 1511 1784 1548 vo-

207 1586 287 1640 bis
325 1585 484 1641 locuti
522 1595 643 1639 sunt
681 1576 888 1640 uerbum
916 1584 1032 1649 Dei,
1060 1601 1283 1659 quorum
1306 1585 1560 1638 intuentes
1588 1586 1781 1640 exitum

205 1675 609 1729 conversationis
648 1659 926 1729 imitamini
941 1663 948 1672 ’
963 1672 1121 1744 ﬁdem
1168 1672 1375 1747 (Ibid.),
1427 1681 1688 1744 quatenus
1728 1682 1783 1729 et

207 1764 329 1821 illos
354 1766 545 1821 victrix
573 1762 710 1822 ratio
742 1758 1030 1841 frangeret,
1060 1775 1116 1822 et
1144 1767 1277 1822 istos
1306 1766 1372 1822 ad
1405 1765 1608 1832 majora
1652 1782 1751 1823 cor
1776 1800 1777 1805 η

204 1856 465 1911 scendere
495 1855 721 1911 imitatio
740 1857 989 1912 suaderet
1009 1856 1221 1911 blanda.

277 1944 463 2016 Itaque
496 1947 633 2016 quod
671 1946 726 1999 in
762 1962 842 1999 me
870 1955 946 2001 est
975 1956 1241 2016 promptus
1268 1961 1383 1999 sum
1419 1956 1466 1999 et
1500 1947 1659 2010 vobis,
1688 1948 1778 2017 qui

205 2031 391 2089 Romae
414 2034 556 2099 estis,
594 2034 969 2118 euangelizare.
1014 2033 1249 2116 _(Ambr.)
1276 2035 1528 2115 Quamvis
1558 2036 1781 2090 missum
1822 2066 1823 2071 η

204 2138 268 2181 se
289 2112 855 2195 praedicareomnibus
883 2122 1026 2180 dicat
1050 2112 1325 2195 "gentibus,
1351 2134 1656 2195 promptum
1700 2134 1781 2181 ta-

202 2228 329 2269 men
354 2229 411 2268 se
434 2212 689 2269 Romanis
725 2216 925 2269 asserit»
948 2215 1158 2269 tradere
1202 2202 1550 2285 Evangelium
1594 2215 1780 2285 gratia:

201 2304 320 2369 Dei,
352 2306 489 2375 apud
520 2321 654 2375 quos
690 2307 837 2376 regni
874 2292 1101 2361 Romani
1132 2294 1291 2377 caput
1326 2316 1380 2361 et
1406 2308 1561 2363 sedes
1581 2303 1780 2363 est.Ad

202 2393 571 2450 membrorum
618 2396 761 2450 enim
810 2396 1093 2451 utilitatem
1137 2397 1368 2475 pertinet
1402 2397 1487 2451 vel
1516 2396 1776 2466 requiem,

202 2487 250 2541 si
304 2494 463 2558 caput
506 2487 957 2557 inquietum'non
1002 2486 1193 2552 fuerit;
1247 2487 1367 2542 ideo
1414 2487 1779 2542 Romanorum

202 2584 354 2646 Optat
388 2591 598 2646 pacem,
639 2583 698 2631 ut
728 2564 848 2632 non
878 2575 1100 2631 multum
1148 2591 1205 2631 se
1236 2575 1408 2645 iactet
1443 2576 1694 2642 Satanas,
1728 2586 1783 2632 et

201 2666 481 2722 uberiores
514 2666 719 2722 fructus
756 2668 953 2722 habeat
992 2667 1171 2738 operis
1205 2668 1326 2733 sui;
1372 2676 1675 2737 promptum
1724 2684 1781 2723 se

202 2770 324 2811 esse
366 2758 609 2819 testatur,
653 2748 829 2827 quiet
861 2756 986 2811 alibi
1027 2757 1178 2821 dieit,
1215 2756 1276 2813 Si
1310 2756 1482 2811 volens
1525 2758 1621 2810 hoc
1659 2774 1779 2827 ago,

204 2844 492 2899 mercedem
518 2846 680 2899 habeo
705 2844 755 2917 (1
782 2843 905 2900 Cor.
930 2845 1007 2916 ιι)
1032 2863 1046 2910 ;
1080 2855 1357 2915 promptus
1377 2847 1519 2901 enim
1550 2846 1671 2915 quis
1697 2856 1782 2902 est

201 2945 257 2991 et
287 2937 636 3008 prudentibus
666 2937 812 3008 loqui
838 2954 851 3003 ;
878 2938 945 2992 de
972 2938 1347 3007 insipientibus
1371 2953 1500 2992 vero
1541 2939 1779 2993 sentien-

202 3026 327 3082 dum
358 3035 437 3080 est
467 3026 615 3092 illud,
646 3026 789 3095 quod
816 3025 985 3081 dicit:
1035 3023 1093 3081 Si
1127 3036 1303 3081 autem
1325 3026 1540 3091 invitus,
1578 3028 1782 3097 dispen—

201 3118 337 3170 satio
379 3116 507 3169 mihi
544 3116 741 3170 credita
778 3118 875 3181 est,
917 3125 967 3170 et
1001 3133 1076 3171 vae
1104 3117 1241 3171 enim
1283 3118 1413 3171 mihi
1455 3125 1553 3184 est,
1592 3118 1639 3172 si
1678 3134 1781 3172 non

201 3206 615 3277 enangelizavero
642 3206 785 3278 (Ibid
792 3205 850 3279 .).

277 3297 401 3352 Non
424 3298 560 3351 enim
582 3292 822 3351 erubesco
848 3295 1205 3376 Evangelium,
1234 3300 1396 3354 uirtus
1422 3299 1561 3353 enim
1582 3298 1680 3353 Dei
1704 3297 1778 3353 est

201 3388 261 3445 in
289 3387 509 3442 salutem
556 3388 697 3441 omni
749 3387 996 3441 credenti.
1052 3387 1252 3459 (Orig.)
1284 3382 1457 3445 Multa
1486 3391 1639 3446 enim
1657 3406 1781 3461 pro-

202 3478 301 3533 bra
352 3476 609 3533 adversus
656 3476 1003 3547 Evangelium
1067 3479 1128 3533 in"
1172 3472 1325 3535 initio
1385 3482 1781 3551 prazdicationis

201 3577 390 3625 exorta
422 3574 567 3631 sunt,
596 3568 687 3622 sed
730 3566 927 3621 Paulus
954 3569 1268 3639 patientiam
1288 3558 1560 3624 'didicera‘t
1588 3576 1618 3625 a
1657 3588 1781 3642 pro-

202 3659 381 3730 phetis
410 3658 711 3713 dicentibus
736 3675 748 3710 :
787 3657 964 3713 Nolite
991 3660 1125 3713 vinci
1153 3660 1439 3730 opprobriis
1460 3678 1659 3727 eorum,
1691 3680 1781 3717 ne-

202 3764 301 3819 que
327 3748 521 3801 cedatis
564 3747 909 3816 spretionibu’s
953 3766 1132 3803 eorum
1173 3748 1305 3822 (Isa.
1330 3750 1426 3821 LI),
1472 3759 1525 3805 et
1576 3752 1782 3808 sciebat

203 3841 347 3911 quod
376 3840 723 3910 Evangelium
752 3842 1099 3911 praedicabat,
1147 3858 1255 3897 non
1297 3844 1351 3897 in
1403 3845 1660 3901 suasoriis
1686 3846 1782 3899 hu-

204 3946 379 3986 mana:
432 3932 711 4001 sapientia:
754 3933 954 3992 verbis.
1014 3936 1108 3990 sed
1160 3936 1213 3989 in
1276 3935 1473 3989 virtute
1525 3935 1777 4004 Spiritus.

206 4018 409 4090 (Δηώ.)
436 4020 562 4076 Illos
585 4029 768 4091 tangat
808 4036 839 4076 a
875 4024 1069 4092 quibus
1097 4033 1417 4095 acceperant
1447 4040 1552 4079 non
1582 4039 1782 4080 rectam

206 4108 393 4174 ﬁdem,
455 4111 818 4179 apostolorum
868 4121 1044 4167 tamen
1093 4113 1388 4169 doctrinam
1438 4112 1609 4169 virtus
1632 4131 1783 4171 com-

208 4197 518 4263 mendabat,
547 4209 605 4253 ut
627 4200 753 4269 quia
802 4201 1112 4257 incredibile
1158 4203 1439 4258 videbatur
1484 4204 1623 4272 quod
1650 4219 1783 4273 prae-

206 4286 513 4353 dicabatur,
566 4289 716 4359 signa
774 4306 837 4343 ac
886 4292 1130 4361 prodigia
1185 4292 1252 4345 ab
1302 4292 1561 4362 apostolis
1617 4292 1778 4359 facta,

208 4378 516 4433 testimonio
542 4389 745 4444 essent,
794 4396 897 4434 non
953 4379 1292 4436 ditﬁdendum
1339 4382 1403 4437 de
1448 4383 1533 4436 his
1561 4398 1681 4453 quae
1715 4384 1784 4438 ab

208 4471 314 4527 illis
342 4472 680 4537 dicebantur,
713 4473 987 4542 inquibus
1021 4482 1167 4528 tanta
1194 4476 1368 4529 virtus
1388 4475 1605 4529 inesset.
1643 4474 1779 4529 Nulli

1885 587 2012 659 quid
2042 589 2111 645 sit
2138 586 2509 655 Evangelium,
2540 586 2846 655 pronuntiat
2871 604 2883 637 :

1970 678 2144 732 Virtus
2170 677 2332 742 enim,
2358 676 2554 745 inquit,
2590 674 2683 729 Dei
2720 676 2774 728 in
2797 674 3017 729 salutem
3047 674 3187 727 omni
3206 678 3455 741 credenti,

1884 766 2073 822 Iudaeo
2097 767 2325 837 primum
2351 774 2398 818 et
2437 761 2619 818 (ἔνωεο
2682 762 2833 829 Quod
2876 764 3009 818 dixit
3036 764 3210 818 virtus
3255 763 3347 818 Dei
3375 773 3453 820 est

1887 859 1939 913 in
1978 858 2227 921 salutem,
2254 856 2466 911 videtur
2492 854 2775 910 ostendere
2800 856 2953 924 quasi
2978 856 3050 910 sit
3079 855 3257 924 aliqua
3286 856 3455 910 virtus

1885 947 2001 1013 Dei,
2039 962 2160 1017 quae
2205 961 2311 1001 non
2347 946 2418 1000 sit
2458 944 2525 999 ad
2554 944 2800 1007 saiutem,
2846 944 2939 998 sed
2965 944 3030 997 ad
3057 944 3453 1014 perditionem;

1887 1038 1989 1091 scit
2032 1038 2227 1109 quippe
2260 1044 2315 1090 et
2350 1034 2695 1105 in'propheta
2739 1033 2996 1101 scriptum
3030 1050 3173 1099 esse,
3204 1033 3273 1088 Et
3297 1051 3455 1089 eruca

1885 1127 2047 1181 virtus
2066 1144 2179 1181 mea
2196 1142 2387 1196 magna
2410 1124 2567 1195 (Joel.
2593 1123 2675 1194 ιι),
2705 1130 2758 1176 et
2783 1123 2975 1176 iterum
2998 1123 3050 1176 in
3073 1124 3296 1193 psalmis
3325 1124 3453 1191 dici,

1886 1216 1953 1271 In
1985 1218 2173 1271 virtute
2198 1226 2288 1270 tua
2309 1214 2549 1286 disperde
2583 1212 2701 1268 illos
2743 1211 2913 1284 (Psal.
2941 1213 3117 1283 LVIII),
3142 1221 3197 1268 et
3224 1213 3343 1269 ideo
3368 1214 3457 1271 hic

1886 1306 2017 1363 dicit
2038 1306 2199 1361 virtus
2226 1303 2319 1358 Dei
2338 1306 2395 1359 in”
2430 1303 2677 1373 salutem.
2715 1301 3013 1356 Videndum
3039 1290 3143 1365 est,
3192 1293 3457 1366 ne‘forte,

1884 1410 1982 1467 per
2008 1396 2141 1451 istas
2164 1395 2422 1449 virtutum
2451 1393 2549 1448 Dei
2577 1391 2927 1456 differentias,
2955 1390 3144 1445 dextra
3166 1398 3218 1445 et
3242 1389 3461 1446 sinistra

1883 1486 1940 1541 in
1982 1487 2090 1541 Deo
2120 1483 2437 1555 appelletur,
2470 1490 2529 1536 ut
2550 1482 2720 1535 virtus
2748 1482 2799 1535 in
2825 1480 3048 1535 salutem
3076 1480 3295 1535 dextera
3319 1481 3457 1553 ejus,

1882 1585 1938 1631 et
1961 1577 2133 1630 virtus
2172 1576 2225 1629 in
2270 1588 2377 1643 qua
2419 1571 2697 1642 disperdit,
2744 1571 2963 1625 sinistra
3012 1571 3237 1625 dicatur.
3269 1570 3459 1626 Judteo

1882 1666 2106 1733 primunt
2125 1673 2173 1718 et
2198 1661 2382 1718 Grteco
2412 1660 2635 1733 (Amb.).
2669 1661 2726 1716 ιιι
2765 1669 2885 1727 est;
2911 1661 3035 1716 huic
3054 1663 3141 1732 qui
3169 1677 3236 1718 ex
3264 1678 3461 1734 genere

1881 1763 1963 1810 est
1989 1754 2237 1818 Abrahae,
2269 1761 2325 1809 et
2345 1753 2473 1808 huic
2498 1750 2682 1823 qui‘ex
2710 1752 2991 1823 gentibus;
3019 1753 3072 1807 in
3101 1752 3289 1809 Graeco
3314 1757 3456 1810 enim

1810 1850 1848 1907 ἀ
1876 1844 2130 1915 gentilem
2162 1841 2449 1914 signiﬁcat,
2495 1842 2551 1896 in
2586 1840 2771 1896 Judmo
2815 1857 2942 1897 vero
2994 1856 3115 1897 eum
3145 1843 3234 1912 qui
3265 1859 3331 1899 ex
3368 1860 3460 1915 ge-

1881 1950 2011 1989 nere
2040 1934 2110 1988 sit
2147 1931 2399 1997 Abrahaa,
2429 1946 2553 1985 nam
2592 1929 2760 1985 Judzei
2790 1946 2859 1986 ex
2890 1941 3131 2001 tempore
3153 1931 3303 1987 Juda:
3349 1933 3458 1986 Ma-

1882 2023 2085 2079 chabaai
2107 2021 2531 2093 dicicmperunt,
2561 2020 2729 2091 quiin
2770 2035 2933 2076 causa
2964 2020 3133 2076 cladis
3154 2022 3351 2076 restitit
3375 2038 3461 2078 sa-

1882 2116 2116 2187 crilegiis
2142 2106 2404 2184 gentium,
2431 2123 2485 2168 et
2510 2113 2705 2169 ﬁducia
2737 2112 2829 2167 Dei
2866 2113 3079 2183 collegit
3106 2114 3379 2183 populum,
3403 2123 3461 2171 et

1881 2206 2117 2262 defendit
2166 2219 2334 2275 genus
2382 2219 2538 2258 suum
2574 2222 2585 2258 τ
2621 2204 2721 2258 fuit
2768 2213 2946 2258 autem
2988 2219 3053 2258 ex
3089 2192 3213 2259 ﬁliis
3252 2205 3453 2261 Aaron.

1881 2294 2140 2363 Quamvis
2166 2308 2293 2364 ergo
2326 2301 2603 2363 praeponat
2631 2291 2872 2347 Judaeum
2903 2308 3064 2347 eausa
3097 2275 3347 2361 Patrum,
3380 2306 3455 2351 ta-

1881 2400 2005 2439 men
2046 2382 2296 2437 similiter
2322 2382 2485 2436 etiam
2509 2382 2683 2451 ipsum
2706 2380 2945 2451 indigere
2966 2381 3097 2436 dicit
3120 2383 3258 2437 dono
3287 2382 3463 2439 Evan-

1882 2475 2005 2546 gelii
2054 2474 2278 2529 Christi.
2308 2470 2363 2527 Si
2396 2486 2526 2542 ergo
2555 2480 2610 2526 et
2632 2469 2849 2527 Judteus
2873 2486 2980 2525 non
3004 2470 3334 2541 justiﬁeatur
3354 2474 3459 2529 nisi

1881 2582 1979 2637 per
2012 2565 2173 2621 ﬁdem
2198 2564 2395 2620 Christi
2428 2562 2576 2629 Jesu,
2600 2563 2729 2634 quid
2754 2578 2888 2634 opus
2926 2572 3010 2620 est
3033 2580 3151 2620 esse
3179 2566 3278 2620 sub
3302 2564 3463 2638 lege?

1815 2655 1823 2661 ’
1882 2654 2079 2727 (0rig.)
2104 2654 2209 2710 Sed
2234 2670 2407 2724 neque
2440 2654 2702 2709 silendum
2732 2664 2836 2720 est,
2861 2654 3002 2724 quod
3026 2654 3199 2712 (ἕτωοὶ
3226 2657 3460 2727 primum

1882 2748 2090 2803 duabus
2120 2747 2572 2818 appellationibus
2615 2760 2776 2823 omne
2803 2748 3077 2803 hominum
3126 2762 3459 2807 censuerunt

1880 2842 2068 2912 genus,
2100 2840 2152 2893 id
2176 2847 2279 2903 est,
2304 2838 2391 2894 vel
2419 2837 2665 2895 Graecum
2695 2840 2934 2895 dicentes
2958 2854 3079 2895 esse
3106 2832 3461 2912 unumquem-

1881 2946 1986 3000 que
2010 2930 2094 3003 vel
2126 2928 2455 2995 Barbarum,
2486 2938 2541 2985 et
2563 2929 2837 2985 distinctio
2883 2945 3070 2985 eorum
3113 2930 3234 2985 talis
3268 2932 3458 2999 fuerat,

1881 3029 1944 3075 ut
1961 3020 2141 3075 omnis
2158 3019 2251 3089 qui
2275 3020 2495 3075 Graecus
2516 3036 2622 3075 non
2650 3028 2813 3085 esset,
2843 3018 3113 3075 Barbarus
3142 3022 3459 3091 haberetur;

1884 3113 1976 3169 sed
2002 3111 2173 3167 multo
2205 3111 2418 3167 veriore
2439 3111 2783 3167 distinctione
2812 3112 2980 3166 utitur
3001 3111 3218 3179 Paulus,
3248 3113 3462 3171 Iudaeos

1809 3195 1855 3260 C
1887 3206 2062 3277 primo
2102 3206 2288 3261 dicens
2325 3214 2381 3260 et
2406 3206 2743 3274 postmodum
2766 3204 3004 3273 Graecos,
3032 3217 3303 3278 postremo
3331 3209 3463 3267 Bar-

1877 3296 2071 3351 baros:
2095 3310 2219 3351 cum
2243 3296 2387 3350 enim
2411 3294 2604 3359 Graeci,
2638 3296 2763 3364 quia
2785 3295 2889 3364 ipsi
2915 3296 3122 3367 legibus
3150 3282 3455 3365 uteban'tur,

1879 3400 2067 3441 omnes
2086 3385 2327 3455 reliquos
2352 3393 2604 3455 tanquam
2645 3400 2764 3441 sine
2802 3384 3009 3456 legibus
3060 3388 3301 3445 viventes
3324 3391 3460 3446 Bar-

1878 3477 2037 3533 baros
2066 3476 2425 3548 appellarunt,
2452 3476 2645 3530 merito
2665 3474 2833 3530 Judaei
2856 3476 3017 3530 etiam
3048 3477 3147 3545 ipsi
3172 3477 3374 3534 Graecis
3392 3480 3459 3534 ab

1879 3570 2135 3641 Apostolo
2166 3567 2547 3640 prmferuntur,
2573 3566 2698 3638 quia
2728 3574 2783 3620 et
2805 3560 3104 3636 ante'ipsos
3143 3567 3349 3637 legibus
3377 3571 3458 3623 vi-

1879 3682 2005 3721 vere
2026 3671 2324 3735 cmperunt,
2359 3666 2415 3715 et
2452 3661 2593 3732 leges
2635 3673 2822 3715 eorum
2847 3674 2876 3712 a
2905 3658 3016 3714 Deo
3043 3669 3098 3719 et
3134 3675 3239 3715 non
3270 3661 3339 3717 ab
3360 3662 3459 3716 ho-

1880 3756 2115 3812 minibus
2143 3752 2494 3825 promulgata:
2515 3759 2656 3805 sunt.

1950 3848 2166 3903 Iustitia
2188 3847 2325 3900 enim
2369 3844 2465 3897 Dei
2488 3844 2541 3897 in
2585 3860 2644 3896 eo
2668 3841 2946 3906 revelatur,
2980 3857 3043 3894 ea:
3065 3841 3171 3909 ﬁde
3198 3843 3252 3894 in
3276 3842 3454 3909 ﬁdem.

1883 3939 2087 4011 (Amb.)
2118 3936 2229 3991 Hoc
2256 3936 2386 3989 dicit
2414 3934 2539 4003 quia
2578 3933 2631 3985 in
2654 3930 2742 3985 illo
2766 3931 2857 3999 qui
2884 3928 3075 3994 credit,
3104 3930 3217 3984 sive
3243 3928 3458 3986 Judmus

1878 4020 1975 4092 ‘sit,
2014 4027 2128 4081 sive
2171 4023 2412 4087 Graecus,
2456 4021 2665 4092 justitia
2712 4020 2810 4074 Dei
2844 4018 3143 4073 'revelatur.
3186 4018 3458 4074 Justitiam

1883 4118 2034 4182 dicit,
2062 4116 2186 4185 quia
2212 4114 2375 4185 gratis
2396 4110 2655 4183 justiﬁcat
2682 4111 2897 4181 impium
2927 4126 3017 4179 per
3039 4109 3195 4177 ﬁdem
3222 4110 3333 4164 sine
3347 4127 3457 4180 ορε.

1883 4209 2027 4263 ribus
2056 4207 2183 4277 legis
2225 4203 2367 4277 (Gal.
2396 4202 2478 4274 It),
2516 4203 2655 4256 sicut
2683 4200 2807 4254 alibi
2842 4200 2990 4264 dicit,
3042 4208 3097 4251 ut
3142 4200 3377 4252 inveniar
3404 4201 3456 4253 in

1882 4301 1975 4353 illo
2009 4316 2111 4353 non
2145 4300 2339 4351 habens
2371 4311 2539 4349 meam
2560 4294 2846 4363 justitiam,
2870 4308 2985 4362 quce
3014 4308 3077 4345 ea:
3103 4291 3210 4363 lege
3238 4302 3336 4357 est,
3367 4294 3457 4347 sed

1884 4391 2030 4445 illam
2050 4406 2165 4461 qua:
2194 4405 2259 4443 ex
2281 4388 2385 4456 ﬁde
2411 4398 2505 4441 est.
2535 4386 2664 4453 Quae
2687 4399 2754 4439 ex
2778 4386 2885 4439 Deo
2908 4392 2992 4438 est
3017 4383 3225 4451 justitia
3250 4386 3303 4439 in
3334 4386 3455 4450 ﬁde,

1884 4480 2055 4548 ipsam
2092 4476 2359 4546 justitiam
2417 4475 2549 4529 dicit
2595 4472 2819 4528 revelari
2862 4473 2913 4526 in
2958 4470 3248 4543 Evangelia
3274 4515 3288 4540 ,
3331 4476 3458 4529 dum

209 4563 353 4616 enim
378 4562 595 4617 dubium
632 4558 793 4617 verba
819 4565 1007 4619 virtuti
1032 4566 1239 4629 cedere,
1274 4581 1335 4621 ac
1363 4581 1458 4635 per
1494 4557 1614 4631 hoc,
1646 4582 1782 4635 quo-
1808 4542 1860 4602 D
1887 4542 2048 4625 donat
2070 4542 2274 4623 homini
2298 4567 2588 4636 lidem,per
2605 4581 2763 4635 quam
2779 4542 3134 4631 justiﬁcetur;
3161 4567 3460 4621 ostenditur

208 4651 356 4705 niam
406 4650 621 4705 illorum
666 4653 809 4707 nulla
865 4655 979 4710 visa
1024 4665 1139 4710 erat
1190 4656 1446 4724 potentia,
1479 4656 1787 4724 praedicatio

209 4740 427 4795 illorum
452 4742 569 4797 sine
596 4744 793 4797 virtute
837 4745 929 4800 Dei
979 4755 1115 4811 erat,
1167 4747 1389 4814 ideoque
1427 4762 1532 4800 non
1577 4762 1635 4801 se
1660 4748 1787 4802 dicit

210 4830 531 4890 erubescere
582 4836 922 4906 Evangelium
974 4837 1091 4902 Dei,
1150 4836 1269 4892 illus
1348 4846 1528 4892 autem
1595 4839 1787 4892 erube—

213 4937 409 4987 scere,
472 4925 595 4992 quia
644 4926 786 4992 quod
850 4925 954 4981 illis
1018 4928 1312 4982 tradiderat
1380 4929 1433 4981 in
1497 4930 1788 4997 reprehen-

212 5012 420 5070 sionem
455 5014 721 5080 veniebat,
752 5031 851 5070 nec
890 5032 1159 5086 quoquam
1206 5019 1510 5073 testimonio
1536 5001 1785 5075 ﬁrm-aba-

214 5110 328 5165 tur,
357 5110 413 5156 et
458 5103 799 5159 discordabat
846 5122 876 5160 a
926 5104 1169 5162 doctrina
1228 5109 1556 5178 apostolica;
1615 5111 1799 5181 virtus

217 5192 381 5262 igitur
405 5193 498 5247 Dei
523 5203 627 5258 est,
659 5211 778 5265 quae
806 5196 994 5250 invitat
1024 5198 1090 5251 ad
1120 5199 1297 5264 ﬁdem,
1338 5208 1391 5253 et
1419 5201 1511 5253 dat
1560 5200 1781 5253 salutem

217 5282 363 5338 omni
392 5284 650 5349 credenti,
681 5286 805 5339 dum
837 5295 1057 5355 peccata
1085 5288 1273 5353 donat;
1292 5298 1346 5343 et
1362 5288 1642 5358 justiﬁcat,
1676 5296 1782 5340 uta

216 5372 451 5428 secunda
480 5382 652 5428 morte
675 5374 901 5429 detineri
924 5391 1028 5430 non
1070 5376 1239 5447 possit
1264 5380 1503 5448 signatus
1529 5377 1783 5447 mysterio

219 5463 434 5526 crucis;
464 5465 772 5531 praedicatio
796 5466 938 5520 enim
968 5469 1144 5522 crucis
1194 5469 1391 5523 ChriSti
1422 5464 1675 5521 indicium
1704 5474 1788 5522 est

223 5552 409 5607 mortis
439 5552 647 5619 evictte,
668 5554 878 5611 dicente
904 5558 1144 5626 apostolo
1167 5556 1371 5613 Joanne
1399 5557 1451 5628 (1
1474 5558 1632 5611 Joan.
1660 5558 1742 5628 ιιι)
1769 5575 1782 5610 :

223 5648 303 5703 Ad
314 5648 409 5701 hoc
428 5647 564 5701 enim
593 5652 726 5703 venit
758 5650 928 5705 Filius
948 5650 1068 5715 Dei,
1088 5662 1145 5705 ut
1167 5652 1381 5707 solveret
1395 5668 1549 5721 opera
1569 5652 1783 5715 diaboli,

226 5749 279 5793 ut
308 5738 474 5793 omnis
516 5739 726 5795 credens
770 5758 873 5797 non
911 5754 1146 5799 teneatur
1166 5762 1198 5799 a
1219 5752 1399 5807 morte,
1434 5742 1557 5812 quia
1584 5742 1787 5811 signum

1887 4665 2031 4719 enim
2060 4665 2111 4717 in
2148 4676 2213 4715 eo
2252 4662 2451 4714 veritas
2493 4666 2548 4711 et
2587 4656 2795 4726 justitia
2852 4655 2978 4719 Dei,
3023 4657 3147 4710 dum
3202 4659 3373 4712 credit
3406 4669 3462 4714 et

1886 4756 2169 4826 prolitetur
2196 4770 2209 4804 ε
2234 4749 2440 4819 justitia
2466 4754 2548 4801 est
2569 4746 2685 4809 Dei,
2713 4744 2836 4815 quia
2860 4745 2999 4813 quod
3021 4747 3269 4815 promisit
3290 4747 3454 4811 dedit,

1890 4848 2010 4901 ideo
2050 4841 2274 4897 credens
2325 4840 2429 4894 hoc
2483 4853 2602 4892 esse
2650 4852 2708 4891 se
2752 4844 3095 4890 consecutum
3151 4839 3290 4904 quod
3336 4855 3459 4907 pro-

1890 4939 2111 4992 miserat
2163 4933 2303 4987 Deus
2358 4948 2453 5001 per
2508 4930 2795 5000 prophetas
2853 4941 2979 4981 suos
3033 4925 3229 4994 justum
3288 4928 3457 4983 Deum

1891 5030 2116 5101 probat,
2159 5035 2213 5081 et
2274 5025 2425 5079 testis
2464 5022 2673 5092 justitia
2718 5018 2852 5086 ejus.
2920 5018 3001 5072 Ea:
3029 5018 3133 5087 ﬁde
3173 5019 3228 5074 in
3280 5021 3455 5088 ﬁdem,

1890 5121 2016 5191 quid
2053 5117 2205 5187 aliud,
2233 5123 2317 5170 est
2346 5154 2361 5179 ,
2418 5128 2483 5167 ex
2522 5111 2624 5180 ﬁde
2684 5110 2740 5163 in
2782 5109 2967 5177 ﬁdem,
3020 5110 3121 5162 nisi
3162 5110 3284 5177 quia
3327 5111 3457 5165 ﬁdes

1891 5213 1988 5268 Dei
2023 5220 2106 5267 est
2145 5212 2200 5265 in
2238 5224 2302 5261 eo
2339 5247 2353 5271 ,
2414 5204 2555 5274 quod
2612 5204 2677 5257 de
2730 5217 2787 5256 se
2835 5216 2954 5255 esse
3003 5202 3331 5269 repromisit.
3392 5203 3457 5255 Et

1891 5303 2023 5357 ﬁdes
2076 5297 2308 5355 hominis
2357 5295 2448 5363 qui
2492 5291 2661 5347 credit
2706 5290 3033 5366 promittenti
3062 5330 3077 5354 ,
3137 5300 3197 5343 ut
3247 5306 3312 5345 ex
3356 5294 3459 5346 fide

1889 5392 1982 5460 Dei
2027 5386 2408 5461 promittentis,
2461 5385 2514 5437 in
2558 5382 2715 5436 ﬁdem
2771 5382 3002 5436 hominis
3047 5382 3317 5437 credentis
3363 5383 3460 5438 Dei

1882 5483 2090 5554 justitia
2142 5476 2437 5539 reveletur;
2490 5474 2543 5527 in
2601 5472 2853 5553 credente
2906 5472 3049 5525 enim
3103 5470 3281 5539 justus
3314 5472 3455 5526 Deus

1890 5580 2140 5645 apparet,
2176 5570 2232 5624 in
2259 5582 2324 5622 eo
2350 5575 2527 5620 autem
2565 5564 2654 5633 qui
2696 5578 2801 5617 non
2822 5563 3014 5627 credit,
3045 5563 3271 5632 iujustus
3310 5562 3461 5615 vide.

1892 5674 2008 5722 tur:
2035 5670 2193 5734 negat
2211 5660 2356 5715 enim
2378 5669 2621 5710 veracem
2648 5652 2839 5718 Deum,
2856 5653 2946 5722 qui
2969 5668 3073 5705 non
3096 5651 3265 5706 credit
3286 5649 3454 5705 Deum

1893 5757 2104 5812 dedisse
2126 5751 2267 5823 quod
2300 5747 2565 5819 promisit.
2599 5744 2710 5801 Hoc
2740 5751 2925 5799 contra
2955 5739 3167 5795 Judaeos
3195 5740 3449 5811 loquitur,
