3960 6350
1104 403 1168 458 Β.
1211 401 1463 457 RABANl
1498 400 1720 459 MAUN
1757 398 2076 457 ARCHIEP.
2116 401 2424 458 MOGUNT.
2466 402 2750 459 UPERUM
2790 402 2967 458 PARS
3004 404 3088 458 Ill.

468 534 559 601 qui
587 541 785 604 negant
810 532 957 587 hunc
976 545 1095 587 esse
1120 530 1395 585 Christum
1423 545 1583 600 quem
1608 529 1857 601 promisit
1876 529 2040 584 Deus.
2072 517 2119 573 Α
2149 510 2401 572 Claram",
2434 509 2501 564 de
2533 510 2864 604 εδβίεηῑίβυε
2890 509 3050 604 δυιῖξιδ
3078 511 3367 604 ηιυηάίηεῑ
3399 512 3633 568 eruditis
3656 516 3733 571 Vel

429 680 438 693 ,
470 621 617 677 Sicut
652 624 901 693 scriptum
931 632 1033 685 est,
1070 621 1248 691 justus
1287 631 1463 675 autem
1486 637 1565 675 ἐκ
1594 621 1696 690 fide
1725 620 1864 675 vivit.
1907 618 2045 674 Pro-

467 724 652 786 pterea
683 716 751 769 ad
785 713 1087 782 exemplum
1116 714 1319 784 prophe
1360 729 1393 768 ε
1428 713 1680 768 Habacuc
1704 711 1940 785 (Habac.
1970 711 2045 782 ιι)

465 822 529 865 se
553 807 841 871 convertit,
873 813 934 859 ut
958 804 1260 860 declararet
1284 820 1315 859 o
1376 820 1413 858 ιι
1449 813 1723 859 ostensum
1745 800 1951 870 justum
1980 815 2047 856 ex

468 898 573 953 fide
598 912 703 952 non
739 913 807 953 ex
836 897 951 966 lege
976 897 1187 960 vivere,
1231 897 1317 949 hor
1374 906 1474 961 est,
1504 911 1570 951 ne
1634 894 1919 965 justificari
1951 895 2050 950 ho-

466 987 667 1043 minem
694 987 835 1057 apud
864 987 1032 1040 Deum
1065 1002 1159 1055 per
1193 986 1326 1056 leget
1383 1026 1397 1051 ,
1441 986 1538 1040 sed
1613 1000 1673 1039 er
1703 985 1859 1039 ﬁdem
1900 1003 1911 1037 ε
1940 985 2049 1039 vita

464 1079 608 1133 enim
638 1093 703 1132 ex
747 1076 852 1131 ﬁde
892 1091 996 1131 non
1026 1077 1141 1131 hzee
1164 1091 1333 1147 praise
1376 1090 1401 1131 s
1434 1084 1537 1137 est,
1593 1076 1667 1129 .ed
1696 1074 1894 1140 futura,
1922 1076 2049 1145 quia

463 1166 638 1235 iustus
658 1181 726 1239 ex
753 1166 858 1221 fide
892 1167 1055 1233 vivit,
1087 1167 1179 1221 sed
1207 1180 1325 1234 aput
1385 1165 1575 1220 Deum.
1608 1164 1889 1219 Revelatur
1913 1168 2047 1219 enim

463 1257 546 1309 ira
564 1255 662 1310 Dei
688 1255 753 1309 de
772 1254 896 1309 calo
918 1270 1074 1323 super
1095 1270 1299 1308 omnem
1326 1273 1338 1307 ι
1381 1255 1642 1323 tpietatem
1664 1263 1711 1308 et
1735 1253 2050 1322 injustitiam

461 1344 731 1397 hominum
759 1343 946 1396 horum
978 1342 1067 1411 qui
1090 1343 1354 1396 veritatem
1400 1341 1497 1396 Dei
1540 1343 1596 1396 in
1649 1341 1911 1410 injustitia
1956 1343 2047 1396 de-

460 1434 645 1487 tinent.
674 1431 826 1488 Sicut
850 1432 996 1487 enim
1026 1432 1081 1486 in
1112 1430 1203 1487 illo
1251 1432 1343 1503 qui
1369 1431 1576 1498 credit,
1605 1430 1814 1500 justitia
1846 1433 1940 1487 Dei
1963 1450 2050 1489 re-

461 1522 689 1587 velatur,
720 1522 860 1577 sicut
882 1537 1046 1591 supra
1072 1523 1399 1587 memoravi,
1435 1522 1510 1575 ita
1535 1528 1590 1576 et
1642 1521 1697 1575 in
1724 1538 1789 1577 eo
1820 1523 1913 1592 qui
1940 1538 2046 1578 non

460 1617 651 1680 credit,
679 1617 929 1686 impietas
955 1625 1011 1671 et
1036 1614 1298 1685 injustitia
1321 1616 1612 1671 revelatur.
1645 1616 1727 1671 Ex
1756 1618 1872 1687 ipsa
1904 1620 2048 1674 enim

460 1708 582 1763 coeli
609 1707 813 1763 fabrica
843 1708 1014 1762 iratus
1042 1707 1147 1761 illis
1192 1708 1333 1761 Deus
1375 1708 1621 1771 videtur;
1668 1708 1869 1763 idcirco
1905 1710 2047 1763 enim

461 1809 569 1854 tam
591 1799 813 1870 pulchra
841 1807 986 1854 astra
1010 1798 1132 1855 coeli
1166 1798 1438 1864 condidit,
1466 1807 1526 1852 ut
1561 1814 1628 1853 ex
1672 1799 1757 1852 his
1782 1808 2044 1867 quantus,

459 1900 515 1945 et
541 1906 705 1960 quam
731 1890 1068 1947 admirabilis
1096 1898 1310 1945 creator
1333 1902 1521 1943 eorum
1547 1898 1648 1955 est,
1687 1890 1856 1959 possit
1885 1904 2049 1959 agno-

461 1980 539 2034 sci
570 1979 794 2035 etsolus
825 1979 1061 2045 adorari,
1094 1980 1236 2035 unde
1259 1980 1519 2049 scriptum
1550 1980 1604 2033 in
1626 1979 1836 2050 psalmo
1856 1989 2050 2034 octavo

457 2070 667 2125 decimo
708 2085 723 2123 ε
766 2070 894 2125 ϐωιὶ
928 2081 1179 2125 enarrant
1215 2071 1439 2141 gloriam
1482 2070 1600 2134 Dei,
1640 2080 1689 2124 et
1732 2087 1890 2139 opera
1935 2088 2052 2125 ma-

458 2176 619 2213 nuum
633 2160 747 2229 ejus
760 2160 1041 2215 annuntiat
1055 2160 1464 2228 ﬁrmamentum.
1484 2158 1588 2212 Per
1608 2158 1907 2212 naturalem
1921 2174 2050 2229 ergo

457 2251 629 2322 legem
650 2268 804 2307 reum
826 2251 957 2307 facit
980 2266 1150 2321 genus
1170 2252 1447 2305 hominum
1476 2267 1489 2315 ;
1515 2258 1807 2319 potuerunt
1827 2250 1970 2305 enini
1996 2251 2051 2304 id

456 2356 554 2411 per
579 2341 752 2410 legem
773 2349 981 2395 natura:
1010 2338 1436 2409 apprehendere,
1463 2338 1667 2392 fabrica
1686 2337 1871 2391 mundi
1902 2338 2053 2393 testi-

456 2432 652 2488 ficante
704 2440 980 2487 auctorem
1048 2430 1217 2485 Deum
1264 2429 1438 2483 solum
1493 2429 1861 2498 diligendum,
1908 2428 2051 2496 quod

456 2524 878 2595 Moyseslitteris
898 2522 1139 2577 tradidit.
1167 2519 1351 2594 (Aug.)
1376 2518 1525 2586 Quod
1541 2528 1719 2573 autem
1735 2518 1889 2583 dicit,
1912 2534 2052 2571 reve-

454 2616 600 2668 latur
626 2614 710 2667 ira
735 2613 835 2667 Dei
866 2612 930 2665 de
959 2612 1084 2666 caelo
1108 2627 1265 2681 super
1291 2624 1495 2663 omnem
1525 2608 1862 2676 impietatem,
1897 2606 1974 2659 ait
1997 2614 2053 2660 et

457 2707 713 2763 Salomon
746 2708 813 2762 de
837 2707 1175 2776 sapientibus
1203 2704 1387 2759 mundi
1420 2702 1583 2773 (Sap.
1612 2701 1745 2772 xm)
1774 2722 1785 2755 :
1818 2701 1874 2756 Si
1905 2702 2050 2756 enim

456 2804 669 2852 tantum
689 2804 982 2867 potuerunt
1002 2795 1142 2850 scire
1165 2802 1223 2848 ut
1244 2793 1749 2865 possentmstimare
1771 2793 2047 2858 szcculum,

458 2889 729 2960 quomodo
759 2888 928 2957 ipsius
979 2887 1166 2941 mundi
1209 2886 1495 2942 Dominum
1527 2893 1582 2941 et
1612 2894 1913 2941 creatorem
1944 2902 2048 2941 non

455 2980 668 3037 facilius
696 2981 1057 3035 invenerunt?
1090 2980 1195 3035 Sed
1220 2994 1358 3049 quos
1395 2980 1572 3049 arguit
1597 2977 1877 3041 Salomon,
1908 2977 2060 3046 quod.

456 3088 565 3128 non
588 3079 952 3142 cognoverunt
970 3084 1066 3140 per
1087 3078 1393 3125 creaturam
1418 3069 1751 3132 Creatorem,
1768 3068 1866 3122 hos
1886 3067 2050 3121 etiam

456 3164 635 3234 arguit
661 3163 980 3234 Apostolus,
1029 3177 1136 3217 non
1183 3163 1309 3231 quia
1354 3176 1462 3215 non
1504 3168 1909 3231 cognoverunt,
1956 3160 2048 3213 sed
2079 3197 2124 3260 Ο

457 3253 658 3324 gratias
700 3268 809 3307 non
837 3260 1096 3323 egerunt,
1136 3260 1192 3305 et
1221 3251 1463 3306 dicentes
1496 3265 1555 3305 se
1593 3265 1713 3306 esse
1744 3249 2049 3319 sapientes,

457 3342 611 3399 stulti
641 3341 771 3396 facti
802 3349 949 3405 sunt,
979 3350 1033 3395 et
1054 3342 1119 3396 ad
1144 3340 1368 3395 colenda
1391 3339 1683 3394 simulacra
1710 3340 2051 3395 deciderunt.

458 3433 594 3488 Nam
624 3432 898 3504 sapientes
931 3432 1174 3503 gentium
1204 3434 1349 3501 quod
1388 3433 1696 3488 invenerint
1736 3434 2054 3487 Creatorem

458 3521 745 3578 manifeste
771 3522 911 3577 idem
934 3521 1240 3591 Apostolus,
1268 3537 1391 3577 cum
1419 3510 1842 3577 Atheniensibus
1869 3522 2055 3591 loque-

460 3619 629 3676 retur,
659 3611 930 3675 ostendit;
962 3626 1083 3665 cum
1113 3611 1260 3665 enim
1291 3611 1551 3674 dixisset,
1582 3610 1709 3680 quia
1749 3610 1804 3664 in
1835 3612 1947 3681 ipso
1984 3612 2055 3665 vi-

459 3703 625 3755 vimus
644 3710 692 3755 et
718 3717 986 3756 movemur
1011 3711 1057 3755 et
1085 3718 1266 3755 sumus
1296 3700 1433 3771 (Act.
1467 3699 1622 3770 ιινιι),
1648 3700 1883 3755 addidit:
1905 3698 2053 3755 Sicut

455 3802 506 3848 et
546 3793 762 3864 quidam
795 3792 1083 3847 secundum
1122 3809 1211 3847 vos
1248 3793 1511 3847 dixerunt.
1544 3790 1656 3846 Hac
1676 3800 1854 3847 autem
1882 3793 2054 3847 inten-

458 3885 603 3940 tione
627 3883 777 3954 prius
802 3884 981 3954 arguit
1002 3883 1330 3953 impietatem
1354 3884 1616 3951 gentium,
1640 3892 1698 3936 ut
1715 3897 1781 3936 ex
1809 3884 1911 3938 hoc
1930 3899 2053 3952 pro-

455 3975 548 4030 bet
569 3975 734 4029 ctiam
759 3974 824 4028 ad
838 3974 1070 4044 gratiam
1096 3988 1254 4043 posse
1272 3974 1582 4045 pertingere
1606 3989 1933 4039 conversos;
1965 3975 2048 4027 in-

409 4104 414 4109 .
450 4065 659 4135 justum
681 4073 763 4117 est
785 4063 930 4117 enim
952 4071 1239 4131 utpoenam
1262 4064 1489 4117 subeant
1510 4064 1820 4133 impietatis,
1842 4073 1898 4119 et
1918 4080 2050 4133 pra:-
2076 4110 2077 4113 η

456 4152 625 4205 mium
651 4151 776 4206 fidei
806 4165 914 4205 non
941 4150 1226 4219 accipiant.
1270 4150 1468 4221 (0rig.')
1501 4152 1577 4204 De
1608 4154 1689 4206 ira
1718 4154 1810 4207 Dei
1840 4154 2050 4222 plenius

455 4257 487 4294 a
517 4241 676 4296 nobis
703 4241 757 4296 in
788 4240 909 4294 aliis
936 4239 1067 4295 locis
1102 4241 1303 4295 dictum
1327 4251 1429 4306 est,
1461 4242 1647 4311 paucis
1678 4252 1855 4298 tamen
1883 4244 2048 4298 etiam

458 4331 513 4385 in
538 4332 792 4401 presenti
820 4332 1048 4386 dicetur.
1069 4331 1235 4402 lgitur
1257 4332 1338 4387 ira
1369 4332 1465 4388 Dei
1491 4350 1634 4389 nunc
1660 4335 1885 4391 revelari
1916 4337 2049 4391 dici-

460 4432 547 4477 tur
568 4436 674 4476 non
702 4422 755 4475 in
787 4431 955 4498 parte
984 4421 1183 4490 aliqua,
1212 4424 1305 4478 sed
1348 4423 1402 4476 in
1443 4439 1657 4480 omnem
1713 4426 2044 4497 impietatem

457 4520 515 4566 et
540 4511 902 4579 iniquitatem,
934 4526 1035 4565 nec
1066 4519 1272 4565 tantum
1300 4512 1355 4565 in
1396 4527 1584 4567 omnes
1624 4514 1899 4580 homines,
1946 4516 2040 4570 sed
2070 4547 2120 4606 υ

458 4599 513 4655 in
541 4600 660 4656 illos
680 4601 825 4656 solos
846 4602 936 4671 qui
969 4602 1249 4657 veritatem
1274 4604 1368 4658 Dei
1393 4604 1444 4657 in
1480 4604 1762 4673 iniquitate
1781 4606 2039 4661 detinent.

456 4696 711 4751 Detinent
739 4696 976 4765 quidem,
1010 4698 1103 4751 sed
1134 4699 1187 4751 in
1216 4698 1477 4766 injustitia
1526 4700 1802 4766 detinent;
1850 4703 2047 4769 quibus

457 4784 619 4839 etiam
644 4786 775 4839 dicit
805 4784 1147 4841 manifestum
1178 4801 1297 4842 esse
1334 4788 1386 4841 id
1415 4790 1556 4857 quod
1589 4798 1776 4845 notum
1802 4800 1886 4845 est
1913 4789 2042 4857 Dei,

458 4884 748 4939 ostendens
774 4899 892 4939 esse
920 4884 1120 4953 aliquid
1153 4886 1247 4940 Dei
1297 4891 1439 4955 quod
1480 4895 1664 4941 notum
1711 4890 1815 4954 sit,
1861 4900 1915 4945 et
1950 4889 2047 4942 ali-

460 4983 589 5053 quid
613 4983 729 5052 ejus
764 4983 907 5053 quod
936 4985 1178 5053 ignotum
1205 4987 1304 5053 sit;
1332 4986 1462 5041 dicit
1484 5003 1612 5059 ergo
1641 4989 1864 5043 revelari
1906 4990 2045 5043 iram

460 5084 554 5138 Dei
600 5085 684 5138 his
726 5085 818 5154 qui
850 5085 1132 5140 veritatem
1188 5088 1243 5140 in
1282 5087 1565 5158 iniquitate
1605 5090 1868 5145 detinent.
1915 5089 2046 5157 Quae

460 5183 770 5239 revelantur
819 5185 886 5240 de
935 5187 1183 5243 obscuris
1227 5196 1283 5242 et
1327 5190 1645 5256 reconditis,
1682 5191 1749 5245 ad
1794 5193 2042 5247 notitiam

462 5282 836 5353 proferuntur;
862 5285 987 5353 quia
1015 5300 1143 5355 ergo
1171 5294 1226 5340 et
1250 5286 1333 5340 his
1366 5302 1472 5341 non
1503 5288 1875 5358 ignorantibus
1902 5290 2044 5345 veri-

461 5391 657 5448 tatem,
706 5384 799 5437 sed
837 5385 1140 5439 tenentibus
1172 5401 1325 5451 eam,
1369 5387 1494 5442 licet
1534 5388 1672 5443 male
1702 5390 2037 5454 tenentibus,

462 5482 540 5535 ira
568 5481 663 5536 Dei
688 5482 756 5537 de
780 5483 917 5537 coelo
945 5485 1141 5539 dicitur
1167 5486 1425 5550 revelari,
1468 5488 1683 5543 videtur
1705 5492 1848 5559 quod
1877 5492 2043 5548 ratio-

464 5595 585 5635 nem
612 5590 667 5635 et
692 5581 976 5635 scientiam
1000 5590 1059 5636 ut
1081 5584 1215 5639 iram
1232 5584 1326 5639 Dei
1348 5586 1743 5642 manifestatum
1765 5590 2044 5649 dicatcsse

463 5676 549 5732 his
576 5680 771 5747 quibus
791 5680 994 5735 veritas
1018 5690 1141 5735 nota
1189 5692 1288 5747 est,
1320 5684 1445 5741 licet
1491 5703 1609 5741 eam
1658 5689 1709 5744 in
1760 5690 2042 5759 iniquitate

463 5765 775 5825 detineant‘
821 5773 961 5841 quod
990 5774 1239 5843 quidem,
1276 5785 1329 5830 ut
1360 5793 1421 5832 ex
1467 5784 1917 5851 consequentibus
1935 5786 2039 5869 μυ-

2146 604 2484 675 philosophis
2511 604 2614 658 diei
2654 584 2999 672 intelligitur.‘
3286 580 3303 619 ’

2193 696 2328 761 Quia
2341 698 2480 766 quod
2498 706 2677 751 notum
2691 706 2764 751 est
2780 697 2874 752 Dei
2893 697 3226 767 manifestum
3240 711 3313 753 est
3326 702 3380 755 in
3397 700 3733 773 illis.(Amb.)

2112 844 2125 863 ,
2146 786 2345 843 Notitia
2367 788 2460 844 Dei
2483 788 2825 845 manifestata
2845 799 3016 845 estex
3037 792 3220 846 mundi
3249 792 3475 848 fabrica.
3497 795 3571 851 Ut
3592 795 3735 851 enim

2149 883 2309 945 Deus,
2326 880 2417 949 qui
2434 888 2625 935 natura
2643 881 2927 937 invisibilis
2942 892 3047 948 est,
3070 883 3235 937 etiam
3250 884 3557 939 visibilibus
3571 887 3739 954 possit

2149 970 2297 1036 sciri,
2312 986 2446 1040 opus
2467 970 2665 1025 factum
2686 971 2753 1026 ab
2775 988 2839 1027 eo
2866 982 2971 1037 cst,
2994 973 3135 1041 quod
3154 972 3403 1042 opificem
3427 974 3740 1029 visibiliute

2149 1077 2245 1117 sua
2267 1060 2655 1127 manifestaret,
2672 1071 2734 1115 ut
2752 1078 2851 1131 per
2863 1071 3069 1116 certum
3093 1063 3359 1117 incertum
3386 1074 3571 1133 posset
3590 1065 3739 1127 sciri,

2149 1161 2209 1207 ut
2227 1167 2325 1221 per
2345 1152 2447 1206 hoc
2472 1152 2615 1221 quod
2645 1152 2858 1207 caeteris
2882 1152 3212 1221 impossibile
3235 1162 3337 1216 est,
3356 1154 3445 1207 ille
3464 1170 3587 1209 esse
3602 1152 3744 1211 Deus

2151 1242 2392 1297 omnium
2415 1242 2747 1306 crederetur,
2773 1243 2861 1312 qui
2885 1244 2987 1297 hoc
3015 1258 3150 1311 opus
3180 1243 3325 1298 fecit.
3357 1243 3559 1315 (Orig.)
3590 1245 3745 1315 Igno-

2154 1342 2267 1387 tum
2306 1340 2484 1387 autem
2538 1326 2641 1387 Dei
2684 1333 3087 1404 intelligendum
3123 1343 3208 1389 est
3250 1335 3389 1389 ratio
3426 1334 3746 1390 substantia:

2150 1424 2267 1493 ejus
2294 1422 2379 1478 vel
2404 1432 2641 1484 naturae,
2672 1422 2825 1493 cujus
2853 1440 2972 1493 qua:
3008 1425 3077 1478 sit
3099 1424 3431 1494 proprietas,
3457 1426 3746 1495 putoquod

2153 1529 2259 1569 non
2302 1514 2475 1569 solum
2505 1530 2603 1569 nos
2634 1515 2909 1581 homines,
2948 1516 3043 1571 sed
3068 1526 3123 1570 et
3147 1532 3363 1572 omnem
3390 1517 3562 1571 lateat
3586 1532 3745 1571 creao

2152 1616 2351 1673 turam,
2381 1617 2473 1662 aut
2494 1608 2538 1661 si
2562 1607 2853 1675 aliquando
2875 1616 3055 1662 tantus
3079 1610 3185 1663 erit
3204 1618 3410 1665 natura:
3436 1611 3745 1664 rationabili

2150 1697 2457 1767 profectus,
2490 1707 2551 1752 ut
2580 1698 2634 1751 in
2666 1699 2805 1753 hanc
2841 1714 3054 1768 quoque
3079 1700 3249 1767 possit
3279 1702 3568 1770 pervenire
3605 1702 3749 1755 notio

2154 1792 2305 1857 tiam,
2336 1792 2430 1847 Dei
2456 1802 2540 1847 est
2574 1808 2732 1848 nosse
2767 1808 2780 1846 :
2826 1793 2931 1847 tale
2960 1794 3105 1876 enim
3132 1794 3334 1863 aliquid
3359 1795 3493 1849 mihi
3526 1811 3747 1865 speran-

2153 1885 2277 1939 dum
2302 1885 2514 1940 videtur
2538 1899 2603 1939 ex
2632 1886 2716 1940 his
2756 1902 2876 1956 qua:
2923 1901 2953 1939 a
2983 1884 3267 1953 Salvatore
3299 1888 3586 1947 dicuntur.
3618 1889 3745 1957 quia

2151 1972 2351 2027 Filium
2366 1991 2513 2028 nemo
2528 1975 2668 2028 novit
2684 1976 2785 2028 nisi
2808 1974 2971 2029 Pater
2994 1990 3011 2026 :
3042 1992 3203 2045 neque
3225 1973 3441 2030 Patrem
3468 1978 3587 2045 quis
3610 1976 3746 2030 norit

2153 2066 2254 2121 nisi
2280 2064 2476 2131 Filius,
2503 2078 2551 2120 et
2568 2068 2652 2119 cui
2668 2066 2895 2121 voluerit
2920 2065 3094 2121 Filius
3118 2067 3346 2122 revelare
3366 2068 3519 2139 (Luc.
3536 2074 3615 2139 ι),
3637 2086 3745 2124 non

2151 2158 2295 2211 enim
2336 2156 2652 2221 addidisset,
2696 2157 2791 2211 sed
2817 2157 2901 2209 cui
2928 2156 3143 2211 voluerit
3168 2155 3217 2208 F
3222 2157 3343 2211 ilius
3366 2160 3615 2223 revelare,
3640 2160 3745 2213 niss

2152 2247 2316 2302 sciret
2340 2247 2549 2315 aliquos
2578 2262 2699 2300 esse
2747 2246 2943 2314 quibus
2984 2231 3226 2300 revelare
3256 2246 3408 2300 velit.
3440 2247 3583 2301 Deus
3608 2249 3744 2301 enim

2153 2335 2257 2388 illis
2284 2334 2659 2403 manifestavit,
2690 2334 2791 2389 hoc
2820 2343 2924 2399 est,
2952 2350 3087 2405 opus
3113 2334 3262 2400 fecit,
3286 2352 3385 2406 per
3408 2338 3553 2407 quod
3578 2338 3743 2407 possit

2151 2426 2368 2497 agnosci
2401 2427 2523 2481 lide.
2553 2425 2849 2479 Invisibilia
2878 2427 3015 2479 enim
3046 2426 3160 2495 ejus
3204 2443 3236 2479 a
3280 2438 3522 2481 creatura
3564 2430 3743 2482 mundi

2151 2531 2244 2583 per
2266 2530 2327 2567 ea
2349 2530 2466 2584 qua:
2487 2514 2628 2582 facta
2653 2524 2791 2576 sunt,
2820 2514 3077 2569 intellecta
3101 2517 3515 2585 conspiciuntur.
3537 2518 3739 2589 (Amb.)

2154 2604 2301 2659 idem
2330 2619 2522 2658 sensus
2558 2613 2665 2669 est,
2689 2618 2848 2673 quem
2878 2606 3091 2673 repetit,
3118 2614 3177 2657 ut
3215 2607 3512 2661 absolutius
3559 2609 3741 2663 doceat

2153 2698 2277 2764 quia
2308 2712 2429 2749 cum
2460 2711 2558 2765 per
2587 2711 2645 2750 se
2673 2697 2913 2765 potentia
2954 2705 3010 2750 et
3050 2695 3306 2764 majestas
3346 2698 3442 2753 Dei
3484 2709 3740 2754 creatum:

2152 2786 2323 2841 oculis
2347 2786 2515 2856 aspici
2537 2802 2644 2841 non
2666 2785 2898 2856 possint,
2914 2801 3079 2856 opere
3102 2788 3286 2841 mundi
3315 2789 3587 2844 intellecta
3613 2806 3738 2844 cou-

2154 2878 2475 2946 spiciuntur.
2504 2874 2829 2944 Sempiterna
2853 2893 3057 2946 quoque
3080 2878 3238 2930 virtus
3268 2878 3384 2961 ρας
3404 2889 3451 2933 et
3475 2880 3736 2933 divinitas.

2155 2965 2337 3035 (Aug)
2364 2964 2560 3033 Utique
2592 2965 2964 3029 subaudimus,
2988 2964 3249 3018 intellecta
3273 2967 3613 3035 conspicitur.
3638 2967 3739 3021 Cur

2154 3058 2296 3111 enim
2326 3056 2567 3111 attendat
2587 3070 2771 3124 opera,
2806 3063 2860 3108 et
2888 3070 2993 3109 non
3017 3066 3222 3125 qua-rat
3246 3058 3543 3111 artilicem:
3573 3066 3739 3111 atten-

2156 3150 2237 3203 dis
2266 3157 2465 3203 terram
2492 3146 3187 3213 fructiﬁcantem,attendis
3217 3164 3365 3203 mare
3394 3148 3612 3219 plenum
3636 3151 3742 3204 ani-

2159 3240 2390 3294 malibus
2421 3238 2555 3303 suis,
2580 3238 2817 3292 attendis
2853 3252 3034 3293 aerem
3066 3238 3286 3307 plenum
3307 3240 3635 3305 volatilibus,
3664 3251 3740 3294 at—

2158 3332 2333 3387 tendis
2356 3328 2553 3384 coelum
2585 3328 2789 3397 fulgere
2809 3328 2998 3393 stellis,
3023 3338 3077 3381 et
3102 3344 3210 3383 non
3234 3330 3433 3399 quaeris
3465 3332 3599 3384 tanti
3621 3346 3741 3400 ope-

2156 3422 2231 3476 ris
2260 3419 2566 3475 artiﬁcem?
2602 3417 2709 3472 Sed
2739 3418 2875 3473 dicis
2920 3419 3086 3472 mihi:
3120 3419 3227 3472 Ista
3256 3419 3431 3483 video,
3464 3420 3615 3475 illum
3638 3437 3740 3475 non

2155 3512 2329 3565 video.
2365 3510 2447 3564 Ad
2476 3509 2579 3563 ista
2609 3508 2839 3563 videnda
2871 3509 3112 3578 corporis
3137 3508 3323 3564 oculos
3354 3510 3532 3571 dedit,
3578 3512 3646 3564 ad
3685 3526 3743 3567 se

2156 3602 2441 3657 videndum
2472 3610 2727 3656 mentem.
2766 3599 2950 3669 Neque
2988 3602 3131 3656 enim
3162 3612 3217 3656 et
3248 3602 3485 3657 animam
3509 3603 3743 3658 hominis

2154 3696 2323 3750 vides.
2359 3694 2511 3749 Sicut
2538 3710 2666 3764 ergo
2690 3710 2752 3749 ex
2786 3695 3028 3751 moribus
3052 3703 3108 3749 et
3134 3694 3599 3750 administratione
3623 3712 3739 3751 cor-

2151 3788 2299 3857 poris
2328 3786 2583 3851 animam,
2618 3800 2780 3855 quam
2812 3802 2919 3840 non
2946 3786 3117 3851 vides,
3149 3786 3428 3857 intelligis,
3461 3788 3537 3842 sic
3559 3803 3624 3841 ex
3656 3789 3744 3841 ad-

2153 3877 2552 3933 ministratione
2586 3875 2748 3930 totius
2792 3877 2977 3930 mundi
3025 3885 3079 3930 et
3112 3892 3178 3929 ex
3200 3858 3470 3945 regimine
3504 3880 3746 3946 ipsarum

2152 3972 2456 4024 animarum
2514 3968 2751 4038 intellige
2780 3976 3102 4023 creatorem.
3127 3967 3215 4021 Ita
3246 3979 3301 4021 ut
3335 3970 3437 4023 sint
3461 3972 3744 4025 inexcusa-

2153 4062 2300 4116 biles.
2336 4060 2540 4132 (Amb.)
2571 4062 2642 4117 Ut
2674 4062 2895 4116 omnino
2921 4062 3170 4116 excusari
3202 4062 3452 4131 impietas
3483 4081 3589 4121 non
3620 4081 3744 4135 pos-

2152 4152 2244 4216 sit,
2296 4149 2493 4219 adjecit
2524 4150 2688 4203 etiam
2718 4150 2948 4204 virtutes
2977 4149 3073 4211 Dei
3101 4158 3155 4204 et
3176 4151 3514 4207 divinitatem
3542 4155 3746 4223 sempi-

2154 4248 2361 4297 ternam
2386 4241 2657 4311 cognitam
2679 4255 2802 4296 esse
2821 4241 2890 4295 ab
2910 4241 3248 4309 hominibus;
3274 4244 3444 4299 virtus
3471 4260 3599 4315 ergo
3620 4244 3743 4313 Dei,

2151 4350 2270 4404 qua:
2299 4333 2630 4402 sempiterna
2678 4341 2792 4397 est,
2838 4340 2891 4388 et
2936 4333 3209 4397 divinitas,
3240 4350 3361 4405 quae
3388 4336 3744 4392 nihilominus

2151 4424 2481 4493 sempiterna
2509 4429 2623 4486 est,
2656 4438 2721 4476 ex
2745 4422 3071 4491 eonjecturis
3105 4426 3418 4494 agnoscitur
3437 4437 3738 4493 creaturae;

2149 4516 2323 4569 virtus
2373 4521 2455 4569 est
2509 4528 2615 4582 qua
2658 4514 2797 4583 regit
2845 4516 3027 4569 omnia
3073 4516 3361 4580 divinitas,
3421 4533 3524 4586 qua
3567 4520 3743 4589 replet

2152 4607 2426 4660 universa.
2476 4604 2555 4658 Ex
2602 4604 2704 4658 hoc
2748 4619 2878 4674 ergo
2924 4606 3320 4660 inexcusabiles
3366 4608 3518 4661 ﬁunt.
3566 4610 3745 4665 Aliter

2151 4706 2349 4750 aeterna
2376 4694 2473 4749 Dei
2503 4694 2673 4749 virtus
2698 4693 2947 4749 Christus
2974 4703 3078 4759 est,
3112 4711 3230 4764 qua:
3258 4696 3491 4751 instituit
3518 4714 3579 4751 ea
3619 4716 3744 4769 qua:

2153 4802 2257 4841 non
2281 4796 2458 4852 erant,
2486 4795 2541 4841 et
2568 4788 2619 4841 in
2648 4802 2712 4841 eo
2747 4796 2999 4852 manent;
3023 4788 3176 4855 cujus
3199 4789 3244 4841 si
3273 4789 3472 4844 dudum
3501 4805 3742 4860 persona

2152 4879 2336 4950 agnita
2358 4893 2465 4933 non
2486 4885 2589 4943 est,
2605 4892 2769 4947 opera
2788 4886 2967 4931 tamen
2992 4878 3280 4933 manifesta
3300 4888 3445 4935 sunt.
3472 4881 3743 4939 Divinitas

2153 4983 2282 5022 vero
2307 4976 2412 5032 est,
2444 4968 2570 5037 quia
2600 4968 2651 5021 in
2674 4982 2838 5035 opere
2878 4968 2981 5022 sibi
3034 4970 3255 5025 decreto
3296 4974 3594 5041 perdurant
3631 4976 3743 5030 ele-

2152 5068 2330 5114 menta
2377 5074 2577 5113 rerum.
2633 5058 2700 5113 Ut
2746 5061 2850 5114 sint
2896 5061 3276 5117 inexcusabiles
3308 5078 3326 5115 :
3364 5064 3548 5119 multis
3588 5068 3739 5123 enim

2150 5149 2344 5213 modis,
2370 5150 2462 5217 qui
2489 5165 2613 5204 reus
2636 5158 2739 5215 est,
2763 5151 3102 5206 convincitur
3132 5154 3385 5208 excusari
3413 5170 3518 5210 non
3548 5172 3736 5225 posse.

2222 5236 2481 5301 Quoniam
2510 5255 2627 5292 cum
2657 5228 3008 5309 cognovissent
3048 5242 3249 5309 Deum,
3279 5260 3382 5298 non
3405 5246 3535 5298 sicut
3562 5246 3737 5302 Dem

2149 5328 2643 5397 magniﬁcaverunt,
2669 5340 2760 5384 aut
2792 5333 2992 5401 gratias
3014 5342 3255 5402 egerunt,
3287 5336 3379 5387 sed
3411 5349 3736 5393 annuerant

2147 5417 2199 5467 in
2227 5418 2627 5487 cogitationibus
2656 5418 2987 5493 suis.(Aug.)
3008 5422 3161 5485 Quod
3183 5431 3365 5476 autem
3388 5424 3514 5479 dicit
3536 5441 3737 5497 cogno-

2146 5519 2341 5564 scentes
2368 5509 2553 5577 Deum,
2580 5528 2683 5566 non
2712 5522 2768 5565 ut
2796 5511 2964 5566 Deum
2991 5514 3434 5584 gloriﬁcaverunt,
3474 5528 3566 5571 aut
3602 5538 3733 5591 gra-

2145 5604 2245 5657 tias
2265 5616 2500 5673 egerunt,
2517 5606 2619 5660 hoc
2638 5614 2797 5673 caput
2814 5613 2897 5660 est
2917 5609 3147 5676 peccati,
3165 5610 3230 5664 de
3249 5625 3358 5681 quo
3382 5610 3584 5665 dictum
3612 5625 3729 5669 cst:

2145 5694 2361 5748 Initium
2384 5698 2579 5763 peccati
2600 5696 2840 5766 superbia
2865 5696 3051 5766 (Eccli.
3070 5699 3146 5769 ς).
3172 5699 3272 5766 Qui
3300 5702 3342 5755 si
3363 5703 3564 5772 gratias
3587 5704 3731 5773 egis-

2144 5797 2255 5841 sent
2278 5788 2402 5851 Deo,
2420 5789 2509 5857 qui
2528 5790 2746 5844 dederat.
2762 5791 2899 5847 hanc
2914 5792 3259 5861 sapientiam,
3278 5811 3384 5852 non
3401 5796 3494 5851 sibi
3510 5794 3726 5866 aliquid
