3960 6332
272 376 297 432 1
310 375 409 431 297

833 367 1375 427 RNARRATIONUM
1416 364 1482 422 ΙΝ
1520 336 1666 421 ΕΡΡ.
1712 358 1916 417 PAULI
1954 360 2078 417 LIB.
2119 365 2158 418 l.
2190 394 2257 405 —
2294 363 2361 419 1N
2401 364 2611 421 EPIST.
2656 365 2743 420 AD
2781 364 2941 419 R0,“:

3371 367 3486 423 129ι

270 491 589 547 tribuissent
616 485 1027 557 cogitationibus
1067 486 1178 539 suis
1198 525 1211 547 ,
1260 490 1582 553 quapropter
1613 482 1665 535 in
1695 477 1840 533 desi-
1868 475 1921 533 Α
1947 490 2091 541 nem,
2116 493 2275 547 quem
2297 480 2493 532 occidit
2520 481 2702 533 Daniel
2733 482 2892 534 homo
2916 478 3007 533 Dei
3025 479 3184 547 (Dan.
3207 467 3509 553 xlv),cujus

271 583 422 638 deria
454 578 632 633 cordis
670 579 750 631 sui
797 577 978 631 traditi
1022 584 1146 633 sunt
1172 590 1201 628 a
1232 574 1490 636 Domino,
1524 583 1580 626 ut
1606 571 1845 625 facerent

272 686 394 744 qua:
422 684 528 723 non
558 678 851 739 oporteret,
900 667 1095 738 (0rig.)
1134 666 1257 736 quia
1302 681 1425 720 cum
1470 662 1846 718 manifestante

272 763 407 826 Deo,
434 766 799 831 cognoverunt
826 760 993 813 Deum
1012 798 1027 823 ,
1053 772 1160 813 non
1192 766 1252 811 ut
1285 757 1503 827 dignum
1544 762 1627 810 est
1661 752 1842 809 colue-

274 861 424 914 runt.
452 860 543 907 aut
569 853 771 923 gratias
799 858 1043 920 egerunt,
1069 850 1164 903 sed
1183 863 1280 918 per
1309 847 1691 917 cogitationum
1723 859 1846 899 sua-

275 959 396 997 rum
432 944 741 1006 vanitatem,
774 943 899 995 dum
930 941 1130 995 formas
1169 948 1223 994 et
1263 940 1523 1008 imagines
1568 937 1847 1006 requirunt

276 1032 331 1087 iu
359 1032 486 1096 Deo,
522 1033 575 1087 in
605 1030 909 1100 semetipsis
938 1029 1225 1099 imaginem
1265 1029 1358 1083 Dei
1388 1029 1765 1097 perdiderunt;
1793 1037 1848 1083 et

277 1120 590 1191 quijactare
614 1135 674 1174 se
711 1119 763 1173 in
792 1118 908 1173 luce
942 1118 1217 1188 sapientia:
1254 1118 1606 1182 videbantur,
1637 1118 1690 1172 in
1724 1133 1846 1187 pro-

276 1211 472 1268 fundas
506 1212 743 1267 stultitiae
774 1212 1024 1266 tenebras
1067 1210 1298 1264 devolu‘ti
1340 1218 1493 1275 sunt;
1540 1211 1669 1281 quid
1706 1212 1848 1265 enim

276 1311 387 1357 tam
421 1310 641 1368 tetrum,
684 1311 793 1357 tam
835 1303 1159 1365 obscurum,
1208 1308 1421 1370 tamque
1463 1302 1846 1366 tenebrosum,

276 1410 437 1465 quam
466 1394 686 1465 gloriam
729 1393 821 1447 Dei
866 1393 932 1446 ad
974 1391 1310 1461 corporalem
1349 1400 1403 1447 et
1444 1392 1847 1462 corruptibilem

276 1479 525 1533 humana:
553 1477 740 1532 forma;
763 1476 993 1547 elﬁgiem
1020 1477 1265 1531 vertere?
1287 1485 1343 1530 ut
1360 1478 1524 1533 moris
1538 1485 1624 1532 est
1650 1477 1736 1531 his
1757 1476 1847 1546 qui

276 1571 563 1624 simulacra
584 1576 928 1632 venerantur,
952 1566 1144 1621 divinae
1172 1568 1468 1637 majestatis
1503 1567 1848 1622 eminentiam

277 1666 611 1726 volucribus,
656 1672 709 1718 et
737 1661 1191 1732 quadrupedibus,
1235 1669 1290 1715 et
1326 1662 1665 1729 serpentibus
1710 1673 1852 1714 exae-

276 1771 465 1825 quare.
492 1755 731 1810 Dicentes
749 1753 883 1806 enim
909 1769 1018 1806 esse
1032 1768 1084 1805 se
1105 1752 1381 1820 sapientes,
1400 1750 1546 1803 stulti
1570 1750 1695 1819 facti
1708 1758 1846 1801 sunt.

1946 568 2348 624 similitudinem
2373 570 2605 635 habent;
2639 570 2875 642 .IEgyptii
2903 580 3081 627 autem
3106 572 3357 628 colebant
3378 589 3509 645 qua-

1945 656 2268 727 drupedem,
2307 672 2465 728 quem
2515 659 2761 713 dicebant
2791 660 2960 729 Apin,
3012 661 3065 715 in
3109 662 3512 719 similitudinem

1944 763 2138 815 vacca},
2166 751 2309 819 quod
2340 750 2537 804 malum
2578 750 2816 805 imitatus
2848 758 2929 806 est
2970 749 3284 815 Jeroboam,
3323 768 3516 809 vaccas

1946 840 2218 897 instruens
2244 842 2297 896 in
2326 841 2592 905 Samaria,
2624 842 2819 911 quibus
2839 843 3207 900 sacriﬁcarent
3228 842 3429 911 Judaei;
3463 855 3517 901 et

1945 932 2208 998 volucres,
2234 934 2360 1004 quia
2384 933 2630 988 corocina
2663 948 2815 987 sacra
2839 934 3035 989 habent
3059 936 3285 1007 pagani:
3321 936 3513 990 harum

1950 1030 2126 1078 tamen
2152 1025 2389 1079 omnium
2416 1039 2597 1079 rerum
2620 1039 2755 1093 quas
2780 1025 3095 1089 memoravi,
3119 1025 3407 1081 simulacra
3426 1041 3519 1081 co-

1946 1110 2162 1168 luerunt
2185 1113 2443 1185 Egyptii,
2468 1121 2521 1169 et
2546 1114 2649 1168 alia
2672 1128 2791 1184 quae
2817 1128 2961 1169 nunc
2988 1113 3165 1168 dicere
3187 1131 3292 1169 non
3316 1123 3400 1169 est
3423 1131 3518 1169 ne-

1948 1218 2133 1269 cesse;
2171 1192 2285 1259 haec
2309 1206 2376 1259 ab
2400 1206 2502 1260 illis
2530 1205 2669 1260 facta
2699 1214 2848 1271 sunt,
2882 1205 2975 1274 qui
3001 1220 3059 1260 se
3088 1206 3357 1274 sapientes
3375 1206 3520 1260 aesli-
3584 1234 3587 1235 ν

1949 1302 2230 1350 maverunt
2264 1295 2316 1349 in
2359 1296 2597 1349 mundo:
2639 1296 2763 1363 quia
2802 1296 2946 1350 enim
2984 1293 3309 1348 invisibilem
3352 1294 3516 1349 Deum

1949 1392 2303 1456 agnoscentes
2337 1399 2442 1438 non
2468 1384 2859 1439 bonoraverunt
2888 1386 2991 1440 ista
3034 1383 3302 1449 faciendo,
3339 1399 3439 1438 nec
3468 1384 3521 1438 in
3610 1452 3613 1455 Α

1950 1477 2033 1530 his
2058 1491 2174 1546 quae
2200 1475 2426 1529 visibilia
2447 1484 2774 1544 suntsapere
2794 1485 3115 1543 potuerunt;
3141 1475 3354 1531 dillieile
3376 1476 3519 1529 enim

1950 1568 2004 1622 in
2034 1568 2327 1637 majoribus
2354 1567 2588 1636 prudens
2617 1566 2670 1619 in
2698 1566 2995 1621 minoribus
3018 1569 3175 1637 sapit.

2022 1655 2244 1726 Propter
2266 1657 2401 1727 quod
2426 1656 2641 1708 tradidit
2675 1656 2792 1709 illos
2817 1655 2955 1708 Deus
2983 1657 3037 1709 in
3059 1658 3374 1710 desiderium
3409 1674 3523 1710 cor-

1953 1750 2033 1803 dis
2067 1749 2295 1813 illorum,
2326 1749 2379 1801 in
2408 1748 2790 1801 immunditiam
2812 1788 2825 1812 ,
2856 1756 2912 1801 ut
2947 1749 3267 1802 contumeliis
3297 1750 3519 1818 afﬁciant

280 1846 484 1916 (Δηώ.)
511 1844 792 1914 Sapientes
821 1842 963 1897 enim
988 1858 1044 1896 se
1064 1843 1416 1906 arbitrantur,
1458 1841 1583 1909 quia
1621 1839 1856 1893 rationes
1882 1830 1930 1891 B
1959 1856 2174 1909 corpora
2204 1838 2375 1892 suain
2401 1838 2704 1905 semetipsis.
2735 1837 2938 1907 (Aug.)
2964 1837 3115 1904 Quod
3157 1847 3331 1892 autem
3360 1839 3518 1902 dicit,

280 1938 530 2007 physicas
585 1934 939 2004 investigasse
989 1940 1211 2001 putant,
1270 1940 1573 1987 scrutantes
1638 1942 1857 1984 cursum

280 2025 516 2078 siderum
543 2064 557 2088 ,
586 2033 639 2078 et
666 2024 954 2092 qualitates
993 2023 1404 2087 elementorum,
1442 2021 1725 2075 Dominum
1758 2035 1857 2073 au-

281 2122 387 2165 tem
421 2114 611 2168 horum
644 2120 979 2181 spernentes,
1010 2113 1129 2167 ideo
1148 2112 1299 2166 stulti
1324 2120 1485 2173 sunt;
1521 2127 1645 2164 nam
1671 2111 1715 2164 si
1744 2111 1859 2165 lucc

281 2205 545 2259 laudanda
570 2204 695 2268 sint,
733 2213 934 2273 quanto
963 2204 1134 2274 magis
1164 2212 1377 2259 creator
1404 2202 1643 2257 illorum!
1673 2199 1860 2255 Solent

285 2305 462 2350 tamen
485 2296 741 2365 pudorem
765 2295 905 2365 passi
933 2294 1161 2365 neglecti
1187 2294 1277 2349 Dei
1310 2293 1506 2348 misera
1532 2293 1605 2347 uti
1630 2306 1857 2346 excusa-

285 2386 464 2449 tione,
504 2384 742 2438 dicentes
784 2398 876 2453 per
906 2385 1037 2438 istos
1070 2398 1227 2453 posse
1258 2384 1335 2437 ire
1384 2382 1450 2437 ad
1477 2382 1674 2443 Deum,
1722 2381 1862 2435 sicut

284 2490 381 2545 per
402 2474 623 2529 comites
652 2474 964 2543 pervenitur
990 2472 1058 2528 ad
1082 2487 1283 2542 regem.
1312 2472 1425 2542 Age
1442 2513 1456 2535 ,
1488 2472 1724 2541 nunquid
1750 2482 1860 2525 tam

286 2569 506 2623 demens
528 2577 609 2621 est
637 2566 849 2635 aliquis,
879 2575 970 2620 aut
999 2565 1187 2621 salutis
1212 2580 1321 2619 suae
1350 2564 1654 2629 immemor,
1681 2572 1739 2617 ut
1762 2565 1859 2617 Ιιο-

289 2656 679 2712 noriﬁcentiam
718 2655 859 2724 regis
894 2654 1129 2709 vindicet
1156 2653 1381 2729 comiti?
1410 2651 1542 2708 Cum
1574 2652 1639 2706 de
1664 2652 1764 2706 hac
1803 2665 1862 2705 re

289 2749 331 2803 si
357 2748 445 2816 qui
471 2748 632 2802 etiam
660 2753 892 2800 tractare
921 2745 1121 2799 fuerint
1145 2746 1366 2810 inventi,
1387 2743 1509 2813 jure
1534 2752 1591 2797 ut
1616 2744 1692 2798 rei
1716 2744 1863 2798 dam-

292 2846 485 2893 nentur
519 2835 835 2904 majestatis,
863 2843 921 2891 et
943 2836 1031 2890 isti
1063 2850 1121 2889 se
1148 2851 1255 2890 non
1281 2844 1473 2905 putant
1498 2849 1619 2889 reos
1649 2834 1741 2903 qui
1767 2834 1862 2887 ho-

289 2945 475 2985 norem
504 2928 737 2984 nominis
758 2927 852 2984 Dei
875 2927 1125 2983 deferunt
1151 2932 1432 2991 creaturaa,
1461 2934 1513 2980 et
1541 2925 1728 2980 relicto
1762 2924 1865 2979 Do-

289 3021 455 3084 mino,
478 3034 766 3075 conservos
784 3020 1028 3081 adorant,
1057 3017 1209 3088 quasi
1239 3018 1308 3072 sit
1327 3016 1530 3087 aliquid
1554 3016 1693 3086 plus,
1721 3014 1864 3085 quod

290 3120 535 3167 servetur
564 3110 693 3164 Deo.
724 3108 857 3163 Nam
881 3117 937 3163 et
965 3109 1083 3164 ideo
1125 3110 1191 3162 ad
1230 3122 1407 3177 regem
1457 3122 1552 3175 per
1598 3106 1859 3170 tribunos,

1959 1930 2144 1985 traditi
2188 1938 2345 1994 sunt,
2394 1927 2708 1995 intelligitur
2736 1928 2938 1981 dimisit
2965 1928 3019 1981 in
3058 1929 3321 1982 desideria
3351 1929 3526 1980 cordis

1958 2038 2145 2077 eorum
2171 2039 2184 2087 ;
2233 2021 2531 2076 mercedem
2558 2028 2736 2074 autem
2759 2028 2996 2073 mutuam
3022 2020 3151 2075 dicit
3172 2018 3439 2087 recepisse
3460 2018 3527 2070 de

1958 2113 2099 2178 Deo,
2147 2121 2205 2167 ut
2245 2113 2589 2167 traderentur
2621 2112 2674 2164 in
2719 2111 3149 2178 concupiscentia
3195 2108 3371 2163 cordis
3419 2109 3523 2161 sui.

1961 2202 2158 2272 (Amb.)
2188 2200 2494 2268 Quomodo,
2527 2200 2698 2268 inquit
2716 2239 2731 2264 ,
2760 2200 2825 2252 ad
2851 2196 3099 2266 injuriam
3127 2197 3400 2252 Creatoris
3428 2197 3519 2251 Dei

1961 2292 2233 2362 ﬁgmenta,
2268 2299 2323 2345 et
2350 2288 2725 2344 similitudines
2752 2303 2932 2342 rerum
2960 2287 3374 2352 deiﬁcaverunt,
3416 2297 3525 2339 tra-

1960 2384 2057 2439 diti
2084 2382 2508 2448 suntilludendi,
2530 2391 2586 2436 et
2626 2382 2805 2437 traditi
2833 2397 2938 2437 non
2972 2390 3029 2436 ut
3050 2380 3138 2436 illa
3164 2389 3380 2452 agerent
3413 2396 3530 2449 quae

1959 2473 2235 2539 nolebant,
2263 2473 2357 2528 sed
2388 2480 2445 2526 ut
2481 2472 2566 2527 illa
2608 2471 2928 2543 perficerent
2971 2488 3089 2542 qua:
3115 2472 3527 2535 desiderabant;

1962 2573 2016 2619 et
2056 2565 2143 2619 hic
2185 2565 2400 2620 bonitas
2441 2565 2535 2619 Dei
2570 2574 2689 2630 est;
2731 2580 2854 2618 cum
2896 2565 3037 2617 enim
3083 2564 3299 2632 dignum
3343 2563 3531 2616 fuisset

1963 2652 2155 2723 subjici
2186 2653 2329 2720 illos,
2360 2661 2420 2708 ut
2452 2653 2694 2709 facerent
2726 2667 2844 2722 qum
2873 2651 3123 2706 nolebant
3144 2658 3197 2705 et
3222 2651 3532 2704 cruciaren-

1964 2750 2072 2806 tur,
2118 2742 2243 2811 quia
2285 2741 2411 2796 licet
2454 2742 2673 2806 bonum,
2721 2742 2766 2794 si
2806 2749 2992 2796 contra
3037 2740 3363 2795 voluntatem
3400 2739 3527 2802 ﬁat,

1962 2847 2206 2887 amarum
2234 2840 2288 2887 et
2329 2832 2526 2886 malum
2566 2841 2686 2899 est;
2727 2832 2813 2886 isti
2843 2841 3019 2886 autem
3059 2838 3359 2885 avertentes
3400 2845 3459 2885 se
3500 2845 3530 2882 a

1966 2921 2074 2976 Deo
2103 2921 2281 2976 traditi
2312 2930 2437 2976 sunt
2464 2920 2694 2976 diabolo.
2738 2920 2972 2975 Tradere
2996 2928 3173 2975 autem
3202 2929 3283 2975 est
3306 2920 3533 2989 permit-

1967 3003 2102 3080 tere,
2126 3029 2232 3069 non
2256 3015 2480 3069 incitare
2504 3024 2596 3069 aut
2624 3016 2944 3080 immittere,
2976 3026 3035 3069 ut
3063 3031 3127 3070 ea
3159 3030 3278 3085 qua:
3310 3015 3362 3068 in
3397 3014 3537 3068 desi-

1967 3105 2130 3159 deriis
2176 3115 2562 3176 conceperant,
2612 3105 2779 3173 adjuti
2828 3122 2859 3160 a
2907 3106 3115 3161 diabolo
3156 3105 3433 3175 explerent
3476 3105 3530 3158 in

198 3238 209 3250 .
290 3208 383 3253 aut
406 3214 500 3266 per
525 3199 749 3253 comites
775 3197 913 3262 itur,
948 3198 1073 3267 quia
1112 3199 1273 3251 homo
1314 3197 1497 3265 utique
1538 3202 1622 3249 est
1646 3210 1738 3250 rex
1759 3236 1774 3260 ,
1806 3202 1859 3249 et
1886 3180 1931 3242 C
1962 3209 2153 3264 opere;
2179 3211 2276 3251 nec
2291 3198 2433 3251 enim
2450 3205 2666 3266 possent
2690 3197 2993 3267 huiusmodi
3019 3197 3215 3251 bonum
3236 3197 3528 3267 cogitatum

291 3290 469 3343 nescit
490 3289 682 3356 quibus
712 3288 903 3342 debeat
929 3287 1310 3357 rempublicam
1330 3286 1580 3349 credere;
1609 3285 1676 3339 ad
1691 3284 1860 3339 Deum

291 3386 492 3443 autem,
521 3393 679 3446 quem
700 3379 885 3446 utique
911 3378 1043 3431 nihil
1073 3377 1221 3442 latet,
1240 3377 1478 3430 omnium
1501 3375 1642 3429 enim
1672 3375 1862 3430 merita

291 3469 482 3532 novit,
527 3468 958 3539 promerendum,
999 3466 1349 3536 suﬁ‘ragatore
1403 3481 1507 3519 non
1565 3481 1699 3534 opus
1748 3474 1860 3529 est,

290 3559 386 3616 sed
424 3568 600 3615 mente
629 3560 849 3623 devota;
880 3559 1182 3628 ubicunque
1210 3558 1352 3613 enim
1401 3556 1521 3611 talis
1561 3556 1769 3611 locutus
1812 3556 1863 3610 ei

292 3648 476 3713 fuerit,
501 3648 842 3718 respondebit
864 3648 935 3702 illi
959 3667 971 3702 :
998 3648 1063 3701 Et
1084 3656 1411 3702 mutaverunt
1442 3647 1663 3716 gloriam
1693 3648 1865 3699 incor-

295 3738 551 3809 ruptibilis
592 3738 688 3792 Dei
729 3739 782 3793 in
823 3738 1213 3797 similitudinem
1244 3739 1484 3808 imaginis
1514 3735 1864 3806 corruptibilis

293 3829 536 3882 hominis.
570 3826 659 3882 Sic
682 3830 1011 3883 obcaecatum
1036 3838 1119 3883 est
1144 3844 1238 3884 cor
1262 3829 1471 3883 illorum
1491 3870 1503 3893 ,
1533 3839 1591 3882 ut
1617 3826 1865 3896 majesta-

299 3929 405 3973 tem
423 3920 705 3975 invisibilis
720 3922 834 3985 Dei,
853 3937 1012 3991 quem
1029 3936 1093 3975 ex
1114 3922 1197 3976 his
1219 3921 1373 3976 factis
1392 3917 1738 3992 agnoverant,
1757 3937 1863 3976 non

294 4012 621 4077 hominibus,
659 4014 774 4076 sed,
796 4014 938 4083 quod
985 4012 1135 4083 pejus
1178 4022 1265 4069 est
1287 4022 1342 4067 et
1367 4014 1731 4069 inexcusabile
1761 4015 1865 4069 cri-

294 4117 439 4166 men,
475 4102 528 4155 in
559 4102 959 4158 similitudinem
989 4104 1264 4159 hominum
1294 4112 1584 4170 mutarent,
1610 4114 1668 4159 ut
1693 4105 1865 4159 forma

296 4186 656 4263 corruptibilis
678 4194 906 4248 hominis
942 4194 1078 4249 Deus
1109 4197 1176 4250 ab
1200 4197 1282 4251 his
1307 4204 1549 4262 vocetur,
1573 4197 1769 4252 hocest
1790 4199 1865 4252 si-

300 4282 593 4337 mulacrum
616 4283 867 4349 hominis,
896 4291 1105 4354 utquos
1124 4286 1273 4340 vivos
1299 4287 1401 4342 hoc
1423 4287 1640 4342 nomine
1664 4288 1866 4342 donare

300 4388 405 4426 non
436 4373 650 4438 audent,
682 4383 1012 4429 mortuorum
1038 4376 1296 4446 imagines
1320 4378 1372 4431 in
1404 4379 1629 4449 gloriam
1661 4380 1753 4434 Dei
1784 4395 1867 4434 re-

297 4461 516 4531 cipiant.
536 4463 744 4528 Quanta
765 4466 1043 4533 aegritudo,
1057 4474 1254 4535 quanta
1276 4466 1521 4529 stultitia,
1542 4469 1642 4523 hoc
1658 4470 1863 4538 sapien-

301 4560 380 4605 tes
406 4554 673 4623 appellare
703 4556 766 4609 ad
789 4572 939 4609 suam
967 4558 1363 4612 damnationem
1386 4598 1400 4623 ,
1430 4560 1567 4628 apud
1591 4575 1722 4629 quos
1750 4562 1866 4630 plus

298 4644 493 4697 mortui
524 4652 749 4713 possunt
777 4660 938 4714 quam
983 4646 1123 4711 vivi,
1169 4655 1223 4701 et
1251 4648 1447 4701 mortui
1479 4650 1715 4717 potiores
1746 4659 1870 4705 sunt

300 4733 460 4787 vivis!
494 4732 539 4786 Α
559 4736 680 4789 vivo
701 4736 843 4789 enim
869 4737 975 4791 Deo
1004 4738 1310 4792 recedentes
1346 4739 1569 4792 mortuis
1597 4739 1794 4806 favent,
1816 4741 1870 4795 in

300 4837 528 4890 quorum
560 4839 782 4877 numero
813 4834 957 4889 sunt,
1000 4826 1137 4879 sicut
1169 4826 1425 4895 scriptum
1460 4836 1543 4881 est
1577 4847 1588 4881 :
1632 4828 1871 4884 Mortalis

301 4920 562 4964 mortuum
594 4913 740 4983 ﬁngit
787 4915 1024 4967 manibus
1072 4916 1260 4984 iniquis
1314 4914 1474 4985 (Sap.
1505 4916 1629 4985 xv);
1677 4918 1776 4972 hoc
1807 4919 1873 4973 dc

305 5001 603 5071 huiusmodi
635 5020 663 5056 a
693 5002 964 5075 Sapientia
980 5004 1279 5059 Salomonis
1295 5005 1493 5058 dictum
1522 5014 1622 5059 est.
1645 5006 1712 5060 Et
1730 5008 1871 5062 volu-

305 5111 451 5148 crum
471 5135 486 5159 ,
528 5106 574 5149 et
602 5096 1016 5166 quadrupedum,
1042 5106 1087 5149 et
1112 5096 1444 5164 serpentium.
1482 5094 1574 5149 His
1617 5096 1872 5166 subjectis

305 5186 595 5240 cumulavit
615 5188 680 5237 ad
706 5198 919 5254 poenam
964 5185 1322 5249 hebetudinis,
1345 5192 1403 5238 ut
1428 5184 1566 5238 ultra
1590 5186 1869 5241 stultitiam

307 5285 363 5332 et
393 5276 687 5330 vanitatem
726 5276 835 5329 sint
860 5274 1201 5343 huiusmodi;
1249 5275 1327 5330 sic
1345 5274 1488 5328 enim
1536 5277 1871 5345 majestatem

308 5368 405 5422 Dei
452 5376 507 5420 et
530 5366 753 5436 gloriam
788 5364 1126 5429 minuerunt,
1156 5374 1215 5418 ut
1243 5366 1463 5429 horum,
1504 5380 1622 5434 quae
1650 5367 1868 5419 minima

308 5463 363 5509 et
413 5470 577 5524 parva
609 5464 753 5517 sunt,
784 5453 1116 5507 similitudini
1146 5454 1239 5508 Dei
1283 5453 1741 5509 honoriﬁcentiam
1772 5456 1866 5509 da-

311 5555 461 5610 rent;
485 5546 642 5615 primi
664 5546 805 5599 enim
828 5544 1098 5613 Babylonii
1122 5544 1286 5599 Deum
1309 5558 1634 5601 vocaverunt
1659 5547 1871 5616 ﬁgmen-

311 5644 421 5690 tum
450 5634 563 5689 Beli
589 5635 855 5702 quondam
882 5634 1112 5688 hominis
1142 5636 1368 5699 mortui,
1392 5633 1481 5704 qui
1505 5636 1864 5705 principatum

311 5725 366 5778 in
389 5732 482 5779 eoa
509 5724 707 5779 dicitur
729 5725 933 5792 egisse;
958 5720 1237 5778 coluerunt
1261 5730 1316 5778 et
1342 5731 1643 5787 serpentem
1682 5722 1871 5779 dracoa

1964 3287 2181 3340 habere.
2216 3285 2420 3340 Traditi
2455 3302 2582 3355 ergo
2605 3295 2730 3342 sunt
2756 3288 2808 3340 in
2837 3288 3237 3351 immunditiam,
3264 3297 3318 3340 ut
3356 3299 3535 3341 contu-

1964 3375 2128 3430 meliis
2151 3376 2387 3446 afﬁciant
2415 3393 2631 3447 corpora
2659 3394 2756 3432 sua
2780 3378 2833 3431 in
2856 3379 3157 3449 semetipsis.
3191 3376 3323 3433 Cum
3344 3389 3534 3448 praete-

1965 3466 2067 3519 rita
2097 3466 2319 3530 recolat,
2335 3467 2495 3520 etiam
2515 3468 2793 3535 prazsentis
2815 3471 3068 3536 temporis
3092 3466 3226 3520 mala
3247 3466 3531 3535 signiﬁcat,

1967 3556 2092 3624 quia
2123 3556 2410 3609 traduntur
2434 3572 2576 3610 nunc
2615 3571 2812 3625 usque,
2852 3566 2909 3609 ut
2935 3555 3274 3610 contumeliis
3304 3554 3535 3610 alliciant

1967 3662 2190 3717 corpora
2228 3662 2343 3702 sua.
2369 3647 2601 3717 Originis
2641 3656 2820 3701 autem
2851 3647 2991 3701 illius
3033 3662 3174 3701 nunc
3212 3662 3381 3703 usque
3412 3655 3536 3701 sunt

1969 3740 2236 3804 homines,
2268 3740 2359 3809 qui
2387 3740 2636 3795 dicuntur
2672 3754 2893 3810 corpora
2936 3755 3031 3794 sua
3059 3738 3415 3794 dehonestare
3458 3740 3538 3793 iu-

1968 3832 2163 3887 vicem.
2193 3830 2325 3886 Cum
2354 3832 2605 3901 cogitatio
2642 3831 2835 3884 animae
2860 3831 2929 3885 sit
2956 3831 3009 3883 in
3036 3830 3280 3893 crimine,
3302 3824 3534 3896 corpora

1969 3926 2218 3979 dicuntur
2244 3924 2617 3988 dehonestari,
2652 3921 2859 3991 quare?
2894 3921 2994 3974 nisi
3024 3920 3148 3988 quia
3175 3918 3382 3973 macula
3413 3934 3532 3972 cor-

1965 4015 2115 4084 poris
2138 4014 2389 4067 indicium
2414 4020 2496 4066 est
2521 4012 2723 4081 peccati
2754 3998 2982 4075 animm;
3022 4026 3146 4065 cum
3169 4010 3312 4065 enim
3339 4024 3533 4080 corpus

1968 4092 2384 4167 contaminatur,
2429 4117 2586 4156 nemo
2613 4101 2834 4171 ambigit
2863 4101 3056 4155 animae
3086 4116 3205 4156 esse
3235 4111 3533 4170 peccatum.

1970 4191 2167 4262 (Cass.)
2198 4193 2431 4248 Credere
2462 4204 2635 4269 tamen
2661 4193 2975 4246 inconcussa
3006 4190 3109 4245 ﬁde
3138 4206 3233 4245 nos
3260 4192 3531 4255 convenit,

1968 4286 2101 4339 nihil
2128 4286 2243 4339 sine
2269 4286 2379 4340 Deo
2402 4298 2651 4353 prorsum
2677 4285 2729 4336 iu
2752 4284 2855 4337 hoc
2876 4281 3073 4336 mundo
3094 4282 3238 4350 geri;
3268 4288 3359 4334 aut
3385 4282 3527 4335 enim

1970 4374 2239 4428 voluntate
2284 4375 2398 4444 ejus
2440 4382 2529 4427 aut
2569 4372 2835 4442 permissu
2863 4372 2948 4442 agi
2975 4370 3223 4425 universa
3259 4369 3530 4424 fatendum

1967 4474 2065 4527 est,
2100 4472 2158 4518 ut
2198 4464 2405 4518 scilicet
2447 4464 2591 4527 haac,
2635 4476 2751 4531 qua:
2788 4462 2926 4517 bona
2960 4471 3114 4525 sunt,
3140 4460 3413 4514 voluntate
3440 4461 3533 4513 Dei

1956 4550 2154 4623 'perﬁci
2182 4552 2486 4621 auxilioque
2528 4551 2844 4613 credantur,
2889 4564 3005 4618 quae
3044 4556 3221 4603 autem
3256 4549 3527 4603 contraria

1973 4653 2119 4709 sunt,
2148 4644 2434 4713 permissu,
2465 4657 2584 4695 cum
2610 4655 2709 4709 pro
2738 4639 2988 4707 nequitiis
3029 4653 3093 4693 ac
3128 4638 3326 4692 duritia
3355 4639 3534 4693 cordis

1974 4734 2143 4789 nostri
2191 4734 2443 4786 deserens
2463 4746 2560 4784 nos
2583 4730 2758 4784 divina
2779 4728 3061 4799 protectio,
3090 4728 3355 4783 diabolum
3380 4729 3533 4783 nobis

1974 4824 2058 4879 vel
2105 4822 2483 4893 ignominiosas
2524 4819 2763 4889 corporis
2804 4818 3078 4887 passiones
3116 4819 3318 4887 patitur
3360 4817 3532 4872 domi-

1976 4913 2115 4977 nari,
2148 4911 2287 4980 quod
2313 4911 2475 4965 etiam
2502 4908 2727 4979 apostoli
2756 4907 2977 4961 vocibus
3001 4907 3397 4962 evidentissime
3415 4924 3532 4977 per-

1975 5005 2233 5059 docemur
2252 5001 2497 5063 dicentis,
2520 5006 2737 5067 propter
2760 4997 2902 5065 quod
2927 4996 3143 5050 tradidit
3166 4996 3284 5050 illos
3314 4996 3455 5050 Deus
3480 4998 3533 5049 in

1973 5097 2249 5166 passiones
2277 5089 2615 5162 ignominiaa;
2653 5096 2708 5142 et
2744 5087 2960 5150 iterum,
3001 5086 3123 5154 quia
3163 5100 3267 5139 non
3294 5084 3533 5138 credide~

1976 5192 2102 5238 runt
2140 5182 2304 5235 Deum
2349 5179 2545 5233 habere
2589 5176 2867 5241 notitiam,
2917 5174 3143 5229 tradidit
3162 5174 3281 5228 illos
3310 5172 3448 5228 Deus
3476 5173 3529 5227 in

1974 5274 2257 5343 reprobum
2306 5284 2563 5333 sensum,
2610 5276 2669 5320 ut
2717 5265 2917 5321 faciant
2960 5280 3023 5320 ea
3074 5279 3192 5334 qute
3235 5279 3344 5319 non
3398 5278 3529 5319 con-

1974 5364 2214 5417 veniunt.

2045 5452 2148 5518 Qui
2187 5455 2625 5505 commutaverunt
2650 5446 2910 5501 veritatem
2956 5444 3051 5499 Dei
3090 5446 3145 5499 in
3181 5443 3530 5510 mendacium,

1972 5555 2020 5601 et
2049 5544 2335 5605 coluerunt,
2362 5550 2408 5592 et
2431 5541 2712 5594 servierunt
2730 5548 2983 5591 creaturae
3001 5539 3171 5607 potius
3191 5553 3347 5607 quam
3372 5536 3531 5591 Crea-

1974 5635 2074 5686 tori
2084 5632 2199 5701 ,qui
2220 5639 2291 5684 est
2316 5630 2606 5683 benedictus
2632 5631 2687 5682 in
2707 5628 2919 5683 sarcula.
2946 5629 3126 5682 Amen.
3148 5628 3349 5697 (Δηὼ.)
3371 5626 3530 5681 Com-

1977 5730 2243 5775 mutantes
2268 5722 2546 5776 veritatem
2577 5719 2672 5775 Dei
2702 5721 2755 5775 in
2786 5718 3121 5775 mendacium
3140 5757 3154 5782 ,
3190 5719 3242 5772 id
3285 5726 3397 5781 est,
3437 5730 3529 5770 um
