3960 6338
449 336 770 396 ηθθη

1086 333 1148 389 Β.
1188 331 1442 388 RABANI
1481 331 1701 389 MAUBI
1736 328 2058 390 ARCIIIEP.
2098 308 2408 385 MOGUNT.
2448 325 2735 384 OPERUM
2768 326 2950 383 PARS
2988 328 3076 384 ιιι.

3582 334 3718 391 £300

449 465 575 506 men
615 449 713 505 Dei
752 447 847 519 qui
877 462 1038 503 verus
1073 453 1188 512 est,
1238 445 1504 500 dederunt
1531 447 1616 501 bis
1648 444 1739 517 qui
1768 458 1874 497 non
1910 450 2037 497 sunt

2149 462 2183 516 si
2224 461 2346 516 velit
2370 461 2568 533 eligere
2598 462 2764 517 vitam
2790 462 3097 529 Christum,
3129 473 3224 520 aut
3258 467 3314 522 in
3340 479 3578 525 mortem
3610 471 3725 526 dis-

447 540 555 607 dii;
582 532 853 609 lapidibus
880 537 1027 593 enim
1054 544 1110 591 et
1137 533 1299 607 lignis
1326 534 1407 590 vel
1434 531 1908 603 czeterisimetallis
1943 547 2037 585 au-

446 614 689 688 ferentes
714 631 859 701 quod
890 637 1035 693 sunt,
1069 628 1202 683 dant
1246 626 1354 683 illis
1383 628 1529 698 quod
1552 643 1660 683 non
1683 633 1909 693 sunt,-et
1931 625 2038 680 hoc

447 732 533 779 est
559 714 1067 775 immutare‘verum
1095 719 1151 773 in
1176 716 1393 789 falsum,
1422 733 1528 773 non
1546 719 1689 774 enim
1710 718 1821 789 jam
1841 730 2040 771 vocan-

448 822 541 869 tur
562 812 700 884 lapis
732 818 824 865 aut
849 810 1073 879 lignum,
1101 809 1194 863 sed
1216 808 1397 863 Deus:
1428 809 1533 863 hoc
1557 816 1643 863 est
1663 808 1870 863 servire
1886 816 2040 860 crea-

450 911 586 957 turas
607 902 785 973 potius
813 914 974 969 quam
1007 897 1276 955 Creatori.
1304 897 1419 953 Non
1448 906 1646 968 negant
1674 898 1820 951 enim
1845 896 2037 960 Deum,

450 988 547 1049 sed
562 993 805 1048 serviunt
825 999 1111 1057 creaturae,
1125 1007 1231 1061 quo
1250 983 1356 1045 nan
1379 997 1733 1054 excusantur,
1754 989 1847 1044 sed
1869 990 2037 1061 magis

450 1080 788 1150 incusantur,
821 1085 948 1154 quia
970 1078 1357 1156 cognoscentes
1394 1097 1500 1136 non
1531 1064 1804 1137 honorant
1833 1083 2038 1149 Deum,

447 1176 539 1247 qui
560 1186 634 1231 est
662 1176 962 1232 benedictus
998 1179 1055 1236 in
1095 1174 1312 1230 swcula.
1351 1175 1533 1228 Amen.
1576 1173 1687 1229 Hoc
1711 1181 1796 1229 est
1819 1189 2035 1237 verum,

450 1271 595 1325 Deus
626 1286 754 1325 vero
789 1271 1105 1325 benedictus
1130 1269 1206 1322 ait
1237 1269 1291 1323 in
1322 1267 1550 1331 saecula,
1594 1268 1721 1336 quia
1762 1274 2042 1340 permanet

451 1361 632 1427 Deus;
671 1350 774 1414 diis
801 1368 979 1415 autem
1004 1358 1245 1429 gentium
1276 1358 1341 1412 ad
1381 1366 1593 1427 tempus
1616 1356 1912 1427 impietatis
1954 1357 2045 1410 dat

450 1454 737 1517 honorem,
771 1453 893 1508 ideo
919 1467 1025 1507 non
1053 1461 1136 1506 est
1168 1465 1380 1514 verum,
1412 1450 1464 1502 in
1506 1448 1616 1501 Deo
1647 1456 1827 1503 autem
1864 1454 2047 1500 manet

450 1543 683 1609 veritas;
711 1544 851 1597 hanc
873 1541 1301 1598 benedictionem
1325 1538 1465 1594 idem
1487 1538 1778 1609 Apostolus
1797 1538 1903 1593 alio
1925 1539 2044 1593 loco
2074 1604 2079 1609 δ

450 1633 692 1703 assignat
718 1633 858 1687 inter
896 1642 1090 1687 czetera
1130 1633 1352 1703 dicens:
1385 1631 1538 1685 Elea:
1568 1629 1756 1702 quibus
1804 1628 2045 1685 Christus

2139 555 2319 610 bolum
2369 556 2669 621 declinare;
2716 556 2858 625 quod
2887 557 2945 612 si
2975 571 3274 628 agnoscens
3311 563 3495 617 anima
3531 563 3723 632 Deum,

2140 644 2413 701 Christum
2436 646 2603 701 vitam
2625 659 2776 700 suam
2801 645 3107 716 amplexata
3130 663 3238 703 non
3261 648 3448 716 fuerit,
3470 669 3563 708 nec
3586 654 3727 709 sicut

2141 734 2308 802 Deum
2330 736 2741 806 magniﬁcaverit
2772 746 2865 790 aut
2887 738 3084 808 gratias
3114 740 3290 809 egerit,
3332 742 3426 795 sed
3457 746 3730 799 consuerit

2140 824 2195 877 in
2216 824 2618 894 cogitationibus
2638 827 2768 891 suis,
2790 836 2838 881 et
2863 830 3140 883 mutauerit
3165 829 3391 900 gloriam
3412 833 3729 902 incorrupti-

2141 913 2258 968 bilis
2290 914 2387 969 Dei
2419 916 2473 972 in
2520 916 2921 971 similitudinem
2964 920 3210 989 imaginis
3249 924 3607 993 corruptibilis
3636 926 3733 978 Ito-

2140 1005 2295 1058 minis
2323 1015 2371 1059 et
2400 1008 2691 1069 volucrum,
2718 1020 2761 1059 es
2788 1006 3210 1078 quadrupedum,
3240 1020 3289 1063 et
3308 1015 3649 1081 serpentium,
3674 1024 3733 1070 et

2140 1096 2195 1150 in
2232 1097 2318 1152 his
2350 1098 2606 1155 omnibus
2649 1096 3002 1152 declinaverit
3050 1097 3115 1152 ad
3147 1109 3363 1155 carnem
3421 1110 3583 1171 atque
3634 1117 3733 1159 eos

2140 1191 2231 1259 qui
2254 1190 2437 1245 carnis
2461 1190 2743 1245 desideriis
2768 1188 2971 1256 favent,
2997 1191 3402 1262 derelinquetur
3428 1194 3546 1248 sine
3567 1194 3734 1250 dubio

2143 1289 2197 1335 et
2217 1282 2498 1343 deseretur
2520 1282 2588 1336 ab
2611 1281 2697 1336 his
2733 1282 2827 1351 qui
2850 1296 2968 1336 eam
2990 1281 3176 1338 favore
3198 1299 3295 1339 suo
3309 1294 3367 1339 ut
3384 1286 3595 1355 spiritui
3610 1286 3738 1355 jun-

2144 1380 2361 1443 gcretur
2402 1373 2745 1437 auimabant,
2772 1380 2825 1427 et
2853 1381 3151 1429 concedent
3192 1389 3310 1429 eam
3334 1417 3349 1441 ,
3386 1376 3472 1431 vcl
3519 1378 3732 1431 tradent

2145 1462 2432 1518 desideriis
2463 1463 2642 1518 cordis
2672 1463 2779 1528 sui,
2808 1464 3006 1533 quibus
3035 1466 3185 1519 carni
3214 1466 3455 1520 sociatur
3480 1476 3530 1522 et
3553 1467 3737 1522 adita:-

2146 1564 2264 1620 ret;
2309 1569 2484 1625 neque
2519 1556 2663 1610 enim
2701 1554 3052 1611 absisteutem
3099 1572 3219 1611 eam
3267 1572 3332 1612 ac
3376 1558 3736 1613 reluctantem

2146 1644 2214 1699 ad
2242 1660 2305 1700 ea
2332 1660 2450 1715 quae
2475 1645 2676 1717 refugit
2702 1661 2767 1700 ac
2802 1648 3008 1719 reSpuit
3052 1648 3412 1704 revocabunt:
3461 1652 3610 1719 cujus
3658 1650 3740 1705 rei

451 1725 739 1779 secundum
769 1712 981 1778 carnem
1003 1766 1017 1789 ,
1044 1726 1135 1795 qui
1164 1734 1238 1779 est
1270 1725 1569 1799 benedictus
1602 1740 1759 1795 super
1787 1725 1963 1779 omnia
1990 1723 2047 1777 in
2076 1804 2108 1808 ῃ
2148 1712 2437 1807 imaginisin
2457 1778 2470 1803 ,
2519 1736 2564 1793 si
2601 1712 2789 1793 ἶλαι]υο
2824 1712 3037 1794 viam".
3074 1738 3324 1808 obscura,
3372 1740 3466 1793 (an
3506 1712 3738 1808 ἀμπέλω

452 1816 669 1872 sweula.
696 1817 862 1873 Amen
889 1818 905 1888 (
928 1816 1081 1872 Rom.
1112 1818 1221 1886 Ix).
1252 1816 1381 1893 (Aut
1417 1826 1646 1886 uterque
1674 1817 1742 1870 ad
1771 1813 2047 1873 Christum

2152 1828 2338 1896 specie
2363 1827 2789 1882 manifestiorem
2810 1800 3215 1899 planioremque
3234 1829 3540 1884 reddemus.
3566 1829 3740 1883 Pona-

452 1909 751 1980 pertinens,
782 1916 875 1962 aut
909 1908 1097 1963 eadem
1122 1906 1260 1962 dixit
1286 1907 1352 1962 de
1370 1905 1666 1976 Filio,qute
1694 1914 1749 1960 et
1772 1905 1838 1959 de
1866 1904 2043 1959 Patre.

454 2000 654 2074 (0rig.)
687 1999 1022 2070 Frequenter
1055 2000 1108 2054 in
1134 1998 1431 2069 Scripturis
1467 1992 1773 2053 invenimus
1809 2003 1865 2050 et
1892 1996 2049 2051 nobis

453 2092 915 2163 smpe-dissertum
966 2080 1079 2165 est,
1107 2091 1249 2161 quod
1280 2091 1457 2152 homo,
1494 2089 1716 2160 spiritus
1741 2095 1797 2142 et
1829 2102 2047 2156 corpus,

455 2169 635 2239 anima
652 2198 774 2240 esse
795 2184 1038 2248 dicatur;
1065 2192 1250 2239 veram
1267 2198 1391 2237 cum
1408 2181 1624 2245 dicitur,
1643 2180 1767 2251 quia
1788 2194 1912 2233 caro
1934 2195 2052 2232 con-

455 2275 671 2343 cupiscit
689 2274 938 2329 adversus
958 2274 1221 2343 spiritum,
1238 2273 1453 2342 spiritus
1470 2281 1645 2325 autem
1662 2270 1911 2324 adversus
1933 2284 2049 2321 car-

457 2374 573 2421 nem
604 2362 748 2433 (Gal.
775 2366 851 2436 ν),
875 2366 1049 2419 media
1079 2364 1263 2435 procul
1288 2364 1450 2419 dubio
1471 2363 1691 2434 ponitur
1711 2363 2049 2435 anima,qu:n

454 2458 541 2515 vel
587 2455 871 2514 desideriis
914 2458 1135 2528 spiritus
1171 2456 1505 2525 acquiescat,
1534 2454 1619 2509 vel
1645 2454 1828 2509 carnis
1852 2468 2044 2509 concu-

455 2534 737 2622 piscentiis
762 2549 1071 2603 inclinetur.
1104 2548 1172 2602 Et
1196 2548 1240 2602 si
1271 2547 1489 2616 quidem
1512 2562 1572 2601 se
1598 2545 1842 2614 junxerit
1866 2545 2047 2610 carni,

456 2655 623 2694 unum
664 2654 787 2693 cum
824 2655 889 2693 ea
926 2654 1120 2708 corpus
1158 2638 1215 2691 in
1256 2635 1490 2697 libidine,
1509 2646 1565 2690 et
1600 2635 2063 2711 concupiscentiis-

457 2729 575 2800 ejus
622 2729 882 2795 etlicitur;
936 2730 981 2785 si
1024 2744 1150 2784 vero
1194 2743 1252 2783 se
1296 2727 1588 2782 sociaverit
1628 2725 1879 2796 spiritui,
1910 2741 2050 2781 unus

458 2839 583 2879 cum
618 2838 680 2876 ea
705 2823 927 2893 Spiritus
953 2823 1074 2876 erit.
1105 2822 1309 2876 Idcirco
1336 2820 1569 2890 denique
1597 2820 1664 2877 de
1692 2821 1796 2884 his,
1822 2834 2050 2889 quorum

460 2930 518 2969 se
549 2914 743 2968 animus
769 2928 833 2969 ex
874 2913 1083 2983 integro
1111 2928 1232 2968 cum
1255 2926 1418 2967 carne
1446 2909 1756 2978 iunxerant,
1788 2910 1919 2964 dicit
1941 2909 2051 2963 Do-

462 3005 639 3057 minus
678 3004 730 3055 iu
778 3000 1113 3071 Scripturis:
1158 3002 1280 3055 Jam
1326 3016 1429 3054 non
1468 3000 1788 3070 permanebit
1819 2997 2051 3068 Spiritus

460 3112 608 3150 meus
635 3096 690 3149 in
716 3094 1011 3149 hominibus
1033 3094 1167 3157 istis,
1206 3093 1330 3163 quia
1355 3108 1478 3145 caro
1504 3102 1626 3145 sunt
1653 3089 1804 3161 (Cen.
1836 3090 1945 3160 vr);
1980 3090 2045 3144 de

462 3188 548 3242 his
571 3196 751 3241 autem
774 3202 1004 3257 quorum
1032 3152 1410 3241 fuerat-anima
1433 3184 1645 3255 spiritui
1668 3184 1895 3249 sociata,
1911 3182 2049 3252 Δρο-
2074 3152 2119 3215 C

462 3277 634 3333 stolus
656 3278 787 3333 dicit
813 3295 825 3331 :
860 3274 961 3330 Vos
986 3286 1159 3329 autem
1184 3292 1287 3329 non
1308 3276 1430 3329 estis
1458 3275 1512 3327 in
1534 3291 1713 3338 carne,
1740 3273 1830 3327 sed
1858 3276 1913 3328 in
1940 3275 2051 3343 spi-

464 3369 570 3421 ritu
596 3366 767 3435 (Rom.
799 3368 937 3435 vm).
969 3366 1105 3420 Sunt
1130 3376 1415 3435 praeterea,
1441 3365 1582 3419 sicut
1605 3364 1657 3417 in
1687 3364 1870 3419 multis
1900 3363 2051 3419 Scri-

463 3471 638 3534 ptura:
679 3461 812 3517 locis
856 3460 1186 3525 invenimus,
1231 3458 1395 3513 etiam
1438 3457 1720 3526 utriusque
1756 3457 1929 3526 partis
1967 3458 2053 3512 vel

466 3554 747 3624 utriusque
773 3553 876 3607 via:
913 3551 1155 3607 fautores
1201 3550 1420 3620 quidam
1451 3558 1506 3603 et
1535 3548 1810 3618 adjutores
1842 3549 2050 3623 angeli,

475 3662 593 3701 nam
625 3646 805 3701 carnis
831 3643 1280 3714 concupiscentiae
1321 3641 1582 3696 adversus
1621 3641 1868 3710 spiritum
1910 3639 2055 3696 favet

485 3737 731 3801 liabolus,
773 3743 829 3791 et
865 3734 1036 3805 angeli
1062 3732 1180 3802 ejus
1204 3741 1259 3788 et
1288 3746 1476 3787 omnes
1506 3730 1777 3809 Spiritales
1804 3732 2055 3801 nequitiae

494 3849 526 3887 n
561 3830 871 3891 coelestibus
895 3828 1111 3900 (Ephes.
1142 3828 1241 3895 vr),
1270 3826 1560 3893 cunctique
1601 3825 1884 3880 adversum
1920 3810 2054 3894 quos

476 3922 782 3978 hominibus
819 3922 1089 3977 luctamen
1130 3927 1247 3983 est,
1285 3918 1619 3988 principatus
1648 3925 1702 3972 et
1729 3926 2051 3987 potestates,

474 4022 531 4068 et
577 4012 763 4067 mundi
808 4010 968 4080 hujus
1015 4018 1252 4064 rectores
1297 4009 1684 4081 tenebrarum;
1723 4023 1754 4062 e
1783 4008 2055 4063 contrario

473 4119 604 4159 vero
641 4102 851 4173 spiritui
895 4100 1153 4154 adversus
1192 4113 1411 4153 carnem
1456 4097 1752 4151 decertanti
1794 4092 2056 4151 animam-

476 4210 581 4266 que
599 4196 914 4258 humanam,
934 4208 1053 4262 quae
1073 4192 1246 4246 media
1270 4190 1458 4254 est,ad
1478 4206 1535 4245 se
1558 4204 1815 4244 revocare
1838 4190 2055 4244 conanti

478 4285 859 4355 faventangeli
887 4284 1163 4338 hominum
1188 4274 1377 4337 omnes
1405 4282 1515 4347 illi,
1546 4283 1612 4337 de
1649 4282 1845 4352 quibus
1878 4283 2057 4337 Domi-

478 4392 581 4433 nus
607 4377 683 4430 ait
712 4394 725 4429 :
757 4375 881 4445 quia
922 4373 1089 4443 angeli
1122 4388 1300 4426 eorum
1338 4372 1507 4425 vident
1551 4373 1738 4441 faciem
1774 4372 1948 4427 Patris
1976 4390 2059 4427 ve-

2150 1922 2272 1972 mus
2299 1932 2418 1973 esse
2444 1918 2659 1988 aliquod
2684 1917 3038 1985 domicilium,
3068 1920 3121 1973 in
3152 1934 3260 1989 quo
3283 1935 3405 1975 cum
3435 1936 3667 1989 corpore
3687 1928 3740 1975 ct

2149 2008 2363 2076 spiritu,
2386 2008 2529 2062 velut
2556 2024 2676 2062 cum
2701 2009 2910 2064 duobus
2940 2010 3267 2066 consiliariis
3296 2011 3503 2067 habitet
3526 2013 3735 2075 anima;

2150 2114 2250 2170 pro
2286 2100 2493 2156 {oribus
2543 2108 2675 2156 Vero
2712 2100 2871 2169 hujus
2913 2102 3169 2157 domicilii
3218 2110 3401 2157 astare
3443 2096 3735 2171 pietatem,

2151 2206 2449 2261 omnesque
2478 2206 2599 2245 cum
2621 2206 2686 2246 ea
2707 2192 2965 2246 virtutes:
2991 2208 3060 2247 ex
3082 2191 3185 2246 alia
3211 2207 3341 2247 vero
3362 2201 3517 2264 parte
3560 2193 3738 2263 impie-

2150 2288 2351 2345 tatem,
2383 2290 2679 2351 omnesqne
2718 2281 3053 2335 luxuriarum
3087 2284 3152 2337 ac
3181 2276 3464 2339 libidinum
3484 2283 3735 2349 -formas,

2151 2380 2207 2428 et
2227 2382 2545 2442 exspectare
2571 2374 2766 2427 anima:
2789 2381 3000 2438 nutum,
3017 2378 3179 2443 quem
3204 2384 3273 2430 ex
3302 2366 3636 2446 duobuspro
3663 2376 3738 2431 to-

2152 2466 2302 2521 ribus
2338 2466 2751 2521 observantibus
2793 2459 3017 2521 ChOrum
3056 2467 3323 2523 introduci
3349 2470 3416 2523 ad
3448 2485 3506 2525 se
3529 2470 3737 2525 deside-

2151 2569 2255 2627 ret,
2287 2573 2446 2629 quem
2470 2557 2692 2628 repelli?
2714 2556 2902 2613 Nonne
2930 2558 2975 2613 si
3008 2558 3218 2627 spiritui
3254 2560 3664 2628 obtemperans.
3686 2568 3736 2616 et

2152 2651 2362 2706 meliori
2417 2666 2512 2706 usa
2554 2649 2884 2713 consiliario,
2930 2644 3145 2720 pietatis
3182 2660 3236 2704 et
3280 2651 3555 2721 pudicitia:
3592 2652 3655 2705 ad
3684 2666 3734 2707 se

2151 2745 2462 2800 evocaverit
2489 2744 2737 2808 chorum,
2768 2742 2857 2797 ille
2888 2744 3027 2799 alius‘
3068 2737 3281 2814 spretus
3320 2746 3733 2813 repudiatusqae

2154 2834 2441 2889 discedet?
2480 2833 2537 2888 Si
2564 2848 2693 2887 vero
2721 2833 2900 2888 carnis
2932 2843 3026 2888 usa
3072 2833 3314 2889 consiliis
3352 2834 3647 2903 impietatis
3672 2835 3733 2889 ad

2155 2940 2215 2980 se
2242 2933 2297 2980 et
2332 2924 2571 2979 libidinis
2602 2924 2964 2981 introduxerit
2993 2924 3225 2980 turmam
3248 2965 3263 2991 ,
3290 2925 3470 2980 beluis
3499 2925 3586 2978 illa
3615 2940 3731 2979 ssn-

2153 3015 2357 3070 ctitatis
2410 3020 2463 3069 et
2488 3015 2707 3085 pietatis
2732 3028 2960 3077 corona,
2992 3014 3076 3070 cui
3110 3015 3375 3070 malorum
3402 3016 3584 3069 anima
3617 3030 3730 3070 con-

2156 3106 2339 3161 silium
2360 3106 2614 3176 praetulit,
2644 3106 2791 3174 justa
2816 3121 2939 3162 cum
2972 3095 3341 3178 indignatione
3373 3109 3619 3171 recedet,
3653 3124 3733 3163 re-

2150 3195 2403 3266 linquens
2444 3209 2563 3249 eam
2602 3192 2885 3251 desideriis
2910 3195 3090 3251 cordis
3129 3196 3246 3262 sui,
3277 3204 3338 3249 ut
3362 3196 3657 3267 ignominia
3686 3208 3735 3251 et

2151 3286 2489 3343 contumeliis
2525 3286 2723 3341 alliciat
2750 3286 2946 3355 corpus
2983 3296 3149 3340 suum
3174 3287 3227 3340 in
3260 3288 3552 3357 semetipsa
3574 3329 3588 3352 ,
3623 3303 3737 3357 qua'

2152 3378 2505 3433 commutavit
2522 3377 2809 3432 veritatem
2824 3375 2920 3431 Dei
2935 3374 2990 3429 in
3006 3376 3309 3440 mendacio,
3328 3383 3383 3431 et
3398 3376 3738 3432 introduccns

2152 3466 2219 3522 ad
2242 3482 2299 3521 se
2327 3466 2655 3537 impietatem
2676 3473 2733 3520 et
2756 3464 3126 3520 infelicitatem
3153 3466 3281 3520 colit
3299 3475 3355 3520 et
3378 3468 3547 3521 servit
3566 3467 3739 3535 potius

2152 3566 2413 3612 creaturae
2430 3571 2590 3625 quam
2609 3554 2872 3621 Creatori,
2888 3557 2981 3624 qui
3003 3565 3088 3611 est
3106 3556 3427 3611 benedictus
3450 3557 3503 3610 in
3523 3558 3736 3613 secula.

2155 3647 2337 3720 (Aug.)
2366 3647 2653 3718 lntelligite
2693 3646 3022 3716 prudenter,
3068 3654 3161 3699 aut
3201 3646 3556 3701 simulacrum
3598 3650 3740 3703 enim

2134 3740 2357 3805 .eolunt,
2388 3748 2481 3794 aut
2518 3746 2855 3804 creaturam;
2888 3737 2978 3806 qui
3017 3736 3364 3792 simulacrum
3408 3740 3571 3801 colit.
3614 3755 3743 3795 con-

2132 3832 2316 3886 ‘vertit
2340 3830 2623 3886 veritatem
2662 3829 2757 3885 Dei
2789 3829 2843 3884 in
2882 3814 3219 3883 mendacium
3247 3846 3262 3895 ;
3307 3845 3433 3885 nam
3466 3844 3617 3887 mare
3646 3848 3743 3885 ve-

2154 3926 2288 3979 ritas
2333 3931 2432 3987 est,
2470 3921 2749 3993 Neptunus
2796 3928 2975 3976 autem
3024 3921 3386 3987 mendacium,
3440 3920 3638 3977 factum
3673 3925 3742 3977 ab

2156 4014 2372 4069 homine
2398 4027 2659 4068 conversa
2698 4010 2931 4065 veritate
2972 4010 3068 4066 Dei
3110 4011 3165 4064 in
3207 4012 3584 4077 mendacium,
3612 4016 3740 4083 quia

2156 4106 2297 4161 Deus
2322 4104 2449 4159 fecit
2478 4119 2649 4167 mare;
2680 4102 2840 4156 homo
2877 4096 3056 4162 autem
3085 4101 3436 4156 simulacrum
3475 4101 3739 4173 Neptuni;

2126 4180 2235 4252 isic
2276 4197 2417 4251 Deus
2456 4194 2583 4249 fecit
2622 4202 2677 4248 et
2719 4191 2918 4257 solem,
2963 4191 3126 4245 homo
3161 4196 3341 4245 autem
3392 4192 3739 4247 simulacrum

2160 4287 2291 4342 solis
2314 4285 2560 4341 faciendo
2580 4283 2848 4339 convertit
2876 4283 3154 4337 veritatem
3186 4282 3277 4336 Dei
3302 4283 3357 4336 in
3380 4284 3739 4339 mendacium.

2158 4376 2265 4433 Sed
2294 4392 2361 4431 ne
2381 4376 2582 4441 dicant,
2611 4374 2715 4429 ndn
2747 4373 2866 4428 colu
2895 4373 3261 4437 simulacrum,
3280 4374 3371 4427 sed
3397 4375 3566 4429 solem
3598 4377 3739 4441 colo,

477 4468 602 4531 stri,
636 4465 726 4536 qui
769 4465 823 4517 in
869 4462 1007 4516 caelis
1044 4471 1149 4525 est,
1189 4459 1256 4515 de
1294 4460 1489 4530 quibus
1525 4450 1914 4530 Apostolus‘ud
1946 4459 2049 4515 He-

2160 4468 2280 4523 ideo
2310 4466 2443 4520 dixit
2470 4483 2482 4518 :
2506 4464 2808 4537 \Coluerunt
2844 4465 3017 4534 potius
3052 4474 3347 4518 creaturam
3386 4482 3555 4536 quam
3579 4466 3741 4522 Cren-

476 4557 654 4612 braeos
681 4555 848 4609 dicit:
883 4553 1073 4607 Nonne
1106 4567 1279 4604 omnes
1311 4550 1537 4603 ministri
1566 4559 1685 4603 sunt
1715 4550 1945 4620 spiritus,
1985 4550 2052 4602 ad

477 4646 828 4702 ministerium
850 4641 1016 4705 missi,
1034 4649 1242 4709 propter
1260 4656 1347 4692 eos
1361 4640 1451 4708 qui
1466 4640 1821 4693 lucreditatem
1842 4640 2053 4708 capiunt

477 4734 693 4790 salutis?
708 4732 892 4804 (Hebr.
911 4731 971 4801 ι).
989 4728 1154 4783 Favet
1168 4738 1223 4783 et
1238 4729 1350 4797 ipse
1367 4728 1647 4793 Dominus,
1662 4730 1750 4797 qui
1764 4728 1927 4783 etiam
1944 4720 2055 4783 ani-

480 4842 623 4881 mam
653 4840 805 4879 suam
830 4823 981 4893 ponit
1019 4836 1117 4892 pro
1152 4810 1340 4874 ovibus
1378 4820 1489 4875 suis
1531 4818 1711 4889 (Joan.
1743 4818 1820 4890 x).
1846 4810 1959 4875 Sed
1987 4834 2054 4875 ex

480 4925 711 4983 utraque
740 4917 891 4983 parte
918 4910 1119 4965 favoris
1146 4910 1426 4979 disciplina
1467 4920 1747 4974 servatur,
1774 4926 1879 4964 non
1911 4912 2052 4964 enim

478 5006 533 5058 vi
567 5019 653 5058 res
692 5004 888 5071 agitur,
934 4989 1106 5070 neque
1150 5000 1469 5054 necessitate
1499 5000 1551 5053 in
1580 5000 1804 5054 alteram
1830 5007 2053 5067 (partem

481 5096 658 5151 anima
695 5092 1013 5152 declinatur,
1058 5091 1292 5160 alioquin
1332 5105 1433 5144 nec
1466 5090 1621 5158 culpa
1657 5090 1729 5155 ei,
1758 5105 1856 5143 nec
1884 5091 2055 5144 virtus

479 5192 663 5253 posset
698 5181 925 5244 ascribi,
964 5195 1063 5235 nec
1095 5180 1224 5233 boni
1248 5180 1438 5234 electio
1476 5180 1784 5250 praemium,
1830 5194 1928 5233 nec
1964 5179 2056 5234 de-

482 5272 702 5329 clinatio
727 5269 852 5324 mali
882 5269 1201 5339 supplicium
1230 5276 1564 5332 mereretur,
1608 5269 1701 5321 sed
1732 5276 1979 5321 servatur
2004 5269 2054 5322 ei

482 5366 536 5420 in
563 5363 812 5417 omnibus
840 5360 1057 5413 libertas
1085 5359 1316 5419 arbitrii,
1341 5367 1400 5411 ut
1429 5359 1481 5411 in
1513 5358 1657 5427 quod
1683 5358 1913 5412 voluerit
1940 5358 2053 5426 ipsa

484 5454 735 5516 declinet,
772 5452 910 5507 sicut
940 5452 1198 5519 scriptum
1223 5458 1307 5503 est
1332 5467 1345 5502 :
1387 5449 1522 5503 Ecce
1547 5444 1695 5519 posui
1720 5460 1838 5515 ante
1866 5450 2052 5517 faciem

485 5555 629 5597 tuam
650 5544 831 5605 vitam,
863 5553 908 5595 et
931 5551 1169 5604 mortem,
1199 5540 1368 5609 ignem
1397 5550 1442 5593 et
1477 5558 1666 5611 aquam
1704 5540 1895 5609 (Eccli.
1921 5541 2011 5609 ιν)
2036 5559 2050 5606 ;

484 5636 595 5689 vita
618 5650 747 5705 ergo
777 5631 1023 5687 Christus
1054 5640 1154 5693 est,
1184 5642 1237 5685 et
1261 5645 1407 5684 mors
1434 5632 1757 5686 novissimus
1785 5632 2052 5697 inimicus,

486 5728 577 5798 qui
613 5734 695 5782 est
723 5724 985 5781 diabolus.
1027 5723 1201 5778 Habet
1222 5737 1352 5793 ergo
1381 5723 1435 5777 in
1461 5722 1685 5777 arbitrio
1712 5739 1811 5779 suo
1836 5724 2015 5779 anima
2035 5766 2049 5790 ,

2159 4567 2341 4611 torem.
2369 4554 2474 4610 Sed
2496 4570 2576 4608 vzc
2604 4553 2720 4618 tibi,
2743 4553 2785 4607 si
2810 4554 3074 4608 amaveris
3096 4554 3330 4618 condita,
3355 4563 3411 4608 et
3434 4557 3741 4613 deSerueris

2158 4630 2509 4701 Creatorem:
2539 4642 2760 4713 pulchra
2796 4641 2891 4696 tibi
2932 4649 3090 4706 sunt,
3140 4643 3234 4704 sed
3280 4651 3485 4713 quanto
3529 4644 3618 4700 ille
3658 4659 3737 4704 est

2158 4734 2451 4806 pulchrior,
2483 4733 2571 4801 qui
2602 4733 2703 4787 ista
2743 4732 3033 4788 formavit?
3073 4732 3315 4788 lntendat
3359 4734 3610 4793 Charitas
3646 4752 3740 4791 ve-

2159 4832 2296 4889 stra,
2328 4837 2395 4876 ne
2437 4823 2690 4891 subrepat
2715 4821 2867 4877 vobis
2906 4818 3135 4876 Satanas
3163 4822 3383 4891 dicens,
3428 4833 3571 4896 quod
3600 4828 3741 4884 solet

2161 4917 2360 4981 dicere,
2390 4916 2533 4971 Bene
2578 4918 2730 4972 nobis
2768 4918 2838 4971 sit
2865 4918 2919 4970 in
2952 4927 3200 4971 creatura
3232 4917 3348 4983 Dei,
3374 4936 3541 4989 quare
3588 4923 3735 4976 illam

2156 5008 2303 5071 fecit,
2333 5008 2438 5063 nisi
2479 5017 2540 5062 ut
2581 5010 2717 5063 bene
2745 5008 2815 5061 sit
2846 5008 3020 5071 nobis,
3056 5016 3112 5062 et
3154 5007 3528 5076 iuebriantur,
3556 5020 3609 5065 et
3637 5027 3733 5081 pe-

2155 5107 2313 5154 reunt
2356 5108 2411 5153 et
2451 5099 2841 5154 obliviscuntur
2883 5098 3192 5153 Creatorem
3233 5109 3425 5164 situm,
3466 5101 3592 5156 dum
3625 5119 3732 5158 non

2156 5211 2476 5272 temperant,
2505 5205 2598 5259 sed
2627 5201 2816 5273 Cupide
2846 5213 3071 5258 utuntur
3097 5206 3315 5269 Creatis,
3347 5204 3573 5261 Cleator
3603 5223 3734 5262 con—

2157 5303 2431 5368 temnitur,
2462 5304 2527 5358 de
2550 5295 2744 5359 talibus
2768 5303 2897 5358 dicit
2925 5303 3229 5371 Apostolus,
3255 5302 3535 5360 Coluerum
3552 5333 3603 5361 ιι
3624 5324 3735 5362 ser-

2155 5405 2354 5458 vierunt
2380 5415 2633 5459 creatura:
2660 5404 2829 5473 potius
2856 5421 3012 5473 quam
3035 5403 3272 5459 Creatori
3292 5446 3308 5470 ,
3338 5408 3430 5467 qui
3463 5419 3535 5461 est
3574 5409 3731 5462 bene-

2154 5507 2322 5559 dictus
2350 5507 2405 5559 in
2440 5506 2651 5560 swcula.
2691 5504 2805 5559 Non
2850 5514 2901 5560 te
2940 5505 3187 5575 prohibet
3215 5504 3356 5561 Deus
3385 5523 3568 5563 amare
3595 5509 3729 5570 ista.

2154 5604 2247 5672 sed
2280 5604 2633 5669 nondiligere
2671 5603 2736 5657 ad
2772 5603 3184 5668 beatitudinem,
3216 5605 3309 5659 sed
3338 5606 3641 5675 approbare
3675 5613 3733 5660 et

2155 5703 2396 5768 laudare,
2418 5710 2481 5758 ut
2499 5717 2648 5757 ames
2668 5700 3005 5769 Creatorem;
3022 5717 3151 5773 ergo
3171 5703 3317 5760 dedit
3344 5706 3438 5763 tibi
3460 5704 3605 5759 Deus
3625 5705 3725 5758 ista
