3960 6342
182 432 320 490 1301

749 426 1290 488 ENARRATIONUM
1328 430 1398 487 1N
1436 430 1584 487 EPP.
1619 428 1820 486 PAULI
1859 431 1982 486 LIB.
2020 433 2061 487 l.
2101 463 2170 475 —
2204 434 2271 489 ΙΝ
2306 435 2523 494 EPIST.
2563 438 2656 493 AD
2692 435 2857 496 ROH.

3274 441 3413 497 i303

180 540 377 611 omnia,
406 560 528 600 ama
554 543 701 599 illum
719 585 733 609 ,
762 546 851 614 qui
880 544 1034 610 fecit,
1061 544 1180 614 plus
1207 552 1292 600 est
1329 545 1471 614 quod
1513 542 1607 599 tibi
1633 542 1747 596 vult
1772 547 2011 607 Atatem
2038 549 2231 603 horum
2267 550 2600 605 aestimarunt
2622 549 3149 623 ineuriosumqDeum
3170 552 3415 623 judican-

183 641 329 703 dare,
353 636 408 692 id
433 646 533 700 est,
563 638 820 707 seipsum,
851 637 943 706 qui
973 637 1074 691 ista
1104 635 1248 691 fecit.

247 727 528 798 Propterea
564 729 779 783 tradidit
810 728 928 783 illos
968 728 1107 784 Deus
1123 733 1178 782 in
1213 728 1477 790 passiones
1513 731 1737 797 ignomi-

185 821 297 874 aiw.
356 816 497 873 Nam
551 820 757 888 feminw
786 834 963 873 eorum
1009 820 1407 872 immutaverunt
1448 821 1740 872 naturalem

182 927 327 966 usum
407 912 461 964 in
515 927 631 965 eum
692 927 845 964 usum
922 909 1011 978 qui
1089 917 1164 961 est
1222 924 1402 962 contra
1476 918 1737 962 naturam.

182 999 410 1071 (Ambr.)
436 1000 558 1055 Hice
578 1001 715 1054 irato
742 1000 850 1052 Deo
879 1005 1100 1066 propter
1127 982 1486 1075 idololatriam
1505 999 1743 1051 humano

181 1092 360 1161 generi
390 1090 698 1160 provenisse
725 1094 1053 1153 testatur,ut
1078 1086 1269 1143 mulier
1292 1087 1570 1141 mulierem
1601 1086 1743 1157 turpi

180 1180 442 1237 desiderio
464 1179 529 1233 ad
559 1194 713 1234 usum
739 1187 1033 1251 appeteret,
1065 1177 1205 1245 quod
1233 1176 1453 1246 quidam
1484 1176 1641 1230 aliter
1666 1176 1745 1230 in-

182 1279 560 1343 terpretantur,
596 1286 698 1324 non
733 1270 1116 1340 perspicientes
1149 1268 1257 1321 vim
1301 1267 1448 1322 dicti.
1493 1266 1629 1333 Quid
1665 1276 1747 1320 est

179 1363 323 1418 enim
365 1361 649 1415 immutare
690 1358 985 1413 naturalem
1040 1372 1191 1411 usum
1225 1357 1278 1409 in
1322 1372 1443 1411 cum
1470 1371 1625 1409 usum
1655 1356 1744 1424 qui

181 1462 266 1517 est
291 1456 477 1506 contra
505 1462 774 1511 naturam.
805 1448 908 1502 nisi
948 1436 1158 1501 sublato
1192 1462 1448 1501 concesso
1471 1463 1568 1500 usu
1594 1447 1749 1500 aliter

179 1543 281 1607 uti,
307 1550 365 1595 ut
392 1556 494 1595 una
518 1549 677 1609 atque
698 1521 883 1594 eadem
905 1554 1031 1607 pars
1060 1537 1301 1607 corporis
1329 1538 1747 1607 uniuscujusque

184 1633 324 1687 inter
369 1647 427 1687 se
464 1632 691 1686 invicem
717 1645 877 1685 sexus
948 1629 1103 1684 aliter
1133 1644 1189 1683 se
1218 1629 1283 1682 ad
1314 1645 1466 1682 usum
1515 1630 1750 1697 praebeat

180 1740 343 1794 quam
379 1739 691 1779 concessum
721 1723 839 1777 est?
865 1722 998 1775 Nam
1036 1723 1078 1777 si
1110 1722 1198 1776 illa
1227 1730 1309 1776 est
1336 1738 1460 1792 pars
1490 1723 1747 1790 corporis,

179 1832 345 1886 quam
374 1826 580 1885 putant,
613 1816 877 1886 quomodo
904 1816 1321 1870 immutaverunt
1346 1831 1495 1869 usum
1526 1825 1748 1878 uatum,

1840 646 1941 703 tes,
1966 655 2030 695 ac
2058 654 2157 710 per
2181 640 2284 695 hoc
2311 640 2717 712 negligendum;
2761 642 2887 697 hinc
2928 643 3167 698 additum
3210 654 3315 712 est,
3357 653 3419 702 ut

1840 735 2011 804 magis
2030 749 2093 790 ac
2123 736 2293 806 magis
2313 736 2565 802 hebetati,
2601 736 2668 790 ad
2694 739 2872 793 omnia
2910 739 3050 793 mala
3090 740 3417 797 admittenda

1843 822 2037 901 ﬁerent
2076 826 2457 894 promptiores,
2508 833 2567 879 ut
2602 823 2763 891 facta,
2815 813 2935 896 quae
2977 828 3286 884 hominibus
3314 845 3417 884 non

1843 915 2179 987 ambigerent
2191 916 2493 985 displicere,
2510 914 2677 971 Deum
2699 917 2981 971 crederent
3002 933 3107 972 non
3124 918 3417 974 vindicare.

1843 1004 1995 1060 Nunc
2042 1014 2324 1059 enumerat
2351 1006 2530 1059 omnia
2571 1004 2733 1069 mala,
2784 1020 2902 1073 qua:
2939 1005 3043 1060 illis
3078 1008 3419 1076 superaddita

1844 1104 1986 1161 sunt,
2016 1104 2071 1149 ut
2099 1096 2181 1150 vel
2197 1096 2274 1150 sic
2290 1095 2537 1150 conversi
2563 1095 2631 1148 ad
2652 1094 2948 1149 naturalem
2972 1097 3321 1161 intellectum,
3347 1097 3420 1150 in-

1848 1184 2165 1256 telligerent,
2198 1187 2337 1241 irato
2380 1186 2509 1251 Deo,
2544 1186 2658 1239 hare
2686 1186 2787 1240 sibi
2835 1188 3143 1255 provenisse
3173 1206 3185 1241 :
3219 1186 3420 1260 (Greg.)

1849 1276 1977 1344 quia
2010 1277 2150 1329 enim
2177 1278 2457 1331 Dominum
2482 1275 2782 1347 gloriﬁcare
2808 1276 3115 1342 noluerunt,
3150 1294 3307 1348 quem
3338 1294 3423 1333 co-

1847 1375 2164 1435 gnoverunt,
2192 1369 2419 1434 reprobo
2469 1383 2649 1433 sensu,
2678 1370 2744 1422 ad
2793 1370 2896 1423 hoc
2949 1369 3121 1423 relicti
3172 1380 3311 1436 sunt,
3362 1381 3424 1425 ut

1847 1459 2120 1513 nescirent
2170 1459 2331 1511 etiam
2373 1474 2599 1527 pensare
2638 1461 2774 1514 mala
2829 1476 2948 1530 quas
3000 1460 3287 1516 faciebant.
3326 1461 3425 1515 Rc-

1847 1550 2031 1618 pletos,
2061 1549 2155 1613 ait,
2182 1548 2321 1602 omni
2362 1549 2651 1617 iniquitate.
2708 1550 2912 1622 (Amb.)
2964 1550 3061 1606 Hic
3116 1552 3423 1605 summatim

1848 1636 2059 1691 locutus
2084 1644 2187 1700 est,
2219 1645 2273 1690 et
2317 1637 2539 1707 subjecit
2568 1637 2807 1691 membra
2837 1639 3151 1707 iniquitatis.
3194 1638 3421 1704 Malitia,

1852 1729 2210 1796 fornicatione.
2260 1728 2385 1783 Haec
2432 1728 2713 1783 fornicatio
2747 1730 2908 1783 habet
2940 1730 2994 1781 in
3033 1745 3089 1784 se
3118 1738 3173 1783 et
3220 1729 3424 1784 adulte-

1853 1820 1989 1873 rium
2017 1836 2031 1873 :
2072 1821 2115 1874 si
2136 1822 2279 1874 enim
2317 1821 2539 1875 dixisset
2579 1822 2921 1886 adulterium,
2949 1822 3230 1875 videbatur
3259 1837 3425 1876 excu-

179 1896 981 1985 cumnonhabeanthujusmodi
999 1922 1150 1959 usum
1168 1906 1638 1959 datumanatura?
1659 1904 1757 1959 Su-
1780 1883 1828 1947 Β
1857 1923 1977 1962 sarc
2010 1904 2441 1973 fornicationem,
2491 1910 2629 1963 sicut
2662 1910 2805 1979 leges
2834 1910 3108 1976 Romanae,
3141 1910 3258 1965 ideo
3286 1911 3430 1979 quod

176 1999 361 2067 perius
383 1998 494 2065 jam
530 1998 751 2052 traditos
777 1997 986 2050 dixerat
1020 1997 1072 2049 in
1096 1997 1519 2059 immunditiam,
1545 2011 1647 2049 non
1676 2003 1754 2048 ta—

177 2101 301 2141 men
328 2086 613 2154 qualitates
641 2085 818 2152 operis
849 2084 1197 2139 immunditize
1230 2084 1396 2151 ipsius
1424 2084 1749 2148 ostenderat,

175 2176 413 2243 proque
437 2189 577 2226 nunc
597 2173 870 2228 declarat:
906 2174 1163 2228 Similiter
1210 2184 1381 2227 autem
1426 2184 1473 2226 et
1510 2174 1751 2237 masculi,

177 2264 358 2318 relicto
407 2264 635 2318 naturali
668 2281 764 2317 usu
818 2264 1040 2332 feminm,
1071 2274 1373 2318 exarserunt
1404 2266 1455 2318 in
1484 2264 1753 2317 desideriis

176 2355 288 2408 suis
315 2342 553 2419 inricem,
578 2354 798 2408 masculi
826 2356 879 2409 in
910 2355 1191 2420 masculos,
1231 2356 1601 2425 turpitudinem
1639 2372 1754 2425 ope-

179 2454 376 2498 rantes.
408 2444 559 2509 Nunc
581 2444 961 2509 inanifestavit,
992 2446 1257 2515 quomodo
1282 2446 1526 2515 superius
1553 2449 1617 2501 de
1637 2463 1753 2500 mu—

178 2533 422 2597 lieribus,
455 2534 595 2606 quod
635 2534 789 2598 dixit,
834 2535 1055 2605 intelligi
1085 2537 1292 2597 debeat,
1329 2538 1541 2603 quando
1572 2547 1749 2591 autem

178 2622 430 2691 subjecit,
447 2611 682 2677 similiter
702 2635 747 2677 et
762 2624 1003 2689 masculi,
1027 2626 1209 2679 dicens
1230 2635 1532 2678 exarserunt
1556 2627 1606 2679 in
1626 2627 1755 2680 desi-

180 2714 388 2768 derium
419 2716 536 2777 sui,
570 2713 809 2768 ostendit
836 2724 1078 2784 apertum
1109 2724 1387 2785 peccatum
1428 2717 1747 2785 mulierum;

181 2812 240 2858 et
268 2804 397 2873 quid
421 2800 635 2870 mirum,
667 2820 787 2858 cum
819 2806 989 2867 hodie,
1018 2821 1135 2875 quzr
1166 2806 1297 2860 tales
1325 2816 1470 2873 sunt,
1498 2809 1751 2869 mulieres

185 2882 547 2969 reperiantur,
582 2908 641 2953 ut
670 2880 807 2954 sicut
833 2899 959 2957 illud
982 2915 1011 2952 a
1033 2900 1185 2964 viris,
1218 2902 1288 2954 ita
1312 2910 1365 2955 et
1387 2902 1485 2956 hoc
1513 2918 1542 2955 a
1572 2903 1751 2956 mulie-

183 2992 338 3046 ribus
360 2992 429 3045 sit
456 2992 727 3046 inventum
758 3009 769 3045 :
809 2973 1035 3060 denique
1064 2992 1314 3047 mulieres
1340 2994 1482 3047 inter
1507 3008 1565 3048 se
1595 3010 1752 3049 accu-

183 3092 329 3145 sant,
355 3090 409 3136 et
435 3084 531 3136 Viri
565 3072 829 3136 similiter.
853 3081 1188 3138 Manifestum
1211 3085 1466 3152 estutqui
1478 3085 1588 3154 jam
1614 3086 1753 3139 veri-

186 3182 355 3228 tatem
383 3173 476 3227 Dei
498 3173 912 3229 immutaverunt
944 3172 995 3228 in
1019 3175 1376 3239 mendacium,
1403 3177 1752 3233 immutarem

1855 1999 2032 2051 minus
2056 2006 2141 2051 est
2181 1999 2380 2066 posuit,
2410 2006 2468 2051 ut
2490 1999 2630 2067 quod
2656 2000 2830 2069 majus
2855 2000 3083 2054 inultum
3113 2016 3218 2056 non
3262 2001 3432 2071 possit

1851 2091 2018 2154 credi,
2042 2101 2097 2144 et
2120 2099 2309 2145 caetera
2343 2106 2463 2159 qua:
2492 2090 2776 2155 manifesta
2807 2093 3075 2146 videntur.

1921 2181 2176 2243 Avaritia,
2206 2182 2457 2251 nequitia,
2497 2180 2675 2249 plenos
2708 2182 2924 2245 inuidia,
2965 2182 3276 2247 homicidiis,
3308 2198 3429 2235 con-

1851 2274 2096 2334 tentione,
2120 2272 2260 2336 dolo,
2287 2272 2630 2341 malignitate,
2647 2282 3018 2337 susurratores,
3041 2273 3427 2337 detrectatores,

1852 2360 1961 2415 Deo
1984 2360 2223 2425 odibiles,
2252 2360 2671 2425 contumeliosos,
2723 2363 2989 2431 superbos,
3034 2364 3222 2427 elatos,
3257 2364 3434 2416 inven-

1852 2460 1988 2505 tores
2040 2451 2321 2515 malorum,
2369 2451 2670 2521 parentibus
2715 2468 2817 2505 non
2867 2453 3176 2507 obedientes.
3221 2454 3431 2518 Quanta

1852 2547 2031 2592 autem
2063 2539 2347 2593 insolentia
2382 2543 2585 2608 arrepti
2618 2549 2765 2605 sunt,
2800 2549 2857 2593 ut
2884 2555 2980 2593 nec
3005 2549 3253 2609 parentes
3282 2556 3427 2603 suos,

1853 2646 1988 2699 quos
2043 2639 2289 2686 auctores
2333 2632 2384 2696 in
2427 2630 2707 2685 nativitate
2766 2629 2983 2693 habent,
3061 2616 3431 2699 agnoscerent,

1853 2724 2052 2792 quique
2080 2737 2139 2776 se
2164 2731 2321 2777 natos
2353 2722 2668 2792 gauderent,
2700 2722 2816 2775 illos
2840 2738 2936 2791 per
2956 2738 3092 2792 quos
3120 2738 3238 2777 esse
3260 2738 3437 2791 ωερε-

1852 2822 1995 2876 rant,
2021 2813 2463 2867 contemnebant!
2494 2813 2595 2866 hoc
2618 2821 2719 2875 est,
2740 2828 2857 2867 esse
2880 2813 3302 2877 sineintellectu,
3318 2814 3435 2867 sine

1851 2903 2117 2956 charitate
2145 2902 2239 2955 Dei
2272 2920 2284 2955 :
2312 2918 2435 2955 nam
2458 2912 2573 2956 erat
2597 2902 2737 2954 inter
2756 2901 2874 2955 illos
2894 2903 3127 2956 charitas
3146 2903 3343 2957 carnis.
3368 2903 3430 2957 Hi

1852 2991 1945 3045 Dei
1960 2992 2221 3061 justitiam
2244 2999 2630 3063 cognoscentes
2652 3006 2746 3061 per
2765 2992 2934 3061 legem
2950 3000 3179 3054 naturze,
3200 2992 3434 3047 scierunt

1852 3082 1994 3135 enim
2022 3082 2136 3134 haec
2164 3081 2272 3135 Deo
2312 3081 2625 3149 displicere,
2677 3083 2769 3135 sed
2816 3083 2929 3154 haec
2954 3083 3007 3135 in
3037 3084 3214 3136 animo
3236 3097 3434 3151 ponere

1851 3173 2173 3227 noluerunt:
2199 3175 2446 3243 quoniam
2477 3176 2564 3244 qui
2588 3176 2698 3228 htec
2720 3185 2879 3244 agunt
2923 3174 3065 3243 digni
3108 3183 3227 3227 sunt
3250 3183 3431 3237 morte,

186 3275 245 3321 et
273 3265 571 3320 naturalem
598 3282 754 3321 usum
781 3266 831 3321 in
884 3283 1004 3322 eum
1051 3283 1226 3333 usum,
1256 3283 1353 3337 per
1398 3285 1556 3337 quem
1589 3272 1757 3325 deho—
1784 3238 1831 3309 δ
1860 3273 1908 3317 et
1936 3280 2037 3317 non
2085 3264 2250 3316 solum
2297 3264 2384 3333 qui
2415 3264 2612 3332 faciunt
2639 3281 2722 3328 ea,
2772 3265 2861 3316 sed
2903 3263 3057 3317 etiam
3106 3264 3194 3333 qui
3221 3280 3435 3317 consert-

188 3364 537 3409 nestarentur
560 3356 636 3410 rei
668 3345 792 3410 facti
822 3356 1008 3413 mortis
1028 3360 1301 3422 secundae;
1327 3359 1579 3428 quoniam
1603 3359 1760 3414 aliam

187 3448 367 3518 legem
404 3448 531 3503 dare
560 3464 666 3503 non
713 3456 889 3516 potest
936 3446 1190 3513 Satanas,
1231 3448 1363 3503 nihil
1402 3451 1545 3504 enim
1580 3450 1760 3515 habet,

189 3552 451 3591 concessa
486 3545 540 3590 et
567 3536 710 3590 licita
743 3537 796 3589 in
845 3536 1005 3589 alium
1053 3538 1294 3591 ordinem
1323 3547 1522 3603 versat,
1556 3548 1611 3592 ut
1637 3540 1763 3592 dum

193 3628 354 3682 aliter
381 3627 534 3687 fiunt.
565 3642 722 3695 quam
752 3640 1003 3681 concessa
1032 3635 1174 3689 sunt,
1200 3627 1306 3681 sint
1344 3636 1642 3697 peccatum.
1695 3628 1761 3681 Et

193 3717 506 3779 mercedem,
536 3734 691 3786 quam
739 3717 981 3785 oportuit,
1029 3719 1221 3771 erroris
1267 3719 1350 3771 sui
1379 3720 1433 3771 in
1480 3721 1762 3788 semetipsis

196 3806 520 3874 recipientes.
572 3805 721 3858 Hanc
765 3805 891 3859 dicit
941 3807 1428 3873 compensationem
1468 3823 1586 3862 esse
1638 3824 1765 3864 con-

198 3896 388 3964 tempti
434 3895 547 3958 Dei,
597 3896 647 3947 id
691 3903 789 3958 est,
844 3886 1247 3964 turpitudinem,
1277 3904 1332 3949 et
1359 3898 1765 3951 contaminalio-

197 4000 325 4040 nem
352 4002 364 4037 :
394 3984 508 4038 inec
529 3992 609 4037 est
640 3984 783 4036 enim
807 3984 979 4052 prima
1007 3996 1169 4039 causa
1198 3986 1435 4054 peccati;
1464 3986 1591 4054 quid
1620 3978 1762 4039 enim

198 4073 372 4145 pejus,
408 4075 533 4142 quid
581 4074 813 4129 deterius
865 4072 966 4127 hoc
1010 4070 1270 4141 peccato?
1309 4074 1574 4149 Quantum
1623 4076 1763 4137 enim

201 4166 505 4221 idololatria
556 4166 873 4235 perimpium
896 4173 950 4226 et
968 4166 1336 4234 gravissimum
1389 4166 1636 4220 delictum
1660 4179 1762 4232 est,

205 4266 411 4314 tantum
442 4264 495 4309 et
520 4253 883 4317 compensatio
930 4254 1043 4319 ejus
1089 4254 1353 4309 horrenda
1379 4263 1431 4309 et
1455 4257 1764 4323 persordida

200 4347 383 4416 passio
402 4351 499 4399 est.

277 4435 347 4488 Et
368 4435 498 4487 sicut
524 4449 626 4487 non
650 4433 986 4502 probaverunt
1023 4442 1183 4484 Ueum
1209 4428 1394 4485 habere
1422 4434 1476 4485 in
1506 4434 1763 4502 notitiam,

204 4527 421 4583 tradidit
453 4526 567 4580 illas
608 4526 744 4579 Deus
768 4525 821 4577 in
863 4525 1133 4593 reprolmm
1153 4540 1380 4586 sensum,
1412 4532 1466 4576 ut
1491 4524 1685 4592 faciant
1707 4544 1767 4579 ea

1863 3354 1994 3406 tiunt
2046 3352 2398 3421 facientibus;
2454 3367 2702 3406 assensus
2746 3353 2890 3406 enim
2944 3353 3283 3421 participatio
3333 3362 3434 3406 est.

1866 3439 1968 3504 Qui
1999 3458 2113 3493 cum
2128 3441 2390 3509 justitiam
2412 3440 2507 3494 Dei
2529 3443 3024 3511 cognovissent,non
3053 3441 3434 3505 intellexerunt,

1860 3530 2104 3598 quoniam
2128 3531 2215 3597 qui
2238 3516 2364 3583 talia
2387 3540 2567 3599 agunt,
2593 3530 2739 3599 digni
2757 3542 2876 3585 sunt
2898 3543 3081 3585 morte.
3107 3531 3230 3586 Hmc
3256 3533 3435 3587 omnia

1862 3619 2001 3673 mala
2049 3635 2244 3688 corpus
2290 3628 2371 3673 est
2419 3629 2797 3689 peccatorum,
2835 3622 2921 3675 cui
2968 3623 3260 3691 mancipati
3310 3622 3435 3676 facti

1864 3718 1989 3763 sunt
2033 3711 2311 3777 potestatis
2338 3711 2598 3777 ejusdem,
2629 3718 2689 3763 ut
2735 3710 2934 3765 faciant
2966 3712 3265 3779 punienda;
3320 3713 3435 3766 hmc

1865 3799 2007 3852 enim
2052 3789 2313 3853 malorum
2358 3815 2519 3853 causa
2550 3815 2580 3851 a
2630 3798 2922 3854 Sodomitis
2951 3809 3125 3869 erepta
3155 3810 3237 3855 est
3263 3799 3434 3855 oﬂ‘en-

1866 3889 2015 3942 sione
2038 3890 2153 3953 Dei,
2180 3889 2317 3944 sicut
2346 3906 2503 3959 supra
2535 3890 2733 3945 dictum
2757 3900 2861 3956 est,
2891 3900 2943 3945 et
2967 3892 3019 3945 in
3039 3907 3250 3945 omnem
3273 3908 3439 3962 prope

1865 3988 2073 4048 partem
2100 3980 2279 4033 mundi
2311 3996 2488 4034 ramos
2515 3995 2640 4034 suos
2670 3981 2928 4045 extendit,
2956 3981 3310 4035 idololatriam
3342 3983 3436 4035 ira:

1866 4072 1960 4125 Dei
1988 4086 2204 4125 causam
2232 4071 2506 4137 nuntians,
2548 4073 2672 4140 quia
2718 4073 2891 4141 prima
2936 4088 3063 4142 pars
3106 4082 3189 4127 est
3234 4075 3439 4128 erroris

1868 4171 1923 4216 et
1953 4161 2261 4229 impietatis,
2290 4176 2449 4229 quam
2481 4162 2711 4231 primum
2738 4162 3081 4227 condemnat,
3107 4172 3166 4216 ut
3190 4178 3312 4217 cum
3344 4178 3440 4217 nc—

1868 4263 1987 4307 cata
2024 4252 2137 4305 hzec
2164 4250 2341 4315 fuerit,
2392 4251 2548 4307 facile
2574 4252 2914 4322 corrigantur
2960 4263 3013 4307 et
3042 4268 3251 4306 morum
3280 4254 3431 4317 vitia,

1868 4342 2078 4397 sublato
2106 4343 2247 4396 enim
2279 4342 2495 4397 malitia:
2524 4344 2748 4409 semine,
2792 4344 3041 4413 nequitia:
3087 4343 3291 4397 fructus
3318 4359 3438 4399 are-

1870 4440 2070 4487 scent:
2110 4447 2213 4486 non
2240 4434 2383 4486 enim
2415 4434 2507 4487 dat
2558 4434 2718 4487 arbor
2768 4432 2994 4497 fructus,
3039 4434 3194 4503 cujus
3244 4435 3440 4488 excisa:

1871 4531 1995 4577 sunt
2017 4522 2241 4575 radices.
2267 4520 2398 4575 Nam
2421 4522 2540 4577 ideo
2559 4532 2613 4577 et
2640 4522 2849 4593 Moyses
2876 4522 3119 4577 Sodomae
3140 4531 3194 4577 et
3212 4521 3439 4577 Gomor-

202 4638 322 4691 qun’
346 4636 449 4671 non
482 4618 810 4671 conveniunt.
835 4608 1014 4685 (Aug)
1044 4614 1193 4681 Quod
1219 4623 1393 4668 autem
1417 4614 1593 4669 denuo
1616 4617 1764 4681 dicit,
1791 4593 1845 4652 D
1870 4614 1982 4667 rhse
2009 4618 2154 4683 gesta
2208 4616 2522 4665 memoravit
2578 4610 2729 4681 (Gen.
2787 4615 2924 4681 xxx),
2954 4611 3281 4667 exitiumaue
3329 4627 3437 4666 non

206 4710 428 4765 tradidit
446 4709 561 4762 illos
588 4708 725 4762 Deus
747 4708 799 4761 in
830 4700 1096 4775 reprobam
1126 4717 1365 4769 mentem,
1387 4714 1511 4770 etc.,
1540 4708 1769 4775 repletos

207 4782 356 4853 uluui
387 4796 686 4865 iniquitate,
715 4797 869 4851 datur
910 4782 1151 4862 intelligi,
1181 4794 1246 4847 ad
1276 4795 1571 4849 nocendum
1603 4799 1769 4865 perti-

210 4902 343 4942 nere
374 4905 387 4940 :
414 4888 511 4940 ista
534 4896 650 4954 qum
671 4898 811 4937 nunc
834 4884 978 4945 dicit,
1011 4884 1061 4935 id
1088 4891 1187 4945 est,
1216 4882 1454 4937 facinora
1479 4902 1490 4936 ε
1526 4886 1771 4954 superius

207 4988 393 5036 autem
420 4972 649 5040 dieebat,
673 4976 738 5029 de
765 4974 1101 5042 corruptelis,
1126 4990 1243 5043 qum
1266 4975 1462 5045 flagitia
1492 4978 1774 5030 nominan-

208 5075 319 5130 tur,
379 5056 445 5119 ex
499 5065 690 5134 quibus
735 5065 800 5117 ad
851 5062 1086 5116 facinora
1136 5065 1461 5132 pervenitur,
1520 5066 1771 5134 quoniam

211 5157 459 5229 quisquis
480 5154 836 5223 perniciosam
860 5152 1191 5206 dulcedinem
1210 5151 1529 5221 ﬂagitiorum
1549 5170 1776 5224 sequens

212 5251 342 5303 dum
368 5244 701 5314 impedientis
731 5258 972 5311 personae
1000 5240 1190 5295 faciem
1229 5256 1503 5296 removere
1529 5253 1772 5308 cernatur,

213 5336 393 5408 pergit
427 5335 480 5387 in
517 5332 736 5387 facinus.
770 5328 860 5383 Sic
886 5330 1167 5383 distinctus
1204 5340 1286 5382 est
1312 5330 1470 5381 etiam
1505 5330 1591 5384 ille
1628 5331 1775 5386 locus

215 5428 271 5481 in
298 5423 571 5492 Sapientia
595 5418 893 5475 Salomonis
920 5418 1066 5489 (Sap.
1093 5419 1179 5488 ιι),
1206 5417 1293 5471 ubi
1320 5433 1441 5472 cum
1468 5434 1777 5475 enumeras-

214 5526 302 5573 set
330 5514 601 5585 superiora
637 5510 854 5581 flagitia,
888 5509 937 5561 id
964 5517 1068 5571 est,
1099 5508 1554 5562 circumven’iamus
1584 5527 1776 5587 paupe-

214 5621 329 5661 rem
369 5602 592 5674 justum,
619 5600 861 5672 quoniam
893 5596 1091 5650 inutilis
1128 5608 1199 5651 est
1233 5598 1396 5662 nobis,
1448 5607 1551 5652 etc.
1581 5599 1774 5666 (Amb.)

214 5696 447 5762 Propter
476 5706 713 5747 errorem
739 5688 1141 5744 simulacrorum
1164 5688 1342 5742 traditi
1371 5698 1493 5741 sunt
1510 5689 1575 5742 ad
1601 5692 1775 5759 turpia

217 5786 466 5847 facienda
504 5783 755 5849 invicem,
780 5780 917 5837 sicut
944 5780 1143 5834 dictum
1180 5787 1278 5844 est,
1310 5787 1364 5832 et
1397 5779 1521 5849 quia
1549 5779 1777 5850 impuni-

1869 4703 2058 4766 tacuit,
2089 4710 2146 4755 ut
2180 4703 2422 4755 timorem
2468 4709 2688 4768 poneret
2721 4698 2875 4765 hujus
2916 4701 2991 4753 rei
3022 4700 3277 4765 vitanda;
3329 4716 3437 4755 non

1872 4809 1998 4863 ergo
2026 4794 2128 4846 hoc
2155 4792 2365 4855 vitium,
2393 4800 2448 4845 et
2484 4792 2867 4844 contaminatio
2905 4790 3265 4844 dehonestataa
3315 4791 3439 4845 vita:

1873 4886 1940 4939 ab
1961 4886 2059 4940 hoc
2082 4884 2403 4947 admittitur,
2428 4883 2517 4951 qui
2542 4884 2592 4936 in
2609 4883 2786 4936 animo
2809 4883 3003 4951 cogitat
3025 4883 3209 4935 Deum.
3236 4879 3435 4953 (Θήρ.)

1873 4976 2326 5031 Considerandum
2370 4990 2497 5044 ergo
2537 4983 2619 5027 est
2650 4974 2791 5041 quod
2834 4973 2991 5027 tertio
3026 4973 3326 5028 invenimus
3370 4973 3437 5027 ab

1874 5067 2129 5136 Apostolo
2153 5067 2399 5135 positum,
2432 5065 2645 5117 tradidit
2672 5064 2787 5117 illos
2824 5064 2984 5127 Deus,
3011 5072 3064 5120 et
3086 5064 3272 5132 primae
3319 5065 3438 5132 qui-

1877 5157 1994 5209 dem
2026 5155 2327 5210 traditionis
2353 5168 2541 5207 causas
2566 5152 2733 5217 dedit,
2762 5152 2887 5221 quia
2930 5168 3045 5204 cum
3093 5163 3435 5221 cognoverunt

1878 5244 2063 5307 Deum,
2094 5260 2193 5295 non
2230 5243 2359 5294 sicut
2399 5240 2565 5292 Deum
2604 5240 3083 5308 magniﬁcaverunt,
3113 5248 3201 5292 aut
3240 5241 3437 5307 gratias

1875 5342 2111 5404 egerunt,
2134 5347 2301 5401 usque
2324 5339 2369 5382 et
2402 5329 2733 5397 serpentium.
2781 5325 3081 5396 Propterea,
3111 5327 3303 5395 inquit,
3325 5336 3406 5380 tra

1879 5422 2009 5475 didit
2036 5420 2154 5474 illos
2176 5419 2339 5483 Dens,
2386 5433 2552 5487 usque
2573 5433 2789 5485 corpora
2817 5432 2932 5469 sua.
2988 5413 3245 5469 Secundae
3275 5416 3438 5469 tradi—

1882 5512 2041 5564 tionis
2068 5524 2281 5563 causam
2337 5508 2547 5561 videtur
2590 5506 2932 5576 prarmittere,
2961 5520 3083 5559 cum
3127 5506 3275 5569 dicit,
3314 5506 3437 5575 quia

1880 5607 2320 5653 commutaverunt
2349 5608 2396 5651 et
2420 5598 2683 5651 veritatem
2709 5595 2803 5650 Dei
2823 5597 2875 5648 in
2898 5595 3246 5660 mendacium,
3270 5610 3437 5663 usque

1881 5690 2148 5753 Creatori;
2170 5697 2386 5758 propter
2411 5688 2511 5741 hoc
2535 5688 2628 5751 ait,
2661 5685 2876 5739 tradidit
2898 5683 3015 5737 illos
3046 5682 3184 5737 Deus
3202 5723 3230 5758 ,_
3243 5683 3298 5736 in
3317 5700 3437 5751 pas—

1878 5781 2048 5835 siones
2077 5755 2389 5849 ignominice,
2435 5792 2555 5845 qua:
2596 5784 2775 5831 tamen
2816 5773 3048 5831 secunda
3080 5755 3295 5827 traditio
3315 5786 3438 5841 gra-
