3960 6328
580 414 599 467 l
610 412 713 467 505

1219 413 1277 468 Β.
1315 412 1564 469 RABANI
1604 411 1823 470 MAUR!
1860 412 2135 470 ARCHIE!

2239 412 2517 471 lOGUNT.
2552 415 2833 472 OPERUM
2871 417 3053 473 PARS
3089 418 3175 475 ΙΙΙ.

3685 418 3791 473 17M

565 532 805 588 vioribus
850 530 1066 604 ﬂagitiis
1111 532 1325 587 videtur
1345 530 1613 597 obnoxia;
1654 532 1854 587 etenim
1900 532 2129 597 feminae,
2159 533 2525 595 Acreatum?
2562 533 2706 590 hunc
2748 543 2927 591 autem
2974 536 3225 591 eumdem
3274 552 3474 593 novum
3524 541 3777 595 h'omlncm

566 620 759 690 inquit,
781 639 959 677 eorum
986 624 1386 677 inmutaverunt
1418 622 1711 679 naturalem
1741 641 1911 691 usum,
1941 640 2133 693 usque,

562 715 652 782 qui
677 723 825 767 extra
850 724 1096 768 naturam
1131 724 1228 779 est,
1284 713 1525 768 similiter
1552 724 1599 768 et
1646 714 1888 768 masculi.
1941 714 2139 771 Tertiae

564 820 777 874 quoque
805 805 1107 859 traditionis
1134 820 1352 859 causam
1381 806 1593 859 videtur
1619 806 1771 869 dare,
1802 821 1925 860 cum
1955 806 2087 861 dicit
2120 823 2135 860 :

563 894 633 947 Et
667 895 802 948 sicut
831 911 933 948 non
968 897 1314 965 probaverunt
1360 896 1525 950 Deum
1565 898 1752 952 habere
1792 899 1846 952 in
1878 899 2134 965 notitiam,

563 984 782 1038 tradidit
805 983 923 1039 illos
944 984 1086 1039 Deus
1114 986 1169 1040 in
1194 987 1466 1055 reprobum
1492 1004 1722 1053 sensum,
1755 998 1812 1041 ut
1850 989 2050 1057 faciant
2077 1006 2138 1043 ea

561 1089 679 1144 quae
696 1090 799 1128 non
827 1075 1159 1139 conveniunt,
1194 1075 1428 1146 repletos
1456 1076 1603 1130 omni
1636 1077 1919 1147 iniquitate
1947 1087 2002 1133 et
2021 1094 2137 1133 ma-

562 1162 678 1217 litia
721 1164 1037 1233 ceterisque
1064 1163 1375 1231 sceleribus,
1421 1181 1541 1235 qua:
1584 1177 1977 1238 consequenter
2000 1185 2136 1224 enu-

561 1261 754 1307 merat.
784 1251 983 1308 Verum
1011 1254 1383 1309 distinctiones
1414 1256 1529 1311 ista:
1555 1271 1842 1313 causarum
1872 1273 1979 1314 non
2003 1260 2136 1315 mihi

558 1342 814 1397 videntur
845 1344 976 1401 satis
1009 1360 1243 1415 congrue
1277 1346 1345 1400 ad
1389 1361 1452 1401 ea
1486 1347 1735 1413 crimina,
1764 1364 1884 1418 quae
1912 1350 2137 1421 singulis

561 1431 863 1502 quibusque
914 1433 1151 1501 subjecta
1209 1442 1352 1509 sunt,
1401 1438 1572 1507 aptari
1623 1456 1635 1491 :
1681 1440 1948 1507 quomodo
1990 1441 2133 1494 enim

561 1523 892 1595 turpioribus
924 1522 1137 1593 ﬂagitiis
1170 1524 1403 1579 traditur
1452 1527 1497 1581 is
1543 1527 1632 1596 qui
1677 1537 1942 1583 creaturae
1971 1528 2136 1583 servit

558 1617 730 1682 utagis
778 1632 935 1686 quam
977 1617 1064 1672 ille
1112 1618 1201 1687 qui
1230 1613 1451 1689 gloriam
1488 1620 1906 1689 incorruptibilis
1943 1620 2034 1674 Dei
2081 1621 2135 1674 in

558 1706 962 1761 similitudinem
994 1708 1239 1779 imaginis
1261 1708 1623 1778 corruptibilis
1650 1708 1883 1764 hominis
1907 1710 2136 1764 et'volu-

555 1812 741 1862 crum,
807 1806 862 1851 et
914 1797 1338 1867 quadrupedum,
1388 1807 1441 1852 et
1498 1800 1828 1868 serpentium
1874 1800 2130 1854 mutavit!

555 1896 646 1940 aut
684 1889 950 1956 quomodo
989 1903 1149 1958 supra
1188 1899 1476 1959 utrumque
1515 1890 1705 1945 borum
1737 1891 1885 1947 velut
1906 1890 2137 1947 examini

542 1981 766 2036 cuidam
794 1981 1079 2036 traduntur
1105 1982 1371 2037 malorum
1401 1982 1455 2037 hi
1500 1983 1590 2051 qui
1621 1999 1726 2037 non
1770 1984 2135 2053 probaverunt

555 2072 721 2128 Deum
762 2073 961 2129 habere
991 2076 1042 2129 in
1081 2076 1366 2131 notitiam?
1387 2092 1577 2137 verum
1601 2078 1725 2147 quia
1757 2077 1809 2132 in
1843 2079 1926 2132 his
1962 2077 2134 2132 tribus

553 2164 834 2221 universas
884 2167 1172 2237 impietatis
1243 2170 1450 2236 species
1514 2184 1862 2225 enumerasse
1918 2170 2132 2225 videtur

552 2254 864 2325 Apostolus,
894 2258 977 2313 vel
1029 2273 1215 2313 eorum
1262 2260 1355 2329 qui
1384 2260 1525 2314 idola
1573 2260 1776 2325 colunt,
1808 2259 1894 2314 vel
1944 2274 2133 2317 eorum

554 2348 644 2414 qui
697 2358 961 2404 creaturae
987 2350 1298 2405 deserviunt
1337 2351 1517 2420 potius
1545 2366 1709 2421 quam
1739 2349 2002 2415 Creatori,
2038 2352 2130 2407 sed

555 2449 609 2493 et
632 2452 821 2494 eorum
855 2440 949 2510 qui
974 2457 1080 2496 non
1112 2441 1477 2512 probaverunt
1518 2441 1687 2496 Deum
1715 2443 1915 2497 habere
1941 2442 1993 2495 in
2036 2456 2133 2495 no-

555 2528 763 2583 titiam:
786 2529 843 2584 in
864 2545 1095 2600 quorum
1124 2531 1299 2601 primo
1322 2532 1479 2586 titulo
1504 2532 1808 2601 promiSeue
1837 2532 2050 2602 pagani,
2076 2532 2131 2586 in

554 2621 661 2676 alio
689 2620 961 2690 sapientes
984 2636 1170 2678 eorum
1190 2630 1244 2677 et
1258 2621 1562 2692 philosophi
1586 2621 1938 2692 designantur
1964 2639 1976 2674 :
2002 2631 2131 2691 puto

554 2712 695 2782 quod
721 2711 774 2765 in
801 2711 904 2766 hoc
926 2712 1085 2765 tertio
1112 2700 1416 2767 iudicentur
1452 2711 1691 2767 haeretici
1714 2711 1797 2766 vel
1816 2709 2132 2766 Creatorem

555 2818 712 2857 suum
760 2802 926 2857 Deum
953 2812 1236 2873 negantes,
1286 2802 1372 2857 vel
1408 2801 1650 2857 diversas
1678 2800 2041 2870 blasphemias
2075 2800 2130 2853 in

554 2894 837 2950 Excelsum
862 2896 1160 2965 loquentes.
1192 2894 1359 2966 Igitur
1399 2894 1445 2949 si
1470 2893 1664 2964 singuli
1686 2893 1885 2962 quique
1914 2892 2127 2955 horum,

556 3003 691 3057 quos
711 3002 873 3057 supra
893 2988 1125 3042 diximus
1165 2987 1217 3041 in
1231 2986 1376 3041 cultu
1402 2984 1696 3041 divinitatis
1714 2999 1915 3048 errare,
1938 2982 2133 3036 talibus

558 3078 822 3132 malorum
872 3077 1039 3132 titulis
1091 3077 1460 3148 designantur,
1508 3090 1606 3130 nos
1646 3076 1737 3143 qui
1786 3073 2028 3127 videmur
2075 3072 2131 3125 in

559 3172 798 3227 Ecclesia
822 3186 962 3235 esse,
988 3181 1041 3225 et
1064 3169 1221 3225 fidem
1265 3177 1467 3224 rectam
1492 3177 1695 3232 tenere,
1729 3165 2132 3221 consideremus

560 3262 941 3331 nosmetipsos,
968 3269 1022 3315 et
1048 3260 1194 3315 omni
1222 3258 1704 3328 circumspectione
1730 3270 2037 3326 pensemus,
2064 3269 2131 3308 ne

559 3353 700 3408 forte
727 3352 839 3407 solo
878 3353 946 3406 ab
973 3352 1057 3406 his
1085 3350 1198 3405 veri
1228 3348 1401 3404 cultus
1431 3348 1647 3403 nomine
1688 3346 1942 3416 separati,
1973 3345 2136 3399 rebus

559 3445 639 3498 eis
665 3451 824 3511 atque
875 3442 1083 3498 actibus
1132 3441 1418 3495 sociemur.
1474 3438 1694 3493 Certum
1724 3446 1807 3491 est
1834 3438 1976 3491 enim
2008 3436 2134 3504 quia

559 3535 675 3603 qui,
699 3530 844 3586 verbi
877 3546 1060 3595 causa,
1085 3529 1320 3600 repletus
1343 3535 1428 3583 est
1448 3526 1756 3595 iniquitate,
1782 3524 2007 3589 malitia,
2036 3537 2134 3577 ue-

560 3626 751 3695 quitia,
783 3624 1031 3687 avaritia,
1061 3637 1165 3677 non
1191 3621 1438 3691 probavit
1468 3620 1635 3675 Deum
1666 3618 1866 3673 habere
1910 3616 1966 3669 in
1995 3615 2134 3669 noti-

562 3718 717 3781 tiam,
749 3725 803 3770 et
829 3725 913 3771 est
940 3717 1007 3770 de
1034 3728 1258 3769 numero
1283 3726 1470 3766 eorum
1493 3724 1628 3781 quos
1670 3707 1890 3763 tradidit
1913 3707 2053 3760 Deus
2078 3704 2132 3758 in

560 3812 848 3881 reprobum
887 3816 1104 3864 senSum
1138 3825 1150 3861 :
1193 3813 1249 3861 et
1292 3808 1507 3869 iterum,
1539 3816 1767 3872 quorum
1794 3799 2007 3855 feminae
2051 3796 2136 3851 vel

564 3900 809 3966 masculi,
858 3899 1045 3954 relicto
1071 3894 1301 3951 naturali
1332 3910 1453 3958 usu,
1496 3892 1863 3948 accenduntur
1906 3890 1961 3942 in
2014 3902 2135 3942 eum

563 4008 738 4057 usum,
770 3990 860 4061 qui
890 3996 1075 4044 contra
1106 3994 1353 4040 naturam
1397 3990 1503 4047 est,
1532 3989 1741 4036 certum
1786 3985 1868 4033 est
1917 3977 2042 4046 quia
2070 3991 2135 4030 ex

566 4083 781 4147 illorum
827 4093 1050 4133 numero
1078 4085 1203 4132 sunt
1263 4074 1355 4144 qui
1396 4071 1637 4127 serviunt
1666 4078 1931 4125 creatura:
1958 4067 2137 4137 potius

566 4188 727 4242 quam
758 4165 1020 4230 Creatori,
1053 4176 1107 4221 et
1133 4180 1267 4235 quos
1311 4163 1530 4218 tradidit
1565 4163 1707 4217 Deus
1750 4162 1802 4215 in
1858 4158 2138 4229 passiones

565 4259 888 4331 ignominiaa.
928 4257 1034 4312 Sed
1064 4264 1119 4311 et
1146 4256 1191 4309 si
1222 4254 1313 4325 qui
1344 4253 1397 4308 in
1434 4252 1769 4307 immunditia
1799 4248 2137 4304 contumeliis

565 4354 798 4410 alliciant
831 4364 1058 4421 corpora
1094 4362 1213 4413 sua,
1243 4361 1310 4402 ex
1339 4345 1443 4401 illis
1470 4353 1594 4399 sunt
1622 4343 1715 4412 qui
1766 4349 2136 4397 commutave-

568 4453 693 4500 runt
721 4442 943 4512 gloriam
975 4436 1394 4506 incorruptibilis
1444 4433 1560 4499 Dei,
1592 4432 1696 4486 nisi
1721 4431 1862 4501 quod
1902 4427 2137 4507 graviori

564 4533 848 4603 sacrilegio
910 4530 955 4585 is
1038 4529 1129 4598 qui
1167 4526 1280 4595 jam
1336 4524 1506 4579 fidelis
1544 4530 1647 4588 est,
1703 4522 1962 4591 templum
2010 4520 2135 4585 Dei,

566 4640 725 4696 quam
788 4620 1043 4691 profanus
1093 4618 1264 4672 adhuc
1323 4614 1579 4683 templum
1641 4614 1973 4667 contaminat
2022 4612 2137 4665 ido-

568 4720 760 4771 lorum.
788 4712 902 4767 Non
931 4718 1015 4766 est
1052 4723 1181 4764 sane
1226 4704 1650 4775 praetereundus,
1682 4718 1750 4756 ne
1796 4702 1896 4756 iste
1923 4699 2141 4769 quidem

568 4803 894 4875 apostolicus
936 4814 1134 4861 sermo,
1170 4797 1221 4850 in
1254 4810 1360 4863 quo
1387 4793 1606 4858 dicitur,
1637 4793 1887 4861 quoniam
1909 4806 2140 4843 commu-

570 4901 806 4949 taverunt
834 4890 1053 4961 gloriam
1078 4884 1482 4955 incorruptibilis
1520 4884 1616 4937 Dei
1642 4885 1696 4938 in
1744 4883 2137 4938 similitudinem

569 4984 813 5055 imaginis
842 4982 1066 5035 hominis
1098 4994 1115 5031 :
1154 4993 1259 5033 non
1287 4978 1458 5033 solum
1488 4991 1580 5031 eos
1606 4976 1698 5044 qui
1742 4976 1881 5029 idola
1930 4974 2133 5043 colunt,

571 5089 820 5145 arguere,
850 5073 943 5126 sed
966 5078 1020 5123 et
1051 5068 1628 5137 Anthropomorphitas
1667 5066 2038 5140 intelligendus
2056 5076 2143 5121 est

574 5164 876 5229 confutare,
903 5163 995 5232 qui
1029 5162 1085 5216 in
1133 5160 1372 5215 Ecclesia
1417 5160 1578 5228 positi
1609 5159 1899 5229 imaginem
1951 5174 2142 5228 corpo-

575 5270 722 5310 ream
747 5252 1002 5317 hominis,
1032 5251 1123 5305 Dei
1150 5265 1269 5305 esse
1293 5249 1580 5319 imaginem
1601 5249 1806 5312 dicunt,
1835 5249 2142 5317 ignorantes

578 5346 704 5399 illud
757 5342 898 5412 quod
947 5343 999 5396 in
1043 5340 1235 5396 Genesi
1278 5340 1536 5408 scriptum
1584 5349 1687 5405 est,
1740 5339 1808 5393 ad
1857 5340 2141 5409 imaginem

578 5434 672 5487 Dei
703 5431 900 5485 factum
947 5445 1067 5485 esse
1095 5430 1365 5483 hominem
1390 5445 1404 5489 ;
1437 5429 1501 5483 de
1545 5444 1651 5498 quo
1672 5429 1885 5483 homine
1913 5430 2145 5483 sentien-

580 5524 706 5577 dum
732 5520 800 5575 sit
833 5521 900 5574 ab
928 5520 1183 5588 Apostolo
1210 5520 1595 5589 interpretatur
1618 5534 1740 5573 cum
1768 5520 1898 5574 dicit
1926 5536 1938 5573 :
1971 5517 2145 5589 Depo-

582 5621 757 5666 nentes
795 5621 1009 5664 veterem
1042 5610 1298 5661 hominem
1329 5625 1443 5661 cum
1466 5593 1664 5661 actibus
1695 5610 1824 5673 suis,
1854 5617 1901 5661 et
1934 5609 2147 5662 induen-

583 5713 655 5755 tes
680 5718 884 5765 norum,
905 5700 994 5768 qui
1013 5698 1295 5752 secundum
1316 5699 1478 5751 Deum
1494 5706 1696 5751 creatus
1721 5708 1794 5751 est
1818 5697 2012 5767 (Colos.
2038 5700 2141 5769 ut);

584 5788 755 5854 mulis,
781 5788 903 5857 quia
961 5799 1157 5843 novum
1189 5786 1459 5841 hominem
1489 5785 1618 5841 dicit
1642 5784 1934 5843 secundum
1976 5784 2142 5843 Deum

2239 625 2365 679 alibi
2407 627 2705 682 interiorem
2733 629 2993 683 hominem
3016 635 3179 683 vocat
3202 645 3218 693 ;
3263 630 3672 701 corruptibilem
3692 647 3798 687 vero

2238 714 2403 779 hunc,
2425 714 2578 785 cujus
2608 716 2697 771 hic
2744 717 3032 787 imaginem
3067 718 3311 786 respuit,
3356 720 3683 774 exteriorem
3720 720 3798 774 ho-

2239 806 2436 861 minem
2474 807 2734 870 nominat,
2758 821 2882 861 cum
2911 807 3059 871 dicit,
3092 806 3235 860 Nam
3279 816 3327 861 et
3357 809 3403 862 si
3451 810 3518 873 is,
3561 809 3649 875 qui
3689 808 3796 877 foris

2237 904 2334 959 est,
2360 896 2515 949 homo
2539 904 2713 951 noster
2740 906 3132 963 corrumpatur,
3162 896 3253 950 sed
3280 899 3372 967 qui
3400 900 3545 953 intus
3568 909 3643 953 est
3671 916 3797 953 reno-

2238 994 2388 1041 vatur
2409 985 2494 1055 (11
2517 985 2641 1039 Cor.
2671 985 2768 1057 tv).

2309 1073 2432 1129 Non
2482 1074 2654 1130 solum
2692 1085 2866 1130 autem
2896 1079 2984 1148 qui
3010 1093 3075 1131 ea
3124 1076 3349 1146 faciunt,
3404 1078 3496 1131 sed
3547 1078 3699 1132 etiam
3723 1079 3795 1146 qui

2236 1166 2561 1220 consentiunt
2612 1166 2942 1235 facientibus.
2992 1167 3175 1238 (Aug.)
3226 1168 3377 1234 Quod
3436 1177 3618 1222 autem
3664 1168 3796 1230 dicit,

2237 1270 2342 1316 non
2371 1254 2539 1309 solum
2558 1255 2649 1325 qui
2677 1270 2740 1308 eo
2762 1255 2983 1323 faciunt,
3033 1256 3125 1309 sed
3171 1255 3328 1309 etiam
3368 1258 3459 1327 qui
3491 1257 3797 1311 consentiunt

2237 1342 2584 1412 facientibus,
2652 1343 2919 1414 significat
2982 1344 3107 1413 quia
3158 1359 3492 1414 quaecunque
3537 1344 3794 1409 fecerunt,

2237 1450 2343 1487 non
2367 1434 2521 1489 inulti
2546 1432 2809 1489 fecerunt.
2842 1432 2977 1488 Nam
3004 1449 3127 1489 cum
3147 1434 3215 1487 ad
3242 1434 3379 1488 mala
3424 1433 3568 1489 facta
3595 1448 3797 1488 consen-

2240 1523 2401 1587 tiunt,
2449 1522 2612 1576 etiam
2661 1522 2748 1576 illa
2779 1538 2898 1592 qua:
2938 1537 3043 1577 non
3087 1522 3332 1587 fecerunt
3381 1523 3697 1592 approbant.
3740 1520 3797 1576 Et

2239 1614 2360 1668 ideo
2389 1613 2453 1667 de
2483 1612 2737 1682 perfectis
2780 1614 2891 1683 jam
2934 1613 3173 1681 peccatis
3197 1613 3329 1667 dicit
3367 1631 3380 1666 :
3425 1611 3705 1680 Propterea
3728 1613 3797 1664 in-

2237 1702 2548 1757 excusabilis
2575 1720 2651 1768 es,
2674 1719 2704 1756 ο
2731 1703 2905 1767 homo,
2936 1703 3101 1756 omnis
3148 1704 3237 1772 qui
3267 1703 3483 1772 judicas
3506 1691 3682 1773 (Rom.
3712 1704 3790 1768 u);

2238 1791 2414 1845 omnis
2443 1800 2622 1845 autem
2675 1799 2799 1845 eum
2850 1791 2981 1844 dicit
3021 1790 3442 1858 subintratjam,
3470 1799 3530 1845 ut
3556 1800 3795 1845 monstret

2167 1875 2216 1937 B
2246 1895 2351 1935 nou
2382 1879 2553 1935 solum
2579 1880 2851 1951 gentilem,
2875 1880 2970 1933 sed
2995 1888 3050 1933 et
3070 1879 3183 1948 jam
3213 1880 3477 1945 Judaeum,
3500 1882 3594 1951 qui
3623 1894 3792 1934 secun-

2240 1971 2367 2026 dum
2396 1970 2593 2039 Legem
2632 1969 2845 2023 volebat
2865 1969 3110 2038 judicare
3142 1972 3206 2023 de
3234 1970 3498 2040 gentibus,
3524 1978 3649 2023 sunt
3688 1970 3792 2039 qui-

2234 2060 2357 2114 dam
2384 2060 2477 2129 qui
2517 2074 2577 2114 se
2602 2073 2725 2114 reos
2754 2075 2858 2114 non
2896 2067 3108 2128 putant,
3138 2059 3181 2113 si
3226 2075 3330 2113 non
3356 2069 3648 2128 operentur
3692 2072 3793 2126 quae

2234 2154 2376 2208 mala
2406 2161 2549 2219 sunt,
2597 2154 2897 2207 assentiunt
2942 2160 3124 2205 autem
3164 2152 3513 2217 facientibus;
3555 2150 3791 2206 assentire

2233 2252 2317 2299 est
2345 2252 2546 2308 autem,
2581 2244 2647 2307 si,
2675 2258 2797 2297 cum
2826 2243 2998 2312 possit
3036 2240 3453 2311 reprehendere,
3498 2249 3688 2303 taceat,
3713 2246 3791 2291 aut

2234 2335 2458 2388 audiens
2482 2334 2581 2387 has
2600 2332 2812 2386 fabulas
2840 2328 3107 2395 aduletur,
3133 2331 3310 2386 sciens
3333 2332 3477 2384 enim
3500 2330 3726 2400 impurus
3742 2339 3790 2384 et

2233 2423 2499 2492 malignus
2526 2432 2631 2480 non
2654 2423 2889 2492 ignorari
2918 2437 3037 2491 quae
3065 2422 3195 2489 agit,
3218 2431 3272 2475 et
3296 2422 3521 2475 minime
3547 2435 3606 2475 se
3630 2420 3787 2485 vitari,

2234 2514 2327 2569 sed
2349 2523 2405 2569 et
2435 2513 2627 2569 honori
2650 2528 2772 2569 esse
2799 2512 3062 2582 gloriatur
3088 2511 3227 2566 forte
3253 2527 3309 2566 se
3341 2513 3528 2575 talem,
3553 2526 3653 2566 nec
3677 2526 3788 2565 eon-

2232 2605 2382 2659 fundi
2404 2613 2582 2674 potest
2607 2606 2662 2661 in
2695 2605 2799 2670 his,
2830 2605 3048 2674 quando
3077 2603 3223 2659 videt
3256 2604 3423 2660 faveri
3474 2606 3598 2669 sibi,
3630 2613 3679 2659 et
3709 2605 3790 2658 ob-

2233 2697 2514 2753 secundari
2561 2698 2629 2751 ab
2658 2696 2743 2751 his
2792 2696 2883 2765 qui
2915 2711 3028 2752 non
3071 2704 3199 2750 sunt
3236 2696 3389 2751 tales.
3418 2696 3488 2750 Et
3519 2698 3594 2752 ita
3622 2704 3714 2760 est,
3738 2703 3792 2750 ut

2232 2786 2322 2856 qui
2363 2783 2602 2841 fomitem
2629 2785 2907 2855 praebeant
2935 2783 3147 2839 delictis
3176 2783 3406 2839 illorum.
3444 2783 3668 2855 Ideoque
3716 2786 3788 2839 di-

2232 2892 2393 2947 gnum
2420 2886 2521 2941 est,
2554 2883 2617 2930 ut
2660 2875 2776 2946 pari
2803 2876 3031 2930 crimine
3062 2875 3140 2929 rei
3175 2874 3506 2939 habeantur;
3553 2884 3673 2929 sunt
3696 2874 3788 2929 ite-

2231 2982 2351 3021 rum
2380 2967 2489 3031 alii,
2517 2967 2609 3036 qui
2634 2982 2741 3022 non
2768 2966 2939 3021 solum
2967 2965 3174 3021 faciunt
3194 2965 3355 3030 mala,
3378 2965 3473 3020 sed
3522 2968 3674 3021 etiam
3702 2967 3790 3037 qui

2231 3043 2575 3112 consentiunt
2602 3056 2938 3121 facientibus,
2982 3065 3041 3110 ut
3076 3071 3186 3111 non
3236 3056 3409 3111 solum
3456 3055 3673 3122 faciant,
3709 3057 3795 3111 sed

2230 3156 2285 3201 et
2316 3147 2508 3202 talibus
2556 3148 2913 3213 consentiant.
2961 3146 3160 3216 Duplex
3213 3162 3341 3218 ergo
3371 3149 3566 3202 horum
3608 3157 3796 3202 estne

2159 3238 2204 3300 C
2236 3238 2424 3307 quitia,
2453 3253 2558 3291 non
2583 3238 2727 3291 enim
2754 3246 2861 3290 tam
2910 3235 3036 3290 mali
3078 3248 3220 3299 sunt,
3252 3237 3344 3306 qui
3374 3237 3597 3302 faciunt,
3623 3248 3677 3293 et
3720 3240 3792 3293 fac

2237 3330 2504 3384 cientibus
2541 3329 2939 3394 contradicunt,
2983 3328 3216 3382 scientes
3260 3330 3405 3383 enim
3437 3329 3659 3395 nefaria,
3696 3347 3796 3386 non

2234 3420 2323 3474 illa
2346 3420 2635 3488 vindicant,
2666 3420 2741 3474 illi
2764 3420 2909 3474 enim
2944 3427 3052 3474 tam
3075 3421 3391 3489 nequissimi
3420 3429 3570 3486 sunt,
3589 3423 3679 3491 qui
3721 3421 3794 3477 fa-

2235 3514 2384 3567 ciunt
2401 3521 2456 3567 et
2484 3513 2825 3567 consentiunt
2873 3512 3212 3576 facientibus,
3238 3514 3627 3577 contradicunt,
3657 3524 3716 3569 ut
3737 3531 3799 3569 ne

2235 3602 2403 3656 Deum
2455 3602 2682 3657 timeant
2748 3602 3051 3657 increscere
3106 3602 3386 3672 cupientes
3443 3603 3583 3658 mala
3612 3645 3626 3669 ,
3687 3604 3799 3659 ideo

2237 3694 2349 3747 haec
2400 3707 2507 3747 non
2556 3690 2830 3747 vindicant
2880 3698 2943 3745 ut
2988 3689 3249 3746 suadeant
3296 3706 3402 3747 non
3429 3692 3518 3749 illa
3562 3708 3679 3749 esse
3724 3696 3799 3747 vi-

2235 3785 2417 3839 tanda.

2854 3888 3080 3949 CAPUT
3137 3892 3201 3948 Il.

2238 4013 2528 4084 Redarguit
2580 4011 2783 4084 Paulus
2839 4013 2964 4084 vitia
3005 4011 3338 4080 Judarorum,
3397 4016 3573 4070 dicens
3619 4032 3706 4071 eos
3754 4020 3802 4069 in

2305 4081 2457 4164 συζρά
2486 4083 2761 4152 gentilibus
2795 4081 3012 4148 similes,
3042 4094 3089 4138 et
3144 4086 3319 4153 quoad
3368 4086 3609 4156 quwdam
3654 4088 3803 4139 etiam

2306 4170 2526 4222 pejores.

2309 4245 2532 4316 Propter
2554 4246 2691 4317 quod
2744 4244 3111 4300 inexcusabilis
3139 4262 3211 4312 es,
3264 4264 3295 4301 ο
3331 4249 3486 4303 homo
3514 4250 3685 4303 omnis
3723 4250 3803 4319 qui

2230 4337 2461 4407 judicas.
2492 4336 2559 4390 In
2586 4354 2685 4407 quo
2737 4337 2872 4390 enim
2914 4336 3130 4405 judicas
3156 4337 3398 4403 alterum,
3436 4340 3657 4409 teipsum
3689 4356 3804 4393 coa-

2238 4429 2452 4483 demnas
2475 4441 2494 4479 :
2532 4427 2712 4481 eadem
2740 4428 2875 4480 enim
2904 4427 3015 4495 agis
3034 4442 3150 4495 quae
3180 4426 3409 4495 iudicas.
3439 4427 3709 4495 Quoniam
3732 4429 3804 4483 fac

2240 4523 2443 4578 cientes
2466 4523 2693 4592 maligna
2709 4532 2764 4576 et
2782 4523 3181 4578 consentientes
3198 4524 3517 4581 facientibus
3537 4535 3713 4583 morte
3731 4525 3804 4580 di-

2243 4628 2376 4684 gnos
2399 4612 2648 4676 ostendit,
2676 4626 2743 4667 ne
2773 4611 2911 4667 forte
2945 4613 3052 4679 hic,
3081 4614 3173 4683 qui
3194 4613 3342 4678 facit,
3370 4624 3425 4670 et
3448 4631 3557 4671 non
3586 4631 3803 4671 consen-

2241 4706 2307 4760 tit
2327 4703 2668 4769 facientibus,
2698 4718 2959 4759 excusare
2996 4719 3056 4760 se
3074 4719 3236 4774 posse
3262 4714 3499 4776 putaret,
3528 4708 3685 4763 docet
3718 4711 3803 4763 lin-

2233 4795 2468 4866 jusmodi
2499 4796 2915 4850 inexcusabilem
2944 4795 3059 4850 fore
3090 4812 3106 4860 ;
3161 4811 3265 4851 non
3290 4798 3435 4852 enim
3471 4797 3675 4866 justum
3704 4813 3802 4862 est,

2242 4898 2299 4943 ut
2319 4889 2445 4945 huic
2465 4890 2678 4958 impune
2707 4888 3054 4952 concedatur,
3083 4887 3207 4956 quia
3258 4903 3354 4957 per
3381 4888 3689 4959 hypocrisin
3720 4906 3803 4945 os-

2237 4981 2409 5034 tendit
2427 4993 2485 5031 se
2516 4992 2621 5032 non
2654 4976 2834 5041 talem,
2862 4992 2985 5031 cum
3012 4977 3162 5046 pejor
3186 4992 3306 5032 esse
3339 4978 3799 5049 deprehendatur.

2242 5068 2376 5123 fallit
2402 5069 2563 5132 enim,
2613 5074 2673 5121 ut
2723 5067 2850 5120 dum
2898 5067 3199 5135 puniendus
3242 5068 3330 5132 sit,
3363 5069 3566 5125 honore
3618 5073 3804 5142 dignus

2243 5171 2517 5232 appareat.
2549 5160 2608 5216 Si
2634 5178 2760 5234 ergo
2805 5163 2938 5218 istos
2961 5164 3355 5220 inexcusabiles
3381 5166 3529 5231 dicit,
3551 5168 3639 5236 qui
3672 5166 3803 5219 inri-

2244 5251 2415 5306 sibilia
2440 5253 2555 5321 ejus
2576 5267 2677 5321 per
2700 5268 2765 5307 ea
2811 5269 2930 5322 qua:
2958 5252 3100 5307 facta
3148 5263 3274 5308 sunt
3296 5254 3565 5310 intellecta
3595 5258 3804 5325 conspi-

2245 5353 2369 5394 cere
2387 5348 2692 5407 potuerunt,
2722 5355 2823 5395 nec
2855 5340 3175 5396 obedierunt
3216 5351 3396 5398 tamen
3442 5345 3680 5410 veritati,
3716 5345 3805 5398 sed

2248 5430 2415 5498 iniqui
2448 5438 2502 5484 et
2557 5432 2704 5501 impii
2730 5441 3160 5502 permanserunt,
3196 5443 3399 5504 quanto
3445 5438 3612 5505 magis
3654 5438 3807 5495 inea-

2248 5520 2513 5575 cusabiles
2537 5530 2681 5606 sunt,
2728 5522 2817 5589 qui
2844 5535 2912 5576 ex
2947 5520 3063 5592 lege
3085 5524 3201 5593 ejus
3236 5524 3507 5590 instructi,
3531 5525 3807 5581 conﬁdunt

2247 5612 2451 5679 seipsos
2480 5612 2642 5666 duces
2670 5626 2791 5666 esse
2816 5627 3099 5679 «acorum,
3139 5624 3194 5669 et
3239 5614 3371 5669 alios
3408 5616 3662 5671 docentes
3710 5616 3808 5669 sei-

2246 5714 2371 5769 psos
2399 5716 2504 5755 non
2532 5703 2742 5765 docent,
2778 5702 2868 5770 qui
2897 5704 3190 5770 pnndicant
3235 5720 3342 5761 non
3371 5704 3683 5767 furandum,
3725 5705 3806 5757 fu.

2249 5795 2457 5853 rantur,
2504 5798 2791 5856 otcmtera,
2819 5791 3022 5860 quando
3047 5792 3179 5862 ipsis
3218 5793 3509 5861 Apostolus
3546 5792 3805 5865 loquitur.
