3960 6368
290 439 441 496 15οπ

852 432 1397 493 ΕΝΑΒΗΑΤῘΟΝΗΜ
1436 432 1500 487 IN
1537 431 1686 487 EPP.
1726 428 1859 484 ΡΜ]

1973 428 2094 483 LIB.
2136 430 2175 484 l.
2214 460 2282 470 -
2314 430 2383 485 IN
2418 430 2637 488 EPIST.
2677 432 2768 489 AD
2804 434 2966 492 ROM.

3382 436 3522 494 1506

285 554 589 627 οἱιξςιιῐρρθ
629 553 779 617 dicit,
808 562 1077 622 propterea
1112 548 1479 604 inexcusabilis
1510 564 1582 613 es,
1612 564 1641 600 ο
1672 547 1847 608 homo,
1879 544 1931 604 Α
1955 545 2147 614 gratia,
2181 545 2274 615 qui
2305 545 2478 614 egerit
2504 545 2793 615 aliquando
2834 546 2995 609 mala,
3036 551 3246 601 certum
3285 556 3371 603 est
3396 552 3521 617 quia

285 650 458 720 limis
486 647 574 717 qui
606 644 838 713 judicas.
872 642 939 696 In
980 658 1081 711 quo
1125 640 1262 693 enim
1308 637 1469 691 alium
1494 636 1706 707 judicas
1738 675 1752 699 ,
1782 643 1858 687 ωε

291 741 461 803 ipsum
486 734 819 795 condemnas,
854 732 1033 785 eadem
1062 731 1197 784 enim
1223 729 1334 798 agis
1362 727 1719 796 qumjudicas.
1748 723 1857 778 Hu-

294 844 451 884 mana
480 825 674 895 quippe
713 821 962 892 superbia
1006 830 1259 888 tanquam
1305 832 1632 889 prmsumens
1679 817 1745 869 de
1779 814 1859 867 vi—

294 916 444 970 ribus
492 912 644 968 liberi
690 909 899 964 arbitrii
955 916 1264 962 excusatam
1316 921 1374 961 se
1415 914 1589 976 putat,
1643 902 1858 973 quando

294 1001 627 1073 ignorantiae,
647 1015 751 1053 non
775 997 1085 1059 voluntatis,
1112 994 1323 1047 videtur
1343 993 1483 1061 Quod
1510 1000 1717 1061 peccat.
1750 988 1855 1043 Se-

294 1092 525 1147 cundum
550 1092 691 1144 hanc
715 1086 1113 1142 excusationem
1144 1082 1533 1138 inexcusabiles
1562 1082 1689 1135 dicit
1711 1080 1860 1135 Seri-

293 1192 449 1254 ptura
478 1181 656 1236 divina
681 1191 1026 1249 quoscunque
1068 1175 1297 1230 scientes
1341 1184 1565 1241 peccare
1593 1210 1608 1236 ,
1636 1170 1859 1225 convin-

295 1274 370 1329 cit
390 1282 569 1328 tamen
599 1271 690 1325 Dei
721 1270 925 1339 justum
948 1267 1230 1336 judicium,
1264 1278 1364 1319 nec
1388 1263 1495 1317 illis
1542 1263 1716 1333 parcit
1767 1260 1859 1327 qui

295 1380 402 1419 non
432 1363 745 1425 audierunt;
794 1359 1097 1429 quicunque
1128 1356 1271 1410 enim
1300 1353 1416 1407 sine
1465 1353 1581 1422 lege
1607 1364 1862 1420 peccave—

297 1464 439 1517 runt,
472 1454 586 1507 sine
610 1452 725 1521 lege
742 1450 1034 1520 perierunt,
1062 1456 1117 1501 et
1138 1445 1383 1515 quamvis
1404 1459 1461 1497 se
1485 1443 1582 1512 ipsi
1606 1455 1863 1497 excusare

296 1544 564 1605 videntur,
606 1555 711 1594 non
734 1538 969 1592 admittit
993 1538 1130 1590 hanc
1154 1534 1575 1595 excusationem,
1610 1530 1699 1600 qui
1726 1530 1864 1584 sciat

298 1648 356 1687 se
380 1630 571 1685 fecisse
594 1628 866 1683 hominem
892 1633 1118 1688 rectum,
1144 1623 1299 1691 eique
1320 1620 1638 1677 obedientiae
1651 1616 1862 1671 dedisse

296 1729 643 1795 prteceptum,
676 1734 775 1773 nec
798 1717 901 1771 nisi
928 1715 1062 1786 ejus,
1093 1728 1200 1784 quo
1227 1712 1367 1767 male
1412 1725 1540 1765 usus
1583 1717 1667 1764 est
1692 1708 1863 1762 libero

298 1814 587 1870 voluntatis
636 1811 859 1866 arbitrio
907 1817 959 1863 et
982 1807 1096 1877 jam
1126 1805 1554 1876 quodtransiret
1590 1802 1643 1854 in
1682 1808 1860 1869 poste-

1957 636 2127 690 malus
2151 645 2271 690 erat
2293 643 2441 700 tunc,
2468 651 2589 689 cum
2619 637 2812 707 agebat
2845 636 3011 701 mala;
3045 638 3091 691 is
3127 652 3257 692 vero
3292 639 3337 693 si
3387 653 3525 708 pne—

1960 728 2235 782 teritorum
2257 726 2524 797 pcenitens
2548 737 2782 782 mentem
2820 743 2973 782 suam
3001 730 3238 801 corrigat
3266 729 3334 784 ad
3362 730 3523 796 bona,

1957 827 2012 873 et
2032 820 2167 874 bene
2186 827 2331 888 agat,
2361 818 2496 873 bene
2524 817 2789 886 loquatur,
2811 819 2949 874 bene
2967 820 3184 889 cogitet,
3211 821 3348 875 bene
3372 820 3521 886 velit,

1957 911 2047 979 qui
2074 912 2189 964 hmo
2215 908 2326 978 agit
2355 924 2461 964 non
2488 908 2583 962 tibi
2611 908 2820 962 videtur
2860 910 3029 963 bonus
3075 919 3129 964 et
3154 910 3350 965 merito
3380 912 3515 965 reci-

1958 1016 2083 1071 pere
2110 1000 2288 1056 hona?
2320 999 2582 1054 Similiter
2616 1006 2671 1051 et
2698 998 2742 1052 si
2764 1012 2829 1051 ex
2857 999 2994 1053 bono
3023 1000 3143 1069 quis
3179 1008 3525 1054 convertatur

1959 1093 2025 1146 ad
2056 1092 2273 1156 malum,
2302 1106 2404 1146 non
2425 1091 2539 1161 jam
2565 1090 2736 1144 bonus
2764 1089 2905 1157 quod
2934 1088 3052 1153 l’uit,
3081 1096 3136 1144 et
3160 1105 3265 1144 non
3293 1101 3405 1148 est.
3430 1090 3524 1144 sed

1961 1182 2132 1238 malus
2156 1181 2507 1250 iudicabitur,
2537 1180 2680 1250 quod
2706 1187 2819 1243 est;
2859 1190 3010 1233 actus
3037 1179 3179 1232 enim
3206 1179 3318 1233 sive
3362 1180 3486 1233 boni
3505 1218 3522 1244 ,

1963 1275 2075 1329 sive
2113 1272 2236 1327 mali
2263 1278 2608 1343 praetereunt,
2637 1269 2732 1324 sed
2770 1269 3064 1324 secundum
3098 1269 3180 1323 sui
3210 1270 3524 1337 qualitatem

1964 1352 2169 1433 agentis
2197 1371 2431 1417 mentem
2455 1360 2816 1429 imaginantur
2836 1366 2889 1413 et
2914 1357 3169 1423 formant,
3193 1372 3420 1427 eamque
3440 1360 3526 1414 vel

1964 1456 2157 1510 bonam
2182 1454 2495 1521 relinquunt
2509 1451 2590 1504 vel
2609 1452 2825 1515 malam,
2844 1465 2937 1504 seu
2957 1464 3151 1519 pmnaa,
3176 1464 3270 1504 seu
3292 1450 3528 1519 praemiis

1965 1543 2351 1600 destinandam.

2034 1638 2318 1692 Existimas
2342 1644 2510 1689 autem
2545 1638 2661 1699 hoc,
2708 1649 2737 1686 ο
2782 1633 2955 1696 Ιιοηιο,
2978 1634 3066 1702 qui
3087 1633 3298 1702 judicas
3336 1633 3397 1685 de
3450 1632 3529 1685 his

1964 1728 2052 1799 qui
2080 1726 2209 1780 talia
2241 1734 2422 1795 agunt,
2452 1733 2499 1777 et
2524 1724 2657 1793 facis
2695 1738 2776 1786 ea,
2799 1722 2924 1791 quia
2955 1730 3009 1774 tu
3031 1722 3241 1791 e/fugies
3261 1721 3528 1792 judicium

1968 1817 2108 1871 Dei?
2138 1814 2369 1887 (Ambr.)
2421 1812 2532 1867 Hoc
2565 1821 2671 1878 est,
2723 1810 2963 1880 nunquid
3001 1810 3125 1879 quia
3159 1810 3251 1864 tibi
3302 1823 3529 1864 examen

300 1921 411 1969 ros,
438 1917 680 1958 manasse
707 1906 1016 1970 peccatum;
1043 1910 1217 1965 neque
1232 1894 1374 1948 enim
1400 1894 1742 1953 damnantur,
1771 1888 1861 1956 qui

1973 1883 2155 1963 datum
2201 1914 2283 1959 est
2347 1903 2624 1972 potestatis
2676 1899 2948 1971 judicandi
3003 1902 3067 1954 de
3134 1898 3289 1953 malis
3349 1906 3402 1953 et
3464 1897 3532 1952 de

298 2009 404 2048 non
449 1996 825 2063 peccaverunt,
875 1986 1087 2056 quando
1121 1984 1336 2053 quidem
1392 1982 1523 2036 illud
1569 1995 1637 2032 ex
1666 1991 1775 2031 uno
1811 1976 1865 2028 in

297 2096 485 2139 omnes
510 2081 725 2144 transit,
754 2080 807 2132 in
840 2092 948 2146 quo
975 2084 1100 2129 ante
1145 2074 1360 2144 propria
1417 2072 1470 2125 in
1500 2069 1725 2139 singulis
1750 2066 1868 2136 qui-

297 2175 504 2243 busque
526 2177 746 2241 peccata
792 2182 979 2222 omnes
1014 2163 1373 2219 communiter
1398 2166 1773 2231 peccaverunt,
1804 2172 1867 2211 ac

298 2278 394 2333 per
425 2264 526 2316 hoc
569 2258 945 2315 inexcusabilis
982 2266 1065 2310 est
1097 2256 1271 2309 omnis
1293 2262 1563 2322 peccator,
1592 2249 1673 2303 vel
1713 2258 1866 2303 reatu

299 2353 543 2423 originis,
567 2352 651 2405 vel
692 2351 1060 2406 additamenta
1099 2347 1261 2401 etiam
1292 2346 1524 2416 propria
1556 2343 1864 2407 voluntatis,

299 2444 412 2498 sive
440 2442 530 2510 qui
560 2442 729 2506 novit,
776 2441 888 2494 sive
938 2439 1028 2506 qui
1080 2438 1313 2506 ignorat,
1353 2436 1465 2489 sive
1508 2434 1598 2503 qui
1640 2432 1867 2503 judicat,

300 2533 424 2602 quia
452 2539 505 2586 et
541 2532 653 2600 ipsa
685 2528 985 2599 ignorantia
1013 2527 1195 2590 in‘eis,
1227 2528 1317 2594 qui
1362 2525 1657 2593 intelligere
1686 2522 1870 2577 nolue-

301 2634 446 2687 runt,
472 2624 589 2678 sine
617 2621 946 2676 dubitatione
977 2626 1257 2687 peccatum
1282 2625 1395 2681 est;
1440 2616 1494 2669 in
1541 2615 1620 2668 eis
1666 2620 1865 2676 autem,

300 2716 393 2787 qui
423 2730 529 2769 non
570 2720 859 2784 potuerunt
898 2724 1057 2779 poena
1096 2708 1321 2779 peccati.
1354 2707 1494 2774 Ergo
1520 2707 1577 2761 in
1628 2705 1871 2769 utrisque

299 2822 409 2862 non
434 2816 517 2861 est
534 2805 680 2876 justa
701 2803 996 2866 excusatio,
1024 2800 1118 2856 sed
1136 2800 1282 2870 justa
1312 2799 1604 2854 damnatio.

373 2893 578 2948 Scimus
608 2900 781 2946 autem
804 2891 1048 2961 quoniam
1081 2889 1343 2957 judicium
1368 2888 1465 2940 Dei
1490 2897 1560 2940 est
1585 2886 1869 2940 secundum

301 2989 565 3041 ceritatem
603 2986 656 3039 in
696 3002 781 3039 eos
810 2984 898 3055 qui
951 2983 1079 3036 talia
1109 2992 1285 3052 agunt.
1321 2981 1433 3036 Hoc
1458 2990 1559 3048 est,
1587 2996 1693 3034 non
1720 2982 1870 3051 igno-

302 3091 485 3130 ramus
508 3076 673 3129 Deum
704 3074 768 3129 de
793 3073 878 3127 his
907 3073 1270 3142 judicaturum
1292 3073 1347 3126 in
1375 3072 1625 3135 veritate,
1658 3071 1873 3139 quando

301 3182 399 3222 nos
432 3167 532 3235 ipsi
573 3166 637 3219 de
659 3163 1081 3232 hisjudieamus.
1121 3162 1177 3217 Si
1228 3163 1372 3216 enim
1420 3162 1574 3217 nobis
1605 3162 1868 3229 displicet,

302 3265 502 3325 quanto
526 3255 696 3324 magis
748 3255 875 3318 Deo,
928 3255 1018 3321 qui
1051 3253 1223 3323 magis
1258 3253 1438 3322 justus
1466 3261 1566 3317 est,
1631 3261 1686 3306 et
1740 3267 1874 3321 opus

302 3359 458 3398 suum
482 3342 721 3398 zelatur?
738 3342 794 3396 ιιι
811 3343 1035 3396 veritate
1058 3356 1184 3411 ergo
1207 3356 1327 3395 cum
1356 3343 1485 3395 dicit
1506 3342 1874 3410 judicaturum

302 3434 472 3489 Deum
498 3436 563 3489 de
594 3435 699 3499 his,
728 3443 991 3488 terrorem
1017 3434 1227 3497 incutit,
1258 3442 1317 3487 ut
1342 3448 1502 3503 quem
1547 3433 1603 3487 hi
1640 3434 1875 3489 incurio-

302 3539 421 3579 sum
464 3523 668 3588 dicunt,
718 3523 819 3577 iste
850 3522 1019 3577 malos
1055 3523 1345 3578 secundum
1390 3523 1675 3577 veritatem
1729 3525 1873 3578 dicat

297 3614 679 3683 judicaturum,
727 3613 829 3666 hoc
854 3621 940 3666 est
979 3614 1260 3668 verissime
1306 3613 1533 3667 reddere
1578 3614 1873 3668 secundum

305 3719 612 3759 mensuram
630 3700 1065 3770 uniuscujusque,
1079 3712 1134 3756 et
1148 3717 1251 3755 non
1274 3717 1518 3770 parcere.
1543 3701 1741 3773 (0rig.)
1765 3701 1873 3757 Sed

304 3793 435 3849 illud
455 3802 539 3849 est
559 3794 698 3863 quod
718 3793 769 3846 in
798 3793 901 3846 hoc
927 3792 1045 3847 loco
1070 3793 1284 3846 videtur
1306 3794 1534 3855 ostendi,
1561 3793 1687 3862 quia
1708 3792 1874 3848 solius

306 3888 402 3943 Dei
419 3888 488 3941 sit
505 3887 797 3942 secundum
824 3886 1104 3941 veritatem
1115 3884 1375 3955 judicium
1395 3904 1408 3951 ;
1429 3895 1553 3941 sunt
1566 3887 1709 3941 enim
1728 3901 1875 3955 quaa-

306 3978 431 4032 dam
457 3993 576 4048 quae
599 3976 1009 4032 committuntur
1032 3993 1194 4047 opere
1241 3976 1458 4047 quidem
1499 3975 1660 4037 malo,
1691 3976 1872 4030 animo

308 4077 487 4123 autem
517 4082 620 4121 non
652 4067 811 4131 malo,
840 4074 898 4119 ut
946 4066 989 4119 si
1014 4067 1134 4134 quis
1166 4066 1311 4119 verbi
1338 4080 1499 4120 causa
1528 4065 1872 4118 homicidium

308 4178 413 4218 non
440 4160 709 4214 voluntate
732 4159 1092 4222 commiserit;
1120 4166 1174 4211 et
1196 4156 1297 4211 alia
1320 4157 1451 4210 ﬁunt
1474 4170 1636 4225 opere
1657 4155 1873 4224 quidem

306 4256 467 4317 bono,
502 4252 592 4307 sed
618 4252 797 4304 animo
822 4265 928 4304 non
957 4251 1119 4314 bono,
1145 4257 1205 4303 ut
1231 4249 1276 4303 si
1307 4249 1427 4317 quis
1450 4246 1874 4301 misericordiam

308 4360 413 4400 non
440 4351 656 4413 propter
682 4342 937 4395 mandata
970 4340 1086 4404 Dei,
1113 4339 1208 4393 sed
1246 4350 1309 4393 ut
1331 4338 1579 4393 laudetur
1600 4337 1667 4390 ab
1708 4336 1874 4389 homi-

309 4434 463 4488 nibus
487 4430 670 4486 faciat.
698 4428 817 4483 Alia
846 4444 972 4483 vero
1000 4438 1123 4483 sunt
1152 4428 1206 4483 in
1234 4428 1426 4499 quibus
1454 4427 1569 4482 sive
1616 4427 1670 4481 in
1708 4426 1869 4489 bono,

1970 1996 2191 2065 stupris,
2244 2010 2366 2049 eum
2412 1994 2597 2049 eadem
2641 2006 2789 2063 agas,
2841 2000 3046 2045 etnon
3094 1996 3178 2044 est
3219 1988 3309 2058 qui
3351 1996 3410 2042 te
3464 1985 3533 2041 ad

1968 2103 2206 2157 praesens
2221 2086 2445 2157 judicet,
2479 2083 2701 2155 effugies
2720 2083 2979 2152 judicium
3012 2082 3148 2137 Dei?
3177 2080 3293 2136 Non
3326 2081 3532 2150 utique,

1969 2177 2093 2245 quia
2148 2177 2191 2229 si
2237 2175 2498 2243 judicium
2563 2174 2658 2227 Dei
2719 2174 2772 2227 in
2832 2173 3030 2227 mundo
3083 2171 3345 2234 evasisti,
3408 2170 3533 2239 quia

1970 2267 2084 2320 haec
2103 2265 2279 2320 omnis
2300 2272 2556 2334 potestas,
2581 2270 2637 2317 et
2643 2261 2905 2331 judicium
2932 2275 2961 2315 a
2978 2260 3087 2314 Deo
3101 2267 3202 2323 est,
3222 2259 3273 2313 in
3291 2258 3532 2312 futurum

1970 2372 2077 2413 non
2108 2356 2303 2411 evades
2332 2374 2345 2407 :
2384 2370 2479 2424 per
2501 2368 2558 2408 se
2576 2354 2718 2408 enim
2739 2353 3077 2422 judicaturus
3097 2358 3179 2405 est
3208 2350 3368 2411 Deus,
3396 2348 3536 2417 apud

1970 2464 2132 2521 quem
2177 2456 2354 2503 cessat
2397 2445 2631 2502 adulatio
2657 2452 2711 2499 et
2736 2458 3092 2514 personarum
3135 2440 3394 2510 acceptio.
3430 2439 3538 2492 Aut

1970 2551 2135 2606 certe,
2165 2542 2211 2596 si
2239 2541 2441 2611 justum
2469 2538 2626 2593 alicui
2664 2536 2890 2599 videtur,
2921 2545 2978 2590 ut
3014 2532 3537 2602 hujusmodi‘immu-

1972 2634 2057 2687 nis
2082 2646 2112 2686 a
2140 2645 2301 2700 paena
2323 2630 2415 2693 sit,
2442 2627 2603 2682 dicat.
2633 2625 2784 2692 Quod
2813 2625 2858 2679 si
2873 2624 3078 2695 justum
3100 2630 3183 2677 est
3204 2630 3263 2675 ut
3284 2634 3392 2676 non
3417 2635 3538 2675 eva-

1972 2724 2082 2787 dat,
2122 2720 2307 2775 credat
2346 2719 2514 2772 Deum
2537 2714 2922 2785 judicaturum,
2968 2720 3027 2765 ut
3052 2720 3108 2766 et
3147 2710 3287 2781 quod
3332 2707 3536 2777 justum

1970 2828 2093 2868 esse
2138 2809 2375 2878 judicat,
2427 2822 2613 2862 verum
2652 2806 2751 2870 sit,
2809 2812 2866 2859 et
2915 2802 3219 2873 impleatur,
3272 2809 3327 2857 et
3371 2802 3537 2856 Deum

1970 2897 2303 2956 conditorem
2334 2894 2516 2949 mundi
2546 2893 2888 2963 providenter
2918 2902 2972 2945 et
2998 2892 3208 2948 curiose
3235 2890 3415 2960 operis
3453 2888 3538 2944 sui

1972 2990 2167 3045 merita
2193 2988 2468 3056 requirere
2492 2984 2742 3039 fateatur.
2776 2982 2834 3038 Si
2858 2984 3002 3037 enim
3052 2982 3183 3037 fecit
3208 2989 3264 3036 et
3296 2981 3536 3051 negligit,

1974 3082 2145 3137 malus
2192 3078 2364 3149 opifex
2406 3077 2623 3141 dicitur,
2680 3075 2807 3144 quia
2852 3088 2949 3142 per
2996 3074 3050 3128 id
3102 3072 3244 3142 quod
3294 3070 3539 3142 negligit,

1974 3188 2081 3230 non
2106 3173 2246 3226 bona
2290 3184 2348 3223 se
2402 3167 2591 3221 fecisse
2634 3180 2753 3235 quae
2796 3155 2942 3230 fecit;
2996 3164 3258 3229 ostendit;
3295 3163 3386 3216 sed
3416 3163 3540 3230 quia

1976 3265 2117 3319 bona
2150 3260 2340 3315 fecisse
2368 3258 2548 3327 negari
2592 3271 2697 3311 non
2740 3264 2917 3324 potest
2953 3255 3251 3325 (indignum
3280 3260 3364 3307 est
3396 3253 3538 3307 enim

1974 3360 2029 3406 et
2065 3348 2413 3419 improbabile
2440 3346 2635 3400 bonum
2684 3344 2825 3399 mala
2870 3342 3104 3415 fecisse),
3138 3358 3322 3397 curam
3351 3357 3538 3397 eorum

1975 3453 2195 3495 necesse
2221 3444 2304 3492 est
2333 3444 2393 3490 ut
2426 3436 2635 3489 dicatur
2680 3448 2860 3504 agere,
2916 3432 3041 3502 quia
3073 3432 3395 3488 contumelia
3424 3433 3543 3502 ejus

1974 3531 2077 3583 erit
2104 3539 2159 3583 et
2207 3526 2498 3590 accusatio,
2552 3524 2599 3579 si
2627 3525 2889 3580 bonorum
2915 3538 2946 3577 a
2973 3538 3031 3579 se
3060 3522 3325 3579 factorum
3373 3524 3542 3595 negli-

1974 3635 2104 3690 gens
2131 3619 2446 3682 inducatur,
2472 3616 2667 3685 quippe
2694 3630 2815 3670 cum
2841 3613 2957 3683 ejus
3000 3621 3131 3669 nutu
3159 3628 3224 3669 ac
3248 3614 3537 3685 providen-

1976 3710 2049 3763 tia
2076 3709 2183 3763 vita
2237 3709 2349 3777 ipsa
2398 3713 2726 3761 sustentetur
2777 3704 3075 3759 ministerio
3123 3703 3536 3769 elementorum,

1976 3802 2117 3856 sicut
2168 3801 2282 3869 ipse
2325 3796 2583 3852 Dominus
2628 3796 2794 3850 dicit:
2831 3795 2933 3860 Qui
2959 3794 3118 3849 solem
3137 3808 3288 3849 suum
3311 3794 3437 3847 oriri
3465 3794 3543 3862 fa-

1974 3893 2043 3944 cit
2071 3906 2219 3959 super
2244 3890 2402 3943 bonos
2428 3898 2472 3941 et
2500 3887 2686 3953 malos,
2703 3898 2751 3942 et
2778 3886 2908 3957 pluit
2933 3904 3088 3958 super
3102 3887 3276 3957 justas
3297 3895 3343 3949 et
3366 3886 3533 3954 injus-

1975 3990 2052 4033 tos
2086 3977 2301 4049 (Matth.
2333 3980 2410 4047 γ).
2444 3976 2639 4049 (0rig.)
2673 3976 2729 4031 Si
2777 3976 2977 4042 omnia,
3027 3990 3145 4045 quae
3172 3976 3257 4029 lex
3280 3975 3537 4044 loquitur,

1975 4074 2061 4127 his
2109 4074 2198 4143 qui
2230 4073 2282 4126 in
2309 4072 2426 4140 lege
2470 4080 2614 4136 sunt,
2670 4069 2923 4139 loquitur,
2968 4075 3024 4123 et
3048 4082 3166 4137 quae
3192 4067 3538 4137 Evangelium

1975 4163 2058 4217 vel
2079 4162 2365 4233 Apostolus
2407 4162 2663 4230 loquitur,
2692 4176 2803 4215 inec
2852 4159 3183 4230 principibus
3207 4159 3405 4223 saeculi,
3440 4174 3538 4214 nec

1978 4253 2222 4323 regibus,
2260 4251 2354 4306 sed
2402 4250 2750 4305 ecclesiarum
2803 4250 3103 4305 rectoribus
3132 4258 3187 4302 et
3211 4250 3539 4320 principibus

1976 4344 2226 4411 loquitur,
2268 4343 2352 4396 his
2380 4341 2625 4396 videlicet
2678 4340 2768 4409 qui
2813 4339 3057 4408 judicant
3087 4354 3198 4405 eos,
3254 4340 3344 4409 qui
3397 4342 3540 4395 intus

1978 4438 2123 4494 sunt,
2146 4430 2201 4483 id
2227 4437 2331 4494 est,
2357 4427 2643 4498 episcopis,
2668 4426 2750 4481 vel
2772 4426 3097 4497 presbyteris
3123 4434 3177 4480 et
3198 4426 3535 4496 diaconibus,

307 4527 420 4582 sive
440 4525 495 4579 in
516 4524 677 4603 malo,
716 4522 929 4577 animus
958 4538 1079 4577 cum
1106 4537 1268 4591 opere
1305 4522 1628 4587 concordat;
1665 4530 1719 4577 et
1746 4522 1871 4591 quia
1898 4560 1952 4619 Β
1978 4523 2063 4577 his
2096 4536 2223 4592 ergo
2275 4521 2425 4587 dicit,
2470 4537 2537 4574 ne
2580 4520 2887 4574 existiment
2909 4533 2968 4574 se
3007 4517 3239 4589 etl‘ugere
3284 4517 3538 4572 iudicium

306 4616 469 4674 corda
502 4617 777 4670 hominum
805 4628 962 4668 nosse
999 4613 1165 4668 solius
1192 4613 1287 4667 Dei
1308 4621 1410 4679 est,
1455 4622 1511 4667 et
1553 4613 1765 4666 mentis
1793 4627 1874 4666 se-

303 4713 453 4761 creta
483 4705 815 4774 dignoscere,
859 4701 1059 4757 idcirco
1096 4702 1210 4771 ipse
1240 4700 1388 4756 solus
1411 4710 1513 4765 est,
1563 4702 1652 4770 qui
1679 4714 1870 4754 secun-

306 4797 433 4850 dum
458 4794 741 4848 veritatem
765 4800 943 4862 potest
970 4792 1170 4846 habere
1200 4792 1481 4862 judicium.
1536 4789 1641 4844 Sed
1694 4790 1874 4860 requi-

307 4887 466 4950 ritur,
495 4884 540 4939 si
570 4898 697 4951 erga
731 4896 844 4946 eos,
882 4897 1111 4950 quorum
1139 4883 1378 4936 remissa:
1407 4888 1531 4936 sunt
1557 4881 1870 4950 iniquitates

302 4989 404 5044 per
451 4972 700 5041 baptismi
748 4971 995 5040 gratiam,
1030 4970 1115 5024 vel
1160 4986 1388 5040 quorum
1427 4979 1563 5025 tecta
1590 4978 1716 5025 sunt
1740 4985 1869 5040 pec-

306 5075 428 5120 cata
456 5078 553 5133 per
578 5062 969 5130 paenitentiam,
1020 5061 1104 5115 vel
1146 5062 1339 5131 quibus
1368 5061 1737 5131 imputandum
1767 5076 1873 5116 non

308 5166 391 5212 est
416 5163 696 5226 peccatum
724 5168 821 5223 per
854 5154 1093 5224 martyrii
1133 5154 1374 5223 gloriam,
1403 5152 1698 5208 secundum
1728 5153 1873 5206 veri—

311 5254 474 5300 tatem
490 5246 733 5299 videatur
753 5244 893 5298 Deus
904 5258 1122 5298 servare
1142 5243 1422 5311 judicium.
1448 5242 1658 5297 Veritas
1677 5244 1874 5312 quippe

302 5334 489 5403 judicii
536 5335 637 5389 hoc
664 5332 915 5402 postulat,
958 5341 1015 5385 nt
1049 5333 1223 5387 malus
1253 5332 1421 5397 mala;
1453 5340 1509 5385 et
1537 5332 1712 5386 bonus
1740 5333 1875 5387 reci-

310 5426 422 5497 piat
444 5426 604 5490 hona,
632 5435 686 5479 et
705 5424 948 5494 quamvis
970 5424 1108 5479 dona
1129 5434 1183 5479 et
1204 5425 1415 5495 largitio
1426 5424 1520 5477 Dei
1534 5439 1872 5495 nequaquam

312 5517 677 5572 curiositatem
706 5516 1041 5571 discutientis
1070 5516 1385 5581 admittant,
1421 5526 1596 5570 tamen
1626 5518 1788 5571 etiam
1817 5517 1871 5569 in

312 5610 435 5672 hoc,
489 5616 691 5677 quanta
736 5609 804 5661 sit
847 5606 1033 5675 judicii
1067 5606 1183 5675 ejus
1229 5610 1447 5673 veritas,
1500 5609 1866 5663 ostendamus.

312 5699 623 5755 Communis
646 5696 909 5767 professio
939 5707 1022 5752 est
1048 5698 1243 5752 bonum
1287 5714 1390 5753 non
1438 5697 1632 5751 debere
1671 5695 1870 5765 puniri,

316 5805 413 5847 nec
444 5787 642 5846 malum
686 5790 941 5859 consequi
979 5790 1138 5847 bona.
1184 5787 1239 5846 Si
1279 5790 1400 5861 quis
1443 5804 1570 5861 ergo
1595 5788 1692 5855 sit,
1723 5788 1873 5846 verbi

1981 4615 2095 4679 Dei,
2122 4615 2166 4670 si
2196 4628 2258 4669 ea
2280 4612 2620 4669 committant
2638 4612 2762 4682 ipsi,
2784 4610 2850 4665 de
2892 4610 3083 4679 quibus
3130 4608 3261 4663 alios
3295 4607 3541 4675 judicant

1978 4714 2032 4761 et
2058 4704 2456 4761 condemnant:
2490 4711 2545 4758 et
2589 4702 2709 4757 ideo
2755 4707 2965 4770 oportet
3008 4712 3442 4768 unumquemque
3472 4698 3538 4752 de

1978 4811 2075 4850 sua
2102 4795 2251 4865 prius
2284 4791 2610 4848 conscientia
2654 4788 2917 4859 judicare,
2967 4798 3022 4843 et
3050 4797 3177 4843 tunc
3214 4787 3348 4855 ejus,
3380 4803 3538 4857 quem

1970 4864 2197 4955 judicat,
2224 4893 2375 4952 gesta
2399 4883 2685 4937 discutere.
2716 4880 2866 4947 Quod
2902 4880 2946 4933 si
2983 4878 3157 4942 fieret,
3190 4878 3364 4932 omnis
3389 4864 3539 4947 peni—

1982 4984 2067 5029 tus
2088 4971 2317 5026 adeundi
2372 4970 2593 5025 honoris
2624 4967 2975 5024 ecclesiastici
3002 4965 3406 5020 abscinderetur
3430 4980 3540 5017 am-

1979 5063 2133 5127 bitio,
2176 5063 2220 5117 si
2251 5077 2309 5117 se
2351 5059 2667 5131 iudicandos
2696 5058 2895 5127 potius,
2924 5070 3085 5126 quam
3123 5056 3453 5125 judicaturos
3482 5054 3537 5109 hi

1980 5155 2071 5223 qui
2099 5166 2328 5222 praeesse
2376 5151 2561 5205 volunt
2605 5148 2835 5219 populis,
2877 5148 3187 5218 cogitarent.
3214 5145 3381 5199 Nemo
3410 5159 3539 5215 ergo

1980 5249 2252 5303 existimet
2275 5246 2417 5315 quod
2461 5243 2695 5313 eﬂ‘ugere
2739 5239 2908 5312 possit
2946 5241 3205 5312 judicium
3253 5237 3366 5303 Dei,
3400 5239 3540 5293 sicut

1980 5337 2250 5407 Propheta
2301 5336 2415 5390 ait:
2450 5332 2566 5398 Quo
2600 5334 2741 5386 ibaa
2766 5331 2951 5402 spiritu
2991 5342 3103 5396 tuo,
3148 5340 3194 5384 et
3218 5346 3249 5382 a
3272 5328 3408 5397 facie
3445 5337 3537 5380 tua

1978 5445 2079 5499 quo
2128 5426 2373 5497 fugiam?
2403 5422 2574 5497 (Psal.
2622 5422 2907 5493 cxxxvm.)
2942 5421 3007 5475 Et
3052 5420 3175 5490 quia
3206 5420 3322 5475 haec
3351 5417 3419 5472 ad
3443 5432 3538 5473 eos

1979 5521 2211 5574 maxime
2239 5518 2504 5579 dicuntur,
2547 5515 2638 5585 qui
2666 5522 2920 5584 prmsunt,
2956 5520 3011 5567 et
3062 5520 3187 5566 sunt
3204 5510 3413 5580 judiees
3442 5524 3538 5578 po-

1977 5610 2242 5678 pulorum,
2279 5606 2477 5659 idcirco
2520 5614 2575 5660 et
2624 5604 2748 5658 alibi
2792 5601 2941 5668 dicit,
2978 5600 3103 5671 quia
3147 5602 3211 5653 de
3245 5600 3396 5651 domo
3440 5596 3535 5650 Dei

1979 5700 2186 5770 incipiet
2199 5697 2460 5768 judicium
2486 5694 2536 5767 (1
2560 5692 2705 5747 Petr.
2736 5692 2845 5763 tv);
2874 5698 2929 5747 et
2955 5692 3084 5747 item
3114 5688 3241 5743 alibi
3276 5685 3534 5741 Dominus

1981 5786 2153 5844 dicit:
2187 5784 2253 5842 1a
2291 5786 2370 5842 Itis
2420 5785 2510 5855 qui
2561 5783 2925 5855 approximant
2973 5779 3122 5845 mihi,
3174 5774 3538 5835 tanctiﬁcabor
