3960 6322
192 383 332 457 lava

762 384 1311 475 ENARBATIONUM
1348 385 1416 441 lN
1453 364 1600 443 Ern.
1639 389 1846 446 PAULI
1882 391 2011 448 LIB.
2051 390 2091 449 l.
2132 424 2205 434 —
2239 393 2307 449 11v
2345 394 2559 453 EPIST.
2598 394 2692 453 ΑΙ)
2727 396 2898 455 nou.

3312 402 3451 461 1510

189 494 310 549 istis
336 495 516 551 tribus
540 503 873 567 congregant
914 496 1235 585 thesauros;
1269 505 1364 550 aut
1387 499 1531 587 enim
1574 501 1766 556 inlide-
1790 508 1846 566 Α
1868 507 1923 575 v)
1942 523 1957 573 ;
1977 506 2091 574 jam
2122 522 2252 563 vero
2271 508 2315 562 si
2342 509 2505 564 etiam
2533 494 2686 565 extra
2707 505 2905 581 corpus
2933 502 3116 583 posiii,
3142 498 3227 569 rei
3251 516 3445 587 sancti,

186 590 257 645 lis
282 600 364 646 est
392 592 535 661 quis,
561 600 616 647 et
648 591 866 662 iniquus
892 599 950 647 et
969 606 1068 661 per
1106 584 1361 646 duritiam
1392 582 1571 649 cordis
1590 602 1647 649 et
1670 608 1767 649 cor

186 681 535 752 impmniteus
569 684 624 737 in
669 682 953 737 thesauros
1002 682 1097 735 irae
1126 689 1278 737 actus
1306 698 1433 739 suos
1480 685 1762 753 recondit;

184 779 283 825 aut
334 780 581 825 terrenus
608 758 709 832 esi,
742 779 796 824 et
842 770 909 824 de
940 778 1085 824 terra
1122 771 1280 839 sapit,
1314 786 1377 826 ac
1402 764 1467 826 de
1509 780 1649 827 terra
1689 772 1767 826 lo-

183 862 387 932 quitur,
420 871 615 918 etcum
670 862 720 916 ei
758 851 1005 915 attulerit
1030 877 1160 932 ager
1184 860 1392 916 fructus
1420 850 1634 928 uberes,
1668 864 1763 919 de-

182 953 344 1008 struit
373 954 568 1007 horrea
598 968 714 1016 sua,
758 964 815 1006 et
866 952 1070 1027 majora
1109 953 1363 1018 aediﬁcat,
1394 962 1448 1007 ct
1498 954 1765 1010 thesauri-

183 1053 274 1099 zat
309 1045 360 1098 in
401 1054 566 1109 terra,
605 1051 660 1097 et
697 1043 784 1098 ille
810 1043 1028 1114 quidem
1080 1045 1268 1111 durus,
1305 1046 1393 1101 hic
1419 1054 1597 1101 autem
1633 1048 1765 1102 stul-

184 1140 271 1187 tus
321 1134 643 1203 appellatur,
694 1132 894 1187 dicitur
932 1134 1076 1189 enim
1126 1135 1193 1189 ad
1240 1150 1364 1189 eum
1396 1154 1408 1189 :
1444 1134 1635 1203 Stulte,
1665 1138 1763 1191 hac

181 1235 329 1279 nocte
372 1236 597 1297 repetent
622 1225 719 1300 abs
763 1235 812 1279 te
834 1227 1066 1279 animum
1110 1235 1275 1293 tuam,
1320 1237 1367 1281 et
1392 1244 1510 1298 qua?
1538 1230 1762 1298 parasti,

179 1320 332 1389 cujus
354 1329 506 1373 erunt
533 1321 556 1370 ?
582 1317 734 1390 (Luc.
760 1318 880 1388 xu.)
906 1319 1011 1371 Aut
1042 1318 1087 1371 si
1120 1321 1335 1387 sapiens
1364 1330 1467 1385 est,
1511 1321 1562 1375 iu
1592 1321 1763 1377 Deum

176 1407 358 1472 dives,
395 1410 447 1462 in
491 1396 649 1462 icrris
691 1407 992 1473 ambulans,
1023 1410 1489 1465 conversationem
1517 1412 1679 1466 habet
1708 1413 1763 1466 in

177 1500 364 1565 caelis,
398 1512 559 1570 atque
584 1501 765 1554 omnia
793 1516 912 1569 quae
942 1501 1055 1571 agit
1076 1502 1234 1571 digna
1272 1510 1396 1556 sunt
1419 1519 1584 1573 regno
1605 1504 1764 1559 caelo-

179 1606 317 1648 rum.
350 1602 405 1645 et
435 1592 534 1645 iste
563 1590 683 1645 talis
721 1591 1028 1645 divutiarum
1060 1608 1279 1646 suarum
1318 1594 1603 1668 thesauros
1627 1610 1761 1650 con-

176 1672 334 1737 ditiu‘
362 1681 535 1735 caelis.
572 1680 800 1753 (Ambr.)
852 1680 975 1735 Dies
1003 1682 1095 1736 ira:
1122 1688 1206 1735 est
1229 1682 1624 1751 peccatoribus,
1653 1698 1761 1753 quo

175 1772 488 1843 punientur,
530 1772 647 1825 ideo
679 1772 809 1841 ipsis
842 1780 925 1827 est
969 1772 1047 1825 ira
1074 1789 1088 1835 ;
1123 1773 1247 1851 quia
1274 1775 1516 1827 sentiunt
1544 1788 1761 1843 poenam

1868 594 2112 665 quicum
2159 590 2376 653 Christo
2413 608 2557 665 sunt,
2590 590 2777 675 agunt;
2823 601 3047 673 aliquid,
3098 609 3152 659 c't
3202 604 3450 665 laborant

1866 702 1965 757 pro
1989 690 2166 756 nobis,
2219 689 2286 744 ad
2316 678 2723 748 similitudinem
2749 676 3087 765 angelorum,
3120 703 3212 766 qui
3261 700 3448 755 salutis

1867 787 2068 856 nostra:
2095 780 2397 835 ministeria
2426 792 2742 852 procurant,
2780 785 2865 839 vel
2896 786 3109 841 rursum
3135 797 3448 857 peccatores

1866 870 2028 926 etiam
2054 872 2156 942 ipsi
2186 881 2340 950 extra
2371 889 2570 944 corpus
2618 876 2776 944 positi
2808 888 2973 947 agunt
3018 856 3221 949 aliquid
3246 896 3445 936 secun-

1867 961 1993 1016 dum
2020 964 2355 1043 propositum
2407 964 2605 1019 mentis
2634 980 2764 1028 sate,
2786 967 2871 1037 ‘ad
2899 973 3211 1038 angelorum
3249 972 3445 1027 nihilo-

1867 1054 2046 1108 minus
2076 1054 2479 1118 similitudinem
2526 1044 2890 1121 sinistrarum,
2931 1060 3052 1111 cum
3081 1054 3277 1127 quibus
3306 1070 3361 1115 et
3389 1061 3445 1116 in

1864 1154 2126 1211 aeternum
2155 1145 2330 1215 ignem
2360 1147 2603 1201 mittendi
2635 1146 2888 1202 dicuntur
2913 1164 2942 1202 a
2968 1149 3206 1214 Christo,
3238 1155 3440 1207 hahea-

1866 1244 1956 1290 tur
1979 1237 2081 1291 hoc
2108 1252 2319 1307 quoque
2342 1240 2481 1293 inter
2504 1226 2711 1294 occulta
2741 1239 2856 1305 Dei,
2882 1256 2984 1296 nec
3014 1242 3272 1298 chartulae
3293 1260 3444 1299 com-

1864 1328 2113 1381 mittendi
2143 1329 2397 1410 mysteria
2431 1328 2702 1384 sufficiunt
2733 1331 2833 1386 ista
2872 1331 2939 1385 de
2986 1333 3072 1409 die
3098 1333 3191 1387 ira:
3213 1342 3268 1389 et
3294 1349 3448 1395 reve-

1863 1418 2101 1483 lationis.
2146 1406 2504 1489 Requiramus
2532 1410 2788 1490 de'justo
2832 1406 3035 1492 judicio
3091 1424 3209 1489 Dei,
3252 1410 3305 1479 in
3335 1440 3445 1495 quo

1861 1510 2039 1568 reddit
2090 1510 2380 1580 unicuique
2426 1511 2720 1565 secundum
2769 1526 3102 1589 operalsua,
3156 1522 3214 1570 et
3264 1516 3440 1585 primo

1862 1602 2079 1671 quidem
2112 1601 2473 1657 excluduntur
2502 1601 2764 1666 haeretici,
2810 1602 2900 1670 qui
2930 1604 3112 1659 dicunt
3139 1606 3326 1671 bonas,
3357 1607 3443 1662 vel

1862 1694 2041 1748 malas-
2058 1696 2353 1750 animarum
2386 1703 2629 1760 naturas,
2679 1704 2733 1750 et
2761 1696 3019 1763 audiant;
3051 1700 3175 1768 quia
3204 1698 3309 1755 non
3336 1717 3435 1772 pro

1862 1793 2052 1839 natura
2083 1785 2370 1854 unicuique
2400 1784 2563 1851 Deus,
2620 1785 2713 1840 sed
2767 1801 2864 1855 pro
2893 1787 3146 1856 operibus
3172 1789 3283 1844 suis
3313 1789 3433 1845 red-

175 1862 232 1917 in
257 1862 343 1917 die
372 1863 718 1918 revelationis
741 1862 873 1930 justi
890 1861 1081 1932 judicii
1108 1864 1571 1926 Dei,revclabitur
1593 1866 1757 1929 enim,
1791 1864 1837 1923 Β
1866 1876 1965 1941 dit,
1991 1877 2225 1931 secundo
2274 1877 2328 1931 in
2359 1878 2477 1933 loco
2507 1878 2846 1935 aediﬁcantur
2892 1865 3097 1947 fideles,
3131 1897 3198 1938 ne
3225 1892 3432 1951 putent,

173 1957 229 2013 id
288 1966 389 2021 est,
430 1965 774 2029 agnoscetur,
815 1958 957 2026 quod
1020 1957 1178 2012 modo
1227 1956 1467 2012 futurum
1510 1968 1757 2029 negatur,
1792 1958 1801 1962 ’

173 2049 405 2120 ideoque
460 2066 581 2105 cum
630 2049 955 2115 ostenditur,
989 2050 1131 2119 quod
1169 2065 1275 2104 non
1327 2064 1449 2126 esse
1496 2050 1757 2117 creditur,

158 2140 481 2207 'revelatur;
504 2140 589 2194 his
609 2140 753 2194 enim
775 2139 1081 2195 ostenditur
1117 2141 1209 2210 qui
1238 2148 1457 2212 negant,
1483 2142 1609 2211 quia
1640 2156 1758 2196 cre-

173 2229 429 2285 dentibus
478 2228 818 2285 mauifestum
847 2239 952 2295 est,
991 2239 1049 2284 ut
1078 2230 1437 2286 confiteantur
1484 2234 1645 2288 etiam
1678 2233 1760 2287 in-

172 2320 270 2377 viti
295 2320 501 2389 justum
523 2321 787 2389 judicium
817 2323 934 2387 Dei,
960 2337 1083 2377 cum
1128 2304 1421 2393 unicuique
1449 2324 1639 2379 reddet
1668 2339 1757 2379 se-

171 2415 409 2473 cundum
457 2429 619 2484 Opera
651 2430 768 2469 sua.
821 2414 1072 2485 Nunquid
1126 2415 1267 2469 enim
1302 2431 1409 2470 non
1458 2417 1574 2471 haec
1618 2416 1759 2473 fate-

170 2504 377 2560 buntur
396 2505 537 2575 juste
567 2506 705 2573 ﬁeri,
738 2522 861 2562 cum
892 2507 1123 2561 viderint
1166 2507 1327 2573 mala,
1361 2508 1593 2563 invicem
1618 2509 1759 2564 facta

172 2595 400 2651 ulcisci?
418 2595 611 2669 (θήρ.)
632 2597 923 2653 Evidenter
937 2599 1080 2652 enim
1099 2598 1151 2653 in
1170 2600 1454 2654 sententiis
1470 2604 1760 2671 propheta-

168 2702 293 2742 rum
316 2687 559 2753 diesirze,
582 2686 960 2743 vindictaedies
984 2697 1040 2743 et
1061 2690 1251 2759 judicii
1268 2674 1601 2761 designatur.
1632 2693 1757 2748 inde

169 2775 410 2847 denique
434 2777 502 2832 ad
528 2777 670 2831 diem
701 2779 796 2833 ira:
823 2780 972 2834 addit
992 2779 1304 2849 Apostolus,
1328 2791 1376 2836 et
1405 2783 1755 2849 reuelationis,

170 2866 253 2922 sic
269 2866 416 2921 enim
440 2866 590 2932 dicit,
606 2867 660 2921 in
685 2867 771 2921 die
782 2868 876 2921 ira:
890 2876 938 2922 et
954 2868 1279 2924 reuelationis
1284 2870 1417 2940 justi
1424 2871 1615 2940 judicii
1641 2872 1753 2927 Dei.

172 2956 487 3013 Bevelanda
514 2974 747 3028 namque
773 2959 953 3014 omnia
981 2975 1103 3016 esse
1148 2961 1309 3017 etiam
1360 2962 1416 3017 iu
1469 2962 1758 3034 Evangelio

170 3048 509 3120 designatur,-
540 3065 663 3104 cum
710 3050 949 3106 dicitur:
988 3051 1140 3105 Nihil
1172 3052 1456 3119 occultum,
1488 3055 1628 3125 quod
1652 3072 1757 3109 non

170 3140 636 3209 manifestabitur;
665 3158 756 3194 nec
784 3152 1039 3210 opertum,
1095 3144 1234 3211 quod
1283 3159 1385 3197 non
1441 3144 1754 3198 revelabitur

1862 1965 1965 2019 sibi
1995 1973 2177 2020 autem
2209 1965 2380 2028 solum
2407 1967 2650 2025 sufﬁcere
2680 1985 2846 2041 posse
2876 1971 3015 2042 quod
3047 1973 3303 2038 credunt,
3348 1973 3443 2029 sed

1860 2059 2039 2113 sciant
2080 2057 2285 2127 justum
2307 2058 2570 2126 judicium
2617 2062 2732 2128 Dei,
2765 2063 2989 2118 reddere
3028 2064 3316 2133 unicuique
3345 2079 3435 2119 se-

1861 2150 2097 2204 cundum
2124 2165 2286 2220 opera
2326 2167 2443 2205 sua.
2477 2152 2811 2219 Videbantur
2840 2168 3181 2223 nequaquam
3212 2170 3309 2225 pro
3332 2155 3438 2209 hoc

1861 2254 2111 2296 sermone
2138 2241 2347 2297 excludi
2376 2256 2534 2311 posse
2563 2242 2817 2312 gentiles,
2852 2243 2898 2298 si
2929 2243 3064 2298 forte
3092 2252 3147 2299 et
3185 2244 3282 2314 ipsi
3314 2241 3441 2298 boni

1860 2331 2063 2401 aliquid
2094 2341 2384 2401 operentur
2402 2341 2458 2387 et
2494 2333 2831 2388 emendatius
2862 2342 3042 2403 agant,
3071 2335 3165 2407 sed
3194 2340 3249 2387 et
3269 2331 3437 2397 aliud,

1860 2424 2001 2493 quod
2031 2431 2087 2478 et
2127 2423 2180 2477 in
2209 2422 2493 2478 Ezechiele
2542 2422 2801 2492 scriptum
2846 2432 2947 2487 est,
2995 2423 3120 2477 huic
3153 2422 3435 2477 sententiae

1859 2514 2074 2568 videtur
2108 2514 2381 2568 adversari
2409 2533 2423 2568 :
2469 2514 2601 2569 dicit
2628 2514 2772 2568 enim
2803 2531 2817 2568 :
2847 2510 2979 2567 Cum
3004 2513 3251 2587 averterit
3274 2529 3327 2566 se
3344 2528 3442 2580 Ju—

1858 2613 1967 2658 stus
1994 2621 2027 2657 a
2047 2604 2261 2673 justitia
2309 2620 2430 2669 sua,
2459 2614 2508 2657 et
2559 2602 2739 2671 fecerit
2781 2602 3109 2668 iniquitatem
3153 2590 3439 2655 secundum

1857 2710 2032 2747 omnes
2053 2693 2371 2763 iniquitates,
2393 2710 2523 2764 quas
2565 2692 2685 2763 fecit
2727 2692 2961 2763 iniquus,
3009 2709 3183 2747 omnes
3205 2692 3435 2763 justitia:

1855 2783 1990 2853 ejus,
2022 2800 2153 2851 quas
2178 2782 2315 2851 fecit,
2350 2800 2451 2837 non
2479 2783 3020 2837 commemorabuntur
3053 2783 3109 2836 in
3136 2781 3287 2851 lapsu
3314 2782 3432 2853 ejus

1855 2891 1957 2945 quo
1978 2873 2156 2947 lapsus
2182 2884 2278 2939 est,
2303 2874 2391 2929 sed
2436 2875 2492 2928 in
2539 2876 2762 2944 peccatis
2803 2875 2934 2939 suis,
2986 2863 3081 2945 qui
3102 2873 3349 2944 peccavit,
3381 2873 3435 2925 in

1854 2964 1991 3035 ipsis,
2036 2965 2285 3018 morietur
2316 2964 2531 3034 (Ezech.
2571 2964 2749 3035 xvm).
2778 2948 2973 3044 Diceu‘t‘
2994 2966 3137 3043 enim
3165 2962 3267 3044 :_Si
3301 2957 3437 3016 nihil

1858 3072 1926 3111 ex
1974 3054 2185 3124 justitia
2236 3055 2386 3124 justi,
2440 3071 2562 3116 cum
2599 3044 2781 3131 lapsus
2838 3040 2999 3111 fuerit
3030 3040 3432 3116 memorabitur,

1860 3147 2128 3217 quomodo
2158 3147 2445 3215 unicuique
2503 3147 2690 3201 reddet
2739 3147 2880 3201 Deus
2940 3146 3233 3200 secundum
3270 3159 3435 3215 Opera

172 3230 394 3303 (Matth.
424 3232 497 3301 ι).
520 3232 846 3301 Requiretur
867 3247 996 3287 sane
1016 3248 1044 3287 a
1066 3234 1385 3303 quibusdam
1404 3251 1500 3292 cur
1514 3236 1750 3302 dieshic,
1781 3213 1827 3276 (ἶ
1859 3213 1991 3293 sua?
2019 3237 2125 3291 Sed
2152 3213 2445 3299 videamus,
2476 3251 2542 3290 ne
2569 3235 2707 3290 forte
2733 3236 3122 3291 absolutionem
3157 3235 3240 3289 sui
3266 3213 3321 3289 in
3348 3249 3432 3289 se-

172 3323 245 3379 de
268 3339 377 3394 quo
402 3325 651 3393 superius
682 3309 1037 3380 bibliother
1075 3327 1416 3395 propheticas
1466 3327 1755 3391 movimus,

173 3420 232 3475 in
256 3420 365 3474 fine
386 3420 572 3474 mundi
605 3426 841 3474 statutus
890 3421 979 3485 sit,
1030 3432 1091 3474 ut
1140 3436 1350 3486 omnes,
1382 3420 1474 3489 qui
1504 3422 1573 3475 ab
1602 3421 1759 3476 initio

172 3504 358 3570 saeculi
386 3526 557 3582 usque
584 3512 638 3566 in
666 3512 826 3566 ﬁnem
858 3509 1029 3582 ipsius
1056 3510 1296 3566 defuncti
1344 3523 1489 3575 sunt,
1520 3512 1589 3565 ad
1613 3512 1757 3566 hunc

174 3603 427 3659 ultimum
477 3605 616 3658 diem
659 3602 937 3675 iudicandi
970 3605 1355 3658 reserventur?
1383 3601 1545 3670 Cujus
1576 3603 1652 3656 rei
1681 3603 1760 3657 in-

176 3694 407 3751 teriores
456 3706 648 3749 causas
693 3702 905 3749 certum
944 3702 1029 3748 est
1072 3694 1454 3749 secretioribus
1483 3684 1785 3763 mysteriis

177 3788 396 3858 contegi
428 3804 441 3841 :
478 3786 789 3857 Mysterium
823 3802 941 3840 vero
967 3786 1102 3856 regis
1130 3784 1442 3839 abscondere
1475 3785 1662 3849 bonum
1685 3794 1758 3839 est

176 3869 334 3948 (Tob.
366 3878 504 3949 xu);
549 3886 729 3931 tamen
787 3876 1182 3947 explanationis
1212 3877 1383 3945 gratia
1413 3876 1677 3940 dicemus,
1701 3876 1756 3929 in

176 3966 444 4039 quantum
495 3965 750 4037 possibile
798 3976 890 4023 .est
934 3965 1145 4035 paginis
1188 3965 1347 4035 verba
1400 3966 1757 4019 committere.

178 4056 333 4114 Multi
373 4058 612 4127 suntqui
665 4073 733 4112 ex
776 4058 881 4111 hac
916 4057 1021 4110 vita
1054 4056 1315 4110 abeuntes
1343 4056 1425 4110 vel
1472 4056 1756 4121 bonorum,

178 4148 270 4205 vel
298 4148 558 4202 malorum
584 4156 705 4216 post
730 4163 789 4201 se
831 4146 1075 4216 quzedam
1124 4146 1329 4201 semina
1384 4145 1754 4214 reliquerunt;

180 4252 248 4295 ex
280 4239 494 4307 quibus,
534 4236 627 4306 qui
682 4244 972 4305 supersunt
1023 4235 1284 4298 homines,
1338 4236 1652 4291 occasiones
1674 4235 1759 4289 vel

181 4330 395 4395 salutis,
423 4330 505 4383 vel
543 4327 880 4397 perditionis,
898 4327 1190 4395 accipiunt,
1222 4326 1370 4380 verbi
1395 4327 1564 4396 gratia
1606 4327 1758 4380 dixe-

182 4422 312 4484 rim,
338 4428 399 4475 ut
425 4428 550 4487 sunt
602 4428 808 4482 omnes,
838 4418 929 4487 qui
975 4431 1167 4486 pravas
1201 4424 1375 4470 sectas
1419 4424 1472 4469 et
1502 4415 1704 4469 alienas
1731 4429 1760 4467 a

182 4512 301 4569 Deo
330 4512 470 4565 inter
520 4508 868 4580 philosophos
913 4506 1291 4570 condiderunt,
1321 4505 1405 4559 vel
1432 4507 1522 4575 qui
1553 4506 1759 4575 magica

184 4603 494 4673 sacrilegia,
524 4608 615 4654 aut
634 4600 953 4669 quierrores
978 4605 1266 4661 astrorum,
1285 4596 1565 4650 etdecreta
1588 4594 1756 4650 finxe-

186 4704 357 4761 runt;
386 4694 469 4747 vel
496 4692 664 4757 certe,
704 4692 796 4761 qni
820 4690 959 4760 apud
980 4703 1078 4742 nos
1100 4695 1349 4741 auctores
1376 4685 1747 4739 haereticorum

186 4798 247 4845 et
270 4800 556 4860 pravorum
604 4786 912 4855 dogmatum
947 4780 1099 4835 libris
1143 4779 1302 4833 editis
1346 4778 1625 4841 exstitere,
1677 4776 1760 4829 vel

188 4883 354 4940 etiam
401 4879 493 4949 qui
542 4876 835 4931 schismata
888 4873 942 4927 in
981 4870 1255 4936 Ecclesiis,
1308 4876 1370 4936 et,
1416 4866 1668 4922 scandala
1696 4880 1760 4920 ac

190 4974 557 5033 dissensiones
586 4967 796 5037 operati
826 4975 983 5031 sunt;
1016 4980 1047 5020 e
1074 4963 1346 5019 contrario
1390 4975 1518 5015 vero
1545 4969 1760 5029 aposto-

190 5062 771 5123 iicarum-litterarum
830 5073 965 5127 opus
1044 5053 1422 5125 profectusque
1496 5065 1592 5118 per
1656 5048 1757 5101 has

192 5158 460 5214 universa:
511 5150 784 5213 Ecclesiae,
835 5158 891 5201 et
932 5145 1211 5202 conversio
1259 5142 1324 5196 ad
1364 5141 1555 5203 Deum,
1601 5149 1760 5207 atque

194 5246 500 5305 emendatio
525 5242 690 5296 totius
718 5239 901 5293 mundi
925 5246 1026 5302 est;
1058 5250 1283 5306 quorum
1313 5232 1551 5287 omnium
1586 5244 1759 5285 causae

195 5315 412 5394 nonnisi
443 5347 563 5388 cum
614 5329 780 5398 ipsius
827 5326 1008 5381 mundi
1041 5326 1146 5379 fine
1168 5323 1504 5385 claudentur,
1536 5330 1589 5374 et
1643 5321 1762 5376 ideo

198 5441 308 5484 non
337 5431 479 5478 esset
499 5422 704 5491 justum
728 5415 987 5485 judicium
1020 5413 1135 5476 Dei,
1186 5413 1355 5465 donec
1382 5408 1448 5463 de
1474 5410 1557 5462 his
1582 5409 1763 5475 singu-

199 5518 271 5574 lis
298 5515 382 5570 vel
408 5515 702 5584 prolectus,
724 5510 810 5565 vel
841 5508 1221 5578 impedimenta
1261 5507 1570 5576 penderent.
1611 5503 1761 5569 Quod

203 5617 260 5663 et
281 5601 565 5676 Apostolus
588 5600 893 5672 signiﬁcare
917 5600 1146 5661 videtur,
1189 5612 1310 5652 cum
1341 5595 1488 5659 dicit,
1516 5610 1780 5664 quorum-.

206 5696 333 5752 dam
374 5694 635 5746 hominum
667 5700 878 5759 peccata
923 5687 1199 5755 manifesta
1244 5696 1384 5749 sunt,
1423 5684 1764 5753 praecedentia

213 5788 283 5846 ad
302 5782 593 5857 judicium,
636 5780 890 5850 quosdam
926 5790 1098 5833 autem
1149 5779 1531 5847 subsequuntur
1552 5774 1601 5847 (I
1629 5774 1761 5829 Tim.

1859 3327 1977 3397 ipso
2028 3342 2208 3382 sermo
2238 3326 2449 3381 divinus
2504 3326 2759 3381 inveniat.
2805 3324 2862 3380 Si
2915 3312 3262 3380 observemus
3300 3316 3440 3394 quo-

1857 3418 2016 3472 modo
2044 3417 2303 3486 scriptum
2333 3425 2416 3471 est
2469 3416 2610 3485 quod
2645 3415 2776 3470 dicit
2804 3434 2816 3469 :
2847 3415 2976 3469 Cum
3017 3430 3229 3469 aversus
3272 3414 3433 3484 fuerit

1849 3509 2027 3578 jttsfus
2052 3524 2084 3559 η
2101 3507 2312 3575 justitia
2349 3523 2467 3571 sua,
2496 3514 2551 3560 et
2576 3520 2679 3565 non
2711 3504 2997 3582 suliiceret,
3028 3520 3149 3559 cum
3174 3489 3384 3559 diceret
3414 3516 3429 3557 :

1858 3594 1991 3651 Cum
2014 3612 2225 3649 aversus
2252 3595 2407 3664 fuerit
2439 3612 2469 3647 a
2486 3595 2695 3663 justitia
2717 3610 2835 3657 sua,
2865 3594 2958 3649 Sed
2980 3586 3203 3659 addidit,
3231 3602 3278 3647 et
3300 3592 3434 3662 fece-

1859 3690 1927 3741 rit
1965 3703 2167 3741 omnem
2200 3687 2548 3755 iniquitatem,
2584 3669 2866 3738 secundum
2914 3701 3090 3739 omnes
3132 3668 3435 3754 iniquitates

1858 3801 1988 3855 quas
2011 3783 2131 3852 fecit
2158 3784 2387 3851 iniquus,
2420 3781 2474 3834 in
2499 3796 2606 3851 quo
2633 3779 2844 3832 videtur
2872 3776 3102 3830 latenter
3129 3770 3435 3841 huiusmodi

1860 3875 2153 3931 inseruisse
2177 3873 2521 3935 intellectum,
2553 3879 2611 3925 ut
2637 3870 2679 3924 si
2707 3868 2843 3923 forte
2860 3882 2966 3920 non
2997 3860 3291 3947 secundum
3314 3877 3431 3947 om—

1859 3981 1956 4021 nes
2013 3966 2348 4034 iniquitates,
2407 3979 2539 4032 quas
2595 3962 2721 4017 fecit
2750 3960 2986 4029 iniquus,
3018 3946 3206 4011 fecerit
3230 3956 3430 4026 justus,

1859 4072 1965 4112 non
1993 4072 2181 4111 omnes
2207 4056 2450 4125 justitire
2474 4055 2590 4123 ejus
2618 4055 2683 4108 de
2714 4050 2971 4107 memoria
3000 4049 3316 4105 auferantur
3340 4064 3354 4112 ;
3384 4046 3430 4101 si

1861 4162 1990 4202 vero
2039 4162 2228 4201 omnes
2271 4146 2579 4214 iniquitates
2612 4143 2803 4197 fecerit
2853 4156 2987 4210 quas
3038 4140 3431 4209 iniquus,‘tunc

1862 4237 2078 4292 demum
2108 4249 2294 4290 onmes
2338 4235 2559 4305 justitia:
2600 4233 2652 4285 in
2704 4231 2853 4299 lapsu
2906 4229 3021 4297 ejus
3058 4230 3123 4301 de
3170 4226 3428 4301 memoria

1847 4329 2272 4383 subtrahuntur.
2314 4304 2438 4380 Haec
2460 4324 2705 4395 quamvis
2734 4321 3084 4377 occultaverit
3106 4322 3159 4374 in
3190 4304 3433 4388 Scriptu-

1862 4421 1938 4475 ris
1964 4419 2197 4490 Spiritus
2230 4427 2448 4473 sanctus
2500 4425 2718 4487 propter
2747 4416 2846 4469 hos
2898 4414 2989 4483 qui
3040 4411 3253 4466 divitias
3282 4410 3435 4463 boni-

1866 4510 1991 4565 tatis
2044 4518 2099 4564 et
2122 4508 2395 4577 patientia:
2422 4506 2539 4575 ejus
2584 4510 2952 4566 contemnunt,
2982 4502 3088 4555 non
3128 4508 3306 4554 tamen
3337 4514 3431 4567 pe-

1863 4602 2008 4656 nitus
2027 4599 2267 4663 abstulit,
2294 4598 2416 4666 quia
2454 4604 2507 4650 et
2538 4596 2818 4669 thesaurus
2842 4593 2897 4646 in
2924 4606 3052 4662 agro
3082 4588 3429 4642 absconditus

1864 4691 2079 4765 (Matth.
2111 4689 2231 4760 xm)
2269 4704 2374 4742 non
2401 4687 2614 4757 quidem
2655 4687 2721 4740 ab
2770 4685 3020 4738 omnibus
3049 4682 3334 4742 invenitur,
3365 4694 3433 4734 ne

1862 4782 2019 4837 facile
2043 4780 2343 4849 diripiatur,
2370 4786 2423 4831 et
2468 4788 2693 4845 pereat;
2728 4775 2998 4829 invenitur
3028 4780 3207 4826 tamen
3242 4786 3271 4824 a
3302 4786 3430 4838 pru-

1861 4871 2130 4933 dentibus,
2162 4868 2252 4938 qui
2290 4867 2496 4937 possint
2541 4866 2639 4928 ire,
2695 4871 2747 4916 et
2793 4862 3025 4917 vendere
3075 4859 3255 4914 omnia
3307 4871 3425 4927 quae

1862 4962 2079 5023 habent,
2110 4967 2163 5013 et
2192 4972 2371 5011 emere
2396 4970 2576 5025 agrum
2610 4953 2778 5006 illum.
2830 4950 3032 5023 (Greg.)
3073 4950 3221 5003 Illum
3252 4949 3305 5002 in
3333 4962 3429 5001 ex-

1865 5059 2039 5104 tremo
2067 5048 2313 5102 examine
2334 5043 2540 5113 justitia
2570 5043 2755 5096 aeterni
2795 5040 2991 5109 judicis
3028 5038 3218 5102 salvat,
3268 5051 3427 5106 quem

1863 5142 1952 5196 hic
1976 5140 2090 5207 ejus
2137 5138 2309 5208 pietas
2364 5136 2430 5189 ab
2460 5134 2749 5187 immundis
2783 5132 3031 5201 operibus
3082 5128 3273 5183 liberat
3302 5144 3316 5191 ;
3348 5126 3425 5179 sin

1866 5247 1992 5286 vero
2020 5230 2084 5283 ad
2113 5230 2215 5284 hoc
2245 5224 2437 5280 salvari
2488 5224 2716 5293 quisque
2770 5222 2859 5276 hic
2884 5220 3140 5297 munditia
3173 5230 3427 5271 manuum

1866 5334 2084 5375 suarum
2112 5315 2364 5377 creditur,
2398 5321 2455 5366 ut
2484 5312 2595 5366 suis
2628 5310 2833 5387 viribus
2884 5310 3139 5361 innocens
3165 5304 3275 5369 fiat,
3305 5318 3430 5373 pro.

1866 5408 1953 5463 cui
2003 5407 2165 5462 dubio
2212 5392 2380 5468 errat,
2409 5403 2533 5472 quia
2564 5402 2608 5456 si
2656 5413 2883 5467 superna
2931 5396 3101 5467 gratia
3148 5401 3428 5450 nocentem

1867 5492 1973 5553 non
2024 5495 2304 5568 pnevenit,
2356 5485 2625 5561 nunquam
2670 5488 2911 5559 profecto
2966 5487 3217 5549 inveniet,
3266 5496 3425 5554 quem

1868 5585 2172 5645 remun‘eret
2195 5587 2547 5640 innocentem.
2582 5580 2731 5637 Unde
2758 5588 2812 5633 et
2837 5574 3074 5633 veridica
3088 5576 3428 5657 Moysis_voce

1869 5679 2065 5735 dicitur
2088 5696 2101 5731 :
2134 5676 2426 5746 Nullusque
2448 5672 2584 5743 apud
2612 5682 2659 5725 te
2683 5688 2773 5741 per
2792 5687 2845 5725 se
2866 5671 3107 5722 innocens
3128 5676 3201 5720 est
3227 5660 3422 5748 (Emori.

1870 5768 2077 5841 xxnv).
2109 5767 2351 5839 Superna
2378 5779 2506 5836 ergo
2529 5764 2701 5834 pietas
2727 5762 2876 5833 prius
2919 5759 3028 5831 agit
3074 5758 3127 5812 in
3154 5755 3306 5813 nobis
3331 5750 3427 5806 ali.
