3960 6324
578 361 712 418 ιδιι

1216 358 1275 413 Β.
1315 355 1567 413 RABANI
1600 355 1819 414 MAURI
1856 356 2170 412 ARCHIEP.
2213 356 2518 415 MOGUNT.
2560 360 2843 418 OPERUM
2882 363 3059 420 PARS
3097 366 3180 421 ill.

3710 367 3831 421 ιδιξ

577 475 706 549 quid
734 473 851 531 sine
878 472 1050 537 nobis,
1081 478 1143 527 nt
1190 472 1547 541 subsequente
1597 485 1811 541 quoque
1864 477 2049 523 nostro
2086 470 2149 522 li-
2182 474 2229 531 Α
2260 471 2614 539 requiramus.
2680 475 2775 529 Est
2825 491 2954 547 ergo
3003 477 3248 545 quaedam
3307 478 3480 548 gloria
3544 480 3827 534 secundum

579 570 711 624 hero
740 565 983 628 arbitrio,
1021 563 1226 618 bonum
1255 561 1397 632 quod
1416 562 1529 632 jam
1560 562 1883 631 appetimus,
1912 568 2036 630 agat
2059 574 2155 613 no-

578 661 810 724 biscum,
840 656 984 727 quod
1008 663 1190 710 tamen
1218 669 1318 724 per
1346 654 1649 723 impensam
1702 654 1929 723 gratiam
1961 652 2014 704 in
2064 666 2155 705 ex-

580 758 755 805 tremo
802 746 1003 817 judicio
1057 746 1134 798 ita
1190 752 1499 799 remunerat
1552 743 1603 797 in
1645 743 1817 806 nobis,
1860 756 1923 795 ac
1953 741 1997 795 si
2026 740 2155 795 solis

579 836 928 907 processisset
950 850 1016 889 ex
1042 832 1226 897 nobis;
1260 831 1383 902 quia
1420 831 1562 885 enim
1589 830 1769 883 divina
1796 844 1892 883 nos
1921 828 2152 894 bonitas,

578 934 639 980 ut
659 926 969 981 innocentes
990 922 1171 986 faciat,
1196 920 1473 991 praevenit.
1515 920 1709 974 Paulus
1744 920 1836 983 ait,
1863 919 2034 989 gratia
2061 918 2156 971 Dei

577 1032 693 1071 sum
738 1015 792 1068 id
816 1014 953 1085 quod
980 1030 1094 1067 sum
1122 1010 1174 1083 (l
1205 1011 1326 1065 Cor.
1362 1010 1451 1082 xv)
1478 1026 1492 1073 ;
1525 1018 1580 1064 et
1613 1009 1739 1077 quia
1766 1008 2008 1062 eamdem
2034 1024 2157 1078 gra-

580 1105 706 1159 tiam
749 1111 992 1158 nostrum
1033 1101 1261 1156 liberum
1283 1098 1569 1154 arbitrium
1595 1097 1857 1165 sequitur,
1881 1096 2153 1165 adjungit:

576 1194 646 1249 Et
668 1194 838 1265 gratia
863 1194 977 1263 ejus
1002 1194 1057 1246 in
1083 1207 1163 1244 me
1190 1205 1357 1243 vacua
1386 1203 1490 1240 non
1518 1186 1641 1255 fuit,
1665 1186 1755 1239 sed
1799 1184 2154 1237 abundantius

575 1284 680 1339 illis
694 1283 931 1336 omnibus
947 1279 1195 1341 laboravi;
1208 1279 1297 1348 qui
1314 1278 1439 1332 dum
1456 1290 1513 1330 se
1526 1276 1591 1330 de
1605 1291 1661 1330 se
1677 1274 1807 1329 nihil
1820 1288 1938 1328 esse
1952 1272 2158 1341 conspio

576 1381 744 1436 ceret,
776 1372 852 1424 ait
879 1388 891 1422 :
928 1368 1051 1422 Non
1094 1378 1267 1421 autem
1297 1382 1413 1436 ego,
1447 1376 1501 1419 et
1532 1374 1734 1426 tamen,
1772 1362 1915 1431 quod
1947 1375 2004 1414 se
2031 1375 2153 1415 esse

576 1461 777 1531 aliquid
806 1475 931 1514 cum
962 1458 1134 1529 gratia
1168 1456 1397 1519 invenit,
1430 1453 1693 1522 adiunxit,
1732 1452 1821 1505 sed
1862 1451 2037 1520 gratia
2064 1448 2154 1502 Dei

576 1566 810 1614 mecum;
852 1564 959 1603 non
1014 1548 1158 1601 enim
1208 1547 1415 1601 diceret
1464 1560 1683 1606 mecum,
1716 1542 1759 1595 si
1788 1557 1907 1595 cum
1944 1554 2153 1609 praeve-

576 1642 755 1695 niente
788 1639 961 1708 gratia
988 1637 1324 1705 subsequens
1350 1634 1577 1693 liberum
1607 1632 1889 1686 arbitrium
1927 1646 2032 1685 non
2059 1630 2155 1683 ha-

574 1731 744 1786 beret.
767 1728 840 1784 Ut
858 1743 988 1800 ergo
1006 1743 1065 1782 se
1088 1728 1204 1782 sine
1226 1726 1397 1797 gratia
1414 1724 1545 1779 nihil
1567 1740 1685 1779 esse
1707 1724 2037 1788 ostenderet,
2056 1724 2152 1788 ait,

2251 562 2587 633 Apostolum,
2643 582 2761 637 qua:
2798 584 2905 624 non
2957 569 3309 641 gloriﬁcatur,
3372 582 3432 626 ut
3486 573 3582 627 illa
3637 589 3756 644 qua:
3782 575 3829 628 in

2252 654 2400 707 vultu
2433 654 2599 726 Moysi
2644 655 2766 722 fuit,
2821 674 2942 728 quae
2970 659 3167 713 dicitur
3193 674 3314 714 esse
3365 661 3675 725 destructa,
3724 676 3831 732 qua!

2253 744 2386 816 legis
2411 747 2589 801 littera
2620 748 2843 819 intelligi
2871 759 3068 817 potest,
3108 750 3314 806 habens
3342 752 3564 820 quidem
3612 753 3827 822 gloriam

2254 851 2665 909 praeceptorum,
2692 843 2785 895 sed
2816 858 2935 909 quae
2961 842 3251 911 gloriﬁcari
3288 859 3391 897 non
3424 852 3644 913 potest;
3676 854 3757 898 est
3781 854 3828 898 et

2256 928 2357 982 alia
2382 930 2573 998 gloria,
2604 946 2722 999 quae
2760 941 3041 1000 permanet
3070 940 3127 985 et
3155 932 3492 1002 gloriﬁcatur
3517 932 3570 985 in
3596 931 3822 985 Christo.

2254 1023 2387 1077 Cum
2412 1023 2556 1076 enim
2585 1024 2916 1077 ascendisset
2953 1023 3005 1076 in
3035 1034 3271 1076 montem
3310 1038 3433 1077 cum
3463 1022 3634 1077 Petro
3662 1030 3717 1073 et
3743 1020 3826 1074 Ja-

2256 1115 2392 1168 cobo
2427 1122 2483 1167 et
2513 1113 2739 1177 Joanne,
2764 1114 3182 1168 transformatus
3208 1129 3328 1168 esse
3363 1115 3417 1168 in
3448 1114 3682 1185 gloriam
3711 1112 3827 1165 scri-

2255 1202 2422 1268 bitur,
2447 1214 2503 1256 et
2529 1212 2657 1257 tunc
2680 1212 3060 1272 apparuerunt,
3117 1203 3313 1271 inquit,
3347 1203 3559 1271 Moyses
3587 1212 3644 1255 et
3669 1201 3822 1263 Elias,

2255 1294 2622 1361 colloquentes
2644 1308 2766 1347 cum
2794 1308 2859 1346 eo
2891 1291 3103 1364 (Matth.
3139 1292 3306 1363 xvii);
3348 1306 3445 1361 per
3482 1293 3629 1361 quod
3658 1302 3826 1345 osten~

2256 1384 2402 1438 ditur
2427 1386 2551 1453 quia
2590 1383 2723 1453 legis
2752 1392 2805 1438 et
2834 1385 3219 1452 prophetarum
3274 1382 3444 1451 gloria
3496 1390 3627 1434 tunc
3683 1396 3825 1449 appa-

2258 1476 2383 1540 ruit,
2410 1490 2531 1529 cum
2556 1474 2805 1530 Christus
2826 1474 3013 1528 fuisset
3047 1472 3464 1528 transformatus
3501 1473 3557 1525 in
3586 1472 3823 1539 gloriam,

2258 1573 2315 1618 ut
2344 1564 2484 1618 illius
2538 1564 2703 1635 gloria
2757 1564 3055 1618 illuminata
3114 1563 3394 1632 prophetia
3449 1571 3505 1616 et
3535 1562 3617 1614 lex
3654 1571 3824 1615 amoto

2257 1653 2521 1708 velamine
2544 1653 2735 1707 littera:
2761 1653 3088 1721 intelligatur
3112 1652 3161 1704 in
3187 1651 3412 1720 spiritu;
3439 1650 3529 1704 illa
3560 1652 3612 1703 in
3637 1652 3719 1703 his
3741 1667 3825 1718 pu-

2260 1748 2417 1799 tanda
2435 1758 2518 1799 est
2544 1745 2639 1798 Dei
2668 1744 2819 1815 [dici]
2838 1744 3029 1813 gloria,
3055 1744 3121 1796 de
3143 1757 3248 1811 qua
3272 1741 3565 1811 Apostolus
3594 1741 3825 1795 scribens

576 1837 678 1874 ηοη
701 1836 827 1889 ego;
858 1827 917 1871 ιιι
943 1831 1070 1871 vero
1096 1831 1153 1870 se
1174 1830 1297 1869 cum
1322 1814 1494 1886 gratia
1513 1822 1793 1883 operatum
1810 1828 1906 1882 per
1925 1812 2151 1869 liberum
2186 1826 2231 1886 B
2259 1835 2325 1888 ad
2356 1833 2607 1888 Hebraeos
2644 1812 2775 1887 dicit
2803 1812 2869 1886 ue
2898 1832 3033 1885 Filio
3068 1830 3255 1903 (Hebr.
3290 1832 3351 1901 1),
3406 1832 3537 1899 quia
3564 1831 3639 1883 sit
3663 1831 3823 1899 splen-

576 1910 857 1965 arbitrium
881 1909 1299 1970 demonstraret,
1323 1906 1587 1976 atijungit,
1611 1905 1701 1959 sed
1729 1906 1900 1975 gratia
1926 1904 2023 1958 Dei
2049 1920 2155 1958 me-

578 2015 716 2051 cum.
749 1996 1010 2051 Munditia
1046 1996 1227 2065 itaque
1249 2009 1502 2049 manuum
1530 2009 1745 2049 suarum
1769 1994 2027 2048 innocens
2048 2008 2157 2047 ser-

574 2086 807 2150 vabitur,
857 2083 979 2153 quia
1008 2082 1099 2153 qui
1130 2082 1219 2137 hic.
1262 2082 1587 2152 praevenitur
1616 2082 1753 2134 dono
1772 2121 1786 2146 ,
1818 2088 1875 2133 ut
1902 2081 2156 2135 innocens

578 2174 690 2241 ﬁat,
708 2192 831 2230 eum
847 2175 915 2230 ad
934 2175 1192 2245 judicium
1215 2174 1450 2239 ducitur,
1466 2189 1529 2228 ex
1549 2173 1740 2228 merito
1757 2183 2152 2227 remuneratur.

648 2284 748 2339 llis
779 2287 867 2354 qui
897 2283 1180 2338 secundum
1210 2284 1514 2354 patientiam
1538 2283 1657 2337 boni
1696 2283 1902 2352 operis;
1934 2283 2156 2353 gloriam

576 2384 623 2430 et
645 2376 911 2439 honorem,
936 2383 982 2427 et
998 2373 1453 2442 incorruptionem,
1472 2373 1821 2445 quaerentibus
1837 2374 1993 2426 vitam
2005 2382 2158 2426 teter-

577 2480 719 2517 nam.
749 2462 982 2534 (Ambr.)
997 2462 1260 2529 Quoniam
1275 2459 1537 2530 judicium
1555 2462 1648 2516 Dei
1657 2461 1861 2531 justum
1875 2458 2154 2530 praedicat,

575 2553 735 2624 quale
760 2561 942 2608 autem
969 2552 1124 2607 bonis
1147 2551 1383 2605 futurum
1408 2557 1509 2616 est,
1538 2550 1856 2605 declaravit:
1886 2551 1983 2603 hos
2003 2548 2155 2615 dicit,

578 2646 671 2718 qui
733 2644 1047 2716 patientiam
1123 2643 1216 2697 Dei
1274 2642 1529 2707 scientes,
1591 2640 1786 2710 partim
1852 2639 1921 2693 ad
1977 2653 2158 2694 corre-

580 2740 839 2811 ptionem,
866 2738 1063 2808 partim
1095 2736 1159 2790 ad
1196 2733 1456 2804 majorem
1490 2733 1749 2788 ultionem
1789 2747 1895 2787 non
1944 2746 2002 2787 se
2031 2745 2154 2786 cor-

577 2829 865 2899 rigentium
928 2827 1220 2897 protelari,
1266 2826 1506 2895 priorum
1568 2839 1794 2895 operum
1833 2824 2156 2895 pmnitentes

580 2921 718 2975 bene
767 2925 1073 2982 versantur,
1119 2915 1243 2969 freti
1284 2915 1477 2969 iiducia
1528 2913 1676 2980 ﬁdei,
1720 2928 1786 2967 ne
1819 2913 1909 2967 diu
1938 2913 2027 2966 hic
2057 2927 2154 2982 po-

575 3011 665 3066 siti
702 3010 955 3064 damnum
1004 3009 1284 3061 incurrant
1326 3004 1603 3075 promissa:
1650 3004 1813 3069 vitaz;
1846 3003 1994 3057 dabit
2025 3016 2156 3073 ergo

572 3103 655 3158 cis
707 3101 929 3171 gloriam
972 3106 1020 3152 et
1054 3100 1325 3162 honorem,
1370 3105 1529 3150 etne
1558 3110 1665 3149 non
1718 3095 1820 3148 hoc
1864 3093 2016 3146 valde
2046 3107 2157 3145 ma-

2259 1925 2358 1978 dor
2379 1924 2563 1993 gloriae
2593 1932 2647 1978 et
2694 1924 2872 1993 imago
2920 1936 3174 1993 expressa
3206 1922 3524 1977 substantia:
3577 1920 3711 1988 ejus,
3738 1936 3825 1990 per

2258 2028 2377 2083 quae
2410 2012 2651 2067 declarat
2681 2012 2856 2081 ipsum
2909 2012 3109 2066 fontem
3147 2012 3329 2083 gloria:
3360 2013 3582 2065 Patrem
3613 2012 3736 2075 dici,
3760 2027 3824 2065 et

2258 2118 2365 2172 quo
2391 2103 2643 2172 splendor
2667 2102 2850 2173 gloriae
2880 2102 3050 2156 Filius
3084 2111 3395 2173 generatur,
3442 2102 3597 2169 cujus
3627 2104 3823 2173 partici-

2257 2193 2475 2263 patione
2518 2206 2707 2246 omnes
2755 2200 3019 2246 creatura:
3064 2191 3289 2260 gloriam
3335 2192 3539 2245 habere
3567 2193 3819 2255 dicuntur,

2258 2285 2396 2339 sicut
2426 2284 2492 2337 de
2544 2284 2627 2337 his
2673 2284 2763 2351 qui
2795 2298 2863 2336 ex
2917 2284 3312 2336 resurrectione
3357 2290 3507 2347 sunt,
3546 2283 3818 2336 scribitur:

2258 2370 2377 2424 Alia
2405 2370 2574 2441 gloria
2598 2370 2722 2424 solis
2754 2369 2883 2441 [alia
2913 2369 3131 2422 claritas
3154 2370 3301 2435 solis,
3326 2369 3486 2441 etc.],
3534 2370 3639 2422 alia
3666 2371 3819 2439 gloria

2259 2460 2421 2526 lunar,
2450 2460 2557 2513 alia
2582 2459 2750 2530 gloria
2773 2459 3047 2513 stellarum
3076 2475 3094 2512 :
3130 2459 3279 2513 stella
3318 2460 3382 2513 ab
3403 2460 3555 2513 stella
3583 2462 3745 2528 differt
3768 2463 3817 2512 in

2256 2549 2424 2619 gloria
2453 2548 2503 2619 (1
2517 2548 2639 2603 Cor.
2658 2548 2768 2619 xv).
2788 2547 2984 2604 Verum
3003 2548 3128 2618 quia
3150 2550 3215 2603 de
3235 2549 3430 2616 gloria,
3460 2559 3517 2603 ut
3540 2550 3816 2620 potuimus,

2258 2640 2629 2704 discussimus,
2651 2638 2925 2692 videamus
2973 2640 3103 2706 quid
3138 2647 3191 2693 et
3217 2640 3390 2693 honor
3438 2640 3661 2703 indicet,
3703 2641 3815 2708 quia

2257 2730 2349 2799 qui
2370 2728 2438 2781 ad
2456 2738 2714 2782 teternam
2734 2727 2898 2781 vitam
2930 2728 3213 2794 festinant,
3238 2744 3346 2782 non
3368 2728 3545 2782 solum
3586 2730 3814 2799 gloriam,

2259 2822 2353 2875 sed
2391 2829 2446 2875 et
2481 2821 2740 2895 honogem
2770 2829 3035 2889 quaerunt.
3090 2820 3361 2889 Scriptum
3410 2830 3495 2875 est
3520 2822 3661 2875 enim
3706 2823 3816 2891 quia

2257 2915 2432 2977 homo,
2457 2928 2573 2965 cum
2599 2914 2653 2965 in
2687 2912 2881 2966 honore
2914 2922 3067 2977 esset,
3094 2928 3196 2966 non
3236 2912 3493 2967 intellexit
3519 2927 3539 2964 :
3566 2932 3815 2983 compara-

2259 3012 2341 3055 tus
2367 3012 2439 3056 est
2459 3002 2713 3072 jumentis
2743 3002 3128 3072 insipientibus,
3150 3013 3195 3056 et
3221 3003 3409 3056 similis
3438 3004 3616 3072 {actus
3638 3014 3708 3057 est
3726 3006 3815 3057 illis

2259 3091 2430 3164 (Psal.
2452 3091 2659 3162 vani).
2679 3092 2883 3159 Quaerit
2901 3107 3028 3163 ergo
3052 3092 3199 3147 illum
3216 3094 3479 3149 honorem
3495 3111 3656 3164 quem
3674 3097 3818 3150 babe-

575 3169 739 3262 gnum
764 3191 831 3245 ad
877 3188 1331 3259 comparationem
1359 3186 1643 3255 praesentis
1694 3184 1817 3237 vitae
1852 3183 2148 3248 videretur,
2179 3169 2226 3232 C
2258 3186 2349 3240 bat
2386 3193 2671 3254 antequam
2704 3186 3106 3254 compararetur
3129 3185 3389 3254 jumentis
3420 3190 3807 3257 insipientibus,

575 3282 702 3352 quia
739 3289 794 3334 et
827 3279 917 3333 hic
940 3278 1158 3349 gloriosi
1178 3279 1454 3343 videntur,
1485 3286 1537 3333 et
1578 3280 1848 3343 honorati,
1881 3278 2077 3347 adjecit
2106 3289 2153 3332 et

575 3369 1035 3439 incorruptionem,
1081 3375 1141 3421 ut
1166 3381 1234 3421 ex
1286 3382 1350 3422 eo
1398 3367 1502 3421 alia
1532 3367 1701 3437 gloria
1728 3376 1783 3422 et
1812 3368 1949 3423 alter
1978 3369 2152 3424 honor

577 3458 985 3529 intelligeretur,
1039 3456 1253 3526 quando
1317 3455 1651 3524 inoorruptio
1690 3456 1850 3510 simul
1871 3456 2151 3510 comitabi-

581 3558 686 3603 tur.
726 3548 783 3602 lu
828 3546 1080 3617 praesenti
1130 3546 1273 3599 enim
1302 3545 1475 3600 honor
1500 3545 1584 3599 vel
1627 3546 1797 3616 gloria
1833 3545 2150 3616 frequenter

579 3636 863 3701 amittitur,
916 3633 1041 3703 quia
1096 3632 1461 3703 corruptibilis
1485 3642 1596 3697 est,
1654 3635 1745 3704 qui
1780 3634 1893 3701 dat,
1920 3644 1975 3689 et
2005 3636 2149 3704 quod

578 3728 689 3793 dat,
721 3734 775 3781 et
798 3725 891 3796 qui
912 3724 1141 3793 accipit;
1192 3724 1246 3777 in
1275 3724 1361 3778 die
1395 3725 1539 3778 enim
1564 3723 1751 3793 judicii
1782 3726 1878 3781 Dei
1908 3727 2150 3781 incorru-

575 3817 777 3890 ptibilis
802 3816 915 3885 jam
944 3816 1158 3871 dabitur
1186 3816 1359 3871 honor
1390 3826 1445 3871 et
1474 3815 1668 3886 gloria,
1698 3826 1756 3871 ut
1779 3818 1886 3871 sint
1915 3827 2023 3873 tota
2040 3820 2147 3873 vita

574 3921 795 3974 aterna,
827 3910 942 3979 ipsa
980 3909 1124 3963 enim
1157 3907 1547 3978 gleriﬁcabitur
1574 3911 1879 3965 substantia
1913 3913 2147 3981 quadam

578 4002 949 4057 immutatione
1004 4001 1339 4055 meritorum.
1400 4000 1466 4055 Hi
1513 4016 1643 4073 ergo
1686 4012 1935 4073 quaerunt
1980 4006 2147 4060 vitam

576 4100 855 4155 aaternam,
887 4089 980 4159 qui
1029 4104 1137 4143 non
1187 4089 1358 4143 solum
1410 4090 1565 4144 home
1620 4090 1971 4159 professionis
2001 4104 2144 4160 sunt,

577 4183 670 4238 sed
710 4190 766 4235 et
793 4179 933 4233 vitae.
969 4176 1166 4249 (0rig.)
1214 4178 1399 4248 igitur,
1446 4181 1588 4249 quod
1631 4181 1779 4246 dicit,
1838 4183 2147 4251 patientiam

579 4272 698 4326 boni
746 4270 937 4341 aperis,
992 4268 1229 4323 ostendit
1263 4268 1499 4323 laborem
1528 4272 1816 4341 quemdam
1842 4283 1899 4327 et
1942 4289 2143 4344 agones

580 4365 862 4419 imminere
918 4361 1001 4415 his
1035 4364 1126 4431 qui
1155 4362 1356 4416 bonum
1396 4377 1530 4434 opus
1570 4362 1751 4418 facere
1792 4364 1997 4419 volunt.
2034 4365 2146 4420 Lu-

578 4464 779 4509 ctamen
800 4462 883 4508 est
913 4453 1075 4517 enim,
1113 4452 1255 4507 sicut
1282 4461 1336 4506 et
1364 4451 1505 4507 idem
1546 4453 1837 4523 Apostolus
1863 4456 2014 4522 dicit,
2043 4474 2145 4511 non

577 4545 824 4598 adversus
857 4558 1065 4597 carnem
1097 4552 1145 4596 et
1174 4542 1500 4611 sanguinem,
1532 4543 1621 4596 sed
1663 4543 1909 4598 adversus
1950 4546 2146 4615 princi-

576 4644 729 4706 patus
763 4642 809 4687 et
830 4642 1124 4703 potestates,
1153 4641 1199 4685 et
1221 4632 1403 4685 mundi
1425 4632 1583 4698 huius
1612 4643 1832 4687 rectores
1863 4635 2020 4704 (Eph.
2046 4636 2142 4709 vi);

577 4739 696 4794 quae
721 4722 899 4777 omnia
926 4723 1066 4776 bono
1090 4722 1239 4790 operi
1288 4721 1661 4787 adversantur,
1703 4731 1757 4777 et
1797 4723 1917 4778 ideo
1945 4726 2148 4792 patien-

580 4822 650 4874 tia
680 4818 984 4874 necessaria
1004 4826 1103 4883 est,
1123 4818 1249 4887 quia
1276 4818 1533 4887 scriptum
1560 4835 1574 4873 :
1604 4817 1669 4872 In
1692 4829 1862 4873 vestra
1892 4821 2144 4888 patientia

577 4910 853 4981 acquiretis
895 4908 1097 4961 animas
1150 4917 1362 4961 vestras.
1420 4906 1710 4962 Videamus
1774 4918 1954 4962 autem
2000 4912 2144 4978 quod

577 5000 705 5053 dicit
727 5013 861 5067 opus
889 4998 1110 5051 bonum.
1138 4995 1396 5051 Dominus
1424 4997 1477 5049 in
1509 4997 1819 5067 Evangelia,
1846 4998 1911 5052 de
1939 5014 2002 5053 ea
2033 5015 2138 5052 mu-

579 5088 710 5143 liere
764 5103 883 5157 qua:
910 5087 1237 5141 alabastrum
1275 5085 1531 5153 unguenti
1560 5084 1745 5139 eﬁ‘udit
1796 5102 1956 5155 super
1983 5097 2142 5157 caput

577 5178 711 5245 ejus,
744 5176 1051 5246 pronuntiat
1078 5176 1201 5243 quia
1234 5192 1362 5244 opus
1403 5174 1592 5227 bonum
1633 5188 1843 5244 operata
1873 5188 1947 5230 est
1977 5180 2029 5231 in
2059 5195 2139 5232 me

579 5267 757 5338 (Joan.
788 5266 884 5335 χιι)
912 5282 926 5331 ;
958 5265 1244 5334 designans
1272 5264 1414 5333 quod
1438 5265 1527 5333 qui
1564 5266 1726 5321 verbo
1776 5267 1869 5320 Dei
1900 5283 2140 5338 unguen-

580 5369 688 5412 tum
718 5371 775 5411 se
800 5355 1176 5425 superfuderit,
1217 5356 1270 5409 id
1318 5362 1422 5419 est,
1479 5355 1567 5423 qui
1596 5370 1761 5425 opera
1805 5372 1927 5411 cum
1973 5359 2137 5414 verbo

577 5447 882 5510 sociaverit,
946 5445 1032 5501 ille
1091 5460 1227 5516 opus
1280 5446 1478 5500 bonum
1535 5459 1815 5515 operetur;
1881 5448 2138 5504 odoratus

573 5552 805 5607 namque
830 5535 1062 5591 efﬁcitur
1090 5538 1236 5591 omni
1265 5545 1661 5608 unguentorum
1689 5541 1955 5595 suavitate
1982 5542 2151 5611 reple-

575 5635 680 5691 tus,
708 5641 887 5683 sermo
934 5642 1058 5682 cum
1108 5626 1269 5681 fuerit
1305 5643 1468 5697 opere
1509 5637 1563 5683 et
1593 5630 1805 5685 actibus
1833 5644 2143 5691 exornatus.

572 5714 727 5775 Nunc
761 5714 892 5787 quid
914 5722 997 5773 est
1024 5712 1250 5789 gloriam
1284 5721 1340 5772 et
1390 5715 1847 5787 incorruptionem
1904 5737 2148 5791 quwrers

2254 3276 2305 3329 id
2323 3284 2424 3340 est,
2450 3276 2597 3329 illum
2618 3291 2775 3344 quem
2791 3277 3023 3330 habebat
3055 3278 3105 3329 in
3132 3279 3382 3347 paradiso
3403 3288 3693 3347 antequam
3713 3295 3816 3346 pec-

2251 3376 2418 3431 caret,
2444 3368 2700 3421 honorem
2724 3381 2829 3435 quo
2852 3366 2946 3421 Dei
2968 3381 3152 3421 vocem
3176 3370 3489 3421 merebatur
3503 3372 3688 3422 audire
3706 3370 3816 3432 ,bo—

2251 3472 2436 3512 norem
2458 3474 2565 3527 quo
2586 3458 2818 3527 paradisi
2839 3456 3103 3511 fructibus
3126 3466 3180 3511 et
3201 3457 3343 3527 ligno
3369 3460 3493 3512 vitm
3521 3459 3812 3519 fruebatur;

2250 3548 2345 3603 sed
2374 3548 2704 3616 incorruptio
2733 3547 2861 3617 quid
2887 3547 3087 3601 iudicet
3120 3548 3229 3600 cito
3258 3548 3517 3610 sciemus,
3553 3549 3597 3602 si
3620 3548 3753 3617 quod
3770 3548 3814 3600 ei

2248 3637 2576 3692 contrarium
2598 3645 2699 3701 est,
2725 3637 3095 3692 discutiamus.
3124 3638 3459 3708 lncorruptio
3500 3643 3813 3692 contrariam

2249 3728 2410 3781 habet
2434 3728 2834 3794 corruptionem
2861 3744 2875 3791 ;
2894 3728 3166 3797 corruptio
3188 3729 3397 3782 duobus
3418 3744 3489 3782 ex
3503 3731 3678 3783 modis
3691 3732 3814 3783 acci-

2251 3819 2377 3872 dere
2399 3816 2614 3880 dicitur,
2640 3818 2991 3885 corporaliter
3018 3828 3073 3871 et
3093 3818 3410 3887 spiritaliter
3440 3838 3451 3871 :
3477 3821 3813 3887 corporaliter

2249 3908 2465 3972 accidit,
2518 3921 2640 3961 cum
2676 3908 2915 3961 evenerit
2959 3906 3087 3961 illud
3136 3908 3278 3977 quod
3316 3911 3578 3979 scriptum
3608 3922 3687 3965 est
3720 3930 3731 3962 :
3761 3910 3811 3963 Si

2248 4002 2362 4072 quis
2385 3999 2631 4069 templum
2656 3999 2753 4052 Dei
2782 4001 3092 4069 corruperit,
3128 4012 3423 4070 corrumpet
3455 4019 3573 4054 eum
3599 4003 3735 4055 Deus
3764 4000 3809 4071 (l

2248 4090 2367 4145 Cor.
2395 4091 2498 4161 ιιι).
2526 4089 2852 4159 Spiritaliter
2878 4104 3027 4155 vero,
3060 4106 3180 4145 cum
3221 4090 3350 4144 illud
3394 4092 3653 4147 aeciderit
3680 4092 3806 4161 quod

2250 4182 2597 4236 nihilominus
2625 4179 2913 4250 Apostolus
2960 4180 3129 4235 dicit:
3166 4179 3360 4233 Vereor
3382 4194 3557 4235 autem
3584 4200 3666 4248 ne,
3687 4186 3804 4235 sicut

2246 4286 2453 4340 serpens
2480 4270 2645 4322 Evam
2674 4270 3100 4322 seduxitastutia
3128 4285 3253 4332 sua,
3304 4270 3378 4322 sic
3422 4283 3804 4339 corrumpantur

2246 4375 2425 4414 sensus
2441 4358 2593 4412 vestri
2608 4376 2638 4411 a
2651 4357 2979 4427 simplicitate
2990 4358 3139 4426 ﬁdei,
3151 4374 3267 4428 qua:
3282 4369 3359 4412 est
3378 4360 3435 4412 in
3456 4358 3661 4414 Christo
3689 4360 3802 4414 less

2248 4448 2331 4520 (II
2360 4446 2483 4501 Cor.
2517 4449 2601 4519 n).
2646 4448 2703 4501 Si
2730 4448 2849 4517 quis
2876 4462 3006 4518 ergo
3036 4449 3103 4504 ab
3130 4449 3214 4503 his
3247 4465 3365 4518 qua:
3396 4466 3557 4521 supra
3586 4452 3799 4507 diximus

2251 4542 2509 4595 manserit
2535 4555 2763 4610 corpore
2783 4548 2840 4595 et
2864 4541 3058 4611 spiritu
3098 4542 3465 4611 incorruptus,
3517 4545 3615 4599 iste
3643 4547 3799 4599 ineor-

2250 4634 2554 4704 ruptionem
2603 4649 2845 4702 quaerere
2892 4635 3106 4701 dicitur,
3138 4650 3244 4704 quo
3290 4638 3497 4693 scilicet
3542 4656 3635 4710 per
3676 4644 3797 4697 hanc

2250 4726 2610 4780 observantiae
2637 4725 3112 4794 incorruptionem,
3137 4728 3307 4794 illam,
3341 4746 3460 4799 qum
3487 4748 3553 4785 ex
3578 4748 3796 4787 resurre-

2248 4818 2424 4873 ctione
2453 4826 2554 4882 est,
2586 4818 3043 4888 incorruptionem
3076 4823 3332 4891 consequi
3355 4834 3639 4879 mereatur.
3668 4826 3794 4892 Quid

2249 4919 2428 4963 autem
2479 4908 2633 4962 detur
2662 4910 2776 4962 haec
2797 4911 3162 4978 quaerentibus
3203 4912 3480 4969 videamus
3560 4914 3694 4979 Vita,
3723 4919 3794 4970 in.

2248 5003 2381 5070 quit,
2417 5012 2633 5065 wterna,
2665 5000 2752 5054 illa
2784 5004 2849 5055 de
2883 5018 2988 5069 qua
3017 5002 3267 5057 Salvator
3304 5005 3461 5059 docet
3483 5023 3600 5062 cum
3626 5010 3751 5063 dicit
3778 5028 3787 5061 ε

2249 5091 2377 5144 llwc
2406 5102 2479 5144 est
2523 5102 2693 5145 autem
2745 5092 2848 5144 vita
2891 5101 3085 5144 (eterna
3123 5101 3177 5144 ut
3209 5107 3517 5162 cognoscant
3547 5108 3591 5149 te
3632 5099 3789 5150 solum

2244 5195 2419 5234 verum
2436 5180 2624 5244 Deum,
2646 5191 2691 5233 et
2712 5195 2861 5249 quem
2903 5181 3089 5233 misisti
3128 5180 3308 5234 Iesum
3332 5182 3589 5238 Christum
3614 5186 3787 5257 (Ιοαη.

2244 5268 2396 5337 xvn);
2430 5284 2524 5337 per
2551 5269 2691 5337 quod
2740 5269 2973 5321 ostendit
3019 5268 3072 5321 in
3122 5272 3394 5338 agnitione
3431 5275 3525 5328 Dei
3564 5284 3615 5327 et
3648 5275 3791 5329 (31]ιί-

2243 5361 2311 5414 sti
2337 5358 2462 5413 Jesu
2508 5360 2631 5413 vitae
2657 5368 2871 5413 aeterna:
2918 5374 3136 5413 manere
3170 5362 3542 5418 substantiam.
3590 5367 3787 5435 Agnitio

2243 5464 2371 5504 vero
2399 5449 2515 5512 Dei,
2549 5449 2815 5517 quomodo
2850 5450 3035 5502 haberi
3068 5451 3257 5517 possit,
3287 5451 3541 5507 docemur
3570 5456 3617 5507 in
3654 5454 3787 5509 Psal-

2243 5540 2364 5605 mis,
2390 5554 2511 5593 cum
2539 5540 2733 5592 dicitur
2759 5556 2770 5589 :
2818 5536 3002 5591 i’acate
3030 5552 3074 5591 et
3103 5539 3265 5592 videte
3295 5545 3538 5609 quoniam
3567 5561 3652 5611 ego
3681 5562 3783 5598 suis

2242 5629 2381 5682 Deus
2413 5626 2582 5700 (Psal.
2615 5626 2759 5696 XLV).

2312 5716 2411 5774 His
2434 5734 2551 5774 vero
2569 5718 2659 5787 qui
2686 5732 2751 5772 es
2777 5719 3117 5788 contentione,
3147 5729 3193 5776 et
3216 5721 3305 5791 qui
3328 5722 3562 5797 diuidunt
3577 5724 3781 5789 veritati.
