3960 6358
211 417 351 473 1515

772 416 1313 472 ENARRA‘I‘IONUM
1352 417 1420 471 IN
1456 416 1603 471 EPP.
1647 413 1854 470 PAULI
1889 413 2014 468 LIB.
2055 414 2096 470 Ι.
2132 446 2202 456 —-
2235 417 2300 471 IN
2341 419 2555 474 EPIST.
2593 423 2687 476 AD
2723 421 2886 479 ROM.

3307 426 3446 481 15M

208 528 452 582 obediunt
480 528 760 598 iniquitati,
786 530 865 581 ira
895 540 939 583 et
966 529 1274 598 indignatio,
1300 529 1586 591 tribulatio,
1611 537 1658 581 et
1682 543 1775 579 an-
1803 531 1857 586 Α
1880 524 2021 591 haec;
2055 528 2100 581 si
2126 528 2246 597 quis
2265 540 2494 595 :egrotus
2514 541 2700 589 contra
2730 543 3055 607 prazceptum
3080 536 3274 593 medici
3300 554 3446 595 sum-

207 618 400 689 gustia.
436 621 665 691 (Amer
688 621 799 675 Hoc
827 633 926 683 est,
968 624 1161 675 iterata
1192 620 1455 691 angustia,
1482 616 1777 674 difﬁdentes

209 710 275 764 de
300 708 480 764 futuro
523 711 613 764 Dei
644 708 845 781 judicio
887 728 983 780 per
1022 710 1315 777 Christum,
1345 725 1419 764 ac
1445 722 1542 779 per
1569 709 1777 772 hoc,'ct

206 800 520 869 patientiam
550 800 664 869 ejus
699 810 1119 863 contemnentes,
1143 800 1472 855 contendunt
1509 812 1775 854 evacuare

208 888 357 953 illud,
388 904 509 944 cum
538 892 607 944 sit
628 905 814 945 verum
840 898 895 943 et
918 889 1375 955 stabile;pcredunt
1425 889 1561 943 enim
1586 889 1776 958 iniqui-

206 983 324 1046 tati,
352 982 608 1052 iniquitas
659 991 742 1036 cst
788 983 926 1037 enim
968 996 1162 1053 negare
1191 981 1331 1051 quod
1363 980 1505 1035 Deus
1537 979 1775 1035 futurum

206 1073 472 1141 praedixit.
505 1073 628 1127 Tria
660 1088 787 1145 ergo
836 1073 939 1127 alia
979 1073 1155 1141 posuit
1198 1070 1560 1126 incredulitati
1598 1069 1778 1124 condi-

204 1176 310 1231 gna
338 1164 539 1226 dicens,
570 1164 651 1216 ira
678 1174 725 1217 et
757 1164 1047 1234 indignatio
1092 1173 1137 1217 et
1168 1162 1430 1231 angustia,
1460 1160 1539 1213 ira
1565 1168 1647 1214 est
1670 1176 1775 1215 non

202 1254 255 1308 ei
295 1254 387 1323 qui
407 1254 641 1324 judicat,’
663 1255 755 1310 sed
785 1255 861 1315 illi
893 1254 985 1323 qui
1010 1254 1304 1323 judicatur,
1347 1252 1472 1306 dum
1510 1249 1570 1304 fit
1603 1265 1726 1305 rcus
1759 1267 1772 1303 :

202 1345 371 1401 Irasci
400 1347 544 1403 enim
582 1349 777 1403 dicitur
818 1348 980 1410 Deus,
1013 1354 1073 1399 ut
1112 1345 1477 1400 vindicaturus
1503 1338 1771 1398 credatur.

202 1432 339 1489 Nam
368 1437 461 1491 Dei
487 1445 679 1491 natura
702 1435 770 1490 ab
808 1426 893 1490 bis
929 1424 1271 1505 passionibus
1291 1434 1550 1489 immunis
1593 1436 1703 1497 est;
1722 1440 1778 1486 et

202 1534 262 1579 ut
286 1540 393 1579 non
425 1526 596 1581 solum
629 1525 811 1587 irasci,
847 1524 940 1579 sed
965 1533 1019 1577 et
1059 1522 1332 1577 vindicare
1372 1522 1646 1585 credatur,
1676 1519 1773 1573 ad-

194 1612 351 1681 jecit,
396 1624 443 1669 et
490 1615 801 1685 indignatio.
854 1612 1154 1681 Indignatio
1200 1620 1305 1676 est,
1332 1625 1494 1680 quam
1530 1609 1771 1663 addendo

200 1719 366 1773 super
388 1705 525 1758 iram
547 1703 801 1774 iniuriam
830 1717 983 1778 suam
1003 1702 1170 1756 Deum
1196 1701 1591 1755 vindicaturum
1615 1698 1775 1768 signi-

202 1794 351 1848 ficat.
387 1795 649 1864 Augustia!
678 1809 807 1849 vero
837 1804 982 1859 sunt,
1028 1781 1224 1862 quibus
1249 1789 1517 1862 sententia
1544 1787 1775 1843 constri-

200 1895 323 1941 ctus
355 1886 695 1942 tribulabitur
717 1887 771 1941 in
798 1899 975 1955 poena.

278 1977 444 2047 Super
477 1993 678 2031 omnem
708 1977 937 2030 animam
986 1974 1210 2028 hominis
1254 1972 1511 2042 aperantis
1556 1969 1772 2022 malum.

200 2068 261 2121 lu
294 2069 392 2122 hoc
422 2082 583 2137 opere
613 2081 718 2119 non
748 2064 918 2121 solum
952 2063 1095 2117 facta
1140 2061 1425 2132 significat,
1452 2059 1632 2113 sedet
1654 2072 1777 2126 per-

201 2156 343 2211 fidia:
372 2157 756 2227 professionem
790 2173 803 2208 :
836 2154 901 2210 de
930 2152 1203 2209 incredqu
1231 2154 1373 2206 enim
1400 2150 1547 2214 dicit,
1576 2158 1629 2203 et
1656 2148 1775 2203 ideo

199 2262 366 2317 super
394 2247 627 2301 animam
657 2245 811 2310 dixit,
846 2253 904 2298 ut
926 2242 1234 2313 spiritalem
1260 2254 1477 2311 poenam
1509 2237 1775 2307 intelligas

199 2354 309 2392 non
329 2337 682 2406 corporalem,
702 2336 825 2406 quia
841 2335 1017 2388 anima
1044 2332 1400 2387 invisibilibus
1414 2330 1589 2409 pmnis
1603 2337 1773 2383 arcta-

197 2429 367 2482 bitur.
400 2428 594 2499 (Oi-ig.)
623 2426 923 2481 Notandum
944 2438 1074 2478 vero
1093 2423 1236 2491 quod
1263 2418 1550 2491 Apostolus
1576 2420 1629 2473 in
1647 2434 1774 2474 enu-

198 2520 459 2577 inerando
480 2532 666 2588 pteuas
694 2517 913 2572 meritas
934 2521 1298 2583 peccatorum,
1330 2525 1434 2565 non
1466 2510 1603 2565 dixit
1636 2510 1771 2563 iram

196 2619 258 2665 et
288 2610 742 2681 indignationem,
767 2615 825 2661 ut
853 2616 909 2659 et
935 2606 1036 2659 hoc
1074 2602 1339 2658 referatur
1374 2600 1441 2653 ad
1471 2600 1547 2665 id,
1574 2599 1771 2662 reddet,

198 2702 347 2771 quod
368 2701 612 2770 superius
639 2700 874 2763 dixerat;
906 2696 997 2752 sed
1025 2696 1118 2761 ait,
1144 2693 1239 2747 Ira
1260 2704 1306 2747 et
1338 2692 1648 2760 indignatio,
1681 2692 1776 2743 tri-

198 2790 400 2844 bulatio
428 2800 474 2844 et
503 2789 763 2857 angustia.
797 2786 950 2841 Unde
989 2785 1079 2853 qui
1116 2782 1373 2852 spiritalis
1403 2788 1505 2843 est,
1538 2788 1593 2833 et
1617 2777 1773 2832 inte].

197 2881 319 2952 ligit
348 2881 476 2951 quid
506 2878 736 2948 Spiritus
771 2877 1019 2946 loquatur
1046 2876 1101 2928 in
1126 2871 1291 2926 Paulo
1310 2912 1323 2937 ,
1350 2871 1480 2926 dicit
1526 2884 1630 2923 non
1657 2870 1773 2922 hate

194 2970 512 3041 Apostolum
535 2983 628 3038 per
655 2967 996 3037 imperitiam,
1024 2964 1118 3019 sed
1139 2979 1236 3033 per
1260 2962 1493 3016 divinam
1524 2958 1771 3028 peritiam

196 3062 609 3131 conscripsisse,
648 3060 885 3123 scilicet,
940 3066 998 3111 ut
1046 3072 1141 3126 per
1188 3056 1301 3109 haec
1348 3053 1655 3108 ostenderet
1709 3067 1771 3104 ea

196 3158 416 3226 quidem
458 3169 577 3223 qure
602 3151 890 3207 secundum
920 3148 1233 3218 patientiam
1272 3145 1399 3200 boni
1428 3144 1605 3214 operis
1630 3158 1772 3212 qure-

198 3248 446 3303 rentibus
470 3245 691 3316 gloriam
718 3251 771 3297 et
811 3229 1269 3309 incorruptionem
1298 3236 1566 3293 reddenda
1623 3244 1767 3300 sunt,

196 3354 299 3409 per
326 3337 495 3391 Deum
526 3334 697 3399 reddi,
736 3333 787 3389 id
817 3341 917 3397 est,
970 3331 1127 3384 vitam
1175 3338 1428 3385 mternam
1460 3346 1471 3380 :
1512 3342 1576 3382 ea
1622 3340 1769 3393 vero,

198 3441 322 3496 quae
352 3432 742 3493 consequentur
785 3436 895 3485 eos,
922 3420 1013 3490 qui
1057 3435 1153 3489 per
1191 3418 1589 3475 contentionem
1640 3416 1773 3472 ditii-

198 3520 335 3575 dunt
360 3517 575 3587 quidem
615 3514 851 3578 veritati,
893 3514 1262 3581 obtemperant
1309 3510 1455 3565 vero
1480 3510 1769 3580 iniquitati,

200 3626 310 3665 non
338 3625 367 3662 a
396 3610 505 3662 Deo
541 3606 680 3671 dari,
711 3605 861 3673 cujus
907 3605 1044 3658 dona
1089 3604 1271 3673 utique
1309 3604 1674 3672 permanentia
1718 3611 1773 3657 et

199 3702 319 3772 ipso
355 3701 514 3767 digna
545 3706 688 3763 sunt,
712 3698 807 3752 sed
837 3713 901 3752 ex
926 3696 1308 3766 consequentia
1346 3705 1619 3766 gestorum
1649 3710 1772 3750 suo-

201 3806 323 3847 rum
354 3792 434 3844 Itis
489 3790 575 3860 qui
606 3797 884 3857 operantur
921 3785 1138 3850 malum,
1161 3786 1241 3838 ira
1270 3795 1316 3839 et
1347 3785 1654 3853 indignatio,
1680 3785 1774 3836 tri—

201 3882 421 3947 bulatio,
447 3889 493 3934 et
521 3880 763 3949 angustia
798 3878 917 3942 erit,
949 3877 1241 3931 secundum
1283 3890 1365 3941 ea,
1402 3891 1521 3945 quae
1559 3875 1773 3930 thesau-

202 3974 516 4027 rizaverunt
538 3968 778 4037 sibiipsi;
808 3982 931 4020 nam
954 3968 1138 4035 utique
1160 3966 1301 4021 sicut
1328 3966 1400 4020 ibi
1426 3965 1591 4020 vitam
1618 3974 1774 4019 teter-

202 4078 332 4119 nam
363 4077 493 4117 casu
518 4059 821 4115 accusativo
860 4056 1179 4127 protulerat,
1211 4057 1286 4111 ita
1321 4066 1378 4111 et
1402 4058 1492 4117 hic
1540 4057 1673 4110 iram
1721 4064 1775 4111 et

202 4152 628 4224 indignationem
666 4148 1167 4217 tribulationemque
1209 4156 1263 4203 et
1310 4148 1613 4218 angustiam
1645 4163 1774 4203 casu

202 4242 514 4299 accusativo
542 4238 871 4309 protulisset,
910 4238 954 4292 si
983 4238 1036 4292 id
1078 4239 1144 4293 ad
1173 4238 1443 4294 reddentis
1467 4238 1561 4293 Dei
1589 4253 1774 4308 perso-

202 4348 331 4389 nam
364 4332 501 4387 ferre
526 4330 809 4394 voluisset,
838 4328 979 4398 quod
1004 4337 1059 4383 et
1088 4328 1207 4382 aliis
1232 4328 1523 4397 Scriptura:
1544 4326 1675 4382 locis
1703 4328 1776 4381 si-

203 4423 407 4479 militer
434 4420 748 4489 intelligitur
784 4417 1071 4488 designari,
1104 4418 1244 4472 sicut
1263 4427 1317 4472 et
1340 4418 1393 4471 in
1419 4418 1593 4487 primo
1636 4417 1775 4473 libro

203 4511 443 4581 Regum,
474 4508 563 4562 ubi
599 4507 728 4561 dicit
751 4506 1008 4561 Dominus
1048 4524 1060 4559 :
1109 4503 1471 4575 Cloriﬁcantes
1517 4523 1617 4571 me,
1665 4506 1773 4576 glo-

205 4598 455 4669 riﬁcabo;
482 4606 774 4666 spernentes
797 4612 875 4649 me
912 4606 1217 4666 spernentur
1238 4595 1290 4666 (Ι
1319 4596 1445 4666 Reg.
1470 4596 1552 4667 ιι),
1582 4596 1634 4649 in
1667 4611 1773 4665 quo

203 4692 486 4747 evidenter
532 4690 829 4744 ostenditur
858 4689 999 4758 quod
1042 4690 1171 4743 dicit
1221 4690 1478 4744 Dominus
1521 4706 1646 4755 eos,
1681 4691 1772 4759 qui

204 4782 540 4855 gloriﬁcandi
574 4789 717 4844 sunt,
742 4795 839 4849 per
867 4796 925 4835 se
962 4779 1359 4850 gloriticandos,
1402 4782 1467 4835 de
1496 4781 1578 4835 his
1620 4796 1769 4847 vero,

205 4876 299 4946 qui
324 4873 608 4945 spernendi
634 4881 778 4937 sunt,
810 4887 913 4925 non
941 4871 1187 4925 retulisse
1215 4872 1281 4925 ad
1308 4887 1386 4937 se,
1410 4873 1505 4926 sed
1531 4872 1771 4927 absolute

206 4966 427 5029 dixisse,
449 4965 571 5034 quia
620 4974 939 5032 spernentur.
973 4962 1029 5017 Si
1076 4962 1241 5025 enim,
1270 4970 1329 5016 ut
1374 4964 1513 5018 bona
1550 4979 1649 5034 per
1690 4979 1774 5019 se—

207 5057 495 5126 metipsum
531 5062 769 5124 prazstat,
798 5055 871 5107 ita
910 5054 1071 5107 etiam
1112 5053 1250 5106 mala
1286 5068 1382 5122 per
1423 5055 1769 5124 semetipsum

206 5147 531 5202 retribueret
574 5146 741 5207 Deus,
791 5158 1123 5213 consequens
1170 5153 1289 5198 erat
1318 5184 1333 5209 ,
1384 5152 1443 5197 ut
1503 5146 1769 5213 quomodo

209 5236 364 5300 dixit,
384 5232 741 5302 Gloriﬁcantes
766 5249 847 5287 me
866 5233 1189 5303 gloriﬁcabo,
1213 5235 1282 5287 ita
1308 5235 1525 5300 diceret,
1549 5244 1602 5290 et
1628 5252 1775 5304 sper-

211 5335 401 5382 nentes
426 5341 529 5392 me,
553 5340 820 5393 spernant.
845 5323 951 5380 Sed
977 5333 1033 5379 et
1065 5326 1118 5379 in
1147 5325 1247 5379 alio
1272 5325 1387 5379 loco
1421 5340 1515 5393 per
1537 5326 1768 5394 prophe-

212 5427 323 5471 tam
344 5416 516 5471 simile
539 5416 666 5484 quid
692 5415 904 5470 videtur
923 5417 1133 5471 ostendi
1166 5418 1218 5469 in
1256 5430 1338 5479 eo,
1390 5415 1529 5482 quod
1576 5416 1631 5468 bi
1678 5415 1769 5483 qui

210 5516 343 5563 eunt
368 5508 423 5562 in
453 5508 648 5577 ignem,
678 5521 783 5562 non
806 5522 836 5560 a
866 5506 995 5572 Deo,
1026 5508 1119 5563 sed
1146 5524 1177 5561 a
1212 5507 1512 5575 semetipsis
1545 5521 1667 5560 eum
1690 5507 1772 5562 in-

211 5598 432 5652 veniant
458 5612 762 5662 accenstun,
788 5600 925 5651 sicut
947 5598 1074 5652 dicit
1094 5597 1261 5653 Isaias
1289 5614 1301 5649 :
1335 5596 1433 5660 Ite,
1482 5595 1771 5651 illuminate

211 5688 357 5756 ignes
378 5696 583 5751 vestros,
598 5697 643 5740 et
666 5688 931 5755 ﬂammam
957 5704 1111 5755 quant
1138 5688 1441 5740 accettdistis
1459 5686 1589 5755 (Isa.
1611 5691 1681 5756 ι).
1707 5688 1773 5742 Ut

213 5777 389 5833 adhuc
414 5778 819 5847 plauiot'horum
857 5770 949 5831 fiat
979 5777 1301 5845 dissertatio,
1328 5776 1587 5835 addentur
1610 5778 1772 5833 etiam

1798 4556 1851 4615 D

1878 618 2042 685 pserit
2070 619 2333 674 malorum
2361 620 2601 677 ciborum
2629 640 2837 692 succos,
2866 636 2919 683 et
2966 629 3209 698 corporis
3232 632 3443 687 turbata

1880 708 2134 777 temperie
2167 708 2219 761 in
2256 708 2435 765 febres
2476 721 2530 766 et
2562 712 2615 766 in
2651 715 2912 783 quoslibet
2958 717 3327 786 hujuscemodi
3366 722 3448 776 in-

1876 800 2105 853 currerit
2133 801 2367 867 morbos,
2399 811 2603 857 certum
2633 814 2715 859 est
2742 811 2881 877 quod
2907 824 3011 864 non
3034 826 3129 881 per
3154 813 3444 879 medicum,

1876 889 1968 943 sed
1991 903 2088 957 per
2114 890 2579 960 intemperantiam
2605 906 2809 966 pestem
2841 900 3109 972 languoris
3136 908 3403 975 acceperit
3427 927 3441 963 :

1876 976 1919 1029 si
1949 992 2077 1033 vero
2107 981 2299 1035 medici
2324 994 2590 1054 praecepta
2612 988 2937 1054 custodiens,
2964 991 3017 1045 in
3041 995 3296 1063 sospitate
3324 1012 3446 1065 per-

1877 1065 2051 1126 duret,
2082 1069 2265 1139 utique
2291 1087 2387 1141 per
2412 1075 2680 1131 medicum
2730 1078 2938 1134 dicetur
2978 1082 3175 1140 habere
3213 1088 3443 1155 gratiam

1876 1156 2140 1225 sanitatis,
2193 1161 2294 1216 hoc
2344 1177 2469 1235 ergo
2527 1168 2685 1223 modo
2737 1179 3126 1240 consequenter
3179 1175 3446 1233 videbitur

1877 1243 2019 1301 Deus
2043 1248 2155 1317 ipse
2180 1264 2275 1318 per
2302 1267 2359 1306 se
2397 1255 2619 1312 reddere
2643 1257 2930 1328 unicuique
2967 1264 3262 1318 secundum
3284 1280 3445 1334 opera

1878 1349 1992 1401 sua,
2023 1352 2143 1406 qua:
2172 1338 2310 1393 bona
2334 1353 2478 1409 sunt,
2504 1346 2642 1400 mala
2669 1357 2845 1403 autem
2871 1351 3058 1406 venire
3079 1351 3446 1424 intelligantur

1876 1441 1982 1480 non
2022 1443 2051 1481 a
2079 1428 2209 1492 Deo,
2238 1432 2329 1484 sed
2352 1446 2417 1486 ex
2438 1436 2683 1502 pessimis
2710 1438 3133 1509 intemperantia:
3160 1446 3334 1500 succis
3382 1440 3446 1501 et

1877 1518 2042 1571 cruda
2095 1521 2360 1599 pravitate
2413 1534 2709 1594 gestorum.
2743 1517 2940 1584 Verum
2984 1540 3037 1587 et
3094 1534 3196 1590 hoc
3243 1536 3440 1605 ipsum,

1875 1610 2017 1677 quod
2043 1610 2196 1675 dixit,
2217 1615 2306 1682 qui
2348 1630 2415 1667 ex
2439 1618 2760 1672 contentione
2788 1618 3036 1687 difﬁdunt
3080 1626 3287 1693 quidem
3315 1628 3446 1681 veri-

1877 1700 1994 1764 tati,
2023 1701 2373 1772 obtemperant
2399 1716 2572 1760 autem
2620 1709 2904 1779 iniquitati,
2928 1711 3283 1770 indiscbssum
3338 1733 3445 1773 non

1876 1792 2204 1849 omittamus.
2244 1794 2300 1849 ln
2329 1795 2413 1850 his
2438 1798 2599 1863 \enim
2649 1798 2873 1867 singulis
2914 1799 3196 1872 languores
3229 1806 3444 1873 quidem

1804 1870 1852 1929 B
1880 1881 2072 1936 anima:
2103 1885 2170 1937 ab
2206 1884 2458 1953 Apostolo
2508 1888 2874 1959 designantur,
2905 1870 3132 1960 quorum
3178 1870 3443 1953 medelam

1876 1984 2035 2025 nemo
2074 1972 2332 2053 inveniet,
2368 1975 2487 2030 ~nisi
2547 1978 2695 2047 prius
2755 1981 3066 2037 morborum
3134 1991 3447 2055 cognoverit

1876 2074 2083 2139 causas.
2111 2061 2177 2115 Et
2219 2062 2339 2119 ideo
2382 2065 2434 2118 in
2492 2067 2688 2123 divinis
2746 2063 3057 2141 Scripturis,
3096 2076 3441 2145 aegritudines

1875 2152 2068 2207 animae
2106 2158 2477 2219 numerantur,
2510 2168 2565 2212 et
2601 2161 2836 2215 remedia
2867 2162 3264 2232 describuntur,
3292 2177 3345 2222 ut
3364 2170 3437 2233 hi,

1875 2241 1964 2309 qui
1992 2256 2049 2295 se
2086 2243 2391 2311 apostolicis
2422 2248 2778 2303 subdiderunt
2801 2249 3113 2320 disciplinis,
3134 2269 3199 2308 ex
3221 2256 3305 2310 his
3326 2271 3443 2325 quas

1876 2330 2073 2400 scripta
2100 2341 2223 2386 sunt
2266 2334 2462 2404 agnitis
2492 2335 2836 2407 languoribus
2866 2341 2977 2395 suis
3010 2344 3203 2409 curati,
3235 2348 3443 2414 possint

1875 2420 2052 2477 dicere
2078 2442 2089 2476 ε
2121 2422 2329 2490 Lauda,
2358 2425 2534 2481 anima
2555 2445 2689 2495 mea,
2718 2420 3017 2497 Dominum,
3038 2436 3128 2504 qui
3153 2448 3304 2490 sanat
3326 2456 3440 2493 ont-

1876 2512 2259 2582 neslanguores
2307 2508 2445 2569 tuos
2477 2515 2646 2589 (Psat.
2701 2524 2815 2592 cu).
2859 2522 3005 2579 Unus
3059 2540 3187 2598 ergo
3222 2546 3286 2584 ex
3334 2547 3440 2586 ca:-

1874 2600 2009 2654 teris
2048 2602 2239 2685 anima:
2264 2603 2507 2676 languor,
2538 2618 2591 2660 et
2619 2610 2832 2677 quidem
2862 2614 3144 2680 pessimus,
3170 2621 3444 2674 contentio

1875 2703 1994 2744 esse
2030 2691 2374 2763 intelligenda
2402 2704 2503 2761 est,
2536 2711 2633 2764 per
2668 2713 2828 2767 quam
2861 2714 3019 2755 omne
3062 2718 3195 2772 opus
3219 2721 3444 2775 pravum

1866 2780 2106 2851 geritur;
2161 2796 2259 2851 per
2303 2783 2443 2837 hanc
2490 2785 2725 2842 haereses
2777 2800 3089 2857 nascuntur,
3144 2807 3243 2862 per
3304 2797 3444 2853 hanc

1874 2871 2167 2925 schismata
2212 2881 2266 2927 et
2290 2875 2469 2928 omnia
2513 2877 2765 2932 scandala
2806 2879 2859 2933 in
2905 2882 3146 2938 ecclesiis
3183 2900 3445 2955 generan-

1874 2968 1980 3026 tur,
2012 2962 2137 3017 dum
2164 2964 2218 3017 hi
2248 2966 2339 3033 qui
2374 2967 2514 3035 apud
2551 2968 2867 3038 semetipsos
2890 2973 3181 3040 prudentes
3218 2986 3360 3040 sunt,
3390 2985 3448 3031 et

1877 3052 1929 3105 in
1952 3059 2239 3123 conspectu
2261 3066 2357 3111 suo
2380 3060 2669 3127 sapientes,
2696 3062 2953 3131 quidquid
2976 3062 3195 3118 libuerit
3212 3082 3309 3136 pm
3330 3067 3445 3139 lege

1878 3139 2189 3197 defendunt.
2219 3145 2287 3199 Et
2314 3144 2437 3201 inde
2459 3147 2539 3213 fit,
2572 3157 2631 3202 ut
2659 3148 2930 3205 dillidatur
2958 3153 3171 3221 quidem
3205 3157 3441 3224 veritati,

1877 3231 2278 3303 obtemper'etur
2313 3247 2502 3291 autem
2543 3239 2830 3308 iniquitati.
2865 3241 3109 3299 Difﬁdere
3136 3259 3298 3314 porro
3345 3263 3443 3317 pro

1875 3336 1983 3375 non
2010 3325 2228 3379 credere
2251 3325 2335 3380 vel
2374 3342 2479 3381 non
2514 3329 2887 3398 obtemperare
2919 3332 3055 3387 solet
3102 3335 3155 3387 in
3203 3334 3446 3405 Scriptu-

1874 3412 1951 3467 ris
1979 3416 2182 3469 sanctis
2220 3415 2469 3483 inveniri,
2494 3419 2632 3473 sicut
2657 3429 2711 3474 et
2745 3421 2799 3474 in
2830 3422 2931 3476 hoc
2960 3422 3099 3489 loco,
3131 3426 3272 3493 quod
3305 3428 3443 3482 forte

1874 3505 2051 3574 aptius
2110 3504 2335 3561 Latinus
2403 3508 2669 3578 interpres
2733 3511 3033 3579 posuisset,
3089 3512 3134 3566 si
3194 3513 3441 3580 dixisset,

1873 3597 1965 3665 qui
2014 3612 2118 3652 non
2154 3597 2409 3653 obediunt
2461 3599 2695 3665 veritati,
2726 3599 2820 3654 sed
2857 3601 3113 3656 obediunt
3152 3604 3440 3672 iniquitati.

1874 3686 2059 3743 Omnis
2094 3702 2220 3758 ergo
2253 3690 2342 3757 qui
2381 3690 2612 3744 alienum
2654 3706 2683 3744 a
2724 3692 2950 3746 veritate
2979 3692 3080 3747 iter
3126 3695 3443 3764 ingreditur,

1875 3792 1975 3832 nec
1995 3779 2237 3849 sequitur
2258 3794 2379 3833 eum
2435 3781 2527 3850 qui
2546 3781 2701 3846 dixit,
2728 3780 2841 3852 Ego
2866 3800 2981 3835 sum
3023 3786 3227 3849 veritas,
3258 3786 3447 3842 dillidit

1875 3868 2107 3933 veritati,
2139 3877 2194 3923 et
2218 3869 2530 3924 inobedicns
2542 3880 2622 3925 est
2639 3872 2709 3935 ei;
2734 3873 2811 3925 sic
2835 3873 2925 3941 qui
2942 3888 3045 3926 non
3060 3874 3229 3928 solum
3246 3875 3297 3928 in
3318 3876 3446 3931 acti-

1875 3959 1993 4023 bus,
2018 3958 2110 4011 sed
2134 3966 2188 4012 et
2209 3959 2263 4011 in
2285 3959 2530 4014 sensibus
2560 3970 2613 4013 et
2630 3960 2684 4013 in
2707 3959 2811 4014 ﬁde
2834 3965 3190 4031 errant,quod
3212 3966 3444 4020 maxime

1875 4061 1938 4101 ex
1966 4048 2307 4102 contentione
2339 4049 2616 4118 contingit.
2647 4048 2753 4104 Sed
2779 4060 2833 4104 et
2853 4052 2943 4121 qui
2977 4053 3251 4121 sapientiae
3275 4056 3446 4111 obsis-

1878 4148 2017 4204 tunt,
2049 4148 2105 4193 et
2126 4138 2347 4207 justitize
2374 4155 2438 4193 ac
2470 4140 2913 4208 sanctiﬁcationi,
2946 4144 3187 4198 diuidunt
3211 4145 3441 4211 Christo,

1877 4231 1965 4300 qui
1985 4231 2124 4285 sicut
2142 4230 2341 4284 veritas
2362 4241 2463 4292 est,
2494 4231 2566 4284 ita
2586 4240 2641 4284 et
2658 4233 2939 4299 sapientia,
2963 4234 3037 4287 ita
3061 4243 3114 4288 et
3141 4237 3445 4291 sanctiﬁca-

1879 4321 1953 4374 tio
1974 4328 2087 4384 est;
2123 4335 2229 4374 non
2248 4319 2627 4388 obtemperare
2653 4333 2832 4373 autem
2863 4320 3075 4377 Christo
3095 4363 3109 4389 ,
3130 4325 3221 4393 qui
3238 4325 3443 4393 justitia

1877 4418 2126 4490 estpboc
2159 4425 2264 4479 est,
2294 4414 2665 4483 obtemperare
2708 4415 3001 4483 iniquitati,
3030 4426 3084 4470 et
3124 4416 3205 4471 bis
3235 4417 3441 4471 actibus

1880 4524 2014 4579 quos
2039 4510 2155 4564 sine
2181 4507 2341 4562 dubio
2376 4516 2776 4576 consequuntur
2802 4507 2888 4560 illa
2934 4523 3049 4575 quae
3073 4508 3268 4576 scripta
3296 4519 3435 4570 sunt,

1877 4598 1970 4653 Ira
1996 4610 2042 4653 et
2084 4597 2401 4667 indignatio,
2433 4595 2698 4649 tribulatio
2741 4604 2787 4648 et
2816 4596 3077 4664 angustia.
3116 4595 3190 4648 De
3218 4596 3303 4648 ira
3330 4596 3441 4664 jam

1877 4705 2017 4760 sa‘pe
2062 4688 2296 4743 diximus
2340 4685 2481 4753 quod
2531 4684 2797 4737 interdum
2832 4684 2964 4752 ipse,
3000 4685 3092 4754 qui
3135 4699 3200 4737 ex
3236 4683 3440 4752 peccati

1875 4778 2201 4835 conscientia
2240 4775 2433 4836 animae
2478 4773 2738 4827 incutitur
2778 4774 3069 4836 cruciatus,
3108 4772 3187 4825 ira
3219 4771 3442 4849 appelle:

1877 4878 1983 4923 tur.
2034 4865 2331 4934 Indignatio
2357 4873 2537 4918 autem
2566 4864 2734 4934 ipsius
2760 4864 2853 4917 irae
2886 4873 3067 4917 tumor
3111 4863 3325 4932 quidam
3369 4864 3441 4918 si-

1878 4961 2187 5033 gniﬁcatur,
2214 4966 2269 5013 et
2310 4972 2408 5027 per
2433 4956 2638 5025 singula
2689 4968 2900 5024 quoque
2949 4954 3257 5019 commotio,
3290 4954 3438 5017 utsi,

1876 5053 2022 5107 verbi
2054 5053 2247 5123 gratia,
2271 5051 2461 5105 vulnus
2507 5047 2719 5118 aliquod
2759 5048 3049 5118 pessimum
3090 5048 3224 5101 iram
3275 5061 3441 5116 pona—

1876 5156 2034 5206 mus;
2064 5140 2223 5209 bujus
2261 5149 2439 5194 autem
2489 5146 2669 5193 tumor
2721 5146 2775 5193 et
2821 5137 3094 5202 distentio,
3147 5136 3441 5205 indignatio

1878 5232 2115 5285 vulneris
2148 5229 2458 5300 appelletur.
2517 5226 2815 5281 Tribulatio
2851 5241 2998 5289 vero,
3060 5239 3220 5293 quam
3253 5223 3439 5277 subse-

1876 5322 2058 5389 quitur
2094 5319 2355 5390 angustia,
2389 5332 2497 5371 non
2540 5316 2731 5371 similis
2764 5317 2997 5386 putanda
3024 5322 3107 5368 est
3144 5313 3221 5366 illi
3269 5313 3438 5367 tribu-

1876 5415 2082 5481 lationi,
2112 5415 2177 5469 de
2203 5428 2305 5481 qua
2327 5412 2455 5465 dicit
2480 5410 2781 5481 Apostolus,
2804 5410 2927 5478 quia
2956 5405 3223 5461 tribulatio
3244 5404 3440 5475 patien—

1875 5509 1998 5561 tiam
2022 5518 2292 5574 operatur;
2320 5504 2406 5557 illa
2429 5504 2571 5557 enim
2595 5500 2714 5569 talis
2725 5499 2999 5553 tribulatio
3018 5498 3314 5568 angustiam
3330 5509 3436 5551 non

1873 5596 2033 5649 habet
2074 5596 2509 5663 subsequentem,
2541 5590 2679 5645 sicut
2727 5597 2782 5644 et
2808 5589 2921 5657 ipse
2950 5585 3232 5656 Apostolus
3263 5582 3392 5638 dicit
3419 5594 3435 5634 :

1877 5681 2549 5750 Tribttlatiouempatimur,
2578 5677 2667 5732 sed
2690 5694 2794 5730 non
2810 5676 3173 5745 angustiamur
3205 5671 3287 5741 (II
3314 5668 3434 5724 Cor.

1875 5773 1969 5841 Iv.)
1996 5772 2103 5825 luto
2126 5786 2250 5826 vero
2284 5785 2385 5824 non
2420 5770 2592 5821 solum
2623 5768 2819 5821 ltlllldlll
2850 5765 3147 5835 angustiam
3169 5758 3440 5817 tribulatio
