3960 6320
500 343 595 404 161
607 346 639 403 5

1130 351 1194 405 Β.
1234 349 1487 407 ΒΔΒΑΝῙ
1526 348 1743 406 MAURI
1780 348 2097 415 ARCHIEP.
2138 347 2447 418 DIOGUNT.
2489 350 2771 410 OPERUM
2807 352 2987 409 PARS
3020 356 3106 410 Ill.

3618 366 3756 431 13”

494 461 583 517 illa
615 472 949 531 sanctorum,
997 465 1090 533 sed
1119 464 1458 528 latitudinem
1507 466 1702 529 habet;
1736 464 1967 532 denique
1992 462 2072 518 sic
2102 466 2151 527 Δ
2180 477 2316 528 rem,
2359 473 2413 518 et
2456 463 2916 535 incorruptionem
2970 469 3354 539 quaerentibus,
3395 471 3507 526 vita
3556 480 3762 529 aeterna

495 556 627 611 dicit
645 558 825 627 justus
852 577 865 612 :
896 558 964 613 In
1012 558 1347 613 tribulatione
1395 558 1632 617 dilatasti
1662 575 1740 611 me
1766 555 1942 629 (Psal.
1974 556 2105 626 tv).'

491 645 551 701 In
582 648 685 703 hac
717 663 845 719 ergo
879 658 1189 723 sanctorum
1219 651 1398 705 cordis
1439 650 1719 704 latitudine
1768 664 1875 702 non
1902 649 2077 703 solmn

490 737 718 808 habitat,
759 740 854 794 sed
894 740 1193 795 inambulat
1236 742 1396 801 Deus.
1459 742 1517 795 ln
1560 749 1903 812 peccatorum
1949 755 2079 797 vero
2116 807 2133 821 ο

488 827 764 892 cordibus,
805 829 894 893 ubi
943 830 1203 901 angustiae
1255 838 1401 896 sunt,
1447 834 1575 901 quia
1615 830 1789 885 locum
1813 830 2078 885 dederunt

489 917 724 990 diabolo'
746 920 1107 990 ingrediendi,
1136 922 1438 993 ingreditur
1472 922 1711 991 quidem,
1742 922 1835 977 sed
1881 936 1991 997 non
2019 929 2079 975 ut

488 1009 721 1081 habitet,
771 1029 948 1083 neque
972 1024 1031 1069 ut
1056 1014 1369 1077 inambulet,
1416 1014 1677 1083 angustiae
1734 1014 1879 1068 enim
1927 1022 2093 1079 sunt,

486 1102 580 1169 sed
601 1109 661 1155 ut
684 1102 872 1168 lateat,
896 1110 1155 1173 tanquam
1179 1103 1232 1155 in
1258 1116 1513 1166 caverna,
1538 1110 1621 1157 est
1645 1102 1790 1156 enim
1814 1116 2070 1170 serpens:

485 1190 566 1259 sic
597 1204 726 1262 ergo
748 1192 801 1257 in
825 1207 884 1247 se
907 1191 1097 1257 infelix
1133 1193 1334 1257 anima,
1365 1207 1527 1260 quam
1568 1193 1835 1263 pessimus
1864 1193 1954 1247 hic
1979 1208 2077 1246 an-

475 1283 602 1352 guis
630 1283 930 1348 obsederit,
971 1285 1280 1353 serpentino
1320 1282 1520 1354 frigore
1548 1284 2073 1355 rigensattrahitur,

484 1380 538 1425 et
567 1381 898 1437 coarctatnr,
923 1380 1085 1441 atque
1112 1372 1164 1426 in
1188 1364 1379 1427 omnes
1402 1373 1679 1444 angustias
1699 1373 1928 1443 cogitur.

553 1456 731 1513 Judtei
751 1460 979 1531 primum
1010 1471 1057 1515 et
1081 1458 1273 1517 Grazci.
1304 1462 1538 1531 (ᾼιῐιιιι.)
1576 1461 1804 1531 Semper
1829 1461 2073 1517 Judaeum

484 1550 765 1621 anteponit
817 1551 1174 1621 prasrogativa
1227 1551 1481 1615 Patrum,
1540 1560 1598 1605 ut
1643 1559 1735 1604 aut
1783 1561 2075 1606 coronetur

480 1640 710 1709 primus,
727 1650 819 1708 aut
840 1642 1155 1707 damnetur;
1178 1643 1304 1711 quia
1324 1643 1553 1699 credens
1569 1653 1789 1714 propter
1800 1644 2072 1699 Abraham

483 1728 929 1798 honoriﬁcentior
973 1740 1083 1797 est,
1113 1730 1361 1799 dillidens
1414 1742 1593 1787 autem
1637 1734 1791 1803 pejus
1834 1742 2075 1788 tractan-

2180 554 2433 608 reddetur
2490 554 2580 608 illa
2635 556 2750 609 sine
2793 555 2956 611 dubio
3007 554 3125 629 qua:
3152 558 3302 624 dicit,
3332 559 3447 621 qu
3503 579 3625 615 sum
3662 564 3762 629 sic,

2176 643 2387 709 veritas,
2424 655 2472 697 et
2507 647 2613 697 vita
2647 643 2826 716 (Joan.
2854 646 2963 716 x1);
2995 645 3243 702 Christus
3281 648 3484 714 autem,
3512 652 3607 720 qui
3655 654 3762 707 vita

2176 740 2377 788 (eterna
2418 742 2525 801 est,
2564 734 2826 789 bonorum
2866 738 3044 792 omnis
3074 747 3158 792 est
3186 738 3483 808 plenitudo.
3516 742 3763 797 Secundo

2178 822 2234 876 in
2268 820 2388 877 loco
2412 830 2684 892 ponuntur
2711 824 2767 878 hi
2816 827 2907 893 qni
2937 840 3005 879 ex
3031 828 3398 892 contentione,
3426 836 3481 881 et
3506 831 3615 898 qui
3637 830 3765 884 didi-

2176 914 2312 968 dunt
2342 915 2560 983 quidem
2588 916 2820 976 veritati,
2844 918 3218 986 obtemperant
3254 927 3435 973 autem
3463 919 3763 988 iniquitati,

2176 1002 2374 1072 quibus
2404 1004 2480 1053 ira
2503 1011 2557 1057 et
2581 1004 2900 1074 indignatio,
2924 1005 3198 1060 tribulatio
3225 1015 3280 1061 et
3311 1009 3559 1078 angustia
3589 1007 3761 1061 immi-

2174 1101 2288 1158 net,
2322 1093 2374 1147 id
2403 1103 2505 1159 est,
2535 1095 2685 1148 omni
2717 1094 2770 1148 in
2800 1109 2886 1149 me
2902 1104 3149 1166 operanti
3179 1098 3407 1162 malum,
3434 1096 3625 1153 Judaeo
3653 1100 3763 1167 pri-

2176 1199 2323 1238 mum
2352 1194 2407 1239 et
2429 1183 2637 1245 Graeco,
2692 1180 2779 1239 his
2820 1192 2998 1240 autem
3046 1185 3251 1240 eisdem
3281 1186 3446 1240 etiam
3497 1188 3759 1241 bonorum

2176 1273 2480 1328 retributio.
2520 1273 2705 1331 Tertio
2733 1274 2785 1328 in
2817 1273 2935 1329 loco
2961 1275 3077 1345 pari
3107 1289 3228 1330 cum
3258 1276 3610 1332 distinctione
3638 1292 3758 1344 pro-

2174 1366 2424 1429 mittitur,
2459 1381 2580 1420 cum
2611 1366 2745 1419 dicit
2775 1384 2787 1419 :
2820 1362 3002 1421 Gloria
3051 1377 3225 1421 autem
3269 1378 3321 1420 et
3362 1369 3553 1422 honor.
3583 1380 3633 1423 et
3658 1387 3754 1440 pas

2174 1456 2314 1510 omni
2328 1457 2562 1526 aperanti
2580 1456 2789 1532 bonum,
2804 1455 2992 1510 Judwo
3012 1458 3235 1526 primum
3256 1456 3505 1511 εισι-(τοο
3527 1476 3546 1511 :
3568 1458 3755 1529 (Orig)

2175 1545 2329 1613 Qtiod
2348 1586 2363 1610 ,
2390 1555 2449 1600 nt
2476 1561 2574 1618 ego
2596 1562 2788 1617 capere
2814 1532 3033 1616 possum
3051 1589 3065 1613 ,
3094 1549 3163 1619 de
3189 1547 3389 1605 Judaeis
3419 1558 3475 1603 et
3513 1551 3754 1610 gentibus

2176 1636 2329 1702 dicit,
2352 1638 2594 1707 utrisque
2614 1638 2852 1711 nondum
2874 1638 3237 1709 credentibus;
3256 1648 3436 1709 potest
3456 1640 3595 1694 enim
3619 1640 3752 1706 ﬁeri,

2176 1736 2237 1782 ut
2265 1727 2348 1782 vel
2374 1743 2442 1783 ex
2479 1728 2600 1792 his,
2640 1727 2729 1796 qui
2761 1728 2815 1780 in
2848 1728 2965 1804 lege
3000 1736 3155 1791 sunt,
3186 1730 3231 1809 si
3257 1716 3381 1798 quis
3402 1730 3753 1809 persuasione

481 1817 581 1872 dus
601 1828 709 1884 est,
734 1820 859 1889 quia
884 1820 1082 1895 donum
1110 1821 1441 1890 promissum
1462 1837 1491 1875 a
1517 1821 1772 1877 Patribus
1794 1822 2069 1877 refutavit.

2176 1814 2391 1885 quidem
2414 1815 2685 1868 communi
2706 1803 2920 1869 Christo
2940 1830 3047 1871 non
3070 1803 3263 1880 credit,
3277 1808 3534 1886 operetur
3553 1826 3758 1872 tantum

552 1906 734 1962 Gloria
758 1918 933 1979 autem
953 1919 1000 1963 et
1022 1910 1190 1979 honor
1211 1920 1258 1965 et
1283 1928 1412 1981 pax,
1436 1912 1579 1966 omni
1603 1913 1835 1982 aperanti
1857 1913 2069 1976 bonum,

478 1993 671 2050 Iudaeo
699 1998 928 2067 primum
955 1996 1238 2069 etCrwco.
1292 1999 1574 2067 Quomodo
1625 1998 1918 2070 incredulis
1963 2002 2071 2065 tria

478 2086 712 2154 poenalia
742 2086 943 2163 posuit,
986 2088 1066 2142 sic
1114 2096 1169 2143 et
1215 2088 1465 2157 ﬁdelibus
1518 2090 1622 2143 tria
1668 2088 1976 2160 magniﬁca,
2008 2098 2073 2159 ιιι

478 2174 736 2229 honorem
791 2175 1026 2231 habeant
1064 2178 1362 2248 geminum,
1409 2180 1565 2248 quasi
1612 2178 1706 2233 lilii
1748 2177 1864 2248 Dei,
1900 2177 2070 2248 gloria

480 2274 664 2320 autem
690 2267 763 2345 sit
788 2276 897 2337 pro
918 2269 1313 2335 immutatione,
1350 2284 1455 2339 pax
1481 2286 1631 2336 vero,
1663 2285 1727 2325 eo
1762 2270 1905 2339 quod
1933 2271 2071 2324 bene

483 2353 727 2409 viventes
754 2356 925 2425 quieti
955 2366 1117 2412 erunt
1165 2358 1219 2415 in
1264 2348 1447 2413 futuro
1478 2359 1621 2412 nulla
1661 2360 2070 2430 perturbatione

480 2442 760 2508 commoti,
814 2444 1033 2516 quippe,
1064 2447 1190 2513 quia
1230 2448 1407 2501 omnis
1430 2448 1595 2521 homo
1629 2463 1657 2501 a
1684 2450 1976 2505 contrariis
2009 2440 2069 2505 se

479 2532 762 2594 abstinens
789 2535 931 2605 apud
959 2532 1203 2614 iudicem
1236 2537 1400 2592 habet
1426 2553 1636 2612 pacem.

550 2620 676 2678 Non
728 2628 865 2694 enim
911 2642 1252 2705 personarum
1304 2630 1535 2706 acceptio
1578 2614 1652 2683 est
1703 2630 1842 2701 apud
1876 2630 2063 2687 Deum.

477 2711 745 2780 Quoniam
775 2702 1015 2771 ostendit
1040 2716 1284 2791 Judaeum
1314 2719 1428 2773 sive
1444 2702 1704 2773 'Grzecum
1735 2736 1841 2774 non
1866 2722 2067 2789 despici

478 2820 506 2861 a
537 2806 671 2871 Deo,
704 2808 750 2862 si
787 2816 966 2881 tamen
1011 2810 1211 2880 credat,
1234 2809 1287 2861 in
1320 2808 1621 2873 Christum,
1655 2810 1751 2864 sed
1788 2820 2067 2880 acceptam

479 2896 595 2953 ﬁeri
622 2900 883 2955 ambobus
898 2900 1164 2974 justitiam
1197 2898 1349 2965 ﬁdei,
1380 2900 1459 2955 sic
1482 2900 1678 2954 iterum
1707 2914 1813 2955 non
1844 2904 2069 2957 creden-

480 2996 561 3044 tcs
590 2991 793 3057 pariter
820 3005 945 3045 reos
972 3005 1115 3055 esse,
1142 2991 1270 3059 quia
1312 2991 1482 3060 magis
1522 2991 1698 3045 oberit
1726 2990 2069 3046 circumcisio

484 3080 595 3135 sine
625 3082 752 3146 (ide,
779 3089 834 3135 et
877 3081 1119 3149 proderit
1150 3080 1469 3149 praeputium
1513 3096 1609 3150 per
1665 3080 1846 3144 iidem,
1880 3096 1943 3136 ac
1968 3096 2067 3150 per

483 3173 580 3226 hoc
603 3172 760 3226 docet
797 3186 1153 3240 personarum
1203 3179 1542 3260 acceptorem
1584 3172 1752 3225 Deum
1783 3186 1890 3225 non
1920 3186 2061 3225 esse.
2093 3141 2139 3205 Ο

481 3260 587 3317 Nec
610 3263 753 3317 enim
775 3262 1185 3331 prmrogativam
1214 3263 1428 3330 generis
1450 3262 1713 3330 sequitur,
1730 3271 1788 3317 ut
1804 3264 2069 3333 suscipiat

480 3368 641 3414 causa
672 3353 897 3406 Patrum
946 3350 1292 3416 diﬂidentem,
1325 3359 1417 3405 aut
1448 3353 1669 3424 aljiciat
1694 3368 1724 3407 a
1754 3368 1815 3408 se
1849 3363 2069 3423 propter

480 3443 851 3513 indignitatem
898 3452 1179 3516 parentum
1226 3443 1556 3508 credentem,
1589 3446 1679 3499 sed
1708 3460 2068 3515 unumquem-

479 3549 581 3604 que
606 3535 823 3604 proprio
850 3533 1042 3587 merito
1070 3542 1162 3587 aut
1215 3541 1541 3596 remunerat,
1580 3542 1671 3587 aut
1719 3535 2062 3590 condemnat.

478 3606 612 3678 Tres
639 3632 818 3676 tamen
857 3622 989 3675 mihi
1016 3623 1117 3683 hoc
1143 3622 1195 3674 in
1219 3621 1337 3676 loco
1363 3621 1581 3676 ordines
1616 3621 1810 3678 fecisse
1851 3624 2068 3677 videtur

477 3713 798 3782 Apostolus;
849 3712 1026 3783 primo
1059 3712 1200 3766 enim
1229 3712 1359 3786 dicit
1403 3712 1467 3789 de
1496 3713 1599 3777 his,
1631 3714 1722 3783 qui
1767 3715 2066 3769 secundum

478 3804 797 3874 patientiam
825 3804 949 3858 boni
973 3804 1151 3874 operis
1173 3803 1397 3873 gloriam
1428 3812 1482 3857 et
1504 3805 1781 3871 honorem,
1809 3815 1863 3861 et
1881 3808 2067 3870 incor-

482 3895 790 3963 ruptionem
834 3902 1103 3962 quaerunt,
1144 3893 1284 3962 quod
1317 3893 1446 3965 ipsis
1485 3895 1671 3965 reddet
1717 3896 1859 3949 Deus
1896 3896 2067 3950 vitam

481 3994 775 4041 tetcrnam:
810 3986 1125 4054 patientiam
1152 3992 1329 4037 autem
1348 3984 1475 4054 boni
1506 3986 1686 4054 operis
1715 3986 1768 4039 in
1802 3986 1907 4040 illis
1936 4002 2065 4041 esse

480 4081 689 4129 certum
716 4082 821 4137 est,
852 4074 943 4141 qui
986 4088 1184 4143 agones
1210 4081 1265 4139 et
1289 4073 1583 4125 certamina
1624 4074 1901 4142 perferunt
1947 4077 2066 4144 pie-

481 4165 624 4227 tatis,
650 4165 791 4234 quod
822 4178 983 4232 supra
1028 4163 1375 4230 exposuimus
1400 4163 1677 4217 evidenter
1703 4164 1768 4217 de
1797 4164 2069 4223 Christia—

482 4271 568 4308 nis
594 4235 893 4322 dici,apud
924 4267 1058 4323 quos
1086 4260 1348 4320 martyres
1377 4250 1528 4315 fiunt,
1558 4253 1854 4321 probantur
1880 4240 2068 4310 autum

481 4345 643 4399 etiam
678 4359 774 4411 per
800 4345 926 4406 hoc,
958 4343 1097 4409 quod
1128 4342 1382 4397 Dominus
1403 4343 1534 4397 dicit
1560 4345 1625 4399 ad
1654 4345 1944 4412 apostolos,
1969 4349 2068 4415 qui

2172 1904 2314 1974 quod
2338 1904 2535 1958 bonum
2561 1912 2663 1965 est,
2686 1902 2952 1972 justitiam
2984 1908 3184 1967 teneat,
3210 1907 3639 1961 misericordiam
3672 1907 3755 1961 dio

2171 1992 2320 2061 ligat,
2357 1993 2664 2048 castitatem
2689 2002 2744 2047 et
2771 1995 3155 2049 continentiam
3200 2008 3399 2057 servet,
3433 1996 3755 2052 modestiam

2170 2080 2553 2153 lenitatemque
2573 2085 2863 2138 custodiat.
2889 2093 3051 2153 atque
3070 2100 3231 2140 omne
3256 2101 3392 2151 opus
3412 2086 3609 2141 bonum
3631 2102 3757 2154 ope-

2172 2182 2345 2235 retur,
2372 2178 2480 2236 mc,
2522 2173 2742 2226 etiamsi
2796 2174 2963 2227 vitam
2985 2188 3092 2227 non
3114 2175 3279 2229 habet
3305 2184 3588 2241 aeternam,
3614 2176 3755 2245 quod

2170 2266 2396 2317 credens
2421 2263 2517 2318 soli
2550 2278 2677 2318 vero
2696 2264 2841 2329 Deo,
2866 2279 2970 2319 non
2998 2265 3230 2326 credidit
3249 2274 3301 2320 et
3324 2264 3463 2323 Filio
3489 2266 3606 2338 ejus
3628 2265 3752 2321 Iesu

2170 2352 2407 2420 Christo,
2460 2370 2620 2424 quem
2672 2357 2845 2422 misit;
2872 2365 3049 2411 tamen
3082 2364 3306 2427 operum
3341 2357 3512 2428 gloria
3536 2356 3682 2426 ejus,
3704 2367 3754 2414 et

2171 2446 2361 2511 honor,
2387 2454 2556 2515 etpax
2581 2447 2779 2516 poterit
2806 2462 2911 2501 non
2927 2448 3122 2517 perire.
3144 2447 3249 2502 Sed
3278 2447 3590 2506 etGraacns.
3606 2450 3753 2503 idest

2171 2537 2402 2607 gentilis,
2435 2538 2479 2591 si
2510 2554 2631 2592 cum
2664 2538 2834 2609 legem
2866 2552 2971 2591 non
2999 2540 3226 2603 habent,
3256 2540 3369 2609 ipse
3411 2537 3519 2594 sibi
3535 2549 3618 2594 est
3646 2540 3747 2605 lex,

2172 2626 2466 2680 ostendens
2489 2618 2624 2695 opus
2651 2626 2783 2698 legis
2813 2627 2867 2681 in
2894 2628 3055 2682 corde
3081 2643 3179 2682 suo
3204 2638 3260 2683 et
3286 2630 3520 2685 naturali
3544 2630 3749 2685 ratione

2170 2715 2423 2770 immotus
2446 2715 2621 2786 (Rom.
2642 2717 2774 2781 xw),
2799 2718 3193 2773 sicutvidemus
3222 2719 3510 2774 nonnullos
3536 2720 3591 2775 ii.
3618 2737 3748 2792 gen—

2170 2805 2334 2869 tibus,
2366 2804 2450 2860 vel
2474 2806 2739 2876 justitiam
2774 2814 2971 2871 teneat,
2993 2812 3080 2860 vet
3108 2808 3414 2885 castitatem
3442 2822 3643 2885 servet,
3671 2810 3749 2865 vel

2169 2898 2530 2967 prudentiam,
2555 2900 2990 2968 temperantiam,
3006 2884 3434 2979 modestiamque
3446 2888 3745 2983 custodiat;

2170 2988 2274 3043 iste
2300 2988 2427 3043 licet
2454 2989 2661 3043 alienus
2700 3005 2732 3043 a
2759 2989 2871 3043 vita
2915 2988 3164 3044 videatur
3191 2972 3421 3057 aeterna,
3446 2970 3598 3066 “quia
3648 3010 3747 3048 non

2170 3079 2343 3134 credit
2397 3078 2632 3144 Christo,
2664 3086 2741 3134 ret
2813 3080 3018 3135 intrare
3085 3096 3193 3135 non
3231 3082 3407 3157 possit
3441 3082 3497 3135 in
3528 3069 3747 3153 regnum

2171 3170 2451 3234 cmlorum,
2479 3171 2605 3241 quia
2628 3178 2845 3225 renatus
2868 3185 2973 3226 non
2997 3177 3081 3225 est
3102 3160 3328 3240 ex’aqua
3350 3181 3404 3225 et
3428 3171 3656 3249 Spiritu,
3674 3175 3749 3227 vi-

2172 3262 2328 3317 detur
2344 3260 2485 3329 quod
2506 3276 2603 3329 per
2632 3262 2747 3315 haec
2773 3277 2893 3331 qua:
2922 3250 3175 3315 dicuntur
3195 3261 3264 3315 ab
3282 3250 3568 3344 ᾼροξιὸῐὸ,
3586 3258 3749 3339 bono-

2171 3364 2290 3403 rum
2324 3362 2546 3418 operum
2575 3350 2799 3421 gloriam
2825 3359 2880 3405 et
2917 3351 3287 3412 honorem,»et
3311 3366 3503 3421 pacem
3532 3354 3748 3423 perdere

2169 3440 2384 3508 penitus
2400 3454 2503 3493 non
2525 3440 2712 3508 possit.
2738 3441 2793 3495 Si
2814 3442 2956 3496 enim
2976 3442 3267 3497 secundum
3292 3459 3356 3498 ea
3379 3430 3501 3514 quae
3524 3447 3578 3499 in
3602 3462 3750 3516 sape»

2170 3530 2403 3585 tioribus
2440 3516 2810 3593 disseruimus,
2842 3520 3052 3587 videtur
3076 3533 3368 3603 Apostolus
3390 3538 3748 3593 condemnare

2152 3620 2394 3690 gentiles
2416 3637 2482 3675 ex
2503 3636 2567 3676 co
2590 3625 2732 3691 quod
2756 3621 2986 3676 naturali
3015 3622 3367 3707 intelligentia
3407 3641 3535 3679 cum
3559 3642 3750 3696 cogno-

2170 3713 2374 3777 vissent
2402 3715 2588 3779 Deum,
2616 3729 2720 3767 non
2752 3715 2896 3768 sicut
2914 3714 3081 3767 Deum
3106 3714 3752 3785 magniﬁcaverunt,qtto-

2170 3803 2332 3857 modo
2370 3812 2755 3873 nonputamus
2790 3804 2929 3875 quod
2967 3804 3129 3857 etiam
3159 3804 3469 3858 collaudare
3506 3821 3599 3859 eos
3630 3822 3750 3874 pos-

2170 3893 2241 3947 sit
2264 3902 2320 3945 et
2339 3892 2551 3955 debeat,
2577 3892 2622 3945 si
2644 3894 2733 3960 qui
2765 3893 2816 3944 in
2844 3892 2927 3945 his
2948 3901 3333 3962 cognoscentes
3356 3894 3521 3947 Deum
3548 3896 3750 3963 magni-

2171 3982 2368 4037 ﬁcent?
2389 3982 2632 4037 Dubitari
2657 3982 2817 4051 igitur
2840 3967 2957 4035 'non
2986 3990 3116 4052 puto
3141 3985 3283 4051 quod
3305 3984 3352 4037 is
3374 3985 3468 4052 qui
3488 4001 3586 4054 pro
3612 3986 3749 4040 malo

2169 4088 2333 4142 Opere
2361 4072 2707 4126 condemnari
2740 4074 3044 4137 meruisset,
3082 4074 3126 4125 si
3161 4084 3417 4141 operatus
3441 4086 3585 4129 esset
3617 4090 3749 4145 opus

2169 4145 2393 4228 bonum,
2416 4164 2848 4226 remuneratione
2866 4160 2990 4215 boni
3015 4164 3197 4231 operis
3216 4162 3414 4233 dignus
3435 4164 3743 4219 haberetur.

2172 4240 2332 4307 Vides
2354 4254 2495 4308 enim
2520 4254 2785 4307 dicentem
2809 4253 3120 4322 Apostolnni
3143 4244 3271 4321 quia
3291 4244 3469 4307 amnes
3492 4271 3586 4308 nos
3611 4267 3747 4309 stare

2172 4354 2366 4413 oportet
2398 4332 2517 4398 ante
2541 4344 2771 4398 tribunal
2796 4326 3014 4409 Christi,
3045 4356 3100 4399 ut
3132 4330 3353 4416 reportet
3398 4349 3747 4417 unusquisque

480 4433 865 4486 tribulationem
885 4431 1085 4484 habetis
1108 4432 1159 4484 in
1187 4432 1282 4483 hoc
1306 4433 1519 4494 mundo,
1543 4443 1610 4496 et,
1634 4436 1858 4491 mundus
1883 4449 2070 4505 gratu-
2098 4475 2152 4534 Β
2173 4435 2383 4502 propria
2407 4435 2658 4502 corporis,
2689 4444 2840 4502 prout
2863 4436 3037 4503 gessit,
3076 4437 3182 4489 sive
3206 4436 3395 4491 bonum
3421 4438 3528 4490 sive
3551 4439 3744 4490 malum

479 4520 697 4586 labitur,
737 4536 827 4573 vos
877 4530 1049 4573 autem
1086 4520 1315 4589 legebitis
1345 4519 1524 4589 (Joan.
1583 4527 1716 4593 xvi),
1754 4533 1809 4578 et
1860 4525 2071 4581 addidit.

478 4623 599 4681 post
624 4627 816 4680 pauca,
855 4613 910 4663 in
954 4620 1119 4663 vestra
1172 4611 1421 4680 patientia
1475 4604 1800 4681 possidebitis
1856 4616 2061 4667 animas

479 4711 694 4754 vestras.
724 4699 1153 4754 Christianorum
1192 4714 1318 4767 ergo
1365 4709 1448 4775 est
1499 4717 1807 4769 pressuram
1860 4707 1968 4773 pati
2006 4707 2058 4761 in

482 4790 585 4845 hoc
625 4790 840 4853 smculo,
867 4800 922 4845 et
949 4778 1177 4859 .lugere,
1219 4804 1445 4858 quorum
1479 4801 1559 4844 cst
1602 4790 1709 4845 vita
1740 4804 1962 4848 :eterna.
1993 4790 2059 4850 Et

482 4880 563 4933 vis
592 4880 749 4938 scire,
774 4880 918 4945 quod
950 4866 1143 4932 nullius
1170 4888 1252 4933 est
1283 4879 1389 4932 vita
1415 4887 1632 4942 :rterna,
1668 4881 1771 4934 nisi
1799 4882 1916 4950 ejus
1966 4884 2056 4951 qui

482 4968 655 5021 credit
692 4967 745 5020 in
792 4958 1087 5040 Christum,
1130 4970 1252 5023 andi
1308 4968 1603 5023 Salvatoris
1648 4966 1829 5040 ipsius
1868 4966 2057 5027 vocem

480 5058 757 5113 evidenter
796 5059 846 5111 in
890 5050 1199 5127 ‘Evaugc'ils
1235 5056 1645 5128 designantem:
1681 5052 1808 5115 Ila’c
1848 5073 1923 5116 est
1960 5080 2057 5117 au-

482 5157 582 5201 tem
606 5150 707 5201 vita
737 5158 953 5210 (eterna,
983 5144 1041 5199 ut
1070 5134 1379 5224 cognoscant
1404 5158 1451 5202 te
1479 5138 1646 5203 solum
1672 5167 1843 5204 verum
1864 5147 2055 5218 Deum,

481 5246 529 5289 et
559 5252 712 5305 quem
738 5236 926 5289 misisti
950 5234 1132 5288 Iesum
1174 5234 1441 5289 Christum
1468 5238 1645 5305 (Joan.
1674 5242 1829 5311 xvn).
1869 5242 2057 5297 Onmis

481 5338 627 5395 ergo,
661 5326 750 5392 qui
786 5341 891 5379 non
919 5322 1136 5394 agnovit
1161 5315 1373 5380 Patrem
1404 5326 1572 5380 solum
1596 5368 1609 5392 ,
1640 5318 1915 5383 et‘Filium'
1942 5330 2058 5398 ejus

480 5412 665 5469 Jesum
687 5414 981 5478 Christum,
1011 5408 1216 5470 alienus
1246 5400 1423 5470 est'ab‘
1444 5410 1741 5473 tetérnitate
1768 5416 1909 5483 vitat,
1939 5416 2057 5476 haec

482 5513 565 5559 est
587 5506 729 5559 cnim
762 5504 882 5574 ipsa
927 5504 1148 5573 agnitio,
1166 5495 1233 5561 ’ἐι
1282 5504 1413 5561 tides
1450 5506 1557 5561 vita
1586 5524 1703 5563 esse
1746 5511 2059 5580 designatur

482 5600 702 5647 aeterna.
730 5593 822 5647 Est
844 5594 1005 5663 igitur
1026 5593 1286 5662 plurimus
1314 5596 1402 5650 hic
1430 5596 1855 5653 Christianorum
1882 5601 2052 5667 locus,

484 5674 676 5753 Quibus
702 5698 798 5752 per
822 5685 1137 5745 patientiam
1172 5684 1292 5739 boni
1320 5687 1515 5752 operis,
1547 5687 1770 5755 gloriam
1807 5701 1862 5745 et
1886 5692 2055 5749 hono-

2175 4522 2259 4594 (11
2287 4523 2505 4593 Conv).
2537 4523 2663 4577 Inde
2704 4524 2935 4594 denique
2979 4535 3064 4579 est
3086 4527 3230 4595 quod
3271 4536 3325 4581 et
3378 4528 3429 4581 in
3486 4527 3586 4581 hoc
3633 4528 3744 4582 loco

2172 4614 2464 4683 subjungit,
2490 4630 2590 4667 non
2630 4616 2765 4673 enim
2799 4607 3139 4684 personarum
3203 4618 3432 4687 acceptio
3480 4630 3554 4670 est
3608 4620 3743 4687 apud

2168 4705 2357 4758 Deum.
2399 4704 2549 4770 Quod
2598 4704 2639 4757 si
2691 4705 2862 4758 adhuc
2902 4705 2995 4759 tibi
3024 4705 3242 4759 dubium
3289 4706 3667 4770 videtur,_audi
3693 4717 3743 4761 et

2172 4797 2363 4851 Petrus
2384 4798 2507 4865 quid
2540 4798 2590 4850 in
2618 4796 2839 4851 Actibus
2864 4796 3228 4865 apostolorum
3260 4800 3591 4867 pronuntiet,
3623 4815 3741 4854 cum

2174 4888 2239 4940 ad
2265 4888 2513 4963 gentilem
2534 4887 2836 4943 Cornelium
2856 4887 3049 4965 fuisset
3072 4882 3375 4959 ingressus:
3392 4888 3741 4960 Compertum,

2176 4978 2369 5045 inquit,
2393 4979 2575 5037 habeo,
2605 4978 2743 5048 quod
2786 4979 2922 5031 Deus
2968 4995 3306 5047 personarum
3350 4992 3586 5050 acceptor
3642 4998 3741 5035 non

2164 5077 2270 5129 est,
2295 5068 2383 5119 sed
2409 5069 2463 5120 in
2490 5070 2629 5120 omni
2660 5068 2797 5137 loco,
2824 5078 2871 5121 et
2898 5070 2952 5121 in
2980 5071 3120 5122 omni
3154 5080 3324 5139 gente,
3480 5072 3606 5155 facit
3655 5089 3741 5126 so-

2164 5154 2423 5209 limtatem
2452 5158 2588 5226 ejus,
2617 5168 2855 5227 acceptus
2880 5168 2955 5212 est
2983 5160 3029 5214 ei
3051 5160 3189 5233 (Act.
3221 5163 3298 5234 x).
3328 5162 3433 5233 Sed
3459 5154 3616 5230 Objici
3654 5178 3741 5217 no-

2164 5244 2257 5301 bis
2286 5252 2459 5313 potest
2489 5245 2614 5299 illud
2649 5247 2792 5314 quod
2836 5240 3093 5303 Dominus
3147 5250 3201 5303 in
3246 5241 3533 5320 Evangelia
3560 5252 3737 5306 dicit:

2168 5321 2358 5389 Omnis
2372 5338 2460 5405 qui
2484 5337 2642 5389 credit
2656 5338 2710 5389 in
2725 5353 2804 5391 me
2822 5353 2927 5391 non
2942 5339 3301 5408 judicabitur;
3323 5344 3413 5413 qui
3437 5356 3608 5395 autem
3638 5358 3738 5399 non

2163 5416 2356 5487 credit,
2388 5423 2500 5493 jam
2527 5426 2789 5495 judicatus
2814 5437 2909 5495 est,
2935 5432 3057 5499 quia
3085 5448 3188 5486 non
3217 5422 3382 5485 credii
3429 5434 3484 5485 in
3536 5419 3739 5487 nomine

2108 5558 2119 5565 κ
2162 5515 2424 5583 unigeniti
2448 5512 2571 5569 Filii
2590 5516 2686 5569 Dei
2707 5514 2889 5587 (Joan'.
2917 5520 3020 5592 ιιι).
3048 5508 3151 5577 sed
3175 5523 3456 5579 videamus
3475 5526 3737 5595 quomodo

2162 5620 2276 5659 non
2292 5604 2598 5673 judicamur
2615 5607 2707 5687 qui
2724 5609 2994 5693 credimtls
3016 5612 3249 5677 Christo,
3276 5623 3335 5667 ut
3358 5616 3586 5669 sciamus
3608 5630 3712 5685 quo

2163 5694 2329 5747 modo
2356 5702 2411 5748 ct
2431 5694 2801 5763 illejudicatus
2822 5699 2910 5765 sit,
2935 5702 3023 5769 qui
3056 5716 3158 5755 non
3186 5705 3730 5776 credidit._Nntiqttid-
