  <div class='ocr_page' id='page_1' title='image "/cluster/home/n/w/nwhite01/storage/ocr_20150623/111/uva.x000827067/666.png"; bbox 0 0 3960 6332; ppageno 0'>
   <div class='ocr_carea' id='block_1_1' title="bbox 194 361 337 419">
    <p class='ocr_par' dir='ltr' id='par_1_1' title="bbox 194 361 337 419">
     <span class='ocr_line' id='line_1_1' title="bbox 194 361 337 419; baseline -0.007 -3"><span class='ocrx_word' id='word_1_1' title='bbox 194 361 337 419; x_wconf 76' lang='grc'><strong>1317</strong></span> 
     </span>
    </p>
   </div>
   <div class='ocr_carea' id='block_1_2' title="bbox 760 352 2891 420">
    <p class='ocr_par' dir='ltr' id='par_1_2' title="bbox 760 352 2891 420">
     <span class='ocr_line' id='line_1_2' title="bbox 760 352 2891 420; baseline -0.001 -5"><span class='ocrx_word' id='word_1_2' title='bbox 760 360 1305 420; x_wconf 80' lang='lat' dir='ltr'><strong>ENARRATIONUM</strong></span> <span class='ocrx_word' id='word_1_3' title='bbox 1342 359 1413 417; x_wconf 85' lang='lat' dir='ltr'><strong>IN</strong></span> <span class='ocrx_word' id='word_1_4' title='bbox 1450 360 1598 417; x_wconf 84' lang='lat' dir='ltr'><strong>EPP.</strong></span> <span class='ocrx_word' id='word_1_5' title='bbox 1639 352 1846 418; x_wconf 81' lang='lat' dir='ltr'><strong>PAULI</strong></span> <span class='ocrx_word' id='word_1_6' title='bbox 1884 359 2010 416; x_wconf 86' lang='lat' dir='ltr'><strong>LIB.</strong></span> <span class='ocrx_word' id='word_1_7' title='bbox 2052 359 2092 415; x_wconf 88' lang='lat' dir='ltr'><strong>l.</strong></span> <span class='ocrx_word' id='word_1_8' title='bbox 2134 390 2204 401; x_wconf 95' lang='lat'><strong>—</strong></span> <span class='ocrx_word' id='word_1_9' title='bbox 2237 358 2305 417; x_wconf 83' lang='lat' dir='ltr'><strong>IN</strong></span> <span class='ocrx_word' id='word_1_10' title='bbox 2337 352 2553 417; x_wconf 82' lang='lat' dir='ltr'><strong>EPIST.</strong></span> <span class='ocrx_word' id='word_1_11' title='bbox 2595 360 2688 417; x_wconf 80' lang='lat' dir='ltr'><strong>AD</strong></span> <span class='ocrx_word' id='word_1_12' title='bbox 2723 356 2891 417; x_wconf 80' lang='lat' dir='ltr'><strong>ROM.</strong></span> 
     </span>
    </p>
   </div>
   <div class='ocr_carea' id='block_1_3' title="bbox 3299 359 3435 415">
    <p class='ocr_par' dir='ltr' id='par_1_3' title="bbox 3299 359 3435 415">
     <span class='ocr_line' id='line_1_3' title="bbox 3299 359 3435 415; baseline 0.007 -1"><span class='ocrx_word' id='word_1_13' title='bbox 3299 359 3435 415; x_wconf 71' lang='lat' dir='ltr'><strong>i518</strong></span> 
     </span>
    </p>
   </div>
   <div class='ocr_carea' id='block_1_4' title="bbox 192 472 3442 548">
    <p class='ocr_par' dir='ltr' id='par_1_4' title="bbox 192 472 3442 548">
     <span class='ocr_line' id='line_1_4' title="bbox 192 472 3442 548; baseline 0.002 -20"><span class='ocrx_word' id='word_1_14' title='bbox 192 488 323 534; x_wconf 81' lang='lat' dir='ltr'><strong>nam</strong></span> <span class='ocrx_word' id='word_1_15' title='bbox 350 478 629 541; x_wconf 86' lang='lat' dir='ltr'><strong>putamus,</strong></span> <span class='ocrx_word' id='word_1_16' title='bbox 660 472 752 542; x_wconf 87' lang='lat' dir='ltr'><strong>qui</strong></span> <span class='ocrx_word' id='word_1_17' title='bbox 783 473 1140 535; x_wconf 85' lang='lat' dir='ltr'><strong>credideritin</strong></span> <span class='ocrx_word' id='word_1_18' title='bbox 1170 473 1406 539; x_wconf 82' lang='lat' dir='ltr'><strong>Christo,</strong></span> <span class='ocrx_word' id='word_1_19' title='bbox 1434 484 1487 547; x_wconf 79' lang='lat' dir='ltr'><strong>et</strong></span> <span class='ocrx_word' id='word_1_20' title='bbox 1514 485 1634 545; x_wconf 91' lang='lat' dir='ltr'><strong>post</strong></span> <span class='ocrx_word' id='word_1_21' title='bbox 1665 475 1770 530; x_wconf 87' lang='lat' dir='ltr'><strong>hoc</strong></span> <span class='ocrx_word' id='word_1_22' title='bbox 1796 480 1847 539; x_wconf 73' lang='grc' dir='ltr'><strong>Α</strong></span> <span class='ocrx_word' id='word_1_23' title='bbox 1869 476 2006 531; x_wconf 72' lang='grc' dir='ltr'><strong>νὲηω</strong></span> <span class='ocrx_word' id='word_1_24' title='bbox 2038 475 2297 530; x_wconf 77' lang='lat' dir='ltr'><strong>bonitatis</strong></span> <span class='ocrx_word' id='word_1_25' title='bbox 2336 476 2426 531; x_wconf 86' lang='lat' dir='ltr'><strong>hic</strong></span> <span class='ocrx_word' id='word_1_26' title='bbox 2458 476 2640 543; x_wconf 88' lang='lat' dir='ltr'><strong>lateat,</strong></span> <span class='ocrx_word' id='word_1_27' title='bbox 2702 493 2863 548; x_wconf 90' lang='lat' dir='ltr'><strong>quam</strong></span> <span class='ocrx_word' id='word_1_28' title='bbox 2907 491 3120 547; x_wconf 82' lang='lat' dir='ltr'><strong>semper</strong></span> <span class='ocrx_word' id='word_1_29' title='bbox 3162 476 3442 533; x_wconf 72' lang='lat' dir='ltr'><strong>abscondit</strong></span> 
     </span>
    </p>
   </div>
   <div class='ocr_carea' id='block_1_5' title="bbox 193 564 1767 637">
    <p class='ocr_par' dir='ltr' id='par_1_5' title="bbox 193 564 1767 637">
     <span class='ocr_line' id='line_1_5' title="bbox 193 564 1767 637; baseline -0.002 -14"><span class='ocrx_word' id='word_1_30' title='bbox 193 564 545 624; x_wconf 85' lang='lat' dir='ltr'><strong>homicidium</strong></span> <span class='ocrx_word' id='word_1_31' title='bbox 579 566 660 623; x_wconf 69' lang='lat' dir='ltr'><strong>rel</strong></span> <span class='ocrx_word' id='word_1_32' title='bbox 700 567 1022 625; x_wconf 91' lang='lat' dir='ltr'><strong>adulterium</strong></span> <span class='ocrx_word' id='word_1_33' title='bbox 1050 568 1401 633; x_wconf 85' lang='lat' dir='ltr'><strong>commiserit,</strong></span> <span class='ocrx_word' id='word_1_34' title='bbox 1451 578 1547 637; x_wconf 74' lang='lat' dir='ltr'><strong>aut</strong></span> <span class='ocrx_word' id='word_1_35' title='bbox 1574 568 1767 633; x_wconf 78' lang='lat' dir='ltr'><strong>falsum</strong></span> 
     </span>
    </p>
   </div>
   <div class='ocr_carea' id='block_1_6' title="bbox 199 655 1768 729">
    <p class='ocr_par' dir='ltr' id='par_1_6' title="bbox 199 655 1768 729">
     <span class='ocr_line' id='line_1_6' title="bbox 199 655 1768 729; baseline 0 -17"><span class='ocrx_word' id='word_1_36' title='bbox 199 655 563 712; x_wconf 83' lang='lat' dir='ltr'><strong>testimonium</strong></span> <span class='ocrx_word' id='word_1_37' title='bbox 592 656 812 722; x_wconf 83' lang='lat' dir='ltr'><strong>dixerit,</strong></span> <span class='ocrx_word' id='word_1_38' title='bbox 842 668 934 721; x_wconf 75' lang='lat' dir='ltr'><strong>aut</strong></span> <span class='ocrx_word' id='word_1_39' title='bbox 964 658 1164 728; x_wconf 83' lang='lat' dir='ltr'><strong>aliquid</strong></span> <span class='ocrx_word' id='word_1_40' title='bbox 1189 660 1495 726; x_wconf 75' lang='lat' dir='ltr'><strong>huiusmodi</strong></span> <span class='ocrx_word' id='word_1_41' title='bbox 1522 658 1768 729; x_wconf 77' lang='lat' dir='ltr'><strong>gesserit,</strong></span> 
     </span>
    </p>
   </div>
   <div class='ocr_carea' id='block_1_7' title="bbox 198 747 1767 816">
    <p class='ocr_par' dir='ltr' id='par_1_7' title="bbox 198 747 1767 816">
     <span class='ocr_line' id='line_1_7' title="bbox 198 747 1767 816; baseline 0.001 -17"><span class='ocrx_word' id='word_1_42' title='bbox 198 761 319 815; x_wconf 68' lang='lat' dir='ltr'><strong>quae</strong></span> <span class='ocrx_word' id='word_1_43' title='bbox 353 760 733 816; x_wconf 81' lang='lat' dir='ltr'><strong>nonnunquam</strong></span> <span class='ocrx_word' id='word_1_44' title='bbox 760 747 1004 805; x_wconf 85' lang='lat' dir='ltr'><strong>videmus</strong></span> <span class='ocrx_word' id='word_1_45' title='bbox 1049 749 1333 814; x_wconf 75' lang='lat' dir='ltr'><strong>admittere</strong></span> <span class='ocrx_word' id='word_1_46' title='bbox 1370 749 1535 815; x_wconf 82' lang='lat' dir='ltr'><strong>etiam</strong></span> <span class='ocrx_word' id='word_1_47' title='bbox 1563 747 1767 811; x_wconf 78' lang='lat' dir='ltr'><strong>ﬁdeles,</strong></span> 
     </span>
    </p>
   </div>
   <div class='ocr_carea' id='block_1_8' title="bbox 197 836 1764 906">
    <p class='ocr_par' dir='ltr' id='par_1_8' title="bbox 197 836 1764 906">
     <span class='ocr_line' id='line_1_8' title="bbox 197 836 1764 906; baseline 0.001 -17"><span class='ocrx_word' id='word_1_48' title='bbox 197 836 323 905; x_wconf 86' lang='lat' dir='ltr'><strong>quia</strong></span> <span class='ocrx_word' id='word_1_49' title='bbox 340 850 437 906; x_wconf 89' lang='lat' dir='ltr'><strong>pro</strong></span> <span class='ocrx_word' id='word_1_50' title='bbox 457 836 541 890; x_wconf 89' lang='lat' dir='ltr'><strong>his</strong></span> <span class='ocrx_word' id='word_1_51' title='bbox 555 837 667 906; x_wconf 87' lang='lat' dir='ltr'><strong>jam</strong></span> <span class='ocrx_word' id='word_1_52' title='bbox 694 837 1157 906; x_wconf 88' lang='lat' dir='ltr'><strong>nonjudicabitur,</strong></span> <span class='ocrx_word' id='word_1_53' title='bbox 1184 839 1275 906; x_wconf 89' lang='lat' dir='ltr'><strong>qui</strong></span> <span class='ocrx_word' id='word_1_54' title='bbox 1298 839 1526 893; x_wconf 87' lang='lat' dir='ltr'><strong>credidit</strong></span> <span class='ocrx_word' id='word_1_55' title='bbox 1540 839 1593 892; x_wconf 94' lang='lat' dir='ltr'><strong>in</strong></span> <span class='ocrx_word' id='word_1_56' title='bbox 1609 836 1764 892; x_wconf 88' lang='lat' dir='ltr'><strong>Chri-</strong></span> 
     </span>
    </p>
   </div>
   <div class='ocr_carea' id='block_1_9' title="bbox 199 924 1774 996">
    <p class='ocr_par' dir='ltr' id='par_1_9' title="bbox 199 924 1774 996">
     <span class='ocr_line' id='line_1_9' title="bbox 199 924 1774 996; baseline 0.001 -17"><span class='ocrx_word' id='word_1_57' title='bbox 199 925 323 984; x_wconf 81' lang='lat' dir='ltr'><strong>sto?</strong></span> <span class='ocrx_word' id='word_1_58' title='bbox 359 924 581 984; x_wconf 75' lang='lat' dir='ltr'><strong>Certum</strong></span> <span class='ocrx_word' id='word_1_59' title='bbox 611 934 693 981; x_wconf 88' lang='lat' dir='ltr'><strong>est</strong></span> <span class='ocrx_word' id='word_1_60' title='bbox 720 926 837 981; x_wconf 78' lang='lat' dir='ltr'><strong>htec</strong></span> <span class='ocrx_word' id='word_1_61' title='bbox 878 928 1058 980; x_wconf 85' lang='lat' dir='ltr'><strong>omnia</strong></span> <span class='ocrx_word' id='word_1_62' title='bbox 1090 927 1276 981; x_wconf 79' lang='lat' dir='ltr'><strong>venire</strong></span> <span class='ocrx_word' id='word_1_63' title='bbox 1302 927 1369 981; x_wconf 88' lang='lat' dir='ltr'><strong>ad</strong></span> <span class='ocrx_word' id='word_1_64' title='bbox 1404 927 1685 996; x_wconf 84' lang='lat' dir='ltr'><strong>judicium,</strong></span> <span class='ocrx_word' id='word_1_65' title='bbox 1719 934 1774 980; x_wconf 88' lang='lat' dir='ltr'><strong>et</strong></span> 
     </span>
    </p>
   </div>
   <div class='ocr_carea' id='block_1_10' title="bbox 198 1012 1771 1084">
    <p class='ocr_par' dir='ltr' id='par_1_10' title="bbox 198 1012 1771 1084">
     <span class='ocr_line' id='line_1_10' title="bbox 198 1012 1771 1084; baseline 0.003 -19"><span class='ocrx_word' id='word_1_66' title='bbox 198 1012 320 1067; x_wconf 88' lang='lat' dir='ltr'><strong>ideo</strong></span> <span class='ocrx_word' id='word_1_67' title='bbox 340 1014 418 1068; x_wconf 90' lang='lat' dir='ltr'><strong>sic</strong></span> <span class='ocrx_word' id='word_1_68' title='bbox 448 1014 823 1084; x_wconf 84' lang='lat' dir='ltr'><strong>intelligendus</strong></span> <span class='ocrx_word' id='word_1_69' title='bbox 849 1023 931 1070; x_wconf 89' lang='lat' dir='ltr'><strong>est</strong></span> <span class='ocrx_word' id='word_1_70' title='bbox 957 1015 1166 1070; x_wconf 88' lang='lat' dir='ltr'><strong>Domini</strong></span> <span class='ocrx_word' id='word_1_71' title='bbox 1202 1029 1401 1080; x_wconf 85' lang='lat' dir='ltr'><strong>sermo,</strong></span> <span class='ocrx_word' id='word_1_72' title='bbox 1429 1031 1585 1084; x_wconf 90' lang='lat' dir='ltr'><strong>quem</strong></span> <span class='ocrx_word' id='word_1_73' title='bbox 1622 1015 1771 1079; x_wconf 88' lang='lat' dir='ltr'><strong>dicit,</strong></span> 
     </span>
    </p>
   </div>
   <div class='ocr_carea' id='block_1_11' title="bbox 195 1102 1773 1175">
    <p class='ocr_par' dir='ltr' id='par_1_11' title="bbox 195 1102 1773 1175">
     <span class='ocr_line' id='line_1_11' title="bbox 195 1102 1773 1175; baseline 0.003 -22"><span class='ocrx_word' id='word_1_74' title='bbox 195 1102 289 1170; x_wconf 89' lang='lat' dir='ltr'><strong>qui</strong></span> <span class='ocrx_word' id='word_1_75' title='bbox 316 1102 477 1155; x_wconf 85' lang='lat' dir='ltr'><strong>credit</strong></span> <span class='ocrx_word' id='word_1_76' title='bbox 504 1103 558 1155; x_wconf 88' lang='lat' dir='ltr'><strong>in</strong></span> <span class='ocrx_word' id='word_1_77' title='bbox 584 1119 664 1155; x_wconf 90' lang='lat' dir='ltr'><strong>me</strong></span> <span class='ocrx_word' id='word_1_78' title='bbox 690 1119 791 1157; x_wconf 90' lang='lat' dir='ltr'><strong>non</strong></span> <span class='ocrx_word' id='word_1_79' title='bbox 812 1103 1162 1171; x_wconf 83' lang='lat' dir='ltr'><strong>judicabitur,</strong></span> <span class='ocrx_word' id='word_1_80' title='bbox 1186 1104 1315 1175; x_wconf 89' lang='lat' dir='ltr'><strong>quia</strong></span> <span class='ocrx_word' id='word_1_81' title='bbox 1343 1104 1634 1159; x_wconf 84' lang='lat' dir='ltr'><strong>secundum</strong></span> <span class='ocrx_word' id='word_1_82' title='bbox 1671 1104 1773 1158; x_wconf 86' lang='lat' dir='ltr'><strong>hoc</strong></span> 
     </span>
    </p>
   </div>
   <div class='ocr_carea' id='block_1_12' title="bbox 198 1192 1779 1262">
    <p class='ocr_par' dir='ltr' id='par_1_12' title="bbox 198 1192 1779 1262">
     <span class='ocr_line' id='line_1_12' title="bbox 198 1192 1779 1262; baseline 0.003 -18"><span class='ocrx_word' id='word_1_83' title='bbox 198 1193 341 1261; x_wconf 91' lang='lat' dir='ltr'><strong>quod</strong></span> <span class='ocrx_word' id='word_1_84' title='bbox 369 1193 596 1248; x_wconf 88' lang='lat' dir='ltr'><strong>credidit</strong></span> <span class='ocrx_word' id='word_1_85' title='bbox 638 1208 745 1248; x_wconf 90' lang='lat' dir='ltr'><strong>non</strong></span> <span class='ocrx_word' id='word_1_86' title='bbox 790 1192 1121 1261; x_wconf 76' lang='lat' dir='ltr'><strong>iudicabitur</strong></span> <span class='ocrx_word' id='word_1_87' title='bbox 1161 1194 1315 1262; x_wconf 91' lang='lat' dir='ltr'><strong>quasi</strong></span> <span class='ocrx_word' id='word_1_88' title='bbox 1368 1192 1674 1254; x_wconf 86' lang='lat' dir='ltr'><strong>incredulus</strong></span> <span class='ocrx_word' id='word_1_89' title='bbox 1723 1202 1779 1251; x_wconf 88' lang='lat' dir='ltr'><strong>et</strong></span> 
     </span>
    </p>
   </div>
   <div class='ocr_carea' id='block_1_13' title="bbox 199 1281 1772 1354">
    <p class='ocr_par' dir='ltr' id='par_1_13' title="bbox 199 1281 1772 1354">
     <span class='ocr_line' id='line_1_13' title="bbox 199 1281 1772 1354; baseline 0.001 -19"><span class='ocrx_word' id='word_1_90' title='bbox 199 1281 431 1336; x_wconf 77' lang='lat' dir='ltr'><strong>infidelis</strong></span> <span class='ocrx_word' id='word_1_91' title='bbox 455 1301 467 1337; x_wconf 93' lang='lat'><strong>:</strong></span> <span class='ocrx_word' id='word_1_92' title='bbox 493 1284 557 1338; x_wconf 90' lang='lat' dir='ltr'><strong>de</strong></span> <span class='ocrx_word' id='word_1_93' title='bbox 585 1284 794 1339; x_wconf 87' lang='lat' dir='ltr'><strong>actibus</strong></span> <span class='ocrx_word' id='word_1_94' title='bbox 814 1300 943 1338; x_wconf 85' lang='lat' dir='ltr'><strong>vero</strong></span> <span class='ocrx_word' id='word_1_95' title='bbox 962 1284 1076 1347; x_wconf 86' lang='lat' dir='ltr'><strong>suis</strong></span> <span class='ocrx_word' id='word_1_96' title='bbox 1101 1285 1218 1339; x_wconf 85' lang='lat' dir='ltr'><strong>sine</strong></span> <span class='ocrx_word' id='word_1_97' title='bbox 1241 1285 1401 1340; x_wconf 83' lang='lat' dir='ltr'><strong>dubio</strong></span> <span class='ocrx_word' id='word_1_98' title='bbox 1413 1285 1772 1354; x_wconf 86' lang='lat' dir='ltr'><strong>judicabitur;</strong></span> 
     </span>
    </p>
   </div>
   <div class='ocr_carea' id='block_1_14' title="bbox 198 1366 1773 1445">
    <p class='ocr_par' dir='ltr' id='par_1_14' title="bbox 198 1366 1773 1445">
     <span class='ocr_line' id='line_1_14' title="bbox 198 1366 1773 1445; baseline 0.003 -19"><span class='ocrx_word' id='word_1_99' title='bbox 198 1372 275 1426; x_wconf 88' lang='lat' dir='ltr'><strong>ita</strong></span> <span class='ocrx_word' id='word_1_100' title='bbox 303 1388 432 1444; x_wconf 89' lang='lat' dir='ltr'><strong>ergo</strong></span> <span class='ocrx_word' id='word_1_101' title='bbox 456 1381 512 1428; x_wconf 86' lang='lat' dir='ltr'><strong>et</strong></span> <span class='ocrx_word' id='word_1_102' title='bbox 537 1366 626 1427; x_wconf 90' lang='lat' dir='ltr'><strong>ille</strong></span> <span class='ocrx_word' id='word_1_103' title='bbox 659 1372 774 1445; x_wconf 80' lang='lat' dir='ltr'><strong>jam</strong></span> <span class='ocrx_word' id='word_1_104' title='bbox 795 1373 1067 1442; x_wconf 86' lang='lat' dir='ltr'><strong>judicatus</strong></span> <span class='ocrx_word' id='word_1_105' title='bbox 1103 1370 1207 1438; x_wconf 85' lang='lat' dir='ltr'><strong>est,</strong></span> <span class='ocrx_word' id='word_1_106' title='bbox 1270 1378 1361 1444; x_wconf 88' lang='lat' dir='ltr'><strong>qui</strong></span> <span class='ocrx_word' id='word_1_107' title='bbox 1408 1392 1513 1430; x_wconf 91' lang='lat' dir='ltr'><strong>non</strong></span> <span class='ocrx_word' id='word_1_108' title='bbox 1563 1375 1773 1441; x_wconf 85' lang='lat' dir='ltr'><strong>credit;</strong></span> 
     </span>
    </p>
   </div>
   <div class='ocr_carea' id='block_1_15' title="bbox 198 1464 1774 1534">
    <p class='ocr_par' dir='ltr' id='par_1_15' title="bbox 198 1464 1774 1534">
     <span class='ocr_line' id='line_1_15' title="bbox 198 1464 1774 1534; baseline 0.001 -15"><span class='ocrx_word' id='word_1_109' title='bbox 198 1465 496 1520; x_wconf 89' lang='lat' dir='ltr'><strong>secundum</strong></span> <span class='ocrx_word' id='word_1_110' title='bbox 524 1465 627 1519; x_wconf 92' lang='lat' dir='ltr'><strong>hoc</strong></span> <span class='ocrx_word' id='word_1_111' title='bbox 663 1464 805 1534; x_wconf 91' lang='lat' dir='ltr'><strong>quod</strong></span> <span class='ocrx_word' id='word_1_112' title='bbox 830 1479 936 1519; x_wconf 91' lang='lat' dir='ltr'><strong>non</strong></span> <span class='ocrx_word' id='word_1_113' title='bbox 968 1464 1231 1530; x_wconf 88' lang='lat' dir='ltr'><strong>credidit,</strong></span> <span class='ocrx_word' id='word_1_114' title='bbox 1261 1473 1317 1519; x_wconf 90' lang='lat' dir='ltr'><strong>et</strong></span> <span class='ocrx_word' id='word_1_115' title='bbox 1340 1466 1479 1521; x_wconf 87' lang='lat' dir='ltr'><strong>sicut</strong></span> <span class='ocrx_word' id='word_1_116' title='bbox 1511 1466 1774 1532; x_wconf 85' lang='lat' dir='ltr'><strong>credenti,</strong></span> 
     </span>
    </p>
   </div>
   <div class='ocr_carea' id='block_1_16' title="bbox 198 1555 1779 1626">
    <p class='ocr_par' dir='ltr' id='par_1_16' title="bbox 198 1555 1779 1626">
     <span class='ocr_line' id='line_1_16' title="bbox 198 1555 1779 1626; baseline 0 -15"><span class='ocrx_word' id='word_1_117' title='bbox 198 1558 247 1611; x_wconf 89' lang='lat' dir='ltr'><strong>si</strong></span> <span class='ocrx_word' id='word_1_118' title='bbox 282 1559 614 1612; x_wconf 79' lang='lat' dir='ltr'><strong>extrinsecus</strong></span> <span class='ocrx_word' id='word_1_119' title='bbox 643 1556 850 1626; x_wconf 85' lang='lat' dir='ltr'><strong>peccati</strong></span> <span class='ocrx_word' id='word_1_120' title='bbox 894 1555 1091 1622; x_wconf 86' lang='lat' dir='ltr'><strong>aliquid</strong></span> <span class='ocrx_word' id='word_1_121' title='bbox 1117 1558 1466 1624; x_wconf 84' lang='lat' dir='ltr'><strong>commiserit,</strong></span> <span class='ocrx_word' id='word_1_122' title='bbox 1500 1556 1645 1613; x_wconf 88' lang='lat' dir='ltr'><strong>salva</strong></span> <span class='ocrx_word' id='word_1_123' title='bbox 1678 1557 1779 1612; x_wconf 78' lang='lat' dir='ltr'><strong>fide</strong></span> 
     </span>
    </p>
   </div>
   <div class='ocr_carea' id='block_1_17' title="bbox 194 1645 1777 1717">
    <p class='ocr_par' dir='ltr' id='par_1_17' title="bbox 194 1645 1777 1717">
     <span class='ocr_line' id='line_1_17' title="bbox 194 1645 1777 1717; baseline -0.003 -14"><span class='ocrx_word' id='word_1_124' title='bbox 194 1648 457 1717; x_wconf 85' lang='lat' dir='ltr'><strong>judicium</strong></span> <span class='ocrx_word' id='word_1_125' title='bbox 497 1656 712 1709; x_wconf 87' lang='lat' dir='ltr'><strong>manet;</strong></span> <span class='ocrx_word' id='word_1_126' title='bbox 761 1652 835 1701; x_wconf 88' lang='lat' dir='ltr'><strong>ita</strong></span> <span class='ocrx_word' id='word_1_127' title='bbox 875 1654 931 1702; x_wconf 87' lang='lat' dir='ltr'><strong>et</strong></span> <span class='ocrx_word' id='word_1_128' title='bbox 964 1661 1071 1701; x_wconf 89' lang='lat' dir='ltr'><strong>non</strong></span> <span class='ocrx_word' id='word_1_129' title='bbox 1110 1647 1381 1711; x_wconf 88' lang='lat' dir='ltr'><strong>credenti,</strong></span> <span class='ocrx_word' id='word_1_130' title='bbox 1424 1647 1467 1701; x_wconf 90' lang='lat' dir='ltr'><strong>si</strong></span> <span class='ocrx_word' id='word_1_131' title='bbox 1498 1647 1625 1707; x_wconf 86' lang='lat' dir='ltr'><strong>quid</strong></span> <span class='ocrx_word' id='word_1_132' title='bbox 1654 1645 1777 1701; x_wconf 90' lang='lat' dir='ltr'><strong>boui</strong></span> 
     </span>
    </p>
   </div>
   <div class='ocr_carea' id='block_1_18' title="bbox 198 1732 1778 1809">
    <p class='ocr_par' dir='ltr' id='par_1_18' title="bbox 198 1732 1778 1809">
     <span class='ocr_line' id='line_1_18' title="bbox 198 1732 1778 1809; baseline -0.003 -16"><span class='ocrx_word' id='word_1_133' title='bbox 198 1738 380 1809; x_wconf 82' lang='lat' dir='ltr'><strong>Operis</strong></span> <span class='ocrx_word' id='word_1_134' title='bbox 405 1732 595 1806; x_wconf 79' lang='lat' dir='ltr'><strong>egerit,</strong></span> <span class='ocrx_word' id='word_1_135' title='bbox 622 1737 843 1805; x_wconf 72' lang='lat' dir='ltr'><strong>excepta</strong></span> <span class='ocrx_word' id='word_1_136' title='bbox 893 1735 1224 1801; x_wconf 83' lang='lat' dir='ltr'><strong>inﬁdelitate,</strong></span> <span class='ocrx_word' id='word_1_137' title='bbox 1266 1736 1626 1792; x_wconf 86' lang='lat' dir='ltr'><strong>remuneratio</strong></span> <span class='ocrx_word' id='word_1_138' title='bbox 1671 1751 1778 1790; x_wconf 94' lang='lat' dir='ltr'><strong>non</strong></span> 
     </span>
    </p>
   </div>
   <div class='ocr_carea' id='block_1_19' title="bbox 1871 564 3440 637">
    <p class='ocr_par' dir='ltr' id='par_1_19' title="bbox 1871 564 3440 637">
     <span class='ocr_line' id='line_1_19' title="bbox 1871 564 3440 637; baseline 0.001 -18"><span class='ocrx_word' id='word_1_139' title='bbox 1871 566 2184 621; x_wconf 90' lang='lat' dir='ltr'><strong>timentibus</strong></span> <span class='ocrx_word' id='word_1_140' title='bbox 2214 581 2302 630; x_wconf 89' lang='lat' dir='ltr'><strong>se;</strong></span> <span class='ocrx_word' id='word_1_141' title='bbox 2344 564 2589 622; x_wconf 82' lang='lat' dir='ltr'><strong>fortassis</strong></span> <span class='ocrx_word' id='word_1_142' title='bbox 2622 569 2785 631; x_wconf 89' lang='lat' dir='ltr'><strong>enim,</strong></span> <span class='ocrx_word' id='word_1_143' title='bbox 2831 567 3028 622; x_wconf 85' lang='lat' dir='ltr'><strong>oblitus</strong></span> <span class='ocrx_word' id='word_1_144' title='bbox 3069 567 3173 622; x_wconf 83' lang='lat' dir='ltr'><strong>sibi</strong></span> <span class='ocrx_word' id='word_1_145' title='bbox 3208 582 3440 637; x_wconf 82' lang='lat' dir='ltr'><strong>propen-</strong></span> 
     </span>
    </p>
   </div>
   <div class='ocr_carea' id='block_1_20' title="bbox 1868 657 3445 731">
    <p class='ocr_par' dir='ltr' id='par_1_20' title="bbox 1868 657 3445 731">
     <span class='ocr_line' id='line_1_20' title="bbox 1868 657 3445 731; baseline 0.003 -20"><span class='ocrx_word' id='word_1_146' title='bbox 1868 657 2064 712; x_wconf 84' lang='lat' dir='ltr'><strong>siorem</strong></span> <span class='ocrx_word' id='word_1_147' title='bbox 2092 672 2277 711; x_wconf 88' lang='lat' dir='ltr'><strong>curam</strong></span> <span class='ocrx_word' id='word_1_148' title='bbox 2321 672 2420 727; x_wconf 88' lang='lat' dir='ltr'><strong>pro</strong></span> <span class='ocrx_word' id='word_1_149' title='bbox 2450 658 2534 713; x_wconf 89' lang='lat' dir='ltr'><strong>his</strong></span> <span class='ocrx_word' id='word_1_150' title='bbox 2560 660 2648 728; x_wconf 87' lang='lat' dir='ltr'><strong>qui</strong></span> <span class='ocrx_word' id='word_1_151' title='bbox 2686 668 2930 729; x_wconf 89' lang='lat' dir='ltr'><strong>pereunt,</strong></span> <span class='ocrx_word' id='word_1_152' title='bbox 2986 661 3160 715; x_wconf 89' lang='lat' dir='ltr'><strong>inesse</strong></span> <span class='ocrx_word' id='word_1_153' title='bbox 3190 660 3303 731; x_wconf 90' lang='lat' dir='ltr'><strong>ipse</strong></span> <span class='ocrx_word' id='word_1_154' title='bbox 3341 659 3445 716; x_wconf 85' lang='lat' dir='ltr'><strong>Do-</strong></span> 
     </span>
    </p>
   </div>
   <div class='ocr_carea' id='block_1_21' title="bbox 1871 747 3447 821">
    <p class='ocr_par' dir='ltr' id='par_1_21' title="bbox 1871 747 3447 821">
     <span class='ocr_line' id='line_1_21' title="bbox 1871 747 3447 821; baseline 0.003 -21"><span class='ocrx_word' id='word_1_155' title='bbox 1871 748 2046 802; x_wconf 81' lang='lat' dir='ltr'><strong>minus</strong></span> <span class='ocrx_word' id='word_1_156' title='bbox 2093 747 2148 801; x_wconf 91' lang='lat' dir='ltr'><strong>in</strong></span> <span class='ocrx_word' id='word_1_157' title='bbox 2176 747 2464 817; x_wconf 85' lang='lat' dir='ltr'><strong>Evangelio</strong></span> <span class='ocrx_word' id='word_1_158' title='bbox 2490 750 2742 815; x_wconf 84' lang='lat' dir='ltr'><strong>ostendit,</strong></span> <span class='ocrx_word' id='word_1_159' title='bbox 2783 765 2902 805; x_wconf 91' lang='lat' dir='ltr'><strong>cum</strong></span> <span class='ocrx_word' id='word_1_160' title='bbox 2935 750 3085 816; x_wconf 82' lang='lat' dir='ltr'><strong>dicit,</strong></span> <span class='ocrx_word' id='word_1_161' title='bbox 3133 751 3255 821; x_wconf 83' lang='lat' dir='ltr'><strong>quia</strong></span> <span class='ocrx_word' id='word_1_162' title='bbox 3306 751 3447 804; x_wconf 80' lang='lat' dir='ltr'><strong>venit</strong></span> 
     </span>
    </p>
   </div>
   <div class='ocr_carea' id='block_1_22' title="bbox 1871 835 3441 909">
    <p class='ocr_par' dir='ltr' id='par_1_22' title="bbox 1871 835 3441 909">
     <span class='ocr_line' id='line_1_22' title="bbox 1871 835 3441 909; baseline 0.003 -20"><span class='ocrx_word' id='word_1_163' title='bbox 1871 835 2042 899; x_wconf 76' lang='lat' dir='ltr'><strong>Filius</strong></span> <span class='ocrx_word' id='word_1_164' title='bbox 2064 837 2287 892; x_wconf 75' lang='lat' dir='ltr'><strong>hominis</strong></span> <span class='ocrx_word' id='word_1_165' title='bbox 2317 855 2548 908; x_wconf 70' lang='lat' dir='ltr'><strong>qurerere</strong></span> <span class='ocrx_word' id='word_1_166' title='bbox 2586 848 2634 892; x_wconf 84' lang='lat' dir='ltr'><strong>et</strong></span> <span class='ocrx_word' id='word_1_167' title='bbox 2662 839 2864 892; x_wconf 76' lang='lat' dir='ltr'><strong>&#39;salvare</strong></span> <span class='ocrx_word' id='word_1_168' title='bbox 2884 840 3023 909; x_wconf 83' lang='lat' dir='ltr'><strong>quod</strong></span> <span class='ocrx_word' id='word_1_169' title='bbox 3047 840 3267 909; x_wconf 84' lang='lat' dir='ltr'><strong>perierat</strong></span> <span class='ocrx_word' id='word_1_170' title='bbox 3288 837 3441 909; x_wconf 89' lang='lat' dir='ltr'><strong>(Luc.</strong></span> 
     </span>
    </p>
   </div>
   <div class='ocr_carea' id='block_1_23' title="bbox 1871 928 3446 999">
    <p class='ocr_par' dir='ltr' id='par_1_23' title="bbox 1871 928 3446 999">
     <span class='ocr_line' id='line_1_23' title="bbox 1871 928 3446 999; baseline 0.003 -18"><span class='ocrx_word' id='word_1_171' title='bbox 1871 928 2017 999; x_wconf 86' lang='lat' dir='ltr'><strong>x1x);</strong></span> <span class='ocrx_word' id='word_1_172' title='bbox 2067 938 2123 984; x_wconf 91' lang='lat' dir='ltr'><strong>et</strong></span> <span class='ocrx_word' id='word_1_173' title='bbox 2170 930 2364 985; x_wconf 87' lang='lat' dir='ltr'><strong>iterum</strong></span> <span class='ocrx_word' id='word_1_174' title='bbox 2409 929 2574 984; x_wconf 90' lang='lat' dir='ltr'><strong>dicit:</strong></span> <span class='ocrx_word' id='word_1_175' title='bbox 2614 929 2734 983; x_wconf 88' lang='lat' dir='ltr'><strong>Non</strong></span> <span class='ocrx_word' id='word_1_176' title='bbox 2754 947 2869 983; x_wconf 84' lang='lat' dir='ltr'><strong>sum</strong></span> <span class='ocrx_word' id='word_1_177' title='bbox 2895 932 3082 985; x_wconf 82' lang='lat' dir='ltr'><strong>missus</strong></span> <span class='ocrx_word' id='word_1_178' title='bbox 3110 932 3210 985; x_wconf 87' lang='lat' dir='ltr'><strong>nisi</strong></span> <span class='ocrx_word' id='word_1_179' title='bbox 3233 929 3301 985; x_wconf 76' lang='lat' dir='ltr'><strong>ad</strong></span> <span class='ocrx_word' id='word_1_180' title='bbox 3332 948 3446 986; x_wconf 79' lang='lat' dir='ltr'><strong>oues</strong></span> 
     </span>
    </p>
   </div>
   <div class='ocr_carea' id='block_1_24' title="bbox 1872 1017 3443 1089">
    <p class='ocr_par' dir='ltr' id='par_1_24' title="bbox 1872 1017 3443 1089">
     <span class='ocr_line' id='line_1_24' title="bbox 1872 1017 3443 1089; baseline 0.003 -19"><span class='ocrx_word' id='word_1_181' title='bbox 1872 1033 1988 1083; x_wconf 75' lang='lat' dir='ltr'><strong>qum</strong></span> <span class='ocrx_word' id='word_1_182' title='bbox 2006 1019 2266 1085; x_wconf 85' lang='lat' dir='ltr'><strong>perierunt</strong></span> <span class='ocrx_word' id='word_1_183' title='bbox 2289 1019 2473 1072; x_wconf 88' lang='lat' dir='ltr'><strong>domus</strong></span> <span class='ocrx_word' id='word_1_184' title='bbox 2494 1017 2667 1072; x_wconf 80' lang='lat' dir='ltr'><strong>Israel</strong></span> <span class='ocrx_word' id='word_1_185' title='bbox 2690 1019 2903 1089; x_wconf 75' lang='lat' dir='ltr'><strong>(Matth.</strong></span> <span class='ocrx_word' id='word_1_186' title='bbox 2922 1019 2996 1088; x_wconf 77' lang='lat' dir='ltr'><strong>x);</strong></span> <span class='ocrx_word' id='word_1_187' title='bbox 3026 1028 3079 1073; x_wconf 89' lang='lat' dir='ltr'><strong>et</strong></span> <span class='ocrx_word' id='word_1_188' title='bbox 3100 1020 3262 1074; x_wconf 82' lang='lat' dir='ltr'><strong>David</strong></span> <span class='ocrx_word' id='word_1_189' title='bbox 3286 1020 3443 1075; x_wconf 82' lang='lat' dir='ltr'><strong>dicit:</strong></span> 
     </span>
    </p>
   </div>
   <div class='ocr_carea' id='block_1_25' title="bbox 1874 1092 3452 1180">
    <p class='ocr_par' dir='ltr' id='par_1_25' title="bbox 1874 1092 3452 1180">
     <span class='ocr_line' id='line_1_25' title="bbox 1874 1092 3452 1180; baseline 0.004 -23"><span class='ocrx_word' id='word_1_190' title='bbox 1874 1104 2064 1161; x_wconf 84' lang='lat' dir='ltr'><strong>Erravi</strong></span> <span class='ocrx_word' id='word_1_191' title='bbox 2084 1110 2215 1162; x_wconf 87' lang='lat' dir='ltr'><strong>sicut</strong></span> <span class='ocrx_word' id='word_1_192' title='bbox 2229 1092 2338 1165; x_wconf 78' lang='lat' dir='ltr'><strong>ovis</strong></span> <span class='ocrx_word' id='word_1_193' title='bbox 2352 1109 2587 1180; x_wconf 85' lang='lat' dir='ltr'><strong>perdita;</strong></span> <span class='ocrx_word' id='word_1_194' title='bbox 2611 1110 2815 1179; x_wconf 85' lang='lat' dir='ltr'><strong>require</strong></span> <span class='ocrx_word' id='word_1_195' title='bbox 2835 1126 3038 1163; x_wconf 77' lang='lat' dir='ltr'><strong>servum</strong></span> <span class='ocrx_word' id='word_1_196' title='bbox 3052 1119 3216 1174; x_wconf 89' lang='lat' dir='ltr'><strong>tuum,</strong></span> <span class='ocrx_word' id='word_1_197' title='bbox 3232 1110 3452 1165; x_wconf 89' lang='lat' dir='ltr'><strong>Domine</strong></span> 
     </span>
    </p>
   </div>
   <div class='ocr_carea' id='block_1_26' title="bbox 1876 1193 3455 1271">
    <p class='ocr_par' dir='ltr' id='par_1_26' title="bbox 1876 1193 3455 1271">
     <span class='ocr_line' id='line_1_26' title="bbox 1876 1193 3455 1271; baseline 0.003 -19"><span class='ocrx_word' id='word_1_198' title='bbox 1876 1193 2048 1267; x_wconf 85' lang='lat' dir='ltr'><strong>(Psal.</strong></span> <span class='ocrx_word' id='word_1_199' title='bbox 2064 1200 2275 1269; x_wconf 84' lang='lat' dir='ltr'><strong>cxvm).</strong></span> <span class='ocrx_word' id='word_1_200' title='bbox 2294 1198 2400 1254; x_wconf 90' lang='lat' dir='ltr'><strong>Sed</strong></span> <span class='ocrx_word' id='word_1_201' title='bbox 2420 1209 2473 1254; x_wconf 94' lang='lat' dir='ltr'><strong>et</strong></span> <span class='ocrx_word' id='word_1_202' title='bbox 2496 1201 2549 1255; x_wconf 94' lang='lat' dir='ltr'><strong>in</strong></span> <span class='ocrx_word' id='word_1_203' title='bbox 2567 1198 2854 1270; x_wconf 84' lang='lat' dir='ltr'><strong>Evangelio</strong></span> <span class='ocrx_word' id='word_1_204' title='bbox 2870 1201 3125 1256; x_wconf 84' lang='lat' dir='ltr'><strong>drachma</strong></span> <span class='ocrx_word' id='word_1_205' title='bbox 3145 1216 3262 1271; x_wconf 70' lang='lat' dir='ltr'><strong>quae</strong></span> <span class='ocrx_word' id='word_1_206' title='bbox 3282 1202 3455 1270; x_wconf 85' lang='lat' dir='ltr'><strong>perie-</strong></span> 
     </span>
    </p>
   </div>
   <div class='ocr_carea' id='block_1_27' title="bbox 1878 1288 3452 1359">
    <p class='ocr_par' dir='ltr' id='par_1_27' title="bbox 1878 1288 3452 1359">
     <span class='ocr_line' id='line_1_27' title="bbox 1878 1288 3452 1359; baseline 0.003 -21"><span class='ocrx_word' id='word_1_207' title='bbox 1878 1294 1961 1338; x_wconf 86' lang='lat' dir='ltr'><strong>rat</strong></span> <span class='ocrx_word' id='word_1_208' title='bbox 1988 1288 2237 1340; x_wconf 89' lang='lat' dir='ltr'><strong>mundata</strong></span> <span class='ocrx_word' id='word_1_209' title='bbox 2262 1289 2420 1342; x_wconf 90' lang='lat' dir='ltr'><strong>domo</strong></span> <span class='ocrx_word' id='word_1_210' title='bbox 2447 1288 2716 1343; x_wconf 85' lang='lat' dir='ltr'><strong>invenitur</strong></span> <span class='ocrx_word' id='word_1_211' title='bbox 2737 1304 2767 1341; x_wconf 88' lang='lat' dir='ltr'><strong>a</strong></span> <span class='ocrx_word' id='word_1_212' title='bbox 2796 1288 3040 1353; x_wconf 87' lang='lat' dir='ltr'><strong>muliere,</strong></span> <span class='ocrx_word' id='word_1_213' title='bbox 3070 1298 3125 1342; x_wconf 91' lang='lat' dir='ltr'><strong>et</strong></span> <span class='ocrx_word' id='word_1_214' title='bbox 3142 1290 3335 1358; x_wconf 90' lang='lat' dir='ltr'><strong>gaudet</strong></span> <span class='ocrx_word' id='word_1_215' title='bbox 3355 1306 3452 1359; x_wconf 90' lang='lat' dir='ltr'><strong>pa-</strong></span> 
     </span>
    </p>
   </div>
   <div class='ocr_carea' id='block_1_28' title="bbox 1877 1366 3453 1455">
    <p class='ocr_par' dir='ltr' id='par_1_28' title="bbox 1877 1366 3453 1455">
     <span class='ocr_line' id='line_1_28' title="bbox 1877 1366 3453 1455; baseline 0.003 -26"><span class='ocrx_word' id='word_1_216' title='bbox 1877 1382 1962 1429; x_wconf 90' lang='lat' dir='ltr'><strong>ter</strong></span> <span class='ocrx_word' id='word_1_217' title='bbox 1980 1391 2139 1445; x_wconf 85' lang='lat' dir='ltr'><strong>super</strong></span> <span class='ocrx_word' id='word_1_218' title='bbox 2164 1376 2272 1426; x_wconf 82' lang='lat' dir='ltr'><strong>ﬁlio</strong></span> <span class='ocrx_word' id='word_1_219' title='bbox 2291 1375 2505 1440; x_wconf 88' lang='lat' dir='ltr'><strong>juntore</strong></span> <span class='ocrx_word' id='word_1_220' title='bbox 2525 1378 2980 1455; x_wconf 70' lang='lat' dir='ltr'><strong>pmnitente,quia</strong></span> <span class='ocrx_word' id='word_1_221' title='bbox 3002 1387 3237 1433; x_wconf 80' lang='lat' dir='ltr'><strong>mortuus</strong></span> <span class='ocrx_word' id='word_1_222' title='bbox 3259 1366 3453 1449; x_wconf 78' lang='lat' dir='ltr'><strong>fuerat,</strong></span> 
     </span>
    </p>
   </div>
   <div class='ocr_carea' id='block_1_29' title="bbox 1876 1468 3460 1544">
    <p class='ocr_par' dir='ltr' id='par_1_29' title="bbox 1876 1468 3460 1544">
     <span class='ocr_line' id='line_1_29' title="bbox 1876 1468 3460 1544; baseline 0.006 -23"><span class='ocrx_word' id='word_1_223' title='bbox 1876 1478 1925 1521; x_wconf 90' lang='lat' dir='ltr'><strong>et</strong></span> <span class='ocrx_word' id='word_1_224' title='bbox 1948 1468 2160 1535; x_wconf 74' lang='lat' dir='ltr'><strong>revixit;</strong></span> <span class='ocrx_word' id='word_1_225' title='bbox 2182 1470 2432 1540; x_wconf 86' lang='lat' dir='ltr'><strong>perierat.</strong></span> <span class='ocrx_word' id='word_1_226' title='bbox 2448 1479 2497 1524; x_wconf 89' lang='lat' dir='ltr'><strong>et</strong></span> <span class='ocrx_word' id='word_1_227' title='bbox 2512 1471 2748 1525; x_wconf 85' lang='lat' dir='ltr'><strong>inventus</strong></span> <span class='ocrx_word' id='word_1_228' title='bbox 2769 1482 2841 1525; x_wconf 84' lang='lat' dir='ltr'><strong>est</strong></span> <span class='ocrx_word' id='word_1_229' title='bbox 2859 1472 3010 1540; x_wconf 86' lang='lat' dir='ltr'><strong>(Luc.</strong></span> <span class='ocrx_word' id='word_1_230' title='bbox 3027 1475 3153 1536; x_wconf 69' lang='lat' dir='ltr'><strong>xv):</strong></span> <span class='ocrx_word' id='word_1_231' title='bbox 3174 1475 3262 1544; x_wconf 82' lang='lat' dir='ltr'><strong>qui</strong></span> <span class='ocrx_word' id='word_1_232' title='bbox 3277 1473 3460 1543; x_wconf 73' lang='lat' dir='ltr'><strong>iunior</strong></span> 
     </span>
    </p>
   </div>
   <div class='ocr_carea' id='block_1_30' title="bbox 1878 1556 3456 1629">
    <p class='ocr_par' dir='ltr' id='par_1_30' title="bbox 1878 1556 3456 1629">
     <span class='ocr_line' id='line_1_30' title="bbox 1878 1556 3456 1629; baseline 0.005 -20"><span class='ocrx_word' id='word_1_233' title='bbox 1878 1556 2035 1618; x_wconf 84' lang='lat' dir='ltr'><strong>tilius.</strong></span> <span class='ocrx_word' id='word_1_234' title='bbox 2068 1567 2127 1613; x_wconf 93' lang='lat' dir='ltr'><strong>ut</strong></span> <span class='ocrx_word' id='word_1_235' title='bbox 2155 1573 2256 1627; x_wconf 85' lang='lat' dir='ltr'><strong>ego</strong></span> <span class='ocrx_word' id='word_1_236' title='bbox 2286 1561 2540 1622; x_wconf 87' lang='lat' dir='ltr'><strong>arbitror,</strong></span> <span class='ocrx_word' id='word_1_237' title='bbox 2570 1560 2733 1615; x_wconf 90' lang='lat' dir='ltr'><strong>etiam</strong></span> <span class='ocrx_word' id='word_1_238' title='bbox 2766 1561 2878 1629; x_wconf 91' lang='lat' dir='ltr'><strong>ipse</strong></span> <span class='ocrx_word' id='word_1_239' title='bbox 2919 1565 3207 1618; x_wconf 84' lang='lat' dir='ltr'><strong>secundum</strong></span> <span class='ocrx_word' id='word_1_240' title='bbox 3234 1572 3456 1617; x_wconf 91' lang='lat' dir='ltr'><strong>natura-</strong></span> 
     </span>
    </p>
   </div>
   <div class='ocr_carea' id='block_1_31' title="bbox 1878 1647 3457 1719">
    <p class='ocr_par' dir='ltr' id='par_1_31' title="bbox 1878 1647 3457 1719">
     <span class='ocr_line' id='line_1_31' title="bbox 1878 1647 3457 1719; baseline 0.004 -18"><span class='ocrx_word' id='word_1_241' title='bbox 1878 1647 1981 1702; x_wconf 90' lang='lat' dir='ltr'><strong>lem</strong></span> <span class='ocrx_word' id='word_1_242' title='bbox 1998 1648 2111 1710; x_wconf 89' lang='lat' dir='ltr'><strong>jam</strong></span> <span class='ocrx_word' id='word_1_243' title='bbox 2144 1649 2319 1703; x_wconf 79' lang='lat' dir='ltr'><strong>fuerat</strong></span> <span class='ocrx_word' id='word_1_244' title='bbox 2349 1650 2539 1719; x_wconf 81' lang='lat' dir='ltr'><strong>legem,</strong></span> <span class='ocrx_word' id='word_1_245' title='bbox 2579 1651 2683 1706; x_wconf 89' lang='lat' dir='ltr'><strong>hoc</strong></span> <span class='ocrx_word' id='word_1_246' title='bbox 2708 1652 2851 1706; x_wconf 90' lang='lat' dir='ltr'><strong>enim</strong></span> <span class='ocrx_word' id='word_1_247' title='bbox 2887 1653 3099 1706; x_wconf 82' lang='lat' dir='ltr'><strong>videtur</strong></span> <span class='ocrx_word' id='word_1_248' title='bbox 3133 1653 3359 1708; x_wconf 88' lang='lat' dir='ltr'><strong>indicari</strong></span> <span class='ocrx_word' id='word_1_249' title='bbox 3403 1654 3457 1707; x_wconf 93' lang='lat' dir='ltr'><strong>in</strong></span> 
     </span>
    </p>
   </div>
   <div class='ocr_carea' id='block_1_32' title="bbox 1880 1740 3464 1813">
    <p class='ocr_par' dir='ltr' id='par_1_32' title="bbox 1880 1740 3464 1813">
     <span class='ocr_line' id='line_1_32' title="bbox 1880 1740 3464 1813; baseline 0.005 -22"><span class='ocrx_word' id='word_1_250' title='bbox 1880 1752 1944 1791; x_wconf 89' lang='lat' dir='ltr'><strong>eo</strong></span> <span class='ocrx_word' id='word_1_251' title='bbox 1993 1740 2134 1807; x_wconf 91' lang='lat' dir='ltr'><strong>quod</strong></span> <span class='ocrx_word' id='word_1_252' title='bbox 2161 1741 2495 1805; x_wconf 85' lang='lat' dir='ltr'><strong>consumpsit</strong></span> <span class='ocrx_word' id='word_1_253' title='bbox 2519 1750 2727 1810; x_wconf 83' lang='lat' dir='ltr'><strong>partem</strong></span> <span class='ocrx_word' id='word_1_254' title='bbox 2749 1752 2990 1811; x_wconf 70' lang='lat' dir='ltr'><strong>paternae</strong></span> <span class='ocrx_word' id='word_1_255' title='bbox 3014 1744 3323 1799; x_wconf 68' lang='lat' dir='ltr'><strong>substantia:</strong></span> <span class='ocrx_word' id='word_1_256' title='bbox 3344 1758 3464 1813; x_wconf 75' lang='lat' dir='ltr'><strong>quae</strong></span> 
     </span>
    </p>
   </div>
   <div class='ocr_carea' id='block_1_33' title="bbox 200 1820 3465 1900">
    <p class='ocr_par' dir='ltr' id='par_1_33' title="bbox 200 1820 3465 1900">
     <span class='ocr_line' id='line_1_33' title="bbox 200 1820 3465 1900; baseline 0.002 -18"><span class='ocrx_word' id='word_1_257' title='bbox 200 1827 421 1898; x_wconf 86' lang='lat' dir='ltr'><strong>peribit,</strong></span> <span class='ocrx_word' id='word_1_258' title='bbox 448 1826 549 1880; x_wconf 91' lang='lat' dir='ltr'><strong>nisi</strong></span> <span class='ocrx_word' id='word_1_259' title='bbox 579 1824 719 1881; x_wconf 77' lang='lat' dir='ltr'><strong>forte</strong></span> <span class='ocrx_word' id='word_1_260' title='bbox 756 1831 875 1895; x_wconf 87' lang='lat' dir='ltr'><strong>quis</strong></span> <span class='ocrx_word' id='word_1_261' title='bbox 904 1822 1104 1895; x_wconf 89' lang='lat' dir='ltr'><strong>aliquid</strong></span> <span class='ocrx_word' id='word_1_262' title='bbox 1135 1840 1299 1894; x_wconf 86' lang='lat' dir='ltr'><strong>grave</strong></span> <span class='ocrx_word' id='word_1_263' title='bbox 1345 1835 1401 1880; x_wconf 91' lang='lat' dir='ltr'><strong>et</strong></span> <span class='ocrx_word' id='word_1_264' title='bbox 1438 1824 1772 1879; x_wconf 87' lang='lat' dir='ltr'><strong>intolerabile</strong></span> <span class='ocrx_word' id='word_1_265' title='bbox 1804 1820 1847 1878; x_wconf 84' lang='grc' dir='ltr'><strong>Β</strong></span> <span class='ocrx_word' id='word_1_266' title='bbox 1874 1841 1996 1880; x_wconf 90' lang='lat' dir='ltr'><strong>eum</strong></span> <span class='ocrx_word' id='word_1_267' title='bbox 2024 1829 2368 1900; x_wconf 84' lang='lat' dir='ltr'><strong>contingebat</strong></span> <span class='ocrx_word' id='word_1_268' title='bbox 2417 1830 2644 1891; x_wconf 80' lang='lat' dir='ltr'><strong>vivendo</strong></span> <span class='ocrx_word' id='word_1_269' title='bbox 2670 1831 2964 1897; x_wconf 81' lang='lat' dir='ltr'><strong>luxuriose.</strong></span> <span class='ocrx_word' id='word_1_270' title='bbox 3014 1833 3119 1888; x_wconf 89' lang='lat' dir='ltr'><strong>Sed</strong></span> <span class='ocrx_word' id='word_1_271' title='bbox 3150 1844 3205 1889; x_wconf 90' lang='lat' dir='ltr'><strong>et</strong></span> <span class='ocrx_word' id='word_1_272' title='bbox 3252 1837 3304 1887; x_wconf 88' lang='lat' dir='ltr'><strong>in</strong></span> <span class='ocrx_word' id='word_1_273' title='bbox 3332 1834 3465 1889; x_wconf 87' lang='lat' dir='ltr'><strong>Eze-</strong></span> 
     </span>
    </p>
   </div>
   <div class='ocr_carea' id='block_1_34' title="bbox 203 1908 1786 1985">
    <p class='ocr_par' dir='ltr' id='par_1_34' title="bbox 203 1908 1786 1985">
     <span class='ocr_line' id='line_1_34' title="bbox 203 1908 1786 1985; baseline -0.001 -16"><span class='ocrx_word' id='word_1_274' title='bbox 203 1918 329 1972; x_wconf 89' lang='lat' dir='ltr'><strong>velit</strong></span> <span class='ocrx_word' id='word_1_275' title='bbox 361 1916 613 1985; x_wconf 88' lang='lat' dir='ltr'><strong>objicere,</strong></span> <span class='ocrx_word' id='word_1_276' title='bbox 636 1916 856 1970; x_wconf 88' lang='lat' dir='ltr'><strong>utdicat</strong></span> <span class='ocrx_word' id='word_1_277' title='bbox 880 1908 1001 1969; x_wconf 85' lang='lat' dir='ltr'><strong>eum</strong></span> <span class='ocrx_word' id='word_1_278' title='bbox 1024 1920 1113 1985; x_wconf 89' lang='lat' dir='ltr'><strong>qui</strong></span> <span class='ocrx_word' id='word_1_279' title='bbox 1143 1923 1351 1984; x_wconf 89' lang='lat' dir='ltr'><strong>peccat,</strong></span> <span class='ocrx_word' id='word_1_280' title='bbox 1368 1918 1786 1985; x_wconf 74' lang='lat' dir='ltr'><strong>Computandum</strong></span> 
     </span>
    </p>
   </div>
   <div class='ocr_carea' id='block_1_35' title="bbox 202 1998 1788 2076">
    <p class='ocr_par' dir='ltr' id='par_1_35' title="bbox 202 1998 1788 2076">
     <span class='ocr_line' id='line_1_35' title="bbox 202 1998 1788 2076; baseline -0.003 -13"><span class='ocrx_word' id='word_1_281' title='bbox 202 2026 310 2064; x_wconf 91' lang='lat' dir='ltr'><strong>non</strong></span> <span class='ocrx_word' id='word_1_282' title='bbox 341 2024 461 2063; x_wconf 89' lang='lat' dir='ltr'><strong>esse</strong></span> <span class='ocrx_word' id='word_1_283' title='bbox 500 2008 641 2062; x_wconf 88' lang='lat' dir='ltr'><strong>inter</strong></span> <span class='ocrx_word' id='word_1_284' title='bbox 686 2006 989 2073; x_wconf 88' lang='lat' dir='ltr'><strong>credentes,</strong></span> <span class='ocrx_word' id='word_1_285' title='bbox 1023 2006 1148 2076; x_wconf 89' lang='lat' dir='ltr'><strong>quia</strong></span> <span class='ocrx_word' id='word_1_286' title='bbox 1197 2007 1240 2061; x_wconf 88' lang='lat' dir='ltr'><strong>si</strong></span> <span class='ocrx_word' id='word_1_287' title='bbox 1285 1998 1471 2062; x_wconf 87' lang='lat' dir='ltr'><strong>credat</strong></span> <span class='ocrx_word' id='word_1_288' title='bbox 1513 2007 1656 2076; x_wconf 83' lang='lat' dir='ltr'><strong>quis,</strong></span> <span class='ocrx_word' id='word_1_289' title='bbox 1680 2020 1788 2059; x_wconf 88' lang='lat' dir='ltr'><strong>non</strong></span> 
     </span>
    </p>
   </div>
   <div class='ocr_carea' id='block_1_36' title="bbox 200 2092 1788 2170">
    <p class='ocr_par' dir='ltr' id='par_1_36' title="bbox 200 2092 1788 2170">
     <span class='ocr_line' id='line_1_36' title="bbox 200 2092 1788 2170; baseline -0.004 -15"><span class='ocrx_word' id='word_1_290' title='bbox 200 2107 410 2170; x_wconf 86' lang='lat' dir='ltr'><strong>peccet,</strong></span> <span class='ocrx_word' id='word_1_291' title='bbox 457 2099 503 2154; x_wconf 95' lang='lat' dir='ltr'><strong>si</strong></span> <span class='ocrx_word' id='word_1_292' title='bbox 548 2113 678 2153; x_wconf 85' lang='lat' dir='ltr'><strong>vero</strong></span> <span class='ocrx_word' id='word_1_293' title='bbox 701 2106 908 2168; x_wconf 90' lang='lat' dir='ltr'><strong>peccat,</strong></span> <span class='ocrx_word' id='word_1_294' title='bbox 952 2097 1161 2152; x_wconf 77' lang='lat' dir='ltr'><strong>ex‘hoc</strong></span> <span class='ocrx_word' id='word_1_295' title='bbox 1204 2092 1326 2166; x_wconf 74' lang='lat' dir='ltr'><strong>ipso</strong></span> <span class='ocrx_word' id='word_1_296' title='bbox 1357 2104 1616 2167; x_wconf 84' lang='lat' dir='ltr'><strong>arguatur</strong></span> <span class='ocrx_word' id='word_1_297' title='bbox 1644 2096 1788 2166; x_wconf 90' lang='lat' dir='ltr'><strong>quod</strong></span> 
     </span>
    </p>
   </div>
   <div class='ocr_carea' id='block_1_37' title="bbox 204 2170 1787 2271">
    <p class='ocr_par' dir='ltr' id='par_1_37' title="bbox 204 2170 1787 2271">
     <span class='ocr_line' id='line_1_37' title="bbox 204 2170 1787 2271; baseline -0.004 -27"><span class='ocrx_word' id='word_1_298' title='bbox 204 2205 312 2244; x_wconf 89' lang='lat' dir='ltr'><strong>non</strong></span> <span class='ocrx_word' id='word_1_299' title='bbox 340 2186 674 2271; x_wconf 75' lang='lat' dir='ltr'><strong>credat..Sed</strong></span> <span class='ocrx_word' id='word_1_300' title='bbox 701 2184 1004 2258; x_wconf 44' lang='lat' dir='ltr'><strong>haec‘quam</strong></span> <span class='ocrx_word' id='word_1_301' title='bbox 1040 2188 1172 2271; x_wconf 79' lang='lat' dir='ltr'><strong>dura</strong></span> <span class='ocrx_word' id='word_1_302' title='bbox 1216 2172 1307 2241; x_wconf 20' lang='lat' dir='ltr'><strong>sit.</strong></span> <span class='ocrx_word' id='word_1_303' title='bbox 1331 2170 1616 2271; x_wconf 71' lang='lat' dir='ltr'><strong>sententia,</strong></span> <span class='ocrx_word' id='word_1_304' title='bbox 1644 2174 1787 2239; x_wconf 77' lang='lat' dir='ltr'><strong>nulli</strong></span> 
     </span>
    </p>
   </div>
   <div class='ocr_carea' id='block_1_38' title="bbox 206 2256 1787 2359">
    <p class='ocr_par' dir='ltr' id='par_1_38' title="bbox 206 2256 1787 2359">
     <span class='ocr_line' id='line_1_38' title="bbox 206 2256 1787 2359; baseline -0.004 -23"><span class='ocrx_word' id='word_1_305' title='bbox 206 2257 516 2356; x_wconf 80' lang='lat' dir='ltr'><strong>ambiguum</strong></span> <span class='ocrx_word' id='word_1_306' title='bbox 546 2273 709 2350; x_wconf 61' lang='lat' dir='ltr'><strong>puto:</strong></span> <span class='ocrx_word' id='word_1_307' title='bbox 742 2272 938 2350; x_wconf 83' lang='lat' dir='ltr'><strong>quotus</strong></span> <span class='ocrx_word' id='word_1_308' title='bbox 963 2256 1358 2359; x_wconf 66' lang='lat' dir='ltr'><strong>eniiuquisque</strong></span> <span class='ocrx_word' id='word_1_309' title='bbox 1391 2264 1700 2333; x_wconf 77' lang='lat' dir='ltr'><strong>invenietur</strong></span> <span class='ocrx_word' id='word_1_310' title='bbox 1734 2276 1787 2330; x_wconf 92' lang='lat' dir='ltr'><strong>in</strong></span> 
     </span>
    </p>
   </div>
   <div class='ocr_carea' id='block_1_39' title="bbox 203 2360 1789 2443">
    <p class='ocr_par' dir='ltr' id='par_1_39' title="bbox 203 2360 1789 2443">
     <span class='ocr_line' id='line_1_39' title="bbox 203 2360 1789 2443; baseline -0.003 -17"><span class='ocrx_word' id='word_1_311' title='bbox 203 2365 395 2436; x_wconf 84' lang='lat' dir='ltr'><strong>terris,</strong></span> <span class='ocrx_word' id='word_1_312' title='bbox 424 2373 511 2443; x_wconf 87' lang='lat' dir='ltr'><strong>qui</strong></span> <span class='ocrx_word' id='word_1_313' title='bbox 537 2372 608 2425; x_wconf 89' lang='lat' dir='ltr'><strong>ita</strong></span> <span class='ocrx_word' id='word_1_314' title='bbox 638 2372 800 2424; x_wconf 88' lang='lat' dir='ltr'><strong>vitam</strong></span> <span class='ocrx_word' id='word_1_315' title='bbox 825 2386 976 2428; x_wconf 88' lang='lat' dir='ltr'><strong>suam</strong></span> <span class='ocrx_word' id='word_1_316' title='bbox 1004 2360 1211 2431; x_wconf 86' lang='lat' dir='ltr'><strong>liberet,</strong></span> <span class='ocrx_word' id='word_1_317' title='bbox 1241 2370 1378 2423; x_wconf 86' lang='lat' dir='ltr'><strong>utin</strong></span> <span class='ocrx_word' id='word_1_318' title='bbox 1407 2362 1553 2439; x_wconf 90' lang='lat' dir='ltr'><strong>nullo</strong></span> <span class='ocrx_word' id='word_1_319' title='bbox 1576 2362 1789 2436; x_wconf 74' lang='lat' dir='ltr'><strong>penitus</strong></span> 
     </span>
    </p>
   </div>
   <div class='ocr_carea' id='block_1_40' title="bbox 211 2450 1786 2534">
    <p class='ocr_par' dir='ltr' id='par_1_40' title="bbox 211 2450 1786 2534">
     <span class='ocr_line' id='line_1_40' title="bbox 211 2450 1786 2534; baseline -0.006 -13"><span class='ocrx_word' id='word_1_320' title='bbox 211 2465 526 2534; x_wconf 84' lang='lat' dir='ltr'><strong>delinquat?</strong></span> <span class='ocrx_word' id='word_1_321' title='bbox 557 2463 663 2519; x_wconf 88' lang='lat' dir='ltr'><strong>Sed</strong></span> <span class='ocrx_word' id='word_1_322' title='bbox 692 2469 747 2518; x_wconf 85' lang='lat' dir='ltr'><strong>et</strong></span> <span class='ocrx_word' id='word_1_323' title='bbox 770 2460 1002 2517; x_wconf 83' lang='lat' dir='ltr'><strong>Joannes</strong></span> <span class='ocrx_word' id='word_1_324' title='bbox 1028 2461 1299 2532; x_wconf 88' lang='lat' dir='ltr'><strong>apostolus</strong></span> <span class='ocrx_word' id='word_1_325' title='bbox 1332 2461 1383 2514; x_wconf 93' lang='lat' dir='ltr'><strong>in</strong></span> <span class='ocrx_word' id='word_1_326' title='bbox 1407 2450 1643 2530; x_wconf 89' lang='lat' dir='ltr'><strong>Epistola</strong></span> <span class='ocrx_word' id='word_1_327' title='bbox 1668 2474 1786 2522; x_wconf 91' lang='lat' dir='ltr'><strong>sua,</strong></span> 
     </span>
    </p>
   </div>
   <div class='ocr_carea' id='block_1_41' title="bbox 210 2547 1790 2623">
    <p class='ocr_par' dir='ltr' id='par_1_41' title="bbox 210 2547 1790 2623">
     <span class='ocr_line' id='line_1_41' title="bbox 210 2547 1790 2623; baseline -0.006 -13"><span class='ocrx_word' id='word_1_328' title='bbox 210 2555 490 2610; x_wconf 89' lang='lat' dir='ltr'><strong>evidenter</strong></span> <span class='ocrx_word' id='word_1_329' title='bbox 544 2555 705 2609; x_wconf 89' lang='lat' dir='ltr'><strong>etiam</strong></span> <span class='ocrx_word' id='word_1_330' title='bbox 741 2553 1041 2623; x_wconf 83' lang='lat' dir='ltr'><strong>Opinionem</strong></span> <span class='ocrx_word' id='word_1_331' title='bbox 1092 2550 1399 2621; x_wconf 69' lang='lat' dir='ltr'><strong>huiusmodi</strong></span> <span class='ocrx_word' id='word_1_332' title='bbox 1446 2552 1615 2620; x_wconf 85' lang='lat' dir='ltr'><strong>notat,</strong></span> <span class='ocrx_word' id='word_1_333' title='bbox 1662 2547 1790 2602; x_wconf 89' lang='lat' dir='ltr'><strong>dum</strong></span> 
     </span>
    </p>
   </div>
   <div class='ocr_carea' id='block_1_42' title="bbox 210 2625 1791 2719">
    <p class='ocr_par' dir='ltr' id='par_1_42' title="bbox 210 2625 1791 2719">
     <span class='ocr_line' id='line_1_42' title="bbox 210 2625 1791 2719; baseline -0.008 -16"><span class='ocrx_word' id='word_1_334' title='bbox 210 2649 288 2703; x_wconf 83' lang='lat' dir='ltr'><strong>ait</strong></span> <span class='ocrx_word' id='word_1_335' title='bbox 321 2665 334 2700; x_wconf 90' lang='lat'><strong>:</strong></span> <span class='ocrx_word' id='word_1_336' title='bbox 363 2644 422 2719; x_wconf 86' lang='lat' dir='ltr'><strong>Si</strong></span> <span class='ocrx_word' id='word_1_337' title='bbox 451 2647 567 2717; x_wconf 90' lang='lat' dir='ltr'><strong>quis</strong></span> <span class='ocrx_word' id='word_1_338' title='bbox 596 2646 806 2709; x_wconf 71' lang='lat' dir='ltr'><strong>dixerit,</strong></span> <span class='ocrx_word' id='word_1_339' title='bbox 860 2645 983 2715; x_wconf 90' lang='lat' dir='ltr'><strong>quia</strong></span> <span class='ocrx_word' id='word_1_340' title='bbox 1030 2636 1295 2713; x_wconf 80' lang='lat' dir='ltr'><strong>peceatum</strong></span> <span class='ocrx_word' id='word_1_341' title='bbox 1354 2639 1456 2694; x_wconf 81' lang='lat' dir='ltr'><strong>non</strong></span> <span class='ocrx_word' id='word_1_342' title='bbox 1498 2625 1675 2702; x_wconf 21' lang='lat' dir='ltr'><strong>&#39;ha&#39;bet,</strong></span> <span class='ocrx_word' id='word_1_343' title='bbox 1709 2639 1791 2691; x_wconf 81' lang='lat' dir='ltr'><strong>hic</strong></span> 
     </span>
    </p>
   </div>
   <div class='ocr_carea' id='block_1_43' title="bbox 213 2720 1791 2801">
    <p class='ocr_par' dir='ltr' id='par_1_43' title="bbox 213 2720 1791 2801">
     <span class='ocr_line' id='line_1_43' title="bbox 213 2720 1791 2801; baseline -0.005 -10"><span class='ocrx_word' id='word_1_344' title='bbox 213 2738 440 2793; x_wconf 73' lang='lat' dir='ltr'><strong>mendae:</strong></span> <span class='ocrx_word' id='word_1_345' title='bbox 469 2747 563 2801; x_wconf 87' lang='lat' dir='ltr'><strong>est,</strong></span> <span class='ocrx_word' id='word_1_346' title='bbox 589 2746 637 2791; x_wconf 90' lang='lat' dir='ltr'><strong>et</strong></span> <span class='ocrx_word' id='word_1_347' title='bbox 665 2737 852 2790; x_wconf 85' lang='lat' dir='ltr'><strong>veritas</strong></span> <span class='ocrx_word' id='word_1_348' title='bbox 879 2736 936 2791; x_wconf 88' lang='lat' dir='ltr'><strong>in</strong></span> <span class='ocrx_word' id='word_1_349' title='bbox 976 2752 1036 2789; x_wconf 89' lang='lat' dir='ltr'><strong>eo</strong></span> <span class='ocrx_word' id='word_1_350' title='bbox 1091 2730 1191 2789; x_wconf 86' lang='lat' dir='ltr'><strong>non</strong></span> <span class='ocrx_word' id='word_1_351' title='bbox 1219 2720 1311 2788; x_wconf 69' lang='lat' dir='ltr'><strong>esi.</strong></span> <span class='ocrx_word' id='word_1_352' title='bbox 1342 2730 1400 2793; x_wconf 85' lang='lat' dir='ltr'><strong>Si</strong></span> <span class='ocrx_word' id='word_1_353' title='bbox 1428 2726 1791 2800; x_wconf 30' lang='lat' dir='ltr'><strong>fcenﬁteamur</strong></span> 
     </span>
    </p>
   </div>
   <div class='ocr_carea' id='block_1_44' title="bbox 212 2814 1791 2899">
    <p class='ocr_par' dir='ltr' id='par_1_44' title="bbox 212 2814 1791 2899">
     <span class='ocr_line' id='line_1_44' title="bbox 212 2814 1791 2899; baseline -0.004 -18"><span class='ocrx_word' id='word_1_354' title='bbox 212 2836 428 2897; x_wconf 85' lang='lat' dir='ltr'><strong>peccata</strong></span> <span class='ocrx_word' id='word_1_355' title='bbox 460 2836 657 2889; x_wconf 83' lang='lat' dir='ltr'><strong>nostra,</strong></span> <span class='ocrx_word' id='word_1_356' title='bbox 684 2824 931 2897; x_wconf 83' lang='lat' dir='ltr'><strong>habemus</strong></span> <span class='ocrx_word' id='word_1_357' title='bbox 962 2814 1434 2899; x_wconf 73' lang='lat' dir='ltr'><strong>advocatumapud</strong></span> <span class='ocrx_word' id='word_1_358' title='bbox 1462 2820 1675 2887; x_wconf 85' lang='lat' dir='ltr'><strong>Patrem</strong></span> <span class='ocrx_word' id='word_1_359' title='bbox 1700 2820 1791 2875; x_wconf 82' lang='lat' dir='ltr'><strong>Je-</strong></span> 
     </span>
    </p>
   </div>
   <div class='ocr_carea' id='block_1_45' title="bbox 212 2900 1788 2987">
    <p class='ocr_par' dir='ltr' id='par_1_45' title="bbox 212 2900 1788 2987">
     <span class='ocr_line' id='line_1_45' title="bbox 212 2900 1788 2987; baseline -0.006 -17"><span class='ocrx_word' id='word_1_360' title='bbox 212 2932 332 2971; x_wconf 86' lang='lat' dir='ltr'><strong>sum</strong></span> <span class='ocrx_word' id='word_1_361' title='bbox 346 2900 573 2986; x_wconf 63' lang='lat' dir='ltr'><strong>justum,</strong></span> <span class='ocrx_word' id='word_1_362' title='bbox 596 2916 684 2987; x_wconf 88' lang='lat' dir='ltr'><strong>qui</strong></span> <span class='ocrx_word' id='word_1_363' title='bbox 722 2902 899 2968; x_wconf 57' lang='lat' dir='ltr'><strong>eirorat</strong></span> <span class='ocrx_word' id='word_1_364' title='bbox 940 2912 1033 2983; x_wconf 78' lang='lat' dir='ltr'><strong>pro</strong></span> <span class='ocrx_word' id='word_1_365' title='bbox 1072 2906 1309 2983; x_wconf 77' lang='lat' dir='ltr'><strong>peccatis</strong></span> <span class='ocrx_word' id='word_1_366' title='bbox 1342 2911 1530 2965; x_wconf 84' lang='lat' dir='ltr'><strong>nostris</strong></span> <span class='ocrx_word' id='word_1_367' title='bbox 1558 2908 1608 2980; x_wconf 86' lang='grc' dir='ltr'><strong>(Ι</strong></span> <span class='ocrx_word' id='word_1_368' title='bbox 1630 2908 1788 2963; x_wconf 84' lang='lat' dir='ltr'><strong>Joan.</strong></span> 
     </span>
    </p>
   </div>
   <div class='ocr_carea' id='block_1_46' title="bbox 215 2994 1787 3083">
    <p class='ocr_par' dir='ltr' id='par_1_46' title="bbox 215 2994 1787 3083">
     <span class='ocr_line' id='line_1_46' title="bbox 215 2994 1787 3083; baseline -0.006 -19"><span class='ocrx_word' id='word_1_369' title='bbox 215 3008 357 3079; x_wconf 88' lang='lat'><strong>1,11).</strong></span> <span class='ocrx_word' id='word_1_370' title='bbox 377 3008 499 3064; x_wconf 69' lang='lat' dir='ltr'><strong>Haec</strong></span> <span class='ocrx_word' id='word_1_371' title='bbox 525 3023 652 3078; x_wconf 89' lang='lat' dir='ltr'><strong>ergo</strong></span> <span class='ocrx_word' id='word_1_372' title='bbox 676 3022 706 3061; x_wconf 87' lang='lat' dir='ltr'><strong>a</strong></span> <span class='ocrx_word' id='word_1_373' title='bbox 736 2994 889 3083; x_wconf 85' lang='lat' dir='ltr'><strong>nobis</strong></span> <span class='ocrx_word' id='word_1_374' title='bbox 916 3007 971 3060; x_wconf 93' lang='lat' dir='ltr'><strong>in</strong></span> <span class='ocrx_word' id='word_1_375' title='bbox 1006 3006 1107 3060; x_wconf 91' lang='lat' dir='ltr'><strong>hoc</strong></span> <span class='ocrx_word' id='word_1_376' title='bbox 1137 3004 1277 3069; x_wconf 91' lang='lat' dir='ltr'><strong>loco,</strong></span> <span class='ocrx_word' id='word_1_377' title='bbox 1310 3012 1467 3074; x_wconf 83' lang='lat' dir='ltr'><strong>prout</strong></span> <span class='ocrx_word' id='word_1_378' title='bbox 1496 3002 1787 3072; x_wconf 91' lang='lat' dir='ltr'><strong>potuimus,</strong></span> 
     </span>
    </p>
   </div>
   <div class='ocr_carea' id='block_1_47' title="bbox 216 3088 1788 3171">
    <p class='ocr_par' dir='ltr' id='par_1_47' title="bbox 216 3088 1788 3171">
     <span class='ocr_line' id='line_1_47' title="bbox 216 3088 1788 3171; baseline -0.007 -17"><span class='ocrx_word' id='word_1_379' title='bbox 216 3090 459 3154; x_wconf 81' lang='lat' dir='ltr'><strong>discussa</strong></span> <span class='ocrx_word' id='word_1_380' title='bbox 508 3094 632 3153; x_wconf 89' lang='lat' dir='ltr'><strong>sunt</strong></span> <span class='ocrx_word' id='word_1_381' title='bbox 668 3090 1129 3171; x_wconf 80' lang='lat' dir='ltr'><strong>considerantibus</strong></span> <span class='ocrx_word' id='word_1_382' title='bbox 1154 3094 1317 3147; x_wconf 90' lang='lat' dir='ltr'><strong>etiam</strong></span> <span class='ocrx_word' id='word_1_383' title='bbox 1362 3088 1508 3157; x_wconf 89' lang='lat' dir='ltr'><strong>illud,</strong></span> <span class='ocrx_word' id='word_1_384' title='bbox 1535 3091 1675 3161; x_wconf 90' lang='lat' dir='ltr'><strong>quod</strong></span> <span class='ocrx_word' id='word_1_385' title='bbox 1705 3090 1788 3144; x_wconf 93' lang='lat' dir='ltr'><strong>di-</strong></span> 
     </span>
    </p>
   </div>
   <div class='ocr_carea' id='block_1_48' title="bbox 215 3174 1791 3263">
    <p class='ocr_par' dir='ltr' id='par_1_48' title="bbox 215 3174 1791 3263">
     <span class='ocr_line' id='line_1_48' title="bbox 215 3174 1791 3263; baseline -0.006 -15"><span class='ocrx_word' id='word_1_386' title='bbox 215 3193 294 3248; x_wconf 87' lang='lat' dir='ltr'><strong>cit</strong></span> <span class='ocrx_word' id='word_1_387' title='bbox 316 3174 621 3263; x_wconf 78' lang='lat' dir='ltr'><strong>Apostolus,</strong></span> <span class='ocrx_word' id='word_1_388' title='bbox 657 3206 725 3245; x_wconf 90' lang='lat' dir='ltr'><strong>an</strong></span> <span class='ocrx_word' id='word_1_389' title='bbox 750 3182 1053 3244; x_wconf 63' lang='lat' dir='ltr'><strong>Iudaeorum</strong></span> <span class='ocrx_word' id='word_1_390' title='bbox 1097 3180 1240 3253; x_wconf 82' lang='lat' dir='ltr'><strong>Deus</strong></span> <span class='ocrx_word' id='word_1_391' title='bbox 1262 3182 1501 3251; x_wconf 67' lang='lat' dir='ltr'><strong>tantum,</strong></span> <span class='ocrx_word' id='word_1_392' title='bbox 1536 3201 1713 3241; x_wconf 87' lang='lat' dir='ltr'><strong>nonne</strong></span> <span class='ocrx_word' id='word_1_393' title='bbox 1736 3194 1791 3240; x_wconf 89' lang='lat' dir='ltr'><strong>et</strong></span> 
     </span>
    </p>
   </div>
   <div class='ocr_carea' id='block_1_49' title="bbox 217 3271 1793 3355">
    <p class='ocr_par' dir='ltr' id='par_1_49' title="bbox 217 3271 1793 3355">
     <span class='ocr_line' id='line_1_49' title="bbox 217 3271 1793 3355; baseline -0.005 -18"><span class='ocrx_word' id='word_1_394' title='bbox 217 3271 499 3355; x_wconf 85' lang='lat' dir='ltr'><strong>gentium?</strong></span> <span class='ocrx_word' id='word_1_395' title='bbox 537 3280 649 3335; x_wconf 85' lang='lat' dir='ltr'><strong>[mo</strong></span> <span class='ocrx_word' id='word_1_396' title='bbox 694 3289 748 3335; x_wconf 89' lang='lat' dir='ltr'><strong>et</strong></span> <span class='ocrx_word' id='word_1_397' title='bbox 782 3281 1047 3349; x_wconf 88' lang='lat' dir='ltr'><strong>gentium,</strong></span> <span class='ocrx_word' id='word_1_398' title='bbox 1086 3286 1146 3333; x_wconf 90' lang='lat' dir='ltr'><strong>ut</strong></span> <span class='ocrx_word' id='word_1_399' title='bbox 1190 3292 1288 3351; x_wconf 72' lang='lat' dir='ltr'><strong>per</strong></span> <span class='ocrx_word' id='word_1_400' title='bbox 1334 3279 1448 3355; x_wconf 60' lang='lat' dir='ltr'><strong>hmo</strong></span> <span class='ocrx_word' id='word_1_401' title='bbox 1490 3276 1793 3343; x_wconf 79' lang='lat' dir='ltr'><strong>evidentior</strong></span> 
     </span>
    </p>
   </div>
   <div class='ocr_carea' id='block_1_50' title="bbox 216 3349 1793 3449">
    <p class='ocr_par' dir='ltr' id='par_1_50' title="bbox 216 3349 1793 3449">
     <span class='ocr_line' id='line_1_50' title="bbox 216 3349 1793 3449; baseline -0.006 -21"><span class='ocrx_word' id='word_1_402' title='bbox 216 3349 316 3429; x_wconf 52' lang='lat' dir='ltr'><strong>flat</strong></span> <span class='ocrx_word' id='word_1_403' title='bbox 363 3372 687 3443; x_wconf 72' lang='lat' dir='ltr'><strong>eXplanatio,</strong></span> <span class='ocrx_word' id='word_1_404' title='bbox 747 3364 1015 3449; x_wconf 81' lang='lat' dir='ltr'><strong>quomOdo</strong></span> <span class='ocrx_word' id='word_1_405' title='bbox 1068 3349 1543 3449; x_wconf 20' lang='lat' dir='ltr'><strong>Judmiipr‘imum,</strong></span> <span class='ocrx_word' id='word_1_406' title='bbox 1592 3360 1793 3419; x_wconf 89' lang='lat' dir='ltr'><strong>deinde</strong></span> 
     </span>
    </p>
   </div>
   <div class='ocr_carea' id='block_1_51' title="bbox 213 3436 1792 3543">
    <p class='ocr_par' dir='ltr' id='par_1_51' title="bbox 213 3436 1792 3543">
     <span class='ocr_line' id='line_1_51' title="bbox 213 3436 1792 3543; baseline -0.007 -23"><span class='ocrx_word' id='word_1_407' title='bbox 213 3463 389 3521; x_wconf 59' lang='lat' dir='ltr'><strong>Graeci</strong></span> <span class='ocrx_word' id='word_1_408' title='bbox 424 3436 694 3539; x_wconf 78' lang='lat' dir='ltr'><strong>ponuntur</strong></span> <span class='ocrx_word' id='word_1_409' title='bbox 719 3436 787 3514; x_wconf 75' lang='lat' dir='ltr'><strong>al)</strong></span> <span class='ocrx_word' id='word_1_410' title='bbox 814 3446 1092 3529; x_wconf 78' lang='lat' dir='ltr'><strong>Apostolo,</strong></span> <span class='ocrx_word' id='word_1_411' title='bbox 1122 3436 1214 3531; x_wconf 67' lang='lat' dir='ltr'><strong>sed</strong></span> <span class='ocrx_word' id='word_1_412' title='bbox 1247 3436 1452 3523; x_wconf 70' lang='lat' dir='ltr'><strong>tantum</strong></span> <span class='ocrx_word' id='word_1_413' title='bbox 1566 3455 1792 3516; x_wconf 86' lang='lat' dir='ltr'><strong>arbitrio</strong></span> 
     </span>
    </p>
   </div>
   <div class='ocr_carea' id='block_1_52' title="bbox 214 3538 1793 3625">
    <p class='ocr_par' dir='ltr' id='par_1_52' title="bbox 214 3538 1793 3625">
     <span class='ocr_line' id='line_1_52' title="bbox 214 3538 1793 3625; baseline -0.006 -16"><span class='ocrx_word' id='word_1_414' title='bbox 214 3553 445 3625; x_wconf 72' lang='lat' dir='ltr'><strong>legentis</strong></span> <span class='ocrx_word' id='word_1_415' title='bbox 473 3538 786 3623; x_wconf 85' lang='lat' dir='ltr'><strong>sitprobare</strong></span> <span class='ocrx_word' id='word_1_416' title='bbox 811 3564 930 3620; x_wconf 68' lang='lat' dir='ltr'><strong>quae</strong></span> <span class='ocrx_word' id='word_1_417' title='bbox 962 3550 1103 3615; x_wconf 88' lang='lat' dir='ltr'><strong>dicta</strong></span> <span class='ocrx_word' id='word_1_418' title='bbox 1133 3540 1281 3613; x_wconf 76' lang='lat' dir='ltr'><strong>sunt,</strong></span> <span class='ocrx_word' id='word_1_419' title='bbox 1306 3538 1613 3601; x_wconf 35' lang='lat' dir='ltr'><strong>nos&#39;au’tem</strong></span> <span class='ocrx_word' id='word_1_420' title='bbox 1640 3546 1793 3615; x_wconf 91' lang='lat' dir='ltr'><strong>plura</strong></span> 
     </span>
    </p>
   </div>
   <div class='ocr_carea' id='block_1_53' title="bbox 218 3634 1795 3707">
    <p class='ocr_par' dir='ltr' id='par_1_53' title="bbox 218 3634 1795 3707">
     <span class='ocr_line' id='line_1_53' title="bbox 218 3634 1795 3707; baseline -0.006 -8"><span class='ocrx_word' id='word_1_421' title='bbox 218 3644 541 3699; x_wconf 78' lang='lat' dir='ltr'><strong>adduximus</strong></span> <span class='ocrx_word' id='word_1_422' title='bbox 566 3641 619 3694; x_wconf 90' lang='lat' dir='ltr'><strong>in</strong></span> <span class='ocrx_word' id='word_1_423' title='bbox 650 3635 954 3702; x_wconf 82' lang='lat' dir='ltr'><strong>tractatum,</strong></span> <span class='ocrx_word' id='word_1_424' title='bbox 985 3653 1052 3692; x_wconf 90' lang='lat' dir='ltr'><strong>ne</strong></span> <span class='ocrx_word' id='word_1_425' title='bbox 1077 3639 1203 3707; x_wconf 90' lang='lat' dir='ltr'><strong>quid</strong></span> <span class='ocrx_word' id='word_1_426' title='bbox 1238 3636 1303 3692; x_wconf 90' lang='lat' dir='ltr'><strong>de</strong></span> <span class='ocrx_word' id='word_1_427' title='bbox 1344 3634 1584 3706; x_wconf 77' lang='lat' dir='ltr'><strong>Apostoli</strong></span> <span class='ocrx_word' id='word_1_428' title='bbox 1632 3650 1795 3690; x_wconf 88' lang='lat' dir='ltr'><strong>sensu</strong></span> 
     </span>
    </p>
   </div>
   <div class='ocr_carea' id='block_1_54' title="bbox 220 3729 1272 3799">
    <p class='ocr_par' dir='ltr' id='par_1_54' title="bbox 220 3729 1272 3799">
     <span class='ocr_line' id='line_1_54' title="bbox 220 3729 1272 3799; baseline -0.01 -10"><span class='ocrx_word' id='word_1_429' title='bbox 220 3735 581 3789; x_wconf 87' lang='lat' dir='ltr'><strong>iudiscussum</strong></span> <span class='ocrx_word' id='word_1_430' title='bbox 611 3731 919 3799; x_wconf 88' lang='lat' dir='ltr'><strong>relinquere</strong></span> <span class='ocrx_word' id='word_1_431' title='bbox 945 3729 1272 3782; x_wconf 88' lang='lat' dir='ltr'><strong>videremur.</strong></span> 
     </span>
    </p>
   </div>
   <div class='ocr_carea' id='block_1_55' title="bbox 293 3815 1796 3893">
    <p class='ocr_par' dir='ltr' id='par_1_55' title="bbox 293 3815 1796 3893">
     <span class='ocr_line' id='line_1_55' title="bbox 293 3815 1796 3893; baseline -0.005 -17"><span class='ocrx_word' id='word_1_432' title='bbox 293 3824 598 3893; x_wconf 79' lang='lat' dir='ltr'><strong>Quicunque</strong></span> <span class='ocrx_word' id='word_1_433' title='bbox 631 3820 767 3875; x_wconf 85' lang='lat' dir='ltr'><strong>enim</strong></span> <span class='ocrx_word' id='word_1_434' title='bbox 808 3821 919 3873; x_wconf 84' lang='lat' dir='ltr'><strong>sine</strong></span> <span class='ocrx_word' id='word_1_435' title='bbox 954 3818 1060 3888; x_wconf 83' lang='lat' dir='ltr'><strong>lege</strong></span> <span class='ocrx_word' id='word_1_436' title='bbox 1097 3824 1465 3888; x_wconf 85' lang='lat' dir='ltr'><strong>peccaverunt,</strong></span> <span class='ocrx_word' id='word_1_437' title='bbox 1528 3818 1641 3869; x_wconf 87' lang='lat' dir='ltr'><strong>sine</strong></span> <span class='ocrx_word' id='word_1_438' title='bbox 1687 3815 1796 3889; x_wconf 86' lang='lat' dir='ltr'><strong>lege</strong></span> 
     </span>
    </p>
   </div>
   <div class='ocr_carea' id='block_1_56' title="bbox 218 3898 1794 3985">
    <p class='ocr_par' dir='ltr' id='par_1_56' title="bbox 218 3898 1794 3985">
     <span class='ocr_line' id='line_1_56' title="bbox 218 3898 1794 3985; baseline -0.007 -16"><span class='ocrx_word' id='word_1_439' title='bbox 218 3913 477 3985; x_wconf 70' lang='lat' dir='ltr'><strong>peribunt.</strong></span> <span class='ocrx_word' id='word_1_440' title='bbox 532 3909 810 3977; x_wconf 85' lang='lat' dir='ltr'><strong>Quomodo</strong></span> <span class='ocrx_word' id='word_1_441' title='bbox 838 3898 1027 3980; x_wconf 23' lang='lat' dir='ltr'><strong>,poteSt</strong></span> <span class='ocrx_word' id='word_1_442' title='bbox 1078 3908 1193 3963; x_wconf 83' lang='lat' dir='ltr'><strong>sine</strong></span> <span class='ocrx_word' id='word_1_443' title='bbox 1221 3901 1338 3978; x_wconf 78' lang='lat' dir='ltr'><strong>lege</strong></span> <span class='ocrx_word' id='word_1_444' title='bbox 1378 3906 1612 3985; x_wconf 85' lang='lat' dir='ltr'><strong>peccari,</strong></span> <span class='ocrx_word' id='word_1_445' title='bbox 1670 3921 1794 3960; x_wconf 91' lang='lat' dir='ltr'><strong>cum</strong></span> 
     </span>
    </p>
   </div>
   <div class='ocr_carea' id='block_1_57' title="bbox 218 3981 1797 4065">
    <p class='ocr_par' dir='ltr' id='par_1_57' title="bbox 218 3981 1797 4065">
     <span class='ocr_line' id='line_1_57' title="bbox 218 3981 1797 4065; baseline -0.004 -9"><span class='ocrx_word' id='word_1_446' title='bbox 218 3981 408 4056; x_wconf 85' lang='lat' dir='ltr'><strong>omnes</strong></span> <span class='ocrx_word' id='word_1_447' title='bbox 440 3999 597 4055; x_wconf 88' lang='lat' dir='ltr'><strong>simul</strong></span> <span class='ocrx_word' id='word_1_448' title='bbox 641 3998 856 4063; x_wconf 79' lang='lat' dir='ltr'><strong>subditi&#39;</strong></span> <span class='ocrx_word' id='word_1_449' title='bbox 896 3998 1063 4051; x_wconf 87' lang='lat' dir='ltr'><strong>simus</strong></span> <span class='ocrx_word' id='word_1_450' title='bbox 1104 3996 1209 4065; x_wconf 87' lang='lat' dir='ltr'><strong>legi</strong></span> <span class='ocrx_word' id='word_1_451' title='bbox 1260 3981 1532 4050; x_wconf 68' lang='lat' dir='ltr'><strong>naturali?</strong></span> <span class='ocrx_word' id='word_1_452' title='bbox 1583 3994 1690 4049; x_wconf 91' lang='lat' dir='ltr'><strong>Sed</strong></span> <span class='ocrx_word' id='word_1_453' title='bbox 1731 3995 1797 4050; x_wconf 90' lang='lat' dir='ltr'><strong>de</strong></span> 
     </span>
    </p>
   </div>
   <div class='ocr_carea' id='block_1_58' title="bbox 219 4075 1798 4161">
    <p class='ocr_par' dir='ltr' id='par_1_58' title="bbox 219 4075 1798 4161">
     <span class='ocr_line' id='line_1_58' title="bbox 219 4075 1798 4161; baseline -0.003 -15"><span class='ocrx_word' id='word_1_454' title='bbox 219 4091 419 4161; x_wconf 76' lang='lat' dir='ltr'><strong>Moysis</strong></span> <span class='ocrx_word' id='word_1_455' title='bbox 436 4090 549 4160; x_wconf 88' lang='lat' dir='ltr'><strong>lege</strong></span> <span class='ocrx_word' id='word_1_456' title='bbox 564 4075 711 4153; x_wconf 83' lang='lat' dir='ltr'><strong>dicit,</strong></span> <span class='ocrx_word' id='word_1_457' title='bbox 732 4080 815 4144; x_wconf 58' lang='lat' dir='ltr'><strong>c‘tii</strong></span> <span class='ocrx_word' id='word_1_458' title='bbox 831 4086 996 4142; x_wconf 65' lang='lat' dir='ltr'><strong>Judaei</strong></span> <span class='ocrx_word' id='word_1_459' title='bbox 1012 4075 1228 4141; x_wconf 81' lang='lat' dir='ltr'><strong>ebum‘tii</strong></span> <span class='ocrx_word' id='word_1_460' title='bbox 1251 4084 1395 4149; x_wconf 73' lang='lat' dir='ltr'><strong>Sunt,</strong></span> <span class='ocrx_word' id='word_1_461' title='bbox 1414 4086 1538 4139; x_wconf 91' lang='lat' dir='ltr'><strong>dum</strong></span> <span class='ocrx_word' id='word_1_462' title='bbox 1552 4101 1657 4139; x_wconf 91' lang='lat' dir='ltr'><strong>non</strong></span> <span class='ocrx_word' id='word_1_463' title='bbox 1679 4101 1798 4141; x_wconf 87' lang='lat' dir='ltr'><strong>cre-</strong></span> 
     </span>
    </p>
   </div>
   <div class='ocr_carea' id='block_1_59' title="bbox 220 4175 1798 4248">
    <p class='ocr_par' dir='ltr' id='par_1_59' title="bbox 220 4175 1798 4248">
     <span class='ocr_line' id='line_1_59' title="bbox 220 4175 1798 4248; baseline -0.004 -13"><span class='ocrx_word' id='word_1_464' title='bbox 220 4182 374 4242; x_wconf 89' lang='lat' dir='ltr'><strong>dunt,</strong></span> <span class='ocrx_word' id='word_1_465' title='bbox 401 4194 499 4233; x_wconf 91' lang='lat' dir='ltr'><strong>nec</strong></span> <span class='ocrx_word' id='word_1_466' title='bbox 520 4194 625 4233; x_wconf 84' lang='lat' dir='ltr'><strong>non</strong></span> <span class='ocrx_word' id='word_1_467' title='bbox 647 4186 702 4232; x_wconf 90' lang='lat' dir='ltr'><strong>et</strong></span> <span class='ocrx_word' id='word_1_468' title='bbox 720 4177 965 4248; x_wconf 89' lang='lat' dir='ltr'><strong>gentiles,</strong></span> <span class='ocrx_word' id='word_1_469' title='bbox 986 4177 1079 4231; x_wconf 89' lang='lat' dir='ltr'><strong>sed</strong></span> <span class='ocrx_word' id='word_1_470' title='bbox 1095 4176 1437 4246; x_wconf 87' lang='lat' dir='ltr'><strong>jamdudum;</strong></span> <span class='ocrx_word' id='word_1_471' title='bbox 1465 4175 1586 4243; x_wconf 88' lang='lat' dir='ltr'><strong>quia</strong></span> <span class='ocrx_word' id='word_1_472' title='bbox 1610 4175 1798 4244; x_wconf 87' lang='lat' dir='ltr'><strong>adjun-</strong></span> 
     </span>
    </p>
   </div>
   <div class='ocr_carea' id='block_1_60' title="bbox 220 4260 1795 4344">
    <p class='ocr_par' dir='ltr' id='par_1_60' title="bbox 220 4260 1795 4344">
     <span class='ocr_line' id='line_1_60' title="bbox 220 4260 1795 4344; baseline -0.005 -17"><span class='ocrx_word' id='word_1_473' title='bbox 220 4286 346 4344; x_wconf 89' lang='lat' dir='ltr'><strong>gere</strong></span> <span class='ocrx_word' id='word_1_474' title='bbox 367 4288 425 4326; x_wconf 86' lang='lat' dir='ltr'><strong>se</strong></span> <span class='ocrx_word' id='word_1_475' title='bbox 447 4270 521 4325; x_wconf 91' lang='lat' dir='ltr'><strong>illi</strong></span> <span class='ocrx_word' id='word_1_476' title='bbox 545 4269 846 4341; x_wconf 82' lang='lat' dir='ltr'><strong>noluerunt.</strong></span> <span class='ocrx_word' id='word_1_477' title='bbox 868 4266 983 4323; x_wconf 84' lang='lat' dir='ltr'><strong>Non</strong></span> <span class='ocrx_word' id='word_1_478' title='bbox 1007 4268 1286 4322; x_wconf 87' lang='lat' dir='ltr'><strong>credentes</strong></span> <span class='ocrx_word' id='word_1_479' title='bbox 1307 4280 1435 4332; x_wconf 83' lang='lat' dir='ltr'><strong>ergo</strong></span> <span class='ocrx_word' id='word_1_480' title='bbox 1455 4260 1681 4334; x_wconf 79' lang='lat' dir='ltr'><strong>gentiles</strong></span> <span class='ocrx_word' id='word_1_481' title='bbox 1696 4266 1795 4319; x_wconf 82' lang='lat' dir='ltr'><strong>du-</strong></span> 
     </span>
    </p>
   </div>
   <div class='ocr_carea' id='block_1_61' title="bbox 218 4353 1795 4432">
    <p class='ocr_par' dir='ltr' id='par_1_61' title="bbox 218 4353 1795 4432">
     <span class='ocr_line' id='line_1_61' title="bbox 218 4353 1795 4432; baseline -0.004 -16"><span class='ocrx_word' id='word_1_482' title='bbox 218 4362 556 4432; x_wconf 79' lang='lat' dir='ltr'><strong>plicigeftere</strong></span> <span class='ocrx_word' id='word_1_483' title='bbox 578 4353 712 4413; x_wconf 79' lang='lat' dir='ltr'><strong>ﬁunt</strong></span> <span class='ocrx_word' id='word_1_484' title='bbox 729 4358 823 4418; x_wconf 86' lang='lat' dir='ltr'><strong>rei,</strong></span> <span class='ocrx_word' id='word_1_485' title='bbox 845 4359 970 4427; x_wconf 90' lang='lat' dir='ltr'><strong>quia</strong></span> <span class='ocrx_word' id='word_1_486' title='bbox 998 4372 1169 4426; x_wconf 90' lang='lat' dir='ltr'><strong>neque</strong></span> <span class='ocrx_word' id='word_1_487' title='bbox 1193 4357 1293 4428; x_wconf 88' lang='lat' dir='ltr'><strong>legi</strong></span> <span class='ocrx_word' id='word_1_488' title='bbox 1309 4356 1446 4410; x_wconf 67' lang='lat' dir='ltr'><strong>data:</strong></span> <span class='ocrx_word' id='word_1_489' title='bbox 1470 4356 1563 4425; x_wconf 71' lang='lat' dir='ltr'><strong>per</strong></span> <span class='ocrx_word' id='word_1_490' title='bbox 1578 4354 1795 4427; x_wconf 80' lang='lat' dir='ltr'><strong>Moysen</strong></span> 
     </span>
    </p>
   </div>
   <div class='ocr_carea' id='block_1_62' title="bbox 220 4441 1791 4522">
    <p class='ocr_par' dir='ltr' id='par_1_62' title="bbox 220 4441 1791 4522">
     <span class='ocr_line' id='line_1_62' title="bbox 220 4441 1791 4522; baseline -0.004 -16"><span class='ocrx_word' id='word_1_491' title='bbox 220 4460 588 4512; x_wconf 88' lang='lat' dir='ltr'><strong>assenserunt,</strong></span> <span class='ocrx_word' id='word_1_492' title='bbox 626 4446 799 4518; x_wconf 88' lang='lat' dir='ltr'><strong>neque</strong></span> <span class='ocrx_word' id='word_1_493' title='bbox 819 4447 1018 4502; x_wconf 87' lang='lat' dir='ltr'><strong>Christi</strong></span> <span class='ocrx_word' id='word_1_494' title='bbox 1048 4446 1274 4517; x_wconf 84' lang='lat' dir='ltr'><strong>gratiam</strong></span> <span class='ocrx_word' id='word_1_495' title='bbox 1304 4441 1647 4522; x_wconf 80' lang='lat' dir='ltr'><strong>receperunt,</strong></span> <span class='ocrx_word' id='word_1_496' title='bbox 1672 4446 1791 4499; x_wconf 92' lang='lat' dir='ltr'><strong>ideo</strong></span> 
     </span>
    </p>
   </div>
   <div class='ocr_carea' id='block_1_63' title="bbox 221 4526 1793 4617">
    <p class='ocr_par' dir='ltr' id='par_1_63' title="bbox 221 4526 1793 4617">
     <span class='ocr_line' id='line_1_63' title="bbox 221 4526 1793 4617; baseline -0.003 -20"><span class='ocrx_word' id='word_1_497' title='bbox 221 4543 442 4613; x_wconf 90' lang='lat' dir='ltr'><strong>dignum</strong></span> <span class='ocrx_word' id='word_1_498' title='bbox 490 4548 574 4596; x_wconf 90' lang='lat' dir='ltr'><strong>est</strong></span> <span class='ocrx_word' id='word_1_499' title='bbox 627 4540 687 4594; x_wconf 82' lang='lat' dir='ltr'><strong>ut</strong></span> <span class='ocrx_word' id='word_1_500' title='bbox 714 4546 954 4609; x_wconf 87' lang='lat' dir='ltr'><strong>pereant.</strong></span> <span class='ocrx_word' id='word_1_501' title='bbox 1011 4538 1178 4609; x_wconf 90' lang='lat' dir='ltr'><strong>Igitur</strong></span> <span class='ocrx_word' id='word_1_502' title='bbox 1223 4538 1363 4617; x_wconf 84' lang='lat' dir='ltr'><strong>sicut</strong></span> <span class='ocrx_word' id='word_1_503' title='bbox 1389 4537 1480 4606; x_wconf 91' lang='lat' dir='ltr'><strong>qui</strong></span> <span class='ocrx_word' id='word_1_504' title='bbox 1524 4526 1639 4617; x_wconf 83' lang='lat' dir='ltr'><strong>sine</strong></span> <span class='ocrx_word' id='word_1_505' title='bbox 1678 4536 1793 4607; x_wconf 86' lang='lat' dir='ltr'><strong>lege</strong></span> 
     </span>
    </p>
   </div>
   <div class='ocr_carea' id='block_1_64' title="bbox 220 4614 1789 4703">
    <p class='ocr_par' dir='ltr' id='par_1_64' title="bbox 220 4614 1789 4703">
     <span class='ocr_line' id='line_1_64' title="bbox 220 4614 1789 4703; baseline -0.005 -15"><span class='ocrx_word' id='word_1_506' title='bbox 220 4632 432 4703; x_wconf 84' lang='lat' dir='ltr'><strong>peccat,</strong></span> <span class='ocrx_word' id='word_1_507' title='bbox 448 4627 665 4699; x_wconf 80' lang='lat' dir='ltr'><strong>peribit,</strong></span> <span class='ocrx_word' id='word_1_508' title='bbox 698 4631 770 4684; x_wconf 89' lang='lat' dir='ltr'><strong>ita</strong></span> <span class='ocrx_word' id='word_1_509' title='bbox 802 4638 857 4683; x_wconf 91' lang='lat' dir='ltr'><strong>et</strong></span> <span class='ocrx_word' id='word_1_510' title='bbox 879 4631 968 4698; x_wconf 91' lang='lat' dir='ltr'><strong>qui</strong></span> <span class='ocrx_word' id='word_1_511' title='bbox 1001 4618 1117 4683; x_wconf 89' lang='lat' dir='ltr'><strong>sine</strong></span> <span class='ocrx_word' id='word_1_512' title='bbox 1144 4614 1447 4699; x_wconf 73' lang='lat' dir='ltr'><strong>legelegem</strong></span> <span class='ocrx_word' id='word_1_513' title='bbox 1462 4614 1789 4692; x_wconf 72' lang='lat' dir='ltr'><strong>servaverit,</strong></span> 
     </span>
    </p>
   </div>
   <div class='ocr_carea' id='block_1_65' title="bbox 215 4709 1795 4796">
    <p class='ocr_par' dir='ltr' id='par_1_65' title="bbox 215 4709 1795 4796">
     <span class='ocr_line' id='line_1_65' title="bbox 215 4709 1795 4796; baseline -0.003 -18"><span class='ocrx_word' id='word_1_514' title='bbox 215 4722 605 4796; x_wconf 85' lang='lat' dir='ltr'><strong>justificabitur</strong></span> <span class='ocrx_word' id='word_1_515' title='bbox 643 4740 654 4772; x_wconf 91' lang='lat'><strong>:</strong></span> <span class='ocrx_word' id='word_1_516' title='bbox 678 4720 941 4791; x_wconf 88' lang='lat' dir='ltr'><strong>justitiam</strong></span> <span class='ocrx_word' id='word_1_517' title='bbox 988 4713 1301 4773; x_wconf 73' lang='lat' dir='ltr'><strong>natoralit&#39;ei&#39;</strong></span> <span class='ocrx_word' id='word_1_518' title='bbox 1337 4709 1559 4796; x_wconf 77' lang='lat' dir='ltr'><strong>Servans</strong></span> <span class='ocrx_word' id='word_1_519' title='bbox 1608 4710 1795 4793; x_wconf 80' lang='lat' dir='ltr'><strong>custos</strong></span> 
     </span>
    </p>
   </div>
   <div class='ocr_carea' id='block_1_66' title="bbox 222 4794 1792 4884">
    <p class='ocr_par' dir='ltr' id='par_1_66' title="bbox 222 4794 1792 4884">
     <span class='ocr_line' id='line_1_66' title="bbox 222 4794 1792 4884; baseline -0.006 -16"><span class='ocrx_word' id='word_1_520' title='bbox 222 4794 359 4884; x_wconf 82' lang='lat' dir='ltr'><strong>legis</strong></span> <span class='ocrx_word' id='word_1_521' title='bbox 388 4822 502 4877; x_wconf 89' lang='lat' dir='ltr'><strong>est;</strong></span> <span class='ocrx_word' id='word_1_522' title='bbox 555 4811 599 4865; x_wconf 90' lang='lat' dir='ltr'><strong>si</strong></span> <span class='ocrx_word' id='word_1_523' title='bbox 630 4817 770 4864; x_wconf 85' lang='lat' dir='ltr'><strong>enim</strong></span> <span class='ocrx_word' id='word_1_524' title='bbox 784 4819 930 4879; x_wconf 59' lang='lat' dir='ltr'><strong>gusto</strong></span> <span class='ocrx_word' id='word_1_525' title='bbox 957 4825 1058 4861; x_wconf 87' lang='lat' dir='ltr'><strong>non</strong></span> <span class='ocrx_word' id='word_1_526' title='bbox 1085 4814 1163 4861; x_wconf 83' lang='lat' dir='ltr'><strong>est</strong></span> <span class='ocrx_word' id='word_1_527' title='bbox 1182 4809 1265 4861; x_wconf 75' lang='lat' dir='ltr'><strong>tea:</strong></span> <span class='ocrx_word' id='word_1_528' title='bbox 1287 4808 1453 4877; x_wconf 79' lang='lat' dir='ltr'><strong>posita</strong></span> <span class='ocrx_word' id='word_1_529' title='bbox 1486 4794 1535 4877; x_wconf 80' lang='lat' dir='ltr'><strong>(I</strong></span> <span class='ocrx_word' id='word_1_530' title='bbox 1564 4805 1697 4859; x_wconf 88' lang='lat' dir='ltr'><strong>Tim.</strong></span> <span class='ocrx_word' id='word_1_531' title='bbox 1728 4806 1792 4876; x_wconf 89' lang='lat'><strong>1),</strong></span> 
     </span>
    </p>
   </div>
   <div class='ocr_carea' id='block_1_67' title="bbox 224 4897 1796 4970">
    <p class='ocr_par' dir='ltr' id='par_1_67' title="bbox 224 4897 1796 4970">
     <span class='ocr_line' id='line_1_67' title="bbox 224 4897 1796 4970; baseline -0.003 -12"><span class='ocrx_word' id='word_1_532' title='bbox 224 4904 319 4959; x_wconf 88' lang='lat' dir='ltr'><strong>sed</strong></span> <span class='ocrx_word' id='word_1_533' title='bbox 347 4900 589 4970; x_wconf 89' lang='lat' dir='ltr'><strong>injustis;</strong></span> <span class='ocrx_word' id='word_1_534' title='bbox 621 4900 712 4969; x_wconf 90' lang='lat' dir='ltr'><strong>qui</strong></span> <span class='ocrx_word' id='word_1_535' title='bbox 744 4916 846 4953; x_wconf 90' lang='lat' dir='ltr'><strong>non</strong></span> <span class='ocrx_word' id='word_1_536' title='bbox 878 4907 1081 4969; x_wconf 82' lang='lat' dir='ltr'><strong>peccat,</strong></span> <span class='ocrx_word' id='word_1_537' title='bbox 1120 4899 1329 4952; x_wconf 85' lang='lat' dir='ltr'><strong>amicus</strong></span> <span class='ocrx_word' id='word_1_538' title='bbox 1373 4897 1505 4968; x_wconf 86' lang='lat' dir='ltr'><strong>legis</strong></span> <span class='ocrx_word' id='word_1_539' title='bbox 1527 4906 1639 4963; x_wconf 87' lang='lat' dir='ltr'><strong>est;</strong></span> <span class='ocrx_word' id='word_1_540' title='bbox 1668 4899 1796 4953; x_wconf 87' lang='lat' dir='ltr'><strong>huic</strong></span> 
     </span>
    </p>
   </div>
   <div class='ocr_carea' id='block_1_68' title="bbox 225 4976 1797 5061">
    <p class='ocr_par' dir='ltr' id='par_1_68' title="bbox 225 4976 1797 5061">
     <span class='ocr_line' id='line_1_68' title="bbox 225 4976 1797 5061; baseline -0.003 -16"><span class='ocrx_word' id='word_1_541' title='bbox 225 4990 338 5047; x_wconf 83' lang='lat' dir='ltr'><strong>sola</strong></span> <span class='ocrx_word' id='word_1_542' title='bbox 366 4991 495 5044; x_wconf 79' lang='lat' dir='ltr'><strong>fides</strong></span> <span class='ocrx_word' id='word_1_543' title='bbox 538 4985 706 5053; x_wconf 81' lang='lat' dir='ltr'><strong>deest,</strong></span> <span class='ocrx_word' id='word_1_544' title='bbox 758 5003 853 5058; x_wconf 91' lang='lat' dir='ltr'><strong>per</strong></span> <span class='ocrx_word' id='word_1_545' title='bbox 879 5003 1039 5058; x_wconf 87' lang='lat' dir='ltr'><strong>quam</strong></span> <span class='ocrx_word' id='word_1_546' title='bbox 1065 4987 1154 5041; x_wconf 83' lang='lat' dir='ltr'><strong>fiat</strong></span> <span class='ocrx_word' id='word_1_547' title='bbox 1187 4976 1634 5061; x_wconf 67' lang='lat' dir='ltr'><strong>perfectus,&#39;quia</strong></span> <span class='ocrx_word' id='word_1_548' title='bbox 1664 4980 1797 5059; x_wconf 82' lang='lat' dir='ltr'><strong>nihil</strong></span> 
     </span>
    </p>
   </div>
   <div class='ocr_carea' id='block_1_69' title="bbox 223 5064 1794 5153">
    <p class='ocr_par' dir='ltr' id='par_1_69' title="bbox 223 5064 1794 5153">
     <span class='ocr_line' id='line_1_69' title="bbox 223 5064 1794 5153; baseline -0.005 -16"><span class='ocrx_word' id='word_1_549' title='bbox 223 5081 465 5153; x_wconf 76' lang='lat' dir='ltr'><strong>pmderit</strong></span> <span class='ocrx_word' id='word_1_550' title='bbox 508 5079 580 5134; x_wconf 90' lang='lat' dir='ltr'><strong>illi</strong></span> <span class='ocrx_word' id='word_1_551' title='bbox 622 5074 762 5148; x_wconf 86' lang='lat' dir='ltr'><strong>apud</strong></span> <span class='ocrx_word' id='word_1_552' title='bbox 792 5077 1072 5131; x_wconf 92' lang='lat' dir='ltr'><strong>Dominum</strong></span> <span class='ocrx_word' id='word_1_553' title='bbox 1094 5073 1393 5131; x_wconf 72' lang='lat' dir='ltr'><strong>&quot;abstinere</strong></span> <span class='ocrx_word' id='word_1_554' title='bbox 1425 5090 1454 5128; x_wconf 91' lang='lat' dir='ltr'><strong>a</strong></span> <span class='ocrx_word' id='word_1_555' title='bbox 1484 5064 1794 5140; x_wconf 78' lang='lat' dir='ltr'><strong>contrariis,</strong></span> 
     </span>
    </p>
   </div>
   <div class='ocr_carea' id='block_1_70' title="bbox 228 5162 1794 5236">
    <p class='ocr_par' dir='ltr' id='par_1_70' title="bbox 228 5162 1794 5236">
     <span class='ocr_line' id='line_1_70' title="bbox 228 5162 1794 5236; baseline -0.006 -9"><span class='ocrx_word' id='word_1_556' title='bbox 228 5172 335 5227; x_wconf 88' lang='lat' dir='ltr'><strong>nisi</strong></span> <span class='ocrx_word' id='word_1_557' title='bbox 354 5171 512 5225; x_wconf 80' lang='lat' dir='ltr'><strong>ﬁdem</strong></span> <span class='ocrx_word' id='word_1_558' title='bbox 540 5170 592 5222; x_wconf 92' lang='lat' dir='ltr'><strong>in</strong></span> <span class='ocrx_word' id='word_1_559' title='bbox 622 5168 789 5221; x_wconf 88' lang='lat' dir='ltr'><strong>Deum</strong></span> <span class='ocrx_word' id='word_1_560' title='bbox 829 5174 1118 5236; x_wconf 87' lang='lat' dir='ltr'><strong>acceperit,</strong></span> <span class='ocrx_word' id='word_1_561' title='bbox 1136 5172 1204 5221; x_wconf 84' lang='lat' dir='ltr'><strong>&#39;ut</strong></span> <span class='ocrx_word' id='word_1_562' title='bbox 1222 5168 1307 5221; x_wconf 67' lang='lat' dir='ltr'><strong>&#39;sit</strong></span> <span class='ocrx_word' id='word_1_563' title='bbox 1321 5163 1500 5234; x_wconf 81' lang='lat' dir='ltr'><strong>justus</strong></span> <span class='ocrx_word' id='word_1_564' title='bbox 1524 5180 1621 5235; x_wconf 92' lang='lat' dir='ltr'><strong>per</strong></span> <span class='ocrx_word' id='word_1_565' title='bbox 1642 5162 1794 5219; x_wconf 75' lang='lat' dir='ltr'><strong>utra-</strong></span> 
     </span>
    </p>
   </div>
   <div class='ocr_carea' id='block_1_71' title="bbox 230 5256 1791 5331">
    <p class='ocr_par' dir='ltr' id='par_1_71' title="bbox 230 5256 1791 5331">
     <span class='ocr_line' id='line_1_71' title="bbox 230 5256 1791 5331; baseline -0.003 -15"><span class='ocrx_word' id='word_1_566' title='bbox 230 5276 355 5331; x_wconf 88' lang='lat' dir='ltr'><strong>que,</strong></span> <span class='ocrx_word' id='word_1_567' title='bbox 405 5261 527 5330; x_wconf 87' lang='lat' dir='ltr'><strong>quia</strong></span> <span class='ocrx_word' id='word_1_568' title='bbox 552 5256 639 5313; x_wconf 90' lang='lat' dir='ltr'><strong>illa</strong></span> <span class='ocrx_word' id='word_1_569' title='bbox 674 5261 927 5326; x_wconf 87' lang='lat' dir='ltr'><strong>temporis</strong></span> <span class='ocrx_word' id='word_1_570' title='bbox 947 5261 1155 5331; x_wconf 87' lang='lat' dir='ltr'><strong>justitia</strong></span> <span class='ocrx_word' id='word_1_571' title='bbox 1174 5267 1273 5329; x_wconf 87' lang='lat' dir='ltr'><strong>est,</strong></span> <span class='ocrx_word' id='word_1_572' title='bbox 1304 5256 1791 5315; x_wconf 51' lang='lat' dir='ltr'><strong>haac&#39;zeternitatis.</strong></span> 
     </span>
    </p>
   </div>
   <div class='ocr_carea' id='block_1_72' title="bbox 230 5347 1796 5423">
    <p class='ocr_par' dir='ltr' id='par_1_72' title="bbox 230 5347 1796 5423">
     <span class='ocr_line' id='line_1_72' title="bbox 230 5347 1796 5423; baseline -0.002 -17"><span class='ocrx_word' id='word_1_573' title='bbox 230 5349 428 5423; x_wconf 66' lang='lat' dir='ltr'><strong>(Orig)</strong></span> <span class='ocrx_word' id='word_1_574' title='bbox 457 5348 610 5416; x_wconf 83' lang='lat' dir='ltr'><strong>Quod</strong></span> <span class='ocrx_word' id='word_1_575' title='bbox 636 5357 762 5402; x_wconf 89' lang='lat' dir='ltr'><strong>vero</strong></span> <span class='ocrx_word' id='word_1_576' title='bbox 777 5354 1030 5421; x_wconf 65' lang='lat' dir='ltr'><strong>“graviore</strong></span> <span class='ocrx_word' id='word_1_577' title='bbox 1056 5350 1319 5403; x_wconf 81' lang='lat' dir='ltr'><strong>sententia</strong></span> <span class='ocrx_word' id='word_1_578' title='bbox 1346 5349 1553 5417; x_wconf 87' lang='lat' dir='ltr'><strong>percuti</strong></span> <span class='ocrx_word' id='word_1_579' title='bbox 1582 5347 1796 5403; x_wconf 90' lang='lat' dir='ltr'><strong>videtur</strong></span> 
     </span>
    </p>
   </div>
   <div class='ocr_carea' id='block_1_73' title="bbox 229 5431 1795 5510">
    <p class='ocr_par' dir='ltr' id='par_1_73' title="bbox 229 5431 1795 5510">
     <span class='ocr_line' id='line_1_73' title="bbox 229 5431 1795 5510; baseline -0.003 -14"><span class='ocrx_word' id='word_1_580' title='bbox 229 5440 277 5496; x_wconf 84' lang='lat' dir='ltr'><strong>is</strong></span> <span class='ocrx_word' id='word_1_581' title='bbox 327 5439 417 5509; x_wconf 92' lang='lat' dir='ltr'><strong>qui</strong></span> <span class='ocrx_word' id='word_1_582' title='bbox 467 5436 600 5495; x_wconf 73' lang='lat' dir='ltr'><strong>sine’</strong></span> <span class='ocrx_word' id='word_1_583' title='bbox 631 5437 747 5510; x_wconf 83' lang='lat' dir='ltr'><strong>lege</strong></span> <span class='ocrx_word' id='word_1_584' title='bbox 795 5431 1157 5507; x_wconf 67' lang='lat' dir='ltr'><strong>peccaverit;</strong></span> <span class='ocrx_word' id='word_1_585' title='bbox 1217 5436 1469 5507; x_wconf 85' lang='lat' dir='ltr'><strong>quoniam</strong></span> <span class='ocrx_word' id='word_1_586' title='bbox 1518 5446 1795 5507; x_wconf 72' lang='lat' dir='ltr'><strong>periturus</strong></span> 
     </span>
    </p>
   </div>
   <div class='ocr_carea' id='block_1_74' title="bbox 228 5518 1798 5603">
    <p class='ocr_par' dir='ltr' id='par_1_74' title="bbox 228 5518 1798 5603">
     <span class='ocr_line' id='line_1_74' title="bbox 228 5518 1798 5603; baseline -0.002 -18"><span class='ocrx_word' id='word_1_587' title='bbox 228 5529 625 5603; x_wconf 83' lang='lat' dir='ltr'><strong>pronuntiatur,</strong></span> <span class='ocrx_word' id='word_1_588' title='bbox 676 5534 830 5583; x_wconf 66' lang='lat' dir='ltr'><strong>‘cum&#39;</strong></span> <span class='ocrx_word' id='word_1_589' title='bbox 859 5528 1057 5596; x_wconf 88' lang='lat' dir='ltr'><strong>utique</strong></span> <span class='ocrx_word' id='word_1_590' title='bbox 1112 5536 1168 5583; x_wconf 91' lang='lat' dir='ltr'><strong>et</strong></span> <span class='ocrx_word' id='word_1_591' title='bbox 1214 5520 1557 5603; x_wconf 80' lang='lat' dir='ltr'><strong>miseratione</strong></span> <span class='ocrx_word' id='word_1_592' title='bbox 1605 5518 1798 5597; x_wconf 88' lang='lat' dir='ltr'><strong>aliquis</strong></span> 
     </span>
    </p>
   </div>
   <div class='ocr_carea' id='block_1_75' title="bbox 235 5612 1798 5688">
    <p class='ocr_par' dir='ltr' id='par_1_75' title="bbox 235 5612 1798 5688">
     <span class='ocr_line' id='line_1_75' title="bbox 235 5612 1798 5688; baseline -0.001 -14"><span class='ocrx_word' id='word_1_593' title='bbox 235 5619 425 5687; x_wconf 90' lang='lat' dir='ltr'><strong>dignus</strong></span> <span class='ocrx_word' id='word_1_594' title='bbox 450 5618 707 5681; x_wconf 87' lang='lat' dir='ltr'><strong>videatur,</strong></span> <span class='ocrx_word' id='word_1_595' title='bbox 730 5618 821 5688; x_wconf 92' lang='lat' dir='ltr'><strong>qui</strong></span> <span class='ocrx_word' id='word_1_596' title='bbox 846 5614 1109 5684; x_wconf 72' lang='lat' dir='ltr'><strong>adiutorio</strong></span> <span class='ocrx_word' id='word_1_597' title='bbox 1142 5622 1249 5672; x_wconf 85' lang='lat' dir='ltr'><strong>non</strong></span> <span class='ocrx_word' id='word_1_598' title='bbox 1270 5618 1399 5673; x_wconf 87' lang='lat' dir='ltr'><strong>usus</strong></span> <span class='ocrx_word' id='word_1_599' title='bbox 1432 5615 1515 5672; x_wconf 84' lang='lat' dir='ltr'><strong>est</strong></span> <span class='ocrx_word' id='word_1_600' title='bbox 1533 5616 1686 5687; x_wconf 86' lang='lat' dir='ltr'><strong>legis,</strong></span> <span class='ocrx_word' id='word_1_601' title='bbox 1717 5612 1798 5673; x_wconf 79' lang='lat' dir='ltr'><strong>vi-</strong></span> 
     </span>
    </p>
   </div>
   <div class='ocr_carea' id='block_1_76' title="bbox 235 5702 1798 5779">
    <p class='ocr_par' dir='ltr' id='par_1_76' title="bbox 235 5702 1798 5779">
     <span class='ocr_line' id='line_1_76' title="bbox 235 5702 1798 5779; baseline -0.003 -11"><span class='ocrx_word' id='word_1_602' title='bbox 235 5702 456 5769; x_wconf 82' lang='lat' dir='ltr'><strong>deamus</strong></span> <span class='ocrx_word' id='word_1_603' title='bbox 483 5724 551 5764; x_wconf 90' lang='lat' dir='ltr'><strong>ne</strong></span> <span class='ocrx_word' id='word_1_604' title='bbox 574 5709 703 5779; x_wconf 88' lang='lat' dir='ltr'><strong>quid</strong></span> <span class='ocrx_word' id='word_1_605' title='bbox 724 5708 941 5775; x_wconf 73' lang='lat' dir='ltr'><strong>iterum,</strong></span> <span class='ocrx_word' id='word_1_606' title='bbox 971 5716 1031 5764; x_wconf 87' lang='lat' dir='ltr'><strong>ut</strong></span> <span class='ocrx_word' id='word_1_607' title='bbox 1059 5708 1114 5764; x_wconf 91' lang='lat' dir='ltr'><strong>in</strong></span> <span class='ocrx_word' id='word_1_608' title='bbox 1149 5711 1359 5765; x_wconf 63' lang='lat' dir='ltr'><strong>ceteris</strong></span> <span class='ocrx_word' id='word_1_609' title='bbox 1385 5709 1685 5777; x_wconf 74' lang='lat' dir='ltr'><strong>do&#39;cuimus,</strong></span> <span class='ocrx_word' id='word_1_610' title='bbox 1720 5711 1798 5765; x_wconf 91' lang='lat' dir='ltr'><strong>di-</strong></span> 
     </span>
    </p>
   </div>
   <div class='ocr_carea' id='block_1_77' title="bbox 1818 4496 1870 4556">
    <p class='ocr_par' dir='ltr' id='par_1_77' title="bbox 1818 4496 1870 4556">
     <span class='ocr_line' id='line_1_77' title="bbox 1818 4496 1870 4556; baseline 0 0"><span class='ocrx_word' id='word_1_611' title='bbox 1818 4496 1870 4556; x_wconf 92' lang='lat' dir='ltr'><strong>D</strong></span> 
     </span>
    </p>
   </div>
   <div class='ocr_carea' id='block_1_78' title="bbox 1888 1915 3466 2000">
    <p class='ocr_par' dir='ltr' id='par_1_78' title="bbox 1888 1915 3466 2000">
     <span class='ocr_line' id='line_1_78' title="bbox 1888 1915 3466 2000; baseline 0.005 -31"><span class='ocrx_word' id='word_1_612' title='bbox 1888 1915 2060 1969; x_wconf 88' lang='lat' dir='ltr'><strong>cbiele</strong></span> <span class='ocrx_word' id='word_1_613' title='bbox 2081 1919 2338 1984; x_wconf 85' lang='lat' dir='ltr'><strong>propheta</strong></span> <span class='ocrx_word' id='word_1_614' title='bbox 2354 1918 2575 2000; x_wconf 61' lang='grc' dir='ltr'><strong>³(Επιερειι.</strong></span> <span class='ocrx_word' id='word_1_615' title='bbox 2608 1923 2818 1990; x_wconf 74' lang='lat' dir='ltr'><strong>xxxrv),</strong></span> <span class='ocrx_word' id='word_1_616' title='bbox 2850 1922 3155 1997; x_wconf 77' lang='lat' dir='ltr'><strong>pastoribus</strong></span> <span class='ocrx_word' id='word_1_617' title='bbox 3177 1921 3466 1991; x_wconf 87' lang='lat' dir='ltr'><strong>imputatur</strong></span> 
     </span>
    </p>
   </div>
   <div class='ocr_carea' id='block_1_79' title="bbox 1888 2006 3464 2083">
    <p class='ocr_par' dir='ltr' id='par_1_79' title="bbox 1888 2006 3464 2083">
     <span class='ocr_line' id='line_1_79' title="bbox 1888 2006 3464 2083; baseline 0.005 -24"><span class='ocrx_word' id='word_1_618' title='bbox 1888 2007 2028 2076; x_wconf 93' lang='lat' dir='ltr'><strong>quod</strong></span> <span class='ocrx_word' id='word_1_619' title='bbox 2061 2006 2329 2062; x_wconf 73' lang='lat' dir='ltr'><strong>infirmum</strong></span> <span class='ocrx_word' id='word_1_620' title='bbox 2366 2024 2473 2064; x_wconf 85' lang='lat' dir='ltr'><strong>non</strong></span> <span class='ocrx_word' id='word_1_621' title='bbox 2501 2009 2911 2082; x_wconf 87' lang='lat' dir='ltr'><strong>colligaverunt,</strong></span> <span class='ocrx_word' id='word_1_622' title='bbox 2961 2020 3017 2065; x_wconf 94' lang='lat' dir='ltr'><strong>et</strong></span> <span class='ocrx_word' id='word_1_623' title='bbox 3044 2012 3187 2083; x_wconf 90' lang='lat' dir='ltr'><strong>quod</strong></span> <span class='ocrx_word' id='word_1_624' title='bbox 3225 2013 3464 2083; x_wconf 89' lang='lat' dir='ltr'><strong>perierat</strong></span> 
     </span>
    </p>
   </div>
   <div class='ocr_carea' id='block_1_80' title="bbox 1888 2099 3461 2171">
    <p class='ocr_par' dir='ltr' id='par_1_80' title="bbox 1888 2099 3461 2171">
     <span class='ocr_line' id='line_1_80' title="bbox 1888 2099 3461 2171; baseline 0.003 -19"><span class='ocrx_word' id='word_1_625' title='bbox 1888 2114 1994 2153; x_wconf 90' lang='lat' dir='ltr'><strong>non</strong></span> <span class='ocrx_word' id='word_1_626' title='bbox 2020 2099 2369 2169; x_wconf 79' lang='lat' dir='ltr'><strong>quaesierunt,</strong></span> <span class='ocrx_word' id='word_1_627' title='bbox 2415 2109 2470 2171; x_wconf 78' lang='lat' dir='ltr'><strong>et</strong></span> <span class='ocrx_word' id='word_1_628' title='bbox 2506 2115 2603 2170; x_wconf 84' lang='lat' dir='ltr'><strong>per</strong></span> <span class='ocrx_word' id='word_1_629' title='bbox 2626 2117 2794 2171; x_wconf 88' lang='lat' dir='ltr'><strong>pauca</strong></span> <span class='ocrx_word' id='word_1_630' title='bbox 2829 2102 2944 2171; x_wconf 86' lang='lat' dir='ltr'><strong>ipse</strong></span> <span class='ocrx_word' id='word_1_631' title='bbox 2990 2100 3247 2156; x_wconf 90' lang='lat' dir='ltr'><strong>Dominus</strong></span> <span class='ocrx_word' id='word_1_632' title='bbox 3290 2102 3461 2156; x_wconf 89' lang='lat' dir='ltr'><strong>dicit:</strong></span> 
     </span>
    </p>
   </div>
   <div class='ocr_carea' id='block_1_81' title="bbox 1889 2189 3467 2261">
    <p class='ocr_par' dir='ltr' id='par_1_81' title="bbox 1889 2189 3467 2261">
     <span class='ocr_line' id='line_1_81' title="bbox 1889 2189 3467 2261; baseline 0.003 -18"><span class='ocrx_word' id='word_1_633' title='bbox 1889 2189 1956 2243; x_wconf 87' lang='lat' dir='ltr'><strong>Et</strong></span> <span class='ocrx_word' id='word_1_634' title='bbox 1993 2190 2130 2260; x_wconf 88' lang='lat' dir='ltr'><strong>quod</strong></span> <span class='ocrx_word' id='word_1_635' title='bbox 2172 2192 2343 2258; x_wconf 84' lang='lat' dir='ltr'><strong>periit,</strong></span> <span class='ocrx_word' id='word_1_636' title='bbox 2376 2191 2571 2260; x_wconf 88' lang='lat' dir='ltr'><strong>inquit,</strong></span> <span class='ocrx_word' id='word_1_637' title='bbox 2619 2208 2711 2261; x_wconf 86' lang='lat' dir='ltr'><strong>ego</strong></span> <span class='ocrx_word' id='word_1_638' title='bbox 2755 2194 3036 2261; x_wconf 86' lang='lat' dir='ltr'><strong>requiram.</strong></span> <span class='ocrx_word' id='word_1_639' title='bbox 3085 2190 3467 2247; x_wconf 82' lang='lat' dir='ltr'><strong>Verumtamen</strong></span> 
     </span>
    </p>
   </div>
   <div class='ocr_carea' id='block_1_82' title="bbox 1888 2278 3467 2349">
    <p class='ocr_par' dir='ltr' id='par_1_82' title="bbox 1888 2278 3467 2349">
     <span class='ocr_line' id='line_1_82' title="bbox 1888 2278 3467 2349; baseline 0.001 -17"><span class='ocrx_word' id='word_1_640' title='bbox 1888 2278 2281 2332; x_wconf 87' lang='lat' dir='ltr'><strong>observandum</strong></span> <span class='ocrx_word' id='word_1_641' title='bbox 2321 2287 2406 2333; x_wconf 87' lang='lat' dir='ltr'><strong>est</strong></span> <span class='ocrx_word' id='word_1_642' title='bbox 2474 2279 2616 2349; x_wconf 92' lang='lat' dir='ltr'><strong>quod</strong></span> <span class='ocrx_word' id='word_1_643' title='bbox 2660 2279 2713 2332; x_wconf 93' lang='lat' dir='ltr'><strong>in</strong></span> <span class='ocrx_word' id='word_1_644' title='bbox 2755 2279 2840 2333; x_wconf 90' lang='lat' dir='ltr'><strong>his</strong></span> <span class='ocrx_word' id='word_1_645' title='bbox 2890 2280 3141 2334; x_wconf 86' lang='lat' dir='ltr'><strong>omnibus</strong></span> <span class='ocrx_word' id='word_1_646' title='bbox 3197 2295 3467 2349; x_wconf 86' lang='lat' dir='ltr'><strong>nunquam</strong></span> 
     </span>
    </p>
   </div>
   <div class='ocr_carea' id='block_1_83' title="bbox 1886 2363 3469 2440">
    <p class='ocr_par' dir='ltr' id='par_1_83' title="bbox 1886 2363 3469 2440">
     <span class='ocr_line' id='line_1_83' title="bbox 1886 2363 3469 2440; baseline 0.002 -18"><span class='ocrx_word' id='word_1_647' title='bbox 1886 2363 2029 2422; x_wconf 84' lang='lat' dir='ltr'><strong>Deus</strong></span> <span class='ocrx_word' id='word_1_648' title='bbox 2059 2369 2289 2438; x_wconf 87' lang='lat' dir='ltr'><strong>aliquem</strong></span> <span class='ocrx_word' id='word_1_649' title='bbox 2316 2370 2513 2425; x_wconf 89' lang='lat' dir='ltr'><strong>dicitur</strong></span> <span class='ocrx_word' id='word_1_650' title='bbox 2536 2370 2850 2439; x_wconf 83' lang='lat' dir='ltr'><strong>perdidisse.</strong></span> <span class='ocrx_word' id='word_1_651' title='bbox 2890 2369 2984 2425; x_wconf 87' lang='lat' dir='ltr'><strong>sed</strong></span> <span class='ocrx_word' id='word_1_652' title='bbox 3016 2363 3381 2440; x_wconf 89' lang='lat' dir='ltr'><strong>unusquisque</strong></span> <span class='ocrx_word' id='word_1_653' title='bbox 3400 2386 3469 2425; x_wconf 79' lang='lat' dir='ltr'><strong>ex</strong></span> 
     </span>
    </p>
   </div>
   <div class='ocr_carea' id='block_1_84' title="bbox 1890 2459 3470 2531">
    <p class='ocr_par' dir='ltr' id='par_1_84' title="bbox 1890 2459 3470 2531">
     <span class='ocr_line' id='line_1_84' title="bbox 1890 2459 3470 2531; baseline 0.001 -18"><span class='ocrx_word' id='word_1_654' title='bbox 1890 2474 1947 2513; x_wconf 90' lang='lat' dir='ltr'><strong>se</strong></span> <span class='ocrx_word' id='word_1_655' title='bbox 1974 2460 2083 2529; x_wconf 90' lang='lat' dir='ltr'><strong>pati</strong></span> <span class='ocrx_word' id='word_1_656' title='bbox 2136 2461 2237 2515; x_wconf 90' lang='lat' dir='ltr'><strong>hoc</strong></span> <span class='ocrx_word' id='word_1_657' title='bbox 2262 2460 2403 2529; x_wconf 92' lang='lat' dir='ltr'><strong>quod</strong></span> <span class='ocrx_word' id='word_1_658' title='bbox 2429 2460 2610 2528; x_wconf 89' lang='lat' dir='ltr'><strong>periit,</strong></span> <span class='ocrx_word' id='word_1_659' title='bbox 2666 2471 2720 2515; x_wconf 87' lang='lat' dir='ltr'><strong>et</strong></span> <span class='ocrx_word' id='word_1_660' title='bbox 2741 2460 2794 2514; x_wconf 93' lang='lat' dir='ltr'><strong>in</strong></span> <span class='ocrx_word' id='word_1_661' title='bbox 2818 2460 2922 2514; x_wconf 86' lang='lat' dir='ltr'><strong>hoc</strong></span> <span class='ocrx_word' id='word_1_662' title='bbox 2944 2460 3058 2525; x_wconf 89' lang='lat' dir='ltr'><strong>ipso</strong></span> <span class='ocrx_word' id='word_1_663' title='bbox 3085 2461 3178 2526; x_wconf 85' lang='lat' dir='ltr'><strong>ait,</strong></span> <span class='ocrx_word' id='word_1_664' title='bbox 3223 2462 3333 2514; x_wconf 84' lang='lat' dir='ltr'><strong>sine</strong></span> <span class='ocrx_word' id='word_1_665' title='bbox 3361 2459 3470 2531; x_wconf 86' lang='lat' dir='ltr'><strong>lege</strong></span> 
     </span>
    </p>
   </div>
   <div class='ocr_carea' id='block_1_85' title="bbox 1889 2548 3469 2624">
    <p class='ocr_par' dir='ltr' id='par_1_85' title="bbox 1889 2548 3469 2624">
     <span class='ocr_line' id='line_1_85' title="bbox 1889 2548 3469 2624; baseline 0.001 -22"><span class='ocrx_word' id='word_1_666' title='bbox 1889 2551 2149 2619; x_wconf 81' lang='lat' dir='ltr'><strong>peribunt,</strong></span> <span class='ocrx_word' id='word_1_667' title='bbox 2167 2560 2213 2603; x_wconf 87' lang='lat' dir='ltr'><strong>et</strong></span> <span class='ocrx_word' id='word_1_668' title='bbox 2236 2552 2365 2604; x_wconf 69' lang='lat' dir='ltr'><strong>venit</strong></span> <span class='ocrx_word' id='word_1_669' title='bbox 2384 2548 2555 2604; x_wconf 84' lang='lat' dir='ltr'><strong>Filius</strong></span> <span class='ocrx_word' id='word_1_670' title='bbox 2576 2550 2797 2605; x_wconf 78' lang='lat' dir='ltr'><strong>hominis</strong></span> <span class='ocrx_word' id='word_1_671' title='bbox 2816 2564 3046 2619; x_wconf 73' lang='lat' dir='ltr'><strong>qumrere</strong></span> <span class='ocrx_word' id='word_1_672' title='bbox 3067 2551 3205 2624; x_wconf 79' lang='lat' dir='ltr'><strong>quod</strong></span> <span class='ocrx_word' id='word_1_673' title='bbox 3224 2552 3469 2618; x_wconf 86' lang='lat' dir='ltr'><strong>perierat,</strong></span> 
     </span>
    </p>
   </div>
   <div class='ocr_carea' id='block_1_86' title="bbox 1891 2637 3473 2709">
    <p class='ocr_par' dir='ltr' id='par_1_86' title="bbox 1891 2637 3473 2709">
     <span class='ocr_line' id='line_1_86' title="bbox 1891 2637 3473 2709; baseline -0.001 -15"><span class='ocrx_word' id='word_1_674' title='bbox 1891 2656 1994 2694; x_wconf 93' lang='lat' dir='ltr'><strong>non</strong></span> <span class='ocrx_word' id='word_1_675' title='bbox 2010 2640 2150 2707; x_wconf 86' lang='lat' dir='ltr'><strong>quod</strong></span> <span class='ocrx_word' id='word_1_676' title='bbox 2171 2640 2497 2703; x_wconf 83' lang='lat' dir='ltr'><strong>perdiderat,</strong></span> <span class='ocrx_word' id='word_1_677' title='bbox 2522 2648 2578 2695; x_wconf 93' lang='lat' dir='ltr'><strong>et</strong></span> <span class='ocrx_word' id='word_1_678' title='bbox 2599 2641 2666 2701; x_wconf 85' lang='lat' dir='ltr'><strong>ad</strong></span> <span class='ocrx_word' id='word_1_679' title='bbox 2686 2655 2813 2697; x_wconf 82' lang='lat' dir='ltr'><strong>oves</strong></span> <span class='ocrx_word' id='word_1_680' title='bbox 2832 2640 3074 2709; x_wconf 85' lang='lat' dir='ltr'><strong>perditas</strong></span> <span class='ocrx_word' id='word_1_681' title='bbox 3095 2640 3287 2694; x_wconf 86' lang='lat' dir='ltr'><strong>domus</strong></span> <span class='ocrx_word' id='word_1_682' title='bbox 3308 2637 3473 2696; x_wconf 87' lang='lat' dir='ltr'><strong>Israel</strong></span> 
     </span>
    </p>
   </div>
   <div class='ocr_carea' id='block_1_87' title="bbox 1842 2728 3466 2802">
    <p class='ocr_par' dir='ltr' id='par_1_87' title="bbox 1842 2728 3466 2802">
     <span class='ocr_line' id='line_1_87' title="bbox 1842 2728 3466 2802; baseline 0 -18"><span class='ocrx_word' id='word_1_683' title='bbox 1842 2752 1845 2753; x_wconf 50' lang='grc' dir='ltr'><em>ν</em></span> <span class='ocrx_word' id='word_1_684' title='bbox 1890 2746 1997 2785; x_wconf 80' lang='lat' dir='ltr'><strong>non</strong></span> <span class='ocrx_word' id='word_1_685' title='bbox 2039 2746 2173 2799; x_wconf 87' lang='lat' dir='ltr'><strong>quas</strong></span> <span class='ocrx_word' id='word_1_686' title='bbox 2219 2730 2551 2799; x_wconf 90' lang='lat' dir='ltr'><strong>perdiderat,</strong></span> <span class='ocrx_word' id='word_1_687' title='bbox 2582 2738 2636 2786; x_wconf 88' lang='lat' dir='ltr'><strong>et</strong></span> <span class='ocrx_word' id='word_1_688' title='bbox 2677 2744 2800 2786; x_wconf 91' lang='lat' dir='ltr'><strong>cum</strong></span> <span class='ocrx_word' id='word_1_689' title='bbox 2830 2730 2943 2802; x_wconf 90' lang='lat' dir='ltr'><strong>ipse</strong></span> <span class='ocrx_word' id='word_1_690' title='bbox 2990 2731 3247 2791; x_wconf 89' lang='lat' dir='ltr'><strong>Dominus</strong></span> <span class='ocrx_word' id='word_1_691' title='bbox 3297 2728 3466 2784; x_wconf 89' lang='lat' dir='ltr'><strong>dicit:</strong></span> 
     </span>
    </p>
   </div>
   <div class='ocr_carea' id='block_1_88' title="bbox 1892 2818 3475 2890">
    <p class='ocr_par' dir='ltr' id='par_1_88' title="bbox 1892 2818 3475 2890">
     <span class='ocr_line' id='line_1_88' title="bbox 1892 2818 3475 2890; baseline 0 -14"><span class='ocrx_word' id='word_1_692' title='bbox 1892 2820 2103 2887; x_wconf 86' lang='lat' dir='ltr'><strong>Omnes,</strong></span> <span class='ocrx_word' id='word_1_693' title='bbox 2134 2822 2327 2890; x_wconf 90' lang='lat' dir='ltr'><strong>inquit,</strong></span> <span class='ocrx_word' id='word_1_694' title='bbox 2352 2837 2478 2884; x_wconf 86' lang='lat' dir='ltr'><strong>quos</strong></span> <span class='ocrx_word' id='word_1_695' title='bbox 2498 2820 2688 2875; x_wconf 84' lang='lat' dir='ltr'><strong>dediin</strong></span> <span class='ocrx_word' id='word_1_696' title='bbox 2720 2820 2846 2875; x_wconf 77' lang='lat' dir='ltr'><strong>mihi</strong></span> <span class='ocrx_word' id='word_1_697' title='bbox 2872 2821 3095 2886; x_wconf 72' lang='lat' dir='ltr'><strong>seruaui,</strong></span> <span class='ocrx_word' id='word_1_698' title='bbox 3122 2830 3169 2875; x_wconf 89' lang='lat' dir='ltr'><strong>et</strong></span> <span class='ocrx_word' id='word_1_699' title='bbox 3196 2818 3369 2875; x_wconf 87' lang='lat' dir='ltr'><strong>nullus</strong></span> <span class='ocrx_word' id='word_1_700' title='bbox 3408 2837 3475 2876; x_wconf 71' lang='lat' dir='ltr'><strong>ex</strong></span> 
     </span>
    </p>
   </div>
   <div class='ocr_carea' id='block_1_89' title="bbox 1890 2912 3471 2987">
    <p class='ocr_par' dir='ltr' id='par_1_89' title="bbox 1890 2912 3471 2987">
     <span class='ocr_line' id='line_1_89' title="bbox 1890 2912 3471 2987; baseline 0.003 -22"><span class='ocrx_word' id='word_1_701' title='bbox 1890 2914 1962 2966; x_wconf 87' lang='lat' dir='ltr'><strong>eis</strong></span> <span class='ocrx_word' id='word_1_702' title='bbox 1992 2914 2143 2983; x_wconf 81' lang='lat' dir='ltr'><strong>periit</strong></span> <span class='ocrx_word' id='word_1_703' title='bbox 2177 2912 2356 2983; x_wconf 84' lang='lat' dir='ltr'><strong>(Joan.</strong></span> <span class='ocrx_word' id='word_1_704' title='bbox 2398 2914 2556 2984; x_wconf 82' lang='lat' dir='ltr'><strong>xvu),</strong></span> <span class='ocrx_word' id='word_1_705' title='bbox 2603 2928 2707 2971; x_wconf 89' lang='lat' dir='ltr'><strong>non</strong></span> <span class='ocrx_word' id='word_1_706' title='bbox 2740 2914 2875 2981; x_wconf 82' lang='lat' dir='ltr'><strong>dixit</strong></span> <span class='ocrx_word' id='word_1_707' title='bbox 2902 2916 3121 2976; x_wconf 88' lang='lat' dir='ltr'><strong>nullum.</strong></span> <span class='ocrx_word' id='word_1_708' title='bbox 3143 2933 3209 2971; x_wconf 80' lang='lat' dir='ltr'><strong>ex</strong></span> <span class='ocrx_word' id='word_1_709' title='bbox 3236 2916 3315 2970; x_wconf 88' lang='lat' dir='ltr'><strong>eis</strong></span> <span class='ocrx_word' id='word_1_710' title='bbox 3345 2931 3471 2987; x_wconf 87' lang='lat' dir='ltr'><strong>per-</strong></span> 
     </span>
    </p>
   </div>
   <div class='ocr_carea' id='block_1_90' title="bbox 1894 3000 3475 3081">
    <p class='ocr_par' dir='ltr' id='par_1_90' title="bbox 1894 3000 3475 3081">
     <span class='ocr_line' id='line_1_90' title="bbox 1894 3000 3475 3081; baseline 0.003 -27"><span class='ocrx_word' id='word_1_711' title='bbox 1894 3000 2022 3077; x_wconf 86' lang='lat' dir='ltr'><strong>didi.</strong></span> <span class='ocrx_word' id='word_1_712' title='bbox 2076 3001 2218 3056; x_wconf 91' lang='lat' dir='ltr'><strong>Sane</strong></span> <span class='ocrx_word' id='word_1_713' title='bbox 2244 3002 2414 3079; x_wconf 84' lang='lat' dir='ltr'><strong>sicubi</strong></span> <span class='ocrx_word' id='word_1_714' title='bbox 2451 3005 2679 3081; x_wconf 79' lang='lat' dir='ltr'><strong>perdere</strong></span> <span class='ocrx_word' id='word_1_715' title='bbox 2703 3005 2846 3077; x_wconf 87' lang='lat' dir='ltr'><strong>Deus</strong></span> <span class='ocrx_word' id='word_1_716' title='bbox 2884 3005 3105 3080; x_wconf 78' lang='lat' dir='ltr'><strong>dicitur,</strong></span> <span class='ocrx_word' id='word_1_717' title='bbox 3152 3022 3253 3081; x_wconf 72' lang='lat' dir='ltr'><strong>pro</strong></span> <span class='ocrx_word' id='word_1_718' title='bbox 3292 3021 3475 3079; x_wconf 71' lang='lat' dir='ltr'><strong>repro-</strong></span> 
     </span>
    </p>
   </div>
   <div class='ocr_carea' id='block_1_91' title="bbox 1895 3091 3472 3177">
    <p class='ocr_par' dir='ltr' id='par_1_91' title="bbox 1895 3091 3472 3177">
     <span class='ocr_line' id='line_1_91' title="bbox 1895 3091 3472 3177; baseline 0.003 -32"><span class='ocrx_word' id='word_1_719' title='bbox 1895 3091 2024 3146; x_wconf 86' lang='lat' dir='ltr'><strong>bare</strong></span> <span class='ocrx_word' id='word_1_720' title='bbox 2053 3091 2242 3166; x_wconf 90' lang='lat' dir='ltr'><strong>magis,</strong></span> <span class='ocrx_word' id='word_1_721' title='bbox 2298 3092 2541 3177; x_wconf 68' lang='lat' dir='ltr'><strong>invenies</strong></span> <span class='ocrx_word' id='word_1_722' title='bbox 2568 3092 2773 3174; x_wconf 78' lang='lat' dir='ltr'><strong>dictum</strong></span> <span class='ocrx_word' id='word_1_723' title='bbox 2819 3094 2958 3165; x_wconf 87' lang='lat' dir='ltr'><strong>sicut</strong></span> <span class='ocrx_word' id='word_1_724' title='bbox 2986 3109 3106 3143; x_wconf 77' lang='lat' dir='ltr'><strong>rum</strong></span> <span class='ocrx_word' id='word_1_725' title='bbox 3139 3093 3268 3142; x_wconf 75' lang='lat' dir='ltr'><strong>dicit</strong></span> <span class='ocrx_word' id='word_1_726' title='bbox 3296 3109 3309 3145; x_wconf 92' lang='lat'><strong>:</strong></span> <span class='ocrx_word' id='word_1_727' title='bbox 3344 3093 3472 3149; x_wconf 87' lang='lat' dir='ltr'><strong>Per-</strong></span> 
     </span>
    </p>
   </div>
   <div class='ocr_carea' id='block_1_92' title="bbox 1818 3152 3476 3263">
    <p class='ocr_par' dir='ltr' id='par_1_92' title="bbox 1818 3152 3476 3263">
     <span class='ocr_line' id='line_1_92' title="bbox 1818 3152 3476 3263; baseline 0.002 -29"><span class='ocrx_word' id='word_1_728' title='bbox 1818 3152 1864 3213; x_wconf 64' lang='grc' dir='ltr'><strong>θ</strong></span> <span class='ocrx_word' id='word_1_729' title='bbox 1894 3181 2019 3235; x_wconf 88' lang='lat' dir='ltr'><strong>dam</strong></span> <span class='ocrx_word' id='word_1_730' title='bbox 2049 3152 2363 3250; x_wconf 72' lang='lat' dir='ltr'><strong>sapientiam</strong></span> <span class='ocrx_word' id='word_1_731' title='bbox 2397 3162 2739 3263; x_wconf 67' lang='lat' dir='ltr'><strong>sapientium,</strong></span> <span class='ocrx_word' id='word_1_732' title='bbox 2804 3190 2857 3236; x_wconf 91' lang='lat' dir='ltr'><strong>et</strong></span> <span class='ocrx_word' id='word_1_733' title='bbox 2877 3162 3215 3260; x_wconf 81' lang='lat' dir='ltr'><strong>intellectum</strong></span> <span class='ocrx_word' id='word_1_734' title='bbox 3244 3184 3476 3257; x_wconf 79' lang='lat' dir='ltr'><strong>pruden-</strong></span> 
     </span>
    </p>
   </div>
   <div class='ocr_carea' id='block_1_93' title="bbox 1892 3258 3477 3364">
    <p class='ocr_par' dir='ltr' id='par_1_93' title="bbox 1892 3258 3477 3364">
     <span class='ocr_line' id='line_1_93' title="bbox 1892 3258 3477 3364; baseline 0.003 -41"><span class='ocrx_word' id='word_1_735' title='bbox 1892 3272 2027 3324; x_wconf 90' lang='lat' dir='ltr'><strong>tium</strong></span> <span class='ocrx_word' id='word_1_736' title='bbox 2058 3271 2375 3342; x_wconf 85' lang='lat' dir='ltr'><strong>reprobabo.</strong></span> <span class='ocrx_word' id='word_1_737' title='bbox 2425 3258 2577 3353; x_wconf 65' lang='lat' dir='ltr'><strong>Quod</strong></span> <span class='ocrx_word' id='word_1_738' title='bbox 2621 3258 2805 3343; x_wconf 83' lang='lat' dir='ltr'><strong>autem</strong></span> <span class='ocrx_word' id='word_1_739' title='bbox 2836 3270 2967 3324; x_wconf 88' lang='lat' dir='ltr'><strong>dicit</strong></span> <span class='ocrx_word' id='word_1_740' title='bbox 2998 3271 3120 3364; x_wconf 63' lang='lat' dir='ltr'><strong>quia</strong></span> <span class='ocrx_word' id='word_1_741' title='bbox 3148 3258 3394 3345; x_wconf 82' lang='lat' dir='ltr'><strong>quotquot</strong></span> <span class='ocrx_word' id='word_1_742' title='bbox 3419 3275 3477 3328; x_wconf 90' lang='lat' dir='ltr'><strong>in</strong></span> 
     </span>
    </p>
   </div>
   <div class='ocr_carea' id='block_1_94' title="bbox 1893 3360 3476 3439">
    <p class='ocr_par' dir='ltr' id='par_1_94' title="bbox 1893 3360 3476 3439">
     <span class='ocr_line' id='line_1_94' title="bbox 1893 3360 3476 3439; baseline 0.003 -25"><span class='ocrx_word' id='word_1_743' title='bbox 1893 3363 2001 3431; x_wconf 85' lang='lat' dir='ltr'><strong>lege</strong></span> <span class='ocrx_word' id='word_1_744' title='bbox 2022 3376 2376 3431; x_wconf 85' lang='lat' dir='ltr'><strong>peccaverunt,</strong></span> <span class='ocrx_word' id='word_1_745' title='bbox 2400 3379 2493 3439; x_wconf 83' lang='lat' dir='ltr'><strong>per</strong></span> <span class='ocrx_word' id='word_1_746' title='bbox 2523 3360 2684 3439; x_wconf 71' lang='lat' dir='ltr'><strong>legem</strong></span> <span class='ocrx_word' id='word_1_747' title='bbox 2717 3360 3121 3433; x_wconf 74' lang='lat' dir='ltr'><strong>judicabantur,</strong></span> <span class='ocrx_word' id='word_1_748' title='bbox 3148 3363 3380 3430; x_wconf 78' lang='lat' dir='ltr'><strong>intuere,</strong></span> <span class='ocrx_word' id='word_1_749' title='bbox 3406 3380 3476 3425; x_wconf 84' lang='lat' dir='ltr'><strong>ne</strong></span> 
     </span>
    </p>
   </div>
   <div class='ocr_carea' id='block_1_95' title="bbox 1893 3441 3475 3533">
    <p class='ocr_par' dir='ltr' id='par_1_95' title="bbox 1893 3441 3475 3533">
     <span class='ocr_line' id='line_1_95' title="bbox 1893 3441 3475 3533; baseline 0.003 -29"><span class='ocrx_word' id='word_1_750' title='bbox 1893 3441 2030 3505; x_wconf 77' lang='lat' dir='ltr'><strong>forte</strong></span> <span class='ocrx_word' id='word_1_751' title='bbox 2070 3453 2364 3506; x_wconf 91' lang='lat' dir='ltr'><strong>secundum</strong></span> <span class='ocrx_word' id='word_1_752' title='bbox 2410 3451 2677 3533; x_wconf 76' lang='lat' dir='ltr'><strong>vindictas</strong></span> <span class='ocrx_word' id='word_1_753' title='bbox 2722 3454 2820 3507; x_wconf 83' lang='lat' dir='ltr'><strong>has</strong></span> <span class='ocrx_word' id='word_1_754' title='bbox 2856 3467 2975 3522; x_wconf 70' lang='lat' dir='ltr'><strong>qua:</strong></span> <span class='ocrx_word' id='word_1_755' title='bbox 3024 3454 3077 3506; x_wconf 91' lang='lat' dir='ltr'><strong>in</strong></span> <span class='ocrx_word' id='word_1_756' title='bbox 3126 3452 3240 3527; x_wconf 87' lang='lat' dir='ltr'><strong>lege</strong></span> <span class='ocrx_word' id='word_1_757' title='bbox 3272 3453 3475 3533; x_wconf 80' lang='lat' dir='ltr'><strong>scripta</strong></span> 
     </span>
    </p>
   </div>
   <div class='ocr_carea' id='block_1_96' title="bbox 1893 3526 3468 3619">
    <p class='ocr_par' dir='ltr' id='par_1_96' title="bbox 1893 3526 3468 3619">
     <span class='ocr_line' id='line_1_96' title="bbox 1893 3526 3468 3619; baseline 0.003 -25"><span class='ocrx_word' id='word_1_758' title='bbox 1893 3548 2041 3604; x_wconf 88' lang='lat' dir='ltr'><strong>sunt,</strong></span> <span class='ocrx_word' id='word_1_759' title='bbox 2086 3541 2281 3609; x_wconf 91' lang='lat' dir='ltr'><strong>quibus</strong></span> <span class='ocrx_word' id='word_1_760' title='bbox 2305 3526 2598 3610; x_wconf 82' lang='lat' dir='ltr'><strong>agebantur</strong></span> <span class='ocrx_word' id='word_1_761' title='bbox 2626 3530 2855 3609; x_wconf 63' lang='lat' dir='ltr'><strong>iudicia,</strong></span> <span class='ocrx_word' id='word_1_762' title='bbox 2906 3544 2995 3598; x_wconf 89' lang='lat' dir='ltr'><strong>ubi</strong></span> <span class='ocrx_word' id='word_1_763' title='bbox 3020 3528 3373 3619; x_wconf 38' lang='lat' dir='ltr'><strong>lapidari&#39;vel</strong></span> <span class='ocrx_word' id='word_1_764' title='bbox 3414 3546 3468 3599; x_wconf 91' lang='lat' dir='ltr'><strong>in</strong></span> 
     </span>
    </p>
   </div>
   <div class='ocr_carea' id='block_1_97' title="bbox 1895 3630 3474 3709">
    <p class='ocr_par' dir='ltr' id='par_1_97' title="bbox 1895 3630 3474 3709">
     <span class='ocr_line' id='line_1_97' title="bbox 1895 3630 3474 3709; baseline 0.003 -25"><span class='ocrx_word' id='word_1_765' title='bbox 1895 3630 2075 3701; x_wconf 84' lang='lat' dir='ltr'><strong>ignem</strong></span> <span class='ocrx_word' id='word_1_766' title='bbox 2108 3632 2265 3694; x_wconf 88' lang='lat' dir='ltr'><strong>tradi,</strong></span> <span class='ocrx_word' id='word_1_767' title='bbox 2316 3630 2399 3686; x_wconf 90' lang='lat' dir='ltr'><strong>vel</strong></span> <span class='ocrx_word' id='word_1_768' title='bbox 2431 3631 2703 3686; x_wconf 87' lang='lat' dir='ltr'><strong>civitatem</strong></span> <span class='ocrx_word' id='word_1_769' title='bbox 2728 3630 2918 3703; x_wconf 83' lang='lat' dir='ltr'><strong>refugii</strong></span> <span class='ocrx_word' id='word_1_770' title='bbox 2950 3634 3098 3709; x_wconf 85' lang='lat' dir='ltr'><strong>adire</strong></span> <span class='ocrx_word' id='word_1_771' title='bbox 3128 3633 3209 3709; x_wconf 75' lang='lat' dir='ltr'><strong>vel</strong></span> <span class='ocrx_word' id='word_1_772' title='bbox 3233 3633 3334 3687; x_wconf 91' lang='lat' dir='ltr'><strong>alia</strong></span> <span class='ocrx_word' id='word_1_773' title='bbox 3371 3635 3474 3689; x_wconf 89' lang='lat' dir='ltr'><strong>hu-</strong></span> 
     </span>
    </p>
   </div>
   <div class='ocr_carea' id='block_1_98' title="bbox 1890 3708 3471 3801">
    <p class='ocr_par' dir='ltr' id='par_1_98' title="bbox 1890 3708 3471 3801">
     <span class='ocr_line' id='line_1_98' title="bbox 1890 3708 3471 3801; baseline 0.003 -28"><span class='ocrx_word' id='word_1_774' title='bbox 1890 3718 2125 3799; x_wconf 82' lang='lat' dir='ltr'><strong>jusmodi</strong></span> <span class='ocrx_word' id='word_1_775' title='bbox 2145 3721 2610 3791; x_wconf 87' lang='lat' dir='ltr'><strong>patijubebantur,</strong></span> <span class='ocrx_word' id='word_1_776' title='bbox 2642 3722 2716 3775; x_wconf 87' lang='lat' dir='ltr'><strong>ita</strong></span> <span class='ocrx_word' id='word_1_777' title='bbox 2747 3722 2817 3775; x_wconf 92' lang='lat' dir='ltr'><strong>sit</strong></span> <span class='ocrx_word' id='word_1_778' title='bbox 2836 3729 2892 3791; x_wconf 88' lang='lat' dir='ltr'><strong>et</strong></span> <span class='ocrx_word' id='word_1_779' title='bbox 2915 3708 3177 3801; x_wconf 80' lang='lat' dir='ltr'><strong>judicium</strong></span> <span class='ocrx_word' id='word_1_780' title='bbox 3205 3721 3471 3795; x_wconf 70' lang='lat' dir='ltr'><strong>futurum,</strong></span> 
     </span>
    </p>
   </div>
   <div class='ocr_carea' id='block_1_99' title="bbox 1896 3810 3477 3893">
    <p class='ocr_par' dir='ltr' id='par_1_99' title="bbox 1896 3810 3477 3893">
     <span class='ocr_line' id='line_1_99' title="bbox 1896 3810 3477 3893; baseline 0.004 -28"><span class='ocrx_word' id='word_1_781' title='bbox 1896 3815 2150 3888; x_wconf 88' lang='lat' dir='ltr'><strong>quoniam</strong></span> <span class='ocrx_word' id='word_1_782' title='bbox 2207 3814 2420 3883; x_wconf 88' lang='lat' dir='ltr'><strong>quidem</strong></span> <span class='ocrx_word' id='word_1_783' title='bbox 2452 3822 2577 3884; x_wconf 87' lang='lat' dir='ltr'><strong>typo</strong></span> <span class='ocrx_word' id='word_1_784' title='bbox 2622 3822 2678 3868; x_wconf 91' lang='lat' dir='ltr'><strong>et</strong></span> <span class='ocrx_word' id='word_1_785' title='bbox 2714 3814 2919 3893; x_wconf 81' lang='lat' dir='ltr'><strong>umbrae</strong></span> <span class='ocrx_word' id='word_1_786' title='bbox 2959 3810 3259 3886; x_wconf 57' lang='lat' dir='ltr'><strong>caelestium</strong></span> <span class='ocrx_word' id='word_1_787' title='bbox 3296 3816 3477 3871; x_wconf 79' lang='lat' dir='ltr'><strong>deser-</strong></span> 
     </span>
    </p>
   </div>
   <div class='ocr_carea' id='block_1_100' title="bbox 1891 3895 3475 3989">
    <p class='ocr_par' dir='ltr' id='par_1_100' title="bbox 1891 3895 3475 3989">
     <span class='ocr_line' id='line_1_100' title="bbox 1891 3895 3475 3989; baseline 0.003 -31"><span class='ocrx_word' id='word_1_788' title='bbox 1891 3895 2010 3959; x_wconf 66' lang='lat' dir='ltr'><strong>&#39;vire</strong></span> <span class='ocrx_word' id='word_1_789' title='bbox 2035 3905 2286 3959; x_wconf 91' lang='lat' dir='ltr'><strong>dicuntur</strong></span> <span class='ocrx_word' id='word_1_790' title='bbox 2326 3905 2402 3968; x_wconf 90' lang='lat' dir='ltr'><strong>bi,</strong></span> <span class='ocrx_word' id='word_1_791' title='bbox 2438 3905 2533 3989; x_wconf 71' lang='lat' dir='ltr'><strong>qui</strong></span> <span class='ocrx_word' id='word_1_792' title='bbox 2555 3906 2655 3976; x_wconf 83' lang='lat' dir='ltr'><strong>sub</strong></span> <span class='ocrx_word' id='word_1_793' title='bbox 2685 3904 2801 3983; x_wconf 84' lang='lat' dir='ltr'><strong>lege</strong></span> <span class='ocrx_word' id='word_1_794' title='bbox 2823 3914 2969 3983; x_wconf 81' lang='lat' dir='ltr'><strong>sunt,</strong></span> <span class='ocrx_word' id='word_1_795' title='bbox 3024 3920 3091 3981; x_wconf 85' lang='lat' dir='ltr'><strong>ne</strong></span> <span class='ocrx_word' id='word_1_796' title='bbox 3121 3905 3259 3961; x_wconf 86' lang='lat' dir='ltr'><strong>forte</strong></span> <span class='ocrx_word' id='word_1_797' title='bbox 3312 3908 3475 3962; x_wconf 91' lang='lat' dir='ltr'><strong>simili</strong></span> 
     </span>
    </p>
   </div>
   <div class='ocr_carea' id='block_1_101' title="bbox 1898 3995 3475 4067">
    <p class='ocr_par' dir='ltr' id='par_1_101' title="bbox 1898 3995 3475 4067">
     <span class='ocr_line' id='line_1_101' title="bbox 1898 3995 3475 4067; baseline 0.002 -16"><span class='ocrx_word' id='word_1_798' title='bbox 1898 3997 2127 4067; x_wconf 91' lang='lat' dir='ltr'><strong>quadam</strong></span> <span class='ocrx_word' id='word_1_799' title='bbox 2162 3998 2369 4051; x_wconf 88' lang='lat' dir='ltr'><strong>ratione</strong></span> <span class='ocrx_word' id='word_1_800' title='bbox 2395 4005 2585 4066; x_wconf 82' lang='lat' dir='ltr'><strong>agatur</strong></span> <span class='ocrx_word' id='word_1_801' title='bbox 2612 4007 2667 4050; x_wconf 90' lang='lat' dir='ltr'><strong>et</strong></span> <span class='ocrx_word' id='word_1_802' title='bbox 2692 3995 2803 4063; x_wconf 87' lang='lat' dir='ltr'><strong>jam</strong></span> <span class='ocrx_word' id='word_1_803' title='bbox 2855 3996 3094 4051; x_wconf 87' lang='lat' dir='ltr'><strong>futurum</strong></span> <span class='ocrx_word' id='word_1_804' title='bbox 3117 3996 3379 4059; x_wconf 85' lang='lat' dir='ltr'><strong>judicium</strong></span> <span class='ocrx_word' id='word_1_805' title='bbox 3417 4001 3475 4054; x_wconf 91' lang='lat' dir='ltr'><strong>in</strong></span> 
     </span>
    </p>
   </div>
   <div class='ocr_carea' id='block_1_102' title="bbox 1898 4070 3472 4166">
    <p class='ocr_par' dir='ltr' id='par_1_102' title="bbox 1898 4070 3472 4166">
     <span class='ocr_line' id='line_1_102' title="bbox 1898 4070 3472 4166; baseline 0.003 -26"><span class='ocrx_word' id='word_1_806' title='bbox 1898 4101 1992 4140; x_wconf 90' lang='lat' dir='ltr'><strong>eos</strong></span> <span class='ocrx_word' id='word_1_807' title='bbox 2016 4088 2107 4156; x_wconf 91' lang='lat' dir='ltr'><strong>qui</strong></span> <span class='ocrx_word' id='word_1_808' title='bbox 2136 4074 2469 4155; x_wconf 65' lang='lat' dir='ltr'><strong>praevaricati</strong></span> <span class='ocrx_word' id='word_1_809' title='bbox 2501 4070 2704 4157; x_wconf 76' lang='lat' dir='ltr'><strong>fuerint</strong></span> <span class='ocrx_word' id='word_1_810' title='bbox 2732 4086 2923 4157; x_wconf 85' lang='lat' dir='ltr'><strong>legem.</strong></span> <span class='ocrx_word' id='word_1_811' title='bbox 2957 4086 3154 4166; x_wconf 61' lang='grc' dir='ltr'><strong>(φής.)</strong></span> <span class='ocrx_word' id='word_1_812' title='bbox 3178 4088 3314 4157; x_wconf 24' lang='lat' dir='ltr'><strong>‘Cum</strong></span> <span class='ocrx_word' id='word_1_813' title='bbox 3344 4105 3472 4159; x_wconf 89' lang='lat' dir='ltr'><strong>ergo</strong></span> 
     </span>
    </p>
   </div>
   <div class='ocr_carea' id='block_1_103' title="bbox 1900 4173 3475 4250">
    <p class='ocr_par' dir='ltr' id='par_1_103' title="bbox 1900 4173 3475 4250">
     <span class='ocr_line' id='line_1_103' title="bbox 1900 4173 3475 4250; baseline 0.002 -20"><span class='ocrx_word' id='word_1_814' title='bbox 1900 4176 2138 4247; x_wconf 87' lang='lat' dir='ltr'><strong>diversas</strong></span> <span class='ocrx_word' id='word_1_815' title='bbox 2169 4176 2219 4250; x_wconf 86' lang='lat' dir='ltr'><strong>in</strong></span> <span class='ocrx_word' id='word_1_816' title='bbox 2253 4173 2549 4249; x_wconf 88' lang='lat' dir='ltr'><strong>Scripturis</strong></span> <span class='ocrx_word' id='word_1_817' title='bbox 2577 4175 2680 4229; x_wconf 87' lang='lat' dir='ltr'><strong>dici</strong></span> <span class='ocrx_word' id='word_1_818' title='bbox 2710 4174 2965 4249; x_wconf 69' lang='lat' dir='ltr'><strong>claruerit</strong></span> <span class='ocrx_word' id='word_1_819' title='bbox 2989 4176 3152 4250; x_wconf 75' lang='lat' dir='ltr'><strong>leges,</strong></span> <span class='ocrx_word' id='word_1_820' title='bbox 3199 4177 3243 4231; x_wconf 93' lang='lat' dir='ltr'><strong>si</strong></span> <span class='ocrx_word' id='word_1_821' title='bbox 3274 4178 3394 4245; x_wconf 86' lang='lat' dir='ltr'><strong>quis</strong></span> <span class='ocrx_word' id='word_1_822' title='bbox 3421 4180 3475 4233; x_wconf 88' lang='lat' dir='ltr'><strong>in</strong></span> 
     </span>
    </p>
   </div>
   <div class='ocr_carea' id='block_1_104' title="bbox 1900 4256 3475 4347">
    <p class='ocr_par' dir='ltr' id='par_1_104' title="bbox 1900 4256 3475 4347">
     <span class='ocr_line' id='line_1_104' title="bbox 1900 4256 3475 4347; baseline 0.004 -29"><span class='ocrx_word' id='word_1_823' title='bbox 1900 4276 2107 4318; x_wconf 88' lang='lat' dir='ltr'><strong>tantum</strong></span> <span class='ocrx_word' id='word_1_824' title='bbox 2154 4256 2342 4318; x_wconf 73' lang='lat' dir='ltr'><strong>Omnes</strong></span> <span class='ocrx_word' id='word_1_825' title='bbox 2362 4266 2462 4347; x_wconf 83' lang='lat' dir='ltr'><strong>has</strong></span> <span class='ocrx_word' id='word_1_826' title='bbox 2489 4263 2767 4345; x_wconf 78' lang='lat' dir='ltr'><strong>refugerit,</strong></span> <span class='ocrx_word' id='word_1_827' title='bbox 2808 4274 2867 4317; x_wconf 92' lang='lat' dir='ltr'><strong>ut</strong></span> <span class='ocrx_word' id='word_1_828' title='bbox 2888 4266 3059 4340; x_wconf 56' lang='lat' dir='ltr'><strong>etiam,</strong></span> <span class='ocrx_word' id='word_1_829' title='bbox 3079 4267 3339 4343; x_wconf 80' lang='lat' dir='ltr'><strong>naturalis</strong></span> <span class='ocrx_word' id='word_1_830' title='bbox 3363 4269 3475 4337; x_wconf 87' lang='lat' dir='ltr'><strong>ipsa</strong></span> 
     </span>
    </p>
   </div>
   <div class='ocr_carea' id='block_1_105' title="bbox 1899 4353 3477 4433">
    <p class='ocr_par' dir='ltr' id='par_1_105' title="bbox 1899 4353 3477 4433">
     <span class='ocr_line' id='line_1_105' title="bbox 1899 4353 3477 4433; baseline 0.003 -27"><span class='ocrx_word' id='word_1_831' title='bbox 1899 4354 1982 4407; x_wconf 82' lang='lat' dir='ltr'><strong>lex</strong></span> <span class='ocrx_word' id='word_1_832' title='bbox 2007 4369 2125 4422; x_wconf 62' lang='lat' dir='ltr'><strong>qua:</strong></span> <span class='ocrx_word' id='word_1_833' title='bbox 2158 4353 2287 4408; x_wconf 91' lang='lat' dir='ltr'><strong>nulli</strong></span> <span class='ocrx_word' id='word_1_834' title='bbox 2334 4353 2447 4429; x_wconf 86' lang='lat' dir='ltr'><strong>fere</strong></span> <span class='ocrx_word' id='word_1_835' title='bbox 2496 4354 2666 4419; x_wconf 89' lang='lat' dir='ltr'><strong>deest,</strong></span> <span class='ocrx_word' id='word_1_836' title='bbox 2713 4355 2797 4408; x_wconf 91' lang='lat' dir='ltr'><strong>vel</strong></span> <span class='ocrx_word' id='word_1_837' title='bbox 2824 4370 2920 4433; x_wconf 82' lang='lat' dir='ltr'><strong>per</strong></span> <span class='ocrx_word' id='word_1_838' title='bbox 2948 4355 3200 4421; x_wconf 86' lang='lat' dir='ltr'><strong>duritiam</strong></span> <span class='ocrx_word' id='word_1_839' title='bbox 3254 4356 3335 4411; x_wconf 90' lang='lat' dir='ltr'><strong>vel</strong></span> <span class='ocrx_word' id='word_1_840' title='bbox 3381 4373 3477 4433; x_wconf 84' lang='lat' dir='ltr'><strong>per</strong></span> 
     </span>
    </p>
   </div>
   <div class='ocr_carea' id='block_1_106' title="bbox 1898 4445 3477 4523">
    <p class='ocr_par' dir='ltr' id='par_1_106' title="bbox 1898 4445 3477 4523">
     <span class='ocr_line' id='line_1_106' title="bbox 1898 4445 3477 4523; baseline 0.004 -25"><span class='ocrx_word' id='word_1_841' title='bbox 1898 4445 2309 4499; x_wconf 88' lang='lat' dir='ltr'><strong>crassitudinem</strong></span> <span class='ocrx_word' id='word_1_842' title='bbox 2371 4446 2547 4501; x_wconf 88' lang='lat' dir='ltr'><strong>cordis</strong></span> <span class='ocrx_word' id='word_1_843' title='bbox 2608 4446 2891 4523; x_wconf 69' lang='lat' dir='ltr'><strong>obliterata</strong></span> <span class='ocrx_word' id='word_1_844' title='bbox 2924 4448 2975 4520; x_wconf 80' lang='lat' dir='ltr'><strong>in</strong></span> <span class='ocrx_word' id='word_1_845' title='bbox 3011 4463 3079 4521; x_wconf 29' lang='lat' dir='ltr'><strong>leo</strong></span> <span class='ocrx_word' id='word_1_846' title='bbox 3121 4449 3384 4521; x_wconf 87' lang='lat' dir='ltr'><strong>videatur,</strong></span> <span class='ocrx_word' id='word_1_847' title='bbox 3422 4458 3477 4505; x_wconf 89' lang='lat' dir='ltr'><strong>et</strong></span> 
     </span>
    </p>
   </div>
   <div class='ocr_carea' id='block_1_107' title="bbox 1898 4535 3475 4616">
    <p class='ocr_par' dir='ltr' id='par_1_107' title="bbox 1898 4535 3475 4616">
     <span class='ocr_line' id='line_1_107' title="bbox 1898 4535 3475 4616; baseline 0.004 -27"><span class='ocrx_word' id='word_1_848' title='bbox 1898 4535 2113 4599; x_wconf 89' lang='lat' dir='ltr'><strong>abolita,</strong></span> <span class='ocrx_word' id='word_1_849' title='bbox 2163 4536 2229 4589; x_wconf 90' lang='lat' dir='ltr'><strong>de</strong></span> <span class='ocrx_word' id='word_1_850' title='bbox 2262 4535 2364 4590; x_wconf 91' lang='lat' dir='ltr'><strong>isto</strong></span> <span class='ocrx_word' id='word_1_851' title='bbox 2388 4542 2563 4616; x_wconf 80' lang='lat' dir='ltr'><strong>potest</strong></span> <span class='ocrx_word' id='word_1_852' title='bbox 2594 4535 2764 4590; x_wconf 87' lang='lat' dir='ltr'><strong>videri</strong></span> <span class='ocrx_word' id='word_1_853' title='bbox 2796 4537 2996 4613; x_wconf 83' lang='lat' dir='ltr'><strong>dictum</strong></span> <span class='ocrx_word' id='word_1_854' title='bbox 3043 4538 3186 4611; x_wconf 82' lang='lat' dir='ltr'><strong>quod</strong></span> <span class='ocrx_word' id='word_1_855' title='bbox 3215 4539 3331 4593; x_wconf 92' lang='lat' dir='ltr'><strong>siue</strong></span> <span class='ocrx_word' id='word_1_856' title='bbox 3362 4539 3475 4611; x_wconf 86' lang='lat' dir='ltr'><strong>lege</strong></span> 
     </span>
    </p>
   </div>
   <div class='ocr_carea' id='block_1_108' title="bbox 1897 4619 3475 4701">
    <p class='ocr_par' dir='ltr' id='par_1_108' title="bbox 1897 4619 3475 4701">
     <span class='ocr_line' id='line_1_108' title="bbox 1897 4619 3475 4701; baseline 0.004 -25"><span class='ocrx_word' id='word_1_857' title='bbox 1897 4631 2114 4701; x_wconf 87' lang='lat' dir='ltr'><strong>pereat;</strong></span> <span class='ocrx_word' id='word_1_858' title='bbox 2140 4619 2459 4692; x_wconf 71' lang='lat' dir='ltr'><strong>judic‘andus</strong></span> <span class='ocrx_word' id='word_1_859' title='bbox 2484 4622 2613 4677; x_wconf 78' lang='lat' dir='ltr'><strong>vero</strong></span> <span class='ocrx_word' id='word_1_860' title='bbox 2639 4638 2733 4694; x_wconf 76' lang='lat' dir='ltr'><strong>per</strong></span> <span class='ocrx_word' id='word_1_861' title='bbox 2760 4624 2928 4693; x_wconf 82' lang='lat' dir='ltr'><strong>legem</strong></span> <span class='ocrx_word' id='word_1_862' title='bbox 2954 4625 3162 4679; x_wconf 83' lang='lat' dir='ltr'><strong>dicatur</strong></span> <span class='ocrx_word' id='word_1_863' title='bbox 3189 4627 3235 4701; x_wconf 87' lang='lat' dir='ltr'><strong>is</strong></span> <span class='ocrx_word' id='word_1_864' title='bbox 3263 4627 3352 4695; x_wconf 92' lang='lat' dir='ltr'><strong>qui</strong></span> <span class='ocrx_word' id='word_1_865' title='bbox 3375 4629 3475 4683; x_wconf 90' lang='lat' dir='ltr'><strong>sub</strong></span> 
     </span>
    </p>
   </div>
   <div class='ocr_carea' id='block_1_109' title="bbox 1899 4699 3477 4796">
    <p class='ocr_par' dir='ltr' id='par_1_109' title="bbox 1899 4699 3477 4796">
     <span class='ocr_line' id='line_1_109' title="bbox 1899 4699 3477 4796; baseline 0.005 -31"><span class='ocrx_word' id='word_1_866' title='bbox 1899 4699 2014 4782; x_wconf 81' lang='lat' dir='ltr'><strong>lege</strong></span> <span class='ocrx_word' id='word_1_867' title='bbox 2037 4713 2184 4776; x_wconf 71' lang='lat' dir='ltr'><strong>vivit.</strong></span> <span class='ocrx_word' id='word_1_868' title='bbox 2222 4714 2348 4782; x_wconf 91' lang='lat' dir='ltr'><strong>quia</strong></span> <span class='ocrx_word' id='word_1_869' title='bbox 2378 4723 2434 4767; x_wconf 93' lang='lat' dir='ltr'><strong>et</strong></span> <span class='ocrx_word' id='word_1_870' title='bbox 2451 4710 2738 4796; x_wconf 79' lang='lat' dir='ltr'><strong>Apestolus</strong></span> <span class='ocrx_word' id='word_1_871' title='bbox 2762 4725 3096 4794; x_wconf 85' lang='lat' dir='ltr'><strong>contestatur</strong></span> <span class='ocrx_word' id='word_1_872' title='bbox 3123 4733 3337 4791; x_wconf 80' lang='lat' dir='ltr'><strong>omnem</strong></span> <span class='ocrx_word' id='word_1_873' title='bbox 3370 4720 3477 4773; x_wconf 83' lang='lat' dir='ltr'><strong>cir-</strong></span> 
     </span>
    </p>
   </div>
   <div class='ocr_carea' id='block_1_110' title="bbox 1901 4794 3475 4877">
    <p class='ocr_par' dir='ltr' id='par_1_110' title="bbox 1901 4794 3475 4877">
     <span class='ocr_line' id='line_1_110' title="bbox 1901 4794 3475 4877; baseline 0.003 -19"><span class='ocrx_word' id='word_1_874' title='bbox 1901 4803 2292 4858; x_wconf 76' lang='lat' dir='ltr'><strong>cumcidentem</strong></span> <span class='ocrx_word' id='word_1_875' title='bbox 2353 4819 2431 4868; x_wconf 91' lang='lat' dir='ltr'><strong>se,</strong></span> <span class='ocrx_word' id='word_1_876' title='bbox 2492 4794 2616 4872; x_wconf 88' lang='lat' dir='ltr'><strong>quia</strong></span> <span class='ocrx_word' id='word_1_877' title='bbox 2651 4794 2873 4859; x_wconf 67' lang='lat' dir='ltr'><strong>&#39;dehitor</strong></span> <span class='ocrx_word' id='word_1_878' title='bbox 2919 4808 2988 4859; x_wconf 91' lang='lat' dir='ltr'><strong>sit</strong></span> <span class='ocrx_word' id='word_1_879' title='bbox 3041 4806 3305 4861; x_wconf 72' lang='lat' dir='ltr'><strong>universae</strong></span> <span class='ocrx_word' id='word_1_880' title='bbox 3341 4808 3475 4877; x_wconf 91' lang='lat' dir='ltr'><strong>legis</strong></span> 
     </span>
    </p>
   </div>
   <div class='ocr_carea' id='block_1_111' title="bbox 1900 4878 3476 4973">
    <p class='ocr_par' dir='ltr' id='par_1_111' title="bbox 1900 4878 3476 4973">
     <span class='ocr_line' id='line_1_111' title="bbox 1900 4878 3476 4973; baseline 0.004 -27"><span class='ocrx_word' id='word_1_881' title='bbox 1900 4880 2163 4971; x_wconf 55' lang='lat' dir='ltr'><strong>facienda</strong></span> <span class='ocrx_word' id='word_1_882' title='bbox 2203 4891 2345 4961; x_wconf 88' lang='lat' dir='ltr'><strong>(Gal.</strong></span> <span class='ocrx_word' id='word_1_883' title='bbox 2390 4891 2463 4963; x_wconf 90' lang='lat' dir='ltr'><strong>v).</strong></span> <span class='ocrx_word' id='word_1_884' title='bbox 2505 4878 2702 4964; x_wconf 70' lang='lat' dir='ltr'><strong>(Aug)</strong></span> <span class='ocrx_word' id='word_1_885' title='bbox 2732 4893 2863 4973; x_wconf 82' lang='lat' dir='ltr'><strong>Quis</strong></span> <span class='ocrx_word' id='word_1_886' title='bbox 2908 4894 3103 4969; x_wconf 84' lang='lat' dir='ltr'><strong>audeat</strong></span> <span class='ocrx_word' id='word_1_887' title='bbox 3138 4895 3339 4962; x_wconf 87' lang='lat' dir='ltr'><strong>dicere,</strong></span> <span class='ocrx_word' id='word_1_888' title='bbox 3383 4896 3476 4952; x_wconf 82' lang='lat' dir='ltr'><strong>Ju-</strong></span> 
     </span>
    </p>
   </div>
   <div class='ocr_carea' id='block_1_112' title="bbox 1902 4974 3475 5059">
    <p class='ocr_par' dir='ltr' id='par_1_112' title="bbox 1902 4974 3475 5059">
     <span class='ocr_line' id='line_1_112' title="bbox 1902 4974 3475 5059; baseline 0.003 -20"><span class='ocrx_word' id='word_1_889' title='bbox 1902 4984 2067 5047; x_wconf 78' lang='lat' dir='ltr'><strong>daeos,</strong></span> <span class='ocrx_word' id='word_1_890' title='bbox 2116 4984 2208 5057; x_wconf 88' lang='lat' dir='ltr'><strong>qui</strong></span> <span class='ocrx_word' id='word_1_891' title='bbox 2250 4984 2301 5037; x_wconf 91' lang='lat' dir='ltr'><strong>in</strong></span> <span class='ocrx_word' id='word_1_892' title='bbox 2330 4974 2446 5059; x_wconf 84' lang='lat' dir='ltr'><strong>lege</strong></span> <span class='ocrx_word' id='word_1_893' title='bbox 2470 4994 2701 5052; x_wconf 72' lang='lat' dir='ltr'><strong>pem-ant</strong></span> <span class='ocrx_word' id='word_1_894' title='bbox 2747 5000 2853 5059; x_wconf 81' lang='lat' dir='ltr'><strong>non</strong></span> <span class='ocrx_word' id='word_1_895' title='bbox 2878 5000 2997 5040; x_wconf 87' lang='lat' dir='ltr'><strong>esse</strong></span> <span class='ocrx_word' id='word_1_896' title='bbox 3024 4987 3316 5059; x_wconf 75' lang='lat' dir='ltr'><strong>perituros,</strong></span> <span class='ocrx_word' id='word_1_897' title='bbox 3351 5004 3475 5043; x_wconf 91' lang='lat' dir='ltr'><strong>cum</strong></span> 
     </span>
    </p>
   </div>
   <div class='ocr_carea' id='block_1_113' title="bbox 1900 5059 3474 5154">
    <p class='ocr_par' dir='ltr' id='par_1_113' title="bbox 1900 5059 3474 5154">
     <span class='ocr_line' id='line_1_113' title="bbox 1900 5059 3474 5154; baseline 0.002 -26"><span class='ocrx_word' id='word_1_898' title='bbox 1900 5062 1957 5128; x_wconf 78' lang='lat' dir='ltr'><strong>in</strong></span> <span class='ocrx_word' id='word_1_899' title='bbox 1993 5068 2266 5128; x_wconf 90' lang='lat' dir='ltr'><strong>Christum</strong></span> <span class='ocrx_word' id='word_1_900' title='bbox 2285 5069 2395 5127; x_wconf 79' lang='lat' dir='ltr'><strong>‘non</strong></span> <span class='ocrx_word' id='word_1_901' title='bbox 2422 5059 2769 5154; x_wconf 75' lang='lat' dir='ltr'><strong>crediderint,</strong></span> <span class='ocrx_word' id='word_1_902' title='bbox 2822 5077 3255 5144; x_wconf 87' lang='lat' dir='ltr'><strong>quandoquidem</strong></span> <span class='ocrx_word' id='word_1_903' title='bbox 3279 5077 3346 5131; x_wconf 91' lang='lat' dir='ltr'><strong>de</strong></span> <span class='ocrx_word' id='word_1_904' title='bbox 3370 5076 3474 5143; x_wconf 83' lang='lat' dir='ltr'><strong>illis</strong></span> 
     </span>
    </p>
   </div>
   <div class='ocr_carea' id='block_1_114' title="bbox 1902 5149 3474 5246">
    <p class='ocr_par' dir='ltr' id='par_1_114' title="bbox 1902 5149 3474 5246">
     <span class='ocr_line' id='line_1_114' title="bbox 1902 5149 3474 5246; baseline 0.003 -30"><span class='ocrx_word' id='word_1_905' title='bbox 1902 5158 2100 5246; x_wconf 83' lang='lat' dir='ltr'><strong>dictum</strong></span> <span class='ocrx_word' id='word_1_906' title='bbox 2125 5170 2224 5238; x_wconf 84' lang='lat' dir='ltr'><strong>est,</strong></span> <span class='ocrx_word' id='word_1_907' title='bbox 2257 5178 2353 5233; x_wconf 89' lang='lat' dir='ltr'><strong>per</strong></span> <span class='ocrx_word' id='word_1_908' title='bbox 2377 5149 2544 5234; x_wconf 84' lang='lat' dir='ltr'><strong>legem</strong></span> <span class='ocrx_word' id='word_1_909' title='bbox 2572 5149 2957 5242; x_wconf 71' lang='lat' dir='ltr'><strong>iudicabuntur</strong></span> <span class='ocrx_word' id='word_1_910' title='bbox 2983 5174 3041 5219; x_wconf 89' lang='lat' dir='ltr'><strong>ut</strong></span> <span class='ocrx_word' id='word_1_911' title='bbox 3062 5166 3319 5236; x_wconf 85' lang='lat' dir='ltr'><strong>pereant?</strong></span> <span class='ocrx_word' id='word_1_912' title='bbox 3340 5165 3474 5221; x_wconf 83' lang='lat' dir='ltr'><strong>Nam</strong></span> 
     </span>
    </p>
   </div>
   <div class='ocr_carea' id='block_1_115' title="bbox 1901 5242 3474 5337">
    <p class='ocr_par' dir='ltr' id='par_1_115' title="bbox 1901 5242 3474 5337">
     <span class='ocr_line' id='line_1_115' title="bbox 1901 5242 3474 5337; baseline 0.002 -29"><span class='ocrx_word' id='word_1_913' title='bbox 1901 5242 1947 5337; x_wconf 71' lang='lat' dir='ltr'><strong>si</strong></span> <span class='ocrx_word' id='word_1_914' title='bbox 1981 5242 2138 5337; x_wconf 70' lang='lat' dir='ltr'><strong>pejor</strong></span> <span class='ocrx_word' id='word_1_915' title='bbox 2176 5256 2281 5310; x_wconf 92' lang='lat' dir='ltr'><strong>erit</strong></span> <span class='ocrx_word' id='word_1_916' title='bbox 2325 5256 2564 5336; x_wconf 84' lang='lat' dir='ltr'><strong>conditio</strong></span> <span class='ocrx_word' id='word_1_917' title='bbox 2606 5257 2957 5336; x_wconf 84' lang='lat' dir='ltr'><strong>nescientium</strong></span> <span class='ocrx_word' id='word_1_918' title='bbox 2990 5271 3149 5328; x_wconf 82' lang='lat' dir='ltr'><strong>quam</strong></span> <span class='ocrx_word' id='word_1_919' title='bbox 3192 5256 3474 5325; x_wconf 79' lang='lat' dir='ltr'><strong>scientiam</strong></span> 
     </span>
    </p>
   </div>
   <div class='ocr_carea' id='block_1_116' title="bbox 1900 5328 3476 5427">
    <p class='ocr_par' dir='ltr' id='par_1_116' title="bbox 1900 5328 3476 5427">
     <span class='ocr_line' id='line_1_116' title="bbox 1900 5328 3476 5427; baseline 0.001 -29"><span class='ocrx_word' id='word_1_920' title='bbox 1900 5328 2071 5424; x_wconf 72' lang='lat' dir='ltr'><strong>legem</strong></span> <span class='ocrx_word' id='word_1_921' title='bbox 2103 5344 2223 5411; x_wconf 89' lang='lat' dir='ltr'><strong>Dei,</strong></span> <span class='ocrx_word' id='word_1_922' title='bbox 2276 5328 2533 5426; x_wconf 81' lang='lat' dir='ltr'><strong>quoniam</strong></span> <span class='ocrx_word' id='word_1_923' title='bbox 2567 5328 2769 5427; x_wconf 33' lang='lat' dir='ltr'><strong>verum&quot;</strong></span> <span class='ocrx_word' id='word_1_924' title='bbox 2788 5347 2891 5423; x_wconf 78' lang='lat' dir='ltr'><strong>erit</strong></span> <span class='ocrx_word' id='word_1_925' title='bbox 2928 5347 3069 5419; x_wconf 81' lang='lat' dir='ltr'><strong>quod</strong></span> <span class='ocrx_word' id='word_1_926' title='bbox 3102 5348 3158 5420; x_wconf 83' lang='lat' dir='ltr'><strong>in</strong></span> <span class='ocrx_word' id='word_1_927' title='bbox 3191 5347 3476 5427; x_wconf 71' lang='lat' dir='ltr'><strong>Evangelia</strong></span> 
     </span>
    </p>
   </div>
   <div class='ocr_carea' id='block_1_117' title="bbox 1902 5423 3475 5521">
    <p class='ocr_par' dir='ltr' id='par_1_117' title="bbox 1902 5423 3475 5521">
     <span class='ocr_line' id='line_1_117' title="bbox 1902 5423 3475 5521; baseline 0 -33"><span class='ocrx_word' id='word_1_928' title='bbox 1902 5434 2160 5492; x_wconf 90' lang='lat' dir='ltr'><strong>Dominus</strong></span> <span class='ocrx_word' id='word_1_929' title='bbox 2212 5436 2286 5521; x_wconf 64' lang='lat' dir='ltr'><strong>ait</strong></span> <span class='ocrx_word' id='word_1_930' title='bbox 2316 5455 2327 5488; x_wconf 93' lang='lat'><strong>:</strong></span> <span class='ocrx_word' id='word_1_931' title='bbox 2362 5423 2575 5517; x_wconf 53' lang='lat' dir='ltr'><strong>Servus</strong></span> <span class='ocrx_word' id='word_1_932' title='bbox 2600 5423 2685 5515; x_wconf 78' lang='lat' dir='ltr'><strong>qui</strong></span> <span class='ocrx_word' id='word_1_933' title='bbox 2723 5439 2883 5514; x_wconf 73' lang='lat' dir='ltr'><strong>nescit</strong></span> <span class='ocrx_word' id='word_1_934' title='bbox 2916 5435 3230 5507; x_wconf 80' lang='lat' dir='ltr'><strong>voluntatem</strong></span> <span class='ocrx_word' id='word_1_935' title='bbox 3277 5423 3475 5494; x_wconf 83' lang='lat' dir='ltr'><strong>domini</strong></span> 
     </span>
    </p>
   </div>
   <div class='ocr_carea' id='block_1_118' title="bbox 1899 5511 3401 5612">
    <p class='ocr_par' dir='ltr' id='par_1_118' title="bbox 1899 5511 3401 5612">
     <span class='ocr_line' id='line_1_118' title="bbox 1899 5511 3401 5612; baseline -0.003 -29"><span class='ocrx_word' id='word_1_936' title='bbox 1899 5529 2001 5593; x_wconf 85' lang='lat' dir='ltr'><strong>sui,</strong></span> <span class='ocrx_word' id='word_1_937' title='bbox 2034 5520 2081 5582; x_wconf 83' lang='lat' dir='ltr'><strong>et</strong></span> <span class='ocrx_word' id='word_1_938' title='bbox 2105 5511 2411 5612; x_wconf 39' lang='lat' dir='ltr'><strong>facit&#39;digna</strong></span> <span class='ocrx_word' id='word_1_939' title='bbox 2428 5511 2877 5612; x_wconf 26' lang='lat' dir='ltr'><strong>plagis-vapulabit</strong></span> <span class='ocrx_word' id='word_1_940' title='bbox 2906 5529 3085 5602; x_wconf 78' lang='lat' dir='ltr'><strong>paucis</strong></span> <span class='ocrx_word' id='word_1_941' title='bbox 3108 5526 3257 5597; x_wconf 88' lang='lat' dir='ltr'><strong>(Luc.</strong></span> <span class='ocrx_word' id='word_1_942' title='bbox 3283 5524 3401 5597; x_wconf 72' lang='lat' dir='ltr'><strong>x11).</strong></span> 
     </span>
    </p>
   </div>
   <div class='ocr_carea' id='block_1_119' title="bbox 1974 5605 3452 5703">
    <p class='ocr_par' dir='ltr' id='par_1_119' title="bbox 1974 5605 3452 5703">
     <span class='ocr_line' id='line_1_119' title="bbox 1974 5605 3452 5703; baseline -0.003 -29"><span class='ocrx_word' id='word_1_943' title='bbox 1974 5612 2043 5674; x_wconf 74' lang='lat' dir='ltr'><strong>Et</strong></span> <span class='ocrx_word' id='word_1_944' title='bbox 2060 5605 2362 5703; x_wconf 58' lang='lat' dir='ltr'><strong>quicunque</strong></span> <span class='ocrx_word' id='word_1_945' title='bbox 2390 5623 2445 5673; x_wconf 90' lang='lat' dir='ltr'><strong>in</strong></span> <span class='ocrx_word' id='word_1_946' title='bbox 2472 5607 2579 5691; x_wconf 84' lang='lat' dir='ltr'><strong>lege</strong></span> <span class='ocrx_word' id='word_1_947' title='bbox 2601 5605 2957 5702; x_wconf 74' lang='lat' dir='ltr'><strong>peccauerunt,</strong></span> <span class='ocrx_word' id='word_1_948' title='bbox 2980 5637 3072 5690; x_wconf 84' lang='lat' dir='ltr'><strong>per</strong></span> <span class='ocrx_word' id='word_1_949' title='bbox 3090 5620 3249 5690; x_wconf 77' lang='lat' dir='ltr'><strong>legem</strong></span> <span class='ocrx_word' id='word_1_950' title='bbox 3264 5617 3452 5687; x_wconf 73' lang='lat' dir='ltr'><strong>Judica</strong></span> 
     </span>
    </p>
   </div>
   <div class='ocr_carea' id='block_1_120' title="bbox 1904 5694 3449 5791">
    <p class='ocr_par' dir='ltr' id='par_1_120' title="bbox 1904 5694 3449 5791">
     <span class='ocr_line' id='line_1_120' title="bbox 1904 5694 3449 5791; baseline -0.003 -26"><span class='ocrx_word' id='word_1_951' title='bbox 1904 5694 2127 5765; x_wconf 24' lang='lat' dir='ltr'><strong>buntur.”</strong></span> <span class='ocrx_word' id='word_1_952' title='bbox 2445 5694 2708 5778; x_wconf 84' lang='lat' dir='ltr'><strong>Quoniam</strong></span> <span class='ocrx_word' id='word_1_953' title='bbox 2758 5710 2923 5767; x_wconf 74' lang='lat' dir='ltr'><strong>Judaei</strong></span> <span class='ocrx_word' id='word_1_954' title='bbox 2957 5710 3126 5780; x_wconf 88' lang='lat' dir='ltr'><strong>legem</strong></span> <span class='ocrx_word' id='word_1_955' title='bbox 3164 5711 3375 5771; x_wconf 84' lang='lat' dir='ltr'><strong>habent,</strong></span> <span class='ocrx_word' id='word_1_956' title='bbox 3412 5703 3449 5761; x_wconf 79' lang='lat' dir='ltr'><strong>ii</strong></span> 
     </span>
    </p>
   </div>
  </div>
