3960 6328
490 320 627 375 1519

1098 319 1161 374 Β.
1202 316 1455 373 MBAN!
1493 316 1715 374 MAURI
1752 314 2070 372 ARCHIEP.
2100 312 2406 371 MOGUNT.
2442 312 2728 369 OPERUM
2768 311 2947 367 PARS
2984 313 3069 367 ll].

3605 312 3740 366 Π)ὶο

490 447 593 501 qua
626 429 769 484 salus
792 427 896 483 illis
924 429 1192 497 promissa
1231 438 1346 491 est;
1380 444 1487 483 non
1515 428 1821 488 credentes,
1847 425 1928 477 vel
1956 441 2061 480 non
2090 432 2144 491 Α
2168 424 2242 478 ita
2273 433 2328 479 et
2359 440 2481 479 cum
2512 424 2775 490 diﬂiduut,
2809 424 3017 494 pejores
3042 424 3406 486 inveniuntur,
3455 421 3576 492 plus
3601 424 3745 477 enim

492 521 812 589 recipientes
842 519 1166 587 promissum
1197 535 1293 588 per
1325 519 1497 588 legem
1514 516 1920 586 iudicabuntur,
1966 515 2068 569 sub

494 626 595 679 qua
624 610 901 663 vixerunt:
932 609 1047 678 ipsa
1067 610 1211 665 enim
1234 618 1543 674 accusante,
1568 604 2069 679 pmnasexsolvent,

493 715 615 753 nam
631 714 796 770 prope
811 700 1028 772 gravior
1039 699 1344 755 Iudaeorum
1360 714 1519 755 causa
1537 707 1619 754 est
1654 698 1793 769 apud
1814 711 1909 752 eos
1930 697 2074 765 ipsos

493 804 653 857 quam
680 789 982 859 gentilium.
1024 788 1178 844 Sicut
1196 790 1341 845 enim
1380 787 2074 859 credentes'przeieruntur,

2174 515 2419 585 displicet
2458 518 2551 586 qui
2588 518 2731 586 quod
2779 516 2986 582 habuit,
3037 516 3236 579 amisit,
3279 531 3441 584 quam
3489 515 3581 582 qui
3608 514 3749 585 quod

2178 624 2283 664 non
2328 611 2585 679 speravit,
2628 610 2885 680 consequi
2932 625 3037 663 non
3063 608 3271 678 potuit;
3314 609 3417 661 iste
3454 606 3601 661 enim
3643 620 3755 660 non

2180 684 2399 757 intravit
2426 702 2482 757 in
2506 701 2733 773 regiam,
2782 700 2873 756 ille
2891 700 3036 756 l’oras
3064 699 3260 754 missus
3281 706 3382 754 est.

506 906 3753 936 Μ

1470 1030 1883 1209 LIBER
1973 1026 2754 1145 SECUNDUS.

922 1283 1273 1353 SEQUITUR
1310 1284 1538 1342 CAPUT
1570 1285 1636 1341 ll.

570 1367 691 1423 Non
720 1368 857 1422 enim
881 1366 1145 1421 auditores
1166 1365 1291 1436 legis
1308 1367 1441 1437 justi
1464 1376 1584 1421 sunt
1608 1366 1748 1436 apud
1770 1366 1961 1432 Deum,
1984 1366 2073 1423 sed

495 1460 721 1529 factores
743 1459 868 1528 legis
889 1456 1346 1527 justiﬁcabuntur.
1385 1452 1619 1527 (Ambr.)
1650 1454 1765 1511 Hoc
1790 1456 1923 1511 dicit
1949 1457 2074 1525 quia

496 1566 603 1605 non
632 1549 689 1604 hi
716 1547 849 1618 justi
878 1556 1005 1604 sunt
1059 1546 1150 1616 qui
1184 1547 1410 1601 audiunt
1440 1545 1634 1616 legem,
1695 1546 1791 1601 sed
1823 1546 1914 1615 qui
1953 1560 2076 1601 cre-

496 1640 630 1694 dunt
668 1639 719 1692 in
746 1637 1018 1693 Christum
1065 1651 1223 1707 quem
1248 1635 1329 1690 lex
1356 1637 1621 1708 promisit,
1678 1645 1735 1692 et
1759 1637 1863 1693 hoc
1888 1645 1973 1691 est
2000 1634 2080 1689 fa-

2176 1280 2361 1336 moria:
2419 1276 2760 1348 receptaculo
2811 1276 3129 1331 continere?
3194 1274 3303 1331 Sed
3357 1274 3637 1331 sciendum
3685 1282 3772 1329 est

2176 1368 2497 1425 rationalem
2548 1367 2741 1420 anima:
2793 1366 3067 1433 virtutem,
3124 1380 3219 1420 cor
3269 1365 3444 1420 solere
3490 1364 3771 1420 nominari

2177 1459 2486 1515 testimonia
2512 1473 2658 1513 sana:
2694 1457 3059 1519 conscientiae,
3109 1466 3169 1510 ut
3192 1455 3480 1527 Apostolus
3510 1455 3645 1509 dicit
3674 1468 3776 1509 eos

2180 1553 2271 1622 qui
2305 1551 2629 1619 descriptam
2668 1540 2946 1603 continent
2985 1547 3037 1600 in
3066 1546 3545 1623 cordibusllegem.
3618 1544 3777 1598 Unde

2183 1642 2550 1699 necessarium
2596 1641 2805 1694 videtur
2841 1638 3140 1702 discutere,
3183 1638 3308 1707 quid
3332 1638 3471 1692 istud
3505 1638 3575 1691 sit
3624 1640 3777 1705 quod

495 1744 620 1785 cere
649 1730 844 1800 legem.
899 1727 1088 1784 Omnis
1112 1738 1292 1782 autem
1318 1742 1423 1781 non
1458 1725 1591 1782 facit
1612 1726 1804 1798 legem,
1856 1726 1948 1796 qui
1972 1740 2077 1779 non

2191 1732 2569 1789 conscientiam
2596 1732 2882 1801 Apostolus
2911 1738 3085 1794 vocat,
3138 1737 3391 1783 utrumne
3418 1729 3521 1781 alia
3551 1729 3626 1782 sit
3668 1726 3775 1779 ali—

498 1820 672 1875 credit
714 1818 841 1889 legi,
912 1818 1039 1872 dum
1075 1832 1182 1872 non
1220 1817 1413 1886 recipit
1462 1818 1551 1873 cui
1591 1816 1675 1872 lex
1711 1817 2078 1879 testimonium

495 1912 787 1983 perhibuit.
843 1910 945 1978 Qui
973 1918 1154 1965 autem
1174 1911 1229 1965 in
1258 1909 1376 1980 lege
1400 1910 1614 1964 videtur
1648 1924 1755 1964 non
1786 1924 1931 1974 esse,
1954 1909 2080 1976 quia

497 2002 909 2057 incircumcisus
938 2010 1021 2057 est
1049 2016 1230 2065 carne,
1282 2000 1455 2055 credit
1476 2008 1656 2054 autem
1708 1999 1761 2053 iu
1784 1998 2076 2064 Christum,

499 2090 588 2145 hic
627 2089 821 2146 fecisse
856 2089 1029 2160 legem
1082 2084 1314 2154 dicitur,
1368 2099 1423 2144 et
1476 2089 1565 2146 ille
1610 2089 1702 2159 qui
1751 2107 1810 2145 se
1851 2088 1982 2144 dicit
2026 2089 2081 2142 in

499 2184 613 2252 lege
632 2196 774 2247 esse,
824 2182 880 2238 id
901 2189 986 2238 est
1027 2181 1265 2249 Judaeus,
1294 2181 1510 2237 auditor
1544 2182 1678 2251 legis
1706 2181 1787 2245 iit,
1842 2196 1949 2235 non
1997 2179 2079 2233 ia-

500 2285 639 2341 ctor,
690 2274 816 2345 quia
846 2288 952 2329 non
986 2275 1159 2329 credit
1182 2274 1240 2328 in
1269 2261 1545 2350 Christum
1575 2274 1835 2342 scriptum
1866 2274 1919 2327 in
1944 2272 2079 2341 lege,

499 2365 642 2420 sicut
668 2366 803 2419 dixit
830 2364 1106 2434 Philippus
1152 2366 1219 2419 ad
1242 2362 1541 2438 Nathanael
1571 2361 1755 2433 (Joan.
1786 2361 1826 2432 ι)
1862 2376 1877 2414 :
1916 2360 2083 2426 Quem

498 2456 701 2526 scripsit
724 2454 930 2527 Moyses
953 2456 1009 2511 in
1035 2455 1144 2526 lege
1168 2466 1214 2510 et
1229 2456 1513 2525 prophetae,
1563 2455 1852 2529 invenimus
1874 2453 1907 2507 J
1913 2470 2077 2508 esum.

502 2543 712 2617 (Greg.)
760 2546 841 2601 llli
867 2547 973 2601 duo
1013 2545 1260 2616 discipuli
1304 2546 1358 2600 in
1385 2545 1679 2614 Evangelio
1724 2544 1875 2615 (Luc.
1908 2544 2081 2613 xxrv),

503 2637 594 2708 qui
642 2645 767 2708 post
796 2625 1248 2693 resurrectionem
1289 2636 1502 2692 Domini
1530 2650 1652 2690 cum
1680 2650 1746 2689 eo
1800 2636 1853 2689 in
1880 2636 1963 2688 via
1999 2650 2085 2688 co-

500 2729 849 2795 mitabantur,
902 2729 971 2783 ad
1005 2728 1297 2798 hospitium
1326 2728 1473 2781 illum
1518 2726 1771 2790 invitant,
1840 2739 2084 2780 mensam

500 2830 725 2891 ponunt,
751 2821 900 2877 cibos
926 2820 1176 2885 oderunt,
1228 2828 1283 2875 et
1317 2820 1485 2875 Deum
1515 2836 1677 2890 quem
1704 2820 1758 2875 in
1789 2818 2085 2889 Scriptura:

504 2927 673 2968 sacrae
705 2912 1039 2982 expositione
1090 2926 1199 2966 non
1236 2918 1626 2982 cognoverunt,
1676 2910 1730 2963 in
1775 2909 1931 2978 panis
1977 2907 2087 2960 fra-

505 3004 682 3058 ctione
704 3011 1056 3073 cognoscunt.
1083 3001 1363 3059 Audiendo
1386 3016 1517 3071 ergo
1532 3008 1798 3071 praecepta
1824 2999 1939 3063 Dei,
1967 2998 2087 3052 iilu-

2185 1839 2291 1893 qua
2332 1821 2631 1878 substantia
2654 1835 2815 1889 quam
2842 1836 2936 1873 cor
2964 1820 3047 1873 vel
3074 1820 3275 1884 anima‘,
3322 1820 3436 1874 haec
3459 1820 3604 1873 enim
3638 1832 3776 1870 con-

2187 1915 2431 1977 scientia,
2467 1922 2523 1967 et
2544 1912 2672 1966 alibi
2696 1912 2913 1975 dicitur,
2970 1911 3095 1980 quia
3126 1911 3504 1979 reprehendat,
3544 1923 3658 1961 non
3686 1923 3773 1960 re-

2186 2004 2567 2074 prehendatur,
2607 2010 2661 2056 et
2682 2000 2885 2070 iudicet
2914 2001 3211 2065 hominem,
3236 2015 3339 2054 nou
3364 2000 3475 2069 ipsa
3499 1999 3771 2069 iudicetur

2187 2095 2324 2150 sicut
2359 2094 2435 2148 ait
2462 2092 2696 2148 Joannes
2724 2108 2735 2143 :
2767 2089 2823 2144 Si
2850 2082 3187 2153 conscientia,
3236 2089 3427 2157 inquit.
3461 2099 3640 2140 nostra
3666 2092 3774 2137 non

2189 2184 2525 2255 reprehendat
2556 2199 2673 2246 nos,
2691 2183 2939 2250 fiduciam
2962 2179 3209 2233 habemus
3239 2180 3307 2232 ad
3337 2180 3504 2232 Deum
3530 2176 3576 2250 (Ι
3606 2177 3774 2230 Joan.

2189 2280 2294 2349 ιιι).
2327 2278 2395 2332 Ει
2420 2278 2613 2346 iterum
2641 2275 2755 2344 ipse
2790 2272 2988 2327 Paulus
3015 2272 3141 2327 alibi
3170 2272 3319 2335 dicit,
3377 2273 3501 2337 quia
3524 2270 3774 2339 gloriatio

2190 2379 2368 2424 nostra
2412 2368 2521 2422 haec
2563 2378 2638 2421 est
2683 2368 3033 2420 testimonium
3063 2365 3392 2417 conscientite
3443 2376 3639 2417 nostris
3689 2361 3769 2431 (ll

2191 2462 2313 2515 Cor.
2339 2459 2406 2537 ι).
2437 2459 2572 2525 Quia
2592 2472 2722 2527 ergo
2753 2465 2953 2511 tantam
2981 2455 3096 2524 ejus
3122 2456 3276 2509 video
3303 2455 3631 2514 libertatem,
3657 2469 3773 2523 qua)

2192 2552 2247 2605 in
2281 2551 2437 2605 bonis
2462 2550 2679 2618 quidem
2705 2548 2871 2617 gestis
2894 2547 3122 2615 gaudeat
3148 2562 3381 2615 semper,
3432 2556 3486 2599 et
3514 2545 3773 2604 exsultet,

2192 2642 2244 2695 in
2269 2641 2424 2694 malis
2452 2655 2581 2693 vero
2606 2654 2711 2692 non
2754 2647 3032 2708 arguatur,
3057 2637 3149 2691 sed
3175 2636 3346 2706 ipsam
3375 2633 3639 2698 animam,
3689 2633 3773 2688 cui

2193 2734 2451 2795 cohaeret,
2490 2730 2847 2801 reprehendat
2884 2736 2938 2783 et
2963 2739 3175 2797 arguat.

2208 2808 2211 2811 I
2266 2822 2637 2876 Testimonium
2698 2820 2941 2874 reddente
2984 2818 3089 2872 illis
3146 2818 3465 2872 conscientia
3519 2818 3773 2887 ipsorum.

2195 2911 2405 2983 (Grcg.)
2458 2910 2610 2977 Quod
2652 2917 2829 2964 autem
2862 2908 3011 2972 dicit,
3052 2915 3386 2962 contestante
3439 2895 3773 2961 conscientia

2195 3003 2403 3057 illorum
2440 3000 2731 3056 secundum
2757 2999 2905 3054 illum
2933 2999 3107 3054 locum
3137 2998 3372 3068 loquitur
3394 2996 3623 3053 Joannis
3647 3016 3775 3068 apo—

506 3094 694 3165 minati
721 3108 829 3149 non
848 3101 995 3160 sunt,
1025 3091 1272 3148 faciendo
1301 3091 1583 3145 illuminati
1613 3099 1756 3157 sunt,
1787 3090 1912 3159 quia
1948 3089 2085 3143 scri-

2194 3091 2317 3146 stoli
2353 3107 2460 3160 quo
2480 3092 2556 3145 ait
2586 3109 2598 3144 2
2632 3089 2990 3153 Dilectissimi,
3041 3090 3085 3143 si
3109 3105 3197 3142 cor
3238 3098 3471 3143 nostrum
3525 3107 3619 3144 nos
3673 3109 3772 3146 non

508 3192 661 3254 ptum
705 3193 810 3249 est,
857 3199 960 3236 non
1012 3182 1279 3237 auditores
1302 3180 1427 3251 legis
1464 3180 1903 3251 justiﬁcabuntur
1947 3179 2088 3248 apud

508 3270 697 3337 Deum,
750 3270 840 3325 sed
882 3270 1104 3340 factores
1156 3269 1280 3340 legis
1322 3268 1777 3338 justiﬁcubuntur.
1835 3267 2091 3336 Quisquis

508 3374 640 3429 ergo
698 3358 812 3412 vult
856 3358 1039 3413 audita
1086 3358 1405 3429 intelligere,
1454 3356 1673 3412 festinet
1700 3372 1765 3412 ea
1810 3372 1928 3425 qua:
1978 3356 2092 3425 jam

509 3451 808 3521 intelligere
844 3452 1017 3522 potuit
1046 3466 1207 3521 opere
1251 3451 1505 3522 implere;
1532 3464 1659 3505 ecce
1690 3450 1948 3504 Dominus
1997 3465 2092 3504 co-

508 3545 687 3616 gnitus
731 3560 838 3599 non
876 3553 959 3599 est
993 3544 1119 3599 dum
1147 3543 1474 3613 loqueretur,
1527 3549 1584 3597 et
1612 3538 1864 3609 dignatus
1892 3549 1975 3595 est
2001 3555 2093 3595 co-

509 3635 695 3707 gnosci
725 3636 850 3691 dum
877 3637 1135 3705 pascitur.

583 3726 712 3781 Cum
731 3726 868 3780 enim
894 3736 1084 3796 gentes,
1107 3742 1224 3796 qua:
1242 3723 1403 3795 legem
1419 3740 1523 3779 non
1547 3722 1756 3787 habent,
1782 3719 2093 3776 naturaliter

506 3834 623 3888 qua:
647 3817 772 3888 legis
793 3826 911 3871 sunt
935 3817 1155 3885 faciunt.
1205 3814 1403 3873 Gentes
1427 3814 1767 3870 Christianos
1807 3814 1911 3868 alio
1950 3814 2090 3877 loco,

506 3908 658 3963 vobis
709 3908 857 3963 enim
898 3907 1018 3964 dico
1062 3908 1310 3978 gentibus
1364 3906 1457 3976 qui
1502 3905 1865 3960 iucircumcisi
1914 3920 2091 3974 neque

510 3999 845 4062 neomenias,
896 4013 1072 4068 neque
1099 3998 1381 4052 sabbatum
1432 4010 1607 4065 neque
1629 4010 1875 4051 escarum
1920 3994 2091 4063 legem

510 4098 747 4155 servant,
789 4097 844 4144 et
870 4087 1007 4143 duce
1034 4095 1250 4151 natura,
1306 4086 1533 4141 credunt
1559 4085 1613 4140 in
1646 4084 1813 4139 Deum
1849 4091 1905 4138 et
1933 4083 2090 4137 Chri-

511 4188 676 4245 stum,
703 4179 755 4233 id
781 4188 865 4235 est
886 4178 940 4233 in
966 4169 1179 4240 Patrem
1206 4185 1259 4233 et
1280 4177 1497 4242 Filium,
1522 4178 1628 4232 hoc
1651 4184 1734 4231 est
1757 4176 1899 4231 enim
1921 4174 2092 4244 legem

509 4285 749 4334 servare,
795 4270 1069 4324 dominum
1098 4269 1231 4340 legis
1254 4283 1563 4340 agnoscere.
1607 4267 1785 4322 Prima
1820 4266 1964 4320 enim
2008 4282 2093 4319 sa-

506 4360 724 4432 pientia:
756 4374 882 4428 pars
902 4360 1018 4414 haec
1043 4368 1154 4424 est,
1207 4360 1389 4412 timete
1429 4358 1598 4412 Deum
1639 4356 1854 4411 Patrem
1885 4372 1952 4412 ex
1984 4372 2091 4425 quo

2190 3182 2550 3250 reprehendat,
2588 3180 2762 3250 major
2780 3188 2853 3233 est
2883 3178 3026 3233 Deus
3058 3180 3385 3233 conscientia:
3417 3190 3630 3245 nostris,
3668 3174 3769 3235 etc.

2192 3271 2388 3342 (Amb.)
2428 3269 2587 3326 Teste
2614 3269 2871 3324 interiore
2890 3269 3218 3323 conscientia
3245 3284 3342 3322 sua
3370 3270 3620 3336 credunt,
3649 3271 3772 3339 quia

2191 3362 2389 3418 conscii
2416 3361 2517 3417 sibi
2568 3370 2693 3417 sunt
2715 3361 3004 3417 convenire
3035 3360 3136 3414 sibi
3165 3362 3311 3430 quod
3333 3362 3585 3417 credunt.
3638 3362 3773 3418 Con-

2190 3472 2383 3527 gruum
2414 3463 2499 3511 est
2521 3456 2668 3511 enim
2693 3463 2955 3510 creatura:
2981 3454 3203 3508 credere
3238 3462 3293 3508 et
3340 3456 3587 3509 venerari
3618 3470 3769 3509 suum

2192 3548 2549 3613 conditorem,
2579 3561 2679 3603 nec
2708 3545 2999 3601 absurdum
3027 3559 3145 3599 esse
3177 3552 3237 3598 ut
3270 3545 3550 3601 dominum
3585 3561 3770 3602 servus

2192 3645 2468 3708 agnoscat.

2266 3728 2331 3783 Et
2353 3729 2487 3782 inter
2516 3742 2572 3783 se
2596 3726 2994 3799 cogitationibus
3018 3728 3234 3783 inuicem
3265 3727 3657 3792 accusantibus,
3681 3739 3765 3782 aut

2191 3820 2347 3873 etiam
2376 3819 2764 3888 defendentibus
2813 3819 2865 3871 in
2889 3820 2973 3872 die
2992 3836 3095 3887 qua
3126 3818 3388 3888 judicabit
3410 3817 3555 3872 Deus
3569 3821 3765 3871 occulta

2192 3912 2476 3972 hominum,
2526 3910 2811 3965 secundum
2855 3908 3196 3979 Evangelium
3238 3926 3411 3963 meum
3459 3926 3551 3977 per
3592 3910 3766 3963 Iesum

2193 4000 2458 4055 Christum
2490 3999 2766 4053 Dominum
2808 4010 3059 4053 nostrum.
3092 3997 3357 4065 Quoniam
3390 3996 3608 4053 Iudaeos
3664 3996 3765 4051 dif-

2192 4090 2417 4145 ﬁdentes
2469 4106 2564 4159 per
2600 4091 2771 4155 legem
2806 4091 2943 4144 dixit
2969 4089 3287 4158 judicandos
3316 4088 3453 4153 fore,
3510 4089 3597 4143 lex
3627 4090 3783 4143 cnim.

2194 4181 2311 4236 illos
2361 4182 2659 4245 accusabit,
2733 4181 2985 4251 quoniam
3026 4178 3299 4233 Christum
3349 4178 3455 4233 illis
3501 4178 3764 4247 promisit,

2193 4285 2351 4340 quem
2382 4271 2682 4326 venientem
2739 4270 2977 4338 recipere
3006 4270 3313 4323 noluerunt.
3356 4256 3561 4322 Gentes
3590 4278 3764 4323 autem

2195 4378 2313 4430 qum
2335 4361 2505 4431 legem
2524 4361 2706 4429 utique
2733 4375 2833 4414 non
2867 4358 3085 4422 habent,
3108 4374 3203 4428 per
3223 4358 3610 4413 conscientiam
3636 4358 3769 4425 iudi-

506 4449 853 4514 Sumomnia,
874 4457 930 4503 ει
952 4447 1233 4501 Dominum
1260 4446 1441 4501 “sum
1455 4446 1652 4500 Filium
1677 4446 1794 4513 ⁸31⁸⁵
1812 4461 1908 4515 Per
1928 4460 2089 4515 quem
2121 4422 2171 4482 Β
2194 4453 2459 4507 cahuntur
2478 4452 2523 4505 si
2562 4451 2784 4505 credere
2823 4450 3107 4503 noluerint.
3150 4448 3389 4501 Primmn
3431 4448 3648 4515 quidem
3677 4462 3765 4500 ac-

507 4550 633 4595 sunt
659 4540 838 4595 omnia
870 4557 883 4593 :
914 4540 1026 4608 ipsa
1042 4540 1185 4593 enim
1220 4547 1410 4593 natura
1447 4536 1884 4608 propriojudicio
1920 4537 2086 4593 Crea-

508 4640 678 4685 torem
707 4645 864 4684 suunt
897 4629 1137 4699 agnoscit
1165 4644 1269 4682 non
1305 4644 1401 4697 per
1434 4630 1629 4698 legem,
1674 4630 1767 4683 sed
1799 4634 1895 4697 pei'
1922 4629 2087 4682 ratio-

508 4736 632 4776 nem
658 4729 864 4775 natura;
895 4738 906 4774 :
938 4734 1074 4789 Opus
1116 4720 1257 4774 enim
1286 4720 1529 4788 Opillcem
1559 4720 1732 4773 cernit
1758 4719 1813 4773 in
1841 4734 1917 4773 se.

584 4808 654 4861 Hi
684 4808 846 4879 legem
887 4825 989 4863 non
1011 4808 1251 4863 habentes
1280 4810 1379 4879 ipsi
1399 4809 1497 4863 sibi
1524 4820 1641 4863 sunt
1665 4808 1768 4872 lex,
1804 4811 1890 4878 qui
1922 4818 2093 4863 osten-

509 4899 639 4952 dunt
661 4914 787 4967 opus
810 4898 935 4968 legis
954 4900 1205 4968 scriptum
1218 4899 1272 4954 in
1300 4900 1543 4954 cordibus
1556 4900 1685 4953 suis.
1712 4898 1856 4954 ldem
1880 4914 2087 4965 sensus,

511 4988 635 5057 quia
666 4988 793 5041 dum
819 4996 1012 5042 natura
1037 4988 1172 5043 duce
1190 4990 1435 5055 credunt,
1466 5004 1600 5060 opus
1623 4990 1754 5060 legis
1781 4991 2089 5055 ostendunt,

513 5092 618 5133 non
648 5092 745 5147 per
772 5077 1027 5141 litteram,
1059 5078 1154 5133 sed
1180 5094 1275 5147 per
1294 5080 1695 5133 conscientiam.
1722 5078 1869 5149 Opus
1912 5088 2091 5133 autem

512 5167 645 5237 l’egis
674 5177 755 5223 est
780 5167 932 5234 ﬁdes,
954 5183 1116 5238 quam
1144 5183 1265 5223 cum
1295 5169 1453 5223 dictis
1478 5170 1699 5223 exhibet
1722 5169 2093 5233 Deo,naturali

512 5259 719 5329 judicio
763 5258 1000 5314 ostendit
1023 5258 1371 5327 semetipsum
1404 5259 1574 5329 legem
1621 5258 1721 5313 sibi
1774 5272 1915 5323 esse,
1966 5259 2094 5326 quia

518 5350 661 5420 quod
713 5349 947 5414 mandat,
995 5348 1079 5405 lex
1122 5351 1263 5405 ultro
1298 5348 1446 5417 facit,
1500 5358 1561 5403 ut
1622 5350 1805 5404 credat
1851 5349 1905 5403 in
1934 5348 2095 5404 Chri-

522 5448 684 5503 stum.
715 5437 911 5509 (0rig.)
933 5439 1086 5504 Quod
1129 5450 1307 5495 autem
1336 5441 1486 5505 dicit,
1516 5441 1571 5493 in
1598 5440 1862 5503 cordibus,
1887 5448 2097 5494 nonest

522 5532 819 5602 putandum
848 5532 973 5600 quia
1002 5531 1055 5584 in
1085 5533 1323 5590 membro
1351 5533 1593 5603 corporis
1620 5533 1761 5602 quod
1786 5546 1877 5586 cor
1918 5530 2097 5600 appel-

523 5619 684 5685 latur,
717 5619 802 5674 lex
836 5620 1035 5689 scripta
1069 5618 1297 5685 dicatur,
1343 5623 1482 5677 unde
1510 5623 1654 5677 enim
1680 5636 1827 5687 caro,
1860 5628 1954 5676 aut
1977 5628 2097 5675 tan-

524 5718 608 5764 tos
642 5709 937 5780 prudentiae
967 5724 1157 5767 sensus
1196 5712 1365 5781 possit
1392 5714 1656 5780 emittere,
1695 5721 1786 5769 aut
1814 5720 1963 5769 tanto
1988 5724 2098 5767 me-

2193 4549 2470 4596 cusatores
2510 4547 2669 4593 erunt
2712 4539 2936 4608 gentiles
2975 4537 3257 4592 credentes
3302 4551 3405 4590 non
3433 4536 3765 4591 credentium

2191 4631 2489 4701 gentilium,
2540 4630 2678 4683 sicut
2700 4627 2901 4683 iudicis
2927 4642 3033 4682 non
3062 4626 3405 4682 credentibus
3432 4627 3565 4681 dicit
3594 4628 3769 4681 Domi-

2192 4735 2293 4774 nus
2317 4720 2385 4774 de
2400 4718 2680 4787 discipulis
2700 4718 2833 4782 suis,
2857 4717 2956 4787 ipsi
2969 4717 3177 4786 judices
3205 4726 3357 4770 erunt
3379 4716 3531 4770 uestri
3554 4716 3764 4783 (Matth.

2190 4810 2311 4879 xu);
2342 4810 2466 4878 quia
2484 4808 2705 4878 pcrlidia
2733 4806 3036 4861 Iudaeorum
3058 4806 3391 4876 judicahitur
3421 4806 3525 4861 fide
3551 4817 3765 4875 aposto-

2191 4899 2385 4976 lorum,
2436 4900 2527 4967 qui
2562 4914 2685 4954 cum
2713 4913 2780 4952 ex
2809 4900 2938 4969 ipsis
2982 4906 3183 4961 essent,
3237 4897 3344 4951 illis
3384 4898 3764 4963 diﬂidentibus,

2193 4992 2551 5047 crediderunt.
2610 4989 2812 5044 Deinde
2840 4988 3252 5058 cogitationibus
3284 4988 3396 5041 suis
3436 4988 3767 5042 accusabun-

2194 5091 2283 5137 tur
2316 5080 2574 5151 gentiles,
2619 5079 2664 5133 si
2712 5078 3016 5148 compuncti
3062 5076 3332 5131 Creatoris
3372 5076 3528 5131 ﬁdem
3582 5087 3637 5131 et
3662 5079 3766 5131 vir-

2196 5179 2361 5224 tutem
2388 5170 2675 5223 noluerunt
2700 5169 2942 5231 credere,
2980 5174 3035 5220 et
3061 5166 3105 5220 si
3135 5176 3355 5236 stupore
3394 5167 3628 5234 quodam
3661 5182 3764 5220 nou

2195 5260 2555 5323 considerant,
2602 5267 2661 5312 ut
2699 5258 2921 5313 credant
2963 5258 3139 5312 verbis
3166 5267 3221 5312 et
3260 5258 3424 5326 gestis
3453 5256 3763 5323 Dominicis,

2195 5348 2540 5403 defendentes
2568 5363 2626 5401 se
2652 5347 2979 5401 conscientia
3026 5347 3081 5401 in
3121 5347 3207 5401 die
3243 5346 3453 5415 judicii,
3494 5346 3621 5415 quia
3661 5362 3763 5402 non

2194 5440 2449 5509 cogitavit
2474 5453 2531 5493 se
2570 5439 2768 5495 debere
2804 5442 3054 5503 credere;
3087 5447 3141 5493 et
3167 5438 3441 5507 iudicetur
3474 5455 3580 5494 non
3615 5441 3764 5509 quasi

2196 5528 2521 5594 malevolus,
2574 5529 2667 5584 scd
2718 5531 2874 5598 quasi
2916 5531 3219 5598 ignorans:
3268 5544 3376 5583 non
3425 5539 3606 5584 tamen
3653 5532 3763 5584 sine

2195 5636 2354 5691 poena
2407 5620 2634 5685 futuros,
2662 5621 2787 5688 quia
2840 5621 2892 5675 id
2936 5636 3040 5675 non
3090 5620 3216 5676 licet
3246 5620 3518 5691 ignorare.
3571 5622 3763 5675 Gentes

2198 5710 2341 5764 cnim
2365 5708 2561 5779 duplici
2594 5723 2792 5778 genere
2827 5708 3092 5779 signiﬁcat
3134 5721 3243 5777 tam
3283 5711 3567 5775 credentes
3606 5724 3758 5774 quam
