3960 6340
258 351 396 411 1521

833 347 1381 407 ENARRATIONUM
1414 346 1481 403 IN
1516 348 1665 404 EPP.
1705 346 1910 404 PAULI
1942 346 2069 404 LIB.
2112 346 2174 401 II.
2211 378 2278 387 —
2312 350 2374 403 IN
2411 350 2627 406 EPIST.
2666 352 2758 405 AD
2798 351 2961 407 ROM.

3361 360 3385 411 1
3395 357 3501 413 522

256 476 370 519 non
425 461 725 516 credentes.
782 457 1041 529 Superius
1096 460 1241 513 enim
1293 460 1359 514 de
1408 460 1655 530 gentibus
1711 475 1831 515 cre-
1859 458 2205 524 Adiscutere
2256 462 2473 530 appetit,
2517 463 2628 531 jam
2677 478 2772 531 pro
2822 462 2978 532 culpa
3025 464 3266 531 punitum
3306 469 3500 526 cernit.

258 554 512 609 dentibus
548 553 709 617 dicit,
749 562 939 621 postea
975 560 1155 605 autem
1198 550 1427 621 subjecit
1458 552 1621 607 etiam
1653 551 1718 606 de
1757 550 1867 609 his

258 644 508 715 gentibus
544 660 664 714 quae
699 659 804 699 non
833 644 1169 717 credunt,~ut
1203 642 1343 697 sicut
1380 644 1542 698 etiam
1585 657 1682 712 per
1713 657 1842 697 con-

258 737 542 792 scientiam
572 751 724 790 suam
752 733 1037 787 laudantur
1063 733 1365 799 credentes,
1404 734 1478 788 ita
1503 742 1558 788 et
1600 748 1696 803 per
1714 747 1845 787 con-

258 826 542 881 scientiam
586 840 736 878 suam
777 831 1098 877 accusentur
1122 822 1437 878 difﬁdentes.
1499 823 1636 878 Puto
1678 822 1842 877 etiam

259 914 339 968 sic
362 928 519 982 posse
548 912 794 982 intelligi,
825 910 870 966 si
899 918 1012 964 tota
1063 912 1290 980 quaestio
1326 912 1391 965 de
1414 912 1663 982 gentibus
1718 925 1841 965 cre-

259 1004 513 1059 dentibus
543 1003 743 1057 dixisse
776 1001 1051 1067 crodatur,
1102 1002 1357 1071 quoniam
1386 1002 1527 1071 quod
1559 1003 1674 1057 ait:
1705 1000 1844 1067 Quid

259 1094 387 1146 mihi
410 1093 473 1146 de
493 1093 574 1145 Itis
594 1092 682 1161 qui
703 1091 831 1159 foris
852 1091 1225 1160 suntjudicare
1242 1092 1267 1143 ?
1285 1090 1336 1161 (1
1353 1090 1473 1145 Cor.
1501 1089 1577 1160 v.)
1609 1091 1676 1145 Et
1699 1108 1711 1143 :
1741 1089 1845 1155 Qui

261 1203 364 1239 non
388 1186 685 1251 crediderit,
734 1187 925 1255 inquit,
973 1186 1088 1255 jam
1127 1186 1401 1255 judicatus
1422 1196 1495 1241 est
1524 1186 1708 1257 (Joan.
1740 1186 1844 1255 tn),

260 1287 317 1333 et
345 1279 470 1348 quia
498 1295 601 1332 non
627 1288 892 1347 resurgent
921 1279 1069 1348 impii
1094 1279 1149 1331 in
1170 1277 1376 1346 judicio
1419 1276 1589 1348 (Psal.
1625 1278 1685 1349 ι).
1721 1276 1848 1332 Sine

260 1370 379 1441 lege
418 1371 563 1425 enim
600 1380 905 1439 peccantes,
939 1371 1055 1424 sine
1105 1369 1223 1439 lege
1248 1376 1301 1423 et
1328 1367 1599 1439 peribunt,
1645 1384 1709 1424 ac
1751 1384 1849 1438 per

261 1464 367 1518 hoc
395 1472 518 1518 ante
544 1461 777 1516 tribunal
804 1460 1005 1515 Christi
1044 1470 1189 1515 stare
1216 1477 1322 1514 non
1350 1470 1621 1533 poterunt,
1646 1469 1700 1515 et
1730 1460 1851 1515 red-

262 1556 393 1610 dere
420 1570 631 1618 causas,
692 1554 815 1622 quia
846 1561 1191 1623 resurgentes
1242 1550 1506 1605 ducentur
1552 1553 1619 1606 ad
1650 1553 1851 1622 gehen-

262 1662 411 1701 nam.
481 1646 559 1700 llli
587 1645 730 1699 enim
780 1658 917 1715 quos
963 1643 1094 1698 dicit
1148 1642 1379 1698 invicem
1434 1642 1852 1713 cogitationibus

261 1740 377 1794 suis
411 1737 656 1793 accusari
703 1744 795 1790 aut
827 1733 1043 1789 defendi
1094 1733 1149 1788 in
1198 1734 1285 1789 die
1318 1732 1509 1802 judicii
1548 1734 1664 1798 Dei,
1695 1732 1852 1788 Chri-

2012 550 2073 604 Si
2094 561 2266 603 autem
2294 560 2349 603 tu
2362 550 2395 603 J
2404 552 2579 605 μάτευε
2607 554 3008 621 cognominaris.
3041 553 3273 624 (Ainer
3300 556 3508 627 Cogno-

1942 654 2064 693 mcn
2108 637 2277 693 Judzei
2305 649 2406 704 est,
2454 642 2581 709 quia
2610 657 2674 697 ex
2705 643 3059 714 praerogativa
3104 663 3114 674 ·
3162 664 3167 667 ·
3206 655 3368 701 tntum
3404 656 3503 715 est,

1941 740 1999 783 ut
2037 731 2286 785 dicantur
2320 730 2593 798 lsraelitaa,
2644 742 2699 787 et
2749 742 2925 789 tamen
2971 736 3015 790 si
3056 744 3225 792 totum
3280 739 3509 795 velimus

1943 822 2085 889 quod
2112 822 2178 876 ad
2208 837 2425 876 causam
2446 823 2697 891 pertinet,
2725 827 3513 897 comprehendere,cognomen

1943 913 2215 983 tripartito
2244 928 2439 980 genere
2489 915 2844 985 signiﬁcatum
2900 920 3154 976 debemus
3209 924 3512 980 advertere.

1943 1000 2181 1057 Primum
2204 1005 2329 1073 quia
2357 1004 2450 1057 ﬁlii
2473 1015 2596 1063 sunt
2619 1005 2865 1068 Abrahae,
2893 1010 2982 1075 qui
3006 1026 3102 1079 per
3124 1010 3244 1067 ﬁdei
3266 1028 3376 1068 sua:
3405 1030 3517 1070 nte-

1947 1089 2108 1145 ritum
2141 1101 2294 1162 pater
2314 1095 2521 1163 positus
2547 1104 2631 1150 est
2655 1106 2967 1151 cunctarum
3009 1101 3262 1170 gentium.
3316 1103 3521 1159 Deinde

1946 1192 2164 1251 propter
2188 1183 2372 1251 Jacob,
2427 1186 2517 1255 qui
2548 1189 2957 1259 augmentandm
2999 1192 3120 1244 ﬁdei
3158 1192 3325 1261 gratia
3360 1195 3524 1249 Israel

1948 1274 2242 1343 appellatus
2266 1286 2347 1331 est
2370 1296 2383 1331 :
2410 1288 2587 1347 empta
2604 1280 2745 1333 enim
2767 1282 2935 1348 patris
2956 1283 3188 1352 dignitas
3214 1285 3526 1341 nobilitatur

1950 1365 2003 1418 in
2033 1365 2174 1421 ﬁliis.
2228 1366 2412 1422 Tertio
2444 1385 2548 1422 non
2582 1371 2753 1439 magis
2782 1382 3000 1442 propter
3030 1372 3241 1439 Judam,
3272 1378 3365 1431 sed
3394 1394 3522 1448 pro-

1948 1466 2069 1527 pter
2093 1456 2386 1524 Christum,
2420 1460 2544 1529 quia
2569 1477 2633 1514 ex
2661 1462 2795 1515 Iuda
2818 1474 2968 1517 ortus
2990 1474 3073 1519 est
3097 1470 3387 1523 secundant
3410 1487 3529 1526 car-

1950 1563 2096 1612 nem,
2126 1546 2295 1602 Judaai
2318 1552 2789 1635 cognominantur,
2822 1555 2945 1622 quia
2977 1556 3030 1607 in
3056 1554 3190 1611 Juda
3218 1559 3320 1612 hoc
3360 1562 3526 1630 signi-

1951 1638 2167 1694 ﬁcatum
2196 1649 2278 1694 est
2300 1642 2442 1709 quod
2467 1641 2704 1696 futurum
2728 1654 2845 1697 erat
2870 1646 2923 1697 in
2955 1644 3190 1701 Christo.
3211 1647 3421 1704 Dictum
3448 1659 3533 1706 est

1951 1730 2095 1786 enim
2120 1748 2131 1784 :
2164 1731 2333 1785 Judas
2365 1734 2461 1786 erit
2484 1734 2591 1785 dua:
2616 1745 2814 1797 vester;
2844 1745 2898 1789 et
2928 1754 2939 1787 :
2971 1735 3135 1801 Iuda,
3160 1747 3206 1792 te
3228 1740 3531 1796 collaudant

259 1830 422 1885 stiani
455 1838 581 1883 sunt
602 1828 655 1882 hi
682 1828 773 1896 qui
800 1826 1111 1881 discordant
1138 1841 1166 1878 a
1188 1824 1291 1879 ﬁde
1317 1824 1614 1887 Catholica,
1642 1825 1853 1878 diverse
1882 1810 1931 1870 Β
1958 1822 2147 1889 fratres
2196 1822 2274 1874 tui
2323 1820 2473 1890 (Gen.
2505 1822 2651 1885 XL'IX)
2681 1841 2699 1887 ;
2742 1840 2859 1893 Quce
2912 1825 3029 1879 laus
3074 1828 3195 1880 data
3235 1829 3385 1885 Iuda:
3428 1847 3536 1887 non

260 1921 561 1976 sentientes
612 1920 677 1974 de
702 1918 939 1985 Christo,
988 1924 1081 1971 aut
1123 1917 1189 1971 de
1218 1932 1378 1971 sensu
1418 1917 1551 1985 legis
1601 1917 1654 1969 in
1687 1916 1853 1969 tradi-

259 2012 410 2065 tione
452 2010 742 2074 Ecclesiae,
796 2009 910 2063 sive
944 2006 1333 2077 Cataphryges,
1394 2007 1506 2061 sive
1548 2005 1851 2071 Novatiani,

258 2100 375 2155 sive
407 2099 713 2164 Donatiani,
756 2106 846 2152 aut
866 2097 1048 2152 caeteri
1081 2097 1321 2151 haeretici
1353 2114 1366 2150 :
1410 2099 1601 2151 horum
1651 2097 1855 2167 cogita-

260 2192 439 2245 tiones
480 2190 713 2245 invicem
756 2203 813 2244 se
839 2188 1171 2243 accusabunt
1214 2186 1268 2241 in
1300 2185 1619 2255 diejudicii.
1681 2185 1739 2241 Si
1774 2172 1857 2240 ih-

261 2281 467 2337 tellexit
518 2282 640 2351 quis
676 2296 861 2335 veram
914 2294 1032 2335 esse
1080 2278 1413 2334 Catholicam
1456 2279 1636 2345 ﬁdem,
1686 2290 1741 2334 et
1788 2293 1858 2334 ne

262 2371 544 2425 videretur
569 2368 890 2424 emendatus
925 2368 1077 2437 sequi
1108 2366 1300 2432 noluit,
1328 2368 1658 2423 erubescens
1706 2368 1771 2433 ab
1793 2381 1859 2422 eo

262 2463 411 2532 quod
461 2462 552 2517 diu
593 2462 766 2517 tenuit
794 2461 1065 2523 recedere,
1119 2460 1173 2513 in
1198 2460 1283 2513 die
1308 2460 1493 2529 judicii
1534 2460 1861 2529 cogitatione

259 2568 360 2609 sua
409 2554 771 2609 accusabitur.
807 2552 932 2606 Dure
962 2550 1160 2606 etenim
1189 2550 1540 2621 cogitationes
1568 2552 1621 2603 in
1645 2550 1862 2605 homine

259 2657 323 2701 se
350 2644 578 2699 invicem
619 2642 967 2705 accusabunt,
992 2642 1128 2696 bona
1165 2648 1219 2695 et
1260 2640 1419 2693 mala.
1443 2640 1591 2695 Bona
1646 2648 1865 2695 accusat

260 2735 483 2801 malam,
504 2734 629 2804 quia
650 2732 975 2788 contradixit
995 2732 1239 2795 veritati;
1266 2730 1403 2784 mala
1431 2732 1625 2786 iterum
1646 2738 1865 2785 accusat

262 2827 483 2892 bonam,
515 2826 640 2896 quia
668 2841 773 2879 non
800 2833 982 2879 secuta
998 2832 1101 2887 est,
1120 2834 1177 2877 ut
1207 2824 1405 2886 sensit;
1434 2832 1597 2891 etper
1612 2823 1723 2876 haec
1744 2836 1864 2876 cou-

262 2919 512 2973 stituitur
535 2932 683 2982 reus,
707 2916 798 2985 qui
819 2915 1078 2984 cogitavit
1105 2915 1345 2970 sentiens
1373 2915 1568 2968 bonam
1592 2925 1648 2970 et
1681 2930 1866 2970 veram

263 3026 387 3068 esse
410 3008 707 3064 Ecclesiam
736 3008 1086 3070 Catholicam,
1102 3015 1154 3061 et
1181 3008 1479 3076 permansit
1497 3008 1549 3061 in
1572 3008 1762 3062 haeresi
1783 3008 1869 3062 vel

264 3101 597 3156 schismate:
649 3097 766 3168 ejus
793 3108 972 3151 autem
1009 3098 1360 3167 cogitationes
1402 3112 1460 3151 se
1494 3097 1749 3163 invicem,
1774 3099 1867 3151 de-

1954 1912 2235 1982 probatur,
2288 1914 2382 1967 sed
2412 1913 2648 1977 Christo,
2700 1931 2858 1985 quem
2903 1931 3090 1972 omnes
3134 1922 3377 1989 quotidie
3428 1922 3539 1976 lau-

1954 2006 2085 2060 dant
2130 2006 2184 2060 hi
2231 2020 2366 2074 quos
2412 2006 2608 2062 fratres
2647 2022 2773 2062 suos
2807 2008 3058 2079 dignatus
3099 2020 3183 2065 est
3228 2013 3535 2083 appellare;

1957 2096 2070 2164 ipse
2122 2095 2265 2149 enim
2294 2096 2426 2149 dixit
2468 2096 2827 2152 mulieribus:
2859 2098 2939 2152 Ite
2985 2108 3031 2152 et
3077 2099 3231 2154 dicite
3282 2102 3536 2170 fratribus

1956 2186 2109 2250 meis,
2163 2187 2287 2255 quia
2326 2186 2563 2255 prwcedo
2594 2204 2680 2240 vos
2700 2188 2754 2240 in
2782 2186 3057 2241 Galilwam
3082 2190 3295 2257 (Matth.
3316 2192 3534 2263 xxvm).

1960 2268 2091 2340 Quis
2124 2275 2266 2329 enim
2293 2290 2397 2327 non
2434 2273 2614 2329 laudet
2643 2290 2783 2340 eum,
2816 2276 2969 2345 cujus
3007 2279 3326 2334 beneﬁcium
3352 2281 3541 2353 [Forte

1958 2363 2245 2437 beneﬁcio]
2277 2364 2458 2419 vivit?
2507 2365 2795 2435 Apostolus
2841 2382 2968 2439 ergo
3015 2370 3113 2424 sub
3138 2372 3238 2425 hac
3264 2372 3542 2442 signiﬁca-

1962 2459 2107 2513 tione
2131 2500 2145 2523 ,
2184 2458 2307 2527 quia
2336 2458 2601 2529 posterior
2626 2474 2869 2524 numero,
2912 2462 3006 2515 sed
3032 2462 3321 2531 perfectior
3348 2464 3543 2519 merito

1961 2561 2063 2616 est,
2098 2560 2266 2607 totum
2301 2552 2469 2605 voluit
2504 2553 2882 2619 comprehendi
2915 2572 2925 2606 :
2959 2554 3101 2622 quod
3129 2554 3295 2609 Judaei
3321 2573 3426 2610 non
3458 2558 3541 2611 in-

1963 2644 2285 2714 telligentes,
2321 2658 2516 2698 nomen
2540 2644 2645 2698 sibi
2671 2642 2901 2699 carnalis
2933 2642 3083 2699 Judte
3110 2645 3421 2700 defendunt.

2035 2734 2106 2787 Et
2151 2735 2426 2803 requiescis
2455 2734 2509 2787 in
2539 2734 2668 2804 lege,
2699 2744 2744 2789 et
2771 2733 3011 2803 gloriaris
3052 2736 3104 2787 in
3155 2734 3281 2798 Deo,
3317 2746 3364 2789 et
3411 2739 3545 2791 nosti

1967 2826 2279 2895 uoluntatem
2310 2825 2444 2893 ejus,
2484 2835 2532 2877 et
2574 2825 2760 2894 probas
2800 2824 3007 2877 utiliora
3047 2826 3329 2879 instructus
3359 2828 3548 2897 perle-

1967 2932 2100 2985 gem.
2132 2915 2245 2969 Non
2283 2928 2533 2987 magnum
2561 2916 2715 2970 valde
2740 2915 2907 2970 videri
2943 2915 3077 2979 vult,
3114 2915 3157 2969 si
3186 2914 3400 2969 Judams
3428 2933 3545 2972 cre~

1968 3004 2088 3070 dat;
2112 3005 2306 3073 quippe
2340 3021 2461 3059 cum
2500 3005 2570 3058 sit
2602 3006 2894 3059 instructus
2922 3018 3018 3073 per
3048 3004 3217 3074 legem
3243 3023 3253 3057 :
3280 3006 3546 3075 periculo~

1970 3111 2090 3149 sum
2122 3104 2302 3149 autem
2340 3096 2493 3150 valde
2522 3096 2567 3150 si
2606 3111 2711 3151 non
2741 3096 2956 3159 credat;
2986 3095 3173 3149 duceni
3210 3097 3351 3149 enim
3385 3096 3549 3151 habet

263 3187 505 3256 femlent,
533 3190 625 3260 qui
655 3161 866 3259 semper
895 3190 998 3243 hoc
1020 3161 1297 3257 cogitavit,
1336 3196 1532 3256 putans
1562 3188 1691 3242 utile
1720 3161 1862 3256 quod
1890 3161 1934 3225 (ἶ
1966 3186 2160 3257 legem.
2188 3186 2294 3241 Sed
2320 3195 2379 3239 ut
2402 3195 2741 3256 praeponatur
2765 3187 3010 3251 credens,
3038 3186 3284 3241 meritmn
3305 3186 3434 3240 facit
3456 3204 3548 3257 pa-

264 3292 487 3339 secutus
520 3289 641 3346 est;
687 3281 931 3335 dicturus
962 3289 1045 3333 est
1092 3279 1238 3333 enim
1283 3293 1496 3347 semper
1527 3296 1539 3330 :
1571 3277 1630 3330 In
1656 3280 1864 3346 cogita-

265 3371 504 3427 tionibus
546 3370 682 3426 meis
716 3370 821 3424 hoc
862 3368 1044 3438 putavi
1092 3367 1225 3421 utile
1254 3367 1396 3437 quod
1447 3377 1665 3421 secutus
1718 3382 1861 3432 sum,

264 3462 383 3518 haec
422 3462 519 3516 fuit
574 3461 707 3529 ﬁdes
733 3474 873 3514 mea.
915 3457 1014 3513 llic
1054 3457 1310 3512 leviorem
1358 3458 1578 3511 habebit
1617 3472 1859 3523 causam,

265 3553 513 3624 quamvis
534 3548 931 3606 emendandum
970 3549 1071 3614 sit,
1104 3547 1231 3617 quia
1261 3547 1590 3601 conscientia
1622 3562 1720 3601 sua
1754 3562 1860 3601 non

266 3643 615 3700 accusabitur
665 3641 721 3695 in
757 3638 843 3695 die
875 3636 1087 3707 judicii.
1134 3636 1248 3692 Hoc
1284 3638 1443 3692 modo
1476 3637 1863 3706 judicabuntur

265 3736 481 3792 occulta
511 3733 788 3790 hominum
820 3733 872 3785 in
898 3730 985 3786 die
1006 3729 1194 3798 judicii
1222 3731 1316 3784 Dei
1354 3745 1451 3799 per
1476 3729 1658 3785 Jesum
1702 3730 1861 3784 Chri-

268 3835 414 3883 stum
447 3826 733 3880 Dominum
764 3831 1029 3878 nostrum.
1092 3820 1293 3892 (0rig.)
1343 3820 1859 3888 ltectumjudicium

269 3919 368 3974 Dei
392 3934 513 3974 esse
540 3917 664 3987 quis
692 3916 921 3979 dubitet,
949 3913 1040 3969 ubi
1068 3923 1440 3979 accusatores,
1466 3923 1521 3968 ct
1548 3914 1862 3968 defensores

269 4008 617 4074 adhibentur,
646 4014 701 4061 et
726 4007 924 4061 testes?
950 4006 1019 4060 Et
1036 4005 1254 4075 quidem
1277 4006 1342 4060 de
1368 4006 1469 4061 hoc
1484 4005 1633 4073 justo
1657 4004 1862 4073 judicio

270 4116 372 4156 nos
397 4100 644 4155 homines
669 4098 945 4169 capiamus
984 4097 1310 4167 exemplum,
1350 4112 1450 4151 nec
1484 4105 1734 4167 putemus
1764 4112 1863 4150 un-

269 4206 435 4263 quam
482 4192 599 4246 sine
630 4198 919 4245 accusante
977 4196 1033 4243 et
1057 4187 1400 4251 defendente,
1446 4195 1502 4241 et
1528 4184 1864 4252 testibusju-

270 4294 417 4340 stum
459 4282 650 4337 haberi
694 4297 852 4351 posse
888 4279 1175 4349 judicium.
1232 4277 1436 4333 Deinde
1468 4277 1755 4331 videndum
1782 4283 1864 4330 est

272 4374 543 4443 quomodo
572 4372 624 4426 in
651 4371 739 4425 illa
764 4372 869 4435 die,
902 4385 1026 4424 cum
1049 4367 1312 4437 judicabit
1341 4367 1487 4421 Deus
1522 4367 1730 4421 occulta
1767 4366 1861 4420 ho-

272 4464 501 4526 minum,
544 4460 900 4530 cogitationes
926 4459 1009 4513 vel
1038 4459 1371 4513 accusabunt
1396 4458 1629 4512 animam
1660 4458 1740 4511 vel
1768 4458 1860 4513 de-

272 4550 516 4615 fendent,
546 4549 852 4618 nonutique
880 4548 981 4603 illa:
1002 4547 1359 4618 cogitationes
1384 4562 1502 4616 quae
1527 4555 1650 4602 tunc
1676 4558 1853 4613 erunt,

274 4644 370 4698 sed
392 4644 507 4697 ista:
524 4657 641 4711 qum
669 4657 810 4695 nunc
832 4649 957 4695 sunt
985 4640 1039 4694 in
1058 4639 1231 4694 nobis.
1258 4638 1389 4693 Cum
1412 4640 1554 4693 enim
1581 4640 1691 4693 sive
1720 4642 1857 4693 bona

276 4733 388 4787 sive
418 4732 560 4785 mala
612 4732 935 4802 cogitamus,
984 4730 1133 4783 velut
1156 4730 1211 4782 in
1242 4729 1477 4793 caeteris,
1508 4731 1579 4801 ita
1622 4730 1673 4783 in
1698 4732 1859 4784 corde

275 4833 463 4878 nostro
506 4834 616 4877 tam
662 4826 920 4877 bonarum
969 4836 1135 4891 quam
1168 4821 1433 4873 malarum
1475 4822 1859 4903 cogitationum

275 4924 417 4969 notae
444 4916 688 4984 quaedam
734 4923 789 4968 et
812 4913 1085 4983 signacula
1109 4912 1503 4981 relinquuntur,
1527 4929 1644 4982 qum
1676 4915 1727 4966 in
1766 4929 1858 4967 oc-

274 5006 424 5061 culto
456 5020 600 5059 nunc
624 5006 860 5075 pectoris
896 5013 1021 5057 sunt
1048 5004 1239 5072 posita,
1296 5004 1349 5056 in
1382 5002 1465 5056 illa
1508 5002 1593 5057 die
1631 5003 1858 5058 revelari

277 5097 534 5151 dicuntur
562 5112 592 5149 a
634 5096 779 5149 nullo
809 5095 914 5150 alio
942 5096 1044 5149 nisi
1075 5096 1143 5150 ab
1168 5109 1233 5150 eo
1272 5094 1363 5162 qui
1389 5094 1533 5148 solus
1563 5105 1740 5165 potest
1766 5112 1859 5151 oc-

278 5184 424 5240 culta
478 5186 755 5239 hominum
800 5185 957 5245 scire,
988 5199 1220 5252 quorum
1270 5184 1545 5253 signorum
1596 5186 1681 5239 vel
1726 5201 1862 5255 qua-

230 5300 239 5305 -
279 5292 399 5331 rum
446 5284 695 5330 notarum
740 5289 931 5329 causas
973 5289 1079 5328 non
1123 5274 1289 5328 latere
1331 5274 1519 5337 Deum,
1552 5276 1718 5329 etiam
1771 5292 1866 5331 no-

280 5376 392 5423 stra
422 5366 751 5422 conscientia
792 5365 1201 5421 contestabitur.
1232 5363 1432 5436 (Greg.)
1467 5365 1609 5436 Ergo
1637 5369 1762 5436 quia
1800 5369 1860 5421 ﬁ—

281 5458 413 5514 delis
450 5458 679 5527 quisque
726 5456 1077 5524 cogitationes
1131 5456 1185 5509 in
1219 5453 1426 5522 judicio
1472 5458 1681 5525 exquiri
1736 5458 1860 5512 sub-

281 5548 446 5604 tiliter
478 5563 585 5602 non
621 5548 860 5618 ignorat,
903 5548 1250 5614 semetipsum
1274 5546 1539 5602 introrsus
1565 5546 1859 5603 discutiens

279 5647 404 5694 ante
433 5638 697 5707 judicium
750 5638 1096 5692 vehementer
1131 5636 1427 5699 examinat,
1481 5646 1541 5691 ut
1582 5638 1860 5692 districtus

280 5732 441 5785 Iudex
479 5744 544 5785 eo
580 5730 691 5799 jam
754 5727 1091 5797 tranquillius
1135 5728 1333 5789 veniat,
1381 5744 1487 5798 quo
1538 5744 1661 5785 eum
1697 5744 1856 5797 quem

604 5821 875 5885 Punoa.
922 5818 1084 5880 CXI.

1967 3287 2132 3339 trum,
2161 3278 2284 3346 quia
2316 3279 2562 3347 quamvis
2586 3278 2777 3347 aliquis
2812 3293 2907 3347 per
2951 3294 3008 3333 se
3041 3277 3251 3343 ﬂoreat,
3278 3281 3550 3337 erubescit

1968 3374 2151 3420 tamen
2183 3366 2234 3419 in
2275 3368 2408 3421 suis.

2037 3454 2442 3525 Conﬁdisquetc
2462 3458 2631 3527 ipsum
2673 3455 2855 3511 ducent
2902 3475 3011 3512 esse
3050 3475 3323 3525 ca'corum,
3375 3461 3551 3516 lumen

1964 3560 2145 3598 eorum
2169 3546 2258 3614 qui
2296 3546 2353 3597 in
2396 3546 2614 3599 tenebris
2643 3555 2783 3611 sunt,
2828 3547 3138 3601 eruditorem
3168 3549 3545 3618 insipientium,

1965 3638 2275 3707 magistrum
2318 3639 2619 3707 infantium,
2645 3640 2935 3705 habentem,
2967 3641 3190 3709 formam
3231 3642 3457 3696 scientia:
3496 3653 3544 3695 et

1964 3729 2201 3782 veritatis
2232 3729 2285 3780 in
2317 3728 2443 3798 lege.
2470 3727 2610 3782 Vera
2634 3739 2759 3783 sunt
2786 3730 2917 3794 haec,
2950 3730 3074 3798 quia
3106 3729 3236 3800 legis
3262 3732 3551 3785 documen-

1965 3828 2079 3873 tum
2118 3820 2220 3873 hoc
2266 3827 2378 3881 est,
2427 3819 2642 3873 erudire
2684 3820 2960 3889 imperitos
3010 3829 3063 3873 et
3120 3820 3229 3875 Deo
3280 3822 3547 3891 subjicere

1963 3910 2249 3979 profanos,
2306 3909 2390 3963 vel
2450 3910 2517 3963 ab
2562 3908 2874 3963 idololatriae
2920 3910 3127 3964 cultura
3182 3911 3373 3980 impios
3423 3930 3547 3983 pro-

1964 4000 2237 4063 missione,
2273 4014 2392 4068 qua:
2420 3998 2561 4053 facta
2598 4014 2697 4069 per
2723 3998 2892 4069 legem
2928 4009 3028 4063 est,
3056 3998 3123 4052 ad
3154 3999 3388 4055 melioris
3433 4004 3548 4071 spei

1964 4087 2217 4142 ﬁduciam
2245 4101 2557 4156 provocare.
2586 4086 2753 4141 Recte
2777 4088 2938 4156 igitur
2970 4088 3229 4159 gloriatur
3268 4090 3320 4143 in
3359 4090 3442 4144 his
3474 4092 3550 4145 le-

1964 4180 2047 4249 gis
2070 4179 2279 4243 doctor,
2319 4178 2445 4249 quia
2475 4178 2700 4233 formam
2739 4180 2955 4233 tradidit
2984 4180 3241 4234 veritatis.
3276 4181 3330 4234 Si
3363 4193 3539 4237 autem

1964 4290 2073 4327 non
2103 4272 2304 4339 recepit
2333 4287 2455 4325 eum
2488 4286 2646 4339 quem
2687 4270 2771 4325 lex
2812 4272 3075 4340 promisit,
3121 4272 3317 4327 frustra
3348 4275 3543 4344 gloria-

1966 4373 2051 4417 tur
2071 4363 2137 4417 de
2163 4362 2278 4431 lege
2304 4362 2391 4415 cui
2422 4360 2667 4429 injuriam
2701 4360 2847 4424 facit,
2875 4362 2998 4415 dum
3036 4362 3306 4418 Christum
3340 4372 3546 4436 spernit

1962 4452 2285 4522 promissum
2317 4452 2369 4504 in
2394 4450 2531 4519 lege,
2559 4459 2614 4503 et
2642 4465 2739 4504 nec
2759 4447 2868 4516 jam
2890 4452 3131 4527 eruditor
3158 4456 3260 4507 erit
3290 4457 3544 4525 insipien-

1969 4546 2235 4608 tium,nec
2257 4540 2828 4612 magisterinfantium,
2850 4557 2950 4596 nec
2968 4544 3144 4595 lumen
3165 4560 3347 4597 eorum
3378 4548 3466 4613 qni
3493 4548 3544 4600 in

1967 4634 2205 4686 tenebris
2220 4642 2363 4695 sunt,
2378 4631 2469 4685 sed
2487 4631 2589 4683 dux
2613 4631 2850 4684 omnium
2875 4632 3061 4685 horum
3078 4633 3142 4684 ad
3167 4635 3539 4701 perditionem.

2040 4724 2143 4789 Qui
2169 4741 2287 4793 ergo
2319 4722 2477 4775 alium
2500 4722 2673 4788 doces,
2702 4726 2918 4797 teipsurn
2946 4742 3045 4777 non
3076 4727 3244 4778 (loces.
3292 4727 3401 4781 ΙΙυο
3435 4740 3537 4791 Esi,

1967 4825 2020 4870 tu
2050 4816 2141 4884 qui
2184 4814 2407 4883 gentiles
2442 4817 2624 4885 arguis
2662 4816 2800 4884 quod
2846 4816 2959 4868 sine
3004 4815 3116 4885 lege
3153 4826 3205 4868 et
3258 4817 3363 4869 Deo
3393 4829 3538 4878 sunt,

1967 4906 2196 4973 teipsum
2236 4918 2339 4957 non
2370 4906 2551 4973 arguis
2584 4918 2598 4955 :
2632 4902 2875 4957 diﬁidens
2918 4903 3061 4956 enim
3115 4904 3180 4957 de
3225 4902 3436 4959 Christo
3477 4908 3527 4960 in

1962 4997 2076 5067 lege
2103 4996 2389 5064 promisso,
2427 5000 2478 5050 in
2517 4996 2719 5049 eisdem
2745 5011 2863 5064 qua:
2894 4996 3073 5065 arguis
3103 4997 3375 5050 inveniris.

2036 5088 2135 5151 Qui
2178 5088 2434 5155 prirdicas
2477 5103 2579 5139 non
2615 5086 2897 5153 furandum
2931 5086 3143 5151 furaris.
3192 5086 3347 5141 Facis
3392 5088 3534 5142 enim

1964 5178 2105 5245 quod
2148 5178 2407 5245 praedicas
2438 5176 2554 5229 ﬁeri
2604 5192 2707 5230 non
2742 5178 2962 5239 debere;
3014 5176 3137 5229 dum
3188 5180 3327 5230 enim
3378 5178 3535 5231 ﬁdem

1964 5270 2166 5325 Christi
2194 5288 2289 5340 per
2318 5271 2509 5324 malam
2560 5272 3051 5340 interpretationem
3088 5273 3335 5340 subripis,
3378 5288 3539 5342 negas

1966 5364 2239 5421 Christum
2271 5366 2551 5420 Dominum
2574 5375 2813 5420 nostrum
2840 5367 2892 5420 in
2924 5366 3038 5436 lege
3068 5368 3409 5436 promissum.

2041 5456 2143 5522 Qui
2182 5457 2310 5508 dicis
2360 5472 2461 5509 non
2503 5456 2885 5519 mmo/randum,
2929 5457 3217 5509 mter/laris.
3254 5454 3538 5509 Adulteras

1968 5556 2144 5601 autem
2194 5547 2389 5617 legem,
2438 5546 2648 5616 quando
2693 5546 2975 5600 veritatem
3024 5548 3222 5601 Christi
3268 5546 3430 5608 tollis,
3482 5555 3541 5600 et

1967 5638 2303 5693 mendacium
2342 5638 2525 5707 ponis;
2553 5638 2694 5692 unde
2730 5637 2836 5693 alio
2858 5637 2975 5693 loco
3006 5639 3133 5694 dicit
3166 5635 3539 5692 :Adulteratov

1972 5746 2049 5782 res
2084 5729 2222 5783 rerbi
2248 5727 2333 5799 (ll
2354 5726 2477 5781 Cor.
2512 5729 2595 5798 ιι).

3030 5818 3107 5879 '42
