3960 6332
484 348 627 411 1528

1114 340 1177 405 Β.
1218 345 1470 403 MBAN!
1506 338 1726 401 ΜΒΝ
1763 334 2059 400 ARCHIEP

2164 334 2431 400 [OGUNT.
2471 337 2754 400 OPERUM
2788 330 2969 397 PARS
3002 334 3093 398 ιιι.

3595 335 3740 407 ἰδα

553 463 659 533 Qui
686 452 972 520 exsecraris
992 455 1147 531 idola
1180 456 1512 527 sacrilegium
1555 454 1706 525 facis.
1754 452 2062 525 Sacrilegus
2086 466 2137 527 Α
2164 456 2340 519 raris;
2361 450 2451 525 qui
2473 454 2604 510 dicis
2641 471 2747 509 non
2775 453 3157 520 machandum.
3181 456 3477 513 intueberis.
3507 456 3663 525 Quod
3689 464 3739 517 si

476 573 538 617 es
565 554 780 630 quando
797 550 1093 615 Christum,
1121 564 1283 619 quem
1307 548 1395 603 lex
1434 556 1490 602 et
1513 543 1857 617 propheticus
1880 560 2060 601 sermo

478 651 649 707 Deum
677 642 881 714 signia.
895 649 962 707 it,
999 655 1186 711 negas.
1210 638 1351 694 Dicit
1370 638 1515 693 enim
1544 637 1749 693 lsaias:
1778 634 1915 701 Quia
1936 634 1991 687 in
2011 643 2062 689 te

476 744 572 806 est,
603 747 649 793 et
689 744 792 792 nan
817 743 891 789 est
937 731 1078 787 Deus
1121 738 1312 801 prater
1348 732 1436 782 te:
1468 737 1524 781 tu
1569 728 1705 782 enim
1747 720 1888 780 Deus
1913 742 1984 789 es,
2010 734 2060 779 et

480 829 853 892 nesciebamus,
894 820 1253 891 Deusg‘lsrael
1298 819 1541 875 Salvator
1573 816 1707 891 (Isa.
1734 816 1881 890 λιν).
1908 813 2058 871 Nun-

478 924 609 995 quid
633 920 803 979 Judaei
827 920 893 975 de
922 916 1033 973 Deo
1054 909 1217 971 Patre
1239 915 1490 980 dicebant
1516 932 1528 968 :
1561 913 1639 968 Tu
1658 922 1711 969 'es
1734 914 1872 967 enim
1892 906 2056 978 Deus,

476 1022 524 1066 et
545 1008 933 1073 nesciebamus;
957 1021 1079 1061 cum
1110 1008 1219 1059 tota
1248 1003 1335 1059 lex
1363 1004 1457 1059 Dei
1479 1002 1657 1059 Patris
1683 997 2060 1057 auctoritatém

474 1102 748 1173 praedicet,
782 1106 851 1154 ex
887 1109 995 1169 quo
1037 1100 1162 1151 sunt
1190 1092 1407 1149 omnia?
1434 1092 1543 1147 Sed
1582 1093 1708 1162 quia
1754 1090 1921 1146 Filius
1963 1086 2058 1146 Dei

473 1198 687 1262 semper
718 1188 935 1259 quidem
978 1184 1242 1255 apparuit,
1274 1180 1476 1237 latebat
1515 1189 1693 1235 autem
1733 1181 1857 1250 quis
1891 1187 2057 1245 esset,

476 1298 600 1339 cum
646 1288 768 1352 pust
803 1276 1255 1334 resurrectionem
1290 1268 1634 1344 cognoscitur
1664 1271 1968 1340 diciturque
2008 1270 2058 1324 ei

478 1378 531 1430 in
553 1373 891 1431 confessione
915 1389 928 1425 :
960 1369 1038 1424 Tu
1060 1385 1114 1423 es
1139 1365 1278 1422 enim
1290 1365 1453 1429 Deus,
1476 1373 1525 1418 et
1553 1357 1927 1418 nesciebamus.
1956 1360 2057 1430 Qui

472 1466 617 1523 enim
645 1463 937 1537 putabatur
964 1462 1019 1515 in
1049 1459 1165 1530 lege
1198 1464 1405 1511 tantum
1434 1453 1652 1523 angelus
1678 1462 1733 1508 et
1767 1453 1875 1507 dux
1900 1466 2057 1507 exer-

473 1559 615 1615 citus
642 1555 854 1612 Domini
878 1562 892 1607 :
920 1562 975 1608 at
1000 1566 1119 1608 cum
1142 1547 1453 1618 intelligitur
1474 1558 1595 1600 esse
1622 1542 1791 1598 Filius
1820 1538 1940 1608 Dei,
1972 1542 2056 1596 di-

474 1650 617 1705 citur
641 1646 785 1703 enim
809 1640 931 1699 cum
953 1641 1251 1717 gratiarum
1269 1638 1485 1693 actione
1510 1650 1524 1691 :
1552 1635 1631 1689 Tu
1650 1651 1705 1690 es
1732 1633 2056 1701 enim'Deus,

471 1748 519 1793 et
535 1734 908 1792 nesciebamus.
931 1730 1037 1785 Per
1048 1731 1151 1785 hoc
1173 1743 1302 1799 ergo
1316 1727 1584 1798 signiﬁcat
1604 1726 1727 1794 quia
1755 1726 1869 1796 ipse
1889 1736 2054 1792 esset,

2160 548 2345 615 etiam,
2375 554 2435 600 ut
2476 547 2859 616 nonnunquam
2907 544 3025 600 ﬁeri
3068 544 3236 612 solet,
3284 561 3513 611 munera
3554 548 3738 604 oblata

2162 642 2291 708 Deo,
2320 648 2376 697 et
2423 639 2618 712 stipem
2662 640 2716 694 in
2762 652 2893 693 usus
2933 627 3227 708 pauperum
3258 636 3459 702 datam.
3502 640 3567 699 ad
3609 656 3739 711 pro-

2157 732 2274 802 pria
2294 725 2443 787 lucra
2470 734 2825 793 converteret,
2847 734 2993 781 recte
3011 722 3062 780 ei
3085 725 3282 782 dicitur
3301 739 3317 780 :
3345 726 3457 793 Qui
3473 731 3740 787 αὸοπιίιιρ

2160 825 2231 878 ris
2256 823 2399 877 idola
2420 863 2436 889 ,
2457 820 2786 891 sacrilegium
2817 818 2970 888 facis.
3003 816 3069 873 Si
3088 832 3215 873 vero
3237 818 3403 874 etiam
3432 831 3621 889 aperta
3649 824 3736 879 in-

2158 922 2340 981 currat
2382 911 2690 984 opprobria,
2727 918 2782 964 et
2818 909 2892 966 de
2934 908 3160 965 avaritia
3184 903 3300 979 ejus
3322 918 3490 980 atque

2151 990 2370 1075 judiciis
2384 1014 2440 1061 et
2455 1002 2764 1059 temulentia
2786 999 3051 1071 publicam
3074 1000 3185 1069 jam
3205 1012 3387 1057 teneat
3400 1012 3611 1069 notam,
3639 1006 3734 1060 de-

2158 1096 2454 1163 honoratur
2493 1095 2633 1176 Deus
2672 1093 2726 1146 in
2765 1090 2973 1147 actibus
2995 1089 3141 1159 ejus;
3171 1102 3225 1147 et
3252 1108 3376 1149 cum
3418 1095 3609 1150 doctor
3632 1096 3737 1151 Ee-

2157 1186 2334 1243 clesite
2360 1186 2481 1241 talis
2504 1200 2643 1249 esse,
2669 1183 2881 1255 populis
2920 1183 3239 1251 innotuerit,
3279 1199 3476 1240 nomen
3506 1187 3602 1241 Dei
3624 1188 3738 1242 bla-

2158 1278 2469 1349 spbematur
2513 1277 2565 1331 in
2613 1275 2889 1346 gentibds;
2942 1276 3077 1331 certi
3126 1284 3249 1331 sunt
3292 1276 3435 1331 enim
3482 1278 3737 1347 magistro

2158 1366 2363 1423 similes
2390 1383 2509 1423 esse
2545 1366 2853 1437 discipulos.
2891 1365 3124 1423 Possunt
3171 1374 3351 1422 tamen
3395 1368 3514 1423 hac
3548 1368 3737 1426 eadem

2158 1460 2319 1516 tertio
2347 1460 2485 1526 loco,
2520 1461 2696 1514 etiam~
2712 1458 2979 1515 haereticis
3008 1459 3182 1530 aptari
3207 1477 3221 1513 :
3261 1470 3317 1515 et
3346 1460 3449 1531 ipsi
3476 1460 3620 1515 enim
3651 1474 3741 1515 eo-

2158 1544 2537 1618 gnominantur
2583 1545 2903 1612 Christiani,
2942 1555 2997 1602 et
3044 1546 3285 1602 nonnulli
3333 1561 3524 1603 eorum
3573 1548 3739 1602 etiam

2136 1638 2328 1710 legem
2359 1649 2597 1703 tenuere,
2620 1654 2715 1708 per
2740 1653 2900 1709 quam
2918 1638 3186 1704 instructi,
3226 1640 3481 1695 ductores
3518 1654 3575 1695 se
3620 1654 3740 1694 esse

2159 1740 2475 1787 czeterorum
2505 1738 2559 1785 et
2585 1729 2873 1799 magistros
2915 1728 3196 1783 infantium
3239 1729 3580 1798 proﬁtentur,
3609 1744 3741 1799 pro-

471 1830 563 1899 qui
600 1831 923 1899 apparuerat
958 1819 1176 1891 quidem
1205 1817 1533 1889 patriarchis
1560 1816 1616 1870 in
1647 1815 1839 1880 Deum,
1862 1822 2057 1883 etpost
2086 1804 2134 1869 Β
2161 1823 2358 1876 bantur
2378 1820 2588 1874 utiliora
2626 1834 2743 1889 quae
2778 1819 2949 1873 latere
2994 1816 3062 1872 ab
3106 1818 3489 1874 ecclesiasticis
3533 1821 3739 1875 dicunt.

473 1925 787 1977 incarnatus
804 1924 909 1983 est,
927 1913 1020 1970 sed
1041 1928 1147 1968 non
1171 1910 1349 1967 fuerat
1370 1908 1677 1965 intellectus
1699 1906 1767 1961 ab
1782 1904 2054 1961 omnibus.

544 2010 649 2076 Qui
700 2011 756 2062 in
804 2006 913 2076 lege
957 2002 1224 2074 gloriaris,
1268 2016 1359 2071 per
1400 1997 1878 2069 prmuaricationem
1928 1993 2058 2063 legis

449 2106 637 2159 .Deum
694 2103 997 2156 inhonorus.
1054 2096 1448 2151 Praevaricator
1500 2093 1639 2165 legis
1692 2106 1792 2157 es,
1840 2088 2058 2159 quando

422 2176 428 2183 ’
469 2207 690 2251 sensum
713 2190 868 2263 legis,
893 2188 985 2259 qui
1013 2188 1079 2242 de
1105 2184 1478 2263 incarnatione
1500 2172 1555 2239 et
1580 2181 1859 2237 divinitate
1896 2178 2055 2234 Chri-

467 2287 536 2341 sti
558 2298 663 2350 est,
687 2280 952 2353 praeteris,
974 2288 1031 2334 et
1054 2278 1224 2334 Deum
1251 2292 1361 2332 non
1379 2276 1637 2338 honoras,
1667 2272 1796 2327 dum
1816 2270 2059 2333 testimo-

469 2378 619 2431 nium
660 2372 797 2442 ejus,
838 2372 981 2441 quod
1017 2368 1164 2424 dedit
1214 2366 1281 2423 de
1318 2362 1461 2420 Filio
1506 2380 1627 2429 suo,
1664 2379 1771 2417 non
1818 2359 2053 2429 recipis:

470 2468 584 2537 ipse
613 2456 757 2520 enim
786 2462 921 2518 dixit
945 2476 959 2514 :
991 2458 1092 2513 Hic
1120 2466 1194 2513 est
1220 2454 1393 2510 Filius
1430 2471 1575 2509 meus
1601 2452 1842 2507 dilectus.

546 2555 753 2609 Nomen
779 2553 916 2606 enim
942 2549 1037 2603 Dei
1065 2565 1156 2618 per
1176 2563 1262 2601 vos
1287 2545 1674 2615 blasphematur
1696 2543 1833 2596 inter
1858 2547 2057 2611 gentes,

468 2648 601 2701 sicut
633 2644 884 2713 scriptum
912 2650 1007 2694 est.
1037 2637 1162 2692 Haec
1209 2636 1365 2691 dicit.
1386 2634 1555 2689 Isaias
1595 2631 1880 2703 propheta,
1931 2629 2060 2698 quia

469 2750 665 2793 nomen
711 2734 805 2789 Dei
847 2730 1252 2801 blasphematur
1278 2726 1421 2780 inter
1446 2731 1667 2795 gentes,
1712 2719 1929 2791 quando
1966 2717 2060 2771 Ju-

469 2828 613 2882 daaos
656 2839 755 2893 pro
777 2821 952 2876 noxiis
998 2818 1109 2873 suis
1136 2816 1365 2870 traditos
1406 2814 1507 2868 sibi
1546 2827 1655 2866 non
1684 2810 2054 2873 advertebant,

471 2915 565 2970 sed
591 2912 746 2967 idolis
768 2909 879 2965 suis
904 2907 1107 2963 dabant
1133 2904 1354 2976 glorias,
1378 2902 1533 2973 quasi
1555 2901 1867 2955 Iudaeorum
1889 2898 2059 2953 Deum

468 3002 723 3057 vicissent
763 3000 819 3053 in
852 2996 1086 3060 Judreis;
1144 2996 1218 3048 ita
1285 3002 1340 3048 et
1398 3001 1639 3061 tempore
1692 2988 2058 3060 apostolorum

2164 1909 2270 1965 Sed
2308 1910 2397 1965 isti
2427 1909 2681 1979 quoniam
2720 1906 2970 1961 furantur
2997 1907 3163 1961 verba
3188 1904 3306 1973 Dei,
3330 1915 3386 1963 et
3411 1906 3743 1963 intellectum

2162 2016 2350 2056 eorum
2384 2014 2637 2071 perversa
2672 1997 3010 2067 expositione
3038 1997 3343 2068 subripiunt
3366 2038 3382 2064 ,
3435 2007 3491 2054 et
3530 2000 3744 2055 adulte-

2160 2110 2279 2148 rum
2306 2092 2429 2147 ﬁdei
2456 2105 2671 2145 sensum
2716 2088 2783 2143 ad
2815 2102 3066 2157 sponsam
3116 2086 3316 2141 Christi
3362 2087 3659 2143 Ecclesiam
3690 2088 3745 2143 in

2162 2186 2339 2255 regios
2368 2184 2632 2238 thalamos
2658 2181 2937 2244 inducunt,
2966 2186 3112 2234 recte
3145 2178 3212 2233 ad
3238 2192 3332 2234 eos
3357 2178 3554 2234 dicitur
3578 2196 3591 2231 :
3640 2178 3746 2243 Qui

2157 2275 2414 2345 prwdicas
2446 2290 2548 2326 non
2577 2270 2885 2343 furandum,
2919 2268 3150 2338 furoris;
3180 2268 3269 2339 qui
3312 2267 3445 2322 dicis
3478 2285 3581 2322 non
3624 2284 3748 2322 mm-

2160 2365 2443 2431 chandum,
2474 2364 2781 2427 maecharis;
2809 2371 2857 2416 et
2879 2362 2967 2431 qui
3001 2361 3368 2415 abominantur
3389 2360 3552 2425 idola,
3577 2358 3750 2413 sacri-

2161 2455 2349 2526 legium
2374 2456 2722 2519 committunt,
2763 2452 2997 2522 pretiosa
3024 2465 3152 2505 vasa
3186 2450 3253 2504 de
3297 2449 3498 2521 templo
3543 2450 3748 2514 Dei,.id

2161 2553 2265 2611 est,
2292 2559 2434 2599 verm
2477 2542 2598 2615 ﬁdei
2626 2542 2948 2613 margaritas
2998 2541 3051 2594 in
3085 2542 3382 2609 Scripturis
3428 2544 3631 2596 sanctis
3656 2541 3746 2596 fu-

2163 2646 2369 2703 rantes,
2401 2650 2497 2707 per
2522 2650 2657 2706 quos
2691 2644 2746 2689 et
2793 2649 2987 2689 nomen
3024 2633 3118 2688 Dei
3158 2632 3561 2702 blasphematur
3603 2635 3749 2689 inter

2161 2739 2370 2802 gentes,
2399 2729 2527 2783 dum
2546 2736 2693 2782 casta
2719 2735 2773 2782 et
2798 2726 3025 2781 honesta
3044 2724 3298 2780 Ecclesiae
3326 2726 3599 2795 dogmata,
3624 2740 3748 2781 cor-

2164 2820 2333 2891 ruptis
2362 2808 2426 2874 ac
2455 2819 2700 2889 turpibus
2746 2816 3016 2871 maculant
3053 2807 3319 2893 hei-enea:
3345 2818 3629 2888 pravitatis
3654 2834 3743 2873 er-

2162 2911 2393 2965 roribus.
2424 2909 2505 2963 Ex
2544 2908 2649 2963 illis
2675 2909 2818 2963 enim
2863 2916 2917 2962 et
2959 2905 3275 2962 infanticidii
3309 2916 3364 2963 et
3400 2908 3614 2974 incesti,
3644 2924 3745 2963 ca-

2165 3008 2511 3069 terorumque
2541 2998 2793 3053 similium
2831 2999 3092 3053 scelerum
3127 2998 3323 3069 probra
3371 3000 3442 3053 ad
3491 3001 3745 3054 invidiam

469 3094 565 3147 υεί
610 3106 805 3147 nomen
845 3086 1322 3157 blasphemabaim‘
1350 3085 1405 3138 ίη
1444 3084 1683 3148 Chiis”,
1728 3084 1853 3151 quia
1886 3080 2056 3135 Ῑυάεεί
2086 3150 2128 3161 ,_
2164 3099 2363 3147 sanctae
2394 3089 2669 3161 religionis
2695 3097 2880 3142 exorta
2926 3096 3072 3142 sunt.
3118 3085 3408 3143 Sciendum
3451 3098 3629 3143 tamen
3664 3096 3748 3143 est

468 3186 748 3241 Christum
776 3182 944 3237 Deum
963 3153 1219 3250 negando
1254 3166 1702 3247 blasphemabant
1736 3182 1787 3230 et
1817 3172 2054 3238 Patrem,
2086 3153 2131 3217 Ὁ
2163 3182 2278 3253 hac
2297 3153 2609 3251 Apostolum
2639 3195 2735 3250 per
2756 3180 2984 3246 ironiam
3001 3179 3182 3235 dicere
3203 3180 3268 3233 ad
3288 3178 3504 3239 Judteos
3532 3197 3546 3233 :
3576 3193 3747 3248 neque

470 3276 609 3328 sicut
634 3272 763 3327 dicit
790 3269 1090 3324 Dominus:
1119 3265 1227 3331 Qui
1260 3282 1341 3319 me
1381 3260 1583 3334 recipit,
1613 3280 1717 3317 non
1746 3279 1827 3315 me
1854 3262 2055 3330 recipit,

469 3366 557 3420 sed
583 3380 701 3419 eum
740 3363 829 3433 qui
871 3377 951 3414 me
983 3359 1123 3413 misit
1155 3355 1452 3428 (Lucan);
1496 3352 1552 3409 e't
1582 3355 1709 3408 i‘deo
1739 3353 1881 3408 inter
1927 3366 2058 3423 gen-

469 3468 553 3511 tes
597 3451 1110 3523 blasphemabatur,
1166 3447 1293 3517 quia
1344 3444 1689 3501 credentibus
1738 3441 2056 3515 gentilibus,

468 3529 639 3601 Judaei
684 3542 913 3598 suadere
943 3542 1256 3595 nitebantur
1287 3536 1561 3593 Christum
1598 3536 1766 3590 Deum
1803 3548 1911 3587 non
1941 3548 2060 3587 cre-

470 3636 725 3701 dendum,
748 3630 1210 3702 utblasphemium
1226 3628 1465 3699 gentium
1484 3624 1725 3680 a'Judanis
1736 3624 1820 3678 vel
1844 3622 2059 3678 Photini

468 3728 786 3783 auctoribus
808 3726 879 3779 sit
903 3723 1225 3795 profectum.
1243 3717 1438 3791 (Θήρ.)
1460 3717 1655 3771 Verum
1684 3718 1799 3771 haec
1827 3715 2060 3785 Aposto-

472 3822 555 3876 lus
574 3818 792 3890 quidem
806 3817 871 3871 ad
886 3831 1007 3871 eum
1029 3813 1118 3883 qui
1136 3812 1371 3875 nomine,
1388 3825 1494 3865 non
1516 3823 1699 3878 opere,
1719 3804 1933 3860 Judaeus
1954 3812 2058 3871 est,

475 3907 942 3979 dicitzpertinere
987 3905 1153 3959 etiam
1184 3911 1363 3956 tamen
1416 3900 1483 3953 ad
1526 3912 1740 3952 omnem
1784 3896 2057 3951 hominem

474 4009 722 4072 possunt,
753 3998 806 4051 in
836 4012 942 4064 quo
973 4004 1179 4071 tantum
1208 4006 1401 4046 nomen
1432 3989 1706 4059 religionis
1750 3996 1805 4043 et
1843 3987 2060 4058 pietatis

472 4100 583 4158 est;
617 4104 781 4161 opera
810 4097 992 4142 autem
1014 4094 1070 4139 et
1111 4074 1358 4148 scientia,
1386 4091 1441 4136 et
1487 4080 1618 4134 ﬁdes
1651 4081 1821 4143 deest,
1854 4088 1909 4133 et
1943 4078 2061 4131 ideo

473 4182 676 4252 majore
695 4196 825 4237 cura
844 4181 958 4234 haec
981 4178 1032 4231 in
1056 4178 1209 4231 nobis
1225 4176 1356 4245 ipsis
1376 4189 1535 4246 quam
1551 4173 1603 4227 in
1622 4174 1751 4243 ipsis
1776 4172 1860 4225 his
1882 4171 1973 4239 qui
1994 4170 2063 4224 ad

475 4274 632 4328 ﬁdem
675 4270 877 4327 Christi
921 4284 1026 4322 non
1074 4267 1318 4331 veniunt,
1366 4266 1636 4320 discutere
1667 4264 1940 4325 debemus,
1992 4275 2062 4316 ne

475 4366 597 4435 quis
637 4374 905 4427 nostrum,
948 4361 1039 4430 qui
1064 4374 1158 4429 per
1193 4358 1351 4412 ﬁdem
1382 4356 1582 4411 Christi
1614 4364 1666 4410 et
1695 4352 2062 4409 circumcisio-

476 4471 599 4509 nem
631 4455 683 4507 in
708 4451 974 4521 baptismo
1002 4449 1181 4502 datam
1212 4460 1370 4500 verus
1391 4444 1606 4499 indecus
1628 4444 1849 4499 eﬁ‘ectus
1870 4454 1976 4508 est,
2007 4452 2062 4499 et

475 4548 529 4600 in
558 4545 673 4615 lege
697 4543 896 4599 Christi
922 4541 1232 4609 requiescit,
1256 4539 1515 4608 gloriatur
1544 4552 1757 4607 quoque
1784 4552 1864 4601 se,
1896 4535 2062 4589 idolo-

479 4652 593 4690 rum
638 4648 823 4688 errore
857 4631 1100 4701 depulso,
1156 4630 1436 4699 agnovisse
1482 4629 1671 4691 Deum,
1708 4635 1761 4680 et
1808 4626 1923 4693 ejus
1960 4626 2061 4680 sibi

479 4726 776 4779 innotuisse
818 4723 1167 4777 voluntatem.
1208 4718 1323 4773 Scit
1346 4720 1487 4772 enim
1521 4720 1750 4787 probare
1794 4717 1937 4787 quod
1962 4716 2062 4770 bo-

476 4832 604 4870 num
634 4823 687 4868 et
713 4813 1109 4875 beneplaeitum
1147 4819 1231 4865 est
1251 4808 1682 4877 et’perfectum;
1713 4819 1767 4863 et
1789 4824 1853 4862 eo
1894 4822 2063 4875 usque

476 4909 743 4978 pervenit,
772 4916 830 4961 ut
858 4914 1002 4960 esset
1037 4906 1144 4958 dux
1175 4912 1230 4957 et
1257 4904 1445 4979 doctor
1464 4902 1739 4965 Ecclesiae,
1775 4902 1841 4955 ad
1868 4901 2066 4955 illumi-

477 5001 687 5053 nandos
711 5014 804 5053 eos
833 4998 921 5067 qui
954 4998 1005 5051 in
1040 4996 1260 5050 scientia
1294 4996 1421 5049 caeci
1452 5003 1596 5058 sunt,
1622 5003 1678 5048 et
1716 4994 2060 5048 instruendus

479 5089 731 5157 parvulos
774 5089 825 5141 in
861 5088 1097 5152 Christo,
1142 5101 1209 5140 ne
1238 5086 1301 5150 is,
1332 5085 1572 5154 inquam,
1608 5084 1729 5138 talis
1758 5086 1891 5138 alios
1937 5085 2059 5153 qui-

480 5182 600 5235 dem
632 5180 758 5234 velit
792 5180 983 5233 docere
1024 5177 1337 5241 districtius,
1367 5184 1421 5230 et
1452 5175 1517 5230 de
1562 5175 1647 5229 bis
1679 5191 1813 5244 quos
1844 5174 2063 5228 instruit

480 5286 747 5324 summam
767 5269 1100 5338 disciplinam
1128 5267 1393 5322 castitatis
1415 5266 1653 5336 exigere,
1684 5265 1796 5334 ipse
1825 5280 1955 5318 vero
1974 5266 2061 5318 in-

480 5360 849 5429 temperantiae
884 5358 1016 5411 vitio
1057 5364 1109 5411 et
1138 5355 1446 5425 cupiditatis
1497 5364 1767 5424 urgeatur,
1810 5370 2058 5408 nonnun-

482 5464 643 5517 quam
696 5449 859 5502 etiam
910 5446 1140 5501 ﬂammis
1177 5446 1401 5501 occultae
1450 5445 1684 5499 libidinis
1722 5455 1927 5501 aestuet.
1979 5448 2061 5501 Ad

485 5537 786 5605 hujusmodi
836 5552 965 5607 ergo
1024 5537 1297 5590 hominem
1363 5534 1685 5605 apostolicus
1742 5536 1829 5589 hic
1883 5551 2061 5590 sermo

486 5636 848 5698 competenter
878 5635 1112 5695 aptatur,
1138 5626 1324 5680 dicens
1353 5626 1400 5677 ei
1433 5644 1443 5677 :
1482 5624 1554 5677 Tu
1587 5626 1673 5695 qui
1703 5626 1852 5679 doces
1874 5626 2059 5689 alium,

488 5722 704 5791 teipsum
735 5738 839 5775 non
865 5720 1047 5785 doces;
1082 5721 1171 5790 qui
1200 5719 1454 5789 prwdicas
1502 5736 1602 5771 non
1641 5718 1949 5787 furandum,
1979 5720 2063 5788 fu-

2086 4502 2139 4561 D

2162 3272 2303 3327 enim
2330 3271 2423 3342 qui
2452 3285 2578 3326 vere
2606 3269 2896 3341 requiescit
2926 3270 2981 3323 in
3005 3269 3143 3341 lege,
3173 3278 3229 3324 et
3252 3270 3586 3341 gloriaturin
3611 3272 3744 3336 Deo,

2162 3373 2216 3418 et
2240 3362 2436 3434 probat
2475 3361 2709 3427 utiliora,
2752 3362 2866 3416 haec
2891 3375 3009 3430 quae
3044 3370 3362 3416 enumerata
3399 3369 3526 3415 sunt
3570 3362 3749 3417 facere

2162 3453 2464 3508 credendus
2492 3460 2592 3505 est.

2232 3543 2571 3599 Circumcisio
2622 3543 2830 3613 quidem
2880 3543 3119 3614 prodest,
3169 3544 3216 3597 si
3279 3552 3444 3613 tegem
3488 3545 3745 3597 observes.

2164 3634 2399 3707 (Ambr.)
2436 3636 2733 3691 Potestdici
2761 3651 2793 3690 e
2817 3646 3003 3691 contra
3025 3654 3037 3690 :
3058 3636 3113 3690 Si
3138 3635 3359 3705 prodest
3384 3636 3748 3703 circumcisio,

2162 3742 2257 3782 cur
2298 3727 2769 3797 praetermittitur?
2815 3725 2920 3781 Sed
2952 3726 3173 3796 prodest
3198 3727 3242 3779 si
3267 3726 3440 3795 legem
3472 3710 3747 3781 observes.

2164 3817 2412 3872 Tenenda
2429 3832 2556 3888 ergo
2593 3816 2935 3872 circumcisio
2967 3804 3071 3882 est,
3099 3827 3154 3871 et
3185 3826 3243 3870 ut
3268 3818 3438 3886 possit
3468 3820 3751 3887 prodesse,

2163 3908 2424 3963 servanda
2446 3918 2524 3963 est
2552 3908 2657 3963 lex.
2675 3909 2810 3976 Quid
2833 3924 2959 3979 ergo
2989 3910 3265 3979 prohibuit
3284 3910 3427 3981 quod
3464 3912 3748 3979 prodesse,

2163 3998 2209 4051 si
2249 3997 2332 4050 lex
2364 4009 2628 4064 servetur,
2703 4000 2972 4053 ostendit?
3018 3996 3241 4052 Videtur
3278 4014 3408 4067 ergo
3452 3999 3598 4073 male
3624 4014 3754 4067 pro-

2162 4089 2389 4143 hibitum
2413 4130 2427 4153 ,
2460 4090 2600 4158 quod
2631 4106 2738 4144 non
2769 4104 2865 4159 per
2896 4105 2952 4144 se
2977 4089 3246 4157 displicet,
3277 4089 3369 4145 sed
3398 4104 3498 4159 per
3527 4089 3755 4146 alterius

2162 4179 2540 4249 negligentiam
2581 4178 2831 4232 frustrari
2858 4179 3075 4232 dicitur.

2236 4270 2298 4326 Si
2341 4281 2514 4323 autem
2559 4271 2929 4341 prwvaricator
2975 4270 3100 4340 legis
3136 4272 3240 4335 sis,
3284 4270 3614 4323 circumcisio
3658 4279 3753 4323 tua

2162 4364 2474 4433 praeputium
2503 4361 2642 4431 facta
2690 4372 2781 4416 est.
2815 4361 2929 4417 Hoc
2955 4373 3037 4442 est
3066 4362 3206 4432 quod
3236 4362 3386 4425 dicit,
3418 4362 3546 4431 quia
3588 4363 3631 4416 si
3665 4363 3749 4417 lex

2166 4463 2380 4508 servata
2402 4470 2505 4508 non
2532 4454 2710 4517 fuerit,
2739 4453 2953 4508 Judaeus
2975 4454 3189 4526 gentilis
3214 4454 3465 4509 eﬁicitur.
3501 4453 3607 4509 Sed
3639 4456 3750 4509 cir-

2165 4546 2547 4599 cumeisionem
2598 4560 2697 4614 pro
2728 4558 2925 4615 genere
2975 4546 3153 4615 posuit
3199 4544 3453 4607 Abrahae,
3510 4546 3636 4614 quia
3683 4561 3751 4598 cx

2164 4634 2434 4687 Abraham
2483 4634 2861 4696 circumcisio;
2908 4647 3008 4688 nec
3052 4634 3195 4687 enim
3220 4643 3433 4703 poterat
3479 4632 3751 4686 mdiﬁcane

2165 4740 2283 4792 quae
2311 4726 2667 4778 destruxerat.
2701 4721 2813 4778 Hoc
2841 4723 2985 4777 enim
3014 4724 3090 4777 ait
3117 4733 3177 4775 ut
3198 4724 3385 4777 doceat
3420 4732 3551 4775 tunc
3581 4722 3750 4792 prod-

2166 4828 2283 4867 esse
2316 4830 2379 4867 ex
2415 4828 2610 4882 genere
2645 4812 2875 4866 Abrahae
2908 4825 3044 4878 esse,
3078 4812 3121 4866 si
3149 4811 3234 4865 lex
3258 4821 3527 4875 servetur,
3558 4812 3612 4863 id
3642 4822 3749 4876 est,

2167 4902 2292 4975 siin
2324 4901 2539 4955 Christo
2566 4901 2838 4965 credatur,
2886 4904 2977 4971 qui
3018 4902 3314 4970 promissus
3360 4882 3441 4956 est
3491 4903 3745 4967 Abrahm,

2166 4996 2291 5063 quia
2317 5004 2367 5048 et
2399 5011 2552 5049 suum
2603 4996 2850 5049 meritum
2890 4995 3088 5048 habent
3119 4992 3397 5061 justiﬁcati
3432 5008 3530 5062 per
3562 4994 3747 5057 ﬁdem,

2167 5094 2220 5137 et
2244 5086 2445 5158 honore
2472 5093 2686 5153 patrum
2720 5083 3112 5147 sublimantur;
3143 5082 3317 5135 omnis
3346 5082 3489 5135 enim
3518 5081 3666 5134 salus
3695 5082 3749 5134 in

2166 5177 2281 5245 lege
2316 5177 2383 5230 de
2405 5176 2621 5231 Christo
2650 5160 2750 5231 est.
2784 5175 2882 5229 Hic
2910 5192 3037 5245 ergo
3066 5182 3249 5229 servat
3283 5173 3475 5244 legem,
3505 5174 3594 5241 qui
3631 5188 3751 5227 ere.

2170 5270 2248 5323 dit
2273 5270 2323 5322 in
2341 5270 2587 5333 Christo;
2615 5270 2658 5322 si
2691 5277 2866 5322 autem
2892 5282 2994 5322 non
3017 5267 3207 5332 credit,
3226 5275 3595 5334 transgressor
3616 5264 3753 5336 legis

2170 5370 2271 5425 est,
2301 5363 2425 5429 quia
2455 5376 2560 5413 non
2589 5361 2774 5429 recipit
2804 5358 3097 5423 Christum,
3127 5374 3286 5427 quem
3329 5356 3415 5410 lex
3444 5356 3512 5411 ad
3550 5354 3754 5425 justiﬁ-

2168 5451 2431 5504 cationem
2475 5459 2757 5503 venturum
2811 5449 3031 5513 cecinit,
3082 5462 3241 5516 quam
3291 5446 3408 5515 ipsa
3460 5446 3593 5499 dare
3641 5462 3752 5499 non

2166 5540 2365 5610 potuit;
2396 5548 2449 5593 et
2471 5540 2605 5594 nihil
2636 5539 2707 5592 illi
2733 5539 2972 5608 proderit
2994 5538 3098 5594 dici
3147 5536 3312 5590 ﬁlium
3342 5536 3590 5599 Abrahae,
3624 5537 3752 5605 quia

2170 5630 2258 5683 hic
2284 5629 2577 5682 secundum
2621 5628 2870 5681 meritum
2894 5627 3034 5682 ﬁlius
3071 5633 3153 5680 est
3181 5625 3437 5690 Abrahae,
3468 5626 3560 5694 qui
3590 5625 3749 5677 ﬁdem

2171 5722 2431 5789 sequitur,
2485 5736 2580 5789 per
2610 5736 2771 5791 quam
2822 5720 2934 5776 Deo
2980 5719 3170 5791 dignus
3198 5718 3411 5774 exstitit
3447 5717 3749 5772 Abraham.
