3960 6318
195 408 339 474 1325

757 396 1301 472 assummum
1338 400 1407 470 tu
1446 398 1593 470 EPP.
1630 404 1761 471 rso

1874 400 2001 470 Lm.
2041 414 2106 471 ιι.
2136 444 2209 456 -
2231 415 2299 471 ιιι
2333 412 2550 491 ενιετ.
2590 416 2683 474 AD
2721 418 2885 478 nou.

3284 420 3421 480 1326

194 529 351 587 Unde
393 528 507 584 ait:
537 525 876 609 Circumcisio
913 538 1005 600 tua
1036 528 1347 597 pra-patiam
1380 526 1521 595 facta
1557 504 1632 582 est
1653 568 1668 594 ,
1704 528 1757 583 id
1783 532 1837 591 Α
1860 526 2018 583 batur
2042 526 2300 598 imagine.
2330 525 2571 609 Denique
2602 540 2793 588 octaVa
2819 534 2906 589 die
2929 534 3165 605 parvulis
3197 506 3425 593 dabatur

192 629 300 685 εει,
326 616 509 690 gentili
539 598 732 673 similis
752 616 927 671 factus
944 598 1032 680 es,
1062 630 1168 669 non
1190 615 1416 671 credens
1436 617 1493 671 in
1514 630 1636 671 eum
1667 617 1758 687 qui

190 714 252 769 in
276 713 428 782 signo
454 710 881 767 circumcisionis
909 708 1053 764 ﬁlius
1076 709 1375 780 promissus
1395 702 1481 764 εει
1504 707 1755 764 Abrahae.

265 798 326 855 Si
354 802 513 871 igitur
526 801 836 871 praeputium
855 800 1087 867 iustitias
1115 797 1240 869 legis
1283 799 1563 863 custodiat,
1593 812 1763 852 nonne

182 892 500 961 praputium
525 886 759 944 imus-in
792 888 1233 943 circumcisionem
1280 888 1641 958 reputabitur?
1671 886 1762 941 Ju-

189 978 340 1035 stitia
377 980 511 1051 legis
536 980 669 1035 ﬁdes
691 988 774 1034 est
798 977 1125 1043 Christiana,
1149 977 1300 1041 sicut,
1317 976 1420 1031 alio
1439 977 1559 1033 loco
1589 976 1720 1033 dicit
1744 994 1758 1031 :

194 1066 345 1124 Finis
375 1068 500 1144 legis
517 1068 757 1123 Christus
778 1070 847 1123 ad
864 1062 1124 1139 justitiam
1152 1069 1293 1122 omni
1315 1068 1543 1122 credenti
1578 1068 1758 1139 (Rom.

188 1155 273 1227 ι).
317 1157 439 1212 Ideo
480 1156 821 1212 manifestum
869 1162 954 1211 est
997 1157 1123 1225 quia
1156 1156 1202 1211 si
1244 1156 1458 1226 gentilis
1489 1155 1670 1211 credat
1704 1155 1764 1211 in

187 1245 484 1313 Christum,
515 1246 576 1302 ﬁt
591 1246 738 1303 illius
762 1246 1019 1329 Abrahae,
1040 1246 1133 1318 qui
1152 1255 1314 1316 pater
1326 1257 1417 1302 est
1439 1245 1582 1303 ﬁdei.

260 1353 328 1409 Et
344 1356 604 1426 judicabit
632 1352 688 1409 id
726 1348 864 1427 quod
898 1371 963 1410 ea:
991 1364 1181 1409 natura
1222 1364 1295 1411 est
1337 1356 1668 1428 prwputium,
1713 1365 1764 1412 et

185 1445 351 1517 legem
375 1448 680 1519 perﬁciens,
701 1438 773 1514 te,
800 1449 890 1519 qui
938 1442 1030 1519 per
1056 1445 1283 1501 litteram
1327 1456 1375 1502 et
1412 1450 1766 1504 circumcisio-

186 1552 309 1590 nem
343 1538 713 1607 praevaricator
758 1532 810 1593 es
861 1537 1006 1609 legis.
1056 1536 1297 1593 Credens
1346 1536 1581 1608 gentilis,
1629 1538 1763 1595 duce

186 1619 406 1699 natura,
447 1640 500 1713 In
542 1626 837 1700 Christum,
882 1626 1200 1689 cendemnat
1238 1630 1500 1702 Judaeum,
1545 1637 1633 1692 cui
1675 1636 1761 1691 lex

184 1725 511 1792 promiserat
531 1724 829 1792 Christum,
851 1734 905 1781 et
922 1725 1219 1781 advenienti
1243 1727 1292 1782 ei
1318 1730 1538 1784 credere
1569 1730 1760 1784 noluit.

189 1812 402 1880 Quanta
430 1831 559 1886 ergo
583 1815 794 1887 gentilis
817 1816 1007 1887 dignus
1035 1817 1329 1887 estgloria,
1356 1819 1446 1887 qui
1475 1833 1571 1888 per
1592 1809 1761 1875 solam

1864 612 1956 688 qui
1984 619 2118 674 nihil
2159 619 2348 691 utique
2374 622 2551 679 adhuc
2579 624 2758 694 operis
2786 634 3025 696 agerent.
3054 625 3208 693 Quod
3234 627 3279 683 si
3306 627 3429 697 quis

1862 711 2018 767 nobis
2058 710 2301 786 proferat
2326 710 2453 775 illud
2488 716 2627 784 quod
2665 716 2720 771 in
2762 704 3022 790 principio
3054 716 3178 775 libri
3220 718 3321 777 Job
3361 723 3429 783 de

1860 799 2015 873 laude
2039 803 2160 873 ejus
2175 803 2409 873 positum
2438 814 2542 871 est,
2570 806 2659 861 ubi
2698 808 2869 862 dicit:
2893 806 2963 863 Et
2994 820 3105 865 erat
3141 810 3246 873 Job
3274 800 3428 868 homo

1860 904 2037 957 verax,
2065 892 2178 945 sine
2201 892 2425 963 ’qucrela
2451 893 2623 963 justus
2648 894 2745 949 Dei
2770 897 2959 964 cultor,
2996 898 3256 955 abstinens
3280 918 3337 957 se
3360 902 3426 957 ab

1863 980 2003 1033 omni
2038 995 2095 1035 re
2125 980 2267 1035 mala
2296 981 2439 1053 (Job.
2481 982 2543 1054 ι),
2591 1000 2689 1040 cur
2709 987 3043 1055 praecedente
3086 989 3212 1045 boui
3248 992 3428 1062 operis

1861 1066 2018 1125 laude
2056 1068 2111 1125 in
2164 1071 2354 1154 ultimo
2386 1072 2513 1127 mali
2553 1076 2881 1131 continentia
2925 1086 3273 1135 numeretur:
3300 1080 3430 1137 illud

1862 1160 2005 1229 quod
2014 1161 2255 1217 arbitror
2270 1161 2501 1231 iudicari
2525 1167 2668 1236 quod
2696 1181 2837 1237 saepe
2854 1166 2971 1222 ﬁeri
2995 1167 3149 1235 so'let,
3170 1170 3295 1240 quia
3316 1171 3432 1242 plu-

1862 1248 1988 1303 rimi
2026 1249 2300 1306 hominum
2334 1258 2498 1324 agunt
2534 1254 2749 1325 quidem
2793 1270 2913 1327 qua:
2954 1258 3097 1315 bona
3140 1267 3297 1328 sunt,
3325 1264 3431 1318 mi-

1864 1350 2049 1396 sceant
2072 1351 2253 1397 tamen
2276 1343 2476 1412 aliquid
2496 1355 2551 1401 et
2576 1349 2755 1416 operis
2775 1348 2932 1417 mali;
2958 1351 3116 1420 pauci
3142 1365 3274 1408 vero
3294 1354 3436 1410 sicut

1862 1430 1982 1496 Job,
2029 1433 2122 1503 qui
2153 1433 2226 1487 ita
2266 1446 2485 1489 veraces
2539 1444 2595 1491 et
2635 1437 3148 1508 irreprehensibil'es,
3184 1443 3260 1498 ita
3300 1435 3435 1516 justi

1863 1530 1987 1575 sunt
2000 1521 2300 1577 et'cuitores
2322 1522 2439 1588 Dei,
2467 1532 2525 1579 ut
2546 1525 2663 1581 inec
2682 1528 2860 1582 omnia
2883 1540 3105 1600 agentes
3131 1528 3435 1599 abstineant

1862 1628 1921 1670 se
1944 1613 2013 1669 ab
2039 1616 2185 1670 omni
2211 1630 2269 1670 re
2291 1616 2451 1671 mala.
2476 1602 2538 1672 Si
2566 1633 2715 1691 ergo,
2739 1620 2931 1691 inquit,
2955 1623 3341 1692 praevaricator
3360 1626 3438 1681 sis

1862 1704 2027 1772 legis,
2077 1707 2215 1762 sicut
2256 1723 2419 1778 supra
2480 1711 2844 1781 exposuimus,
2896 1728 3001 1768 non
3055 1716 3265 1787 agendo
3298 1732 3436 1788 qua

1864 1796 2006 1851 bona
2030 1806 2172 1861 sunt,
2199 1798 2533 1856 circumcisio
2557 1809 2646 1867 tua
2671 1804 2987 1874 praeputium
3016 1804 3157 1861 facta
3183 1814 3285 1874 εει,
3306 1808 3434 1863 dum

187 1914 438 1959 naturam
471 1903 731 1959 intellexit
762 1913 1062 1971 auctorem,
1091 1906 1228 1961 sicut
1256 1907 1385 1962 dicit
1413 1906 1601 1963 Petrus
1630 1890 1763 1978 apo-
1792 1890 1839 1952 Β
1867 1895 1921 1942 εί
1963 1888 2067 1944 hoc
2101 1889 2194 1944 ίίδί
2225 1890 2368 1959 qu“
2408 1891 2679 1947 “hminem
2723 1909 2753 1947 ³
2800 1894 2940 1950 malo
2964 1896 3112 1951 νίδυε
3157 1912 3236 1963 θεν
3274 1914 3437 1968 Ope"

185 1986 357 2048 stelus
388 2012 400 2047 :
429 1997 703 2047 Auctorem
756 2010 872 2048 vero
916 1996 1033 2049 vita:
1078 1996 1409 2064 interfecistis
1456 1998 1592 2067 (Act.
1642 1998 1758 2069 tu);

186 2092 340 2137 tanto
364 2080 534 2161 magis
564 2082 867 2155 puniendus
910 2079 1129 2140 Iudaeus
1150 2094 1261 2151 est,
1311 2086 1402 2156 qui
1449 2101 1621 2156 neque
1666 2102 1765 2157 per

185 2181 461 2237 naturam,
488 2176 661 2244 neque
684 2164 781 2244 per
816 2173 988 2247 legem
1029 2172 1300 2231 Christum
1330 2178 1549 2248 agnovit
1574 2187 1760 2232 aucto-

184 2278 324 2319 rem.
362 2257 594 2337 (Ὀνίᾳ.)
627 2264 757 2333 Quae
799 2263 869 2321 sit
894 2266 1263 2334 circumcisio,
1295 2283 1456 2339 quam
1510 2271 1763 2339 prodesse

184 2352 320 2409 dicit
355 2346 675 2425 Apostolus,
730 2356 814 2411 vel
863 2374 983 2428 qua:
1022 2360 1193 2429 prosit
1238 2358 1355 2423 lex,
1399 2359 1444 2414 si
1490 2360 1761 2414 custodia-

184 2448 300 2506 tur,
324 2442 607 2513 diligenter
628 2444 1006 2513 requirendum
1050 2447 1280 2512 videtur,
1301 2456 1363 2500 ut
1388 2462 1511 2513 cum
1540 2449 1655 2502 hate
1680 2448 1763 2502 in-

185 2534 581 2599 tellexerimus,
609 2536 879 2607 possimus
906 2546 961 2591 et
976 2536 1306 2593 circumcidi.
1338 2528 1545 2608 Quippe
1564 2538 1609 2592 si
1633 2552 1761 2608 pro-

187 2624 314 2684 dest
343 2627 681 2705 circumcisio
703 2628 995 2683 secundum
1016 2628 1240 2684 verbum
1264 2626 1505 2699 Apostoli
1538 2629 1765 2685 dicentis

185 2717 317 2790 quia
361 2716 682 2773 circumcisio
718 2712 967 2789 prodest,
1018 2720 1064 2773 si
1110 2714 1272 2790 legem
1316 2718 1621 2784 custodias,
1650 2720 1764 2789 ipse

186 2810 478 2880 Apostolus
504 2800 558 2865 in
584 2810 1035 2881 consequentibus
1055 2813 1233 2877 docet,
1256 2812 1380 2881 quia
1401 2798 1502 2865 non
1531 2813 1623 2867 illa
1647 2828 1763 2882 qua:

186 2900 248 2954 in
287 2899 560 2967 mnifesto
599 2908 673 2972 est
727 2900 781 2953 in
821 2916 977 2954 carne
1014 2900 1360 2965 circumcisio,
1408 2902 1497 2954 sed
1538 2902 1761 2955 circum-

187 2990 319 3044 cisio
347 2992 518 3044 cordis
547 3008 641 3061 pcr
664 2991 925 3063 spiritum,
952 3008 1056 3045 non
1081 3009 1179 3063 per
1205 2992 1431 3047 litteram
1456 2994 1621 3063 facta,
1644 2991 1764 3047 lau-

185 3082 308 3136 dem
335 3098 438 3137 non
460 3082 527 3143 ab
547 3077 841 3155 hominibus
869 3082 1043 3149 habet,
1071 3082 1161 3136 sed
1180 3099 1245 3136 ea:
1271 3082 1416 3148 Deo;
1447 3091 1501 3137 et
1532 3074 1659 3138 alibi
1685 3082 1765 3137 di-

187 3173 301 3229 cit:
331 3173 1019 3245 Videtetcircumcisionem
1048 3192 1061 3227 :
1107 3162 1205 3229 nos
1242 3162 1385 3228 enim
1436 3176 1624 3230 sumus
1656 3174 1763 3230 cir-

1866 1986 1989 2043 ﬁdei
2014 1998 2068 2043 et
2091 1987 2314 2055 iustitiae
2352 2002 2458 2059 non
2500 1988 2677 2061 agenti
2709 1990 2775 2044 ad
2816 1990 3183 2047 inﬁdelitatem
3226 2002 3439 2065 reputa-

1865 2085 1980 2143 tur;
2003 2093 2177 2147 neque
2199 2080 2341 2133 enim
2358 2079 2610 2148 possibile
2630 2088 2714 2135 est
2733 2078 2892 2135 alicui
2916 2082 3189 2139 carnalem
3213 2084 3437 2141 circum-

1862 2167 2119 2223 cisionem
2154 2182 2370 2223 rursum
2412 2170 2467 2223 in
2507 2171 2827 2240 praeputium
2875 2174 3035 2240 verti,
3086 2189 3207 2229 cum
3247 2176 3440 2248 utique

1863 2257 2365 2328 abscissaprmputii
2404 2273 2568 2313 carne
2595 2257 2734 2314 ultra
2768 2261 2941 2315 redire
2967 2276 3073 2316 non
3116 2264 3307 2333 possit.
3344 2264 3439 2321 Di-

1862 2350 2020 2419 gnius
2050 2350 2179 2420 ergo
2218 2359 2273 2405 et
2304 2349 2604 2406 evidentius
2632 2349 2964 2424 intelligitur,
2993 2354 3135 2425 quod
3158 2352 3441 2414 continen-

1862 2438 1937 2492 tia
1960 2438 2085 2492 mali
2110 2438 2307 2508 operis,
2334 2455 2453 2510 qua:
2474 2455 2572 2511 per
2591 2440 3056 2499 circumcisionem
3082 2433 3435 2517 §igniﬁcatur,

1863 2530 1909 2585 si
1935 2545 2096 2601 Opera
2121 2533 2241 2588 tidei
2272 2550 2379 2588 non
2392 2534 2689 2601 habeat,ad
2714 2536 3105 2609 immunditiam
3135 2532 3432 2610 reputetur.

1865 2619 1972 2679 Sed
2000 2624 2054 2679 in
2078 2620 2338 2691 Ecclesia,
2387 2626 2480 2695 qui
2529 2638 2625 2698 per
2659 2628 2885 2698 gratiam
2928 2630 3179 2701 baptismi
3206 2633 3437 2692 circul-

1863 2717 2077 2783 ciditur,
2123 2718 2168 2773 si
2199 2718 2462 2789 posthaec
2501 2722 2882 2789 praevaricator
2920 2722 2991 2777 sit
3034 2722 3167 2784 legis
3212 2719 3435 2792 Christi,

1862 2808 2201 2877 circumcisio
2246 2809 2495 2879 baptismi
2545 2811 2611 2866 ad
2655 2811 2988 2868 inﬁdelitatis
3026 2813 3076 2869 ei
3114 2817 3434 2885 praeputium

1862 2891 2213 2971 reputabitur.
2240 2902 2367 2970 quia
2396 2911 2449 2956 et
2478 2900 2611 2957 ﬁdes
2637 2902 2755 2957 sine
2781 2905 3035 2972 operibus
3064 2898 3276 2960 mortua
3304 2907 3437 2962 dlci-

1865 2998 1972 3056 tur,
2003 3000 2057 3045 et
2082 2990 2206 3044 mali
2233 2990 2394 3045 villici
2432 3007 2557 3062 pars
2596 3007 2718 3045 cum
2768 2990 3069 3050 inﬁdelibus
3110 2988 3361 3065 ponitur:
3390 3000 3438 3055 si

1864 3090 2041 3136 autem
2073 3083 2388 3152 praeputium
2410 3082 2648 3152 justitias
2675 3084 2806 3153 legis
2837 3086 3123 3153 custodiat,
3156 3104 3332 3144 nonne
3354 3090 3437 3159 ju-

1863 3171 2062 3226 dicabit
2091 3172 2143 3226 id
2168 3172 2309 3239 quod
2330 3186 2397 3225 ex
2421 3180 2610 3225 natura
2636 3180 2718 3227 est
2745 3177 3088 3244 praeputium,
3120 3176 3290 3247 legens
3312 3195 3437 3249 per-

185 3266 468 3329 cumcisio,
493 3267 583 3339 qui
610 3254 798 3336 spiritu
809 3252 938 3319 'Deo
964 3267 1251 3332 servimus,
1284 3276 1339 3321 et
1377 3276 1485 3323 nan
1521 3267 1575 3321 in
1601 3281 1765 3321 carne
1792 3247 1837 3310 C
1868 3258 2075 3325 ﬁciens»
2094 3268 2164 3324 ιε,
2195 3260 2284 3329 qui
2307 3274 2404 3328 per
2422 3259 2654 3321 litteram
2680 3270 2737 3317 et
2756 3263 3215 3321 circumcisionem
3236 3247 3441 3338 ιιι-ζιεγλε-

186 3358 531 3413 conﬁdimus.
572 3355 717 3419 Haec.
746 3364 806 3410 ut
845 3357 1058 3426 opinor,
1097 3366 1183 3413 est
1222 3348 1560 3413 circumcisio
1604 3373 1764 3427 quam

187 3450 446 3521 prodesse
488 3448 619 3503 dicit
652 3448 967 3519 Apostolus,
1011 3451 1058 3504 si
1103 3449 1263 3520 legem
1311 3451 1572 3505 custodias
1609 3463 1627 3501 :
1658 3465 1766 3505 non

186 3525 361 3609 legem
395 3532 607 3604 littera,
642 3539 793 3609 cujus
836 3524 1021 3617 utique
1066 3541 1530 3597 circumcisionem
1562 3541 1617 3595 in
1647 3555 1765 3595 car-

188 3644 260 3683 ne
309 3644 415 3683 non
447 3629 662 3699 recipis,
716 3630 806 3689 sed
828 3628 998 3699 legem
1026 3630 1265 3699 spiritus,
1289 3630 1580 3685 secundum
1600 3644 1763 3700 quam

188 3719 593 3775 circumcideris
622 3710 813 3791 corde;
842 3719 1015 3773 littera
1034 3721 1168 3773 enim
1196 3721 1406 3785 occidit,
1433 3722 1644 3790 spiritus
1668 3736 1766 3773 au-

187 3820 290 3864 tem
312 3810 536 3878 viviﬁcat
559 3809 643 3881 (II
671 3808 792 3864 Cor.
823 3809 931 3880 ιιι),
950 3812 1073 3879 quia
1102 3821 1156 3866 et
1175 3812 1260 3865 lex
1281 3812 1375 3867 Dei
1405 3828 1510 3867 non
1532 3812 1765 3867 refertur

187 3908 493 3955 atramento
525 3900 746 3969 scripta,
792 3886 887 3954 sed
926 3900 1091 3969 digito
1132 3901 1248 3966 Dei,
1294 3901 1387 3970 qui
1430 3908 1512 3957 est
1546 3901 1764 3970 spiritus

188 3989 329 4059 ejus,
358 3999 411 4045 et
438 4006 541 4044 non
573 3991 623 4043 in
649 3989 844 4044 tabulis
868 3990 1110 4059 lapideis,
1134 3992 1227 4046 sed
1259 3990 1311 4046 in
1343 3974 1537 4045 tabulis
1564 3992 1760 4046 cordis.

188 4082 393 4138 Verum
431 4090 607 4152 potest
646 4081 801 4137 nobis
825 4081 1006 4149 objici,
1036 4082 1189 4151 quasi
1216 4081 1505 4151 Apostolus
1532 4072 1762 4137 circum-

187 4171 451 4226 cisionem
465 4171 720 4240 prodesse
744 4171 893 4225 dicit.
912 4169 1039 4237 Quae
1062 4172 1244 4241 utique
1266 4187 1372 4225 non
1393 4170 1497 4224 alia
1516 4171 1765 4242 intelligi-

189 4271 282 4319 tur
306 4277 446 4327 esse,
477 4276 635 4329 quam
664 4261 854 4314 anima:
880 4263 1125 4331 purgatio
1157 4270 1211 4315 et
1234 4260 1463 4329 abjectio
1492 4262 1760 4316 vitiorum.

191 4352 475 4423 Quomodo
498 4353 643 4406 addit
666 4353 838 4407 adhuc
861 4353 930 4405 ita
953 4352 1164 4407 demum
1187 4355 1442 4422 prodesse
1458 4352 1765 4423 'hujusmodi

189 4445 677 4510 circumcisionem,
719 4447 761 4499 si
800 4445 962 4514 legem
1015 4445 1311 4510 custodias,
1348 4462 1468 4500 cum
1497 4446 1614 4501 haec
1652 4447 1766 4516 ipsa

191 4533 531 4591 circumcisio
556 4550 657 4589 non
684 4534 784 4588 nisi
809 4550 873 4587 ex
902 4534 1033 4604 legis
1059 4534 1396 4589 observantia
1439 4526 1554 4589 ﬁeri
1579 4535 1764 4590 videa-

193 4636 304 4681 tur.
331 4616 433 4680 Sed
461 4626 667 4679 intuere
691 4640 757 4679 ne
787 4624 921 4679 forte
947 4625 1259 4679 abscindere
1287 4627 1441 4691 vitia,
1472 4636 1525 4679 et
1550 4642 1764 4682 cessare

1865 3354 2068 3408 ricator
2088 3368 2149 3408 es
2176 3352 2309 3423 legis
2323 3348 2357 3406 ἵ
2377 3352 2635 3424 Superius
2662 3354 2795 3409 dixit
2824 3356 2951 3425 quia
2983 3357 3119 3414 duos
3139 3352 3359 3418 Iudaeos
3384 3373 3441 3419 et

1865 3445 1997 3499 duas
2018 3445 2455 3502 cincumcisiones
2483 3448 2723 3519 discutiit
2762 3449 3080 3518 Apostolus,
3111 3460 3164 3506 et
3197 3469 3340 3510 nunc
3368 3458 3434 3511 de

1864 3533 2086 3599 carnali,
2117 3550 2257 3589 nunc
2280 3550 2408 3591 vero
2434 3537 2499 3591 de
2522 3536 2747 3608 spiritali
2775 3548 3180 3595 commemorat.
3212 3529 3437 3599 Videtur

1863 3641 1992 3696 ergo
2019 3626 2071 3705 in
2101 3628 2355 3697 praesenti
2394 3627 2512 3684 loco
2551 3630 2867 3699 prmputium
2894 3630 3074 3685 dicere
3100 3626 3287 3701 gentes
3314 3650 3434 3704 qua:

1864 3716 1917 3770 in
1944 3719 2263 3787 praeputium
2286 3720 2467 3774 carnis
2492 3721 2559 3774 ad
2586 3720 2743 3774 ﬁdem
2769 3710 2969 3776 Christi
2992 3733 3275 3792 venerunt,
3302 3742 3436 3796 quas

1863 3808 2033 3879 legem
2087 3809 2379 3879 spiritalem
2430 3817 2706 3866 servantes
2742 3813 3014 3882 componit
3059 3824 3111 3868 et
3160 3826 3437 3885 comparat

1862 3896 2087 3963 Iudaeis,
2121 3900 2212 3967 qui
2260 3914 2357 3967 per
2398 3899 2631 3953 litteram
2660 3907 2715 3953 et
2757 3900 3219 3956 circumcisionem
3256 3906 3435 3961 carnis

1863 3986 2308 4055 praevaricatores
2330 3996 2455 4042 sunt
2479 3988 2632 4058 legis,
2656 3997 2791 4057 quas
2811 3996 2865 4042 et
2893 3989 3217 4059 iudicandos
3244 3994 3312 4048 ab
3352 3995 3435 4049 his

1865 4078 2009 4142 dicit,
2042 4079 2096 4133 in
2126 4080 2321 4149 quibus
2351 4094 2456 4133 non
2477 4080 2654 4135 carnis
2680 4080 3037 4148 circumcisio,
3061 4083 3157 4138 sed
3178 4082 3312 4155 legis
3342 4088 3437 4142 ob-

1866 4170 2102 4225 servatio
2152 4178 2253 4225 est.
2312 4168 2621 4225 Possumus
2658 4178 2835 4225 autem
2889 4186 2955 4225 ex
3004 4172 3107 4226 hac
3151 4188 3433 4243 compara-

1868 4263 2012 4317 tione
2042 4263 2206 4317 etiam
2250 4270 2465 4317 nostros
2511 4263 2563 4315 in
2613 4260 2854 4318 Ecclesia
2883 4276 3255 4329 commonere,
3284 4267 3433 4322 verbi

1868 4368 2025 4407 causa
2056 4368 2068 4403 :
2104 4344 2146 4406 si
2177 4353 2417 4407 dicamus
2445 4353 2496 4406 in
2538 4353 2797 4423 praeputio
2824 4354 3001 4409 adhuc
3028 4370 3149 4411 esse
3184 4359 3436 4413 catechu-

1867 4458 2053 4497 menos
2080 4451 2172 4496 aut
2200 4443 2360 4497 etiam
2390 4442 2633 4513 gentiles,
2658 4452 2712 4497 et
2735 4444 3080 4501 circumcisos
3107 4462 3227 4501 esse
3252 4448 3436 4505 ﬁdeles

1867 4551 1961 4606 per
2000 4537 2242 4605 gratiam,
2269 4535 2541 4604 baptismi.
2584 4535 2640 4587 Si
2671 4549 2799 4605 ergo
2840 4538 3295 4602 catechumenus,
3340 4541 3431 4609 qui

1867 4627 2102 4681 nondum
2143 4632 2247 4695 per"
2278 4625 2503 4695 gratiam
2528 4623 2723 4677 lavacri
2755 4624 3105 4679 circumcisus
3130 4634 3227 4686 est,
3264 4626 3431 4698 legent

189 4734 224 4772 a
286 4718 440 4770 malis
501 4719 962 4782 circumcisionem
1015 4718 1319 4787 signiﬁcet:
1368 4734 1527 4788 agere
1583 4727 1761 4773 autem
1867 4715 2067 4771 Christi
2124 4723 2332 4777 servet,
2385 4712 2624 4781 justitias
2694 4720 2748 4766 et
2815 4714 3065 4767 mandata
3132 4716 3429 4781 custodiat,

190 4823 313 4877 qua:
341 4809 480 4869 bona
508 4816 651 4873 sunt,
683 4816 736 4861 et
763 4808 969 4862 ellicere
1002 4823 1119 4877 qua:
1149 4808 1382 4876 perfecta
1420 4816 1561 4874 sunt,
1587 4818 1763 4863 custo—
1866 4821 2042 4861 nonne
2068 4819 2132 4859 ex
2157 4804 2555 4872 comparatione
2573 4802 2777 4871 iudicat
2803 4819 2921 4856 eum
2969 4805 3058 4872 qui
3092 4803 3261 4859 ﬁdelis
3302 4808 3431 4862 dici-

192 4900 311 4954 dire
344 4892 413 4952 εἰι
452 4898 650 4969 legem;
681 4914 851 4967 neque
880 4898 1021 4952 enim
1070 4899 1122 4952 in
1164 4915 1227 4953 eo
1271 4897 1529 4968 perfectio
1561 4909 1663 4965 est,
1715 4901 1758 4954 si
1864 4905 1948 4950 tur
1973 4906 2025 4950 et
2053 4905 2317 4964 praecepta
2343 4910 2446 4947 non
2475 4902 2651 4947 servat
2678 4906 2741 4945 ac
2766 4893 2931 4961 legem
2960 4892 3160 4947 Christi
3186 4902 3241 4949 et
3284 4912 3435 4950 man-

192 4998 437 5044 cessetur
458 5004 486 5041 a
515 4988 689 5059 malis,
719 4990 811 5044 sed
842 4991 893 5046 in
922 5005 985 5043 eo
1014 4991 1057 5043 si
1092 4999 1316 5060 agantur
1346 4990 1505 5051 bona.
1533 4991 1671 5045 sicut
1704 4991 1756 5043 in
1864 4988 1985 5041 data
2021 4984 2350 5039 contemnit?
2379 4984 2614 5051 Denique
2640 4992 2696 5037 et
2738 4984 2849 5052 ipse
2880 4982 3143 5041 Dominus
3174 4985 3385 5040 dicebat
3414 5006 3426 5040 :

192 5078 410 5133 Psalmo
428 5072 727 5133 evidentius
750 5080 1121 5148 perducemur,
1141 5096 1261 5133 cum
1285 5080 1481 5134 dicitur
1506 5099 1517 5133 :
1545 5081 1760 5134 Declina
1871 5076 2066 5146 Regina
2092 5076 2269 5129 Austri
2298 5084 2466 5144 surget
2500 5076 2553 5128 in
2578 5076 2784 5143 judicio
2813 5092 2928 5128 cum
2953 5076 3280 5145 generatione
3310 5080 3427 5145 hac,

192 5188 229 5223 α
262 5170 515 5236 ηιηιο;,ει
542 5164 643 5223 non
672 5171 759 5225 hic
800 5164 967 5234 stetit,
1002 5171 1093 5225 sed
1118 5170 1343 5234 addidit,
1379 5180 1426 5223 et
1461 5170 1545 5238 [ac
1572 5170 1760 5224 bonum

196 5257 371 5330 (Psal.
398 5260 599 5329 xxxvi).
634 5259 891 5316 Similiter
917 5275 1045 5333 ergo
1071 5269 1123 5314 et
1152 5258 1455 5330 Apostolus,
1488 5268 1669 5328 utpote
1708 5261 1757 5317 ir

194 5350 284 5405 his
310 5349 569 5413 imbutus,
598 5352 672 5405 ita
698 5352 909 5405 demunt
944 5349 1078 5404 dicit
1106 5350 1357 5421 prodesse
1396 5351 1730 5404 circumcisio

192 5454 321 5495 uetn
366 5451 420 5494 ει
447 5441 799 5510 abjectionem
849 5441 1129 5507 malorum,
1182 5443 1227 5496 si
1276 5442 1544 5497 custodias
1591 5441 1762 5512 legem

192 5527 488 5605 bonorum;
526 5546 697 5601 neque
740 5532 880 5585 enim
913 5532 1178 5599 perlectus
1206 5533 1325 5599 quis
1351 5547 1469 5585 esse
1496 5540 1668 5599 potest
1712 5532 1757 5584 si

193 5620 333 5678 nihil
363 5622 531 5692 egerit
559 5622 703 5686 mali,
732 5622 823 5675 sed
852 5623 896 5676 si
924 5622 1123 5691 aliquid
1150 5624 1319 5694 egerit
1362 5622 1503 5676 boni.
1530 5620 1679 5675 Unde
1703 5629 1758 5675 et

194 5711 314 5783 ipsa
352 5711 709 5775 circumcisio,
737 5728 853 5780 qua:
904 5711 1064 5765 ﬁebat
1098 5713 1150 5766 in
1178 5728 1357 5774 carne,
1408 5726 1511 5765 non
1551 5712 1757 5795 absque

196 5804 357 5879 hujus
385 5803 747 5873 intelligentia:
773 5819 930 5872 quam
977 5820 1119 5859 nunc
1145 5805 1459 5874 exponimus
1490 5802 1756 5870 signiﬁca-

1867 5177 1912 5219 et
1940 5165 2295 5219 condemnabit
2326 5181 2459 5227 eam,
2483 5165 2605 5231 quia
2636 5164 2766 5217 venit
2795 5181 2826 5216 a
2853 5162 3043 5231 ﬁnibus
3071 5172 3220 5218 terra:
3248 5167 3431 5221 audire

1866 5257 2171 5326 sapientiam
2201 5252 2492 5307 Salomonis
2527 5252 2739 5324 (Matth.
2772 5255 2889 5325 xu).

1939 5347 2059 5399 Non
2102 5347 2235 5399 enim
2266 5347 2355 5415 qui
2386 5345 2438 5397 in
2465 5345 2736 5413 manifesto
2761 5344 2978 5398 Judteus
3005 5355 3101 5410 est,
3134 5362 3294 5417 neque
3317 5366 3431 5417 qua:

1867 5437 2039 5506 palam
2060 5439 2112 5489 in
2133 5453 2287 5489 carne
2309 5436 2649 5498 circumcisio,
2673 5436 2761 5487 sed
2786 5437 2873 5505 qui
2898 5438 2952 5489 in
2979 5426 3178 5491 occulto
3213 5439 3430 5493 Judteus

1867 5536 1962 5590 est,
1992 5538 2038 5580 et
2062 5527 2387 5580 circumcisio
2412 5527 2580 5579 cordis
2610 5541 2663 5577 tn
2690 5526 2893 5593 spiritu,
2921 5542 3022 5579 non
3059 5526 3246 5589 littera,
3281 5528 3430 5597 cujus

1866 5615 1979 5669 laus
2006 5633 2107 5669 non
2144 5631 2209 5669 ea:
2247 5615 2558 5677 hominibus,
2602 5614 2691 5667 sed
2719 5630 2784 5667 ex
2814 5615 2919 5669 Deo
2944 5624 3037 5669 est.
3070 5616 3251 5687 (Aug.)
3281 5617 3430 5683 Quod

1866 5718 2043 5762 autem
2078 5708 2226 5771 dicit,
2273 5706 2477 5776 spiritu,
2509 5722 2608 5758 non
2646 5705 2837 5770 littera,
2870 5706 2970 5761 hoc
3021 5714 3104 5761 est
3149 5714 3205 5760 ut
3238 5716 3429 5761 saeuu-

1865 5802 1988 5855 dum
2017 5782 2283 5871 Spiritum,
2309 5813 2415 5851 non
2437 5798 2728 5853 secundum
2754 5797 2894 5866 quod
2925 5798 3087 5852 habet
3119 5797 3314 5863 littera,
3339 5796 3421 5867 lex
