3960 6332
550 418 690 477 132⁸1

1188 418 1249 472 Β.
1292 419 1543 474 RABANI
1584 420 1801 478 MAUlll
1838 419 2159 477 ARCHIEP.
2200 418 2511 476 MOGUNT.
2551 418 2835 477 OPERUM
2874 419 3052 478 PARS
3088 422 3175 477 Ill.

3688 425 3817 480 1398

549 533 903 607 intelligatur,
938 536 1082 604 quod
1108 537 1370 607 contingit
1402 537 1509 591 illis
1543 538 1633 607 qui
1662 537 2129 593 circumcisionem
2157 540 2209 600 Α
2234 535 2327 590 sed
2354 536 2560 605 eloquia
2599 537 2718 591 Dei.
2750 537 2903 593 Unde
2936 537 3023 591 via
3063 538 3219 591 nobis
3255 537 3419 590 datur
3464 536 3813 607 intelligendi,

548 625 723 696 magis
746 622 1033 678 carnaliter
1059 639 1221 693 quam
1262 626 1577 694 spiritaliter
1595 634 1949 695 acceperunt;
1992 626 2133 694 quod

549 724 733 770 autem
776 714 926 776 dicit,
974 715 1126 785 cujus
1175 714 1291 769 laus
1338 733 1443 769 non
1484 732 1548 771 ex
1584 717 1896 781 hominibus,
1937 717 2026 769 sed
2071 731 2135 769 ex

547 804 683 871 Deo,
713 803 788 858 illi
820 805 1069 860 convenit
1122 806 1265 874 quod
1314 814 1407 871 ait,
1449 807 1540 877 qui
1570 808 1641 861 in
1686 816 1879 861 secreto
1910 806 2133 860 Juda’us

545 906 640 951 est.
677 896 909 971 (Amhr.)
932 896 1047 952 Non
1074 906 1157 952 est
1181 899 1490 971 obscurum,
1521 901 1648 969 quia
1670 898 2133 954 circumcisionein

546 990 729 1046 carnis
766 998 926 1062 negat
961 990 1174 1046 laudem
1213 992 1415 1046 habere
1454 992 1594 1061 apud
1631 993 1797 1048 Deum
1842 992 1962 1061 (nec
1987 993 2133 1046 enim

544 1080 819 1135 Abraham
849 1081 970 1137 ideo
992 1080 1319 1149 jnstiﬁcatus
1355 1089 1456 1144 est,
1481 1081 1607 1149 quia
1650 1081 2001 1137 circumcisus
2028 1090 2130 1146 est,

544 1172 638 1227 sed
676 1173 803 1242 quia
834 1172 1065 1228 credidit
1088 1172 1414 1243 justiﬁcatus
1443 1182 1544 1237 est,
1574 1182 1761 1241 postea
1806 1183 1985 1228 autem
2026 1173 2135 1227 cir-

544 1262 815 1317 cumcisus
836 1260 961 1332 est),
994 1262 1170 1316 cordis
1192 1269 1371 1315 autem
1401 1262 1867 1317 circumcisionem
1890 1263 2132 1317 laudabi-

540 1354 649 1409 lem
688 1370 809 1409 esse
848 1354 989 1423 apud
1031 1354 1221 1408 Deum.
1260 1354 1660 1410 Circumcidere
1686 1360 1831 1410 enim
1872 1371 1985 1420 cor,
2017 1371 2132 1411 am-

538 1453 725 1514 putato
751 1458 958 1509 errore,
980 1459 1277 1514 agnoscere
1304 1452 1387 1499 est
1415 1444 1763 1507 Creatorem;
1790 1453 1845 1499 et
1872 1445 1997 1515 quia
2025 1445 2131 1499 cir-

537 1535 801 1591 cumcisio
844 1535 1023 1590 cordis
1079 1535 1265 1589 futura
1306 1538 1453 1601 erat,
1501 1536 1709 1605 primus
1752 1535 1961 1606 Moyses
2006 1536 2124 1588 ait:

538 1624 910 1681 Circumcidite
934 1627 1183 1681 duritiam
1213 1629 1387 1682 cordis
1408 1629 1561 1681 vestri
1587 1626 1764 1698 (Deut.
1789 1628 1874 1699 x);
1904 1635 1959 1681 et
1981 1626 2129 1682 Jere-

537 1731 680 1770 nnas
702 1715 986 1770 similiter:
1021 1716 1390 1769 Circumcidile
1413 1718 1722 1786 praeputium
1762 1717 1934 1771 cordis
1976 1717 2127 1772 vestri

538 1803 673 1879 (Jer.
708 1804 805 1877 1v).
837 1804 950 1861 Hoc
996 1806 1125 1861 dicit
1150 1805 1350 1862 Judteis
1377 1808 1515 1863 idola
1555 1809 1943 1877 sequentibus;
1982 1809 2125 1861 vela-

2233 628 2377 695 quod
2407 628 2491 682 his
2524 630 2615 699 qui
2656 629 2839 700 legunt
2872 638 2927 685 et
2978 646 3085 685 non
3114 630 3440 701 intelligunt,
3472 641 3529 685 et
3564 631 3816 701 leguntet

2234 733 2341 771 non
2374 720 2629 786 credunt,
2679 720 2859 774 littera
2890 730 3001 775 sota
3034 722 3105 773 sit
3133 722 3337 775 credita
3372 722 3483 785 illa,
3523 722 3588 777 de
3612 739 3714 793 qua
3735 723 3815 777 di-

2234 807 2631 877 citApostolus,
2654 810 2778 878 quia
2802 809 2975 863 littera
2995 810 3182 863 occidit
3198 808 3280 880 (II
3302 810 3427 863 Cor.
3460 815 3578 882 in);
3606 814 3813 885 eloquia

2233 904 2414 951 autem
2439 897 2533 952 Dei
2559 897 2663 952 illis
2692 898 2799 952 sint
2831 898 3059 961 credita,
3099 898 3191 967 qui
3230 898 3595 969 intelligentes
3619 911 3673 955 et
3700 918 3814 957 cre-

2234 992 2422 1046 dentes
2442 992 2528 1045 his
2551 1006 2670 1061 qua:
2689 991 2899 1062 Moyses
2922 992 3161 1062 scripsit,
3187 993 3414 1047 credunt
3441 1003 3494 1047 et
3517 994 3730 1049 Christo
3749 997 3815 1050 si-

2234 1092 2329 1137 cut
2368 1092 2423 1137 et
2470 1084 2726 1137 Dominus
2760 1082 2928 1135 dicit:
2962 1083 3115 1147 Quod
3146 1084 3192 1135 si
3230 1082 3583 1137 credidissetis
3626 1094 3672 1136 et
3718 1084 3812 1152 ipsi

2234 1171 2426 1243 Moysi,
2451 1172 2727 1226 crederetis
2750 1172 2928 1241 utique
2948 1180 2995 1223 et
3020 1172 3152 1223 mihi
3177 1188 3193 1223 :
3217 1171 3280 1223 de
3302 1188 3385 1224 me
3413 1172 3552 1224 enim
3578 1172 3665 1224 ille
3689 1173 3812 1223 scri-

2231 1263 2330 1332 psit
2375 1262 2554 1334 (Joan.
2600 1262 2674 1332 v).
2722 1260 2825 1315 Sed
2861 1270 2977 1316 esto
3008 1260 3208 1315 habeat
3240 1260 3473 1331 amplius
3509 1261 3728 1314 Judzeus
3762 1262 3811 1315 in

2232 1351 2449 1415 litteris,
2477 1352 2675 1407 habeat
2695 1351 2874 1421 aliqua
2900 1352 2955 1406 in
2985 1351 3217 1421 eloquiis
3242 1350 3357 1405 Dei.
3388 1350 3639 1420 Nunquid
3667 1353 3814 1421 peni-

2232 1450 2319 1495 tus
2340 1441 2698 1511 reliquerunt,
2728 1441 2782 1495 hi
2806 1442 2897 1511 qui
2921 1456 2989 1496 ex
3028 1443 3276 1510 gentibus
3297 1442 3523 1497 veniunt
3556 1446 3625 1496 ad
3656 1442 3812 1496 Chri-

2231 1541 2397 1598 stum,
2441 1550 2508 1587 an
2547 1543 2601 1587 et
2637 1533 2767 1603 ipsis
2796 1543 2881 1588 est
2913 1534 3003 1588 ubi
3035 1534 3283 1588 habitant
3309 1534 3514 1602 aliquid
3553 1535 3814 1604 amplius?

2229 1624 2369 1678 Audi
2395 1624 2679 1678 Dominum
2702 1624 2969 1679 dicentem
2992 1626 3059 1679 ad
3082 1625 3455 1679 centurionem
3482 1641 3549 1679 ex
3569 1625 3814 1693 gentibus

2231 1716 2539 1770 credentem
2573 1735 2584 1769 :
2616 1718 2777 1770 Amen
2809 1717 2925 1769 dico
2950 1716 3111 1781 vobis,
3144 1716 3269 1785 quia
3294 1733 3386 1769 nec
3406 1718 3460 1769 in
3500 1716 3671 1771 Israel
3696 1727 3812 1769 tau-

2233 1818 2337 1861 tam
2382 1809 2538 1877 ﬁdem
2578 1810 2749 1864 inveni
2794 1808 2945 1873 (Luc.
2983 1808 3123 1879 vin).
3164 1808 3293 1863 Vide
3321 1821 3450 1879 ergo
3478 1810 3570 1864 ubi
3604 1811 3812 1863 venitur

537 1909 662 1949 men
697 1902 782 1948 est
824 1895 968 1949 enim
998 1895 1141 1949 circa
1168 1910 1281 1961 cor,
1331 1897 1475 1966 quod
1517 1912 1811 1952 conversus
1852 1898 1919 1951 ad
1951 1897 2131 1952 Domi-
2157 1894 2204 1954 B
2234 1900 2302 1951 ad
2332 1897 2513 1961 ﬁdem,
2544 1908 2804 1967 quantum
2844 1900 3072 1968 amplius
3102 1898 3337 1954 habeant
3359 1910 3567 1970 gentes,
3607 1902 3675 1955 de
3694 1901 3809 1969 qui-

537 2003 667 2041 num
702 1988 1071 2053 circumcidet,
1103 1989 1229 2057 quia
1258 1988 1389 2043 ﬁdes
1417 1990 1591 2043 aufert
1627 1989 1878 2045 nebulam
1903 1990 2125 2051 erroris,

536 2088 592 2134 et
643 2079 830 2133 tribuit
878 2079 1173 2149 perfectam
1219 2079 1314 2133 Dei
1361 2080 1720 2149 cognitionem
1767 2080 1822 2133 in
1872 2078 2128 2150 mysterio

536 2180 740 2226 sancta:
770 2170 1068 2233 Trinitatis,
1108 2173 1251 2241 quod
1298 2172 1631 2241 incognitum
1665 2179 1784 2225 erat
1827 2186 1857 2223 a
1896 2169 2124 2225 saeculis.

533 2262 708 2331 Hujus
732 2279 862 2335 ergo
900 2264 1332 2319 circumcisionis
1369 2263 1487 2317 laus
1523 2279 1589 2318 ex
1625 2263 1736 2318 Deo
1780 2272 1885 2327 est,
1917 2262 2126 2319 occulta

534 2353 876 2420 hominibus;
902 2355 1081 2409 cordis
1107 2356 1250 2409 enim
1278 2356 1556 2419 meritum,
1582 2355 1723 2425 quod
1752 2354 1943 2423 aspicit
1960 2355 2122 2418 Deus,

531 2460 641 2499 non
676 2446 875 2499 carnis.
907 2444 1041 2499 Nam
1070 2445 1375 2501 Judaaornm
1412 2445 1529 2499 laus
1560 2462 1627 2499 ex
1659 2445 1965 2499 hominibus
1992 2454 2076 2499 est
2107 2461 2120 2497 :

532 2534 833 2603 gloriantur
858 2536 1001 2589 enim
1026 2535 1080 2589 in
1109 2533 1289 2590 carnis
1313 2536 1748 2599 circumcisione,
1777 2536 1918 2605 quod
1942 2549 2008 2588 ex
2034 2550 2127 2605 pa-

532 2625 709 2679 tribus
738 2627 837 2691 sit;
870 2626 1014 2680 unde
1044 2627 1185 2681 inter
1205 2636 1397 2681 caetera
1427 2627 1501 2679 ait
1527 2644 1539 2679 :
1567 2626 1634 2678 Et
1660 2626 1829 2694 gloria
1850 2626 1905 2677 in
1925 2627 2125 2693 puden-

533 2716 617 2771 dis
646 2733 826 2770 eorum
853 2719 942 2787 qui
968 2728 1171 2772 terrena
1197 2719 1403 2787 sapiunt
1431 2717 1597 2788 (Phil.
1626 2718 1732 2788 in),
1763 2718 1864 2771 hoc
1892 2726 2006 2781 est,
2031 2717 2122 2785 qui

531 2808 998 2862 circumcisionem
1022 2809 1202 2863 carnis
1228 2808 1450 2877 gloriam
1478 2817 1669 2877 putant
1695 2827 1707 2860 :
1736 2817 1948 2861 terrena
1976 2806 2122 2861 enim

532 2900 675 2968 sapit
704 2900 795 2967 qui
824 2899 877 2953 in
909 2914 1074 2953 carne
1103 2899 1392 2967 gloriatur;
1424 2898 1516 2967 qui
1546 2913 1678 2952 vero
1702 2898 1754 2951 in
1780 2897 1971 2967 spiritu
2003 2896 2121 2967 glo-

448 3062 451 3067 ν
530 2991 723 3055 riatur,
776 2987 935 3057 hujus
986 2989 1099 3043 laus
1152 3004 1219 3043 ex
1272 2989 1382 3043 Deo
1429 2997 1545 3055 est;
1579 2988 1767 3059 spiritu
1813 2988 1957 3042 enim
2012 3001 2120 3041 non

532 3096 699 3135 carne
727 3080 985 3135 creditur.

1154 3171 1383 3227 CAPUT
1410 3171 1475 3225 IlI

528 3291 769 3348 Ostendit
820 3290 876 3341 in
924 3304 1025 3358 quo
1073 3287 1252 3358 Judaei
1299 3295 1464 3358 erant_
1496 3286 1771 3358 gentilibus
1835 3285 2113 3358 meliores,

598 3362 825 3433 probans
858 3354 965 3412 tam
999 3357 1212 3422 qentiles
1237 3372 1396 3426 quam
1428 3354 1646 3410 Judteos
1678 3358 1909 3425 indigere
1944 3356 2116 3425 gratia

601 3430 819 3484 Christi.

603 3542 743 3607 Quid
776 3541 913 3594 enim
937 3538 1161 3608 amplius
1191 3547 1263 3591 est
1284 3536 1499 3602 Judwo,
1526 3546 1615 3590 aut
1642 3553 1757 3607 qua:
1786 3535 1984 3590 utilitas
2008 3537 2113 3588 cir-

529 3632 896 3688 cumcisionis?
947 3629 1175 3684 Multum
1214 3645 1307 3699 per
1347 3644 1551 3681 onmem
1598 3630 1832 3682 modum.
1872 3624 2113 3679 Primum

527 3725 738 3795 quidem
778 3723 900 3792 quia
932 3722 1132 3775 credita
1174 3732 1293 3774 sunt
1336 3719 1442 3773 illis
1482 3719 1686 3788 eloquia
1717 3718 1834 3771 Dei.
1879 3718 2114 3790 (Amhr.)

534 3817 669 3883 Quia
697 3831 818 3869 cum
851 3814 1017 3867 multa
1050 3813 1159 3866 sint
1187 3826 1308 3881 qua:
1333 3811 1399 3864 ad
1427 3810 1893 3864 honoriﬁcentiam
1924 3816 1977 3863 et
2009 3824 2119 3862 me-

534 3910 698 3963 ritum
730 3907 1035 3977 pertineant
1067 3905 1286 3959 seminis
1314 3903 1564 3967 Abrahae,
1600 3903 1703 3956 hoc
1736 3914 1914 3955 tamen
1942 3901 2115 3954 solum

531 4008 719 4071 aperte
748 4006 1032 4061 memorat,
1061 3998 1185 4066 quia
1224 3994 1475 4049 maximae
1510 3993 1682 4047 laudis
1708 4008 1894 4047 eorum
1921 3999 2023 4057 est,
2056 3999 2116 4044 ut

530 4094 700 4162 legem
728 4106 824 4160 per
868 4103 1032 4157 quam
1060 4086 1400 4140 addiscerent
1438 4092 1643 4139 rectum
1673 4100 1702 4137 a
1725 4098 1983 4151 perverso
2013 4082 2117 4136 dis-

533 4184 799 4252 tinguere,
837 4178 995 4247 digni-
1022 4176 1399 4243 iudicarentur
1435 4175 1697 4243 accipere,
1741 4182 1799 4225 ut
1834 4182 1958 4243 post
2012 4176 2133 4226 hoc

530 4268 763 4342 primum
778 4278 974 4323 caetera
998 4265 1175 4335 qualia
1200 4266 1325 4328 sint,
1345 4263 1551 4334 possint
1577 4262 1823 4332 intelligi.
1849 4261 2113 4327 Quoniam

531 4371 711 4415 autem
760 4358 958 4413 Judazis
1008 4356 1334 4419 carnalibus,
1389 4354 1440 4409 id
1486 4363 1569 4409 est
1618 4354 1930 4417 incredulis,
1979 4352 2114 4407 nihil

529 4453 794 4525 proﬁcere
840 4451 1205 4506 testiinonium
1238 4448 1450 4516 generis
1487 4450 1746 4513 ostendit,
1792 4464 1859 4502 ne
1901 4464 2110 4513 omnes,

527 4545 582 4598 id
608 4551 719 4607 est,
764 4550 817 4594 ct
847 4540 1129 4594 credentes
1171 4539 1307 4592 male
1340 4546 1605 4592 tractasse
1629 4539 1921 4603 videretur,
1955 4539 2112 4592 docet

527 4633 757 4688 multum
780 4631 909 4683 utile
935 4645 1055 4684 esse
1090 4628 1287 4683 Judzeis
1309 4629 1653 4683 credentibus
1670 4669 1683 4691 ,
1709 4630 1833 4698 quia
1866 4628 1960 4682 ﬁlii
1985 4637 2110 4682 sunt

529 4724 781 4779 Abrabze.
820 4722 915 4775 His
937 4721 1076 4775 enim
1112 4720 1321 4789 eloquia
1342 4722 1435 4775 Dei
1475 4731 1599 4775 sunt
1625 4722 1848 4785 credita,
1877 4723 2002 4776 dum
2028 4723 2106 4777 le-

529 4832 669 4887 gem,
702 4831 820 4884 qnm
851 4814 1090 4883 peccatis
1128 4812 1402 4865 hominum
1435 4814 1793 4879 obsoleverat,
1828 4816 1982 4883 quasi
2010 4816 2107 4868 im-

528 4922 669 4977 pune
695 4913 1013 4974 peccaretur
1041 4904 1180 4972 apud
1226 4902 1416 4965 Deum,
1448 4904 1639 4955 merito
1673 4914 1884 4972 patrum
1933 4905 2105 4958 refor—

530 5005 729 5052 matam
757 4996 1045 5064 accipiunt,
1075 5003 1129 5047 et
1156 4994 1382 5062 populus
1408 4993 1500 5047 Dei
1532 5004 1805 5048 vocantur.
1840 4994 2107 5066 zEgyptus

532 5100 745 5156 quoque
769 5093 988 5154 propter
1023 5083 1246 5151 injurias
1278 5083 1486 5137 illorum
1527 5084 1751 5138 diversis
1780 5086 1950 5155 plagis
1983 5102 2108 5155 per-

530 5179 752 5241 cutitur,
806 5176 1014 5230 caelesti
1061 5190 1198 5245 pane
1245 5175 1513 5239 cibantur,
1562 5176 1812 5230 omnibus
1860 5180 2108 5246 gentibus

530 5269 725 5324 terrori
776 5275 921 5329 sunt,
972 5274 1201 5319 testante
1248 5265 1349 5317 hoc
1380 5264 1529 5319 Raab
1570 5267 2109 5337 meretricezquibus

530 5361 695 5415 etiam
744 5357 991 5410 Salvator
1033 5354 1279 5409 Christus
1334 5355 1399 5407 ad
1456 5357 1937 5414 sanctificationem
1982 5378 2107 5431 pro-

530 5448 732 5503 missus
760 5453 859 5498 est.
890 5445 1012 5498 ldco
1041 5446 1135 5508 ait,
1166 5448 1391 5495 multum
1417 5444 1546 5497 utile
1569 5444 1764 5501 Judzeis
1787 5467 1880 5517 per
1903 5468 2103 5506 omnem

528 5537 767 5597 modum,
798 5535 918 5602 quia
948 5534 1038 5585 ﬁlii
1088 5543 1208 5585 sunt
1232 5532 1459 5587 Abraluc
1493 5552 1503 5586 :
1531 5546 1930 5603 anteponuntur
1959 5543 2105 5595 enim

534 5626 801 5698 gentibus,
832 5625 924 5678 scd
965 5624 1007 5677 si
1050 5622 1293 5675 credunt.
1334 5622 1529 5693 (Θήῃ.)
1568 5624 1753 5679 Sedet
1788 5631 1887 5683 hoc
1933 5632 2103 5701 ipsum

533 5715 678 5785 quod
719 5714 868 5777 dicit,
892 5714 1015 5783 quia
1050 5712 1247 5765 credita
1280 5723 1398 5765 sunt
1424 5715 1525 5768 illis
1546 5717 1749 5787 eloquia
1784 5720 1898 5785 Dei,
1926 5726 2101 5778 consi-

538 5802 831 5859 derandum
859 5811 941 5857 cst
964 5804 1088 5870 quia
1111 5818 1220 5857 non
1242 5803 1451 5857 dixerat
1476 5804 1679 5862 litteras
1704 5826 1821 5865 esse.
1846 5814 2101 5877 creditas,

2229 1989 2330 2043 bus
2350 1988 2455 2043 alio
2479 1989 2597 2044 loco
2622 1990 2881 2046 Dominus
2909 1992 3037 2046 dicit
3063 2010 3074 2044 :
3113 1991 3252 2057 Quia
3280 1995 3478 2047 venient
3503 1995 3567 2047 ab
3596 1994 3811 2056 oriente,

2228 2088 2275 2132 et
2306 2080 2603 2145 occidente,
2634 2090 2681 2133 et
2716 2098 2747 2133 a
2776 2091 3004 2151 quatuor
3040 2086 3199 2136 ventis
3224 2092 3395 2147 terra',
3434 2096 3479 2137 et
3520 2085 3810 2138 recumbent

2228 2184 2346 2222 cum
2382 2166 2669 2235 Abraham,
2697 2180 2744 2224 et
2788 2170 2966 2237 Isaac,
3009 2184 3057 2227 et
3081 2172 3249 2226 Jacob
3278 2175 3330 2226 in
3366 2192 3525 2244 regno
3550 2175 3681 2237 Dei;
3717 2176 3813 2243 ﬁlii

2229 2271 2402 2313 autem
2434 2263 2577 2330 regni
2607 2262 2883 2330 ejicientur
2917 2264 2972 2316 in
3013 2256 3251 2318 tenebras
3282 2267 3568 2318 exteriores
3595 2266 3809 2337 (Matth.

2226 2351 2323 2417 vi).
2376 2351 2475 2407 Ubi
2524 2366 2653 2423 ergo
2689 2353 2756 2406 ad
2814 2353 2959 2424 leges
2985 2356 3205 2408 venitur
3237 2365 3293 2409 et
3341 2356 3571 2419 litteras,
3616 2357 3812 2412 habent

2225 2440 2397 2496 Judazi
2446 2441 2676 2512 amplius
2729 2442 2957 2496 multum
3005 2459 3104 2512 per
3146 2458 3363 2498 omnem
3414 2444 3635 2497 modum
3674 2464 3686 2497 :
3724 2446 3807 2499 ubi

2225 2546 2356 2586 vero
2385 2532 2601 2586 venitur
2630 2533 2697 2587 ad
2733 2532 2913 2597 ﬁdem,
2936 2542 2996 2587 ut
3020 2549 3087 2589 ex
3114 2537 3521 2604 comparatione
3560 2537 3804 2599 dixerim,

2226 2621 2427 2676 habent
2460 2622 2690 2690 amplius
2718 2632 2903 2693 gentes
2959 2624 3185 2679 multum
3213 2640 3308 2694 per
3329 2641 3547 2680 omnem
3571 2629 3802 2682 modum.

2226 2712 2630 2781 Requirendum
2653 2730 2785 2769 sane
2807 2724 2911 2780 est,
2944 2716 2989 2769 si
3019 2716 3181 2769 etiam
3204 2715 3498 2771 Samaritis
3524 2718 3804 2772 dicendum

2226 2811 2310 2857 est
2330 2804 2522 2872 primis
2547 2804 2751 2859 credita
2780 2819 2901 2860 esse
2922 2804 3135 2875 eloquia
3161 2806 3275 2870 Dei,
3304 2808 3563 2876 quoniam
3594 2808 3803 2876 quidem

2224 2894 2387 2948 etiam
2418 2895 2558 2963 apud
2588 2895 2731 2964 ipsos
2764 2894 2849 2948 lex
2879 2895 3048 2965 Moysi
3081 2898 3287 2950 servari
3315 2898 3549 2951 videtur.
3578 2897 3684 2951 Sed
3706 2897 3803 2950 illis

2224 2998 2325 3055 ego
2348 2999 2415 3038 ne
2444 2984 2613 3054 ipsam
2642 2986 2859 3054 quidem
2884 2985 3146 3052 litteram,
3175 3002 3294 3055 qua:
3314 2988 3567 3043 occidere
3589 2988 3799 3048 dicitur,

2223 3076 2484 3130 creditam
2516 3076 2776 3140 dixerim,
2817 3077 2948 3131 dicit
2975 3077 3119 3132 enim
3160 3078 3227 3132 de
3257 3079 3337 3132 eis
3370 3078 3636 3149 propheta
3668 3097 3680 3130 :
3716 3077 3801 3131 να»

2222 3166 2303 3219 his
2337 3166 2427 3237 qui
2455 3177 2704 3237 spernunt
2730 3176 2956 3221 montem
2990 3167 3144 3231 Sion,
3172 3177 3219 3221 et
3255 3170 3528 3237 conﬁdunt
3562 3172 3617 3222 in
3639 3180 3801 3223 monte

2143 3224 2188 3285 C
2224 3224 2493 3315 Samaria;
2517 3258 2696 3331 (Amos
2728 3258 2824 3331 vi).
2856 3258 2962 3328 lpsi
3002 3224 3199 3329 quippe
3226 3276 3284 3315 se
3318 3224 3526 3315 alienos
3556 3278 3586 3314 a
3615 3261 3805 3315 litteris

2220 3349 2315 3403 Dei
2348 3349 2556 3404 faciunt
2594 3349 2940 3418 repudiantes
2969 3351 3282 3419 prophetas.
3316 3350 3424 3406 Sed
3450 3363 3508 3407 et
3544 3354 3805 3407 haereticis

2220 3440 2312 3509 qui
2359 3440 2699 3508 iniquitatem
2729 3439 3025 3508 loquuntur
3061 3442 3115 3494 in
3158 3442 3453 3507 excelsum,
3488 3452 3543 3498 et
3572 3446 3664 3512 qui
3704 3444 3805 3497 im-

2216 3532 2418 3601 pietate
2450 3546 2546 3585 sua
2576 3529 2823 3585 dividunt
2850 3531 3112 3585 unitatem
3144 3532 3395 3599 deitatis,
3426 3543 3483 3588 et
3515 3536 3607 3604 qui
3638 3534 3806 3604 legem

2219 3623 2287 3677 ab
2322 3620 2630 3690 Evangeliis
2652 3631 2948 3689 separant,
3007 3638 3114 3676 non
3162 3624 3391 3679 dixerim
3440 3627 3645 3680 credita
3688 3642 3805 3681 esse

2218 3710 2428 3778 eloquia
2468 3709 2586 3773 Dei,
2610 3724 2708 3777 pro
2747 3724 2811 3763 eo
2840 3710 2982 3778 quod
3015 3712 3197 3764 divina
3228 3712 3368 3780 apud
3397 3727 3491 3766 eos
3534 3713 3805 3767 volumina

2218 3800 2385 3869 relegi
2416 3798 2685 3852 videntur.
2720 3797 2826 3852 Sed
2854 3800 2978 3867 quia
3008 3799 3142 3851 nihil
3172 3799 3224 3852 in
3262 3800 3345 3854 bis
3376 3804 3623 3856 sentiunt
3649 3805 3805 3872 spiri-

2219 3893 2347 3956 tale,
2373 3892 2508 3945 nihil
2544 3889 2653 3943 Deo
2683 3890 2933 3959 dignum,
2966 3890 3135 3945 solam
3162 3890 3301 3961 apud
3326 3908 3421 3947 eos
3456 3910 3577 3962 qua:
3609 3896 3807 3950 occidit

2218 3982 2406 4037 haberi
2454 3962 2689 4036 litteram
2722 3980 2973 4035 dixerim.
3010 3980 3206 4034 Verum
3238 3983 3283 4036 si
3316 3984 3457 4037 forte
3481 3982 3657 4039 Judmi
3688 3986 3803 4039 nol-

2219 4077 2332 4130 lent
2370 4075 2614 4145 recipere
2639 4073 2882 4145 Apostoli
2940 4074 3115 4129 nostri
3150 4076 3477 4130 sententiam
3510 4117 3525 4141 ,
3564 4092 3685 4147 qua:
3724 4080 3801 4131 di-

2219 4170 2293 4223 cit
2320 4166 2446 4236 quia
2485 4166 2663 4219 littera
2693 4164 2826 4235 legis
2852 4164 3073 4228 occidit,
3112 4172 3167 4219 et
3199 4163 3451 4233 iniuriam
3481 4176 3680 4236 putant
3705 4168 3801 4233 legi

2217 4262 2355 4327 ﬁeri,
2385 4263 2430 4317 si
2457 4260 2750 4317 secundum
2775 4260 3010 4313 litteram
3041 4262 3222 4329 sperni
3258 4261 3531 4327 videatur,
3565 4275 3797 4343 regem»
3888 4294 3889 4297 η

2216 4368 2338 4407 mur
2378 4352 2446 4405 ad
2476 4351 2650 4419 ipsum
2685 4349 2925 4421 Moysen,
2956 4360 3011 4404 et
3034 4350 3313 4404 videamus
3344 4351 3459 4420 ipse
3486 4368 3657 4422 quam
3697 4369 3800 4407 ma-

2216 4457 2374 4511 gnam
2398 4438 2590 4495 fecerit
2614 4440 2851 4494 litteram
2880 4439 3039 4508 legis,
3065 4440 3155 4509 qui
3183 4455 3303 4495 cum
3328 4444 3636 4511 accepisset
3664 4446 3795 4498 tabu-

2219 4534 2296 4585 las
2340 4533 2599 4602 lapideas,
2646 4532 2934 4599 inscriptas
2964 4532 3132 4601 digito
3164 4531 3283 4596 Dei,
3325 4542 3540 4587 tantum
3584 4536 3796 4589 honoris

2217 4623 2409 4678 detulit
2451 4622 2641 4675 litterm
2686 4621 2839 4691 legis,
2884 4630 2945 4675 ut
2979 4621 3269 4691 projiceret
3307 4622 3371 4676 de
3410 4625 3670 4679 manibus
3698 4629 3794 4680 suis

2214 4716 2445 4780 tabulas,
2482 4722 2535 4771 et
2566 4716 2962 4769 comminueret
2988 4712 3202 4782 quidem
3230 4714 3399 4784 digito
3426 4715 3523 4770 Dei
3547 4718 3790 4787 scriptas,

2212 4823 2313 4863 nec
2342 4815 2549 4861 tantum
2578 4820 2678 4874 pro
2700 4806 2801 4859 hoc
2830 4804 3123 4873 impietatis
3153 4804 3305 4875 culpa
3332 4815 3557 4862 notatus
3589 4810 3680 4861 sit.
3713 4810 3788 4861 Vi-

2214 4901 2309 4954 des
2350 4914 2479 4968 ergo
2517 4900 2660 4967 quod
2698 4902 2804 4951 non
2847 4896 3019 4951 solum
3064 4895 3262 4951 Paulus
3304 4900 3517 4967 spernit
3564 4900 3788 4954 litteram

2214 4991 2368 5060 legis,
2391 4990 2483 5043 sed
2507 4990 2673 5044 multo
2702 5000 2828 5043 ante
2851 5005 2974 5043 eum
3001 4989 3208 5059 Moyses
3231 5000 3285 5044 et
3312 4992 3545 5060 sprevit,
3566 5002 3625 5048 et
3653 4993 3787 5061 abje-

2216 5086 2310 5149 cit,
2334 5093 2387 5137 et
2409 5084 2661 5137 contrivit
2684 5084 2888 5137 litteras
2904 5082 3059 5152 legis,
3081 5083 3183 5137 hoc
3205 5083 3321 5137 sine
3348 5084 3516 5138 dubio
3533 5084 3650 5154 jam
3677 5096 3787 5139 tunc

2213 5174 2534 5241 designans,
2566 5172 2708 5241 quod
2745 5174 2918 5227 honor
2944 5180 2999 5227 et
3040 5173 3214 5227 virtus
3243 5172 3377 5244 legis
3405 5190 3515 5231 non
3556 5188 3695 5232 esset
3742 5180 3785 5231 in

2211 5266 2424 5330 litteris,
2458 5266 2550 5319 sed
2581 5266 2633 5318 in
2662 5263 2871 5333 spiritu.
2899 5261 3007 5318 Sed
3026 5274 3081 5319 et
3111 5264 3369 5319 Dominus
3398 5267 3452 5319 in
3482 5266 3784 5338 Evangelia,

2214 5379 2333 5417 cum
2364 5363 2495 5417 dicit
2521 5361 2587 5414 ad
2614 5360 2828 5415 Judeeos
2854 5358 3078 5427 loquens
3110 5376 3122 5411 :
3153 5359 3436 5427 Auferetur
3471 5380 3504 5414 a
3537 5364 3678 5416 vobis
3718 5383 3775 5416 rc-

2212 5470 2370 5521 gnum
2400 5453 2519 5516 Dei,
2545 5460 2593 5504 et
2622 5450 2833 5503 dabitur
2854 5451 2993 5519 genti
3025 5449 3236 5517 facienti
3262 5451 3467 5519 fructus
3498 5455 3633 5521 ejus,
3668 5467 3782 5525 puto

2213 5544 2354 5612 quod
2384 5558 2599 5597 sensum
2632 5541 2763 5611 legis
2798 5556 3018 5609 regnum
3049 5542 3142 5595 Dei
3187 5542 3404 5606 dixerit,
3449 5546 3541 5612 qui
3582 5546 3781 5599 ablatus

2213 5642 2296 5688 est
2319 5631 2581 5697 aJudaeis,
2606 5630 2947 5686 manentibus
2963 5632 3102 5701 apud
3124 5631 3245 5685 illos
3267 5632 3397 5687 solis
3422 5634 3619 5689 litteris
3640 5637 3775 5705 legis.

2212 5735 2265 5779 et
2300 5728 2455 5779 datus
2483 5734 2566 5779 cst
2596 5724 2843 5795 gentibus
2869 5725 2959 5792 qui
2991 5732 3211 5793 possent
3239 5740 3337 5794 per
3364 5726 3525 5782 ﬁdem
3554 5729 3776 5782 fructum

2212 5815 2430 5885 spiritus
2458 5815 2654 5870 facere.
