3960 6322
218 335 358 392 1329

747 343 1295 407 ENARRATIONUM
1330 352 1398 407 1N
1436 354 1581 409 EPP.
1627 356 1831 413 PAULI
1867 358 1991 414 LIB.
2033 360 2093 413 ll.
2136 391 2203 399 --
2242 359 2308 414 IN
2343 362 2557 419 EPIST.
2599 364 2689 417 AD
2723 364 2889 420 ROM.

3320 373 3340 424 1
3354 372 3456 425 350

442 456 577 549 enim
596 456 640 549 si
661 458 871 525 quidam
894 459 1101 515 illorum
1122 480 1220 517 non
1245 466 1614 522 crediderunt?
1638 468 1790 523 Nun—
1824 473 1870 529 Α
1899 470 2128 524 minibus
2151 472 2375 525 dicitur:
2396 470 2595 527 Fuistis
2611 475 2890 545 aliquando
2913 479 3133 531 tenebrat
3150 478 3360 549 (Ephes.
3386 484 3456 543 v).

211 545 342 615 quid
371 547 709 602 incredulitas
738 550 949 604 illorum
987 553 1147 619 [idem
1176 555 1274 608 Dci
1299 560 1608 613 evacuabit?
1634 561 1787 614 absit.

216 636 455 707 (Ambr.)
498 638 633 706 Non,
664 641 856 711 inquit,
890 645 1014 713 quia
1040 646 1202 714 aliqui
1237 645 1540 704 Iudaeorum
1572 652 1793 706 credere

216 725 509 783 noluerunt
549 747 668 800 quae
705 732 846 788 Deus
873 737 1124 804 promisit
1152 737 1275 791 ﬁliis
1303 739 1553 805 Abrahae,
1590 742 1793 797 idcirco

215 817 651 887 prazjudiczahitur
678 826 887 879 caeteris
919 826 1117 881 Judaeis
1138 830 1361 898 nedigni
1394 831 1795 887 dieanturacci-

215 926 345 979 pere
370 916 513 981 quod
542 915 789 983 promisit
816 917 956 971 Deus
988 918 1254 980 ﬁdelibus,
1281 921 1477 990 quippe
1496 938 1618 976 cum
1652 923 1794 978 facta

217 1004 289 1056 sit
332 1006 640 1073 promissio,
690 1016 749 1061 ut
784 1010 1125 1065 credentibus
1153 1011 1457 1081 proﬁceret.
1499 1013 1665 1083 Igitur
1689 1030 1796 1069 non

217 1094 533 1163 indignatus
562 1098 702 1153 Deus
741 1110 961 1169 propter
1004 1102 1213 1156 illorum
1265 1104 1561 1169 perﬁdiam,
1596 1106 1647 1159 id
1690 1115 1794 1170 est,

214 1183 543 1253 Iudaeorum,
594 1190 741 1245 dabit
773 1192 995 1261 reliquis
1046 1194 1385 1249 credentibus
1436 1196 1602 1250 vitam
1643 1206 1799 1249 teter-

215 1294 366 1343 nam,
424 1297 585 1349 quam
636 1283 883 1351 promisit
930 1282 1162 1337 futuram
1212 1300 1309 1352 per
1360 1286 1516 1339 ﬁdem
1560 1286 1794 1351 Christi;

216 1372 343 1438 quia
375 1373 463 1439 qui
500 1389 605 1428 non
634 1376 996 1437 crediderunt,
1037 1376 1136 1444 ipsi
1166 1392 1223 1430 se
1260 1377 1504 1447 indignos
1534 1378 1797 1443 fecerunt,

217 1465 335 1518 sine
384 1464 698 1533 prmjudicio
738 1475 1071 1520 caeterorum.
1115 1467 1207 1521 His
1252 1469 1407 1523 dictis
1456 1470 1803 1525 commendat

217 1557 505 1610 credentes
548 1556 781 1623 Iudaeos,
825 1558 948 1627 quia
1000 1559 1132 1613 nihil
1164 1561 1316 1615 obest
1361 1561 1446 1623 iis,
1484 1561 1608 1629 quia
1649 1560 1801 1613 multi

214 1661 283 1699 ex
338 1646 442 1701 illis
489 1649 710 1704 credere
752 1651 1062 1713 noluerunt.
1092 1653 1277 1708 Fidem
1306 1655 1401 1709 Dei
1427 1654 1510 1709 vel
1551 1670 1671 1709 eam
1716 1656 1799 1708 in-

215 1739 553 1811 telligimus,
606 1758 765 1812 quam
827 1744 983 1798 ﬁdem
1038 1744 1222 1801 habet,
1261 1746 1400 1805 Deus
1466 1748 1550 1801 bis
1606 1748 1801 1817 quibus

1897 564 2033 619 Ecce
2090 567 2264 619 omnis
2313 566 2472 621 homo
2521 570 2785 635 mendax;
2839 570 2947 643 Deo
2998 581 3176 624 autem
3225 571 3458 625 dicitur:

1897 655 2046 724 Apud
2070 666 2118 709 te
2154 657 2270 725 fons
2303 658 2421 711 rita:
2458 668 2504 711 et
2545 662 2599 713 in
2631 658 2824 731 lumine
2863 670 2950 714 tuo
2976 662 3259 715 videbimus
3291 660 3467 716 lumen

1898 745 2068 815 (Psal.
2112 747 2309 816 xxxv);
2351 757 2405 802 et
2438 749 2561 817 quia
2616 750 2760 805 solus
2809 751 2948 806 Deus
2990 766 3174 817 verax,
3211 752 3466 822 quoniam

1897 836 2036 890 Deus
2063 838 2153 890 lux
2181 848 2254 891 est
2279 848 2324 891 et
2362 840 2582 892 tenebra:
2612 841 2665 893 in
2692 857 2749 893 eo
2774 859 2875 896 non
2897 854 3015 897 sunt
3039 844 3162 897 ulla:
3187 845 3368 915 (Joan.
3388 842 3464 913 t);

1898 925 2140 983 homines
2175 931 2435 993 teuebrze,
2479 930 2621 985 Deus
2650 931 2772 994 lux;
2813 932 2970 987 homo
3010 936 3237 989 mendax
3263 975 3278 999 ,
3327 935 3470 989 Deus

1898 1033 2093 1085 verax;
2128 1021 2342 1089 quando
2374 1021 2478 1075 erit
2524 1023 2686 1077 homo
2707 1037 2895 1087 verax,
2931 1024 3153 1077 accedite
3183 1025 3250 1077 ad
3280 1042 3396 1077 eum
3420 1033 3469 1077 et

1898 1108 2266 1166 illuminamini
2296 1110 2467 1183 (Psat.
2494 1114 2707 1184 xxxm).
2732 1114 2845 1167 Hoc
2867 1129 2995 1183 ergo
3012 1113 3471 1185 VoluitScriptura

1901 1215 2231 1270 monstrare,
2262 1210 2382 1276 quia
2415 1209 2590 1262 omnis
2617 1208 2799 1273 homo,
2826 1224 3047 1279 prorsus
3074 1209 3269 1271 omnis,
3298 1223 3468 1275 quan-

1903 1308 2014 1351 tum
2045 1300 2111 1352 ad
2148 1300 2317 1368 ipsum
2346 1301 2612 1353 hominem
2637 1302 2900 1369 pertinet,
2932 1300 3163 1354 mendax
3190 1310 3303 1363 est;
3348 1314 3473 1352 nam

1901 1407 2006 1446 non
2036 1401 2118 1445 est
2149 1391 2372 1446 mendax
2394 1432 2406 1453 ,
2451 1392 2554 1444 nisi
2592 1392 2657 1443 de
2684 1406 2779 1446 suo
2802 1431 2816 1455 ,
2845 1406 2943 1446 nec
2970 1394 3137 1465 habet
3164 1391 3365 1460 aliquid
3406 1390 3476 1443 de

1902 1502 2025 1557 suo,
2041 1488 2140 1541 nisi
2166 1495 2224 1539 ut
2249 1487 2318 1540 sit
2344 1486 2574 1540 mendax
2600 1500 2614 1539 :
2639 1501 2743 1540 non
2762 1486 2889 1555 quia
2916 1500 3019 1539 non
3040 1494 3218 1554 potest
3242 1500 3360 1539 esse
3385 1498 3476 1537 ve—

1903 1591 1997 1629 rax
2017 1616 2030 1639 ,
2066 1576 2159 1629 sed
2188 1576 2311 1644 quia
2348 1591 2453 1629 non
2479 1576 2541 1630 de
2569 1591 2665 1629 suo
2690 1575 2795 1630 erit
2824 1588 3018 1637 verax,
3058 1573 3177 1627 ideo
3210 1581 3266 1624 ut
3289 1572 3357 1625 sit
3383 1585 3478 1623 ve-

1905 1680 2001 1719 rax
2034 1684 2045 1718 :
2076 1664 2314 1729 Credidi,
2343 1675 2553 1735 propter
2577 1665 2715 1739 quod
2746 1663 2948 1717 locutus
2972 1678 3087 1716 sum
3117 1660 3289 1732 (Psal.
3328 1662 3476 1726 cxv),

1906 1757 2031 1812 tolle
2056 1757 2128 1810 illi
2151 1757 2365 1821 credidi,
2406 1756 2570 1810 omnis
2602 1757 2753 1808 homo
2778 1755 3020 1807 mendax.
3044 1752 3178 1806 Cum
3203 1752 3345 1805 enim
3384 1764 3472 1803 re-

216 1832 391 1885 credit
428 1832 639 1901 eloquia
671 1849 802 1897 sua;
840 1836 926 1889 vel
953 1851 1070 1889 eam
1112 1837 1270 1890 ﬁdem
1305 1853 1409 1905 qua
1434 1839 1660 1892 credunt
1685 1840 1795 1893 Deo

1914 1848 2126 1903 :esserit
2160 1864 2189 1899 a
2228 1847 2455 1901 veritate
2486 1848 2596 1908 Dei,
2635 1846 2934 1899 remanebit
2965 1844 3018 1896 in
3051 1843 3325 1896 mendacio
3354 1856 3475 1904 suo,

218 1922 273 1973 hi
316 1922 406 1988 qui
452 1923 518 1974 ab
556 1937 621 1975 eo
658 1923 871 1991 eloquia
916 1925 1093 1977 divina
1127 1928 1444 1995 suscipiunt.
1480 1928 1800 1983 Commone-

218 2029 343 2067 mur
364 2029 523 2082 ergo,
558 2022 615 2068 ιιι
648 2015 934 2071 inﬁdelitas
962 2031 1149 2071 eorum
1171 2019 1261 2087 qui
1293 2018 1373 2073 vel
1407 2035 1512 2073 non
1540 2022 1803 2076 accedunt

216 2106 286 2158 ad
334 2105 516 2170 ﬁdem,
556 2107 638 2161 vel
660 2108 913 2165 decidunt
954 2125 1020 2165 ex
1058 2126 1141 2174 ea,
1166 2112 1210 2165 si
1239 2111 1378 2166 forte
1416 2112 1675 2167 irrideant
1703 2128 1801 2167 nos

215 2212 385 2265 opera
434 2196 554 2252 ﬁdei
602 2207 841 2267 agentes,
871 2200 955 2255 vel
1001 2216 1122 2255 cum
1169 2203 1493 2273 jejunamus,
1546 2205 1630 2259 vel
1677 2220 1803 2259 cum

219 2288 624 2343 misericordias
658 2290 903 2352 facimus.
950 2290 1035 2345 vel
1075 2308 1198 2346 cum
1242 2293 1433 2348 studiis
1479 2303 1535 2348 et
1572 2294 1671 2364 legi
1708 2296 1804 2349 Dei

219 2392 444 2447 operam
485 2379 677 2434 damus
710 2379 795 2433 vel
832 2380 997 2434 etiam
1039 2396 1161 2435 cum
1189 2397 1285 2450 pro
1314 2386 1574 2453 martyrio
1599 2384 1804 2439 Christi

222 2462 494 2523 tormenta
512 2468 838 2533 suﬁ‘erimus,
866 2470 1270 2526 meminerimus
1293 2487 1524 2541 semper,
1544 2474 1669 2542 quia
1692 2474 1812 2528 inﬁ-

222 2558 419 2616 delitas
438 2575 627 2614 eorum
648 2560 807 2616 ﬁdem
831 2562 925 2617 Dei
947 2578 1066 2631 qua!
1081 2564 1137 2617 in
1153 2562 1308 2617 nobis
1334 2573 1416 2618 est
1437 2579 1578 2619 none
1591 2574 1804 2620 vacuat.

294 2649 393 2703 Est
435 2651 573 2703 enim
601 2650 742 2704 Deus
771 2669 945 2716 verax,
980 2654 1146 2706 omnis
1176 2662 1355 2707 autem
1374 2656 1527 2707 homo
1559 2656 1804 2722 mendax,

224 2744 361 2796 sicut
400 2744 650 2811 scriptum
686 2752 785 2809 est,
821 2754 877 2796 ut
910 2744 1218 2813 justiﬁceris
1249 2748 1304 2799 in
1327 2748 1649 2801 sermonibus
1683 2750 1807 2813 tuis,

226 2844 273 2887 et
316 2837 525 2898 uincas,
556 2851 672 2886 cum
704 2835 987 2903 judicaris.
1035 2835 1103 2890 Ut
1129 2836 1436 2889 ﬁrmaretur
1475 2839 1613 2907 quod
1647 2854 1810 2908 supra

226 2928 379 2985 dixit.
421 2926 561 2994 quod
594 2927 733 2980 Deus
776 2928 829 2980 in
872 2928 1228 2995 promissione
1276 2944 1371 2982 sua
1402 2929 1575 2983 ﬁdelis
1604 2938 1714 2995 est,
1760 2939 1813 2986 et

226 3018 405 3073 omnis
438 3017 598 3071 homo
625 3017 876 3081 mendax,
907 3017 1208 3086 exemplum
1234 3019 1605 3086 propheticum
1633 3020 1815 3075 subdit

226 3125 299 3164 ex
331 3108 538 3177 psalmo
577 3108 1019 3176 quinquagesimo
1036 3150 1048 3171 ,
1089 3124 1194 3177 quo
1219 3118 1274 3163 et
1300 3109 1469 3166 Deum
1493 3112 1672 3165 verbis
1699 3113 1811 3169 suis

221 3172 535 3269 just-iﬁcari,
594 3172 653 3251 et
713 3172 983 3251 hominem
1043 3172 1356 3253 mendacem
1420 3172 1883 3256 incredulitatisC

228 3308 395 3347 causa
423 3290 674 3359 signavit.
697 3288 994 3357 Utrumque
1022 3290 1165 3344 enim
1194 3291 1387 3361 legitur
1424 3292 1479 3345 in
1502 3292 1639 3346 libro
1658 3292 1809 3346 Psal-

229 3397 473 3444 morum,
526 3380 652 3448 quia
690 3379 829 3433 Deus
858 3380 1035 3448 justus
1083 3390 1137 3433 et
1166 3396 1332 3435 verax
1384 3391 1485 3446 est,
1537 3391 1592 3436 et
1640 3384 1814 3437 omnis

228 3474 396 3527 homo
419 3470 671 3523 mendax.
705 3468 1017 3523 Mendaeem
1048 3471 1320 3525 hominem
1366 3472 1498 3526 dicit
1534 3473 1658 3526 dum
1707 3488 1814 3527 non

229 3559 407 3614 credit
442 3558 583 3627 quod
637 3558 883 3626 promisit
922 3559 1094 3625 Deus;
1136 3576 1338 3631 negans
1373 3561 1515 3614 enim
1561 3561 1813 3614 daturum

230 3652 403 3706 Deum
430 3649 572 3719 quod
616 3649 882 3718 promisit,
910 3652 1137 3705 mendax
1168 3661 1276 3716 est;
1314 3650 1495 3706 multis
1534 3666 1599 3705 ex
1637 3652 1817 3706 causis

232 3744 407 3797 Deum
434 3739 746 3795 mendacem
775 3742 1123 3808 pronuntiat,
1151 3743 1363 3811 quando
1389 3743 1670 3811 promissis
1700 3742 1816 3811 ejus

234 3850 347 3889 non
376 3832 569 3887 credit.
594 3830 759 3898 Igitur
786 3846 1001 3885 omnem
1025 3833 1294 3888 hominem
1326 3833 1639 3887 mendacem
1662 3834 1814 3899 dicit,

234 3929 331 3998 qui
361 3926 557 3981 dillitlit
589 3923 656 3981 de
695 3926 975 3995 promissis
1006 3925 1118 3979 Dei.
1150 3926 1382 3981 Maxime
1415 3936 1596 3980 tamen
1627 3926 1694 3980 ad
1719 3926 1814 3981 Ju-

237 4019 383 4073 dzeos
409 4018 512 4071 hoc
545 4019 793 4086 pertinet,
824 4030 1052 4085 quorum
1096 4030 1318 4069 causam
1348 4024 1544 4069 tractat
1570 4016 1673 4070 hoc
1698 4015 1817 4071 loco

236 4108 557 4177 Apostolus,
592 4108 682 4175 qui
709 4108 954 4161 videntes
981 4105 1251 4161 Christum
1270 4146 1285 4169 ,
1314 4116 1646 4173 negaverunt
1674 4107 1817 4159 hunc

238 4213 361 4253 esse
392 4212 551 4267 quem
576 4196 823 4266 promisit
850 4196 1011 4260 Deus,
1044 4210 1108 4248 ac
1134 4210 1229 4264 per
1250 4195 1352 4248 hoc
1377 4194 1666 4249 mendaces
1686 4210 1816 4262 pro-

239 4292 584 4347 nuntiantur:
606 4290 745 4343 Deus
758 4298 935 4342 autem
952 4302 1115 4342 verax
1128 4288 1369 4357 est,quia
1384 4288 1816 4342 misitChristum

241 4383 379 4436 sicut
414 4376 682 4448 promisit.
708 4379 773 4432 Et
803 4379 880 4433 sic
908 4378 1075 4433 vincit
1101 4393 1223 4432 cum
1246 4376 1541 4445 iudicatur,
1573 4379 1699 4447 quia
1722 4379 1817 4432 da-

238 4472 321 4526 bit
341 4471 482 4540 quod
503 4470 725 4525 daturus
741 4478 968 4537 negatur
992 4488 1006 4523 :
1038 4471 1163 4523 dum
1185 4470 1326 4525 enim
1355 4485 1459 4523 non
1484 4470 1531 4523 ei
1551 4471 1811 4537 creditur,

242 4563 474 4617 mendax
489 4562 780 4631 judicatur.
806 4561 895 4615 Ille
914 4569 1093 4615 autem
1114 4576 1234 4615 cum
1257 4562 1349 4615 dat
1380 4563 1521 4631 quod
1549 4562 1821 4630 iudicatur

243 4670 352 4708 non
375 4654 619 4715 daturus,
649 4654 834 4717 vincit,
863 4652 1154 4706 ostendens
1174 4668 1232 4706 se
1253 4667 1523 4715 veracem,
1548 4652 1693 4705 illum
1720 4670 1818 4707 au-

248 4753 354 4798 tem
382 4744 692 4797 mendacem
715 4783 730 4806 ,
763 4743 854 4811 qui
895 4758 1001 4795 non
1037 4742 1207 4795 credit
1234 4742 1411 4795 verbis
1440 4742 1572 4811 ejus.
1605 4743 1821 4797 Videbit

245 4836 388 4889 enim
421 4818 514 4887 Dei
537 4833 727 4887 Filium
754 4833 809 4886 in
832 4831 1112 4899 majestate
1139 4848 1300 4901 quem
1323 4842 1514 4902 negat;
1545 4833 1745 4887 videbit
1766 4842 1821 4887 et

247 4926 431 4980 carnis
462 4923 929 4987 resurrectionem,
954 4931 1008 4977 et
1030 4923 1164 4977 sciet
1178 4924 1377 4977 victam
1400 4938 1517 4977 esse
1538 4923 1818 4990 perﬁdiam

247 5014 631 5087 pollicitatione
669 5021 722 5066 et
766 5013 991 5065 veritate
1022 5012 1113 5065 Dei
1163 5010 1363 5082 [Forte,
1410 5025 1507 5079 per
1529 5010 1686 5065 ﬁdem
1707 5011 1823 5081 pol-

248 5105 452 5158 licitam
474 5111 527 5155 et
552 5102 833 5155 veritatem
861 5100 998 5173 Dei].
1034 5101 1165 5154 Nam
1190 5111 1244 5156 et
1268 5101 1513 5155 Christus
1535 5118 1658 5157 cum
1680 5102 1823 5169 judi-

248 5203 404 5250 catus
433 5201 535 5257 est,
558 5192 689 5245 vicit
717 5210 729 5243 :
759 5192 939 5259 inique
968 5194 1111 5245 enim
1138 5192 1348 5246 occisus
1371 5200 1473 5255 est,
1498 5201 1551 5244 et
1575 5208 1725 5245 reum
1748 5192 1825 5245 fe-

247 5283 324 5337 cit
346 5280 614 5334 diabolum
636 5294 795 5349 quem
816 5277 931 5346 jam
955 5295 1061 5334 non
1082 5281 1351 5349 peccando
1376 5290 1743 5349 superaverat,
1766 5290 1824 5335 ut

248 5373 487 5428 secundo
534 5373 709 5426 victus
750 5372 1044 5435 amitteret,
1088 5388 1221 5441 quos
1262 5373 1475 5426 tenebat
1520 5372 1573 5425 in
1616 5373 1820 5437 inieris,

248 5463 355 5518 hoc
378 5473 495 5528 est,
531 5463 656 5532 quia
678 5462 853 5517 omnis
886 5462 1044 5517 homo
1079 5464 1325 5527 mendax,
1362 5463 1502 5517 Deus
1532 5471 1711 5517 autem
1739 5478 1826 5517 so-

252 5556 339 5611 lus
362 5569 549 5610 verax.
588 5555 729 5623 Ergo
759 5554 803 5609 si
842 5556 983 5609 Deus
1013 5570 1177 5608 verax
1204 5563 1257 5609 et
1280 5554 1424 5625 solus
1445 5570 1629 5618 verax,
1653 5555 1827 5609 omnis

252 5660 436 5706 autem
484 5650 643 5703 homo
695 5649 944 5713 mendax,
993 5650 1133 5703 unde
1169 5651 1273 5704 erit
1302 5650 1462 5703 homo
1488 5664 1654 5704 verax
1675 5690 1690 5714 ,
1724 5649 1828 5704 nisi

257 5741 549 5797 accesserit
580 5740 647 5795 ad
676 5755 800 5793 eum
826 5741 916 5808 qui
945 5754 1049 5793 non
1073 5749 1155 5794 est
1174 5740 1437 5796 mendax?
1464 5738 1705 5806 Denique
1731 5740 1828 5794 bo-

1904 1939 2157 2010 quoniam
2197 1938 2287 2008 qui
2327 1936 2556 2005 loquitur
2602 1934 2962 1998 mendacium,
3018 1933 3081 1985 de
3118 1947 3214 1985 suo
3252 1930 3482 1999 loquitur

1905 2030 2085 2101 (Joan.
2131 2028 2267 2097 vnt).
2300 2026 2393 2080 Dic
2418 2041 2547 2096 ergo
2580 2044 2591 2078 :
2627 2024 2765 2089 Quid
2810 2023 3089 2076 retribuam
3122 2021 3345 2073 Domino
3384 2034 3479 2087 pro

1905 2119 2141 2172 omnibus
2184 2134 2298 2187 qua:
2343 2117 2576 2170 retribuit
2612 2115 2777 2167 mihi?
2806 2110 2975 2184 (Psal.
3010 2111 3155 2182 cxv.)
3186 2110 3243 2164 In
3280 2123 3482 2180 pavore

1906 2210 2051 2263 enim
2076 2223 2197 2261 meo
2224 2208 2354 2277 dixi,
2382 2214 2435 2259 et
2454 2221 2639 2259 verum
2672 2204 2802 2266 dixi,
2833 2203 2999 2255 omnis
3032 2203 3184 2253 homo
3220 2199 3481 2258 mendax;

1907 2299 2002 2353 sed
2030 2296 2291 2351 retribuet
2311 2296 2441 2349 mihi
2465 2310 2569 2349 non
2590 2307 2805 2363 poenam
2831 2307 2925 2361 pro
2948 2291 3250 2353 mendacio,
3272 2289 3367 2343 sed
3389 2289 3485 2343 bo-

1907 2403 2035 2443 num
2055 2403 2154 2457 pro
2181 2386 2346 2451 malo,
2376 2394 2431 2439 et
2454 2383 2800 2454 justiﬁcando
2824 2383 3066 2453 impium,
3099 2382 3223 2436 fecit
3246 2382 3311 2434 de
3332 2395 3484 2433 men-

1909 2477 2041 2532 dace
2062 2492 2327 2530 veracem.
2355 2475 2467 2545 Ego
2488 2484 2661 2527 autem
2685 2474 2794 2526 dixi
2820 2474 2875 2526 in
2897 2472 3093 2526 exstasi
3116 2488 3229 2524 mea
3252 2484 3270 2523 ς
3297 2469 3482 2523 Omnis

1910 2568 2062 2620 homo
2096 2566 2341 2619 mendax.
2378 2565 2624 2619 Exstaslu
2670 2576 2927 2633 pavorem
2960 2561 3111 2625 dicit,
3152 2574 3310 2629 quem
3338 2572 3485 2611 com-

1910 2658 2240 2711 minantibus
2278 2654 2742 2724 persecutoribus,
2792 2662 2847 2707 et
2888 2650 3319 2721 impendentibus
3361 2663 3485 2718 pas-

1910 2748 2172 2807 sionibus,
2212 2748 2443 2799 humana
2490 2744 2774 2798 inﬁrmitas
2806 2744 3027 2813 patitur.
3070 2740 3178 2795 Hoc
3218 2740 3363 2793 enim
3404 2739 3487 2792 in-

1912 2841 2223 2909 telligimus,
2263 2840 2385 2907 quia
2420 2840 2472 2893 in
2502 2839 2607 2892 isto
2640 2839 2845 2907 psalmo
2864 2853 2967 2892 vox
2992 2847 3289 2907 martyrum
3321 2850 3487 2905 appa-

1914 2940 2031 2995 ret;
2080 2946 2202 2983 nam
2234 2930 2418 2983 etalio
2458 2930 2614 2983 modo
2645 2930 2839 2982 dicitur
2876 2929 3129 2989 cxstasis,
3178 2942 3298 2980 cum
3334 2940 3489 2979 meus

1915 3038 2021 3076 non
2058 3037 2255 3090 pavore
2278 3021 2528 3084 alienata,
2570 3020 2662 3074 sed
2694 3020 2871 3088 aliqua
2900 3018 3252 3087 inspiratione
3280 3016 3486 3071 revela-

1916 3114 2077 3167 tionis
2108 3114 2439 3177 absumitur;
2476 3113 2801 3167 conterritus
2834 3112 2995 3172 enim,
3033 3112 3308 3180 perspexit
3332 3110 3487 3162 inﬁr-

1916 3205 2155 3257 mitatem
2202 3220 2377 3266 suam,
2424 3212 2477 3258 et
2514 3205 2648 3258 vidit
2678 3219 2783 3257 non
2813 3204 2877 3256 de
2909 3218 2965 3256 se
3005 3202 3105 3256 sibi
3137 3218 3257 3256 esse
3284 3216 3489 3269 prtcsu-

1916 3292 2191 3347 mendum.
2236 3288 2505 3357 Quantum
2549 3293 2693 3346 enim
2724 3292 2789 3345 ad
2829 3294 2999 3361 ipsum
3024 3292 3293 3345 hominem
3320 3289 3492 3359 perti-

1916 3393 2009 3438 net
2035 3386 2264 3438 mendax
2288 3392 2389 3448 est,
2420 3385 2512 3438 sed
2537 3384 2708 3453 gratia
2734 3383 2828 3435 Dei
2857 3398 3018 3436 verax
3042 3381 3264 3435 effectus
3284 3388 3363 3435 est
3382 3422 3395 3443 ,
3424 3395 3493 3435 ne

1916 3474 2185 3545 pressuris
2227 3474 2562 3527 inimicorum
2595 3472 2823 3536 cedens,
2861 3487 2967 3525 non
3007 3472 3319 3541 loqueretur
3343 3470 3489 3540 quod

1918 3563 2240 3628 crediderat,
2266 3564 2357 3618 sed
2375 3573 2617 3633 negaret,
2641 3565 2778 3618 sicut
2803 3564 2962 3617 Petro
2989 3563 3205 3625 accidit,
3232 3562 3489 3631 quoniam

1920 3654 1985 3707 de
2015 3669 2071 3706 se
2102 3662 2537 3723 praesumpserat.
2563 3652 2795 3706 Proinde
2815 3652 3092 3705 verissime
3121 3652 3320 3709 dictum
3351 3660 3433 3704 est
3475 3666 3489 3703 :

1922 3742 2105 3798 Omnis
2150 3745 2302 3797 homo
2348 3745 2592 3797 mendax.
2637 3744 2694 3797 In
2748 3752 2950 3797 tantum
2986 3743 3131 3797 enim
3174 3757 3283 3796 non
3336 3750 3497 3795 erunt

1919 3834 2226 3895 mendaces.
2262 3835 2315 3887 in
2336 3844 2595 3903 quantum
2622 3850 2727 3887 non
2759 3843 2917 3887 erunt
2944 3835 3212 3897 homines,
3236 3834 3492 3902 quoniam

1920 3924 1991 3977 dii
2030 3933 2190 3977 erunt
2216 3933 2270 3977 et
2297 3924 2389 3976 ﬁlii
2428 3923 2709 3977 Altissimi.
2747 3921 3173 3991 Utjusti/iceris,
3204 3920 3397 3988 inquit,
3436 3922 3493 3973 in

1920 4016 2376 4078 sermonibustuis,
2400 4024 2446 4067 et
2467 4017 2640 4067 vincas
2662 4015 2787 4066 dum
2805 4013 3089 4081 judicaris.
3119 4011 3257 4077 Quid
3284 4018 3368 4064 est
3392 4012 3494 4064 hoc

1921 4110 2158 4163 futurum
2184 4109 2421 4179 iudicem
2444 4110 2830 4178 judicandum?
2857 4108 3210 4164 Judicandum
3239 4124 3266 4160 a
3297 4123 3497 4177 pecca-

1922 4200 2129 4255 toribus
2154 4200 2357 4267 justum
2390 4208 2444 4253 et
2466 4202 2518 4253 in
2549 4216 2612 4254 eo
2638 4200 2941 4253 vincentem
2975 4216 2986 4251 :
3020 4199 3145 4267 quia
3168 4198 3296 4267 quid
3322 4198 3496 4254 in.illo

1918 4289 2265 4357 iudicaretur,
2312 4305 2415 4344 non
2465 4278 2602 4344 erat.
2639 4289 2774 4343 Huic
2815 4290 2996 4358 itaque
3024 4288 3229 4343 nullum
3264 4288 3496 4353 babenti

1921 4390 2203 4449 peceatum
2252 4381 2381 4435 dicit
2421 4382 2474 4434 in
2522 4380 2810 4449 praesentia
2842 4381 3100 4449 propheta
3132 4378 3298 4432 David
3340 4396 3352 4431 :
3384 4378 3498 4432 Tibi

1923 4472 2021 4526 soli
2060 4473 2263 4541 peccavi
2278 4482 2325 4526 et
2355 4475 2548 4525 malum
2571 4489 2747 4525 coram
2777 4481 2844 4535 te,
2872 4480 2972 4525 etc.
3006 4468 3176 4547 (Psal.
3210 4470 3285 4541 ι).
3321 4467 3495 4537 Supe-

1925 4579 2013 4617 ras
2049 4564 2189 4617 enim
2227 4578 2415 4618 omnes
2454 4562 2719 4625 homines,
2758 4574 2947 4615 omnes
2968 4561 3205 4630 iudices;
3242 4568 3297 4612 et
3317 4561 3407 4628 qui
3436 4576 3494 4614 se

1924 4661 2073 4723 putat
2094 4653 2295 4720 justum
2321 4666 2504 4705 coram
2530 4658 2581 4703 te
2603 4652 2836 4721 injustus
2865 4658 2983 4715 est;
3016 4650 3189 4703 vincis
3215 4665 3345 4721 ergo
3371 4665 3495 4703 cum

1917 4723 2207 4811 judicaris;
2235 4756 2477 4810 superas,
2502 4742 2626 4809 quia
2649 4740 2769 4811 plus
2786 4755 2846 4794 es
2866 4754 3026 4808 quam
3049 4739 3294 4795 homines
3318 4749 3372 4794 et
3398 4754 3497 4809 per

1923 4841 1974 4885 te
2004 4831 2131 4885 l‘acti
2162 4840 2287 4885 sunt
2311 4832 2574 4886 homines.

1994 4922 2051 4977 Si
2081 4932 2253 4975 autent
2280 4924 2538 4991 iniustitia
2562 4934 2740 4977 nostra
2758 4924 2851 4977 Dei
2855 4924 3121 4993 justitiam
3147 4923 3493 4986 commendat,

1926 5013 2051 5084 quid
2074 5013 2343 5066 dicemus?
2370 5012 2623 5083 Nunquid
2644 5015 2851 5083 iniquus
2873 5012 3034 5075 Deus,
3058 5013 3146 5082 qui
3182 5011 3338 5080 infert
3359 5012 3495 5065 iram

1928 5103 2233 5175 (secundum
2268 5103 2525 5157 hominem
2563 5104 2721 5173 dico).
2770 5104 2935 5156 Absit.
2974 5101 3177 5173 (Δηὼ.)
3205 5101 3317 5155 Hoc
3338 5099 3495 5168 juxta

1927 5208 2141 5246 sensum
2157 5194 2430 5261 propheta:
2443 5194 2886 5261 dieitApostolus.
2905 5193 3069 5246 David
3086 5202 3263 5245 autem
3279 5192 3497 5260 quando

1926 5292 2246 5351 peccaverat
2284 5300 2444 5338 causa
2468 5284 2610 5339 Uria:
2625 5284 2845 5348 Hethazi,
2863 5284 3037 5337 sciens
3064 5283 3187 5351 quia
3208 5282 3496 5351 promissio

1926 5374 2298 5441 peccatoribus
2339 5374 2455 5427 dari
2495 5390 2599 5427 non
2629 5381 2823 5441 potest,
2861 5380 3049 5426 exorat
3085 5380 3144 5424 ut
3180 5368 3497 5437 justiﬁcatio

1930 5464 2217 5517 verborum
2246 5465 2297 5515 in
2327 5464 2419 5517 Dei
2451 5464 2630 5517 vincat
2674 5463 2934 5531 judicium
2974 5475 3078 5529 quo
3108 5459 3419 5527 judicantur
3440 5459 3496 5512 hi

1930 5554 2021 5622 qui
2044 5559 2286 5621 peccant,
2312 5562 2366 5605 et
2394 5552 2744 5620 ptenitentem
2775 5551 3029 5605 reformet
3049 5546 3411 5609 sanctiﬁcans,
3438 5555 3498 5601 ut

1931 5646 2022 5699 det
2049 5646 2098 5698 ei
2130 5643 2271 5713 quod
2305 5642 2467 5711 justis
2494 5657 2558 5697 se
2582 5644 2830 5697 daturum
2866 5641 3135 5711 promisit.
3163 5632 3238 5691 Ac
3261 5651 3359 5705 per
3393 5637 3499 5691 hoc

1931 5737 2182 5802 subjecit,
2230 5734 2290 5789 Si
2325 5744 2499 5788 autem
2535 5734 2796 5801 injustitia
2856 5742 3033 5787 nostra
3088 5728 3352 5793 justitiam
3397 5726 3497 5780 De:
