3960 6342
1093 307 1158 362 Β.
1197 305 1451 363 RABANI
1485 305 1713 364 MAURI
1746 306 2064 366 ARCHIEP.
2107 309 2414 367 MOGIINT.
2455 310 2739 373 OPEBUH
2776 312 2956 371 PARS
2987 313 3078 371 ill.

3583 319 3720 375 453'!

450 427 800 494 commendat,
822 433 877 482 et
901 425 1129 495 reliqua.
1161 422 1218 480 id
1243 432 1347 489 est,
1370 425 1414 480 si
1436 425 1561 493 quia
1588 440 1688 480 nos
1716 433 2031 495 peccatores
2058 429 2107 488 Α
2137 437 2224 482 tur
2253 431 2435 493 Deus,
2459 429 2549 498 qui
2583 430 2717 484 iram
2746 429 3054 488 hominibus
3080 432 3298 499 inferat,
3333 449 3462 491 cum
3485 450 3583 507 per
3615 444 3712 492 ho-

450 534 660 584 sumus,
702 517 844 572 Deus
883 515 1245 584 institicatur,
1289 516 1523 585 iniquus.
1541 517 1648 571 erit
1685 515 1731 571 si
1775 516 2029 571 vindicet.

450 611 588 666 Nam
609 611 656 667 si
683 609 946 681 iniustitia
984 618 1170 664 nostra
1201 609 1249 663 ei
1276 608 1585 687 proﬁceret,
1610 609 1726 665 sine
1751 608 1915 664 dubio
1936 608 2034 662 ini-

451 719 590 776 quus
628 709 780 768 erat,
830 701 880 757 si
918 702 1204 756 damnaret
1246 709 1569 770 peccantes,
1603 701 1728 770 quia
1769 692 2033 770 iniustitia

450 800 634 852 nostra
664 795 836 849 Deum
875 792 1003 848 facit
1021 790 1252 861 iustum,
1300 792 1344 846 si
1375 792 1727 862 peccantibus
1757 791 1914 845 nobis
1943 792 2034 846 det

449 887 593 957 quod
632 884 883 956 promisit
914 882 1152 938 sanctis:
1189 882 1315 951 quia
1347 883 1592 951 quamvis
1621 890 1933 953 peccatores
1961 881 2035 935 si-

449 993 592 1044 mus,
609 977 970 1033 reformamut'
990 983 1174 1029 tamen
1194 988 1293 1044 per
1305 973 1704 1042 paenitentiam,
1720 982 1780 1025 ut
1793 985 1899 1026 non
1917 971 2030 1041 iam

447 1077 794 1140 peccatores,
827 1067 920 1123 sed
959 1067 1128 1122 abluti
1154 1065 1568 1135 promissionem
1599 1079 1910 1118 mereamur
1935 1079 2030 1119 ac-

446 1163 647 1232 cipere.
689 1159 807 1216 Non
848 1175 980 1232 ergo
1006 1160 1093 1214 hic
1128 1172 1322 1213 sensus
1351 1164 1434 1211 est
1463 1156 1516 1210 in
1545 1155 1729 1210 verbis
1754 1155 2032 1225 propheta:

447 1253 636 1320 David,
672 1270 795 1309 cum
825 1253 956 1308 dicit
984 1265 999 1304 :
1030 1249 1146 1304 Tibi
1173 1249 1274 1305 soli
1301 1248 1506 1320 peccaui
1537 1257 1587 1302 et
1616 1248 1814 1301 malum
1856 1262 2031 1299 coram

445 1356 496 1400 te
516 1345 636 1416 feci,
663 1354 720 1399 ut
743 1343 1040 1414 iustiﬁceris
1067 1343 1122 1396 in
1139 1341 1464 1396 sermonibus
1488 1341 1612 1403 tuis,
1636 1347 1686 1392 et
1706 1338 1884 1392 vincas
1913 1353 2031 1390 eum

436 1436 721 1507 iudicaris,
745 1437 836 1507 qui
869 1435 1255 1490 malevolorum
1282 1434 1560 1490 hominum
1581 1446 1748 1502 prava
1765 1431 2033 1501 interpre-

446 1529 650 1584 tatione
675 1529 960 1593 asseritur,
993 1536 1054 1582 ut
1083 1515 1609 1598 peccata'hominum
1634 1533 1690 1578 et
1722 1521 1849 1577 mali
1877 1530 2031 1577 actus

445 1621 541 1675 Dei
559 1618 951 1689 iustiﬁcatione
979 1617 1268 1689 proﬁciant
1288 1657 1302 1683 ,
1335 1624 1392 1670 et
1426 1629 1523 1685 per
1551 1613 1692 1669 mala
1718 1623 1908 1668 nostra
1936 1614 2032 1669 bo-

444 1726 546 1766 nus
603 1704 882 1780 appareat,
943 1717 997 1764 et
1057 1706 1320 1777 iniustitia
1378 1715 1564 1760 nostra
1622 1705 1773 1760 illum
1823 1702 2030 1772 iustum

2135 519 2339 594 minum
2365 518 2686 589 iniustitiam
2713 537 2864 575 suam
2889 523 3153 593 justitiam
3185 523 3368 579 videat
3399 527 3709 595 approbari.

2137 607 2196 664 Si
2242 609 2388 663 enim
2433 619 2651 676 nostra,
2699 611 2802 666 hoc
2836 621 2938 688 est,
2989 611 3270 674 hominum
3312 613 3579 684 iniustitia
3615 616 3717 674 Dei

2126 704 2395 774 iustitiam
2421 704 2765 764 commendat
2785 747 2800 772 ,
2828 722 2933 761 non
2961 707 3148 776 utique
3182 723 3341 777 paena
3360 708 3514 780 digni
3542 711 3715 766 homi-

2134 813 2230 855 nes
2257 790 2600 862 videbuntur,
2628 813 2723 867 per
2748 813 2883 870 quos
2901 797 3111 869 iustitia
3138 800 3231 860 Dei
3252 800 3593 868 probabilior
3611 801 3710 857 ha-

2132 882 2308 949 betur,
2347 894 2401 940 et
2427 885 2646 940 clarior.
2689 883 2799 940 Sed
2823 885 2980 949 absit,
3023 887 3219 956 inquit,
3254 895 3314 940 ut
3347 888 3454 950 hoc
3481 888 3551 942 ita
3577 889 3716 945 reci-

2132 976 2342 1045 piamus
2377 976 2619 1045 iniquum
2663 977 2834 1042 videri
2877 975 3050 1031 Deum
3089 978 3178 1046 qui
3208 977 3417 1047 iudicat
3459 979 3594 1036 iram
3619 978 3716 1034 ad-

2133 1078 2323 1120 versus
2356 1066 2632 1131 homines;
2659 1067 2928 1135 quomodo
2958 1069 3102 1123 enim
3150 1069 3384 1137 iniustus
3411 1070 3711 1139 putabitur,

2131 1148 2225 1225 qui
2262 1156 2471 1226 iudicat
2517 1157 2798 1224 mundum,
2848 1173 2968 1212 cum
3017 1159 3070 1212 in
3113 1160 3229 1229 ipso
3260 1161 3479 1214 nomine
3513 1159 3714 1226 iudicis

2131 1249 2462 1313 ostendatur,
2490 1250 2629 1305 nihil
2651 1249 2767 1310 sine
2787 1251 2992 1321 iudicio
3026 1251 3242 1308 facere?
3262 1255 3354 1310 ubi
3372 1265 3556 1312 autem
3569 1255 3714 1324 iudi-

2131 1340 2275 1394 cium
2301 1348 2402 1405 est,
2431 1347 2641 1395 constat
2663 1356 2781 1395 esse
2802 1340 3090 1410 iustitiam,
3121 1359 3149 1397 a
3169 1342 3380 1412 iustitia
3398 1360 3633 1414 namque
3659 1354 3715 1400 ct

2125 1431 2311 1502 iudex,
2343 1432 2675 1502 etiudicium
2700 1435 3032 1489 nominatur.
3067 1434 3122 1489 Si
3149 1452 3278 1506 ergo
3302 1445 3361 1490 ut
3385 1436 3593 1504 iniusti,
3625 1438 3709 1491 in-

2131 1525 2270 1595 quit,
2298 1540 2396 1580 nos
2425 1525 2694 1581 afﬁrmare
2733 1527 3065 1596 conﬁngunt,
3108 1530 3308 1584 veritas
3343 1530 3437 1583 Dei
3470 1530 3523 1586 in
3559 1546 3712 1584 men-

2132 1616 2285 1671 dacio
2329 1617 2642 1685 abundavit,
2695 1619 2963 1688 superﬂue
3019 1635 3119 1691 ego
3158 1631 3411 1691 tanquam
3459 1631 3715 1691 peccator

2125 1705 2362 1776 iudicor.
2412 1707 2518 1762 Sed
2548 1708 2678 1762 illud
2719 1710 2889 1779 magis
2927 1710 3196 1766 videbitur
3232 1714 3282 1767 in
3327 1731 3433 1784 quo
3464 1715 3714 1788 blasphe-

441 1801 711 1884 ostendat.
764 1800 1030 1868 Quoniam
1074 1801 1261 1868 itaque
1311 1799 1528 1867 iniquus
1582 1811 1688 1850 non
1731 1803 1816 1851 est
1859 1795 2026 1859 Deus,

2133 1809 2281 1854 mant
2306 1816 2406 1861 nos
2425 1841 2438 1865 ,
2468 1801 2674 1871 inquit,
2715 1804 2864 1871 quasi
2894 1804 2997 1860 hoc
3023 1806 3306 1862 videamur
3336 1779 3541 1873 dicere,
3575 1779 3635 1864 Iit
3669 1811 3713 1866 si

441 1912 566 1959 cum
608 1896 812 1967 irrogat
843 1895 1001 1959 iram,
1031 1893 1144 1964 iam
1186 1907 1293 1946 non
1332 1889 1574 1962 peccatis
1601 1887 1804 1943 nostris
1829 1885 2030 1956 iustiti-

441 1994 597 2041 catur
629 1988 650 2039 ε’
698 1985 906 2056 quiasi
950 1984 1186 2055 peccatis
1227 1983 1428 2039 nostris
1450 1981 1886 2051 iustiﬁcaretur,,
1928 1979 2030 2033 ini-

440 2095 581 2152 quus
608 2084 753 2136 esset
801 2081 846 2134 si
873 2078 1174 2134 vindicaret
1207 2097 1219 2130 :
1259 2077 1354 2132 sed
1397 2075 1523 2144 quia
1552 2089 1658 2128 non
1688 2080 1774 2128 est
1812 2071 2030 2142 iniquus

440 2189 566 2229 cum
602 2161 860 2239 vindicat,
888 2171 1234 2238 manifestum
1261 2179 1347 2225 est
1375 2169 1502 2238 quia
1533 2167 1801 2238 iniustitia
1840 2173 2028 2219 nostra

439 2265 537 2322 Dei
560 2263 830 2334 iustitiam
847 2281 954 2320 non
979 2263 1344 2320 commendat.
1374 2261 1432 2316 Si
1464 2266 1655 2315 autem
1674 2256 2026 2326 commenda-

439 2367 548 2423 ret,
577 2373 683 2436 non
710 2357 1036 2422 vindicaret,
1067 2355 1193 2425 quia
1231 2353 1410 2420 iustus
1441 2361 1544 2406 est.
1570 2349 1649 2404 Ac
1686 2355 1907 2427 propter
1926 2347 2028 2401 hoc

437 2447 709 2526 subiecit;
738 2448 1042 2505 Secundum
1088 2447 1369 2509 hominem,
1421 2442 1618 2513 inquit,
1663 2440 1801 2494 dico.
1860 2438 2024 2507 Absit,

437 2543 546 2599 hoc
572 2549 674 2606 est,
699 2541 858 2608 absit,
889 2557 955 2595 ne
979 2539 1126 2594 Deus
1156 2538 1374 2608 iniquus
1397 2535 1629 2597 dicatur,
1653 2532 1780 2601 quia
1801 2531 1904 2585 hoc
1932 2530 2030 2585 ho-

441 2632 578 2689 mini
599 2632 858 2703 competit
884 2647 1043 2703 quem
1077 2637 1289 2685 constat
1315 2635 1371 2682 et
1395 2639 1584 2679 errare
1610 2631 1666 2678 et
1694 2621 1826 2688 falli,
1854 2628 1909 2676 ct
1932 2619 2028 2692 fai-

438 2723 552 2780 lere
582 2742 596 2779 :
629 2739 754 2778 nam
789 2721 934 2776 Deus
971 2718 1324 2776 immutabilis
1350 2722 1680 2789 perseverat,
1707 2727 1809 2769 nec
1849 2718 2028 2784 potest

438 2831 547 2871 non
571 2829 755 2868 amare
777 2826 898 2884 quae
928 2810 1074 2871 fecit.

509 2903 760 2976 Alioquin
790 2901 1051 2974 quomodo
1077 2897 1341 2969 judicabit
1379 2897 1518 2951 Deus
1558 2895 1698 2949 hunc
1743 2890 2030 2948 mundum?

439 2999 499 3055 In
524 2999 631 3053 hoc
658 2997 778 3077 loco
806 2994 1061 3049 mundum
1083 2993 1333 3048 homines
1358 2991 1449 3059 qui
1483 2990 1539 3043 in
1561 2987 1764 3042 mundo
1795 2993 1923 3041 sunt
1953 2985 2024 3038 di-

440 3090 538 3157 cit,
563 3076 704 3145 sicut
730 3095 785 3142 et
815 3084 943 3140 alibi
970 3086 1196 3155 tegimus
1219 3082 1344 3152 quia
1372 3081 1538 3135 omnis
1564 3078 1791 3132 mundus
1821 3076 1876 3129 in
1914 3091 2024 3147 ma-

2135 1890 2333 1944 veritas
2363 1889 2454 1946 Dei
2487 1890 2541 1945 in
2568 1891 2845 1952 hominum
2879 1894 3160 1950 mendacio
3189 1899 3362 1969 magis
3389 1901 3712 1967 ostenditur,

2131 1987 2185 2034 et
2209 1979 2417 2049 iustitia
2450 1980 2568 2048 eius
2589 1993 2686 2051 per
2713 1983 2989 2038 hominum
3018 1986 3343 2056 iniustitiam
3382 1991 3712 2060 comproba-

2130 2081 2242 2138 tur,
2287 2073 2542 2130 faciamus
2587 2091 2716 2146 ergo
2753 2093 2848 2132 nos
2886 2080 3048 2145 mala,
3078 2089 3137 2135 ut
3173 2097 3240 2136 ex
3269 2083 3424 2139 malis
3456 2087 3712 2148 eveniant

2129 2168 2293 2230 bona,
2321 2177 2375 2233 et
2401 2170 2730 2228 mentiamur
2756 2187 2878 2244 nos,
2906 2182 2967 2227 ut
2988 2189 3056 2228 ex
3089 2186 3274 2231 nostro
3303 2179 3590 2247 mendacio
3621 2181 3716 2237 Dei

2129 2259 2330 2313 veritas
2369 2258 2654 2314 clarescat.
2689 2259 2794 2315 Sed
2825 2262 2941 2317 haec
2978 2264 3202 2332 quidam
3225 2267 3291 2337 de
3316 2267 3473 2336 nobis
3505 2268 3717 2328 conﬁn-

2128 2356 2261 2418 gunt
2297 2341 2732 2419 blasphemantes
2773 2366 2901 2416 nos,
2947 2354 3091 2423 quod
3121 2355 3277 2423 quasi
3315 2371 3381 2410 ex
3428 2357 3600 2426 ipsius
3627 2373 3714 2417 as-

2129 2441 2385 2495 sertionis
2433 2451 2632 2497 nostrae
2671 2445 3060 2514 consequentia
3083 2443 3199 2500 haec
3223 2445 3308 2501 vel
3347 2443 3452 2503 dici
3481 2449 3564 2503 vel
3591 2465 3717 2507 con-

2129 2534 2280 2603 sequi
2310 2535 2610 2598 videantur,
2645 2537 2788 2604 quod
2820 2538 2960 2592 ratio
2985 2536 3259 2608 dogmatis
3290 2542 3464 2603 nostri
3497 2544 3717 2596 omnino

2129 2637 2235 2678 non
2265 2624 2475 2697 recipit,
2513 2625 2604 2694 qui
2629 2624 2831 2693 justum
2867 2635 2923 2680 et
2963 2642 3150 2682 verum
3189 2628 3540 2700 intelligimus
3572 2630 3718 2699 iudi-

2127 2732 2246 2774 cem
2281 2715 2480 2782 D‘eum;
2513 2707 2566 2771 et
2598 2717 2800 2773 idcirco
2833 2716 3084 2775 fortassis
3123 2736 3228 2775 non
3261 2720 3400 2774 dixit
3427 2721 3718 2792 Apostolus

2128 2810 2271 2884 quod
2309 2827 2408 2866 nos
2452 2811 2704 2866 homines
2740 2811 2924 2884 iniusti
2974 2808 3416 2880 commendemus
3441 2806 3716 2883 iustitiam

2127 2903 2244 2969 Dei,
2283 2904 2374 2958 sed
2405 2903 2480 2958 ait
2511 2922 2522 2956 :
2558 2902 2616 2958 Si
2645 2903 2902 2974 injustitia
2934 2914 3112 2959 nostra
3151 2902 3252 2959 Dei
3278 2906 3550 2977 justitiam
3581 2923 3717 2966 com-

2126 2995 2373 3060 mendat,
2419 3005 2479 3050 ut
2512 2996 2824 3060 ostenderet
2866 3011 2973 3050 non
3021 2995 3191 3054 Deum
3241 2997 3576 3061 hominibus,
3625 2996 3716 3056 sed

2122 3086 2389 3158 iustitiam
2418 3085 2698 3156 iniustitiae
2736 3101 2856 3141 esse
2882 3087 3216 3141 contrariam
3249 3105 3261 3141 :
3301 3087 3484 3142 induci
3538 3096 3716 3149 autem

438 3147 581 3253 ligno
610 3165 813 3251 imitus
851 3185 926 3231 εει
972 3147 1048 3246 (ί
1061 3147 1337 3243 IMR-Dii
1371 3170 1526 3238 Ουοά
1562 3169 1748 3236 “milia
1775 3164 2025 3221 homines
2051 3147 2096 3211 Ο
2122 3147 2439 3234 hominibus
2470 3147 2608 3232 iram
2639 3193 2736 3247 pro
2765 3192 2832 3232 eo
2857 3178 3000 3248 quod
3028 3175 3082 3232 in
3105 3177 3408 3247 semetipsis
3431 3147 3609 3234 locum
3635 3178 3716 3236 in—

441 3270 532 3341 qui
577 3269 632 3323 in
663 3267 767 3322 lioc
811 3265 1010 3322 mundo
1058 3263 1303 3317 habitant
1342 3260 1398 3314 in
1430 3259 1635 3326 malitia
1663 3271 1783 3311 esse
1822 3254 2028 3325 positos

440 3356 708 3422 ostendit,
748 3370 934 3409 verum
963 3362 1047 3406 est
1066 3393 1080 3418 ,
1111 3351 1235 3420 quia
1265 3365 1374 3404 non
1402 3356 1521 3404 erat
1541 3347 1768 3416 iustum,
1802 3353 1862 3400 ut
1878 3345 2026 3414 iudi-

433 3457 592 3506 caret
635 3447 779 3502 Deus
821 3444 974 3516 quasi
1010 3450 1352 3513 peccatorem
1384 3440 1645 3494 mundum
1670 3479 1684 3503 ,
1724 3439 1771 3493 si
1805 3444 2026 3515 peccata

440 3544 559 3615 eius
605 3542 708 3612 ipsi
747 3538 1103 3611 proﬁcerent,
1155 3543 1214 3590 ut
1259 3532 1386 3590 dum
1428 3541 1560 3588 nutu
1592 3532 1709 3602 eius
1739 3537 2027 3602 peccantes

444 3636 660 3691 veniam
693 3641 1014 3703 sequuntur,
1056 3631 1198 3685 Deus
1225 3629 1400 3684 bonus
1422 3628 1725 3690 videretur;
1757 3632 1815 3678 ut
1842 3623 1887 3678 si
1919 3639 2026 3678 non

442 3733 878 3799 peccarent,non
909 3719 1375 3790 videreturiustus
1407 3737 1418 3772 :
1454 3719 1500 3774 si
1525 3717 1667 3773 enim
1693 3732 1796 3771 non
1821 3722 2026 3786 peccet,

445 3832 554 3872 non
592 3814 839 3872 habendo
883 3812 968 3867 cui
1005 3812 1266 3874 remittat,
1298 3825 1404 3863 non
1447 3817 1566 3863 erat
1608 3808 1798 3862 bonus.
1831 3803 2027 3876 (Orig.)

446 3908 552 3964 Per
593 3921 808 3963 omnem
854 3919 1086 3974 namque
1125 3900 1377 3972 Epistolze
1412 3898 1569 3967 hujus
1608 3906 1813 3952 textum
1851 3896 2029 3950 dicere

446 3997 564 4051 vult
590 4011 710 4065 quae
738 3994 901 4048 fuerit
933 3992 1018 4047 vel
1055 3999 1182 4045 ante
1221 3983 1510 4044 adventum
1536 3985 1738 4042 Christi
1771 3983 1915 4039 salus
1941 3999 2027 4038 se-

449 4087 685 4144 cundum
705 4084 878 4155 legem
901 4082 1226 4145 viventibus,
1253 4079 1336 4132 vel
1364 4077 1633 4146 quomodo
1655 4090 1751 4144 per
1781 4073 2028 4128 Salvato-

449 4183 529 4239 ris
559 4179 844 4248 adventum
894 4189 1079 4229 rursus
1118 4183 1172 4228 et
1220 4170 1652 4227 incredulitatem
1683 4167 1850 4222 Israel
1886 4164 2031 4226 salus

451 4273 700 4345 gentibus
732 4265 1072 4330 conferatur;
1095 4271 1151 4319 et
1177 4276 1393 4318 rursum
1422 4259 1564 4331 quod
1592 4273 1766 4328 neque
1795 4271 1863 4311 ex
1892 4256 2031 4310 inte-

452 4377 551 4436 gro
580 4371 786 4433 gentes,
819 4359 923 4413 nisi
945 4357 1035 4427 qui
1060 4355 1410 4418 crediderint,
1439 4353 1657 4407 veniant
1679 4351 1746 4405 ad
1777 4349 2028 4413 salutem,

453 4466 628 4523 neque
656 4467 723 4508 ex
757 4451 964 4519 integro
992 4443 1274 4514 abiiciatur
1296 4443 1484 4506 lsrael,
1515 4443 1606 4495 sed
1647 4440 1887 4509 reliquize
1913 4453 2031 4492 cre-

452 4547 691 4603 dentium
721 4543 884 4599 salva:
915 4541 1048 4595 ﬁant
1072 4553 1086 4592 :
1110 4549 1166 4594 et
1193 4539 1313 4592 ideo
1334 4534 1613 4599 confusus,
1635 4542 1690 4587 ut
1721 4533 1852 4597 dixi,
1884 4532 2030 4586 vide-

453 4644 543 4690 tur
580 4634 712 4689 ordo
752 4630 998 4694 dicendi,
1045 4628 1170 4682 dum
1217 4625 1558 4682 diversitates
1595 4623 1933 4679 credentium
1979 4629 2033 4674 et

454 4742 562 4781 non
612 4721 944 4779 credentium
995 4719 1165 4788 partis
1224 4718 1506 4784 utriusque
1554 4715 1917 4784 persequitur.
1974 4709 2032 4765 lu

453 4817 649 4886 quibus
682 4810 986 4866 necessario
1014 4821 1319 4863 sermonem
1357 4805 1623 4860 convertit
1660 4811 1714 4857 et
1743 4803 1808 4856 ad
1839 4802 2028 4865 Deum,

454 4918 514 4963 ut
540 4907 624 4960 his
647 4905 896 4958 omnibus
917 4902 1343 4970 assumptionum
1371 4891 1844 4968 repulsionuniquc
1877 4894 2029 4949 diﬂ’e-

455 4999 646 5056 rentiis
693 5008 819 5050 vera
844 4993 1060 5062 quidem
1086 5000 1137 5045 et
1157 4991 1288 5061 iusti
1317 4989 1411 5044 Dei
1442 4991 1633 5044 doceat
1663 5003 1780 5042 esse
1803 4985 2027 5052 iudicia.

455 5091 679 5146 Multum
710 5094 886 5140 autem
927 5084 981 5137 in
1011 5083 1322 5137 hominibus
1359 5081 1633 5135 abundare
1663 5076 1947 5156 mendacii,
1979 5082 2034 5129 et

456 5182 579 5237 ideo
609 5178 744 5234 dicit
773 5195 786 5230 :
819 5176 900 5230 Sit
923 5185 1095 5227 autem
1123 5175 1263 5228 Deus
1286 5189 1463 5237 verax,
1495 5171 1663 5224 omnis
1685 5177 1858 5223 autem
1880 5168 2032 5221 homo

456 5270 701 5332 mendax,
727 5269 858 5322 sicut
886 5266 1136 5336 scriptum
1164 5275 1256 5328 est,
1286 5273 1341 5316 ut
1360 5263 1668 5333 justi/iceris
1697 5263 1751 5313 in
1775 5262 2031 5314 sermoni-

459 5361 554 5416 bus
592 5360 714 5424 tuis,
755 5367 803 5411 et
842 5358 1014 5410 vincas
1053 5371 1171 5408 cum
1187 5355 1452 5424 judicaris
1479 5351 1650 5424 (Psal.
1685 5353 1760 5423 ι).
1798 5351 1878 5407 Ad
1920 5355 2034 5407 hinc

457 5469 588 5524 ergo
620 5467 763 5506 nunc
787 5449 994 5513 videns,
1019 5463 1178 5514 posse
1207 5447 1307 5501 sibi
1339 5461 1370 5501 e
1421 5447 1696 5500 contrario
1732 5446 2034 5501 verisimili:

459 5554 544 5602 ter
563 5543 746 5612 obiici,
767 5541 890 5611 quia
921 5540 966 5595 si
1001 5547 1062 5593 ut
1091 5539 1231 5592 Deus
1257 5553 1420 5592 verax
1448 5537 1539 5602 sit,
1570 5537 1883 5591 mendacem
1914 5553 2033 5592 esse

458 5653 673 5694 omnem
720 5633 990 5689 hominem
1029 5645 1247 5685 necesse
1282 5638 1386 5694 est,
1429 5637 1482 5683 et
1510 5629 1555 5684 si
1583 5629 1791 5700 iustitia
1813 5627 1907 5682 Dei
1936 5643 2034 5698 per

458 5729 734 5784 imminum
767 5725 1085 5791 iniustitiam
1111 5722 1540 5786 commendetur,
1572 5720 1802 5790 iniustus
1830 5720 2037 5776 videbi-

2125 3268 2350 3339 iustitite
2375 3268 2644 3322 dederint.
2683 3266 2798 3322 Non
2829 3284 2957 3340 ergo
2989 3266 3221 3338 iniustus
3248 3267 3524 3323 videbitur
3552 3269 3715 3339 Deus,

2130 3361 2223 3432 qui
2251 3368 2332 3415 est
2371 3359 2601 3434 iustitia,
2634 3374 2756 3416 cum
2784 3359 3039 3416 irascitur
3066 3360 3329 3415 adversus
3371 3360 3714 3430 iniustitiam,

2132 3452 2217 3506 cui
2247 3467 2370 3505 eum
2407 3465 2506 3506 nec
2541 3448 2692 3506 decet
2727 3465 2846 3508 esse
2875 3453 3197 3526 propitium;
3231 3453 3324 3509 sed
3352 3455 3603 3523 pervenit
3637 3454 3720 3512 in

2132 3544 2244 3597 haec
2283 3542 2445 3595 etiam
2491 3541 2543 3594 in
2585 3542 2854 3607 homines,
2897 3543 3073 3616 quise
3107 3543 3387 3600 ministros
3414 3543 3720 3614 iniustitia,

2133 3633 2218 3690 cui
2273 3631 2416 3686 Deus
2462 3632 2738 3699 irascitur,
2798 3633 3163 3701 praebuerunt.
3225 3629 3413 3703 Neque
3462 3635 3608 3691 enim
3665 3635 3722 3691 in

2132 3721 2278 3776 nullo
2328 3730 2506 3793 potest
2554 3722 2847 3776 subsistere
2893 3721 3158 3791 iniustitia
3216 3720 3298 3775 vel
3338 3721 3591 3790 iustitia;
3629 3723 3721 3779 sed

2134 3812 2276 3868 sicut
2315 3809 2522 3878 iustitia
2561 3809 2784 3865 effectus
2808 3815 2893 3865 est
2914 3811 3047 3881 iusti
3086 3811 3324 3880 rectique
3350 3814 3565 3882 Operis,
3603 3829 3723 3884 qua

2132 3902 2311 3973 primo
2339 3899 2392 3954 in
2419 3899 2551 3965 Deo,
2584 3907 2694 3954 tum
2721 3901 2884 3964 etiam
2916 3901 2968 3955 in
3018 3901 3104 3959 his
3129 3902 3218 3971 qui
3255 3903 3542 3958 imitantur
3572 3919 3718 3970 eum,

2134 3991 2426 4055 invenitur,
2479 3991 2551 4044 ita
2597 3996 2650 4044 et
2684 3989 2946 4066 iniustitia
2989 3990 3214 4046 effectus
3254 4001 3340 4046 est
3381 3991 3567 4061 iniusti
3600 4009 3724 4064 prae

2132 4082 2292 4150 vique
2337 4082 2536 4150 operis,
2586 4095 2704 4151 quae
2747 4082 2922 4151 primo
2957 4083 3011 4136 in
3048 4083 3284 4146 diabolo,
3321 4093 3432 4137 tum
3461 4087 3628 4139 ctiam
3668 4087 3722 4143 in

2132 4173 2217 4226 his
2251 4173 2343 4248 qui
2383 4186 2507 4226 eum
2548 4162 2735 4226 vuiunt
2777 4170 2980 4226 imitari
3030 4173 3474 4242 deprehenditur,
3509 4185 3563 4230 et
3602 4177 3722 4232 ideo

2134 4260 2292 4332 digne
2319 4261 2398 4317 eis
2422 4262 2498 4314 ira
2524 4268 2857 4316 memoratur
2878 4261 3345 4332 inferri,quamvis
3358 4279 3425 4317 ex
3456 4263 3720 4334 iniustitia

2133 4366 2319 4412 eorum
2338 4396 2350 4418 ,
2384 4354 2532 4410 velut
2559 4369 2624 4408 ex
2656 4355 2929 4409 contrario
2952 4355 3202 4410 videatur
3232 4355 3326 4409 Dei
3354 4357 3620 4413 claruisse
3638 4360 3723 4430 iu-

2135 4447 2298 4502 stitia.
2332 4445 2588 4499 Poterant
2613 4458 2881 4514 namque,
2925 4444 3064 4498 sicut
3108 4455 3434 4513 receperunt
3460 4448 3514 4500 in
3549 4463 3608 4502 se
3645 4448 3721 4502 af-

2138 4539 2334 4595 fectum
2367 4535 2549 4606 iniusti
2597 4535 2858 4605 pravique
2906 4535 3108 4605 operis,
3151 4535 3322 4596 multo
3365 4539 3539 4608 magis
3589 4540 3720 4594 recti

2133 4627 2372 4697 iustique
2400 4625 2659 4694 recipere.
2685 4621 2834 4678 Juste
2857 4623 3028 4693 igitur,
3045 4639 3075 4676 a
3096 4622 3208 4678 Deo
3231 4625 3310 4679 ira
3336 4639 3503 4700 super
3532 4643 3720 4684 omnes

2140 4717 2387 4772 homines
2412 4715 2590 4769 induci
2618 4713 2835 4769 dicitur.

2212 4808 2268 4865 Si
2292 4811 2426 4863 enim
2458 4809 2647 4860 veritas
2689 4805 2786 4860 Dei
2818 4807 2872 4860 in
2897 4822 3010 4860 meo
3050 4806 3322 4861 mendacio
3351 4805 3638 4862 abundavit
3666 4812 3718 4864 in

2138 4901 2358 4972 gloriam
2389 4899 2572 4967 ipsius,
2613 4898 2738 4966 quid
2767 4897 2939 4950 adhuc
2981 4906 3028 4950 et
3074 4914 3166 4966 ego
3198 4906 3445 4968 tanquam
3481 4912 3721 4967 peccator

2124 4991 2342 5060 judicor
2357 4987 2381 5041 ?
2397 4986 2631 5057 (Ambr.)
2649 4985 2983 5039 Manifestum
2999 4987 3216 5056 estquia
3233 4986 3275 5040 si
3299 4987 3364 5039 ad
3380 4987 3610 5057 gloriam
3625 4991 3717 5045 Dei

2133 5081 2347 5154 proﬁcit
2372 5080 2710 5134 mendacium
2731 5079 3033 5142 hominum,
3057 5085 3118 5131 ut
3143 5077 3230 5131 ille
3263 5078 3413 5132 solus
3442 5095 3603 5135 verus
3628 5097 3719 5152 ap-

2135 5179 2352 5243 pareat,
2401 5178 2714 5239 peccatores
2759 5183 2864 5221 non
2897 5176 3019 5221 sunt
3062 5168 3274 5222 dicendi
3319 5169 3411 5238 qui
3455 5179 3714 5239 peccant;

2135 5263 2260 5334 quia
2282 5279 2387 5315 non
2415 5262 2709 5325 voluntate,
2735 5261 2826 5314 sed
2849 5260 3078 5330 impulsu
3099 5263 3216 5333 eius
3241 5261 3570 5318 videbuntur
3591 5281 3712 5335 pec-

2136 5367 2261 5407 care
2293 5371 2303 5404 :
2330 5351 2472 5422 quod
2507 5351 2665 5404 absit.

2154 5512 2156 5514 ν
2208 5444 2274 5498 Et
2301 5461 2425 5506 non,
2447 5443 2576 5494 sicut
2599 5438 3032 5514 blasphemamur,
3063 5453 3111 5496 et
3146 5443 3278 5499 sicut
3319 5444 3468 5498 aiunt
3490 5461 3586 5501 nos
3610 5448 3722 5517 qui.

2136 5537 2258 5590 dam
2293 5535 2484 5596 dicere,
2516 5533 2774 5602 faciamus
2823 5531 2965 5584 mala
3011 5540 3068 5586 ut
3112 5533 3316 5587 ueniant
3363 5533 3514 5588 bona.
3568 5534 3719 5590 Nunc

2135 5627 2308 5698 aperit
2329 5641 2556 5694 quorum
2577 5639 2739 5680 causa
2763 5625 2876 5678 haec
2911 5622 3141 5680 sollicite
3179 5632 3234 5678 et
3259 5640 3381 5680 cum
3414 5629 3718 5683 reverentia

2135 5715 2391 5789 disputat,
2420 5715 2462 5770 Α
2492 5715 2762 5788 perversis
2812 5715 2956 5772 enim
2981 5717 3082 5772 hoc
3117 5717 3527 5790 opponebatur.
3563 5717 3719 5784 quasi
