3960 6382
255 454 399 511 ms

785 450 1339 509 ENARRATIONUM
1377 450 1445 506 IN
1486 449 1634 506 EPP.
1678 445 1883 505 PAULI
1920 445 2047 503 LIB.
2087 446 2152 503 Il.
2190 478 2259 488 —
2294 448 2363 504 IN
2401 448 2623 506 EPIST.
2665 450 2757 506 AD
2794 449 2965 509 ROM.

3376 455 3514 510 ιδδι

252 568 346 624 hic
372 576 516 624 esset
548 582 739 622 sensus
784 569 1191 638 praedicandum
1235 568 1606 624 remissionem
1645 579 1835 637 pecca-
1862 566 1915 625 Δ
1940 565 2096 621 nibus
2141 574 2273 636 puto
2315 566 2641 623 sufﬁcienter
2679 568 2891 623 ostendi
2931 566 3076 636 quod
3107 565 3253 621 aliud
3288 568 3360 622 sit
3396 584 3522 639 pec-

256 668 461 724 torum,
485 668 547 712 ut
572 656 815 713 facerent
847 660 990 715 mala
1042 671 1098 716 et
1128 660 1374 715 venirent
1416 658 1575 725 bona,
1618 660 1721 714 hoc
1756 666 1841 712 est

253 757 566 822 peccarent,
603 759 663 805 ut
680 751 1003 810 remittendo
1041 753 1147 808 illis
1171 753 1315 807 Deus
1344 752 1617 807 videretur
1644 752 1840 816 bonus,

255 842 555 898 secundum
584 857 706 913 quae
730 858 893 915 supra
922 846 1067 901 dicta
1096 853 1221 901 sunt
1245 862 1257 898 :
1285 845 1424 915 quod
1448 843 1841 914 blasphemiam

254 920 511 1007 appellat,
528 943 583 992 et
603 937 787 1008 abjicit
806 953 837 993 a
863 952 1025 994 sensu
1050 939 1246 994 divinae
1268 938 1541 994 doctrinae.
1566 936 1677 992 Nec
1697 936 1842 991 enim

254 1040 487 1098 peccare
527 1026 727 1083 debere
752 1028 886 1083 ﬁdes
916 1029 1158 1093 tradidit,
1202 1029 1399 1100 quippe
1431 1044 1554 1083 cum
1572 1026 1843 1096 judicatu—

257 1136 386 1174 rum
404 1121 571 1175 Deum
594 1121 881 1190 praedicet;
912 1124 1007 1179 sed
1036 1123 1471 1193 delinquentibus
1500 1120 1752 1187 consulit,
1782 1128 1843 1175 ut

257 1222 579 1283 recuperata
629 1213 822 1281 salute,
870 1216 969 1270 sub
1014 1214 1113 1270 Dei
1154 1216 1269 1286 lege
1316 1216 1560 1269 viventes
1597 1214 1707 1284 jam
1737 1228 1841 1267 non

254 1313 504 1372 peccent.
548 1303 781 1387 Ideoque
808 1304 1057 1375 subjecit,
1107 1306 1344 1373 Quorum
1388 1304 1657 1358 damnatio
1694 1304 1843 1373 justa

255 1404 355 1450 est.
379 1395 436 1450 Id
460 1404 562 1460 est,
602 1397 792 1451 horum
829 1398 1108 1453 hominum
1140 1400 1229 1468 qui
1258 1397 1603 1453 aemulatione
1631 1397 1844 1451 invidia:

256 1484 405 1541 istud
436 1487 502 1541 de
546 1486 702 1542 nobis
750 1474 1194 1558 interpretantur,
1242 1487 1384 1556 quod
1426 1503 1589 1557 supra
1641 1487 1844 1543 dictum

256 1587 369 1644 est,
399 1578 677 1634 damnatio
717 1578 863 1649 justa
888 1588 991 1638 est.
1022 1579 1147 1635 Hace
1176 1580 1321 1634 enim
1348 1579 1627 1649 iactabant
1650 1578 1839 1643 Judaei,

256 1680 321 1727 ut
369 1672 673 1728 doctrinam
717 1673 1070 1743 apostolicam
1106 1673 1551 1735 criminarentur,
1604 1672 1845 1727 dicentes

256 1766 404 1835 quod
432 1781 553 1820 eum
584 1766 962 1821 remissionem
998 1774 1347 1837 peccatorum
1378 1764 1694 1835 praedicant,
1725 1780 1845 1835 pec-

257 1858 418 1912 candi
447 1856 687 1911 fomitem
711 1859 1008 1928 praebeant,
1040 1866 1097 1912 ut
1117 1858 1268 1927 quasi
1298 1858 1474 1913 securi
1506 1858 1752 1912 homines
1778 1857 1844 1911 de

1940 673 2082 723 care,
2125 658 2271 714 aliud
2306 669 2648 729 peccatorem
2691 675 2811 716 esse
2839 678 2853 715 :
2882 668 2943 715 ut
2969 668 3154 730 potest
3203 658 3347 715 enim
3401 660 3521 718 ﬁeri

1938 767 2126 809 omnes
2146 754 2508 828 peccaverint,
2525 754 2737 815 etiamsi
2760 753 2933 810 sancti
2948 753 3151 808 fuerint
3174 774 3188 807 2
3214 752 3339 822 quia
3361 767 3523 811 neruo

1939 846 2171 921 mundus
2201 862 2231 901 a
2264 847 2451 911 sorde,
2486 862 2585 902 nec
2617 848 2663 902 si
2702 847 2864 902 unius
2902 846 3008 902 diei
3049 844 3214 901 fuerit
3240 846 3351 900 vita
3380 842 3520 912 eius.
3586 902 3589 903 ν
3682 896 3689 899 .

1940 926 2079 1006 Quis
2116 940 2259 994 enim
2301 947 2383 993 est
2427 939 2520 1009 qui
2551 946 2645 994 aut
2679 939 2733 994 in
2770 938 2937 1006 facto,
2962 948 3071 993 aut
3108 939 3163 993 in
3204 939 3388 1003 verbo,
3429 944 3527 993 aut

1941 1032 2031 1100 qui
2071 1030 2419 1087 cautissimus
2465 1040 2614 1088 certe
2661 1040 2765 1098 est,
2820 1031 2905 1087 vel
2948 1032 3001 1086 in
3044 1031 3524 1104 cogitatione‘non

1942 1124 2286 1191 peccaverit?
2324 1124 2543 1179 etideo
2577 1124 2731 1187 dixit
2757 1137 3012 1194 peccasse
3064 1123 3279 1191 quidem
3328 1121 3526 1178 merito

1943 1230 2134 1270 omnes
2160 1216 2427 1283 dicentur,
2466 1225 2781 1287 peccatores
2818 1225 2999 1271 autem
3037 1214 3165 1269 facti
3187 1228 3293 1267 non
3314 1228 3524 1279 omnes,

1944 1306 2039 1361 sed
2087 1307 2239 1361 multi
2291 1291 2515 1379 (Aman)
2557 1308 2797 1363 Primum
2847 1308 2991 1361 enim
3032 1306 3251 1361 Graecos
3293 1303 3532 1359 ostendit

1947 1416 2090 1465 reos,
2118 1400 2272 1470 juxta
2303 1399 2473 1469 legem
2500 1410 2723 1465 naturae,
2759 1399 2983 1469 etquod
3012 1412 3187 1467 neque
3224 1396 3397 1467 legem
3434 1408 3531 1449 na-

1947 1500 2081 1546 turae
2109 1500 2164 1545 et
2194 1490 2333 1560 quod
2368 1505 2541 1560 neque
2566 1490 2733 1561 legem
2761 1489 2930 1559 Moysi
2964 1488 3296 1558 receperint;
3337 1501 3530 1557 quam-

1945 1584 2133 1637 obrem
2149 1583 2382 1653 pessima
2399 1596 2587 1636 eorum
2612 1591 2667 1645 et
2691 1580 3106 1652 pergravissima
3123 1594 3306 1634 causa.
3326 1576 3533 1632 Deinde

1947 1678 2111 1730 etiam
2140 1673 2352 1729 Judteos
2380 1675 2617 1732 ostendit
2641 1688 2782 1739 reos,
2818 1673 2912 1742 qui
2943 1673 3042 1727 sub
3070 1671 3187 1742 lege
3218 1669 3313 1725 Dei
3351 1670 3535 1723 vivere

1946 1767 2234 1831 videntur,
2263 1781 2325 1821 ac
2370 1766 2471 1821 sibi
2498 1766 2695 1820 merito
2736 1772 2951 1834 patrum
2992 1761 3334 1817 defenderint
3362 1760 3537 1830 digni-

1950 1864 2115 1909 tatem
2135 1896 2149 1919 ,
2181 1870 2246 1909 ex
2283 1871 2349 1910 eo
2382 1843 2657 1925 praecipue
2686 1855 2829 1924 quod
2866 1853 3278 1924 promissionem
3320 1859 3536 1920 patrum

258 1948 643 2017 promissione,
682 1958 933 2019 prompte
969 1958 1258 2020 peccareut
1291 1966 1302 2001 :
1336 1964 1456 2002 cum
1483 1955 1697 2002 constet
1722 1955 1845 2017 post
1876 1919 1922 1980 Β
1951 1930 2274 2015 Spreverint,
2307 1946 2401 2000 Dei
2440 1945 2669 2015 gratiam
2717 1947 2771 2000 in
2805 1945 3018 1999 irritum
3065 1944 3411 1999 deducentes.
3450 1937 3535 1994 Ad

257 2049 538 2108 acceptam
584 2038 745 2094 fidem
793 2040 1155 2108 periculosum
1194 2053 1315 2093 esse
1357 2051 1606 2108 peccare,
1653 2046 1708 2092 et
1744 2038 1848 2093 hoc

255 2128 476 2198 prtedici
518 2128 883 2184 credentibus.
935 2124 1118 2201 (Aug)
1168 2129 1365 2198 Utique
1411 2130 1581 2199 gratia
1614 2130 1687 2193 id,
1716 2143 1843 2198 quo,

258 2229 319 2275 ut
344 2222 458 2291 jam
491 2222 621 2275 ﬁant
665 2223 804 2277 bona
834 2223 901 2275 ab
928 2223 1008 2277 eis
1054 2224 1143 2292 qui
1190 2222 1425 2277 fecerant
1453 2222 1616 2287 mala,
1652 2238 1758 2278 uon
1789 2230 1848 2276 ut

254 2321 609 2385 perseverent
642 2314 694 2369 in
724 2314 900 2378 malis,
943 2324 997 2369 et
1024 2314 1173 2369 reddi
1207 2314 1309 2382 sibi
1337 2314 1649 2369 existiment
1677 2314 1842 2369 bona.

256 2404 376 2461 Non
404 2406 582 2475 ita'que
606 2406 803 2459 debent
829 2390 1037 2460 dicere:
1058 2404 1345 2460 Faeiarruts
1372 2404 1530 2466 mala,
1552 2405 1847 2459 utveuiant

255 2494 431 2561 bona;
460 2496 551 2550 sed
585 2512 597 2548 :
626 2494 876 2550 Fecimus
904 2495 1062 2557 mala,
1090 2503 1146 2548 et
1164 2503 1426 2549 venerunt
1446 2494 1607 2559 bona,
1630 2495 1738 2563 jam
1764 2495 1844 2548 fa-
1868 2534 1871 2537 ι

198 2612 201 2613 ν
260 2588 470 2643 ciamus
518 2588 682 2652 bona,
724 2595 783 2642 ut
826 2588 882 2643 in
928 2587 1109 2642 futuro
1153 2587 1349 2642 sarculo
1389 2580 1715 2657 recipiauius
1749 2604 1847 2659 pro

256 2678 419 2736 bonis
466 2681 626 2741 bona,
676 2681 767 2751 qui
798 2680 853 2735 in
883 2680 985 2736 hoc
1016 2678 1211 2735 saeculo
1243 2679 1534 2750 recipimus
1558 2696 1660 2750 pro
1690 2680 1848 2737 malis

260 2770 422 2826 bona.
1472 2757 1476 2760 ⁴

336 2861 477 2929 Quid
522 2879 643 2934 ergo
686 2862 1035 2933 pra’ceuimus
1072 2864 1198 2918 eos?
1231 2850 1597 2934 Nequaquam.
1626 2862 1845 2919 Causati

257 2956 400 3010 enim
444 2970 624 3009 sumus
673 2952 892 3009 Judtros
928 2964 974 3008 et
1016 2952 1229 3009 Graecos
1280 2971 1457 3009 omnes
1494 2956 1588 3009 sub
1636 2964 1844 3024 peccato

258 3062 390 3101 esse.
411 3045 647 3118 (Ambr.)
670 3045 786 3105 Hoc
813 3055 917 3112 est,-
943 3046 1071 3115 quid
1103 3046 1279 3101 adhuc
1310 3047 1664 3101 immoramur
1686 3046 1847 3102 latius

256 3132 569 3205 loquentes?
596 3132 945 3191 Ostendimus
982 3134 1129 3189 enim
1160 3135 1383 3190 redditis
1411 3136 1591 3191 causis
1616 3143 1725 3189 tam
1752 3133 1846 3188 Ju-

258 3226 405 3282 ἀλλος
458 3241 622 3296 quam
667 3226 907 3292 Graecos,
956 3227 1008 3282 id
1056 3234 1140 3282 est
1174 3225 1435 3297 gentiles,
1482 3241 1671 3281 omnes
1722 3240 1843 3280 reos

257 3306 382 3376 esse
413 3336 426 3372 :
460 3319 686 3389 ideoque
730 3308 931 3374 frustr'a
974 3319 1147 3390 legem
1193 3333 1431 3373 servare.
1480 3316 1683 3388 (Greg.)
1710 3318 1842 3372 Cum

256 3407 462 3482 Paulus
514 3408 792 3491 apostolus
842 3409 908 3493 ad
959 3407 1233 3463 Romanos
1281 3407 1487 3463 scribat
1530 3406 1749 3462 Judteos
1792 3415 1847 3461 et

258 3497 483 3555 Graecos
506 3514 696 3556 omnes
722 3500 822 3553 sub
851 3508 1074 3568 peccato
1105 3512 1246 3563 esse,
1297 3498 1566 3567 quomodo
1614 3498 1753 3552 idem
1794 3498 1847 3551 in

256 3592 714 3662 subsequentibus
751 3606 859 3648 non
902 3592 1227 3658 omnes,sed
1264 3592 1482 3657 multos,
1512 3594 1625 3661 'per
1668 3590 1850 3646 inobe-

258 3684 523 3740 dientiam
552 3682 712 3737 unius
739 3682 976 3738 hominis
1011 3691 1328 3755 peccatores
1357 3682 1635 3746 constitui,
1667 3680 1852 3736 definit

257 3773 489 3831 dicens:
525 3772 673 3836 Sicut
711 3791 804 3845 per
835 3775 1237 3831 inobedientiam
1290 3775 1446 3827 unius
1477 3774 1703 3837 hominis
1734 3789 1869 3839 pecs

260 3874 467 3919 calores
506 3865 775 3924 constituti
812 3875 954 3929 sunt,
993 3865 1067 3919 ita
1111 3874 1157 3918 et
1193 3880 1283 3934 per
1309 3864 1464 3924 unius
1509 3862 1851 3915 obedientiam

258 3955 393 4026 iusti
433 3956 817 4008 constituentur
852 3954 1002 4009 multi
1035 3954 1212 4027 (Rom.
1246 3955 1336 4024 v)?
1365 3954 1689 4008 Peccatores
1714 3966 1850 4020 quo-

261 4046 429 4101 modo
477 4045 630 4099 multi
658 4052 713 4099 et
761 4061 868 4101 non
924 4060 1115 4100 omnes
1180 4045 1489 4109 videantur,
1548 4060 1669 4099 cum
1712 4044 1853 4098 idem

263 4138 543 4209 apostolus
576 4138 709 4193 dicit
738 4156 750 4192 :
782 4137 917 4215 Quia
946 4153 1136 4194 omnes
1177 4130 1558 4212 peccaverunt,
1593 4137 1856 4193 debemus

264 4229 554 4285 ostendere
611 4228 754 4284 aliud
804 4244 1095 4300 peccasse,
1146 4229 1289 4283 aliud
1333 4236 1671 4299 peccatorem
1712 4246 1850 4286 esse.

263 4320 532 4377 Peccator
581 4321 776 4377 dicitur
810 4322 879 4386 is,
908 4321 1000 4391 qui
1031 4321 1200 4375 multa
1237 4320 1592 4389 delinquendo
1636 4321 1689 4374 in
1720 4337 1851 4375 con-

267 4412 606 4467 suetudiuem
629 4418 703 4477 et,
725 4419 783 4465 ut
800 4411 869 4465 ita
894 4413 1092 4476 dicam,
1110 4412 1342 4466 studium
1358 4412 1615 4481 peccandi
1631 4410 1744 4479 jam
1765 4426 1855 4467 ve-

268 4504 383 4575 nit;
410 4503 549 4559 sicut
583 4520 613 4559 e
650 4505 923 4560 contrario
942 4503 1124 4576 justus
1149 4520 1256 4559 non
1274 4504 1470 4559 dicitur
1503 4505 1548 4560 is
1582 4505 1855 4579 quisemel

270 4605 365 4687 aut
394 4594 477 4649 bis
508 4596 707 4687 aliquid
744 4594 969 4669 iustitia:
1013 4594 1487 4687 fecerit,rsed4ille
1523 4598 1613 4666 qui
1641 4613 1855 4668 semper
1878 4626 1932 4687 Β

262 4682 413 4753 juste
442 4686 669 4755 agendo,
726 4701 824 4739 usu
865 4693 919 4740 et
958 4686 1347 4757 consuetudine
1370 4685 1637 4755 justitiam
1668 4687 1848 4742 habet.

270 4773 407 4829 Nam
439 4774 485 4828 si
516 4775 636 4849 quis
667 4776 721 4827 in
750 4776 960 4831 caeteris
1003 4775 1113 4831 fere
1155 4774 1463 4832 hominibus
1502 4776 1734 4845 injustus
1760 4777 1849 4847 sit,

272 4864 442 4918 semel
470 4874 649 4917 autem
676 4864 759 4918 vel
788 4866 872 4920 bis
895 4866 1096 4935 aliquid
1119 4867 1251 4936 justi
1276 4868 1452 4936 operis
1482 4868 1639 4938 gerit,
1673 4868 1772 4921 iste
1800 4868 1851 4920 in

272 4970 340 5011 eo
369 4956 585 5029 quidem
610 4944 773 5026 apere
794 4957 845 5011 in
874 4973 980 5028 quo
1003 4956 1266 5026 justitiam
1298 4961 1486 5025 tenuit,
1515 4958 1659 5027 juste
1681 4960 1855 5029 egisse

273 5048 569 5110 diceretur,
604 5056 912 5103 nontamen
944 5065 1007 5104 ex
1040 5046 1335 5117 hocjustus
1360 5048 1748 5120 appellabitur;
1781 5052 1855 5105 ita

272 5150 332 5200 et
369 5140 548 5211 justus
590 5157 846 5212 peccasse
882 5145 1100 5212 quidem
1132 5144 1351 5208 dicitur,
1390 5144 1441 5198 si
1472 5143 1671 5213 aliquid
1704 5158 1851 5198 com-

272 5236 485 5293 miserit
528 5235 816 5305 aliquando
860 5240 1003 5306 quod
1034 5253 1139 5293 non
1188 5238 1347 5303 licet;
1401 5226 1506 5293 non
1560 5244 1738 5290 tamen
1791 5252 1857 5291 ex

273 5328 382 5385 hoc
423 5336 676 5397 peccator
718 5326 1097 5399 appellabitur,
1144 5330 1235 5399 qui
1286 5329 1543 5401 peccandi
1594 5345 1750 5382 usum
1801 5338 1855 5383 et

275 5419 726 5477 consuetudinem
757 5436 863 5475 non
897 5429 1062 5475 tenet.
1100 5419 1253 5478 Sicut
1280 5430 1336 5477 et
1364 5422 1605 5477 medicus
1638 5438 1742 5476 non
1769 5420 1855 5474 ille

277 5510 498 5585 dicitur,
543 5511 635 5581 qui
663 5520 718 5566 et
739 5511 933 5567 leviter
980 5519 1151 5581 ruptas
1180 5512 1373 5583 capitis
1404 5513 1511 5567 cuti
1550 5513 1652 5567 scit
1687 5513 1859 5580 impo-

274 5615 409 5657 nere
449 5615 723 5668 araneam,
759 5612 852 5663 aut
891 5604 983 5674 qui
1026 5610 1292 5659 tumorem
1322 5605 1562 5660 vulneris
1597 5620 1738 5673 aqua
1767 5620 1858 5659 ea-

275 5687 388 5747 lida
425 5689 627 5759 fovere,
671 5694 920 5764 quamvis
964 5694 1127 5748 etiam
1160 5694 1265 5751 hoc
1293 5694 1574 5750 medicinae
1614 5710 1733 5751 esse
1777 5698 1859 5751 vi-

276 5783 509 5851 deatur;
565 5785 660 5840 sed
691 5784 781 5840 ille
825 5785 1027 5845 dicitur
1070 5786 1333 5853 medicus,
1383 5787 1477 5857 qui
1522 5802 1701 5854 usum,
1750 5796 1861 5842 stu-

277 5872 433 5931 dium
457 5883 513 5933 et
537 5877 879 5950 disciplinam
913 5879 1075 5936 habet
1115 5879 1384 5936 medendi.
1411 5879 1489 5935 Ex
1519 5880 1714 5949 quibus
1742 5896 1859 5937 om-

1869 3270 1923 3336 ο

1950 2052 2111 2107 quam
2146 2052 2259 2091 rem
2285 2036 2604 2091 firmandam
2650 2037 2956 2106 exemplum
3004 2034 3379 2107 propheticum
3409 2031 3537 2086 sub—

1948 2130 2086 2183 didit
2113 2144 2181 2184 ex
2205 2129 2412 2198 psalmo
2446 2129 2605 2183 tertio
2630 2128 2843 2184 decimo
2873 2129 3061 2183 dicens
3089 2144 3104 2181 :

2020 2221 2168 2277 Sicut
2196 2224 2445 2292 scriptum
2470 2232 2545 2276 est
2578 2219 2752 2289 (Psal.
2787 2219 2934 2290 xm),
2970 2220 3094 2290 quia
3122 2234 3227 2272 non
3256 2227 3331 2271 est
3350 2217 3534 2287 justus

1949 2311 2245 2382 quisquam.
2295 2310 2377 2367 Ab
2438 2311 2703 2381 injustitia
2746 2311 2912 2379 coepit
2959 2308 3099 2362 mala
3136 2320 3301 2377 Opera
3342 2320 3534 2360 eorum

1947 2419 2288 2469 enumerare,
2320 2413 2374 2459 et
2398 2405 2595 2474 partim
2621 2403 2805 2474 pejora
2827 2401 3113 2471 subjicere,
3141 2407 3201 2453 ut
3223 2396 3536 2452 manifesta-

1947 2504 2033 2551 ret
2072 2496 2125 2550 in
2158 2496 2242 2551 his
2279 2496 2479 2550 nullam
2512 2511 2663 2567 spem
2694 2495 2887 2559 videri,
2919 2494 3025 2547 nisi
3056 2491 3343 2562 implorent
3373 2491 3537 2545 mise-

1948 2587 2239 2644 ricordiam
2263 2588 2488 2650 Christi,
2512 2589 2603 2658 qui
2631 2595 2848 2658 peccata
2871 2586 3128 2641 dimittat.
3156 2583 3358 2638 Deinde
3390 2582 3534 2651 adje-

1948 2684 2065 2739 cit:
2100 2682 2223 2737 Non
2260 2693 2335 2737 cst
2365 2682 2681 2754 intelligens.
2729 2682 2932 2736 Verum
2987 2687 3070 2735 est
3114 2680 3240 2750 quia
3292 2679 3357 2733 si
3381 2678 3536 2733 daret

1946 2788 2169 2843 operam
2201 2773 2523 2845 intelligere,
2556 2773 2786 2841 injustas
2820 2788 2925 2827 non
2957 2782 3121 2826 esset.

2021 2865 2143 2920 Non
2167 2876 2243 2921 est
2272 2867 2539 2937 requirens
2562 2864 2872 2919 Dominum.
2921 2863 3032 2920 Nec
3071 2864 3216 2920 istud
3258 2871 3533 2919 occultum

1946 2964 2060 3021 est,
2114 2956 2239 3026 quia
2294 2957 2337 3011 si
2390 2956 2716 3027 intelligeret
2744 2957 2873 3026 quid
2925 2956 3227 3026 prodesset,
3260 2965 3534 3026 quaereret

1947 3045 2117 3101 Deum
2152 3065 2163 3099 :
2192 3053 2246 3101 et
2273 3061 2381 3101 non
2406 3047 2549 3101 sicut
2573 3048 2755 3116 Asaph
2786 3063 2886 3101 rex
2910 3046 3069 3112 Juda,
3100 3048 3190 3115 qui
3220 3055 3344 3116 post
3366 3047 3535 3101 multa

1947 3134 2043 3190 Dei
2094 3135 2360 3192 beneﬁcia
2412 3138 2492 3191 sic
2540 3137 2865 3205 depravatus
2897 3144 3000 3198 est,
3056 3144 3115 3189 ut
3166 3136 3537 3191 inﬁrmitatem

1946 3227 2143 3295 pedum
2195 3242 2419 3296 passus,
2474 3227 2735 3296 propheta
2785 3236 3075 3296 praesente,
3131 3241 3240 3281 non
3266 3233 3539 3296 quaereret

1952 3315 2121 3371 Deum
2153 3315 2273 3387 (III
2302 3316 2429 3387 Reg.
2462 3317 2575 3387 xv).

2025 3404 2219 3460 omnes
2269 3406 2659 3462 declinaverunt
2710 3407 2899 3474 simul,
2954 3406 3164 3462 inutiles
3215 3408 3342 3477 facti
3390 3416 3533 3463 sunt.

1953 3495 2149 3567 (Orig.)
2196 3495 2348 3563 Quod
2378 3505 2559 3552 autem
2601 3498 2751 3562 dicit,
2808 3499 2940 3552 mihi
2990 3498 3203 3554 videtur
3242 3488 3386 3569 quod
3429 3518 3535 3556 non

1952 3588 2149 3643 dicitur
2174 3588 2495 3654 declinasse,
2534 3589 2637 3644 nisi
2673 3590 2719 3645 is
2756 3591 2848 3659 qui
2875 3591 3164 3660 aliquando
3189 3592 3243 3646 in
3270 3594 3360 3649 via
3382 3602 3531 3649 recta

1955 3680 2122 3736 stetit.
2170 3679 2324 3735 Unde
2364 3695 2582 3751 apparet
2608 3682 2850 3752 primurn
2876 3682 3010 3737 illud
3038 3691 3248 3739 natura:
3290 3685 3533 3740 rationa-

1953 3772 2079 3828 bilis
2106 3787 2263 3841 opus,
2298 3773 2441 3842 quod
2468 3788 2499 3827 a
2528 3774 2640 3828 Deo
2664 3772 2863 3828 factum
2893 3782 2998 3838 est,
3030 3772 3198 3829 fuisse
3224 3784 3455 3842 rectum,
3484 3784 3539 3831 et

1955 3864 2009 3918 iu
2064 3864 2148 3919 via
2195 3872 2342 3919 recta
2393 3863 2668 3920 Creatoris
2712 3865 2881 3935 ipsius
2913 3881 3138 3923 munere
3187 3866 3531 3923 collocatum.

1956 3953 2063 4009 Sed
2116 3955 2243 4024 quia
2286 3957 2354 4011 ab
2399 3958 2503 4011 hac
2546 3958 2614 4012 ad
2661 3957 2853 4011 laevum
2893 3958 3103 4026 peccati
3149 3958 3253 4013 iter
3286 3958 3575 4026 detorsit,-

1954 4039 2149 4099 merito
2190 4060 2333 4105 nunc
2379 4046 2579 4100 dicitur
2612 4042 2933 4111 declinasse,
2980 4038 3121 4102 sicut
3166 4047 3415 4117 exemplo
3456 4056 3538 4103 est

1954 4136 2161 4205 primus
2190 4137 2354 4191 homo
2381 4136 2575 4200 Adam,
2605 4136 2697 4206 qui
2724 4137 2791 4192 de
2820 4138 3053 4207 paradisi
3086 4138 3349 4194 viarecta
3376 4140 3540 4195 male-

1957 4228 2112 4283 suadi
2201 4227 2391 4282 fraude
2457 4229 2725 4298 serpentis
2802 4230 2869 4283 ad
2926 4244 3119 4298 pravas
3166 4239 3221 4285 et
3266 4240 3536 4289 tortuosas

1956 4319 2206 4374 mortalis
2252 4319 2375 4373 vitae
2424 4319 2646 4373 semitas
2691 4319 2999 4382 declinavit.
3046 4321 3274 4393 (Ambr.)
3324 4321 3536 4378 Nemini

1956 4409 2177 4464 dubium
2198 4410 2327 4479 quin
2354 4425 2542 4465 omnes
2569 4425 2675 4464 non
2701 4421 3007 4480 quaerentes
3042 4411 3235 4478 Deum,
3278 4414 3537 4471 inclinen-

1955 4509 2065 4565 tur,
2094 4509 2152 4555 ut
2175 4501 2433 4556 auxilium
2461 4503 2741 4571 requirant
2765 4520 2794 4558 a
2817 4505 3057 4559 vanitate
3082 4523 3095 4559 :
3122 4507 3333 4561 vanitas
3352 4517 3534 4563 autem

1957 4602 2039 4646 est
2066 4593 2289 4657 idolum,
2332 4593 2452 4648 ideo
2494 4593 2711 4649 inutiles
2753 4595 2906 4648 ﬁunt.
2936 4595 3073 4649 istos
3108 4611 3295 4651 omnes
3324 4605 3379 4651 et
3406 4611 3536 4667 pro-

1957 4686 2118 4755 pheta
2141 4684 2405 4738 Jeremias
2434 4684 2700 4753 significat
2730 4685 2916 4740 dicens
2944 4686 3087 4741 inter
3114 4695 3342 4743 caetera:
3382 4687 3535 4745 Tunc

1956 4793 2146 4832 omnes
2178 4778 2581 4841 insurrexerunt
2614 4778 2665 4830 in
2693 4779 3017 4847 prophetam,
3035 4779 3265 4843 Domini,
3297 4780 3538 4836 volentes

1957 4870 2202 4925 occidere
2224 4877 2375 4932 eum;
2406 4878 2459 4924 et
2482 4871 2755 4939 sequitur:
2792 4869 2972 4925 Omnis
2998 4882 3169 4926 autem
3189 4872 3409 4943 papulus
3433 4890 3539 4929 non

1958 4960 2187 5037 permisit
2216 4959 2332 5014 illos
2376 4960 2511 5031 (Jer.
2543 4962 2714 5032 xxvr).
2747 4961 2888 5030 Ergo
2912 4978 3100 5017 omnes
3122 4964 3272 5028 dicit,
3305 4964 3397 5019 sed
3424 4980 3539 5020 ma-

1960 5047 2079 5104 los:
2112 5057 2165 5103 et
2197 5065 2410 5119 omnes,
2458 5050 2553 5106 sed
2593 5052 2788 5115 bonos;
2834 5066 3005 5120 neque
3042 5053 3208 5118 enim,
3248 5055 3373 5123 quia
3410 5056 3541 5112 dicit

1960 5153 2133 5194 omnes
2185 5140 2593 5203 declinaverunt,
2649 5148 2812 5193 totam
2841 5142 3054 5209 penitus
3080 5142 3293 5209 plebem
3326 5144 3536 5214 signiﬁ-

1959 5238 2068 5294 cat,
2115 5230 2210 5284 sed
2257 5230 2395 5283 hanc
2446 5237 2656 5299 partem
2709 5229 2881 5297 plebis
2926 5216 3068 5283 sicut
3104 5237 3158 5284 et
3205 5242 3537 5288 memoratus

1956 5324 2220 5394 propheta
2248 5322 2435 5387 refert,
2462 5323 2513 5376 in
2551 5338 2655 5392 qua
2682 5338 2873 5379 omnes
2898 5323 3022 5378 mali
3050 5339 3107 5379 se
3127 5323 3486 5380 condiderunt
3521 5341 3538 5380 :

1959 5430 2174 5484 semper
2199 5415 2342 5470 enim
2374 5414 2481 5468 duo
2510 5413 2691 5484 populi
2733 5422 2857 5469 sunt
2890 5415 2942 5467 in
2972 5429 3075 5467 una
3108 5413 3282 5483 plebe.
3325 5414 3424 5469 Hic
3454 5424 3539 5470 est

1963 5522 2091 5577 ergo
2116 5506 2359 5576 pepulus,
2396 5522 2556 5576 quem
2604 5506 2847 5575 increpat
2897 5504 3173 5571 Dominus,
3199 5506 3295 5560 sub
3322 5506 3540 5561 nomine

1963 5598 2258 5653 Jerusalem
2300 5598 2485 5653 dicens
2514 5616 2525 5649 :
2555 5596 2873 5660 Jerusalem,
2912 5596 3227 5661 Jerusalem,
3258 5611 3376 5667 qua:
3403 5598 3539 5650 occi-

1965 5692 2045 5759 dis
2066 5690 2345 5761 prophetas
2375 5690 2588 5760 (Matth.
2620 5680 2775 5760 xxui)
2800 5706 2815 5755 ;
2844 5696 2901 5741 et
2921 5686 3026 5741 alio
3046 5686 3165 5742 loco
3191 5706 3203 5741 :
3230 5685 3536 5751 Generatio,

1963 5784 2060 5850 ait,
2081 5783 2221 5837 mala
2247 5792 2295 5837 et
2320 5782 2559 5836 adultera
2587 5781 2663 5852 (Μ
2671 5782 2800 5834 attlt.
2818 5779 2940 5848 xu),
2956 5787 3011 5833 et
3038 5780 3185 5834 natio
3207 5779 3534 5846 viperarum.

1962 5875 2039 5930 De
2077 5874 2382 5945 hujusmodi
2424 5874 2672 5943 queritur
2698 5880 2753 5927 et
2788 5870 2904 5942 jam
2929 5872 3189 5942 propheta
3230 5869 3417 5934 Isaias,
3456 5866 3538 5921 di-
