3960 6370
445 406 583 462 1355

1074 399 1135 455 Β.
1177 398 1428 455 RABANI
1465 394 1685 453 MAURI
1726 390 2043 449 ARCHIEP.
2080 389 2390 446 MOGUNT.
2433 390 2715 449 OPERUM
2751 389 2931 448 PARS
2971 389 3056 445 Ill.

3556 380 3692 439 i356

446 538 578 580 cens
616 540 629 574 :
668 520 758 575 νω
779 521 917 590 genti
934 514 1208 588 peccatrici
1227 554 1241 578 ,
1265 512 1449 568 semini
1466 510 1687 579 pessimo
1710 505 1914 579 [semini
1931 518 2018 557 ηε·
2045 500 2096 562 Λ
2121 508 2175 556 et
2203 502 2504 567 iuturbata;
2530 502 2704 557 omnis
2732 502 2877 556 enim
2903 500 3044 555 bona
3070 498 3179 552 vita
3204 494 3499 565 tranquilla
3530 502 3615 550 est
3640 502 3695 549 et

445 611 629 687 quam]
665 609 883 683 (Isa.|).
913 608 1017 663 Per
1053 604 1252 661 malam
1300 604 1441 658 enim
1489 600 1843 660 voluntatem,
1893 595 2021 647 dum

448 707 655 763 fructus
684 702 851 758 malos
872 700 1098 764 faciunt,
1127 712 1309 752 semen
1334 693 1627 765 pessimum
1648 698 1793 754 sunt,
1818 695 1872 741 et
1894 685 2021 755 quia

448 801 494 857 si
523 797 790 853 vomerint
812 800 1038 864 possunt
1063 788 1324 853 converti,
1354 800 1457 840 vox
1478 785 1673 851 probat
1698 777 1940 849 Apostoli
1968 776 2023 829 in

449 890 557 946 alia
586 886 819 958 Epistula
847 883 1075 938 dicentis
1104 899 1117 935 :
1144 880 1371 934 Eramus
1410 886 1457 929 et
1498 891 1590 927 nos
1612 868 1897 942 aliquando
1922 884 2021 922 na-

448 992 569 1034 tura
596 979 692 1048 ﬁlii
718 978 811 1031 ira:
834 976 965 1029 sicut
994 983 1043 1027 et
1074 972 1246 1026 ceteri
1272 968 1489 1039 (Ephes.
1524 965 1604 1036 ιι).

526 1068 648 1124 Non
674 1076 749 1122 est
771 1067 858 1138 qui
888 1064 1050 1134 faciat
1079 1063 1292 1124 bonum,
1325 1075 1428 1113 non
1452 1066 1527 1111 est
1551 1070 1712 1126 usque
1736 1070 1802 1108 aa
1836 1068 2019 1106 unum.

449 1158 653 1233 (Amb.)
671 1158 807 1225 Quia
832 1156 1073 1226 neglecto
1101 1154 1211 1207 Deo
1241 1149 1458 1204 inutiles
1488 1146 1619 1201 facti
1643 1152 1789 1207 sunt,
1822 1144 2023 1197 bonum

447 1254 634 1321 utique
669 1251 847 1306 facere
872 1263 978 1304 non
1002 1253 1256 1318 possunt;
1278 1242 1391 1313 jam
1411 1240 1554 1295 enim
1602 1236 1880 1307 depravati
1902 1222 2024 1290 nro-

449 1344 638 1399 ﬁciunt
662 1344 714 1397 in
742 1341 912 1413 pejus.

521 1438 828 1507 Sepulcrum
871 1445 1051 1505 patens
1096 1440 1169 1485 est
1216 1437 1396 1500 guttur
1438 1439 1638 1479 eorum.
1695 1419 1814 1475 Jam
1866 1415 2024 1470 malis

448 1528 739 1597 mancipati
769 1529 957 1590 bonos,
976 1525 1021 1578 si
1042 1529 1224 1593 posset
1246 1518 1382 1580 ﬁeri,
1402 1518 1663 1571 devorare
1684 1508 1950 1568 volebant,
1966 1513 2025 1558 ut

450 1625 589 1678 sicut
615 1620 921 1691 sepulcrum
955 1623 1104 1687 patet
1130 1614 1197 1667 ad
1225 1605 1528 1677 recipienda
1555 1603 1838 1662 cadavera,
1868 1598 1941 1651 ita
1970 1602 2025 1649 et

458 1717 719 1770 adversus
760 1714 929 1767 bonos
969 1716 1153 1779 guttur
1191 1716 1395 1758 eorum.
1436 1695 1632 1769 (Orig)
1685 1691 1906 1747 Videtur
1930 1703 2023 1741 au-

449 1819 556 1864 tem
582 1807 777 1861 Paulus
799 1806 902 1860 hoc
926 1804 980 1858 in
1008 1801 1125 1854 loco
1155 1797 1329 1867 majus
1350 1790 1550 1861 aliquid
1581 1790 1632 1843 in
1660 1786 1800 1849 istis,
1824 1784 1889 1838 de
1912 1780 2024 1849 qui-

582 1847 603 1861 .
626 1847 777 1861 ..μων
801 1847 902 1860 ..νυ
1008 1847 1120 1854 --η
1357 1847 1360 1848 ν
1440 1847 1457 1861 _
1787 1847 1793 1849 _
1932 1847 1944 1849 _

446 1903 547 1955 bus
570 1912 749 1952 sermo
762 1904 863 1959 est,
880 1878 1175 1947 ostendere
1190 1884 1453 1948 criminis,
1472 1896 1595 1941 cum
1608 1893 1702 1934 eos
1718 1873 2023 1945 sepulcrum
2050 1847 2100 1911 Β

450 2010 556 2049 nou
596 1999 794 2045 tectura
829 1999 1001 2055 neque
1032 1987 1374 2050 coopertum,
1417 1975 1509 2030 sed
1550 1981 1730 2043 patens
1760 1965 2019 2036 appellat;

450 2086 629 2141 clausa
651 2084 793 2137 enim
815 2078 1061 2149 sepulcra
1076 2075 1346 2137 dicuntur,
1362 2084 1496 2140 quos
1514 2062 1899 2135 aliquantulum
1922 2075 2023 2128 pu-

450 2180 547 2245 dor
568 2176 782 2233 cohibet
802 2172 975 2243 palam
998 2168 1329 2237 delinquere,
1344 2160 1652 2248 etyroferre
1668 2157 1733 2211 ad
1755 2154 2025 2227 publicum

449 2268 688 2325 crimina
726 2280 823 2321 sua
867 2283 880 2317 :
926 2270 1115 2332 patens
1160 2273 1289 2312 vero
1335 2243 1639 2325 sepulcrum
1684 2248 1939 2304 dicuntur
1969 2243 2026 2299 hi

450 2363 543 2433 qui
588 2358 954 2415 immuntlitias
996 2369 1121 2409 suas
1173 2358 1228 2404 et
1272 2348 1609 2419 impuritates
1648 2343 1701 2396 in
1744 2336 2025 2411 propatulo

452 2426 680 2517 habent;
709 2448 902 2519 quibus
928 2444 1216 2500 assiduitas
1238 2448 1293 2495 et
1317 2452 1447 2493 usus
1473 2434 1754 2497 scelerum,
1779 2426 1924 2499 quod
1944 2432 2028 2480 est

453 2546 508 2600 in
534 2543 689 2598 malis
715 2541 977 2601 ultimum,
1016 2536 1177 2591 etiam
1207 2530 1619 2588 commissorum
1646 2519 2026 2577 verecundiam

451 2637 699 2700 sustulit,
746 2642 804 2687 ut
834 2633 945 2703 jam
988 2645 1093 2683 non
1140 2625 1385 2696 aperiant
1401 2636 1464 2677 os
1487 2633 1644 2675 suum
1674 2622 1728 2670 et
1749 2610 2029 2683 proferant

452 2732 676 2787 verbum
721 2727 836 2789 Dei,
883 2725 1106 2779 verbum
1150 2721 1354 2782 vivum,
1403 2714 1497 2771 sed
1550 2710 1795 2781 aperiant
1843 2713 2029 2776 guttur

452 2838 660 2883 eorum,
692 2826 745 2874 et
774 2814 1053 2886 proferant
1081 2812 1305 2868 verbum
1332 2815 1625 2870 mortuum,
1657 2801 1883 2856 verbum
1913 2795 2029 2850 dia-

451 2915 581 2977 boli,
608 2928 713 2966 non
736 2912 802 2965 de
834 2908 1013 2970 corde,
1047 2904 1141 2959 sed
1167 2904 1230 2957 de
1260 2900 1526 2970 sepulcro.

524 3006 739 3075 Linguis
773 3003 881 3057 suis
909 2999 1085 3054 dolose
1106 2996 1345 3067 agebant.
1385 2988 1619 3063 (Ambr.)
1649 2986 1752 3054 Qui
1773 2992 1880 3038 tam
1906 2995 2027 3035 ma-

453 3101 519 3156 lis
553 3072 804 3168 operibus
835 3095 1217 3153 adsueverant,
1242 3100 1360 3156 qua:
1384 3084 1763 3153 loquebantur,
1796 3078 1849 3131 in
1879 3072 2029 3127 falla-

453 3193 537 3247 cia
568 3162 741 3244 erant.
770 3182 964 3257 (θήρ.)
988 3180 1151 3236 Dolus
1179 3188 1258 3233 est
1278 3190 1399 3231 cum
1430 3171 1572 3224 aliud
1595 3169 1715 3237 quis
1737 3166 1917 3233 lingua
1944 3162 2025 3216 lo-

454 3282 662 3359 quitur,
685 3286 741 3331 et
769 3274 910 3329 aliud
939 3272 1145 3326 volutat
1168 3271 1221 3323 in
1246 3266 1406 3323 corde
1445 3278 1459 3316 :
1501 3260 1643 3329 quod
1677 3256 1881 3312 crimen
1911 3266 2033 3307 ues-

457 3374 540 3429 cio
590 3352 635 3425 si
683 3368 768 3423 vel
800 3367 975 3437 justos
1017 3374 1258 3431 quosque
1294 3366 1347 3411 et
1394 3354 1595 3409 electos
1632 3348 1899 3415 relinquat
1940 3342 2033 3417 im-

456 3441 669 3519 munes.
694 3458 798 3515 Sed
830 3465 955 3526 puto
984 3453 1125 3523 quod
1155 3450 1291 3505 alius
1317 3447 1460 3517 plus,
1489 3442 1625 3496 alius
1654 3438 1850 3498 minus,
1876 3446 2034 3487 nemo

460 3566 640 3613 tamen
671 3552 743 3606 sit
768 3522 844 3603 ab—
864 3549 968 3602 hoc
997 3522 1065 3599 ad
1091 3540 1390 3613 perfectum
1427 3547 1614 3606 purus,
1645 3528 1747 3583 nisi
1775 3525 1863 3580 ille
1889 3522 2036 3578 solus

460 3651 527 3705 de
548 3662 653 3717 quo
674 3643 932 3711 scriptum
954 3647 1069 3693 est;
1090 3612 1193 3699 Qui
1222 3638 1489 3701 peccatum
1518 3639 1621 3678 non
1649 3619 1788 3690 fecit,
1827 3630 1918 3670 nec
1949 3612 2038 3666 do-

463 3742 549 3795 lus
573 3710 813 3793 inventus
836 3742 909 3787 est
938 3734 994 3784 in
1021 3745 1109 3783 ore
1142 3727 1256 3797 ejus
1288 3710 1337 3795 (ι
1370 3722 1484 3776 Pet.
1514 3719 1599 3789 ιι).

539 3828 811 3883 Venenum
840 3819 1081 3891 aspidum
1116 3816 1208 3870 sub
1242 3813 1395 3867 labiis
1431 3824 1633 3863 eorum.
1664 3800 1899 3876 (Ambr.)
1927 3798 2041 3853 Hoc

464 3921 613 3984 dicit,
670 3917 795 3988 quia
844 3888 1009 3979 verba
1055 3903 1362 3974 huiusmodi
1402 3898 1697 3954 hominum
1743 3888 2042 3960 muscipula

368 4001 370 4003 ’
463 3980 609 4067 sunt.
640 3980 721 4061 Ad
752 4006 853 4059 hoc
890 4001 1035 4055 enim
1060 3998 1377 4066 loquuntur,
1401 3999 1458 4045 ut
1487 3988 1780 4058 decipiant,
1817 3990 1879 4037 ut
1904 3980 2045 4035 sicut

463 4119 563 4175 per
604 4100 746 4155 labia
790 4093 1057 4164 serpentis
1100 4100 1366 4144 venenum
1410 4080 1729 4143 infunditur,
1762 4077 1835 4131 ita
1868 4080 1924 4130 et
1947 4087 2046 4143 per

471 4165 612 4250 labia
640 4205 826 4247 eorum
858 4186 1011 4241 dolus
1035 4191 1090 4237 et
1111 4175 1614 4235 circumventiones.
1640 4166 1837 4239 (Orig.)
1860 4165 2048 4218 Potest

476 4284 645 4353 accipi
690 4282 794 4335 hoc
824 4277 970 4332 etde
1012 4273 1098 4327 his
1141 4269 1233 4340 qui
1282 4264 1679 4322 calumniarum
1724 4253 2046 4312 commentis

470 4346 900 4432 circumveniunt
919 4366 1194 4425 homines;
1218 4367 1395 4430 potest
1423 4363 1479 4409 et
1497 4355 1563 4408 de
1588 4352 1672 4405 his
1698 4349 1789 4419 qui
1819 4361 1916 4417 per
1944 4346 2050 4400 ha:-

475 4467 702 4521 reticam
743 4458 1041 4516 doctrinam
1074 4465 1281 4506 veneno
1322 4444 1521 4501 diaboli
1547 4441 1801 4499 infectam
1840 4437 2050 4492 animas

472 4556 747 4625 decipiunt
768 4547 1111 4619 simplicium.

547 4623 783 4712 Quorum
804 4658 860 4695 os
882 4635 1244 4693 maledictione
1270 4642 1315 4685 et
1341 4625 1694 4683 amaritudine
1719 4623 1927 4693 plenum
1948 4627 2042 4672 est.

476 4736 712 4812 (Amhr.)
734 4731 1071 4787 Manifestum
1096 4734 1195 4791 est,
1219 4724 1343 4793 quia
1360 4728 1547 4776 contra
1569 4719 1739 4771 bonos
1755 4711 1881 4785 mali
1903 4722 2049 4764 sem-

476 4846 575 4901 per
606 4826 885 4882 maledicta
912 4830 968 4877 et
989 4835 1170 4874 amara
1194 4820 1499 4887 proponunt
1524 4812 1575 4864 in
1603 4806 1905 4863 convicium
1936 4801 2051 4855 illo-

477 4892 596 4977 rum
623 4932 841 4989 prorum
870 4922 1061 4984 pentes
1086 4920 1137 4964 et
1160 4905 1570 4963 detractionem.
1595 4898 1792 4967 (0rig.)
1839 4892 2055 4949 Maledi-

479 5016 605 5071 ctio.
625 4987 765 5064 lluic
793 5016 971 5060 tamen
998 5012 1052 5056 ct
1075 4997 1377 5054 amaritudo
1403 4992 1765 5061 coniungitur,
1799 4987 1923 5057 quia
1984 4999 2053 5038 ex

478 5100 773 5159 iracundia:
818 5095 941 5150 felle
984 5090 1315 5159 depromitur
1359 5100 1373 5138 :
1415 5098 1513 5153 per
1550 5077 1878 5134 iracundiam
1910 5073 2055 5128 enim

482 5210 545 5248 ac
593 5192 829 5245 furorem
874 5185 941 5238 ad
993 5176 1417 5235 maledicendum
1468 5173 1648 5242 lingua
1698 5165 2052 5236 compellitur.

562 5281 771 5335 Veloces
819 5274 969 5347 pedes
1011 5285 1189 5325 eorum
1218 5268 1285 5319 ad
1319 5262 1692 5334 effundendum
1725 5246 2052 5327 sanguinem.

485 5370 719 5443 (Ambr.)
763 5344 877 5421 Hoc
902 5365 969 5418 de
992 5376 1123 5416 nece
1152 5358 1537 5428 prophetarum
1565 5350 1722 5413 dixit,
1755 5362 1888 5416 quos
1916 5344 2056 5398 occi-

486 5466 680 5519 derunt
712 5457 957 5525 impigre,
994 5451 1060 5505 ad
1088 5452 1289 5505 bonum
1337 5457 1548 5513 segnes,
1600 5441 1666 5494 ad
1711 5434 2058 5507 parricidium

486 5555 722 5609 veloces.
761 5544 1015 5601 Contritio
1047 5551 1093 5595 et
1125 5538 1406 5607 infelicitas
1446 5536 1501 5587 in
1525 5532 1619 5585 viis
1663 5545 1860 5583 eorum.
1912 5525 2057 5591 Quo-

487 5647 632 5700 niam
680 5638 828 5695 citati
871 5642 1029 5689 erant
1064 5631 1130 5683 ad
1167 5624 1644 5687 malefaciendum,
1689 5621 1791 5674 iter
1820 5618 2058 5686 ipsorum

488 5735 575 5789 vel
629 5743 872 5801 gressum
924 5722 1233 5777 tribulatum
1270 5719 1324 5770 ct
1369 5714 1636 5769 infelicem
1686 5706 2056 5779 pronuntiant.

500 5823 562 5877 Et
597 5822 735 5875 uiam
776 5816 917 5869 pacis
951 5828 1054 5866 non
1090 5814 1454 5878 cognoverunt.
1513 5802 1613 5856 Via
1636 5800 1787 5869 pacis
1815 5797 1951 5853 lenis
1976 5801 2062 5850 est

2075 4549 2128 4609 D

2122 601 2272 647 actus
2294 594 2522 647 lllt)dCSll
2550 594 2638 647 isti
2669 601 2793 647 sunt
2827 588 3060 662 pacifici,
3097 598 3152 642 et
3176 603 3274 658 per
3312 589 3448 644 istos
3487 586 3596 641 itur
3627 588 3694 641 ad

2123 683 2308 737 Deum.
2357 682 2579 751 lllicrgo
2620 683 2738 737 haec
2777 682 3019 736 nolentes
3060 677 3222 743 scire,
3250 676 3531 747 elegerunt
3552 676 3692 730 viam

2124 776 2546 841 tribulationum,
2578 791 2675 845 per
2705 789 2865 842 quam
2890 774 2998 827 itur
3032 771 3099 825 ad
3130 770 3453 840 gehennam.
3497 766 3691 839 (0rig.)

2123 870 2225 937 Qui
2269 868 2509 938 quolibet
2536 865 2792 921 seandalo
2817 865 3051 918 animam
3082 877 3114 916 a
3139 860 3252 915 Deo
3275 867 3569 929 separant,‘
3591 856 3695 911 viri

2124 963 2445 1032 sanguinqu
2492 960 2878 1022 nominantur;
2922 957 3063 1011 sicut
3088 954 3234 1009 enim
3260 950 3534 1007 homicida
3564 947 3696 1003 dici-

2124 1062 2211 1108 tur
2241 1054 2330 1109 ille
2365 1053 2457 1122 qui
2497 1066 2691 1119 corpus
2732 1051 2800 1104 ab
2839 1048 3017 1102 anima
3045 1055 3280 1116 separat,
3314 1060 3421 1113 qua
3449 1042 3691 1097 viviﬁca-

2124 1153 2230 1210 tur,
2263 1144 2337 1198 ita
2362 1153 2417 1198 et
2443 1143 2611 1197 multo
2637 1141 2799 1195 etiam
2830 1139 3010 1193 verius
3031 1137 3118 1191 ille
3142 1136 3411 1191 homicida
3443 1134 3699 1188 dicendus

2123 1246 2225 1301 est,
2269 1236 2359 1303 qui
2397 1234 2630 1287 animam
2657 1247 2685 1286 a
2711 1247 2837 1286 vera
2878 1230 2988 1283 vita
3014 1236 3247 1297 separat,
3280 1242 3399 1295 qua:
3422 1234 3507 1279 est
3533 1224 3695 1278 Deus.

2124 1322 2291 1378 Pedes
2337 1331 2517 1377 autem
2565 1323 2667 1377 hoc
2708 1323 2761 1377 in
2799 1321 2917 1375 loco
2952 1320 3073 1375 illos
3103 1316 3364 1386 intellige,
3398 1314 3468 1369 de
3504 1314 3700 1384 quibus

2124 1414 2255 1469 dicit
2300 1414 2609 1482 Propheta:
2643 1410 2748 1465 Mei
2798 1420 2972 1464 autem
3016 1424 3143 1477 pene
3195 1407 3319 1459 moti
3374 1412 3497 1458 sunt
3547 1402 3701 1471 pedes

2126 1502 2298 1572 (Psal.
2332 1504 2543 1575 Lxxm),
2586 1505 2689 1557 hoc
2732 1510 2814 1556 est
2858 1499 3141 1555 consilium
3188 1512 3295 1567 quo
3338 1496 3549 1566 agimus
3599 1494 3702 1548 iter

2124 1597 2267 1650 vita}.
2294 1594 2573 1657 Contritio,
2598 1592 2791 1661 inquit,
2821 1600 2869 1644 et
2892 1588 3172 1658 infelicitas
3201 1590 3255 1640 in
3284 1587 3378 1640 viis
3416 1600 3619 1646 eorum,
3655 1593 3701 1636 et

2124 1690 2262 1740 viam
2305 1685 2447 1755 pacis
2491 1701 2594 1738 non
2631 1690 2998 1753 cognouerunt.
3024 1678 3181 1734 Unde
3205 1676 3336 1730 dicit
3365 1674 3420 1727 in
3450 1672 3700 1743 psalmis:

2126 1775 2230 1830 Cor
2261 1776 2540 1829 contritum
2562 1783 2608 1827 et
2637 1750 2971 1826 Itumiliatum
2998 1767 3137 1820 Deus
3170 1781 3274 1817 non
3302 1762 3501 1831 spernit
3527 1750 3700 1830 (Psal.

2126 1868 2211 1940 L);
2246 1867 2339 1923 sed
2367 1866 2509 1919 illam
2536 1863 2669 1919 dicit
2704 1860 3104 1921 contritioncm,
3148 1871 3251 1925 qua
3278 1862 3594 1924 peccatores
3628 1849 3705 1903 di-

2126 1966 2322 2015 cuntur
2368 1966 2650 2013 conterere
2684 1953 2873 2023 jugum
2912 1948 3123 2005 Domini
3153 1955 3206 2000 et
3236 1944 3503 2014 projicere
3531 1956 3563 1994 a
3589 1955 3705 1994 cer-

2125 2051 2333 2106 vicibus
2364 2050 2494 2102 suis.
2546 2045 2808 2100 Similiter
2834 2050 2887 2097 et
2914 2040 3223 2110 infelicitas,
3270 2035 3357 2091 vel
3397 2035 3539 2089 sicut
3578 2031 3705 2085 alibi

2127 2144 2343 2214 legitur,
2368 2142 2579 2195 miseria
2606 2135 2979 2207 accipiendum
3008 2140 3109 2195 est,
3153 2144 3260 2200 qua
3285 2129 3453 2183 miser
3482 2123 3705 2178 eﬁectus

2128 2244 2212 2291 est
2254 2235 2415 2289 homo
2452 2239 2507 2286 et
2552 2228 2769 2291 infelix,
2819 2226 2906 2297 qui
2936 2240 3054 2277 cum
3080 2223 3134 2276 in
3160 2222 3355 2273 honore
3395 2228 3564 2277 esset,
3602 2230 3701 2267 non

2127 2324 2400 2385 intellexit,
2432 2323 2519 2375 sed
2541 2328 2871 2389 comparatus
2911 2323 2986 2369 est
3018 2311 3273 2383 jumentis
3316 2306 3701 2378 insipientibus,

2128 2426 2175 2474 et
2200 2414 2385 2470 similis
2415 2413 2587 2481 factus
2617 2421 2690 2465 est
2726 2410 2801 2465 eis
2853 2403 3257 2478 (Psal.:erm).
3290 2401 3357 2456 Et
3385 2400 3528 2455 viam
3556 2397 3703 2466 pacis

2128 2522 2238 2561 non
2266 2512 2652 2575 cognoverunt.
2682 2499 2795 2555 Pax
2824 2508 3010 2555 nostra
3036 2496 3287 2551 Christus
3311 2500 3424 2556 est;
3457 2491 3546 2544 via
3575 2503 3703 2559 ergo

2128 2597 2295 2667 pacis,
2312 2596 2398 2649 via
2413 2592 2613 2649 Christi
2634 2602 2736 2648 est.
2764 2590 2871 2647 Sed
2901 2590 3004 2644 etsi
3032 2587 3365 2657 accipiamus
3397 2582 3543 2653 quod
3582 2594 3704 2650 pec-

2129 2699 2364 2751 calores,
2393 2687 2520 2741 dum
2543 2685 2797 2740 vitiorum
2824 2681 2981 2736 bellis
3007 2693 3220 2749 semper
3234 2684 3520 2745 urgentur,
3564 2670 3704 2723 viam

2128 2779 2279 2849 pacis
2292 2778 2561 2847 ignorant,
2577 2783 2722 2830 recte
2738 2772 3105 2842 intelligimus.
3117 2758 3258 2822 Dicit
3276 2767 3420 2821 enim
3435 2762 3701 2831 Pmpheta

2130 2870 2197 2924 ad
2223 2869 2508 2923 Dominum
2529 2885 2541 2920 :
2559 2864 2679 2919 Pax
2699 2864 2865 2918 multa
2894 2860 3225 2932 diligentibus
3253 2872 3439 2910 nomen
3460 2863 3633 2932 tuum,
3656 2860 3701 2904 et

2130 2976 2233 3015 non
2278 2968 2353 3013 est
2404 2956 2509 3011 illis
2565 2953 2874 3011 scandalum
2937 2930 3109 3022 (Psal.
3158 2944 3371 3016 cxvm).
3404 2943 3593 2997 Sedet
3619 2930 3703 2994 ille

2128 3052 2355 3123 populus
2385 3049 2476 3119 qui
2503 3049 2570 3103 de
2594 3046 2827 3116 IEgypto
2863 3045 3086 3099 eductus
3114 3048 3229 3103 est,
3260 3038 3405 3091 viam
3441 3033 3594 3103 pacis
3628 3030 3706 3083 in-

2132 3142 2316 3206 cessit,
2346 3148 2405 3192 ut
2432 3140 2485 3192 in
2519 3147 2716 3192 terram
2746 3131 3180 3206 repromissionis
3214 3127 3441 3191 veniret,
3472 3132 3528 3179 et
3559 3120 3707 3176 habi-

2126 3240 2279 3288 taret
2300 3231 2351 3284 in
2370 3228 2686 3291 Jerusalem,
2704 3243 2824 3298 quas
2845 3219 3366 3294 interpretaturvisio
3387 3215 3552 3283 pacis,
3570 3212 3706 3267 sicut

2134 3333 2190 3381 et
2214 3323 2485 3391 Propheta
2517 3320 2648 3374 dicit
2674 3334 2689 3372 :
2721 3314 2919 3369 Factus
2950 3323 3024 3368 est
3060 3314 3113 3365 in
3150 3325 3276 3382 pace
3315 3308 3461 3361 locus
3490 3305 3637 3374 ejus,
3663 3310 3708 3354 et

2136 3418 2389 3471 habitatio
2430 3414 2542 3484 ejus
2572 3415 2628 3466 in
2666 3410 2797 3466 Sion
2830 3405 3003 3479 (Psal.
3052 3401 3235 3471 Lxxv).
3276 3398 3497 3454 Plenius
3533 3402 3710 3447 autem

2136 3511 2281 3565 viam
2320 3483 2470 3576 pacis
2502 3502 2772 3575 agnoscit,
2816 3499 2909 3569 qui
2937 3498 3003 3552 ad
3032 3492 3267 3549 celestis
3293 3485 3593 3544 Jerusalem
3621 3483 3711 3536 ha-

2137 3575 2434 3656 bitaculum
2458 3593 2645 3659 tendit,
2677 3601 2737 3646 ut
2757 3590 2823 3646 ad
2851 3596 3091 3643 sanctam
3114 3582 3387 3638 civitatem
3412 3577 3510 3631 Dei
3533 3575 3712 3628 viven-

2140 3693 2210 3747 tis
2247 3689 2519 3746 ascendat.
2560 3684 2682 3740 Non
2704 3692 2780 3738 est
2822 3683 2978 3735 timor
3008 3678 3105 3731 Dei
3149 3684 3267 3729 ante
3299 3670 3479 3725 oculos
3515 3681 3709 3721 eorum.

2140 3781 2407 3850 Quoniam
2452 3774 2759 3845 hujusmodi
2784 3772 2903 3826 sine
2931 3783 3093 3825 sensu
3132 3772 3279 3829 sunt,
3325 3760 3424 3814 Dei
3470 3758 3715 3812 timorem

2142 3846 2249 3930 non
2270 3871 2492 3927 habent.
2517 3867 2737 3921 Initium
2755 3862 3027 3932 sapientia:
3048 3860 3203 3912 timor
3224 3851 3432 3907 Domini
3447 3848 3638 3921 (Eccli.
3654 3846 3717 3915 l),

2143 3968 2274 4022 dicit
2304 3963 2578 4019 Salomon.
2618 3958 2685 4013 Et
2709 3971 2816 4011 non
2847 3954 2982 4010 dixit
3022 3953 3271 4006 timorem
3320 3945 3417 3999 Dei
3464 3944 3567 3997 hos
3614 3955 3719 3994 non

2144 4056 2366 4120 habere,
2390 4053 2485 4108 sed
2512 4066 2616 4105 non
2642 4057 2737 4112 est,
2766 4044 2959 4115 inquit,
2986 4043 3143 4095 timor
3161 4039 3260 4092 Dei
3285 4043 3406 4088 ante
3428 4032 3609 4086 oculos
3631 4046 3719 4083 eo-

2147 4166 2263 4204 rum
2290 4162 2307 4199 :
2334 4146 2572 4200 videntes
2615 4140 2758 4195 enim
2805 4146 2915 4192 tam
2952 4132 3189 4204 maligna
3223 4126 3386 4197 opera
3411 4139 3507 4179 sua
3531 4133 3588 4177 et
3617 4136 3723 4175 non

2147 4243 2449 4300 horrentes,
2492 4234 2740 4288 timorem
2788 4226 2886 4281 Dei
2937 4225 3190 4279 dicuntur
3231 4227 3355 4272 ante
3389 4213 3579 4269 oculos
3620 4224 3723 4263 non

2148 4331 2369 4385 habere.
2410 4321 2594 4396 (Aug.)
2644 4321 2775 4375 Item
2816 4317 2922 4372 alio
2963 4314 3125 4369 modo
3162 4330 3175 4364 :
3218 4307 3341 4363 Non
3378 4316 3475 4369 est,
3530 4300 3722 4371 inquit,

2148 4425 2237 4495 qui
2270 4390 2432 4492 faciat
2466 4390 2652 4471 bonum
2677 4454 2691 4477 ,
2724 4428 2828 4464 non
2856 4416 2929 4463 est
2957 4422 3118 4476 usque
3141 4404 3207 4457 ad
3239 4415 3421 4454 unum.
3452 4394 3633 4465 Usque
3661 4390 3725 4443 ad

2155 4483 2335 4577 unum,
2384 4509 2470 4565 vel
2507 4521 2629 4562 cum
2678 4504 2795 4574 ipso
2829 4514 2936 4554 uno
2970 4504 3148 4568 potest
3187 4489 3433 4559 intelligi,
3463 4495 3527 4540 ut
3556 4483 3729 4537 nullus

2154 4604 2435 4675 hominum
2488 4573 2817 4667 intelligatur
2835 4633 2851 4659 ,
2881 4590 2966 4646 vel
2998 4596 3195 4659 praeter
3222 4596 3389 4636 unum
3412 4588 3475 4632 ut
3505 4573 3731 4643 accipia-

2157 4669 2245 4751 tur
2290 4691 2547 4748 Dominus
2595 4666 2864 4741 Christus.
2917 4678 3073 4733 Sicut
3119 4674 3393 4727 dicimus:
3436 4666 3544 4720 lste
3606 4676 3730 4731 ager

2154 4804 2327 4859 usque
2355 4787 2422 4840 ad
2445 4796 2595 4838 mare
2639 4788 2743 4834 est.
2778 4775 2896 4830 Non
2933 4772 3118 4840 utique
3159 4765 3319 4822 simul
3356 4769 3731 4831 computamus

2159 4892 2213 4936 et
2240 4848 2409 4934 mare.
2442 4875 2511 4928 Et
2539 4875 2638 4927 iste
2675 4877 2759 4923 est
2797 4866 2987 4921 melior
3018 4860 3338 4920 intellectus,
3367 4862 3429 4908 ut
3454 4862 3621 4906 nemo
3649 4848 3728 4899 in-

2162 4972 2431 5040 telligatur
2459 4965 2647 5020 fecisse
2673 4960 2968 5015 bonitatem
2996 4966 3167 5021 usque
3196 4949 3261 5003 ad
3289 4945 3589 5005 Christum,
3613 4938 3732 5007 quia

2162 5079 2267 5119 non
2298 5068 2475 5131 potest
2501 5057 2729 5126 quisque
2756 5050 3036 5106 hominum
3067 5046 3245 5099 facere
3269 5039 3595 5097 bonitatem,
3632 5027 3731 5085 nisi

2162 5158 2277 5226 ipse
2316 5147 2729 5209 monstraverit;
2760 5150 2814 5197 et
2858 5139 2987 5195 illud
3029 5150 3217 5191 verum
3258 5139 3365 5210 est,
3405 5126 3532 5196 quia
3568 5124 3733 5191 usque

2162 5207 2302 5314 quod
2322 5240 2562 5311 quisque.
2585 5240 2875 5304 cognoscat
2904 5244 3069 5283 unum
3097 5226 3287 5285 Deum,
3318 5207 3424 5275 non
3452 5221 3633 5285 potest
3660 5211 3735 5264 fa-

2163 5350 2285 5393 cere
2332 5332 2647 5386 bonitatem.
2692 5323 2997 5394 Sepulcrum
3024 5328 3205 5390 patens
3228 5323 3301 5369 est
3332 5318 3513 5382 guttur
3538 5322 3730 5359 eorum.

2163 5428 2270 5481 Aut
2308 5422 2578 5477 voracitas
2628 5414 2963 5486 significatur
3017 5408 3280 5464 inhiantis
3326 5402 3485 5472 gulae,
3543 5406 3637 5452 aut
3683 5395 3733 5448 in

2165 5515 2417 5586 allegoria
2470 5509 2598 5579 quia
2646 5502 2920 5566 occidunt,
2969 5509 3023 5554 et
3064 5496 3215 5567 quasi
3260 5494 3522 5547 devorant
3567 5487 3733 5540 inter-

2164 5609 2334 5663 fectos
2383 5616 2497 5667 eos,
2546 5597 2740 5667 quibus
2793 5606 3012 5648 suorum
3065 5600 3277 5644 morum
3322 5579 3734 5651 perversitatem

2164 5698 2528 5770 persuadent:
2570 5690 2655 5744 cui
2686 5687 2858 5742 simile
2908 5694 2991 5739 est
3025 5678 3350 5755 econtrario,
3397 5672 3539 5743 quod
3578 5670 3735 5722 Petro

2164 5754 2365 5846 dictum
2387 5794 2491 5851 est,
2520 5781 2699 5837 Macta
2737 5787 2784 5832 et
2830 5775 3092 5831 manduca
3124 5771 3262 5843 (Act.
3288 5754 3370 5838 ﬁt),
3409 5774 3469 5820 ut
3499 5764 3556 5817 in
3582 5770 3732 5815 suam
