3960 6324
227 371 370 427 1557

754 368 1298 429 ENARRATIONUM
1335 372 1401 428 IN
1441 372 1589 430 EPP.
1631 371 1837 431 PAULI
1875 372 2002 428 LIB.
2039 373 2097 430 ΙΙ.
2139 405 2208 415 —
2243 374 2310 430 IN
2343 377 2560 435 EPIST.
2602 381 2693 435 AD
2731 381 2895 438 ROM.

3327 391 3467 448 I558

229 487 392 544 ﬁdem
422 494 477 541 et
521 485 692 540 bonos
736 501 915 542 mores
955 496 1141 557 gentes
1186 495 1542 543 converteret.
1583 487 1799 558 Linguis
1826 489 1961 549 Aut
1997 505 2102 544 non
2144 501 2356 546 nostras
2397 508 2518 548 cum
2563 495 2834 563 docemus,
2884 497 2980 553 sed
3019 499 3190 554 sancti
3237 499 3469 572 Spiritus

229 581 341 634 suis
384 577 564 632 dolose
615 577 850 647 agebant.
901 576 1093 632 Comes
1121 586 1204 631 est
1229 579 1514 633 voracibus
1543 577 1799 643 adulatio,

230 679 287 726 et
311 668 564 724 euntibus
592 667 766 723 malis.
811 667 1069 722 Venenum
1115 669 1353 736 aspidunt
1391 669 1485 722 sub
1526 668 1678 722 labiis
1710 685 1798 722 co-

231 780 367 816 rum.
412 760 689 817 Venenum
709 760 952 816 dolosum
979 759 1130 814 dicit.
1161 760 1421 830 Aspidum
1447 769 1650 824 autem,
1675 759 1801 829 quia

229 854 421 909 nolunt
458 853 645 907 audire
684 860 951 926 praecepta
995 851 1146 921 legis,
1181 851 1322 904 sicut
1360 851 1573 918 aspides
1615 851 1803 905 nolunt

228 943 415 998 audire
449 944 613 997 verba
643 941 1009 995 incantantis:
1047 939 1190 1008 quod
1233 938 1285 992 in
1312 937 1417 993 alio
1451 938 1658 1008 psalmo
1691 939 1801 994 evi-

230 1034 450 1088 dentius
473 1031 688 1096 dicitur,
714 1047 935 1101 quorum
973 1046 1029 1084 os
1069 1029 1436 1083 maledictione
1463 1036 1510 1080 et
1538 1028 1799 1081 amaritu-

226 1124 349 1177 dine
377 1125 586 1192 plenum
607 1131 702 1185 est,
731 1123 835 1176 hoc
861 1129 964 1185 est,
994 1135 1255 1175 venenum
1289 1118 1532 1187 aspidum
1563 1132 1578 1170 :
1609 1117 1802 1171 veloces

223 1214 379 1283 pedes
419 1229 598 1266 eorum
637 1211 704 1264 ad
749 1211 1122 1280 e/fundendum
1169 1210 1472 1279 sanguinent
1513 1216 1802 1263 consuetu-

224 1306 350 1359 dine
397 1301 766 1358 malefaciendi
807 1320 818 1354 :
848 1301 1092 1354 contritio
1124 1309 1170 1353 et
1192 1298 1473 1368 infelicitas
1500 1299 1554 1351 in
1587 1297 1679 1351 viis
1711 1313 1799 1351 eo-

225 1413 380 1460 rum;
429 1410 617 1450 omncs
665 1394 808 1449 enim
852 1393 1114 1447 malorum
1166 1391 1442 1445 hominum
1491 1391 1589 1444 viae
1631 1389 1800 1460 plena:

221 1495 354 1541 sunt
396 1485 671 1568 laboribus
716 1493 771 1538 et
811 1482 1049 1538 miseria.
1097 1482 1220 1537 Ideo
1259 1482 1519 1537 Dominus
1562 1481 1795 1536 clamat:
1824 1483 1836 1500 '

232 1575 414 1629 Venite
441 1575 508 1627 ad
534 1591 630 1639 me,
649 1573 757 1644 ‘qui
794 1573 1065 1638 laboratis,
1092 1582 1139 1626 et
1164 1589 1255 1643 ego
1285 1590 1371 1626 vos
1403 1572 1654 1641 reﬁciam.
1682 1570 1800 1624 Tol-

216 1668 312 1721 lite
353 1667 542 1737 jugum
583 1683 776 1730 meum,
827 1674 874 1719 et
909 1665 1090 1719 discite
1131 1682 1162 1718 a
1207 1681 1306 1729 me,
1345 1663 1469 1733 quia
1510 1664 1647 1716 mitis
1681 1677 1798 1716 sum

216 1770 269 1813 et
297 1758 508 1812 humilis
534 1758 688 1812 corde
709 1772 727 1808 .'
739 1758 929 1828 jugum
952 1759 1088 1811 enim
1112 1772 1281 1809 meum
1303 1771 1460 1809 suave
1480 1763 1578 1820 est,
1608 1763 1655 1807 et
1685 1769 1800 1807 sar-

1904 579 2202 633 seutcntias
2223 579 2579 648 proferamus.

1975 665 2182 721 Scimus
2224 679 2395 723 autent
2436 674 2682 740 quoniam
2739 679 3193 748 qumcunquelem
3238 679 3472 750 loquitur

1902 757 1981 810 Itis
2012 760 2101 829 qui
2135 760 2190 813 in
2219 759 2327 842 lege
2369 772 2524 827 sunt,
2555 764 2804 834 loquitur.
2847 768 3094 843 (Ambr.)
3123 770 3468 828 Manifestum

1852 869 1856 872 ·
1901 855 1980 902 est
2006 850 2131 918 quia
2162 849 2260 905 hos
2287 851 2528 920 increpat
2570 854 2657 908 lex
2686 857 2776 924 qui
2805 865 2863 911 et
2884 858 3115 928 primum
3139 872 3251 916 non
3291 861 3468 916 credi-

1903 939 2096 994 derunt
2120 943 2242 996 duci
2281 959 2378 998 suo
2424 943 2612 1015 Moysi,
2639 962 2811 1015 neque
2849 950 3121 1020 prophetis
3153 954 3467 1022 parentibus

1902 1030 2034 1095 suis,
2070 1048 2206 1101 quos
2231 1043 2286 1088 et
2313 1044 2698 1105 persequentes
2735 1039 3082 1117 occiderunt,
3131 1058 3303 1112 neque
3332 1058 3463 1113 apo-

1902 1119 2052 1174 stolis
2079 1123 2318 1193 cognatis
2349 1126 2460 1178 suis
2485 1127 2779 1180 secundum
2815 1143 3053 1195 carnem,
3083 1147 3307 1208 quorum
3337 1149 3464 1189 san-

1901 1209 2116 1279 guinem
2142 1211 2466 1280 effuderunt,
2498 1230 2712 1285 semper
2741 1217 2888 1287 impii
2920 1227 2976 1272 et
3004 1219 3056 1273 in
3086 1219 3251 1275 Deutn
3290 1225 3464 1279 rebel-

1900 1298 1999 1364 les,
2053 1309 2111 1354 ut
2148 1317 2243 1370 per
2279 1303 2449 1372 legem
2480 1307 2816 1361 damnentur.
2865 1307 3016 1363 Sicut
3055 1311 3196 1366 enim
3231 1317 3469 1371 omnium

1900 1389 2163 1443 malorum
2207 1406 2312 1444 una
2349 1401 2432 1446 est
2469 1408 2629 1448 causa
2663 1396 2716 1449 in
2740 1397 2898 1461 malo,
2951 1398 3023 1451 ita
3060 1406 3116 1454 et
3150 1410 3468 1457 cunctorum

1897 1479 2162 1534 bonorum
2208 1481 2262 1534 in
2301 1481 2442 1536 bono
2474 1501 2485 1535 :
2515 1481 2567 1535 in
2608 1483 2726 1538 istis
2763 1499 2888 1554 ergo
2930 1488 3169 1541 omnium
3207 1489 3463 1545 similium

1899 1570 2144 1640 arguitur
2187 1569 2405 1624 malum.
2453 1570 2578 1627 Haec
2633 1573 2701 1628 ad
2751 1571 3052 1631 Iudaeorum
3097 1579 3466 1636 confusionem

1897 1661 2190 1728 pertinent,
2241 1661 2332 1732 qui
2360 1662 2463 1718 sibi
2491 1671 2547 1718 et
2582 1664 2896 1734 parentibus
2938 1666 3050 1722 suis
3097 1669 3465 1725 testimonium

1898 1765 1964 1803 ex
1991 1749 2108 1820 lege
2135 1749 2395 1806 ferebant.

216 1852 342 1905 cina
363 1867 478 1904 mea
496 1850 617 1905 levis
633 1859 708 1904 est
733 1849 948 1921 (Matth.
973 1849 1070 1920 χι).
1096 1848 1322 1924 Et,viam
1341 1849 1484 1917 pacis
1509 1863 1613 1899 non
1640 1857 1798 1914 agno:
1826 1838 1872 1898 B
1926 1917 1930 1921 _
1971 1829 2042 1892 Ut
2068 1857 2216 1894 omne
2245 1858 2300 1894 οδ
2321 1842 2637 1909 obstruatur,
2666 1855 2714 1900 et
2734 1847 2972 1903 subditus
2995 1848 3091 1916 ﬁat
3123 1851 3289 1903 omnis
3316 1866 3468 1904 mun-

217 1952 424 1996 verunt.
469 1940 621 1995 Hanc
655 1942 840 2010 utique
875 1956 1035 2010 quam
1073 1939 1350 2004 Dominus,
1394 1947 1453 1991 ut
1482 1938 1613 2003 dixi,
1643 1953 1793 1992 com-

217 2042 509 2097 memorat,
556 2033 610 2087 in
648 2034 776 2103 jugo
844 2033 993 2086 suavi
1041 2040 1094 2088 et
1137 2031 1351 2088 sarcina
1398 2031 1519 2084 levi.
1567 2029 1691 2082 Non
1721 2040 1795 2083 est

216 2126 380 2180 timor
408 2124 506 2179 Dei
544 2134 663 2178 ante
694 2124 869 2178 oculos
910 2141 1110 2179 eorum.
1150 2123 1239 2179 Isti
1270 2141 1374 2179 non
1417 2124 1634 2188 dicunt,
1671 2123 1795 2177 Non

211 2225 294 2269 est
328 2213 488 2280 Deus,
520 2215 613 2270 sed
643 2223 822 2270 tamen
854 2231 958 2270 non
988 2217 1178 2270 timent
1206 2214 1393 2270 Deum.
1429 2199 1796 2286 (0rig.)iPra:-

215 2305 455 2359 diximus
477 2304 590 2373 jam
616 2306 759 2375 quod
799 2307 852 2360 in
891 2307 991 2361 hac
1018 2305 1258 2376 Epistola
1286 2304 1502 2370 Paulus,
1533 2304 1679 2357 velut
1706 2318 1796 2356 ar-

217 2397 365 2451 biter
389 2397 604 2466 quidam
634 2397 774 2452 inter
812 2413 906 2454 eos
946 2400 1037 2468 qui
1079 2414 1145 2453 ex
1183 2399 1594 2453 circumcisione
1621 2397 1794 2452 credi-

214 2487 438 2553 derunt,
481 2498 535 2543 et
568 2504 660 2545 eos
681 2490 774 2558 qui
803 2505 869 2545 ex
897 2491 1167 2561 gentibus,
1200 2500 1460 2560 temperet
1490 2502 1792 2544 sermonem

215 2595 435 2650 semper
459 2588 514 2636 et
536 2580 716 2648 libret,
741 2590 796 2637 et
821 2599 964 2638 nunc
992 2584 1113 2649 hos,
1142 2598 1285 2638 nunc
1307 2583 1444 2648 illos,
1490 2583 1542 2637 in
1573 2582 1794 2652 quibus-

214 2670 341 2725 dam
374 2673 618 2727 videatur
637 2688 885 2744 arguere,
914 2680 969 2728 et
993 2688 1208 2728 sursum
1233 2671 1332 2742 per
1355 2673 1592 2743 singulas
1609 2680 1792 2742 partes

213 2772 474 2831 certaque
509 2778 604 2832 spe
631 2763 1001 2833 promissionis
1035 2765 1246 2818 animae.
1304 2763 1442 2831 Quia
1479 2778 1609 2834 ergo
1642 2764 1790 2818 visus

212 2852 394 2908 fuerat
437 2855 488 2908 in
529 2855 898 2924 superioribus
941 2855 1154 2920 dicere,
1199 2853 1450 2922 quoniam
1498 2854 1545 2908 si
1579 2865 1788 2922 praepu-

213 2943 350 2997 tium
374 2945 638 3015 justitiam
674 2945 808 3016 legis
847 2946 1130 3008 custodiat,
1151 2944 1414 3014 judicabit
1449 2957 1573 2998 eum
1610 2942 1702 3012 qui
1735 2943 1787 2997 in

210 3034 623 3091 circumcisione
670 3035 1055 3105 praevaricator
1107 3045 1191 3090 est
1236 3036 1388 3106 legis,
1443 3050 1655 3090 rursum
1692 3049 1786 3091 eos

209 3139 351 3195 quos
371 3127 752 3181 bumiliaverat
774 3125 955 3180 levare
985 3125 1190 3180 addidit
1215 3143 1226 3178 :
1247 3124 1386 3190 Quid
1409 3142 1529 3195 ergo
1557 3126 1782 3194 amplius

1898 1931 1996 1986 dus
2019 1933 2151 1988 Deo.
2181 1932 2292 1988 Hoc
2322 1935 2468 2000 dicit,
2491 1937 2612 2005 quia
2643 1936 2838 1995 Iudaeis
2864 1940 2916 1994 in
2958 1943 3195 2011 peccatis
3241 1942 3469 1996 constri-

1899 2025 2018 2090 ctis,
2057 2026 2230 2079 omnis
2260 2028 2492 2082 mundus
2517 2029 2761 2084 subditus
2789 2030 2846 2084 ﬁt
2867 2030 2996 2085 Deo.
3029 2032 3168 2086 Nulli
3197 2033 3338 2086 enim
3367 2032 3466 2087 du-
3532 2088 3534 2090 ,

1895 2113 2042 2167 bium
2074 2124 2186 2181 est,
2225 2118 2565 2187 quinpagani
2593 2121 2771 2174 obruti
2801 2123 2907 2177 sint
2951 2122 3160 2178 delictis
3196 2132 3252 2178 et
3278 2123 3466 2192 impie-

1897 2206 2119 2272 tatibus,
2170 2223 2234 2261 ac
2263 2223 2360 2276 per
2398 2209 2500 2263 hoc
2545 2219 2687 2266 totus
2735 2213 2963 2268 mundus
3011 2214 3121 2268 Deo
3160 2221 3464 2282 prostratus

1896 2293 1998 2360 sit,
2031 2304 2090 2349 ut
2115 2296 2281 2364 possit
2310 2297 2377 2350 ad
2417 2297 2800 2368 indulgentiam
2845 2301 3162 2370 pervenire,
3198 2300 3325 2369 quia
3349 2314 3466 2353 om-

1895 2384 1979 2438 nis
2009 2386 2237 2441 mundus
2263 2385 2432 2462 Judaei
2453 2398 2607 2442 erant
2635 2397 2689 2444 et
2723 2390 2970 2460 gentiles,
3001 2407 3031 2444 a
3053 2391 3246 2461 quibus
3285 2403 3465 2460 segre-

1894 2473 2002 2543 gati
2051 2485 2174 2530 sunt
2219 2475 2418 2531 lideles.
2473 2477 2694 2543 Quando
2721 2493 2848 2550 ergo
2876 2479 3107 2546 Judzeos,
3151 2481 3242 2550 qui
3288 2481 3460 2551 legem

1894 2573 2219 2633 acceperunt
2263 2580 2290 2616 a
2332 2565 2462 2633 Deo,
2507 2575 2563 2621 et
2607 2569 2802 2636 quibus
2849 2567 2991 2623 facta
3039 2569 3327 2638 promissio
3357 2578 3462 2636 est,

1890 2656 2128 2725 peccatis
2166 2655 2360 2724 probat
2400 2657 2690 2723 obnoxios,
2743 2659 2961 2713 dubium
3007 2673 3112 2715 non
3151 2669 3234 2715 est
3275 2675 3463 2715 omnes

1891 2746 2107 2801 Graecos
2132 2761 2254 2800 reos
2274 2760 2392 2801 esse
2426 2748 2636 2801 mortis.
2665 2747 3021 2814 QuamObrem
3049 2766 3062 2802 :
3096 2748 3260 2801 Omne
3291 2764 3346 2801 os
3371 2748 3462 2801 ob-

1889 2847 2152 2902 struatur,
2177 2837 2270 2901 ait,
2296 2847 2344 2890 et
2363 2837 2600 2891 subditus
2639 2840 2734 2907 ﬁat
2755 2840 2921 2893 omnis
2942 2838 3166 2894 mundus
3187 2839 3318 2904 Deo,
3335 2839 3460 2894 dum

1886 2945 2073 2984 omnes
2095 2931 2174 2984 rei
2197 2931 2476 3001 approbati
2512 2932 2757 3004 indigent
2795 2933 3162 2988 misericordia
3186 2933 3319 2998 Dei,
3353 2941 3460 2988 tam

1884 3022 2073 3088 Judaei,
2104 3038 2266 3092 quam
2317 3025 2480 3077 etiam
2529 3023 2720 3080 Graeci.
2756 3025 2954 3096 (Oi-ig.)
2987 3025 3091 3080 Sed
3122 3026 3462 3094 requiramus

1888 3126 2101 3165 omnem
2120 3114 2398 3176 mundum,
2427 3112 2514 3166 hic
2546 3113 2674 3180 quid
2701 3113 3061 3181 appellaverit.
3084 3113 3459 3182 Nunquidnam

208 3223 286 3268 est
315 3213 523 3278 Iudaeo,
563 3225 654 3268 aut
679 3230 795 3284 qua:
836 3213 1035 3268 utilitas
1075 3214 1527 3268 circumcisionis?
1563 3213 1784 3266 multum
1813 3203 1857 3264 C
1891 3202 2171 3271 putabitur
2219 3202 2394 3256 omnis
2443 3202 2672 3256 mundus
2715 3203 2786 3256 ita
2842 3213 3089 3257 terrenus
3134 3203 3221 3258 hic
3262 3203 3457 3257 debere

204 3321 303 3373 per
331 3321 533 3358 omnem
562 3306 772 3359 modum
793 3317 815 3357 :
839 3307 1004 3376 primo
1034 3305 1239 3375 quidem
1281 3305 1404 3374 quia
1435 3304 1633 3357 credita
1669 3311 1789 3357 sunt

205 3393 317 3450 illis
345 3397 549 3465 eloquia
599 3395 716 3449 Dei.
769 3395 896 3450 Post
934 3396 1048 3452 haec
1095 3411 1216 3450 cum
1268 3396 1356 3450 hic
1395 3404 1788 3464 consequenter

208 3487 456 3555 quaedam
497 3485 686 3541 fuisset
712 3496 1029 3556 prosecutus
1085 3487 1310 3552 addidit,
1355 3501 1498 3540 nunc
1528 3497 1582 3540 et
1610 3486 1782 3541 dicit:

206 3576 350 3644 Quid
395 3592 524 3647 ergo
567 3587 807 3633 tenemus
849 3578 1119 3647 amplius?
1160 3578 1365 3633 causati
1409 3579 1553 3632 enim
1598 3592 1783 3633 sumus

203 3668 424 3723 Iudaeos
452 3677 506 3723 et
537 3666 754 3724 Graecos
791 3685 980 3725 onmes
1005 3670 1104 3724 sub
1127 3678 1348 3739 peccato
1377 3683 1518 3724 esse.
1555 3667 1709 3736 Quod
1735 3667 1782 3724 si

203 3775 395 3816 omnes
432 3760 532 3816 sub
572 3768 794 3830 peccato
843 3770 986 3826 sunt,
1033 3776 1139 3816 non
1183 3761 1284 3816 erit
1328 3760 1573 3816 elationis
1618 3774 1782 3815 causa

205 3851 302 3904 uni
329 3851 614 3941 a‘lversum
656 3851 842 3916 alium,
872 3865 992 3906 cum
1023 3860 1246 3919 uterque
1267 3866 1373 3906 non
1399 3866 1463 3904 ex
1495 3865 1590 3904 sua
1616 3849 1778 3918 justi-

206 3943 306 4007 tia,
330 3938 423 3996 sed
447 3956 511 3996 ex
543 3940 635 3994 Dei
661 3939 1031 3995 misericordia
1060 3939 1242 3994 veniat
1267 3940 1335 3994 ad
1361 3939 1608 3993 salutem.
1651 3938 1780 3992 Pro-

200 4030 354 4085 havit
387 4044 514 4101 ergo
538 4029 754 4085 Graecos
785 4030 1021 4100 quidem,
1057 4029 1109 4083 id
1144 4037 1225 4083 est
1263 4028 1507 4098 gentiles,
1537 4042 1657 4085 esse
1681 4027 1781 4083 sub

204 4131 428 4191 peccato
464 4137 584 4176 cum
631 4123 743 4176 ait:
777 4121 1016 4176 Dicentes
1066 4122 1202 4176 enim
1247 4139 1300 4176 se
1343 4139 1452 4176 esse
1497 4123 1774 4191 sapientes,

199 4213 351 4267 stulti
377 4213 504 4282 facti
525 4222 664 4277 sunt,
696 4223 743 4266 et
767 4221 1098 4268 mutaverunt
1123 4213 1343 4282 gloriam
1368 4211 1776 4281 incorruptibilis

199 4300 304 4354 Dei
331 4301 384 4354 in
423 4300 815 4354 similitudinem
865 4300 1107 4370 imaginis
1157 4301 1505 4370 corruptibilis
1552 4300 1775 4356 hominis

199 4405 250 4448 et
291 4393 578 4457 volucrum,
605 4403 652 4447 et
681 4394 1097 4464 quadrupedum,
1121 4402 1171 4446 et
1189 4393 1524 4463 serpentium.
1554 4387 1776 4462 Propter

198 4486 341 4557 quod
379 4485 598 4538 tradidit
633 4502 718 4539 eos
761 4484 1014 4540 Dominus
1058 4487 1113 4538 in
1150 4485 1420 4554 reprobum
1461 4500 1687 4547 sensum,
1720 4495 1774 4538 et

1890 3291 2112 3360 intelligi
2135 3291 2305 3356 locus,
2337 3300 2395 3344 ut
2423 3301 2478 3344 et
2504 3294 2748 3356 arbores,
2773 3301 2828 3347 et
2851 3292 3050 3362 lapides
3086 3303 3140 3346 et
3167 3293 3366 3358 herbae,
3395 3309 3459 3348 ac

1889 3381 2092 3434 semina
2121 3389 2176 3435 et
2197 3380 2386 3450 platea:
2415 3396 2535 3450 qua:
2556 3381 2611 3434 in
2642 3381 2756 3450 ipso
2784 3390 2908 3436 sunt
2939 3382 3143 3452 pariter
3169 3382 3456 3438 nominata:

1885 3476 2028 3530 sint?
2075 3482 2258 3544 partes
2287 3475 2431 3528 enim
2458 3475 2643 3530 mundi
2681 3475 2836 3545 hujus
2871 3491 2988 3530 esse
3035 3476 3238 3545 singula
3271 3476 3459 3530 viden-

1888 3576 1993 3622 tur.
2027 3565 2142 3620 Non
2167 3565 2403 3620 arbitror
2431 3566 2505 3620 ita
2537 3567 2844 3636 quempiam
2869 3567 3104 3637 ineptum
3144 3567 3370 3622 inveniri
3395 3575 3455 3621 ut

1884 3657 1998 3711 haec
2028 3657 2197 3725 possit
2222 3671 2484 3711 asserere.
2521 3657 2709 3712 Restat
2746 3658 2909 3727 igitur
2945 3665 3006 3712 ut
3045 3672 3260 3712 omnem
3289 3673 3449 3711 mun-

1884 3751 2009 3806 dutn
2038 3791 2052 3816 ,
2111 3767 2290 3812 omne
2323 3752 2642 3807 rationabile
2702 3751 2900 3806 animal
2957 3752 3137 3816 dicat,
3205 3760 3262 3806 et
3315 3751 3455 3806 sicut

1880 3857 2039 3897 omne
2065 3843 2207 3911 quod
2234 3843 2604 3897 irrationabile
2627 3851 2730 3908 est,
2753 3844 3019 3912 excipitur
3043 3857 3110 3898 ex
3137 3843 3240 3897 hoc
3266 3857 3449 3909 sensu,

1880 3939 1953 3993 ita
2018 3938 2163 3994 nulla
2207 3939 2339 3992 mihi
2375 3939 2590 3994 videtur
2641 3938 2710 3993 ab
2769 3938 2873 3993 hac
2926 3936 3230 3993 conditione
3287 3936 3454 3991 ratio-

1880 4031 2074 4086 nabilis
2123 4040 2373 4086 creatura
2423 4033 2634 4088 secerni
2667 4050 2679 4086 :
2708 4032 2882 4086 omnis
2918 4046 3046 4102 ergo
3093 4032 3322 4085 mundus
3357 4031 3450 4085 ob-

1879 4123 2071 4176 noxius
2107 4122 2167 4194 lit
2196 4123 2306 4178 Deo
2338 4138 2434 4192 per
2461 4124 2562 4178 hoc
2605 4124 2747 4194 quod
2775 4123 2946 4193 legem
2987 4121 3283 4176 naturalem
3317 4113 3454 4176 inse-

1878 4216 1986 4271 ruit
2009 4217 2278 4279 omnibus,
2303 4217 2369 4270 de
2391 4216 2585 4284 quibus
2613 4224 2668 4270 et
2694 4216 2746 4269 in
2768 4214 2874 4269 alio
2902 4213 3019 4268 loco
3057 4213 3186 4267 dicit
3230 4209 3450 4282 (Philip.

1877 4323 1915 4361 tt
1947 4310 2003 4377 ),
2035 4307 2176 4375 quod
2203 4308 2257 4359 in
2295 4307 2500 4360 nomine
2527 4307 2653 4360 Jesu
2685 4323 2832 4360 omne
2855 4323 2988 4376 genu
3022 4305 3257 4373 ﬂectetur
3297 4302 3446 4356 caele-

1875 4397 2034 4451 stium
2063 4405 2111 4450 et
2138 4397 2460 4450 terrestrium
2489 4407 2538 4450 et
2566 4396 2910 4466 infernarum.
2963 4395 3128 4466 (Aug.
3155 4395 3173 4465 )
3221 4393 3450 4448 Conclu-

1879 4489 1950 4543 sit
1979 4487 2256 4556 Scriptura
2307 4488 2491 4542 omnia
2539 4489 2638 4542 sub
2672 4497 2914 4558 peccato,
2962 4495 3020 4539 ut
3066 4486 3352 4555 promissio
3380 4500 3446 4538 ex

200 4546 427 4644 reliqua.
460 4574 671 4630 Iudaeos
695 4589 821 4630 vero
847 4589 967 4629 cum
994 4575 1123 4628 dicit
1151 4592 1162 4627 :
1196 4573 1253 4627 Si
1271 4585 1443 4627 autent
1467 4584 1524 4626 tu
1552 4573 1774 4628 Judcrus
1801 4546 1854 4605 D
1881 4579 1983 4633 lide
2012 4546 2136 4633 Jesu
2163 4579 2365 4633 Christi
2396 4579 2616 4632 daretur
2646 4546 2988 4632 credentibus
3016 4591 3030 4629 :
3058 4578 3155 4642 ita,
3199 4576 3449 4638 Domine,

198 4667 608 4736 cognominaris,
632 4674 679 4717 et
711 4666 985 4734 requiescis
1012 4666 1064 4717 in
1091 4665 1214 4734 lege,
1243 4674 1296 4719 et
1328 4665 1554 4733 reliqua,
1579 4665 1775 4733 quibus

198 4754 408 4810 addidit
429 4773 441 4807 :
470 4752 570 4819 Qui
593 4771 712 4824 ergo
733 4755 883 4807 doces
899 4755 1086 4818 alium,
1109 4755 1328 4824 teipsum
1353 4771 1454 4807 non
1475 4758 1658 4818 doces;
1683 4756 1774 4825 qui

195 4847 454 4918 praedicas
499 4862 600 4899 non
640 4847 943 4914 furandum,
968 4847 1187 4914 furaris,
1219 4855 1321 4901 etc.
1352 4844 1478 4900 Post
1511 4847 1620 4900 lucc
1644 4863 1774 4919 ergo

199 4935 351 4999 dicit,
398 4937 520 5005 quia
561 4937 763 4988 causali
809 4953 988 4989 sumus
1029 4935 1250 4989 Juda’os
1279 4944 1325 4990 et
1361 4933 1568 4990 ercos
1594 4954 1770 4993 omnes

198 5027 294 5084 sub
321 5037 529 5098 peccato
566 5044 696 5081 esse.
727 5027 853 5082 Post
879 5028 993 5081 haec
1023 5044 1180 5094 vero,
1221 5037 1277 5081 ut
1315 5028 1363 5082 ei
1397 5031 1560 5084 moris
1585 5039 1670 5085 est
1709 5031 1774 5086 de

198 5120 494 5190 Scripturis
523 5121 723 5174 sanctis
753 5118 866 5172 vult
895 5119 1182 5186 all‘trmare,
1221 5121 1584 5190 quaedixerat
1611 5123 1772 5178 simul

197 5219 255 5266 et
283 5211 590 5264 doctoribus
619 5209 872 5263 Ecclesiae
896 5211 1101 5278 praebet
1133 5211 1458 5279 exemplum,
1484 5221 1543 5265 ut
1570 5227 1632 5266 ea
1652 5227 1771 5280 qua:

198 5300 489 5370 loquuntur
523 5301 589 5353 ad
615 5299 868 5368 populum
898 5314 1004 5353 non
1035 5300 1264 5370 propriis
1293 5310 1615 5370 praesumpta
1645 5317 1769 5356 sen-

203 5390 404 5455 tentiis,
435 5390 527 5444 sed
561 5390 754 5444 divinis
785 5389 987 5443 munita
1027 5391 1347 5444 testimoniis
1372 5389 1667 5459 proferant.
1709 5391 1767 5446 Si

197 5482 338 5536 cnim
381 5481 493 5550 ipse
525 5490 701 5534 tantus
729 5496 792 5534 ac
819 5480 942 5533 talis
968 5480 1258 5548 Apostolus
1281 5482 1655 5537 auctoritatem
1685 5484 1766 5538 di-

196 5577 410 5626 ctorum
459 5585 676 5625 suorum
707 5569 946 5625 sutlicere
968 5585 1124 5640 posse
1151 5587 1257 5625 non
1288 5573 1479 5637 credit,
1526 5575 1629 5628 nisi
1675 5576 1769 5629 do-

198 5677 320 5724 ceat
362 5669 416 5722 in
457 5668 571 5738 lege
610 5676 663 5722 et
700 5667 976 5738 prophetis
1025 5669 1226 5736 scripta
1274 5682 1392 5721 esse
1433 5683 1551 5736 qure
1603 5669 1766 5736 dicit,

198 5769 399 5821 tluattto
445 5760 614 5830 magis
653 5775 752 5815 nos
781 5760 1001 5815 minime
1032 5759 1134 5815 hoc
1175 5760 1464 5815 observare
1493 5762 1764 5827 debemus,

1879 4669 1950 4722 ita
1974 4667 2088 4732 fac,
2119 4668 2428 4721 misericors
2453 4666 2695 4730 Domine,
2738 4666 2943 4735 impera
2975 4666 3117 4736 quod
3147 4681 3252 4720 non
3282 4665 3452 4735 possit

1878 4759 2115 4828 impleri;
2159 4759 2266 4813 imo
2299 4759 2526 4827 impera,
2559 4757 2701 4828 quod
2733 4773 2836 4811 non
2881 4758 2983 4811 nisi
3020 4772 3117 4824 per
3157 4763 3300 4809 tuam
3327 4771 3444 4823 gra-

1879 4850 2006 4903 tiam
2037 4849 2204 4916 possit
2230 4847 2480 4915 impleri:
2519 4855 2576 4899 ut
2601 4861 2721 4900 cum
2748 4846 2991 4900 homines
3026 4859 3122 4914 per
3159 4860 3284 4899 suas
3306 4846 3447 4898 vires

1876 4939 2168 5008 adimplere
2191 4938 2567 5006 nequiverunt,
2595 4948 2755 4990 omne
2773 4951 2835 4989 os
2857 4937 3188 4999 obstruatur,
3213 4943 3266 4987 et
3288 4949 3445 4986 nemo

1877 5028 1979 5083 sibi
2012 5044 2237 5098 magnus
2265 5027 2540 5090 videatur,
2592 5027 2700 5081 sint
2727 5042 2916 5081 omnes
2945 5025 3186 5095 parvuli,
3235 5035 3289 5079 et
3322 5041 3447 5080 rcus

1875 5123 1970 5177 ﬁat
2011 5123 2188 5177 omnis
2229 5121 2459 5174 mundus
2495 5120 2614 5185 tibi,
2657 5121 2781 5190 quia
2811 5135 2919 5175 non
2959 5117 3345 5188 justillcabitur
3381 5135 3447 5174 ex

1873 5214 1991 5286 lege
2017 5214 2194 5267 omnis
2225 5226 2354 5265 caro
2381 5225 2566 5266 coram
2595 5221 2665 5266 te.

1946 5307 2203 5373 Quoniam
2239 5305 2467 5375 quidem,
2499 5322 2599 5358 non
2603 5305 3058 5374 justiﬁcabiturea:
3072 5302 3449 5371 operibuslegis

1876 5399 2044 5451 ontnis
2069 5413 2190 5450 caro
2219 5411 2396 5448 coram
2438 5394 2568 5449 Deo.
2611 5395 2762 5460 Quod
2788 5403 2968 5451 autem
3007 5395 3137 5449 dicit
3177 5393 3301 5462 quia
3337 5407 3441 5446 non

1870 5491 2252 5561 justiﬁcabitnr
2296 5491 2350 5544 in
2401 5490 2516 5560 lege
2563 5489 2740 5544 omnis
2788 5504 2914 5543 caro
2952 5503 3132 5543 coram
3176 5487 3300 5549 illo,
3345 5499 3446 5554 per

1877 5584 2046 5652 legem
2067 5582 2209 5636 enim
2241 5581 2476 5649 COgnitio
2504 5581 2734 5648 peccati,
2765 5589 2820 5636 et
2848 5589 3041 5635 cetera
3064 5578 3283 5640 similia,
3323 5590 3443 5645 quze

1877 5673 2090 5742 quidam
2122 5677 2312 5738 putant
2338 5671 2388 5722 in
2421 5670 2798 5726 contitmeliam
2827 5669 2958 5740 legis
2981 5666 3302 5738 objicienda,
3331 5663 3440 5719 sol-

1876 5763 2019 5817 licite
2042 5761 2174 5816 satis
2215 5760 2442 5831 legenda
2465 5768 2623 5838 sunt,
2666 5771 2724 5817 ut
2754 5775 2928 5831 neque
2967 5760 3048 5814 les
3093 5759 3159 5813 ab
3185 5755 3444 5826 Apostolo
