3960 6358
459 373 603 437 I339

1093 370 1155 433 Β.
1200 370 1451 433 BABANI
1489 368 1712 431 MAURI
1747 369 2069 429 ARCHIEP.
2109 367 2420 427 MOGUNT.
2461 366 2746 425 OPERUM
2783 366 2964 425 PARS
2999 365 3065 425 ll.

3603 364 3737 423 ιω)

460 487 763 559 improbata
794 486 1042 551 videatur
1065 523 1079 549 ,
1116 498 1291 554 neque
1338 484 1541 539 homini
1583 484 1864 543 arbitrium
1907 483 2042 537 libe-
2068 483 2121 543 Α
2144 481 2440 555 perfectam
2472 497 2659 552 pacem
2690 483 2744 536 in
2786 481 3184 537 resurrectione
3217 482 3411 537 tribuit
3436 522 3451 547 ,
3482 496 3604 551 quae
3631 496 3737 554 pax

462 595 585 640 rum
613 579 687 634 sit
709 578 965 632 ablatum.
997 576 1181 645 Itaque
1222 585 1455 646 quatuor
1489 575 1623 631 istos
1647 575 1845 648 gradus
1869 574 2046 629 homi-

460 686 593 734 nutu
623 669 1031 743 distinguamus.
1056 676 1184 725 ante
1206 665 1398 737 legem,
1426 666 1526 721 sub
1546 665 1689 733 lege,
1717 666 1817 720 sub
1840 665 2039 734 gratia,

463 763 523 824 in
568 777 718 835 pace.
768 760 910 827 Ante
955 758 1152 837 legem,
1211 757 1489 829 sequimur
1546 755 2049 826 concupiscentiam

464 854 666 918 carnis,
698 851 797 925 sub
839 850 956 923 lege
983 848 1251 909 trahimur
1278 849 1346 911 ab
1383 863 1470 913 ea,
1500 848 1601 906 sub
1626 847 1802 920 gratia
1830 862 1932 903 nec
1962 862 2047 902 se-

464 945 683 1019 quimur
713 954 963 1027 eamgnec
995 939 1261 1001 trahimur
1289 939 1357 995 ab
1383 954 1478 1005 ea,
1520 939 1574 993 in
1612 954 1744 1009 pace
1789 938 1934 995 nulla
1965 947 2050 994 est

464 1033 899 1107 concupiscentia
925 1032 1127 1087 carnis.
1157 1031 1297 1086 Ante
1330 1031 1502 1101 legem
1534 1047 1662 1103 ergo
1689 1047 1795 1085 non
1836 1048 2045 1113 pugna-

466 1140 610 1190 mus,
648 1122 779 1194 quia
804 1136 912 1193 non
957 1122 1134 1177 solum
1170 1121 1600 1192 concupiscimus
1638 1128 1694 1177 et
1737 1137 2045 1192 peccamus,

468 1218 566 1273 sed
590 1216 758 1271 etiam
783 1215 1144 1290 approbatum
1168 1222 1419 1285 peccata;
1452 1213 1552 1269 sub
1578 1213 1694 1283 lege
1723 1230 2049 1285 pugnamus,

470 1306 567 1373 sed
596 1307 862 1361 vincimur
890 1324 904 1358 :
934 1304 1169 1361 fatemur
1200 1304 1345 1359 enim
1384 1306 1527 1359 mala
1561 1318 1681 1360 esse
1710 1322 1834 1360 cum
1867 1306 2051 1371 utique

470 1398 727 1461 nolumus
747 1391 955 1463 facere;
987 1395 1086 1455 sed
1114 1395 1240 1465 quia
1284 1396 1521 1450 nondum
1549 1403 1634 1450 est
1660 1396 1853 1464 gratia,
1893 1409 2054 1465 supe-

472 1503 676 1549 ramu-r.
724 1486 783 1545 ιη
810 1486 916 1547 isto
948 1486 1117 1559 gradu
1142 1486 1445 1540 ostenditur
1485 1485 1636 1541 nobis
1665 1486 1935 1554 quomodo
1968 1484 2053 1555 ja-

472 1586 710 1641 ceamus,
753 1584 806 1632 et
835 1575 962 1632 dum
996 1577 1214 1649 surgere
1246 1576 1519 1639 nolumus,
1558 1583 1613 1629 et
1636 1575 1896 1641 cadimus,
1932 1591 2053 1647 gra-

472 1671 599 1731 Yius
624 1670 909 1740 aﬂligimur
929 1709 951 1741 η
978 1669 1101 1725 inde
1128 1669 1230 1725 hoc
1254 1669 1451 1723 dicitur
1473 1686 1486 1721 :
1521 1668 1629 1721 Lex
1664 1668 1969 1722 subintravit
1996 1676 2051 1720 ut

474 1760 764 1814 abundaret
813 1759 1059 1813 delictum
1102 1758 1287 1827 (Rom.
1326 1760 1418 1830 v).
1469 1760 1594 1814 Inde
1639 1767 1715 1824 et,
1757 1759 1900 1828 quod
1927 1768 2052 1812 non

2144 573 2382 646 perfecta
2455 572 2651 627 bonam
2720 572 3051 628 voluntatem
3111 572 3483 649 consequitur.
3552 569 3735 628 Gloria

2148 667 2291 722 enim
2338 667 2395 720 in
2443 663 2657 718 excelsis
2701 662 2830 727 Deo,
2884 674 2932 717 et
2984 664 3039 717 in
3077 672 3219 716 terra
3274 679 3385 735 pax
3433 663 3733 724 hominibus

2149 758 2295 813 bona:
2346 756 2623 811 voluntatis
2664 752 2822 823 (Luc.
2874 754 2975 831 ll
3023 753 3264 827 [Amb.]
3296 754 3416 809 Non
3464 756 3583 813 ideo
3626 758 3733 810 mi-

2150 850 2295 905 nime
2324 847 2645 920 jnstiﬁcatos
2672 846 2920 900 homines
2964 847 3159 901 asserit
3207 847 3347 916 apud
3378 849 3565 925 Deum,
3608 848 3735 921 quia

2150 941 2322 1010 legem
2371 938 2596 1013 justitia:
2639 952 2746 990 non
2774 946 3129 992 servaverunt
3172 937 3227 1013 in
3272 940 3587 1009 praeceptis,
3640 938 3737 995 sed

2152 1033 2277 1103 quia
2298 1010 2695 1086 sacramentum
2717 1029 2960 1100 mysterii
2989 1028 3107 1094 Dei,
3134 1010 3278 1101 quod
3301 1038 3387 1085 est
3414 1030 3468 1086 in
3492 1029 3733 1097 Christo,

2154 1124 2376 1191 credere
2428 1121 2715 1175 noluerunt
2761 1138 2773 1173 :
2815 1134 2913 1190 per
2962 1120 3064 1173 hoc
3109 1119 3254 1173 enim
3305 1120 3548 1189 decrevit
3594 1121 3739 1175 Deus

2148 1215 2435 1289 iustiﬁcari
2485 1214 2783 1278 hominem,
2830 1228 2939 1266 non
2986 1227 3084 1286 per
3112 1211 3307 1283 legem,
3356 1212 3483 1283 quia
3538 1212 3622 1266 lex
3672 1211 3739 1265 ad

2155 1316 2366 1376 tempus
2383 1304 2666 1373 justitia-at,
2691 1319 2797 1361 non
2814 1302 2953 1373 apud
2976 1302 3163 1356 Deum.
3185 1302 3308 1356 ldeo
3325 1303 3496 1373 legem
3517 1318 3738 1357 servan-

2158 1410 2237 1457 tes
2264 1401 2318 1453 in
2342 1409 2604 1468 tempore,
2630 1397 2762 1467 justi
2803 1396 3054 1450 dicuntur
3081 1411 3185 1449 non
3211 1396 3352 1466 apud
3385 1394 3573 1459 Deum,
3612 1396 3738 1467 quia

2158 1490 2290 1543 ﬁdes
2337 1504 2433 1559 per
2477 1502 2637 1557 quam
2671 1484 3039 1552 justiﬁcantur
3086 1485 3333 1547 homines
3380 1488 3521 1554 apud
3546 1485 3737 1551 Deum,

2158 1595 2264 1636 non
2294 1588 2379 1635 est
2411 1578 2463 1631 in
2489 1579 2587 1633 eis.
2637 1576 2809 1647 Major
2845 1577 2989 1630 enim
3020 1574 3153 1631 ﬁdes
3176 1584 3258 1629 est
3282 1590 3447 1644 quam
3483 1575 3589 1639 lex,
3610 1576 3737 1645 quia

2160 1672 2243 1725 lex
2268 1670 2335 1724 ad
2364 1685 2461 1725 nos
2491 1658 2741 1737 pertinet,
2773 1666 2905 1722 fides
2928 1667 2992 1721 ad
3022 1667 3212 1721 Deum.
3245 1667 3453 1721 Idcirco
3488 1667 3573 1721 lex
3603 1676 3741 1721 tem-

2159 1760 2400 1832 poralem
2430 1758 2593 1815 habet
2627 1758 2915 1825 justitiam,
2958 1758 3088 1812 ﬁdes
3129 1767 3408 1827 azternam.
3456 1757 3592 1812 Nam
3622 1774 3740 1813 om-

475 1850 715 1920 positum
739 1860 824 1912 cst
862 1866 959 1923 per
995 1851 1170 1922 legem
1196 1851 1439 1923 cognitio,
1477 1850 1717 1924 peccati;
1746 1865 1868 1937 pou
1910 1850 2054 1904 enim
2084 1864 2132 1929 Β
2161 1867 2284 1906 nem
2332 1840 2553 1905 carnem
2599 1848 2783 1903 dicens
2828 1863 3045 1903 omnem
3079 1848 3350 1903 hominem
3394 1849 3741 1920 signiﬁcavit,

475 1943 674 2001 ablatio
702 1944 910 2013 peccati
937 1952 1045 2009 est,
1077 1944 1203 2014 quia
1232 1959 1328 2013 per
1354 1944 1525 2007 solam
1545 1944 1774 2015 gratiam
1812 1941 2056 1997 aufertur

478 2043 781 2105 peccatum.
822 2033 970 2088 Bona
1023 2049 1153 2104 ergo
1198 2032 1318 2101 lex,
1364 2037 1489 2105 quia
1531 2050 1594 2088 ea
1626 2042 1773 2088 vetat
1812 2049 1931 2103 quae
1968 2048 2061 2087 ve-

478 2131 647 2194 tauda
669 2138 814 2195 sunt,
851 2140 909 2193 et
933 2145 997 2201 ea
1018 2129 1174 2198 juhet
1200 2132 1318 2199 quae
1345 2128 1581 2198 iubenda
1606 2137 1763 2183 sunt:
1812 2127 1907 2183 sed
1935 2142 2059 2183 cum

480 2221 767 2290 quisquam
798 2219 941 2284 illam
970 2220 1177 2275 viribus
1204 2220 1317 2275 suis
1346 2228 1497 2290 putat
1528 2219 1752 2288 implere
1772 2258 1786 2283 ,
1828 2233 1936 2272 non
1964 2233 2061 2287 per

480 2311 713 2380 gratiam
748 2310 1053 2373 liberatoris
1090 2296 1215 2375 sui,
1259 2310 1391 2376 nihil
1443 2311 1489 2364 ei
1529 2310 1749 2380 prodest
1799 2310 1889 2363 illa
1925 2325 2062 2379 prac-

479 2403 736 2471 mmptio,
784 2402 897 2465 imo,
915 2403 1081 2468 etiam
1113 2412 1318 2457 tantum
1357 2410 1533 2468 nocet,
1583 2413 1640 2457 ut
1671 2402 2061 2458 vehementiori

480 2493 747 2561 peccandi,
785 2493 1055 2557 desiderio
1099 2495 1362 2567 rapiatur,
1409 2508 1462 2550 et
1506 2497 1561 2549 in
1607 2496 1844 2564 peccatis
1896 2496 2059 2549 etiam

481 2580 878 2654 praevaricator
903 2583 1205 2647 inveniatur
1236 2601 1249 2636 :
1281 2582 1368 2638 ubi
1392 2585 1537 2639 enim
1577 2600 1683 2638 non
1716 2593 1799 2638 est
1824 2584 1929 2647 lex,
1960 2599 2062 2639 nec

479 2672 871 2740 prtevaricatio.
907 2670 998 2737 Sic
1021 2688 1149 2743 ergo
1168 2672 1354 2741 iacens
1380 2689 1502 2727 cum
1528 2688 1587 2728 se
1615 2675 1844 2743 quisque
1866 2674 2063 2745 cogno-

481 2763 621 2822 verit
641 2776 738 2829 per
764 2763 998 2831 seipsum
1039 2778 1260 2833 surgere
1292 2779 1396 2818 non
1427 2763 1658 2828 valebat,
1708 2763 1957 2833 imploret
2000 2764 2064 2817 li-

482 2849 749 2909 beratoris
789 2849 1066 2908 auxilium.
1116 2849 1278 2904 Venit
1321 2867 1450 2921 ergo
1507 2852 1677 2922 gratia
1734 2868 1854 2921 quae
1901 2852 2065 2907 donet

484 2948 709 3009 peccata
739 2940 1034 3008 praeterita,
1066 2947 1121 2993 et
1161 2949 1447 2995 conantem
1483 2940 1734 3009 adjuvet,
1781 2948 1837 2994 et
1866 2941 2065 2995 tribuat

483 3028 801 3089 charitatem
820 3027 1061 3095 iustitiae,
1090 3036 1144 3083 et
1167 3029 1377 3083 auferat
1405 3025 1624 3083 metum.
1658 3029 1811 3097 Quod
1838 3045 1960 3083 cum
1982 3028 2061 3090 ﬁt,

485 3120 699 3175 tametsi
739 3118 1002 3175 desideria
1045 3119 1290 3191 qutedam
1321 3119 1522 3183 carnis,
1569 3119 1696 3175 dum
1738 3119 1791 3173 in
1823 3120 1927 3174 hac
1954 3120 2063 3174 vita

2161 1945 2301 1999 sicut
2328 1951 2383 1997 et
2424 1943 2683 2012 propheta
2730 1943 2897 1997 Isaias
2945 1942 3154 1997 ait:Et
3184 1943 3370 1997 videbit
3421 1945 3592 1997 omnis
3622 1962 3744 1999 caro

2161 2033 2402 2091 salutare,
2424 2031 2684 2103 Dei'(lsa.
2717 2048 2800 2097 LI;
2833 2031 2960 2085 Luc.
2992 2022 3110 2104 ill),
3135 2032 3188 2086 id
3213 2042 3313 2097 est,
3339 2034 3541 2089 videbit
3571 2034 3745 2089 omnis

2162 2126 2323 2191 homo
2353 2123 2626 2180 Christum
2654 2124 2842 2189 Deum,
2870 2124 2922 2177 in
2962 2140 3069 2195 quo
3109 2125 3255 2197 salus
3291 2128 3538 2183 omnium
3568 2128 3743 2181 conti-

2162 2223 2339 2270 netur.
2388 2214 2454 2268 Et
2484 2213 2687 2268 idcirco
2738 2214 2792 2267 in
2842 2229 3004 2268 carne
3040 2215 3414 2284 signiﬁcantur
3463 2218 3591 2286 quia
3624 2233 3747 2287 pec-

2163 2308 2298 2361 catis
2353 2305 2567 2360 obnoxii
2616 2314 2783 2359 sunt:
2822 2306 2963 2360 sicut
3023 2306 3167 2360 enim
3213 2307 3423 2376 justitia
3478 2307 3747 2381 spiritales

2163 2396 2314 2461 facit,
2344 2396 2416 2450 ita
2444 2404 2500 2449 et
2527 2394 2719 2451 delicta
2749 2394 3018 2462 carnales,
3048 2406 3107 2449 ut
3156 2411 3223 2450 ex
3279 2406 3401 2449 actu
3433 2412 3631 2451 nomen
3659 2413 3746 2452 ao-

2163 2491 2329 2561 cipiat
2365 2490 2547 2543 humo.
2575 2488 2708 2542 Nam
2757 2489 2882 2557 quia
2923 2487 3067 2541 aliud
3105 2497 3190 2541 est
3231 2502 3415 2542 coram
3459 2486 3570 2541 Deo
3592 2488 3746 2559 justi-

2164 2579 2336 2644 ﬁcari,
2368 2578 2513 2633 aliud
2536 2593 2718 2633 coram
2754 2578 3080 2641 hominibus,
3109 2578 3211 2632 hoc
3242 2586 3344 2639 est,
3374 2578 3440 2631 ad
3467 2593 3745 2648 compara-

2166 2669 2367 2724 tionem
2413 2669 2641 2737 aliorum
2689 2669 2966 2723 hominum
2994 2709 3008 2733 ,
3057 2676 3235 2737 potest
3281 2668 3419 2722 alius
3463 2669 3628 2723 homo
3653 2670 3744 2740 qui

2164 2758 2499 2813 emendatius
2536 2758 2730 2821 vixerit
2744 2756 2922 2827 justus
2945 2759 3115 2813 videri
3139 2776 3153 2824 ;
3193 2761 3260 2813 ad
3283 2762 3741 2835 comparationem

2166 2862 2346 2906 autem
2382 2852 2477 2908 Dei
2520 2867 2626 2906 non
2663 2850 2835 2908 solum
2879 2855 3041 2908 homo
3074 2868 3179 2909 non
3215 2854 3629 2923 justiﬁcabitur,
3653 2857 3742 2915 sed

2167 2949 2219 2995 et
2262 2943 2402 2996 sicut
2440 2941 2540 2995 Job
2580 2942 2754 2997 dixit:
2790 2941 2969 2998 Stella:
3014 2954 3187 2998 autem
3229 2963 3332 3000 non
3376 2959 3498 2999 sunt
3535 2948 3743 3003 munde

2168 3046 2343 3084 coram
2369 3032 2479 3103 ipso
2509 3031 2666 3102 (Job.
2698 3034 2868 3103 xxv),
2904 3048 3023 3103 quae
3064 3035 3249 3103 utique
3278 3050 3465 3105 coram
3497 3037 3616 3111 ipso
3650 3052 3745 3093 no.

2168 3122 2250 3175 bis
2284 3123 2496 3176 munda:
2526 3129 2671 3186 sunt,
2705 3123 2807 3178 hoc
2836 3131 2936 3186 est,
2983 3124 3050 3179 ad
3078 3127 3541 3196 comparationem
3573 3129 3747 3185 homi-

482 3229 690 3280 sumus,
718 3213 985 3278 adversus
1013 3212 1262 3285 spiritum
1298 3219 1541 3279 nostrum
1561 3219 1818 3281 pugnant,
1852 3220 1914 3266 ut
1940 3228 2062 3268 eum
2090 3209 2136 3271 ρ
2168 3226 2295 3264 num
2340 3211 2553 3277 mundae
2596 3212 2881 3279 habentur,
2913 3230 2977 3269 ac
3014 3226 3213 3272 sancta:
3245 3233 3259 3271 :
3296 3219 3363 3273 ad
3393 3224 3748 3293 comparatio-

485 3305 685 3363 ducant
721 3304 775 3359 in
806 3311 1121 3373 peccatum,
1156 3298 1260 3357 no'n
1294 3311 1475 3357 tamen
1506 3304 1590 3358 his
1616 3304 1899 3359 desideriis
1924 3321 2059 3361 con-

486 3398 727 3457 sentiens
757 3397 999 3467 Spiritus,
1018 3398 1274 3466 quoniam
1298 3404 1381 3457 est
1408 3395 1547 3450 ﬁxus
1578 3396 1631 3449 in
1660 3396 1830 3467 gratia
1861 3406 1915 3452 et
1936 3397 2064 3453 cha-

484 3488 647 3545 ritate
678 3486 792 3555 Dei,
839 3486 1039 3547 desinit
1066 3501 1292 3556 peccare
1321 3504 1340 3539 :
1363 3501 1472 3557 non
1513 3487 1660 3551 enim.
1695 3487 1748 3541 in
1779 3488 1895 3559 ipso
1920 3488 2064 3544 desi-

485 3578 635 3637 derio
654 3592 849 3647 pravo,L
872 3578 969 3637 sed
996 3578 1047 3631 in
1068 3585 1253 3637 nostra
1276 3578 1628 3633 consensione
1649 3593 1935 3648 peccamus
1957 3599 1969 3634 :
1994 3581 2064 3636 ad

486 3667 591 3732 hoc
629 3667 769 3726 valet
812 3667 955 3739 quod
1009 3668 1140 3729 dicit
1182 3669 1323 3724 idem
1356 3668 1645 3738 Apostolus
1676 3687 1689 3723 :
1721 3670 1843 3725 Non
1892 3683 2063 3743 regnet

484 3769 751 3830 peccatum
798 3760 855 3812 in
887 3769 1053 3816 uestro
1104 3761 1313 3813 mortali
1347 3778 1562 3830 corpore
1606 3761 1674 3813 ad
1721 3762 2061 3817 obediendum

485 3848 914 3917 concupiscentiis
954 3851 1067 3919 ejus
1099 3851 1283 3922 (Rom.
1336 3852 1446 3920 vr).
1499 3850 1596 3905 Hic
1639 3851 1784 3906 enim
1827 3854 2064 3909 ostendit

484 3953 603 3995 esse
640 3939 927 4005 desideria,
967 3941 1162 4013 quibus
1200 3956 1305 3995 non
1344 3941 1643 4001 obediendo
1690 3951 1970 4011 peccatum
2006 3943 2062 3997 in

487 4028 643 4097 nobis
674 4044 898 4099 regnare
920 4045 1027 4093 non
1057 4030 1314 4095 sinimus;
1350 4032 1447 4095 sed
1470 4032 1723 4101 quoniam
1753 4033 1827 4095 ita
1853 4030 2061 4089 deside-

484 4117 562 4171 ria
595 4117 794 4181 carnis,
847 4118 913 4171 de
957 4118 1135 4172 carnis
1182 4105 1509 4190 mortalitate
1552 4132 1865 4186 nascuntur,
1898 4138 2058 4195 quam

486 4208 750 4267 trahimus
798 4221 864 4263 ex
911 4209 1084 4278 primo
1128 4218 1351 4282 peccato
1401 4211 1561 4281 primi
1610 4212 1863 4283 hominis,
1920 4213 2061 4267 unde

485 4296 775 4363 carnaliter
814 4300 1120 4366 nascimur,
1166 4314 1271 4353 non
1301 4299 1555 4355 ﬁnientur
1590 4302 1704 4355 haec
1734 4302 1838 4356 nisi
1860 4286 2059 4357 resur-

482 4393 724 4446 rectione
751 4392 993 4461 corporis
1027 4392 1330 4454 immutata,
1376 4392 1464 4447 illa
1504 4408 1622 4463 quae
1653 4394 1808 4448 nobis
1833 4395 2059 4464 promit-

484 4489 670 4535 tuntur
708 4481 1067 4534 meruerimus
1104 4482 1191 4535 ubi
1223 4480 1591 4554 perfectaan
1630 4484 1766 4545 erit,
1811 4498 1971 4551 quam
2005 4483 2057 4536 in

481 4580 673 4641 quarto
701 4572 865 4642 gradu
909 4572 1306 4627 constituimus.
1352 4572 1478 4641 Ideo
1523 4574 1617 4636 ait,
1660 4574 1887 4642 perfecta
1930 4592 2054 4643 pax,
2084 4554 2139 4619 Ῑ)

484 4663 610 4733 quia
635 4654 767 4723 nihil
795 4664 949 4717 nobis
978 4665 1198 4729 resistit,
1242 4681 1347 4719 non
1381 4666 1760 4733 resistentibus
1782 4668 1910 4730 Deo,
1956 4668 2057 4723 hoc

482 4764 586 4820 est,
617 4758 758 4825 quod
783 4756 913 4823 dicit
944 4757 1228 4833 Apostolus
1259 4774 1272 4812 :
1314 4757 1515 4829 Corpus
1546 4762 1751 4830 quidem
1793 4773 2056 4816 mortuum

483 4855 555 4899 est
592 4859 799 4917 propter
836 4860 1136 4917 peccatum;
1176 4850 1388 4914 spiritus
1426 4861 1600 4904 autem
1648 4853 1749 4904 vita
1791 4862 1900 4918 est,
1940 4871 2059 4922 pro-

482 4945 597 5007 pter
632 4936 917 5005 justitiam.
967 4938 1025 4993 Si
1068 4957 1187 5009 ergo
1222 4940 1451 5009 Spiritus
1492 4941 1603 5010 ejus
1650 4943 1740 5011 qui
1789 4943 2058 5005 suscitavit

484 5027 663 5081 Jesum
711 5046 741 5081 (ι
770 5030 1007 5095 mortuis,
1038 5030 1234 5084 habitat
1265 5034 1318 5085 in
1350 5032 1507 5096 vobis,
1539 5032 1627 5101 qui
1649 5033 1915 5097 suscitavit
1948 5035 2058 5105 spi-

486 5129 645 5171 ritum
673 5119 803 5188 ejus,
857 5120 1131 5188 viviﬁcabit
1174 5131 1221 5174 et
1252 5123 1496 5176 mortalia
1531 5140 1748 5192 corpora
1775 5137 1940 5179 vestra
1969 5143 2061 5194 per

488 5208 867 5263 inhabitantem
910 5209 1162 5279 Spiritum
1210 5202 1335 5282 ejus
1374 5214 1428 5266 in
1470 5214 1611 5267 vobis
1662 5212 1858 5287 (Rom.
1896 5218 2055 5287 vui).

488 5294 741 5352 Liberum
784 5313 911 5369 ergo
953 5299 1233 5354 arbitrium
1262 5302 1499 5376 perfecte
1540 5302 1640 5356 fuit
1689 5302 1741 5356 in
1761 5304 1935 5374 primo
1963 5305 2059 5358 ho-

490 5386 656 5442 mine.
698 5386 754 5441 ln
789 5389 943 5443 nobis
982 5398 1185 5456 autem,
1234 5400 1358 5447 ante
1407 5394 1632 5463 gratiam
1666 5410 1768 5449 non
1808 5404 1890 5449 est
1926 5396 2059 5452 libe-

493 5492 610 5530 rum
638 5477 920 5531 arbitrium
950 5488 1008 5532 ut
1033 5496 1137 5534 non
1159 5490 1463 5550 pecCemus,
1494 5484 1587 5537 sed
1616 5491 1819 5538 tantum
1847 5494 1904 5539 ut
1933 5502 2058 5555 pec-

492 5583 618 5645 care
665 5568 924 5635 nolimus;
974 5571 1146 5646 gratia
1190 5585 1319 5625 vero
1371 5570 1551 5637 ellicit,
1596 5581 1656 5626 ut
1704 5590 1806 5629 non
1852 5584 2057 5631 tantum

492 5655 719 5721 velimus
750 5665 893 5713 recte
922 5657 1100 5721 facere
1119 5700 1132 5725 ,
1160 5660 1255 5719 sed
1284 5660 1445 5714 etiam
1474 5663 1740 5737 possimus
1759 5704 1773 5728 ,
1800 5680 1903 5718 non
1933 5666 2060 5719 viri-

492 5747 593 5805 bus
622 5748 841 5817 nostris,
871 5750 964 5806 sed
1004 5749 1307 5807 liberatoris
1334 5752 1563 5820 auxilio,
1590 5753 1681 5832 qui
1718 5756 1871 5811 nobis
1896 5755 2060 5811 etiam

2163 3315 2287 3354 nem
2322 3314 2449 3354 vero
2470 3300 2562 3354 Dei
2592 3303 2802 3379 munda:
2825 3319 2945 3358 esse
2974 3321 3079 3360 non
3106 3317 3355 3376 possunt.

2233 3388 2342 3444 Per
2368 3389 2529 3460 legem
2568 3393 2705 3445 enim
2734 3394 2957 3463 cognitio
2994 3399 3190 3466 peccati
3238 3398 3259 3469 (
3283 3398 3522 3473 Ambr.).
3552 3402 3657 3458 Per
3686 3403 3748 3463 ﬁ-

2164 3483 2285 3538 dem
2313 3490 2491 3538 autem
2539 3484 2789 3551 abolitio;
2822 3485 2943 3541 ideo
2991 3490 3261 3557 sequenda
3305 3490 3439 3547 ﬁdes
3480 3501 3581 3546 est.
3624 3494 3750 3563 Qua:

2164 3582 2246 3629 est
2268 3576 2384 3631 haec
2415 3576 2497 3631 lex
2525 3592 2620 3648 per
2649 3594 2808 3648 quam
2840 3580 2971 3636 dicit
2996 3582 3267 3652 cognitum
3290 3596 3411 3638 esse
3437 3596 3747 3654 peccatum,

2165 3674 2219 3721 et
2270 3670 2542 3749 cognitum
2584 3673 2889 3741 quomodo?
2920 3675 3173 3730 Videmus
3219 3678 3367 3745 enim
3407 3689 3622 3735 veteres
3644 3696 3749 3736 non

2164 3756 2442 3829 ignorasse
2488 3773 2790 3830 peccatum,
2839 3766 2965 3834 quia
3018 3774 3072 3819 et
3121 3765 3319 3839 Joseph
3380 3769 3433 3823 in
3474 3786 3749 3828 carcerein

2164 3847 2360 3902 missus
2408 3859 2509 3915 est,
2566 3851 2689 3905 licet
2741 3868 2839 3923 per
2880 3855 3336 3929 calumniam,'et
3382 3861 3645 3930 pinoerna
3693 3870 3747 3918 et

2162 3939 2333 4006 pistor
2362 3940 2659 3997 Pharaonis
2685 3958 2846 3998 causa
2877 3948 3105 4015 peccati.
3139 3946 3417 4019 Quomodo
3450 3967 3580 4022 ergo
3609 3953 3743 4009 late-

2163 4029 2291 4083 bant
2317 4033 2571 4113 peccata?
2594 4032 2805 4102 Triplex
2853 4037 3068 4107 quidem
3098 4037 3185 4105 lex
3215 4048 3317 4102 est,
3351 4041 3425 4113 ita
3471 4052 3531 4095 ut
3572 4045 3743 4113 prima

2162 4110 2422 4189 pars,‘de
2488 4122 2837 4179 Sacramento
2873 4127 3167 4183 divinitatis
3218 4130 3287 4184 sit
3324 4111 3458 4197 Dei;
3512 4110 3741 4189 secunda

2163 4218 2341 4264 autem
2387 4227 2505 4289 qum
2556 4216 2804 4284 congruit
2847 4215 2948 4285 legi
3000 4220 3251 4284 naturali,
3298 4236 3418 4289 qua:
3468 4222 3741 4279 interdicit

2163 4296 2445 4370 peccatum
2468 4319 2482 4367 ;
2508 4307 2665 4373 tertia
2699 4321 2828 4361 vero
2854 4304 3119 4362 factorum
3143 4309 3299 4381 legis,
3328 4313 3379 4365 id
3402 4321 3485 4368 est
3510 4314 3739 4380 sabbati,

2162 4394 2473 4455 neomcniae,
2492 4394 2937 4461 circumcisionis,
2954 4406 3059 4453 etc.
3078 4398 3202 4454 Haec
3218 4401 3448 4476 ergolex
3462 4405 3739 4470 naturalis,

2163 4499 2280 4553 qua:
2318 4500 2413 4555 per
2442 4486 2677 4557 MoySem
2714 4490 2908 4561 partim
2934 4491 3250 4556 reformata,
3278 4498 3474 4565 partim
3501 4511 3601 4565 pro
3631 4497 3741 4567 ejus

2164 4577 2484 4630 auctoritate
2533 4576 2744 4631 ﬁrmata
2799 4580 2852 4633 in
2900 4581 3045 4635 vitiis
3102 4583 3440 4647 cohibendis,
3469 4589 3737 4656 cogniuim

2164 4663 2293 4720 fecit
2315 4676 2627 4734 peccatum,
2680 4683 2786 4722 non
2834 4671 2976 4738 quod
3017 4670 3228 4736 lateret,
3287 4672 3429 4727 sicut
3474 4674 3605 4740 dixi,
3650 4676 3740 4729 sed

2165 4757 2399 4809 ostendit
2424 4767 2643 4827 peccata
2670 4775 2789 4828 quas
2820 4760 2976 4824 ﬁunt,
3012 4778 3117 4815 non
3145 4764 3363 4833 impune
3394 4764 3574 4819 futura
3605 4767 3741 4839 apud

2166 4848 2354 4913 Deum,
2389 4864 2454 4903 ne
2485 4849 2624 4905 forte
2650 4852 2769 4920 quis
2792 4854 2857 4906 ad
2891 4862 3099 4923 tempus
3130 4856 3385 4921 evadens,
3416 4857 3590 4929 legem
3620 4859 3739 4913 illu-

2167 4939 2301 4993 sisse
2333 4949 2627 5009 putaretur.
2662 4942 2773 4996 Hoc
2798 4953 2883 4997 est
2900 4945 3043 5011 quod
3072 4946 3157 4998 lex
3180 4947 3436 5001 ostendit.

2238 5030 2395 5084 Nunc
2446 5049 2560 5087 vero
2610 5034 2720 5087 sine
2749 5034 2856 5104 lege
2888 5036 3239 5104 justitia'Dei
3271 5038 3607 5107 manifestata
3631 5050 3735 5105 est,

2167 5123 2515 5175 testimonium
2544 5124 2737 5178 habens
2764 5142 2795 5176 a
2830 5124 2938 5195 lege
2973 5137 3020 5179 et
3051 5128 3332 5196 prophetis.
3368 5130 3631 5197 Apertum
3658 5140 3735 5191 est

2168 5212 2290 5279 quia
2322 5210 2529 5280 justitia
2570 5213 2661 5266 Dei
2704 5213 2817 5273 sine
2859 5213 2973 5284 lege
2994 5216 3283 5285 vapparuit,
3324 5217 3418 5271 sed
3462 5218 3579 5285 sine
3625 5220 3734 5290 lege

2167 5303 2397 5366 sabbati,
2447 5314 2500 5358 et
2544 5305 2991 5372 circumcisionis,
3042 5318 3095 5362 et
3141 5310 3467 5374 neomenize,
3510 5320 3566 5365 et
3617 5313 3731 5365 vin—

2166 5393 2344 5459 dictae,
2393 5408 2499 5447 non
2541 5402 2717 5447 tamen
2757 5394 2872 5448 sine
2902 5404 3239 5452 sacramento
3280 5398 3578 5453 divinitatis
3619 5399 3729 5464 Dei,

2166 5484 2359 5553 quippe
2387 5498 2504 5537 cum
2529 5484 2737 5553 justitia
2762 5483 2855 5539 Dei
2880 5486 2946 5561 de
2980 5496 3321 5543 sacramento
3348 5489 3437 5543 Dei
3466 5489 3556 5543 sit.
3601 5490 3729 5544 Nam

2168 5576 2379 5644 quando
2425 5591 2558 5643 quos
2603 5575 2687 5629 lex
2733 5591 2853 5631 reos
2900 5581 3135 5644 tenebat,
3159 5579 3371 5647 justitia
3407 5580 3502 5653 Dei
3536 5581 3729 5651 ignovit

2168 5665 2295 5727 illis,
2321 5664 2437 5718 sine
2465 5664 2579 5735 lege
2609 5665 2792 5733 utique
2822 5667 2923 5721 hoc
2948 5666 3094 5733 fecit,
3116 5668 3241 5737 quia
3271 5668 3325 5725 in
3356 5682 3489 5738 quos
3514 5668 3597 5723 lex
3620 5670 3724 5722 vin-

2167 5754 2411 5810 dicatura
2431 5762 2567 5820 erat,
2584 5755 2798 5810 donavit
2828 5755 2933 5812 illis
2958 5767 3257 5825 peccatum.
3282 5758 3343 5814 Et
3379 5774 3445 5814 ne
3470 5760 3571 5815 hoc
3593 5759 3719 5813 forte
