3960 6324
200 369 336 429 1341

726 357 1278 419 ENABRATIONUM
1314 356 1386 414 IN
1421 354 1571 415 EPP.
1606 353 1811 413 PAULI
1848 351 1976 410 LIB.
2016 352 2081 410 ll.
2122 382 2192 394 —
2225 350 2295 409 IN
2330 350 2548 411 EPIST.
2590 353 2682 412 AD
2717 349 2885 411 ROM.

3309 347 3460 417 ΒΩ

198 491 392 539 contra
438 478 610 549 legem
657 472 858 534 factum
907 480 1215 544 putaretur,
1266 468 1463 537 adjecit
1504 468 1775 538 justitiam
1798 471 1855 534 Α
1874 474 1984 521 tam
2008 463 2273 535 profunda
2300 465 2594 534 sitjustitia
2622 465 2717 523 Dei
2743 474 2798 523 et
2821 464 3047 534 judicia.
3080 473 3139 521 ut
3165 464 3455 549 Apostolus

199 572 298 629 Dei
347 566 712 629 testimonium
756 565 958 623 habere
994 577 1062 619 ex
1088 562 1206 633 lege
1246 569 1301 616 et
1337 559 1638 631 prophetis,
1675 559 1777 614 hoc

200 671 308 730 est,
337 660 465 733 quia
492 660 607 732 ipsa
641 657 730 714 lex
772 673 842 713 ex
880 655 985 712 alia
1014 664 1167 727 parte
1197 653 1326 708 olim
1360 652 1504 715 istud
1540 650 1778 719 futurum

201 756 453 820 dixerat;
484 752 614 825 quia
652 760 910 813 venturus
949 756 1069 803 erat
1092 746 1184 817 qui
1218 745 1466 801 homines
1501 744 1774 807 salvaret:

201 845 347 917 quod
375 845 479 916 legi
523 856 841 907 concessum
871 853 983 902 non
1016 843 1164 901 erat;
1197 843 1253 889 ut
1281 842 1509 915 peccata:
1531 835 1773 891 donaret.

199 938 326 995 Ideo
348 945 534 993 autem
560 933 776 1004 justitia
818 929 914 993 Dei
952 928 1095 984 dicta
1125 936 1228 992 est,
1255 932 1375 997 qua:
1403 924 1615 979 videtur
1656 935 1778 976 esse

200 1024 605 1091 misericordia;
635 1020 763 1093 quia
803 1017 871 1075 de
909 1015 1266 1087 promissione
1291 1014 1555 1084 originem
1591 1012 1774 1075 habet,

200 1130 407 1175 etcum
424 1115 751 1187 promissum
774 1111 869 1166 Dei
896 1109 1158 1174 redditur,
1180 1096 1397 1176 justitia
1429 1103 1523 1159 Dei
1559 1102 1773 1158 dicitur.

198 1184 439 1263 Justitia'
463 1212 548 1259 est
574 1184 717 1256 enim
736 1241 752 1267 ,
785 1200 910 1271 quia
939 1198 1205 1253 redditum
1243 1203 1328 1250 est
1355 1193 1496 1267 quod
1542 1192 1775 1265 promis-

200 1314 325 1353 sum
356 1306 470 1363 est;
502 1304 555 1349 et
580 1309 701 1349 cum
730 1292 958 1362 suscipit
983 1289 1354 1356 confugientes
1378 1286 1518 1342 adsc
1542 1284 1784 1355 justitia,

199 1388 420 1453 dicitur,
466 1386 593 1457 quia
636 1399 744 1438 non
798 1383 1071 1453 suscipere
1119 1378 1373 1448 iniquitas
1424 1383 1525 1431 est.
1558 1373 1775 1447 (Aug)

198 1480 402 1534 Omnes
425 1478 839 1548 praevaricantes
866 1472 1042 1545 gratia
1071 1470 1362 1526 Salvatoris
1392 1469 1612 1533 invenit,
1644 1468 1777 1523 alios

200 1569 403 1641 majus,
427 1568 563 1622 alios
585 1567 798 1621 minus:
825 1572 1031 1635 quanto
1057 1562 1197 1616 enim
1214 1560 1347 1631 legis
1370 1557 1543 1628 major
1564 1559 1616 1613 in
1639 1572 1774 1629 quo-

200 1676 310 1729 quo
334 1658 599 1729 cognitio,
644 1663 797 1711 tanto
826 1655 1002 1710 minor
1031 1651 1238 1722 peccati
1266 1651 1542 1715 excusatio
1560 1690 1575 1715 ,
1628 1656 1776 1711 tanto

199 1748 538 1804 manifeStior
564 1744 955 1817 praevaricatio.
994 1741 1252 1797 Restabat
1291 1755 1419 1811 ergo
1446 1747 1506 1792 ut
1546 1738 1777 1793 homini-

1882 559 2015 616 dicit
2044 577 2057 613 :
2091 558 2265 627 Quam
2306 558 2671 617 insenuabilia
2707 567 2826 619 sunt
2859 557 3078 630 judicia.
3117 557 3219 617 Dei
3262 541 3452 632 (Rom.

1880 647 1986 718 xi)!
2020 647 2127 704 Sed
2158 655 2217 704 et
2242 646 2518 717 Sapientia
2547 649 2621 703 ita
2653 648 2721 703 ad
2744 646 2991 709 homines
3008 647 3265 721 loquitur,
3298 648 3457 725 quasi

1878 754 1985 799 non
2013 739 2187 811 possit
2224 736 2432 806 justitia
2462 737 2556 792 Dei
2600 746 2807 797 naturae
2836 737 3005 798 solius
3027 738 3267 803 motibus
3298 739 3451 806 sciri,

2016 847 2114 901 per
2163 830 2425 891 doctrinae
2468 830 2707 889 studium
2758 830 2959 899 quaeri;
3013 838 3072 888 et
3098 832 3221 891 ideo
3272 830 3449 893 dicit:

1877 919 2073 974 Discite
2083 920 2371 997 justitiam,
2399 920 2489 991 qui
2502 919 2762 990 judicatis
2793 919 3139 993 orbem.(Sap.
3160 920 3233 992 ι).
3256 920 3455 990 Quam-

1877 1009 2062 1079 obrem
2093 1010 2161 1063 ad
2188 1009 2283 1065 Dei
2307 1008 2576 1078 justitiam
2607 1008 3042 1078 cognoscendtun.
3071 1010 3204 1072 nihil
3233 1022 3455 1081 prorsus

1877 1098 2227 1171 Opitulabitur
2254 1099 2339 1153 lex
2363 1109 2591 1164 natura),
2608 1099 2821 1156 etiamsi
2848 1098 3098 1161 videatur.
3110 1098 3307 1168 aliquid
3333 1111 3454 1155 sen-

1878 1181 1983 1243 tire
2010 1188 2075 1243 de
2105 1190 2336 1257 humana
2381 1190 2611 1260 justitia.
2663 1188 2755 1249 Illa
2784 1188 2927 1245 enim
2976 1187 3062 1249 lex
3109 1197 3291 1257 petest
3330 1204 3452 1244 sen-

1877 1279 1981 1333 tire
2027 1279 2156 1350 quid
2203 1278 2343 1333 inter
2381 1280 2621 1347 homines
2649 1278 2859 1352 justum
2901 1278 3007 1342 sit,
3054 1286 3116 1333 ut
3157 1279 3297 1349 quod
3336 1276 3452 1347 ipse

1876 1372 1999 1442 quis
2027 1371 2140 1441 pati
2170 1385 2277 1424 non
2309 1369 2445 1431 vult,
2473 1371 2575 1423 hoc
2604 1386 2670 1425 ne
2697 1369 2943 1438 proximo
2988 1366 3169 1427 faciat.
3202 1365 3453 1439 Nunquid

1876 1446 2196 1517 naturaliter
2218 1468 2395 1530 potest
2417 1460 2605 1514 sentiri
2646 1459 2712 1514 de
2741 1458 3084 1526 illa’justitia,
3116 1473 3237 1528 qua:
3269 1457 3399 1514 dicit
3428 1471 3445 1512 :

1889 1550 2067 1616 Videte
2092 1568 2155 1605 ne
2175 1551 2385 1621 faciatis
2404 1550 2674 1621 justitiam
2696 1557 2913 1608 vestram
2937 1564 3113 1611 coram
3133 1546 3449 1610 hominibus,

1876 1652 1924 1698 et
1952 1652 2015 1705 ut,
2056 1643 2252 1697 nesciat
2291 1643 2504 1703 sinislra
2553 1650 2644 1701 tua
2691 1642 2817 1711 quid
2854 1640 3016 1709 faciat
3058 1640 3273 1695 dextera
3318 1637 3458 1716 tua?

1878 1731 2115 1802 (Matth.
2166 1732 2286 1804 vi.)
2336 1732 2462 1788 Haec
2489 1740 2543 1788 et
2582 1729 2891 1800 hujusmodi
2930 1730 3077 1801 justa
3111 1732 3317 1791 dictare
3347 1743 3457 1785 non

199 1840 306 1901 bus
351 1853 455 1893 non
487 1813 603 1898 sua,
642 1836 733 1891 sed
763 1835 880 1899 Dei,
914 1834 967 1889 id
996 1841 1098 1898 est,
1143 1847 1175 1886 a
1203 1831 1314 1886 Deo
1355 1831 1549 1886 donata
1572 1827 1776 1898 justitia
1806 1813 2061 1893 Bpotest
2100 1822 2186 1875 lex
2244 1831 2469 1888 naturae,
2509 1830 2565 1886 et
2602 1823 2723 1880 ideo
2767 1821 2898 1876 dicit
2938 1820 3267 1891 Apostolus:
3298 1817 3453 1877 Nunc

198 1930 533 1987 subveniret.
566 1927 718 1984 Unde
744 1927 821 1983 ait
860 1924 1185 1997 Apostolus:
1218 1922 1324 1978 Per
1348 1922 1509 1994 legent
1553 1920 1778 1990 cognitio

197 2020 398 2090 peccati
424 2037 437 2071 :
464 2031 731 2087 non-ergo
759 2015 981 2079 oblatio,
1011 2014 1105 2070 sed
1130 2012 1382 2084 cognitio.
1412 2010 1568 2077 Nunc
1605 2018 1779 2063 autem

197 2109 313 2163 sine
340 2108 468 2180 lege,
495 2108 691 2178 inquit,
728 2107 941 2178 justitia
965 2105 1062 2160 Dei
1084 2104 1424 2174 manifestata
1451 2112 1548 2167 est,
1590 2097 1777 2169 testiﬁ-

198 2208 322 2253 cata
343 2214 435 2268 per
466 2197 627 2268 legem
652 2208 702 2251 et
722 2197 1018 2266 prophetas.
1066 2194 1296 2249 Proinde
1322 2194 1488 2249 etiam
1516 2193 1619 2247 iste
1647 2192 1775 2248 sub—

189 2286 394 2357 iunxit,
426 2297 697 2358 propterea
720 2284 880 2343 dilexi
909 2285 1225 2349 testimonia,
1255 2292 1513 2354 tanquam
1532 2280 1734 2338 diceret
1758 2300 1773 2336 :

199 2380 469 2447 Quoniam
500 2379 608 2442 lex,
640 2379 754 2433 sive
779 2376 834 2431 iu
864 2376 1115 2445 paradiso
1145 2375 1291 2439 data,
1316 2375 1431 2428 sive
1460 2372 1779 2431 naturaliter

200 2472 388 2537 insita,
414 2471 529 2526 sive
561 2471 616 2527 in
646 2470 840 2527 litteris
867 2468 1227 2542 promulgata,
1250 2468 1669 2539 praevaricantes
1700 2465 1781 2523 fe-

199 2561 277 2617 cit
303 2574 492 2619 omnes
530 2567 844 2630 peccatores
881 2567 1076 2623 terrai;
1129 2567 1419 2628 propterea
1439 2558 1601 2612 dilexi
1629 2557 1779 2613 testi-

199 2650 382 2707 monia
412 2659 530 2719 tua,
559 2665 678 2719 qua:
715 2658 842 2709 sunt
882 2650 938 2704 in
964 2648 1080 2719 lege
1110 2657 1201 2703 tua
1242 2648 1307 2705 de
1344 2650 1516 2720 gratia
1548 2657 1638 2704 tua
1659 2690 1675 2712 ,
1716 2656 1776 2703 ut

200 2754 311 2794 non
338 2738 410 2799 sit
431 2739 485 2792 in
512 2753 599 2796 me
628 2736 838 2807 justitia
865 2753 1008 2804 mea,
1037 2737 1131 2793 sed
1160 2746 1271 2806 tua,
1305 2740 1387 2794 lex
1426 2740 1649 2795 enimad
1675 2740 1778 2794 hoc

198 2830 425 2901 prodest
441 2837 502 2886 ut
530 2829 713 2887 mittat
740 2829 808 2884 ad
832 2830 1084 2901 gratiam.
1123 2828 1241 2883 Non
1269 2829 1444 2885 solum
1470 2830 1614 2887 enim
1634 2828 1779 2900 quod

199 2928 489 2977 attestatur
521 2919 913 2978 manifestanda
960 2905 1166 2988 justitia
1212 2920 1338 2986 Dei,
1370 2935 1490 2991 quae
1519 2921 1634 2977 sine
1660 2921 1777 2993 lege

198 3022 308 3077 est,
328 3015 519 3066 verum
536 3011 699 3069 etiam
725 3011 829 3067 hoc
854 3010 993 3081 ipso,
1014 3005 1157 3080 quod
1181 3010 1600 3081 praevarieantes
1621 3010 1770 3074 fecit,

199 3105 277 3161 ita
308 3112 365 3159 ut
389 3111 445 3159 et
467 3104 629 3159 etiam
656 3103 835 3157 littera
872 3101 1121 3166 occidat;
1157 3100 1225 3154 ad
1256 3099 1616 3161 vivificantem
1648 3100 1773 3171 Spi-

197 3197 365 3251 ritum
395 3194 684 3265 confugere
712 3193 961 3264 timorem
984 3191 1284 3261 compellit,
1333 3207 1431 3261 per
1458 3206 1619 3261 quem
1646 3206 1774 3261 pec-

197 3295 445 3341 catorum
472 3284 717 3339 deleatur
738 3282 1082 3346 universitas,
1110 3288 1165 3333 et
1190 3287 1337 3335 recte
1360 3278 1623 3336 factorum
1647 3281 1776 3336 cha-

196 3373 333 3429 ritas
360 3373 674 3442 inspiretur.
725 3370 830 3426 Per
850 3368 1035 3441 legem,
1080 3368 1270 3436 inquit,
1320 3369 1516 3439 agnitio
1554 3369 1771 3437 peccati.

196 3462 219 3533 (
246 3460 393 3532 Orig.
424 3461 443 3532 )
472 3462 609 3518 Dum
646 3474 743 3529 per
770 3459 943 3530 legem
973 3457 1182 3515 Domini
1215 3457 1346 3527 quid
1387 3457 1649 3527 agendum
1677 3457 1771 3522 sit,

194 3553 328 3622 quid
357 3551 652 3611 cavendum
679 3550 872 3615 simul,
898 3556 953 3604 et
989 3550 1115 3619 quid
1138 3555 1421 3619 peccatum
1454 3548 1545 3612 sit,
1560 3556 1627 3617 et
1647 3548 1773 3616 quid

194 3658 305 3697 non
336 3642 436 3707 sit,
469 3643 832 3713 agnoscimus,
856 3658 963 3699 non
988 3658 1135 3713 ergo,
1158 3652 1216 3696 ut
1247 3640 1487 3697 hazretici
1510 3640 1675 3695 Deum
1698 3640 1774 3694 le-

197 3734 283 3804 gis
309 3743 587 3799 accusant,
618 3733 760 3787 mala
789 3732 939 3788 radix
966 3741 1048 3788 est
1068 3734 1175 3799 lex,
1204 3745 1259 3787 et
1287 3732 1427 3789 mala
1457 3732 1641 3797 arbor,
1676 3745 1774 3800 per

196 3838 360 3893 quam
387 3823 591 3893 peccati
636 3823 784 3879 venit
811 3815 1050 3892 agnitio:
1088 3824 1211 3893 quia
1240 3839 1346 3877 non
1395 3821 1532 3877 dixit
1559 3836 1623 3873 ex
1663 3819 1773 3890 lege

194 3914 394 3984 agnitio
439 3913 657 3982 peccati,
711 3912 824 3967 sed
841 3928 933 3982 per
956 3912 1116 3983 legem
1135 3952 1149 3975 ,
1174 3920 1235 3966 ut
1259 3913 1399 3967 scias
1427 3921 1535 3965 non
1562 3925 1626 3965 ex
1657 3910 1771 3981 ipsa

192 4009 402 4065 ortum,
452 4002 544 4056 sed
580 4015 675 4071 per
716 4000 889 4070 ipsam.
935 4001 1174 4072 agnitum
1207 4016 1326 4057 esse
1366 4007 1669 4071 peccatum,
1712 4009 1772 4053 ut

192 4092 349 4148 verbi
376 4090 569 4162 gratia,
588 4090 972 4154 sidiceremus,
1000 4105 1095 4162 per
1114 4098 1282 4151 artem
1313 4090 1594 4145 medicinae
1616 4089 1773 4142 datur

189 4182 469 4252 languoris
500 4182 721 4251 agnitio,
771 4174 1137 4251 nunquidnam
1179 4181 1449 4235 videretur
1482 4179 1580 4235 lilii
1608 4193 1770 4233 causa

189 4270 467 4339 languoris
514 4284 633 4324 esse
686 4270 970 4334 medicina,
1001 4270 1123 4338 quia
1176 4284 1272 4339 per
1319 4270 1486 4339 ipsam
1536 4267 1771 4337 qualitas

189 4360 467 4429 languoris
495 4359 844 4429 agnoscitur?
891 4358 994 4413 Sed
1025 4360 1163 4415 sicut
1188 4368 1396 4414 constat
1428 4358 1629 4421 bonam
1654 4374 1770 4415 esse

189 4447 537 4511 medicinam,
566 4461 685 4517 quin
708 4446 1043 4514 mgritudinis
1074 4446 1479 4515 intelligentiam
1524 4454 1767 4517 praestat,

189 4553 297 4608 qua
319 4537 488 4606 possit
510 4537 665 4591 vitari
708 4536 1011 4603 infirmitas,
1037 4538 1111 4592 ita
1149 4546 1203 4591 et
1232 4537 1317 4591 lex
1346 4538 1486 4592 bona
1522 4548 1631 4603 est,
1676 4553 1772 4606 per

190 4644 355 4698 quam
382 4638 663 4698 peccatum
708 4626 1125 4698 deprehenditur
1162 4638 1215 4683 et
1248 4630 1571 4700 agnoscitur.
1620 4631 1776 4685 Nunc

190 4728 375 4773 autem
402 4720 517 4774 sine
546 4720 661 4790 lege
684 4719 894 4790 justitia
920 4721 1016 4775 Dei
1046 4721 1387 4777 manifestata
1408 4728 1507 4775 est.
1535 4719 1661 4773 Taie
1691 4726 1775 4772 est

187 4825 320 4880 ergo
364 4810 506 4880 quod
536 4811 686 4875 dicit,
733 4827 839 4866 non
882 4812 1021 4866 sicut
1056 4827 1151 4881 per
1190 4812 1359 4883 legem
1409 4810 1608 4882 agnitio
1647 4824 1773 4880 pec-

187 4901 316 4965 cati,
366 4901 441 4967 ita
471 4910 527 4956 et
566 4901 926 4963 manifestatio
958 4901 1178 4971 justitia:
1218 4904 1312 4959 Dei
1338 4920 1437 4974 per
1464 4903 1633 4974 legem
1679 4901 1766 4968 fit,

188 4991 283 5045 sed
340 4990 454 5044 sine
510 4991 626 5061 lege
669 4992 1043 5051 manifestatur
1088 4994 1297 5063 justitia
1352 4994 1479 5060 Dei;
1546 5000 1768 5063 poterat

186 5083 334 5137 enim
359 5092 563 5137 natum
603 5083 687 5139 lex
719 5099 943 5155 arguere
983 5084 1185 5154 peccati
1229 5095 1476 5140 naturam
1496 5126 1510 5150 ,
1541 5093 1593 5139 et
1621 5084 1769 5141 noti-

188 5170 324 5227 tiam
353 5173 471 5242 ejus
493 5173 778 5230 ostendere
803 5193 816 5229 :
853 5174 1062 5243 justitia
1092 5185 1267 5231 autem
1299 5177 1392 5231 Dei
1420 5176 1766 5248 supergredi-

188 5270 282 5315 tur
314 5268 369 5315 et
396 5264 758 5331 supereminet
808 5264 909 5331 hoc
949 5265 1302 5335 quodcunque
1339 5281 1489 5320 mens
1524 5267 1766 5321 humana

187 5350 321 5405 solis
377 5353 710 5411 naturalibus
761 5357 1009 5410 sensibus
1067 5366 1244 5427 potest
1309 5357 1513 5412 rimari.
1573 5357 1766 5426 Neque

188 5438 335 5493 enim
363 5439 560 5497 Sufﬁcit
581 5442 649 5496 ad
676 5443 1071 5513 intelligendam
1102 5454 1156 5507 et
1185 5446 1624 5503 considerandam
1651 5460 1763 5499 non

189 5544 567 5600 quamcunque
611 5533 937 5600 humanam,
992 5536 1084 5589 sed
1133 5537 1301 5605 ipsam
1342 5537 1435 5590 Dei
1466 5539 1764 5607 justitiam,

189 5630 247 5677 et
268 5620 470 5691 judicia
502 5638 620 5692 quae
647 5638 714 5681 ex
744 5627 858 5695 ipsa
886 5626 1213 5685 descendunt
1239 5669 1255 5694 ,
1297 5629 1362 5685 de
1393 5630 1587 5698 quibus
1627 5630 1765 5684 dici-

187 5720 312 5779 tur,
355 5714 483 5791 quia
511 5724 637 5773 sunt
656 5716 874 5789 abrasas
901 5718 1065 5775 multa
1094 5718 1117 5798 (
1142 5719 1290 5777 Ptol.
1317 5720 1521 5793 xxxv),
1554 5727 1607 5776 et
1631 5721 1756 5795 quia

1879 1922 2056 1974 autem
2081 1914 2195 1969 sine
2222 1912 2353 1984 lege,
2394 1922 2611 1971 natura,
2639 1913 2866 1979 scilicet,
2904 1913 3115 1987 justitia
3162 1911 3258 1966 Dei
3285 1910 3457 1965 mani-

1877 2003 2071 2074 festata
2100 2012 2197 2068 est,
2228 2004 2581 2058 testimonium
2602 2002 2794 2059 habens
2821 2003 2946 2076 legis
2974 2002 3146 2074 Moysi
3165 2011 3214 2056 et
3234 2001 3453 2072 prophe-

1878 2103 2073 2159 tarum.
2098 2093 2155 2153 in
2170 2090 2366 2163 quibus
2395 2103 2618 2150 sanctus
2643 2093 2875 2165 Spiritus
2890 2093 3057 2149 multa
3069 2108 3166 2164 per
3181 2091 3380 2164 figuras
3398 2098 3454 2145 et

1875 2181 2169 2255 aenigmata-
2187 2185 2253 2240 de
2276 2185 2487 2257 justitia
2515 2185 2611 2243 Dei
2640 2186 2953 2256 scripserat.
2988 2185 3057 2243 Et
3086 2184 3210 2241 nolo
3240 2184 3456 2239 mireris

1877 2275 2021 2350 quod
2044 2290 2211 2333 unum
2228 2275 2548 2333 vocabulum
2576 2276 2733 2349 legis,
2757 2277 2993 2335 secundo
3026 2278 3081 2333 in
3121 2276 3310 2343 eodem
3337 2274 3456 2330 loco

1876 2366 2356 2437 positum,.diversa
2371 2367 2659 2440 signiﬁcet.
2672 2367 2979 2427 invenimus
2991 2369 3139 2427 hanc,
3156 2382 3276 2431 esse
3300 2365 3419 2424 Scri
3432 2394 3450 2406 -

1876 2466 2047 2529 plura:
2067 2460 2509 2515 consuetudinem
2535 2468 2591 2515 et
2622 2459 2673 2513 in
2705 2458 2833 2519 aliis
2846 2458 2997 2525 locis,
3033 2469 3090 2521 ut
3114 2460 3229 2521 ibi:
3262 2456 3453 2513 Nonne

1878 2564 1964 2603 vos
1992 2546 2166 2619 άξεὶιὶε
2192 2550 2317 2618 quia
2346 2549 2517 2608 adhuc
2537 2536 2765 2619 quatuor.
2790 2565 2987 2610 menses
3015 2560 3160 2617 sunt,
3190 2559 3256 2615 at
3279 2550 3448 2603 veniat

1876 2639 2103 2697 messis?
2127 2647 2176 2692 et
2202 2636 2400 2694 elevate.
2434 2637 2617 2695 oculos
2652 2647 2947 2705 vestros,“
2985 2638 3150 2700 videte
3191 2640 3444 2715 regiones,

1876 2737 2002 2807 quia
2036 2734 2170 2793 alba
2206 2742 2326 2790 sunt
2367 2732 2438 2787 ad
2477 2747 2712 2790 messem.
2762 2730 2960 2803 (loqu.
3010 2731 3128 2802 tv.)
3170 2716 3368 2789 Nonne.
3399 2738 3454 2785 et

1878 2825 2134 2884 hocrloco.
2153 2823 2353 2881 messis.
2371 2821 2606 2881 secundo
2635 2820 2933 2886 nominata,
2957 2820 3133 2893 primo
3161 2820 3230 2875 ad
3265 2834 3453 2891 corpo-

1878 2917 2047 2975 ralem
2088 2929 2320 2974 messem
2372 2912 2624 2978 refertur,
2676 2913 2915 2969 secundo
2952 2925 3091 2971 vero.
3121 2911 3190 2975 ad
3237 2910 3454 2983 spirita-

1875 3008 1979 3065 lem
2001 3008 2038 3067 ἱ
2070 3005 2149 3065 lia
2178 3008 2235 3062 in
2259 3007 2363 3065 hoc
2396 3005 2513 3063 loco
2548 3004 2836 3076 Apostolus
2878 3018 2999 3061 eum
3035 3003 3151 3064 sine
3178 3001 3299 3073 lcge
3323 3001 3455 3059 dicit

1872 3098 2142 3169 justitiam
2170 3095 2527 3161 manifestari,
2571 3103 2778 3149 naturae
2814 3093 2903 3148 lex
2932 3092 3248 3162 intelligitur
3283 3110 3296 3145 :
3327 3080 3452 3150 cum

1878 3205 2011 3247 vero
2038 3190 2189 3255 dicit,
2236 3187 2533 3255 Testi/icata
2562 3203 2592 3239 a
2619 3184 2727 3256 lege
2755 3192 2803 3238 et
2824 3184 3115 3255 prophetis,
3162 3181 3333 3254 Moysi
3369 3182 3450 3238 le-

1876 3295 1999 3354 gem
2026 3280 2291 3353 designat.
2338 3276 2464 3331 Haec
2494 3290 2621 3348 ergo
2654 3273 2866 3342 justitia
2896 3272 3016 3337 Dei.
3042 3286 3162 3343 qua:
3193 3280 3276 3327 est
3296 3270 3453 3328 Chri-

1876 3378 2016 3433 stus,
2062 3366 2443 3425 manifestatur
2482 3364 2601 3421 sine
2635 3363 2752 3434 lege
2786 3362 3004 3432 quidem
3049 3360 3304 3426 naturali,
3345 3374 3451 3416 non

1874 3471 2056 3523 tamen
2096 3461 2213 3515 sine
2256 3458 2373 3532 lege
2399 3456 2566 3529 Moysi
2613 3456 2700 3515 vel
2745 3454 3059 3527 prophetis:
3085 3454 3177 3514 dat
3208 3453 3353 3512 enim
3394 3452 3445 3508 ei

1876 3552 2246 3608 testimonium
2289 3551 2395 3615 lex,
2452 3550 2593 3607 sicut
2635 3556 2694 3602 et
2739 3546 2853 3623 ipse
2894 3545 3025 3601 dicit
3066 3563 3080 3601 :
3119 3544 3446 3606 Scrutamini

1874 3641 2197 3713 Scripturas,
2212 3651 2267 3701 et
2306 3642 2432 3710 ipsa:
2453 3648 2574 3694 sunt
2614 3654 2738 3702 ante,
2761 3638 3109 3695 testimonium
3126 3630 3355 3694 reddunt
3382 3635 3446 3690 de

1872 3748 1955 3789 me
1993 3730 2195 3803 (Joan.
2220 3746 2253 3785 v
2287 3729 2329 3802 ).
2382 3729 2516 3787 Nam
2563 3729 2651 3785 lex
2683 3728 2899 3801 quidem
2951 3728 3217 3789 naturalis
3268 3734 3448 3799 potest

1872 3821 2187 3877 occasiones
2208 3821 2445 3891 prtebere
2482 3827 2539 3873 et
2561 3817 2891 3883 intellectum
2918 3820 3046 3875 dare
3065 3858 3089 3892 ,δ
3107 3826 3169 3872 ut
3187 3818 3441 3884 diximus,

1874 3911 1958 3966 vel
1984 3911 2051 3965 ad
2079 3926 2144 3965 ea
2171 3926 2291 3981 qua:
2318 3911 2459 3964 inter
2483 3924 2672 3967 omnes
2692 3911 2780 3979 agi
2803 3909 3036 3985 anilitas
3048 3908 3240 3977 poscit,
3268 3908 3353 3964 vel
3374 3909 3440 3962 ad

1870 4002 1976 4057 hoc
2000 4002 2196 4072 ipsum,
2230 4009 2289 4055 ut
2318 4016 2436 4055 esse
2465 4000 2663 4057 sentiat
2698 3998 2885 4055 Deum.
2918 4000 2993 4053 De
3015 3997 3231 4054 Christo
3260 4007 3441 4054 autem

1872 4093 1996 4161 quia
2035 4092 2105 4147 sit
2129 4092 2300 4146 Filius
2339 4090 2432 4145 Dei
2470 4090 2671 4145 sentire
2714 4086 3033 4163 naturaliter
3066 4090 3189 4158 quis
3228 4089 3447 4159 potest?

1868 4183 1996 4239 ideo
2020 4198 2149 4254 ergo
2173 4182 2288 4236 sine
2313 4180 2544 4249 haclege
2559 4180 2769 4250 justitia
2794 4179 2911 4243 Dei,
2929 4193 3045 4247 quae
3067 4190 3150 4234 est
3174 4177 3439 4243 Christus.

1871 4271 2210 4333 manifestata
2240 4280 2339 4334 est,
2370 4270 2657 4325 testificata
2682 4283 2749 4327 ex
2777 4269 2891 4341 lt:ge
2918 4268 3085 4341 Moysi
3114 4278 3168 4331 et
3202 4272 3435 4345 prophe-

1873 4361 1960 4425 tis.
2011 4360 2212 4417 Verum
2270 4360 2581 4432 priusquam
2626 4358 2695 4415 ad
2741 4350 3022 4430 sequentia
3066 4374 3440 4430 properemus,

1872 4452 2166 4511 omittenda
2213 4467 2319 4507 non
2352 4453 2564 4508 videtur
2599 4466 2666 4510 ne
2699 4452 2812 4510 haec
2857 4452 3072 4528 quidem
3112 4441 3436 4521 observatio,

1876 4547 2019 4616 quod
2053 4547 2106 4604 in
2134 4556 2357 4614 peccato
2395 4543 2609 4614 quidem
2640 4543 2973 4613 agnitionem
2992 4545 3161 4613 posui,
3204 4545 3254 4598 in
3279 4546 3441 4615 justi-

1880 4635 1949 4688 tia
1989 4649 2116 4688 vero
2164 4634 2667 4688 manifestationem.
2694 4630 2864 4686 Omne
2892 4632 3034 4703 quod
3064 4635 3440 4689 manifestatur

1873 4728 1963 4784 lux
1991 4738 2074 4785 est
2100 4747 2113 4782 :
2142 4729 2257 4783 etsi
2283 4728 2424 4799 quod
2463 4725 2837 4781 manifestatur
2858 4725 2945 4781 lux
2984 4736 3090 4791 est,
3131 4736 3431 4797 peccatum.

1874 4822 2014 4890 quod
2042 4820 2133 4873 lux
2168 4835 2274 4874 non
2299 4829 2404 4884 est,
2442 4834 2546 4876 non
2571 4818 2960 4882 manifestatur,
2992 4820 3084 4874 sed
3104 4821 3429 4891 agnoscitur.

1871 4911 1982 4980 Ego
2026 4910 2107 4965 sic
2152 4911 2357 4979 accipio
2393 4918 2445 4964 et
2481 4909 2646 4963 illud:
2678 4906 2827 4961 Nihil
2860 4908 3120 4964 occultum
3159 4912 3297 4982 quod
3332 4928 3433 4965 non

1872 4998 2247 5068 manifestetur,
2283 5015 2375 5079 nec
2398 5007 2649 5067 opertum,
2680 4997 2817 5067 quod
2863 5014 2964 5051 non
3011 4997 3277 5052 reveletur.
3328 4997 3433 5053 Sed

1871 5089 1937 5143 ad
1963 5091 2293 5159 propositum
2340 5095 2692 5143 revertamur.
2744 5085 2853 5143 Lex
2899 5102 3027 5158 ergo
3066 5094 3123 5141 et
3158 5088 3432 5157 prophetae

1872 5187 2040 5253 testes
2066 5178 2430 5248 sunttjustitite
2469 5177 2584 5241 Dei,
2615 5191 2734 5249 quae
2761 5177 2970 5249 justitia
2998 5192 3095 5250 per
3116 5177 3271 5233 [idem
3304 5177 3431 5234 Jesu

1872 5267 2074 5323 Christi
2121 5268 2491 5326 manifestatur
2521 5267 2573 5321 in
2600 5281 2787 5323 omnes
2814 5267 3116 5331 credentes,
3152 5268 3204 5322 in
3237 5269 3431 5337 quibus

1872 5357 2015 5413 nulla
2037 5367 2123 5413 est
2159 5358 2429 5417 distinctio
2470 5365 2647 5412 utrum
2676 5371 2740 5412 ex
2767 5353 2964 5416 Iudaeis
2993 5372 3060 5413 an
3088 5372 3153 5414 ex
3185 5360 3429 5431 gentibus

1871 5450 2115 5505 credant.
2156 5448 2370 5503 Iustitia
2396 5460 2567 5502 autem
2597 5447 2694 5501 Dei
2734 5463 2826 5515 per
2857 5447 3014 5516 ﬁdem
3054 5448 3179 5505 Jesu
3209 5448 3422 5507 Christi.

1872 5539 2125 5612 (Ambr.)
2150 5538 2287 5605 Quid
2316 5540 2457 5594 enim
2508 5537 2651 5596 aliud
2695 5551 2791 5607 per
2836 5535 2993 5595 fidem
3040 5536 3164 5595 Jesu
3203 5538 3424 5604 Christi.

1871 5630 1975 5685 nisi
2000 5631 2125 5701 quia
2162 5630 2274 5701 ipsa
2305 5630 2398 5684 Dei
2430 5628 2635 5713 justitia
2667 5624 3029 5685 manifestatio
3071 5624 3269 5684 Christi
3297 5628 3424 5686 est?

1870 5719 1976 5776 Per
2003 5720 2163 5777 ﬁdem
2200 5720 2344 5780 enim
2383 5718 2777 5793 praedicationis
2802 5718 2929 5782 ἔθευ
2956 5719 3155 5782 Christi
3181 5720 3424 5795 agnosci-
