3960 6316
502 334 525 387 i
536 332 643 389 545

1148 333 1207 388 Β.
1249 333 1497 388 RABANI
1535 332 1752 388 MAURI
1788 332 2105 390 ARCHiEP.
2148 332 2457 390 MOGUNT.
2499 335 2780 392 OPERUM
2816 338 2994 395 PARS
3032 340 3115 395 Ill.

3624 342 3749 398 1344

502 455 589 501 tur
614 446 812 502 donum
848 446 1047 501 dudum
1084 446 1409 516 promissum
1438 461 1470 499 a
1497 444 1643 511 Deo,
1690 446 1772 500 vel
1820 446 2071 500 sumitur.
2102 450 2154 508 Α
2179 445 2363 497 domus
2402 447 2651 499 orationis
2668 449 2957 501 «iocabitur
2983 452 3037 501 in
3073 453 3313 505 omnibus
3348 454 3591 523 gentibus
3620 452 3748 509 (lu.

501 535 567 589 In
599 553 775 592 omnes
804 546 852 592 et
878 552 1033 605 super
1061 552 1237 590 omnes
1266 537 1355 605 qui
1380 537 1614 590 credunt.
1646 536 1760 592 Hoc
1783 544 1886 602 est,
1916 552 2077 605 super

501 647 689 687 omnes
713 630 926 687 Judteos
960 640 1013 686 et
1044 630 1258 687 Graecos
1290 630 1571 687 credentes
1601 633 1768 687 videri
1798 634 1890 687 Dei
1914 633 2075 701 justi-

502 721 651 774 tiam.
688 720 810 774 Non
843 722 981 775 enim
1009 731 1083 775 est
1110 721 1374 774 distinctio
1398 738 1416 775 :
1440 738 1616 775 omnes
1643 731 2000 792 pcscaverunt,
2029 732 2077 777 et

501 792 646 880 egent
690 808 859 879 gloria
886 809 1003 863 Dei.
1034 809 1169 877 Quia
1198 812 1407 865 dixerat
1449 828 1611 882 super
1642 829 1828 868 omnes
1869 812 2081 868 Judaeos

503 907 557 954 et
574 898 791 953 Graecos
812 899 906 954 Dei
927 898 1344 967 essejustitiam,
1362 913 1421 956 ut
1440 905 1541 958 hoc
1558 904 1831 973 probaret,
1848 904 2077 974 adjecit:

504 988 694 1043 Omnes
736 991 872 1043 enim
908 1000 1267 1060 peccaverunt.
1296 991 1407 1048 Hoc
1442 993 1769 1063 generaliter
1806 996 2079 1065 accipien-

503 1078 625 1134 dum
644 1118 658 1145 ,
686 1087 744 1132 ιιι
773 1072 1139 1151 intelligantur
1165 1090 1271 1135 tam
1298 1081 1467 1137 Judazi
1501 1099 1663 1153 quam
1693 1083 1865 1139 Graeci
1895 1125 1905 1138 ι
1941 1086 2082 1141 unde

503 1169 599 1233 ait,
623 1185 726 1223 non
742 1180 817 1223 est
844 1170 1141 1236 distinctio;
1172 1187 1347 1226 omnes
1378 1174 1520 1228 enim
1562 1175 1650 1229 hic
1677 1176 2084 1244 comprehendit

502 1261 663 1314 etiam
686 1270 740 1315 et
760 1270 1000 1324 sanctos,
1028 1269 1085 1314 ut
1110 1263 1421 1317 ostenderet
1450 1265 1581 1318 nihil
1616 1264 1882 1334 profuisse
1909 1265 2083 1334 legem

503 1350 619 1404 sine
643 1352 777 1416 ﬁde;
808 1353 886 1405 sic
906 1352 1048 1407 enim
1073 1353 1160 1408 lex
1180 1353 1303 1407 data
1327 1363 1430 1419 est,
1461 1364 1519 1409 ut
1548 1356 1680 1411 ﬁdes
1701 1366 1843 1412 esset
1868 1358 1921 1410 in
1946 1359 2081 1429 lege,

502 1454 621 1509 qua:
667 1440 901 1495 futuram
942 1451 1187 1511 speraret
1230 1444 1479 1499 salutem.
1532 1445 1889 1511 Quamobrem
1938 1464 2084 1503 mors

502 1527 702 1584 Christi
726 1532 975 1586 omnibus
994 1532 1233 1600 proﬁcit,
1270 1534 1394 1601 quia
1418 1542 1473 1587 et
1503 1533 1590 1589 hic
1620 1535 1674 1588 in
1710 1536 1925 1601 sarculo,
1956 1537 2085 1605 quid

502 1620 830 1674 credendum
848 1630 906 1675 et
922 1622 1316 1676 observandum
1339 1634 1444 1689 est,
1470 1624 1674 1690 docuit,
1702 1634 1758 1679 et
1782 1627 1849 1679 de
1875 1623 2086 1681 inferno

502 1724 692 1765 omnes
724 1712 942 1781 eripuit.
983 1711 1175 1766 Omnes
1206 1702 1363 1767 enim‘
1392 1726 1733 1783 peccaverunt
1764 1730 1783 1767 :
1807 1716 1900 1770 sed
1941 1715 2087 1771 solus

2178 535 2308 604 va).
2357 534 2612 601 Quamvis
2659 538 2803 591 enim
2846 538 3121 595 Judaismo
3160 540 3302 596 facta
3336 544 3627 611 promissio
3662 545 3751 611 sit,

2180 627 2271 680 sed
2306 628 2563 695 prtescius
2600 629 2738 682 Deus
2774 644 2839 683 eo
2868 631 3009 698 quod
3035 632 3234 686 donum
3262 634 3381 703 ejus
3415 637 3754 705 reprobaturi

2181 725 2361 770 essent
2384 718 2533 788 impii
2561 718 2729 773 Judaei
2749 758 2764 783 ,
2794 730 2981 789 gentes
3016 736 3075 775 se
3115 724 3609 792 adpercipiendam
3635 742 3757 797 grao

2182 807 2311 860 tiam
2341 823 2492 861 suam
2522 809 2769 877 promisit
2793 810 3100 878 admittere,
3138 828 3366 882 quarum
3415 816 3757 874 aemulatione

2181 895 2235 949 in
2288 897 2426 950 iram
2469 899 2649 965 missi,
2678 901 3049 955 cruciarentur
3098 903 3248 971 impii
3300 902 3494 959 Judwi.
3538 906 3607 961 In
3660 910 3757 963 hoc

2182 995 2406 1055 tempore
2429 1030 2442 1052 ,
2496 991 2550 1045 id
2597 999 2707 1054 est,
2766 1000 3003 1059 tempore
3033 1002 3216 1048 nostro
3242 981 3347 1062 quo
3382 994 3529 1049 dedit
3567 996 3710 1052 Deus
3738 1037 3755 1063 ,

2182 1081 2325 1148 quod
2355 1081 2483 1135 olim
2515 1081 2838 1149 promiserat
2863 1080 3096 1137 dandum
3124 1092 3366 1153 tempore
3392 1101 3501 1154 quo
3536 1088 3702 1142 dedit.

2257 1175 2325 1230 Ut
2352 1180 2417 1231 sit
2451 1178 2558 1247 ipse
2575 1178 2776 1248 justus,
2803 1179 3103 1248 justiﬁcans
3147 1198 3264 1234 eum
3311 1184 3402 1251 qui
3445 1201 3511 1236 ea:
3548 1186 3650 1251 ﬁde
3682 1197 3758 1240 est

2183 1268 2308 1321 Jesu
2338 1266 2551 1321 Christi.
2584 1267 2750 1323 Recte
2779 1270 2872 1333 ait,
2908 1271 3030 1338 quia
3072 1280 3130 1323 ut
3153 1272 3224 1325 sit
3242 1271 3426 1339 justus
3455 1274 3759 1343 deditquod

2186 1360 2432 1428 promisit
2465 1376 2475 1411 :
2510 1360 2613 1413 hoc
2642 1370 2819 1413 autem
2847 1362 3094 1430 promisit
3112 1362 3410 1433 justiﬁcare
3448 1379 3507 1418 se
3541 1365 3761 1419 creden-

2188 1458 2268 1504 tes
2295 1450 2348 1504 in
2380 1449 2614 1505 Christo.
2644 1442 2989 1506 Dicit‘autem
3029 1454 3081 1507 in
3132 1453 3384 1508 Habacuc
3415 1455 3637 1508 :‘Justus
3665 1472 3758 1508 au»

2187 1550 2288 1593 tem
2310 1556 2375 1593 ea:
2402 1540 2506 1609 ﬁde
2531 1557 2645 1594 mea
2676 1542 2791 1595 vivit
2818 1543 2836 1612 (
2863 1542 3065 1595 Ilabnc.
3109 1543 3211 1612 ιι),
3239 1552 3299 1595 ιιι
3323 1544 3451 1597 dum
3478 1544 3570 1597 Dei
3606 1545 3760 1600 ﬁdem

2188 1633 2349 1687 habet
2376 1642 2431 1686 et
2454 1632 2677 1696 Christi,
2707 1632 2989 1705 sitjustus.
3032 1634 3118 1688 Fit
3150 1650 3281 1705 ergo
3310 1650 3409 1704 per
3446 1636 3765 1706 repropitiao

2190 1723 2390 1777 tionem
2417 1724 2695 1793 sanguinis
2722 1722 2920 1778 Christi
2946 1724 3192 1779 remissio
3211 1725 3635 1793 praecedentium
3675 1723 3765 1778 de-

503 1802 619 1857 sine
653 1812 875 1871 peccato
909 1803 1056 1857 venit
1082 1804 1173 1872 qui
1213 1819 1312 1869 nos
1350 1813 1664 1873 peccatores
1704 1806 1929 1859 invenit.
1973 1806 2086 1862 Hoc
2114 1796 2162 1856 Β
2192 1811 2441 1866 lictorum
2468 1813 2521 1864 iu
2546 1814 2934 1867 sustentatione
2950 1813 3041 1867 Dei
3059 1813 3125 1867 ad
3154 1814 3521 1867 ostensiouem
3546 1815 3765 1883 justitiae

502 1893 821 1963 Apostolus:
841 1893 1033 1949 Omnes
1050 1896 1185 1949 enim
1198 1906 1535 1964 peccaverunt
1556 1907 1602 1950 et
1621 1906 1767 1966 egent
1789 1897 1955 1967 gloria
1968 1896 2086 1963 Dei,

503 1993 563 2038 ut
582 1985 695 2053 ipse
722 1985 932 2051 liberet,
960 2000 1066 2040 non
1091 1994 1168 2050 tu,
1194 1987 1320 2054 quia
1351 1996 1403 2041 tu
1438 1996 1488 2041 te
1514 1988 1746 2042 liberare
1770 2003 1875 2042 non
1904 1998 2086 2057 potes;

504 2074 712 2145 indiges
742 2075 1036 2131 liberatore
1054 2118 1068 2141 ,
1099 2076 1226 2146 quid
1253 2085 1336 2131 est
1364 2079 1505 2146 quod
1542 2060 1829 2145 te‘jactas?
1857 2078 1987 2147 quid
2007 2087 2092 2134 est

504 2167 646 2236 quod
668 2166 735 2221 de
762 2166 879 2237 lege
903 2175 959 2220 et
982 2166 1048 2220 de
1065 2165 1277 2236 justitia
1305 2169 1589 2237 praesumis
1606 2170 1631 2221 ?
1659 2167 1791 2223 Vide
1821 2184 1981 2240 ergo,
2010 2178 2093 2225 at-

508 2259 666 2315 tende
686 2274 808 2314 eum
830 2260 922 2328 qui
944 2258 1102 2314 dicit:
1119 2256 1459 2312 Condelector
1478 2261 1615 2313 enim
1640 2259 1749 2330 lege
1766 2259 1886 2327 Dei,
1906 2276 2092 2314 secun-

506 2351 631 2402 dant
663 2350 961 2403 interiorem
980 2350 1263 2414 hominem,
1290 2358 1421 2414 etc.,
1453 2365 1626 2419 usque
1652 2352 1778 2406 dum
1807 2352 1881 2406 ait
1907 2370 1920 2405 :
1960 2352 2091 2417 Quis

506 2454 588 2491 me
615 2438 850 2491 liberabit
878 2438 942 2491 de
974 2453 1188 2507 corpore
1225 2438 1409 2491 mortis
1439 2438 1597 2507 hujus
1622 2439 1646 2491 ?
1676 2441 1848 2508 gratia
1874 2438 1972 2493 Dei
2001 2455 2094 2509 per

507 2529 689 2583 Jesum
713 2529 978 2584 Christum
1000 2529 1284 2583 Dominum
1307 2540 1542 2583 nostrum
1563 2529 1742 2599 (Rom.
1770 2529 1889 2600 vn).
1915 2528 2094 2596 Quare

508 2622 681 2691 gratia
699 2621 724 2673 Ρ
749 2620 876 2689 quia
908 2620 1078 2691 gratis
1104 2620 1282 2673 datur.
1317 2618 1497 2685 Quare
1532 2620 1701 2691 gratis
1738 2619 1938 2673 datur?
1966 2620 2093 2689 quia

508 2711 701 2763 merita
721 2722 810 2764 tua
826 2718 939 2764 non
959 2716 1378 2780 prtecesserunt,
1394 2710 1487 2763 sed
1507 2710 1770 2765 beneﬁcia
1787 2709 1882 2764 Dei
1898 2718 1947 2764 te
1958 2726 2088 2779 pne-

510 2809 795 2855 venerunt.
826 2799 903 2853 llli
932 2813 1061 2869 ergo
1086 2798 1254 2869 gloria
1291 2799 1381 2867 qui
1423 2815 1521 2855 nos
1557 2799 1771 2853 liberat.
1807 2798 2097 2869 Justiﬁcati

510 2894 675 2962 gratis
696 2909 789 2961 per
806 2893 1033 2961 gratiam
1059 2892 1247 2960 ipsius.
1276 2889 1564 2945 Justiﬁcati
1597 2880 1723 2945 sunt
1748 2892 1938 2961 gratis,
1969 2892 2095 2960 quia

512 2983 645 3037 nihil
660 2990 969 3051 operantes,
988 2996 1161 3050 neque
1174 2982 1345 3035 vicem
1367 2981 1672 3047 reddentes,
1686 2982 1797 3037 sola
1818 2982 1922 3036 ﬁde
1938 2980 2099 3050 justi-

517 3073 663 3129 ﬁcati
692 3080 817 3127 sunt
845 3073 982 3127 dono
1020 3072 1131 3124 Dei.
1175 3071 1283 3124 Per
1318 3073 1715 3139 redemptionem
1738 3114 1752 3137 ,
1793 3090 1909 3143 qua:
1937 3083 2010 3127 est
2044 3076 2098 3129 in

516 3165 721 3220 Christo
757 3163 905 3218 Jesu.
953 3161 1194 3217 Gratiam
1226 3163 1320 3217 Dei
1360 3164 1413 3217 in
1454 3162 1669 3219 Christo
1696 3180 1815 3220 esse
1844 3173 2095 3232 testatur,

518 3260 643 3328 quia
665 3258 938 3313 voluntate
952 3256 1047 3311 Dei
1068 3273 1098 3311 a
1118 3256 1616 3327 Christoredempti
1640 3274 1842 3321 sumus,
1863 3268 1921 3313 ut
1935 3274 2097 3313 manu

519 3349 669 3403 missi
693 3346 1139 3415 justiﬁcaremur,
1164 3347 1308 3400 sicut
1329 3346 1395 3399 ad
1410 3345 1650 3412 Galatas,
1673 3348 1837 3401 dicit:
1860 3346 2098 3402 Christus

520 3460 611 3496 nos
640 3442 871 3506 redemit,
904 3438 1136 3495 oﬁ‘erens
1162 3453 1221 3494 se
1250 3455 1347 3509 pro
1378 3438 1552 3494 nobis.
1584 3439 1839 3495 Permisit
1868 3441 2012 3494 enim
2042 3455 2100 3494 se

520 3532 733 3588 diabolo
758 3532 1019 3597 saevienti,
1048 3531 1141 3587 sed
1163 3532 1485 3601 impraescio.
1514 3532 1716 3587 Putans
1747 3542 1925 3586 autem
1947 3532 2103 3587 Chri-

523 3633 663 3677 stum
690 3638 749 3676 se
778 3638 938 3692 posse
965 3622 1219 3686 retinere,
1249 3622 1413 3677 veluti
1445 3623 1651 3693 accepit
1672 3637 1822 3687 eum;
1854 3624 1945 3677 sed
1974 3622 2102 3691 quia

524 3716 776 3767 virtutem
806 3711 924 3781 ejus
949 3712 1089 3767 ferre
1124 3728 1231 3768 non
1267 3713 1473 3783 potuit,
1510 3727 1699 3767 omnes
1723 3728 1858 3782 quos
1890 3714 2105 3769 tenebat

523 3806 683 3860 simul
718 3820 841 3859 cum
876 3804 965 3859 illo
1000 3805 1197 3859 amisit.

599 3895 765 3962 Quem
794 3896 1062 3966 proposuit
1090 3894 1229 3949 Deus
1258 3895 1650 3966 propitiatorem
1676 3894 1819 3963 ﬁdei.
1864 3894 1977 3950 Hoc
2024 3896 2107 3950 di-

526 3990 599 4044 cit
628 3990 753 4058 quia
782 3990 834 4043 in
858 3989 1073 4044 Christo
1106 3989 1382 4057 proposuit
1409 3990 1581 4055 Deus,
1614 3990 1669 4044 id
1702 3998 1815 4055 est,
1844 3990 2109 4058 disposuit

526 4082 819 4150 propitium
844 4096 902 4135 se
937 4078 1177 4134 futurum
1208 4079 1443 4134 humano
1477 4082 1681 4152 generi,
1711 4082 1757 4134 si
1799 4082 2004 4135 credat.
2041 4079 2108 4134 In

529 4174 783 4240 sanguine
810 4168 993 4237 ipsius.
1023 4169 1145 4225 Ideo
1174 4170 1227 4223 in
1250 4170 1511 4239 sanguine
1546 4171 1714 4240 ipsius
1739 4210 1753 4235 ,
1780 4172 1906 4240 quia
1936 4178 2110 4225 morte

530 4261 649 4331 ejus
675 4261 887 4317 liberati
914 4276 1119 4325 sumus,
1148 4270 1209 4315 ut
1233 4260 1607 4315 manifestaret
1632 4261 1781 4315 illum
1810 4269 2108 4327 mortuum,

531 4360 586 4405 et
625 4360 851 4405 mortem
880 4352 1130 4420 passione
1158 4350 1272 4418 ejus
1309 4352 1609 4405 damnaret.
1649 4352 1732 4405 Ad
1769 4352 2111 4405 osleusionem

527 4442 750 4510 iustitia:
773 4456 904 4506 sure,
933 4440 1035 4495 hoc
1057 4449 1140 4494 est
1158 4447 1218 4493 ut
1240 4442 1563 4509 prdmissum
1594 4458 1748 4497 suum
1774 4441 1948 4511 palam
1970 4440 2112 4495 face-

536 4542 634 4597 ret,
666 4549 771 4602 quo
793 4548 889 4586 nos
913 4548 942 4585 a
965 4532 1200 4601 peccatis
1229 4531 1503 4598 liberaret,
1530 4534 1670 4587 sicut
1698 4542 1821 4586 ante
1848 4533 2111 4601 promise-

535 4636 649 4693 rat;
679 4629 820 4698 quod
844 4634 955 4681 tum
975 4642 1094 4680 cum
1118 4626 1376 4693 implevit,
1397 4628 1600 4696 justum
1626 4642 1684 4682 se
1702 4626 1955 4681 ostendit.
1984 4624 2115 4677 Pro~

536 4729 650 4788 pter
680 4718 1000 4787 propositum
1027 4716 1426 4785 precedentium
1454 4716 1757 4770 delictorum
1786 4718 1839 4770 in
1866 4716 2117 4785 patientia

540 4808 657 4861 Dei.
700 4806 889 4861 Sciens
934 4807 1075 4860 Deus
1107 4806 1438 4875 propositum
1481 4806 1827 4873 benignitatis
1868 4819 1977 4858 sua:
2011 4819 2118 4872 quo

542 4897 751 4953 censuit
800 4895 1170 4967 peccatoribus
1222 4895 1507 4950 subvenire
1535 4938 1549 4961 ,
1590 4904 1699 4949 tam
1747 4896 1832 4949 his
1869 4895 1960 4962 qui
1998 4902 2123 4948 sunt

546 4991 685 5059 apud
725 5003 983 5057 superos,
1038 5003 1200 5056 quam
1244 4988 1337 5054 qui
1392 4988 1444 5040 in
1502 4986 1711 5055 inferno
1754 4986 2074 5040 tenebantur
2101 5025 2115 5049 ,

548 5089 804 5147 utrosque
852 5078 1553 5146 diutissime‘exspectavit,
1607 5093 1875 5132 evacuans
1905 5085 2122 5130 senten-

554 5173 700 5235 tiam,
727 5184 832 5238 qua
853 5170 1061 5239 justum
1084 5170 1299 5223 videtur
1322 5182 1508 5223 omnes
1536 5169 1778 5224 damnari
1812 5186 1824 5221 :
1856 5177 1915 5221 ut
1941 5176 2121 5221 osten-

552 5264 703 5318 deret
758 5262 910 5315 uobis
933 5302 947 5324 ,
977 5259 1120 5329 quod
1155 5258 1282 5311 olim
1334 5259 1645 5314 decreverat
1692 5258 1919 5312 liberare
1952 5272 2121 5327 genus

553 5353 846 5407 humanum
867 5364 963 5417 per
982 5349 1279 5412 Christum,
1302 5348 1442 5401 sicut
1456 5349 1699 5416 promisit
1722 5362 1817 5418 per
1836 5345 2120 5400 Jeremiam

551 5443 871 5517 prophetam
904 5440 1089 5494 dicens
1138 5454 1151 5491 :
1183 5438 1451 5507 Propitius
1480 5455 1568 5491 ero
1604 5437 1962 5507 iniquitatibus
2006 5434 2127 5487 illa-

558 5551 713 5597 rum,
765 5544 813 5586 et
861 5532 1169 5585 delictorum
1219 5530 1427 5581 illorum
1472 5545 1573 5581 non
1623 5527 1951 5581 memorabor
1988 5524 2123 5595 (Jer.

560 5625 738 5695 xm).
778 5623 845 5677 Et
889 5637 955 5676 ne
1002 5620 1141 5675 forte
1172 5620 1273 5674 hoc
1302 5619 1498 5673 donum
1537 5619 1667 5673 solis
1694 5616 1890 5671 Judmis
1928 5614 2128 5686 promi-

567 5721 703 5776 sisse
741 5719 1047 5783 videretur,
1094 5732 1192 5787 per
1244 5715 1436 5771 Isaiam
1485 5714 1615 5770 dicit
1663 5732 1675 5768 :
1735 5712 1933 5768 Domus

2139 4483 2194 4541 D

1990 5726 2141 5779 mea;

2192 1916 2319 1955 suat.
2349 1900 2682 1955 Sustentatio
2709 1899 2802 1955 Dei
2829 1909 2911 1955 est
2933 1901 3019 1955 ubi
3047 1911 3303 1971 peccator
3323 1918 3431 1957 non
3458 1906 3643 1955 statim
3667 1918 3765 1971 pu-

2192 1991 2338 2043 nitur
2357 1998 2416 2043 ut
2441 2001 2650 2059 peccat,
2673 1990 2764 2044 sed
2786 1991 3079 2045 secundum
3102 1992 3243 2060 quod
3270 1992 3469 2047 ibidem
3484 1992 3766 2061 Apostolus

2193 2080 2351 2145 dixit,
2373 2095 2468 2149 per
2491 2081 2804 2149 patientiam
2827 2081 2921 2136 Dei
2941 2082 3229 2137 adducitur
3252 2083 3317 2135 ad
3347 2084 3720 2150 paenitentiam
3748 2099 3763 2135 :

2193 2171 2248 2224 in
2273 2171 2376 2224 hoc
2409 2170 2527 2224 loco
2565 2171 2847 2225 ostendere
2896 2172 3091 2224 dicitur
3134 2170 3402 2237 justitiam
3422 2186 3578 2224 suam
3609 2170 3764 2225 Deus.

2193 2261 2337 2314 Bene
2353 2270 2544 2325 autem,
2559 2260 2703 2314 addit
2730 2260 2782 2312 in
2807 2260 2902 2312 hoc
2922 2270 3167 2329 tempore.
3194 2260 3482 2315 Praesentis
3511 2261 3652 2313 enim
3673 2274 3772 2314 se-

2192 2353 2296 2408 culi
2330 2361 2567 2422 tempore
2609 2352 2662 2405 in
2697 2353 3085 2406 sustentatione
3105 2351 3411 2419 estjustitia
3440 2350 3538 2405 Dei
3567 2392 3581 2414 ,
3606 2350 3769 2405 futuri

2195 2459 2323 2498 vero
2370 2445 2423 2498 in
2457 2443 2843 2506 retributione;
2894 2441 3099 2510 justum
3136 2456 3373 2511 namque
3409 2442 3547 2510 apud
3591 2442 3769 2495 Domi-

2195 2550 2324 2587 num
2355 2533 2525 2587 visum
2554 2541 2657 2597 est,
2688 2543 2741 2585 ut
2769 2531 2894 2599 quia
2922 2530 3161 2583 futurum
3210 2532 3463 2585 saeculum
3518 2532 3585 2584 ad
3629 2530 3772 2597 judi-

2196 2626 2340 2681 cium
2379 2631 2661 2686 statuerat,
2696 2636 2930 2691 przesens
2982 2620 3362 2674 sustentatioui
3413 2630 3469 2674 et
3501 2621 3771 2690 patientia

2197 2718 2510 2784 deputaret;
2544 2729 2667 2767 nam
2702 2713 2747 2765 si
2780 2712 2994 2782 puniret
3038 2711 3093 2763 in
3123 2710 3223 2764 hoc
3256 2722 3498 2779 tempore
3524 2718 3773 2778 peceato—

2197 2821 2332 2869 rem,
2362 2804 2566 2872 justum
2593 2818 2699 2856 non
2722 2802 2994 2855 videretur
3024 2800 3214 2853 iterum
3242 2801 3307 2854 ad
3328 2800 3590 2870 judicium
3613 2814 3770 2867 quem

2198 2897 2449 2967 punierat
2491 2908 2757 2958 evocare;
2805 2892 2851 2946 si
2897 2904 3025 2945 vero
3069 2899 3331 2945 sustentet
3359 2900 3415 2945 et
3442 2892 3673 2959 patiatur
3716 2888 3773 2942 in

2198 2986 2451 3056 praesenti
2491 2984 2706 3047 saeculo,
2749 2990 2895 3036 recte
2931 2982 3035 3035 erit
3075 2980 3252 3048 justus
3290 2979 3461 3034 Judex
3488 2981 3541 3033 in
3569 2979 3772 3032 futuro.

2200 3076 2469 3133 Justiﬁcat
2497 3091 2625 3147 ergo
2653 3090 2776 3129 eum
2834 3075 2927 3144 qui
2979 3090 3045 3128 ex
3098 3074 3199 3127 ﬁde
3254 3082 3363 3140 est,
3415 3074 3553 3127 sicut
3607 3080 3659 3123 et
3708 3070 3778 3123 de

2201 3167 2472 3219 Abraham
2502 3167 2776 3233 scriptum,
2817 3164 2941 3232 quia
2973 3162 3191 3215 credidit
3246 3162 3512 3214 Abraham
3576 3160 3678 3211 Deo
3729 3168 3778 3210 et

2202 3266 2497 3328 reputatum
2522 3266 2596 3311 est
2623 3258 2668 3309 ei
2697 3256 2764 3309 ad
2782 3255 3084 3324 justitiam;
3116 3255 3237 3322 quia
3262 3255 3307 3306 si
3335 3252 3608 3305 Abraham
3656 3264 3779 3303 cre-

2203 3348 2359 3413 didit,
2390 3363 2457 3402 ex
2486 3346 2589 3400 ﬁde
2614 3344 2939 3413 justiﬁcatus
2965 3352 3047 3397 est
3074 3362 3084 3395 :
3113 3357 3450 3412 consequens
3477 3342 3591 3394 sine
3619 3340 3782 3393 dubio

2203 3442 2307 3496 erit
2336 3482 2350 3504 ,
2386 3448 2439 3493 et
2468 3449 2525 3493 ut
2554 3455 2696 3493 nunc
2740 3439 2830 3508 qui
2880 3438 3108 3492 credidit
3151 3437 3260 3491 Deo
3304 3451 3402 3505 per
3450 3435 3612 3488 ﬁdem
3657 3432 3781 3487 Jesu

2204 3529 2408 3585 Christi
2428 3528 2755 3599 justiﬁeetur
2784 3543 2905 3583 cum
2937 3528 3081 3582 ﬁdeli
3106 3528 3401 3582 Abraham.

2280 3619 2377 3674 Ubi
2408 3630 2482 3674 est
2510 3636 2629 3689 ergo
2661 3618 2903 3689 gloriatio
2926 3630 3018 3672 tua
3042 3620 3066 3671 ?
3108 3619 3339 3672 Exclusa
3366 3628 3462 3672 est.
3492 3618 3597 3671 Per
3626 3635 3783 3687 quam

2207 3710 2413 3781 legem?
2441 3708 2777 3763 Factorum?
2806 3708 2929 3763 Non
2952 3748 2965 3773 ,
3021 3708 3109 3762 sed
3144 3725 3237 3777 per
3271 3708 3434 3777 legent
3462 3709 3610 3775 ﬁdei.
3642 3708 3786 3761 Red-

2208 3803 2319 3856 dita
2365 3802 2573 3856 ratione
2616 3802 2684 3856 ad
2728 3815 2821 3856 eos
2865 3801 3136 3868 loquitur,
3183 3800 3276 3868 qui
3306 3808 3471 3869 agunt
3499 3799 3597 3851 sub
3628 3799 3745 3868 lege
3771 3838 3787 3862 ,

2208 3894 2353 3962 quod
2404 3893 2521 3947 sine
2567 3908 2729 3947 causa
2760 3892 3057 3963 gloriantur
3085 3930 3100 3956 ,
3151 3891 3490 3945 blandientes
3530 3889 3632 3944 sibi
3688 3889 3791 3943 sub

2207 3981 2347 4051 lege,
2370 3990 2426 4036 et
2449 3989 2732 4051 propterea
2763 3980 2905 4049 quod
2932 3995 3100 4050 genus
3128 3980 3235 4033 sint
3261 3978 3517 4043 Abrahae,
3544 3979 3790 4033 videntes

2209 4090 2317 4127 non
2339 4072 2626 4143 iustiﬁcari
2654 4071 2925 4126 hominem
2955 4070 3095 4140 apud
3121 4070 3289 4123 Deum
3329 4069 3433 4123 nisi
3462 4084 3560 4137 per
3605 4069 3786 4124 ﬁdem.

2211 4166 2547 4218 Arbitramur
2574 4164 2711 4216 enint
2749 4162 3037 4231 justiﬁcari
3064 4162 3324 4214 hominem
3362 4177 3454 4229 per
3487 4160 3649 4228 ﬁdem
3678 4161 3791 4213 sine

2211 4255 2452 4326 operibus
2494 4253 2641 4323 legis.
2682 4250 2947 4319 Centilem
2992 4250 3123 4305 dicit
3172 4250 3446 4310 hominem
3495 4266 3595 4318 pro
3643 4258 3791 4303 certo

2211 4346 2421 4409 haberi,
2441 4344 2582 4413 quod
2602 4341 2926 4411 iustiﬁcetur
2952 4342 3196 4407 credens,
3222 4340 3364 4395 nulla
3391 4340 3602 4393 faciens
3629 4355 3791 4409 opera

2216 4439 2364 4510 legis.
2404 4438 2457 4491 id
2488 4436 2597 4500 est,
2622 4438 2739 4491 sine
2761 4436 3196 4499 circumcisione,
3226 4443 3319 4487 aut
3347 4432 3671 4493 neomeniis,
3700 4443 3791 4487 aut

2216 4530 2565 4585 veneratione
2612 4529 2840 4582 sabbati.
2879 4526 3063 4598 (Aug.)
3110 4525 3246 4579 Nam
3286 4533 3443 4579 erant
3485 4524 3702 4592 quidem
3738 4524 3791 4576 in

2220 4623 2337 4690 lege
2379 4620 2471 4689 qui
2508 4620 2573 4673 de
2602 4617 2853 4686 operibus
2897 4617 3027 4686 legis
3080 4614 3448 4684 gloriabantur
3452 4652 3480 4697 ί
3537 4627 3658 4680 quae
3685 4610 3793 4664 for-

2222 4724 2365 4767 tasse
2400 4726 2507 4765 non
2542 4709 2861 4771 dilectione,
2890 4706 2982 4763 sed
3020 4703 3531 4781 timore‘faciebant,
3563 4712 3619 4755 et
3646 4700 3789 4754 vole-

2221 4804 2351 4858 bant
2378 4817 2435 4856 se
2459 4800 2634 4869 justos
2661 4798 2849 4863 videri,
2879 4806 2935 4852 et
2964 4796 3201 4865 praeponi
3238 4794 3489 4861 gentibus
3512 4807 3634 4861 qua
3661 4806 3794 4861 opus

2222 4893 2354 4963 legis
2379 4908 2482 4947 non
2504 4891 2765 4945 fecerant.
2800 4888 3085 4958 Apostolus
3110 4896 3290 4939 autem
3312 4885 3616 4954 praedicans
3637 4882 3791 4935 ﬁdem

2222 4982 2491 5051 gentibus,
2518 4994 2641 5034 cum
2671 4993 2765 5032 eos
2798 4977 2889 5046 qui
2918 4975 3247 5031 accedebant
3276 4974 3343 5027 ad
3383 4973 3673 5027 Dominum
3718 4970 3795 5023 vi-

2223 5073 2373 5127 deret
2394 5070 2717 5139 justiﬁcatos
2747 5082 2815 5122 ex
2844 5067 2947 5121 ﬁde
2970 5107 2984 5131 ,
3017 5074 3074 5119 ut
3096 5064 3211 5133 jam
3249 5064 3376 5133 quia
3407 5060 3793 5121 crediderant,

2222 5166 2361 5217 bene
2381 5170 2757 5233 operarentur,
2781 5174 2885 5213 non
2914 5158 3039 5225 quia
3068 5157 3206 5210 bene
3234 5153 3441 5222 operati
3478 5161 3607 5205 sunt
3631 5190 3647 5214 ,
3681 5164 3796 5202 cre-

2225 5254 2351 5309 dere
2399 5259 2756 5315 mererentur,
2798 5248 3119 5302 exelamavit
3157 5259 3401 5305 securus,
3439 5251 3494 5294 et
3529 5238 3797 5305 aittQuia

2227 5352 2405 5413 potest
2424 5341 2709 5410 justiﬁcari
2757 5340 2916 5393 homo
2941 5353 3008 5391 ex
3040 5336 3143 5390 ﬁde
3168 5376 3182 5401 ,
3228 5336 3344 5388 sine
3368 5331 3627 5401 operibus
3647 5330 3795 5398 legis,

2230 5444 2289 5490 ut
2314 5435 2388 5489 illi
2420 5435 2591 5502 magis
2625 5447 2733 5487 non
2768 5430 2966 5485 fuerint
2998 5429 3169 5498 justi,
3208 5427 3299 5495 qui
3336 5424 3480 5494 quod
3507 5422 3797 5481 faciebant,

2233 5526 2423 5579 timore
2462 5522 2750 5583 faciebant,
2783 5534 2904 5574 cum
2936 5518 3066 5573 ﬁdes
3094 5531 3191 5588 per
3225 5515 3569 5569 dilectionem
3606 5525 3799 5579 Opere-

2234 5626 2323 5671 tur
2346 5617 2401 5669 in
2428 5616 2607 5679 corde,
2640 5614 2852 5667 etiamsi
2878 5611 3011 5665 foris
3036 5624 3143 5664 non
3166 5608 3279 5662 exit
3304 5620 3489 5677 Opere.

2304 5707 2387 5761 An
2421 5704 2733 5762 Judworum
2756 5712 2958 5758 tantum
2996 5701 3175 5757 Deus.’
3198 5699 3388 5754 Nonne
3434 5706 3483 5752 et
3522 5694 3791 5766 gentium:
