3960 6322
217 411 242 456 1
253 399 358 454 545

749 405 1295 463 ENARRATIONUM
1332 406 1397 459 IN
1436 404 1583 461 EPP.
1622 400 1825 459 PAULI
1863 401 1990 458 LIB.
2032 401 2094 457 ll.
2135 431 2206 442 —
2234 400 2302 457 ΙΝ
2342 400 2560 456 EPIST.
2604 400 2694 455 AD
2734 398 2899 456 ROM.

3320 401 3456 456 1546

214 518 323 572 imo
345 525 392 570 et
411 518 656 585 gentium.
677 515 911 586 (Ambr.)
928 515 1055 572 Sine
1069 517 1230 570 dubio
1246 516 1480 570 omnium
1499 516 1639 568 Deus
1650 530 1787 569 unus
1817 516 1865 575 A
1893 520 1948 566 et
1968 510 2349 566 convenienter
2374 511 2425 564 in
2449 509 2899 577 consequentibus
2932 507 3110 576 ponit:
3137 508 3217 562 An
3238 507 3456 564 Juda’o-

214 616 319 661 est.
353 606 462 663 Nec
483 607 625 661 enim
648 607 746 661 soli
769 604 935 661 ιιιόωὶ
962 615 1184 676 possunt
1205 607 1307 661 sibi
1329 606 1625 668 vindicare,
1648 605 1789 673 quod

214 701 359 755 Deus
397 699 608 754 iilorum
636 740 651 764 ,
682 714 787 754 non
821 699 984 752 etiam
1013 699 1248 769 gentium
1277 698 1366 762 sit,
1403 712 1523 753 cum
1549 697 1791 766 relegant

216 796 285 849 ab
312 810 420 848 uno
440 794 609 848 Adam
632 793 871 847 omnium
894 808 1013 847 esse
1032 792 1317 862 originem,
1357 799 1411 845 et
1451 790 1649 845 nullum
1693 788 1788 842 ad-

215 901 412 940 venam
442 886 709 940 volentem
749 883 814 938 ad
840 884 1010 954 legem
1043 882 1300 938 accedere
1319 923 1333 947 ,
1358 881 1651 950 prohiberi.
1691 880 1792 933 De-

215 976 379 1045 nique
426 974 683 1045 aliquanti
729 974 978 1027 exierunt
1020 988 1140 1027 cum
1195 972 1297 1027 illis
1327 971 1396 1041 ,ιιι
1444 985 1685 1024 eremum
1726 969 1791 1023 de

216 1062 485 1137 Egyptiis
509 1106 522 1129 ,
556 1078 690 1133 quos
730 1063 1003 1132 suscipere
1038 1063 1296 1134 jubentur
1319 1102 1331 1124 ,
1365 1069 1570 1114 tantum
1601 1070 1659 1113 ut
1687 1059 1791 1113 cir-

217 1155 673 1217 curncidereutur,
693 1163 748 1208 et
767 1155 970 1223 pariter
982 1170 1104 1208 cum
1128 1152 1231 1207 illis
1246 1153 1468 1207 ederent
1497 1165 1682 1221 azyma
1708 1149 1790 1203 vel

215 1247 440 1315 pascha,
480 1258 577 1299 nec
610 1260 715 1299 non
746 1253 799 1298 et
824 1243 1131 1299 Cornelium
1162 1243 1359 1298 donum
1390 1242 1484 1295 Dei
1523 1240 1793 1309 accepisse

216 1338 469 1407 gentilem
514 1337 648 1409 (Act.
690 1335 746 1408 χ)
789 1353 894 1391 non
937 1337 1321 1407 judaizantem,
1355 1344 1409 1390 et
1448 1334 1589 1404 quod
1634 1332 1793 1401 justi-

216 1428 411 1483 ﬁcatus
456 1429 528 1481 sit
577 1428 755 1482 divino
802 1428 1108 1485 testimonio
1157 1426 1604 1496 comprobatum,
1656 1425 1795 1479 sicut

216 1523 271 1578 in
301 1523 528 1577 Psalmis
555 1522 812 1592 scriptum
849 1530 933 1576 est
977 1539 989 1574 :
1031 1519 1182 1574 Viam
1216 1520 1504 1589 iniquitatis
1553 1535 1730 1573 (tneove
1760 1536 1791 1572 a

216 1631 301 1669 me
324 1614 342 1685 (
367 1612 513 1667 Psal.
544 1629 709 1668 ωλι-ιιι
733 1611 781 1684 );
814 1618 868 1666 et
887 1611 1011 1683 quia
1036 1612 1117 1665 lex
1146 1610 1409 1666 factorum
1451 1610 1788 1673 subintravit,

217 1716 281 1761 ut
311 1706 611 1761 abundaret
635 1704 907 1769 delictum,
940 1704 1201 1773 sequitur,
1225 1712 1281 1757 et
1306 1702 1434 1756 dicit
1461 1720 1472 1756 :
1506 1701 1572 1755 Et
1602 1702 1665 1755 de
1685 1701 1791 1770 lege

220 1806 313 1849 tua
352 1795 593 1849 miserere
641 1796 761 1848 mei.
820 1794 934 1860 Qua
990 1793 1105 1863 lege
1149 1794 1251 1849 nisi
1300 1794 1415 1863 lege
1458 1792 1614 1847 ﬁdei?
1651 1792 1787 1846 Audi

1892 618 2008 654 rum
2028 601 2169 654 Deus
2186 601 2426 655 tantum?
2444 599 2631 653 Nonne
2653 608 2699 652 et
2723 600 2987 669 gentium?
3012 597 3128 652 lmo
3149 609 3195 651 et
3212 600 3455 669 gentium.

1893 691 2153 757 Quoniam
2209 690 2417 760 quidem
2471 707 2603 743 unus
2655 689 2830 753 Deus,
2875 690 2964 758 qui
3002 688 3309 757 justiﬁcavit
3360 690 3460 741 cir-

1892 783 2258 837 cumeisioncm
2284 798 2349 835 ea:
2369 782 2488 850 ﬁde,
2517 791 2564 836 et
2586 782 2895 851 prreputium
2923 796 3015 849 per
3033 778 3210 847 ﬁdem.
3230 779 3460 849 (Ambr.)

1891 874 1948 927 ln
1975 872 2381 929 circumcisione
2407 870 2618 926 Judreos
2648 872 2918 942 Signiﬁcat
2956 886 3020 926 eo
3059 870 3201 938 quod
3243 885 3310 923 ex
3360 869 3463 924 ﬁde

1892 963 2264 1033 promissionis
2308 960 2588 1031 Justiﬁcati
2630 970 2772 1025 sunt,
2826 962 3107 1016 credentes
3155 972 3297 1026 nunc
3341 974 3463 1015 esse

1893 1053 2187 1118 Christum,
2214 1068 2374 1123 quem
2408 1053 2461 1106 in
2498 1052 2615 1122 lege
2662 1052 2987 1120 promiserat
3028 1052 3204 1116 Deus;
3241 1052 3293 1104 in
3324 1066 3461 1121 prae-

1894 1142 2042 1213 putio
2073 1158 2199 1197 vero
2236 1151 2423 1214 gentes
2449 1140 2715 1211 signiﬁcat
2741 1157 2838 1211 per
2870 1141 3026 1195 ﬁdem
3058 1141 3257 1195 Christi
3304 1140 3461 1208 iusti-

1895 1232 2082 1287 ﬁcatos
2110 1233 2248 1301 apud
2274 1231 2443 1285 Deum
2469 1246 2482 1284 :
2509 1240 2617 1284 tam
2641 1231 2783 1285 enim
2814 1230 3041 1300 gentiles
3064 1244 3224 1297 quam
3251 1229 3465 1285 iudices

1894 1337 2001 1375 non
2033 1319 2188 1374 aliter
2216 1334 2375 1388 quam
2411 1320 2694 1374 credentes
2738 1317 3095 1387 justiﬁcavit;
3152 1317 3274 1386 quia
3324 1318 3465 1371 enim
3546 1374 3549 1379 ι

1894 1410 2132 1463 omnium
2157 1424 2298 1463 unus
2321 1416 2403 1462 est
2426 1409 2595 1472 Deus,
2622 1423 2727 1461 una
2756 1408 2964 1461 ratione
2987 1422 3174 1461 omnes
3207 1406 3465 1473 justilica—

1892 1500 1989 1554 vit.
2023 1501 2160 1567 Quid
2189 1514 2317 1570 ergo
2363 1499 2581 1567 prodest
2610 1500 2787 1553 carnis
2817 1499 3188 1563 circumcisio,
3219 1508 3310 1552 ant
3340 1500 3467 1567 qttid

1893 1594 2047 1648 Obest
2095 1596 2435 1663 praeputium,
2478 1592 2692 1662 quando
2752 1592 3063 1658 dignitatem
3108 1603 3163 1647 et
3216 1592 3467 1646 meritum

1893 1701 2000 1741 non
2030 1684 2159 1739 facit
2194 1684 2295 1740 nisi
2324 1683 2495 1739 ﬁdes?
2531 1682 2729 1755 (0rig.)
2760 1682 2876 1737 Non
2915 1684 3055 1737 enim
3096 1684 3227 1736 mihi
3257 1682 3468 1735 videtur

1895 1776 2161 1846 superﬂua
2208 1777 2344 1846 apud
2382 1792 2505 1831 eum
2554 1775 2740 1830 haberi
2800 1776 2901 1829 ista
2940 1775 3330 1843 praepositionis
3378 1790 3469 1841 per

218 1885 533 1956 Apostolum
561 1904 573 1938 ε
608 1883 709 1938 υθέ
734 1898 805 1939 εει
832 1856 1093 1956 Ἵῇιονεαιξο
1124 1869 1257 1938 ιιιαρ
1296 1856 1526 1938 Εεξέιηδα
1558 1894 1651 1936 ρει,
1689 1881 1794 1935 pe,»
1820 1856 1867 1915 Β
1895 1869 2263 1933 commutatio,
2286 1868 2409 1937 quia
2441 1868 2740 1922 invenimus
2781 1868 2847 1921 ab
2895 1881 2960 1920 eo
2998 1874 3053 1919 ct
3079 1867 3131 1919 in
3164 1866 3283 1919 aliis
3313 1864 3465 1937 locis,

220 1994 378 2047 quant
411 1977 571 2047 legem
596 1977 619 2028 ?
658 1973 988 2029 Factorum?
1016 1974 1138 2028 Non
1163 1992 1181 2028 :
1208 1974 1297 2028 sed
1327 1990 1418 2043 per
1442 1974 1603 2044 legem
1643 1972 1789 2040 ﬁdei.

222 2065 351 2122 Hmc
379 2075 461 2121 est
498 2066 583 2120 lex
613 2065 732 2120 ﬁdei
760 2080 864 2135 qua
895 2065 1163 2120 credimus
1202 2074 1256 2121 et
1289 2080 1504 2120 oramus
1551 2080 1647 2134 per
1676 2080 1797 2135 gra-

225 2159 355 2212 tiam
378 2157 533 2211 nobis
556 2156 766 2220 donari,
791 2164 849 2209 ut
870 2154 1130 2210 faciamus
1152 2156 1295 2225 quod
1318 2172 1415 2226 per
1436 2156 1796 2223 nosmetipsos

224 2248 453 2319 implere
483 2262 588 2301 non
619 2244 917 2316 possumus,
968 2262 1029 2299 ne
1058 2247 1355 2315 ignorantes
1397 2246 1493 2298 Dei
1524 2246 1795 2314 justitiam

222 2348 272 2392 et
336 2346 566 2391 nostram
616 2336 835 2391 volentes
884 2336 1230 2395 constituere,
1268 2334 1491 2403 justitia:
1540 2333 1635 2387 Dei
1696 2350 1799 2387 non

222 2430 389 2484 simus
439 2426 676 2495 subjecti.
724 2426 780 2479 In
810 2425 926 2495 lege
952 2425 1131 2493 itaque
1158 2422 1423 2478 factorum
1462 2434 1546 2477 est
1582 2422 1677 2478 Dei
1713 2422 1800 2491 ju-

222 2508 408 2576 bentis
426 2518 671 2590 justitia;
720 2517 773 2571 in
814 2516 928 2585 lege
956 2525 1129 2571 autem
1158 2515 1279 2569 ﬁdei
1311 2515 1676 2569 subvenientis
1701 2516 1802 2569 mi-

226 2611 546 2666 sericordia.
580 2607 777 2681 (Orig)
800 2607 1045 2661 Imminet
1068 2607 1230 2675 igitur
1253 2607 1407 2661 nobis
1426 2606 1517 2675 qui
1539 2607 1800 2677 integram

226 2714 353 2755 esse
401 2699 723 2769 scripturam
769 2696 1008 2765 Apostoli
1035 2711 1292 2750 conamur
1340 2709 1602 2759 asserere,
1634 2703 1689 2748 et
1717 2710 1805 2748 or-

229 2791 360 2844 dine
386 2804 484 2843 suo
509 2797 700 2843 cuncta
727 2797 975 2842 constare
1001 2827 1015 2849 ,
1047 2795 1105 2840 ιιι
1138 2786 1477 2855 requiramus
1524 2786 1643 2855 quis
1689 2786 1804 2840 sine

230 2882 489 2950 operibus
515 2880 629 2935 sola
658 2878 763 2932 ﬁde
783 2877 1109 2945 justiﬁcatus
1139 2878 1227 2931 sit.
1261 2876 1528 2942 Quantum
1552 2879 1713 2949 igitur
1737 2877 1804 2931 ad

233 2973 545 3043 exemplum
562 2972 813 3041 pertinet,
840 2951 1081 3024 suﬁicere
1111 2970 1343 3023 arbitror
1373 2968 1521 3022 illum
1544 2968 1806 3023 latronem

233 3067 332 3137 qui
370 3082 490 3121 cum
521 3065 735 3119 Christo
771 3062 1060 3118 cruciﬁxus
1093 3061 1381 3115 clamavit:
1409 3061 1628 3115 Domine
1655 3059 1804 3127 Jesu,

234 3169 494 3214 memento
516 3159 614 3213 mei
640 3174 757 3210 cum
778 3156 1039 3211 venerisin
1056 3172 1265 3224 regnum
1287 3164 1429 3207 tuum
1460 3152 1611 3224 (Luc.
1628 3155 1805 3225 xxur).

1896 1974 2002 2013 non
2022 1967 2081 2012 ιιι
2107 1958 2259 2022 libet,
2294 1958 2387 2012 sed
2415 1957 2764 2013 observanter
2790 1958 2903 2011 haec
2926 1957 3121 2026 posita,
3147 1964 3199 2009 et
3226 1970 3470 2011 necessa-

1897 2049 1977 2102 rio
2023 2046 2376 2102 diﬁ‘erentiam
2410 2047 2769 2103 distinctionis
2813 2047 2969 2118 hujus
3014 2063 3133 2102 esse
3178 2056 3467 2111 servatam,

1897 2139 2034 2193 sicut
2061 2154 2181 2193 cum
2206 2141 2270 2192 de
2295 2138 2403 2192 Deo
2427 2138 2670 2207 loquens,
2697 2139 2826 2193 dicit
2852 2158 2863 2192 :
2892 2138 3151 2203 Quoniam
3177 2154 3240 2191 ea;
3263 2140 3391 2208 ipso,
3421 2146 3469 2191 et
3529 2128 3536 2137 ’

1897 2246 1987 2299 per
2008 2231 2178 2298 ipsum
2219 2242 2264 2282 et
2305 2229 2359 2281 in
2397 2229 2506 2297 ipso
2547 2237 2665 2282 sunt
2707 2229 2900 2281 omnia.
2947 2227 3078 2281 Cum
3114 2228 3313 2281 dicitur
3341 2268 3354 2292 ,
3409 2244 3471 2281 ea:

1899 2320 2034 2390 ipso,
2074 2318 2373 2388 principale
2422 2318 2620 2387 aliquid
2649 2319 2807 2388 hujus
2841 2318 3234 2387 praepositionis
3278 2318 3472 2370 indicio

1898 2410 2110 2464 videtur
2136 2408 2381 2474 ostendi;
2422 2424 2545 2464 cum
2581 2423 2738 2477 vero,
2767 2423 2863 2477 per
2884 2408 3082 2477 ipsum,
3130 2406 3351 2471 dicitur,
3389 2421 3473 2459 se-

1902 2500 2115 2570 quentis
2140 2514 2339 2563 causae,
2372 2499 2424 2553 id
2453 2507 2536 2553 est
2565 2498 2680 2568 ejus
2710 2514 2827 2567 qua:
2856 2507 2976 2566 post
3002 2496 3346 2565 principalem
3370 2504 3471 2560 est,

1902 2592 2248 2661 intelligentia
2288 2589 2629 2660 designatur,
2682 2596 2742 2641 ut
2790 2588 2937 2641 verbi
2996 2602 3189 2649 causa,
3234 2586 3474 2638 dicamus

1904 2686 2047 2753 quod
2074 2685 2169 2749 ait,
2202 2700 2267 2737 ex
2292 2684 2424 2752 ipso,
2460 2694 2505 2736 et
2536 2700 2627 2752 per
2653 2684 2847 2751 ipsum,
2872 2693 2919 2735 et
2948 2682 3000 2734 in
3039 2681 3147 2751 ipso
3171 2682 3363 2733 omnia.
3400 2678 3477 2730 Ero

1903 2778 2036 2846 ipso,
2068 2775 2252 2845 primae
2280 2774 2567 2829 creationis
2591 2774 2848 2837 omnium,
2881 2780 2933 2825 et
2978 2772 3079 2825 hoc
3128 2772 3302 2839 ipsum
3332 2767 3471 2835 quod

1904 2884 2023 2939 qua:
2044 2875 2186 2932 sunt,
2200 2864 2393 2921 exDeo
2413 2881 2532 2921 esse
2553 2862 3282 2936 cmperunt,gsigniﬁcantiam
3301 2861 3474 2924 dedit;

1905 2978 1997 3032 per
2024 2962 2217 3031 ipsum,
2248 2959 2391 3029 quod
2418 2974 2480 3013 ea
2508 2973 2625 3027 qua:
2658 2958 2807 3028 prius
2834 2955 2975 3010 facta
3007 2954 3237 3015 fuerant,
3283 2966 3478 3021 regun-

1909 3062 1997 3108 tur
2025 3062 2079 3107 et
2100 3054 2480 3122 dispensautur
2509 3067 2603 3119 per
2628 3064 2751 3104 eum
2793 3065 2824 3101 a
2870 3057 2976 3117 quo
3018 3042 3341 3101 subsistendi
3385 3042 3475 3095 ini-

1913 3146 2045 3199 tium
2073 3142 2429 3206 subtrahunt;
2470 3141 2521 3193 in
2546 3141 2677 3210 ipso,
2709 3137 2849 3208 quod
2881 3137 2935 3191 bi
2965 3132 3056 3205 qui
3110 3134 3221 3203 jam
3255 3131 3477 3186 correcti

234 3249 352 3304 Nec
375 3248 519 3303 aliud
552 3247 840 3317 quidquam
870 3220 1190 3301 describitur
1227 3243 1350 3299 boni
1385 3220 1563 3312 operis
1600 3242 1714 3311 ejus
1754 3220 1808 3297 in
1838 3220 1883 3282 C
1913 3243 1969 3290 et
1992 3231 2263 3303 emendati
2308 3236 2467 3294 sunt,
2500 3229 2553 3283 in
2580 3229 2747 3297 ipsius
2788 3225 3118 3295 perfectione
3160 3221 3480 3317 consistam.

236 3340 546 3411 Evangeliis
573 3379 587 3405 ,
635 3340 729 3394 sed
773 3354 869 3407 pro
900 3338 1002 3392 bac
1031 3338 1141 3392 sola
1172 3338 1275 3391 ﬁde
1308 3338 1382 3391 ait
1421 3338 1471 3391 ei
1510 3337 1806 3391 Dominus:

237 3432 405 3485 Amen
430 3431 548 3485 dico
576 3431 688 3495 tibi,
719 3430 871 3482 hodie
898 3445 1097 3483 mecum
1128 3431 1229 3482 eris
1252 3430 1305 3482 in
1326 3429 1570 3498 paradiso
1598 3428 1809 3500 (Ibid.).

238 3508 503 3590 Aptemus
532 3536 677 3575 nunc
713 3534 888 3575 causa:
930 3519 1088 3588 hujus
1130 3520 1355 3575 latronis
1385 3518 1549 3575 verba
1589 3521 1814 3589 apostoli

242 3610 395 3665 Pauli
423 3651 437 3676 ,
476 3618 532 3664 et
559 3611 800 3665 dicamus
826 3611 893 3664 ad
921 3609 1162 3665 Judzeum
1194 3630 1205 3663 :
1244 3608 1340 3662 Ubi
1366 3621 1438 3664 est
1473 3627 1593 3679 ergo
1617 3610 1814 3681 gloria-

244 3702 321 3754 tio
343 3708 434 3753 tua
450 3700 475 3752 7
497 3698 737 3763 Certum,
764 3699 889 3768 quia
913 3700 1127 3754 exclusa
1153 3709 1264 3765 est;
1296 3700 1509 3755 exclusa
1533 3708 1615 3754 est
1638 3711 1817 3755 autem

244 3811 358 3850 non
388 3810 485 3865 per
515 3795 685 3865 legem
728 3809 949 3864 operum
973 3835 987 3858 ,
1038 3796 1129 3850 sed
1168 3810 1262 3864 per
1301 3795 1471 3865 legem
1518 3795 1672 3861 ﬁdei;
1723 3812 1820 3866 per

246 3884 410 3939 ﬁdem
450 3885 593 3938 enim
617 3884 948 3954 justiticatus
977 3894 1060 3940 est
1103 3887 1190 3939 hic
1223 3884 1361 3941 latro
1410 3886 1526 3941 sine
1557 3887 1821 3956 cperibus

246 3974 408 4046 legis,
436 3974 563 4044 quia
589 3990 749 4045 super
791 3977 895 4032 hoc
933 3976 1189 4032 Dominus
1220 3993 1326 4031 non
1371 3978 1654 4050 requisivit
1695 3978 1823 4048 quid

248 4066 400 4139 prius
436 4074 691 4137 Operatus
718 4075 895 4133 esset,
920 4083 1019 4123 nec
1058 4068 1387 4137 exspectavit
1434 4068 1562 4137 quid
1599 4069 1779 4138 operis
1806 4108 1822 4134 ,

250 4170 375 4211 cum
418 4156 751 4221 credidisset,
790 4157 1048 4227 expleret,
1088 4157 1180 4212 sed
1222 4158 1335 4212 sola
1380 4157 1715 4214 confessione
1736 4157 1823 4226 ju-

253 4245 543 4301 stiﬁcatum
586 4248 834 4321 comitem
888 4247 989 4302 sibi
1038 4262 1161 4301 eum
1206 4248 1515 4318 paradisum
1559 4248 1828 4320 ingressu-

255 4353 353 4392 rus
374 4338 685 4407 assumpsit.
723 4336 848 4392 Sola
894 4337 1059 4407 igitur
1093 4336 1237 4406 jttsta
1265 4337 1512 4407 gloriatio
1539 4346 1624 4392 est
1646 4337 1699 4390 in
1723 4336 1827 4391 ﬁde

256 4432 437 4488 crucis
474 4429 719 4497 Christi,
762 4446 879 4500 quae
916 4430 1151 4485 excludit
1188 4445 1403 4485 omnem
1446 4430 1590 4484 illam
1632 4430 1830 4500 gloria-

259 4522 482 4587 tionem,
506 4537 624 4591 qua:
648 4521 923 4577 descendit
949 4535 1014 4574 ex
1043 4521 1295 4591 operibus
1315 4520 1467 4592 legis.
1496 4520 1620 4575 Haec
1650 4529 1830 4575 autem

259 4614 418 4669 nobis
443 4614 589 4668 dicta
612 4624 735 4668 sunt
760 4629 858 4684 pro
883 4628 947 4668 eo
979 4614 1122 4683 quod
1162 4622 1416 4683 tauquam
1451 4613 1830 4683 interrogantis

262 4718 512 4759 sermone
538 4704 672 4757 dixit
696 4703 985 4773 Apostolus
1010 4722 1022 4756 :
1060 4702 1158 4757 Ubi
1186 4714 1259 4758 est
1272 4710 1399 4774 ergo
1434 4704 1675 4773 gloriatio
1700 4705 1833 4757 tua?

264 4804 321 4851 et
349 4797 415 4851 ad
446 4796 559 4850 haec
586 4796 689 4849 sibi
720 4796 834 4865 ipse
858 4796 1149 4865 respondit,
1175 4793 1385 4848 exclusa
1409 4803 1518 4858 est;
1542 4802 1597 4847 et
1620 4808 1833 4847 rursum

266 4892 420 4961 quasi
458 4893 569 4960 ipse
597 4891 888 4961 interroget
905 4891 999 4952 ait,
1033 4887 1139 4942 Per
1160 4905 1317 4958 quam
1341 4887 1500 4957 legem
1524 4888 1547 4939 ?
1571 4886 1794 4957 Operum
1816 4903 1834 4951 ;

267 4996 325 5043 ct
349 4985 623 5055 respondit
655 4983 756 5038 sibi
780 4984 902 5054 ipsi,
936 4981 1079 5047 Non,
1116 4980 1206 5034 sed
1243 4997 1333 5050 per
1362 4980 1522 5049 legem
1555 4978 1698 5046 ﬁdei.
1739 4978 1839 5030 Ar-

271 5083 527 5135 bitrantur
566 5078 704 5131 enim
753 5075 1039 5145 justi/icari
1078 5074 1336 5126 hominem
1377 5087 1470 5142 per
1516 5070 1675 5138 ﬁdem
1730 5069 1841 5121 sine

272 5173 511 5243 operibus
566 5168 713 5239 legis.
748 5170 822 5223 De
856 5168 940 5223 bis
975 5167 1089 5235 jam
1118 5164 1364 5235 superius
1411 5163 1661 5217 diximus.
1689 5160 1841 5227 Quod

270 5279 403 5322 vero
431 5265 593 5319 etiam
629 5260 879 5332 praesenti
920 5258 1038 5313 loco
1068 5258 1295 5312 duarum
1350 5254 1528 5323 legum
1578 5254 1705 5308 facit
1745 5253 1844 5305 ite-

277 5372 396 5413 rum
448 5354 807 5415 mentionem,
851 5358 905 5403 et
941 5347 1070 5402 dicit
1112 5346 1279 5415 legem
1326 5358 1548 5413 operum
1588 5351 1644 5396 et
1673 5342 1841 5413 legem

279 5451 427 5515 ﬁdei,
465 5446 749 5503 considera
789 5443 949 5497 etiam
977 5440 1090 5509 ipse
1119 5439 1211 5507 qui
1247 5438 1399 5508 legis,
1445 5445 1627 5489 utrum
1657 5436 1726 5489 ad
1767 5434 1843 5489 le-

281 5558 403 5616 gem
450 5538 619 5610 Moysi
647 5548 701 5591 et
726 5535 897 5605 legem
944 5532 1243 5587 naturalem
1296 5544 1474 5585 sermo
1525 5528 1615 5583 hic
1655 5527 1847 5581 debeat

284 5632 553 5697 inclinari,
590 5646 658 5684 an
685 5629 753 5683 ad
790 5627 958 5696 legem
986 5624 1211 5690 litterae,
1258 5631 1314 5677 et
1356 5620 1527 5690 legem
1580 5618 1800 5693 spiritus
1832 5634 1843 5669 :

285 5729 412 5800 quia
438 5725 523 5779 lex
550 5722 741 5776 litterm
767 5717 979 5780 occidit,
998 5724 1230 5770 mortem
1251 5720 1525 5782 operatur,
1554 5710 1639 5764 lex
1668 5717 1848 5763 autem

288 5814 507 5896 spiritus
532 5821 655 5876 vitae
681 5817 874 5873 liberat
900 5828 932 5868 a
956 5812 1075 5882 lege
1102 5808 1307 5882 peccati
1355 5816 1411 5864 et
1450 5804 1659 5861 mortis.
1698 5802 1849 5859 Unde

1914 3328 2004 3382 Sic
2070 3341 2198 3397 ergo
2255 3326 2369 3379 haec
2432 3322 2756 3392 plenissima:
2812 3318 3036 3373 rationis
3090 3324 3275 3370 tenere
3331 3312 3484 3366 diffe-

1914 3420 2115 3474 rentias
2144 3417 2460 3479 educentur,
2491 3421 2551 3467 ut
2575 3412 2716 3482 quod
2759 3407 3117 3469 subsistiinus,
3162 3421 3225 3459 ea:
3256 3403 3363 3456 Deo
3395 3403 3491 3455 ha-

1913 3508 2043 3561 bere
2074 3506 2353 3568 dicamur;
2387 3502 2530 3573 quod
2561 3502 2935 3570 dispensamur
2979 3506 3032 3551 et
3081 3495 3343 3564 regimur,
3402 3506 3492 3559 per

1915 3598 2084 3668 ipsum
2129 3595 2245 3651 ﬁeri
2277 3594 2622 3663 designetur;
2673 3590 2813 3659 quod
2859 3603 2986 3642 vero
3033 3585 3086 3638 in
3128 3597 3332 3637 summa
3364 3596 3489 3650 per-

1917 3685 2168 3741 fectionis
2192 3684 2536 3739 consistimus
2554 3722 2567 3745 ,
2605 3681 2659 3735 in
2680 3680 2791 3749 ipso
2818 3692 2939 3732 esse
2966 3674 3283 3730 declaretur.
3310 3671 3493 3723 Potest

1919 3778 1973 3833 in
2018 3776 2268 3847 praesenti
2300 3775 2418 3829 loco
2447 3772 2573 3827 talis
2611 3771 2825 3841 quidem
2853 3764 3129 3822 observari
3172 3761 3491 3824 differentia,

1920 3880 1979 3925 ut
2019 3866 2361 3922 circumcisio
2411 3880 2532 3934 quae
2604 3862 2751 3917 velut
2803 3860 2977 3929 primo
3025 3856 3141 3910 loco
3197 3862 3251 3906 et
3307 3852 3493 3905 ordine

1914 3963 2261 4033 justiﬁeatur,
2307 3976 2371 4014 ex
2408 3958 2543 4021 ﬁde,
2582 3964 2773 4010 etnon
2809 3968 2905 4022 per
2945 3950 3101 4004 ﬁdem
3150 3943 3495 4016 justiﬁcanda

1922 4062 2251 4113 memoretur
2294 4069 2306 4105 :
2349 4048 2670 4120 praeputium
2721 4058 2850 4098 vero
2899 4041 3040 4111 quod
3096 4034 3495 4093 secundoloco

1925 4155 1992 4208 ad
2035 4148 2476 4223 justiﬁeationem
2509 4141 2765 4204 trahitur,
2820 4151 2927 4191 non
2974 4149 3038 4189 ex
3080 4131 3216 4195 fide,
3263 4128 3355 4183 sed
3402 4141 3491 4195 per

1926 4244 2085 4301 ﬁdem
2135 4236 2537 4311 justiﬁcandum
2596 4231 2823 4287 dicatur.
2867 4223 3131 4279 Justiﬁcat
3181 4229 3308 4286 ergo
3358 4232 3496 4269 unus

1927 4346 2090 4406 atque
2121 4334 2259 4388 idem
2296 4331 2436 4383 Deus
2462 4323 2925 4382 circumeisioncm
2953 4334 3018 4371 ex
3046 4316 3171 4379 ﬁde,
3202 4322 3253 4368 et
3282 4325 3494 4382 purpu-

1929 4402 2062 4480 tiu‘in
2094 4438 2190 4493 per
2220 4420 2399 4474 ﬁdem.
2432 4415 2584 4483 Quod
2626 4414 2671 4467 si
2710 4411 2951 4479 requirat
2979 4405 3170 4473 aliquis
3193 4402 3457 4457 curiosius
3483 4440 3498 4465 ,

1932 4519 1987 4572 hi
2017 4492 2107 4587 qui
2137 4530 2202 4569 ex
2232 4512 2335 4566 ﬁde
2356 4507 2745 4577 justiﬁcantur,
2784 4516 2878 4571 per
2921 4511 3078 4568 quem
3107 4492 3498 4561 justiﬁcentur;

1938 4619 1993 4665 ct
2040 4586 2251 4661 rursum
2276 4642 2292 4668 ,
2326 4602 2380 4656 hi
2410 4599 2500 4669 qui
2542 4612 2640 4667 per
2683 4594 2839 4648 fidem
2864 4586 3250 4657 justiﬁcantur,
3292 4595 3355 4633 ex
3394 4594 3502 4646 quo

1936 4700 2337 4772 justiﬁcentur:
2369 4694 2494 4749 licet
2522 4687 2766 4745 fortassis
2792 4682 2958 4738 multa
2986 4681 3040 4735 in
3077 4680 3179 4733 hoc
3222 4675 3505 4730 curiositas

1941 4795 2221 4853 videatur,
2280 4797 2455 4840 tamen
2507 4779 2888 4837 convenienter
2947 4773 3125 4829 dicere
3175 4780 3456 4837 possumus
3491 4804 3506 4829 ,

1944 4884 2083 4956 quod
2113 4881 2200 4951 qui
2226 4894 2292 4933 ex
2318 4877 2421 4930 ﬁde
2446 4872 2808 4943 justiﬁcantur
2834 4906 2849 4929 ,
2888 4862 3038 4917 initio
3064 4875 3128 4913 ex
3165 4858 3266 4910 ﬁde
3296 4861 3507 4921 sumpto

1945 4991 2041 5047 per
2068 4969 2505 5040 adimpletionem
2550 4965 2810 5018 honorum
2867 4967 3086 5024 operum
3131 4960 3509 5003 consumman-

1949 5035 2056 5129 tur,
2086 5071 2141 5118 et
2287 5075 2381 5129 per
2408 5058 2563 5111 ﬁdem
2596 5048 2981 5119 justiﬁcantur,
3014 5058 3043 5095 a
3082 5039 3235 5094 bonis
3258 5035 3509 5105 operibus

1948 5127 2127 5212 exorsi
2177 5127 2479 5223 periﬁdem
2524 5155 2789 5200 summam
2825 5130 3168 5208 perfectionis
3222 5127 3506 5194 accipiunt.

1948 5250 2026 5305 ita
2058 5219 2345 5314 utrumque
2380 5239 2479 5295 sibi
2508 5237 2787 5292 adhzerens
2822 5230 3049 5285 alterum
3087 5238 3150 5277 ex
3183 5219 3356 5314 altero
3378 5231 3508 5314 eou-

1951 5306 2275 5398 summatur:
2298 5335 2364 5389 Et
2389 5314 2703 5401 propterea,
2735 5314 3207 5394 puto-Apostolum
3238 5308 3417 5364 statim
3459 5306 3512 5359 in

1951 5427 2403 5501 consequentibus
2432 5423 2695 5493 posuisse.

2020 5487 2204 5593 Legem
2240 5487 2548 5573 evacuamus
2596 5526 2685 5581 per
2726 5503 2929 5575 ﬁdem?
2974 5497 3118 5593 Absit
3160 5511 3177 5547 :
3216 5491 3306 5545 sed
3354 5487 3513 5555 legem

1951 5587 2246 5672 statuimus.
2282 5607 2463 5679 (Aug)
2494 5602 2645 5669 Quod
2687 5606 2865 5651 autem
2910 5592 3040 5647 dicit
3078 5587 3251 5654 legem
3298 5592 3514 5679 euacua-

1952 5670 2067 5761 mus
2087 5720 2177 5775 per
2202 5670 2357 5769 ﬁdem
2382 5670 2583 5757 absit,
2616 5690 2707 5745 sed
2738 5689 2906 5757 legem
2929 5678 3310 5775 justiﬁcaums,
3336 5670 3387 5775 ip
3403 5672 3512 5775 est:

1956 5754 2249 5855 ﬁrmamus.
2300 5788 2405 5844 Sed
2459 5798 2618 5855 quem
2671 5780 2739 5835 ad
2784 5774 2999 5833 modum
3038 5760 3301 5824 ﬁrmanda
3341 5754 3518 5810 fuerat
