3960 6360
480 392 618 458 ibi?

1102 385 1175 452 is.
1211 386 1466 453 nsum
1502 384 1722 479 mutu
1756 382 2080 453 ARCBIEP.
2120 359 2431 455 siccum.
2468 384 2752 453 OPERUM
2785 384 2964 453 rans
3000 388 3103 454 tn-

3589 388 3727 459 ιω

479 514 567 571 lex
613 514 719 569 nisi
768 527 867 584 per
908 509 1208 582 justitiam?
1240 509 1457 564 iustitia
1496 518 1682 565 autem
1714 522 1837 579 qua
1864 517 1949 565 est
1972 521 2059 564 ex‘
2075 512 2126 572 Α
2150 508 3151 579 aeterna-etpermanentedestruituret
3170 499 3725 580 superatur-43min)

480 591 606 674 ﬁde,
634 607 763 677 quia
790 618 857 660 ea
891 606 1008 673 ipsa
1055 619 1175 674 qum
1223 618 1332 658 non
1379 610 1637 671 poterant
1658 603 1876 672 impleri
1897 639 1922 669 ,
1950 617 2052 673 per

480 698 642 755 ﬁdem
665 696 880 765 impleta
904 701 1051 749 sunt.
1082 692 1280 764 (Orig)
1303 692 1574 759 Quoniam
1604 696 1658 748 in
1680 694 2053 763 superbi-ibus

480 792 549 848 ad
582 791 742 845 ﬁdem
763 800 963 844 cuncta
993 789 1139 841 visus
1160 794 1245 841 est
1282 801 1555 853 revocate,
1597 786 1716 857 ipse
1738 787 1865 842 ιιῦὶ
1900 786 2053 857 quod

471 883 550 938 ab
569 880 676 935 alio
701 879 930 949 proponi
953 884 1135 947 posset
1159 878 1394 933 ostendit
1418 878 1653 934 etdicit:
1689 877 1866 949 δίνη
1888 879 2051 934 ﬁdem

474 969 803 1041 iustiﬁcatur
836 969 1002 1023 homo
1023 1007 1040 1034 ,
1066 975 1133 1049 et
1159 983 1269 1022 non
1298 983 1367 1023 ex
1397 969 1658 1038 cperibus
1699 968 1861 1039 legis,
1905 977 1961 1023 et
2006 969 2053 1024 si

454 1061 622 1129 Deus
647 1054 1111 1116 cimumcisionem
1136 1074 1206 1127 ex
1233 1059 1337 1114 ﬁde
1350 1057 1709 1141 iustiﬁcamet
1726 1062 2053 1144 Matium

472 1165 577 1222 per
600 1149 784 1214 ﬁdem,
806 1151 986 1222 iegem
1013 1164 1140 1220 ergo
1170 1150 1359 1220 Moysi,
1382 1163 1422 1205 πο
1445 1150 1648 1216 Paule,
1685 1136 1928 1208 usus
1952 1166 2055 1222 per

478 1237 808 1295 ﬁdem?Sed
835 1240 1028 1294 adhoc
1052 1238 1677 1308 ιρεωθςροιίιεηιάιοιι
1702 1254 1722 1293 τ
1750 1239 2053 1317 ﬂuminio

475 1328 642 1401 legem
676 1329 987 1399 statuimus,
1012 1330 1121 1383 hoc
1158 1336 1249 1383 est
1278 1328 1687 1384 conﬁrmam
1735 1321 1841 1385 Sed
1874 1340 2054 1401 operte

477 1420 710 1488 pretium
741 1428 825 1474 est
861 1419 1044 1473 videre
1075 1421 1358 1492 [quomodo
1406 1418 1581 1490 legem
1622 1432 1689 1475 se
1732 1421 2057 1475 contis-mare

475 1511 822 1580 pronuntiet,
869 1510 962 1580 qui
1014 1510 1487 1581 in'superioribns
1526 1508 1751 1584 dixerit,
1777 1510 1905 1581 quia
1944 1527 2056 1566 non

472 1598 801 1669 iustificetur
817 1600 978 1654 homo
988 1613 1054 1655 ex
1066 1599 1319 1669 operibus
1338 1598 1495 1669 iegis.
1526 1596 1773 1654 Salvator
1792 1608 1978 1655 noster
1998 1600 2057 1656 in

478 1686 768 1758 Eiangelio
789 1690 939 1756 dicit,
967 1690 1091 1764 quia
1116 1688 1321 1758 Moyses
1345 1689 1409 1742 de
1434 1705 1515 1743 me
1530 1691 1761 1761 scripsit.
1791 1690 1897 1758 Qui
1917 1704 2058 1762 ergo

480 1796 588 1837 non
617 1780 789 1835 credit
818 1780 1152 1846 Christopde
1176 1794 1284 1849 quo
1302 1778 1525 1850 Moyses
1563 1781 1787 1851 scripsit
1816 1782 1877 1835 in
1916 1782 2055 1851 lege,

2154 596 2271 653 Non
2296 600 2481 668 utique
2508 599 2601 654 lex
2624 599 2937 654 exinanitur
2978 613 3081 669 per
3124 599 3305 665 ﬁdem,
3345 601 3442 655 sed
3470 600 3728 671 adimple-

2152 697 2243 743 tur
2272 706 2286 744 :
2324 690 2573 744 ﬁrmatur
2606 691 2749 744 enim
2782 696 2958 745 status
2994 691 3145 759 ejus,
3190 692 3411 759 quando
3445 691 3591 761 quod
3638 691 3727 745 ln-

2150 784 2333 832 turum
2356 777 2516 845 dixit,
2534 777 2673 835 ﬁdes
2707 779 2851 834 istud
2883 779 3165 834 advenisse
3187 787 3438 835 testatur.
3461 781 3578 847 Hoc
3597 795 3730 851 pro-

2148 878 2273 939 pter
2292 869 2504 930 indm
2533 871 2627 941 qui
2649 880 2846 942 putant
2868 862 3252 928 ﬁdem‘C'hristi
3266 872 3377 944 legi
3402 886 3525 928 esse
3552 872 3732 929 inistii-

2150 974 2314 1025 cam,
2360 959 2671 1030 ignorantes
2715 976 2936 1017 sensum
2974 960 3135 1033 tegis.
3182 962 3300 1018 Non
3344 976 3477 1033 ergo
3502 974 3732 1019 mat

2148 1048 2491 1117 'legem,cnm
2518 1049 2667 1104 illam
2682 1064 2903 1113 cessare
2926 1049 3124 1106 debere
3152 1054 3434 1118 amdocet,
3452 1054 3732 1123 quiatem-

2148 1153 2286 1209 pore
2332 1155 2429 1194 suo
2468 1148 2613 1195 recte
2652 1138 2802 1193 illam
2836 1140 3018 1195 datam
3054 1140 3275 1206 asserit,
3309 1144 3403 1196 sed
3428 1142 3734 1213 inungere

2142 1245 2264 1284 non
2301 1230 2517 1287 debere.
2572 1230 2785 1301 Inipsa
2823 1232 2971 1286 enim
3026 1231 3142 1302 lege
3192 1232 3400 1287 rictum
3441 1242 3730 1297 est,tem-

2152 1335 2289 1392 pore
2331 1322 2588 1379 exsoluta
2625 1316 3003 1391 promissionis
3030 1321 3204 1393 legem
3242 1336 3468 1379 cessare
3495 1324 3729 1379 debere:

2160 1411 2382 1482 angelus
2413 1413 2559 1467 enim
2598 1411 2821 1470 Gabriel
2846 1412 3053 1469 Danieli
3081 1396 3367 1485 propheta
3402 1414 3734 1470 desiderium

2161 1501 2320 1571 hujus
2347 1504 2424 1559 rei
2461 1502 2696 1558 scienda)
2726 1503 2945 1559 habenti
2970 1504 3233 1570 ostendit,
3256 1504 3405 1559 inter
3428 1514 3627 1560 castra
3649 1503 3731 1558 di-

2158 1607 2319 1669 cens,
2349 1592 2668 1649 adveniente
2693 1578 2931 1661 Christo,
2977 1594 3213 1649 chrisma
3239 1634 3255 1660 ,
3287 1594 3341 1649 id
3366 1603 3488 1660 est,
3520 1596 3737 1649 unctio-

2156 1703 2285 1743 nem
2327 1688 2566 1759 regalem
2612 1694 2867 1754 cessare,
2911 1704 3034 1759 quae
3086 1697 3335 1758 potestas
3388 1688 3733 1759 intelligitur.

2165 1776 2233 1829 Et
2250 1777 2540 1847 judicium,
2570 1778 2665 1843 ait,
2697 1768 2802 1833 non
2821 1779 2920 1833 erit
2947 1766 3196 1849 auidius,
3224 1780 3367 1849 quod
3409 1786 3499 1834 est
3522 1779 3647 1845 lex,
3689 1788 3737 1833 et

479 1871 709 1928 destruit
738 1870 911 1943 legem
941 1884 958 1924 :
997 1871 1092 1941 qui
1140 1879 1324 1925 autem
1349 1871 1527 1925 credit
1573 1869 1814 1938 Christo,
1854 1872 1919 1927 de
1954 1886 2059 1941 quo
2094 1855 2139 1915 Β
2164 1866 2709 1936 tolletursacriﬁcium
2728 1854 2899 1923 nicum
2926 1868 3090 1940 (Dan-
3123 1867 3201 1934 1ιᾷ
3234 1870 3346 1942 ll);
3374 1869 3735 1940 militum

479 1959 688 2032 Moyses
734 1959 969 2029 scripsit,
1024 1960 1196 2030 legem
1232 1960 1527 2014 conﬁrmat
1565 1975 1673 2030 per
1697 1960 1891 2027 ﬁdem,
1929 1962 2059 2032 quia

478 2036 652 2113 credit.
673 2050 727 2103 in
752 2049 1045 2105 Christum.
1062 2048 1249 2103 Fidem
1274 2058 1455 2104 autem
1483 2049 1713 2114 dicispus
1740 2050 1795 2104 in
1815 2050 2058 2116 Patrem,

478 2152 536 2200 et
556 2143 753 2197 Filium
773 2181 791 2208 ,
830 2150 886 2196 et
924 2139 1185 2211 Spiritum
1206 2150 1462 2197 sanctum
1490 2141 1789 2212 integram,
1816 2142 2057 2211 plenam,

477 2224 795 2306 perfectam,
825 2247 948 2305 quae
969 2219 1110 2289 nihil
1136 2232 1431 2299 diversum,
1456 2234 1599 2309 nihil
1623 2234 1939 2304 discrepans
1958 2243 2063 2292 aut

478 2336 798 2382 extraneum
822 2324 876 2378 in
898 2321 1165 2397 Trinitate
1204 2324 1507 2396 proﬁtetur.
1537 2323 1669 2379 Nam
1702 2323 1938 2379 Ματθίου
1963 2324 2059 2393 qui

480 2416 646 2471 alium
671 2415 803 2470 dicit
830 2416 999 2489 Deum
1029 2414 1162 2485 legis
1186 2452 1204 2479 ,
1245 2415 1409 2468 alium
1444 2413 1668 2469 Patrem
1708 2415 1909 2472 Christi
1958 2430 2060 2485 per

480 2504 640 2561 ﬁdem
692 2519 847 2558 suam
906 2519 1019 2559 non
1072 2505 1303 2569 statuit,
1362 2518 1538 2573 neque
1578 2502 1902 2570 conﬁrmat,
1958 2504 2059 2558 sed

479 2594 709 2654 destruit
750 2584 943 2666 legem.
980 2594 1109 2668 Hoc
1136 2604 1192 2651 et
1260 2594 1437 2650 Ebion
1492 2594 1664 2661 facit:
1693 2597 1800 2650 hoc
1841 2604 1897 2649 et
1936 2609 2059 2649 om-

480 2687 732 2756 nes,.qui
770 2687 828 2740 in
867 2685 973 2740 ﬁde
1011 2685 1288 2739 Catholica
1333 2685 1536 2753 aliquid
1580 2683 1944 2753 corruptionis
1974 2684 2061 2737 in-

482 2785 771 2835 terserunt.
809 2776 924 2847 Ege
968 2776 1130 2830 etiam
1186 2775 1315 2831 illud
1347 2776 1735 2830 convenienter
1766 2772 2015 2843 subiciam
2040 2810 2058 2838 ,

480 2870 607 2940 quia
636 2867 814 2923 omnis
845 2866 940 2936 qui
969 2866 1185 2924 Christo
1228 2865 1458 2920 crédens
1502 2865 1635 2921 bene
1664 2867 1812 2936 agit,
1844 2872 1899 2919 et
1931 2879 2062 2919 con-

480 2951 616 3012 tinet
645 2971 703 3011 se
728 2957 798 3011 ab
817 2956 965 3010 omni
992 2953 1201 3010 macula
1227 2955 1459 3025 peccati,
1484 2955 1573 3010 hic
1594 2954 1764 3025 legem
1788 2954 1884 3008 Dei
1912 2963 2060 3009 recte

478 3047 708 3103 vivendo
756 3045 1071 3111 conﬁrmat;
1113 3044 1207 3115 qui
1258 3059 1387 3125 vero
1428 3059 1669 3116 praeceps
1712 3054 2060 3115 peccatorum

481 3136 622 3191 vitiis
645 3136 847 3205 agitur,
876 3142 933 3188 et
963 3135 1078 3189 sine
1109 3133 1218 3190 ullo
1242 3133 1549 3205 paenitendi
1592 3134 1896 3191 retinaculo
1922 3134 2059 3190 assi—

481 3226 685 3281 duitate
728 3224 993 3280 scelerum
1043 3222 1347 3278 maculatur
1374 3262 1393 3288 ,
1446 3222 1534 3279 hic
1580 3224 1794 3279 etiamsi
1832 3225 2057 3279 credere
2084 3208 2131 3272 C

481 3318 700 3375 Christo
728 3317 997 3384 videatur,
1028 3332 1129 3388 per
1156 3315 1317 3388 ﬁdem
1362 3330 1515 3371 suam
1564 3332 1672 3372 non
1717 3317 1927 3383 statuit,
1963 3320 2058 3372 sed

481 3408 711 3465 destruit
756 3396 1091 3478 legemXSed
1127 3415 1183 3461 et
1212 3406 1301 3461 illa
1340 3422 1682 3481 nequaquam
1716 3407 1873 3463 nobis
1915 3422 2057 3478 pra:-

481 3498 739 3554 tereunda
757 3497 968 3553 videtur
980 3496 1236 3567 obiectio,
1260 3491 1422 3567 quam
1443 3486 1689 3567 proferre
1708 3498 1829 3568 quis
1852 3506 2052 3568 potest,

478 3599 536 3646 et
577 3589 758 3644 dicere
825 3588 969 3658 quod
1032 3588 1307 3663 contraria
1366 3588 1468 3642 sibi
1514 3587 1750 3643 scribere
1806 3589 2055 3642 videatur

478 3679 764 3750 Apostolus
789 3718 805 3743 ,
836 3679 1043 3732 cum‘in
1064 3679 1325 3747 prtesenti
1349 3671 1564 3747 quidem
1619 3678 1738 3735 loco
1785 3680 1916 3735 dicit
1945 3695 2054 3736 non

476 3773 681 3829 destrui
732 3771 904 3842 legem
928 3811 942 3835 ,
993 3774 1088 3825 sed
1138 3771 1487 3835 conﬁrmari;
1538 3772 1595 3824 in
1638 3773 1873 3827 secunda
1928 3789 2055 3829 vero

477 3862 547 3918 ad
574 3861 877 3917 Corinthios
929 3861 1003 3915 ita
1035 3861 1223 3916 scribit
1250 3879 1263 3914 :
1301 3861 1454 3927 Quod
1474 3861 1519 3914 si
1546 3862 1892 3917 ministerium
1910 3880 2055 3918 mor-

476 3940 542 4009 lis
583 3955 638 4008 in
686 3954 868 4007 litteris
900 3938 1183 4022 formatum
1226 3954 1281 4006 in
1317 3951 1609 4022 lapidibus,
1642 3954 1839 4023 factum
1879 3966 1953 4011 est
1997 3958 2054 4010 in

480 4045 646 4117 gloria
671 4085 686 4109 ,
743 4045 815 4096 ita
854 4053 909 4096 ut
959 4060 1063 4096 non
1090 4044 1284 4113 possint
1324 4034 1597 4098 intendere
1629 4045 1727 4115 ﬁlii
1780 4045 1961 4100 Israel
1997 4048 2053 4100 in

478 4139 667 4208 faciem
715 4134 885 4205 Moysi
918 4143 1125 4204 propter
1174 4133 1393 4203 gloriam
1429 4133 1598 4188 vultus
1628 4135 1764 4205 ejus,
1807 4152 1924 4206 qua:
1963 4137 2053 4189 de-

2165 1972 2355 2033 meum,
2386 1966 2447 2009 ut
2473 1956 2704 2011 sciretur
2736 1957 3068 2033 oblationem
3104 1958 3342 2013 veterem
3376 1966 3736 2013 (τωρωι-ξω.

2154 2030 2333 2114 Quem
2360 2059 2579 2101 sensum
2606 2047 2922 2117 adaperiens
2944 2032 3194 2102 Salvator
3220 2065 3233 2100 :
3262 2047 3393 2113 Lex,
3418 2049 3524 2113 ait,
3543 2058 3597 2101 et
3623 2064 3741 2117 pro-

2154 2138 2327 2207 pheta:
2343 2154 2505 2209 usque
2519 2138 2589 2192 ad
2614 2136 2907 2204 Joannem;
2919 2146 2977 2193 et
2994 2139 3121 2208 quia
3142 2138 3263 2208 lege
3279 2139 3445 2210 Moysi
3470 2148 3738 2203 cessante,

2162 2225 2388 2281 meliora
2417 2235 2688 2297 prmoepta
2718 2228 2944 2283 daturus
2965 2236 3087 2282 erat
3107 2228 3271 2294 Deus,
3307 2226 3586 2284 ietemias
3618 2245 3742 2299 pro-

2159 2316 2324 2386 pheta
2351 2316 2550 2371 cecinit
2578 2356 2593 2382 ,
2639 2317 2824 2371 dicens
2842 2335 2862 2370 -:
2892 2316 3028 2371 Ecce
3050 2316 3162 2372 dies
3190 2321 3435 2385 venient,
3464 2319 3605 2373 dicit
3634 2313 3738 2373 Bb—

2161 2395 2355 2475 minns‘,
2380 2420 2429 2463 et
2461 2411 2833 2464 consummabo
2870 2411 3050 2465 domui
3073 2409 3249 2466 ειπθά
3276 2453 3292 2479 ,
3320 2424 3370 2467 et
3394 2413 3579 2467 don-sti
3600 2412 3740 2466 luds

2165 2501 2554 2558 Testamentum
2578 2503 2805 2569 Novum,
2832 2519 2934 2557 non
2952 2503 3239 2558 scandunt
3269 2502 3409 2575 quod
3433 2503 3559 2556 dedi
3577 2503 3741 2573 patri-

2159 2592 2256 2647 bus
2305 2610 2489 2648 eorum
2537 2592 2671 2664 (Jer.
2706 2594 2896 2665 xxxi);
2929 2595 3015 2649 his
3052 2595 3245 2664 utique
3284 2594 3379 2664 qui
3431 2595 3741 2649 venientem

2159 2682 2438 2741 Christum
2458 2699 2540 2740 ex
2554 2683 2921 2754 promissione
2944 2686 3286 2755 remorunt.
3312 2685 3441 2741 ideo
3469 2683 3740 2749 Salvator,

2164 2772 2290 2828 Non
2323 2774 2438 2843 ueni
2461 2800 2489 2837 ,ι
2522 2773 2632 2840 ait,
2678 2773 2874 2828 solvere
2899 2773 3061 2845 legem
3091 2783 3181 2828 aut
3198 2776 3505 2844 prophetas,
3527 2775 3625 2828 sed
3651 2772 3742 2825 Id-

2160 2863 2374 2933 implere
2385 2882 2406 2930 ;
2454 2871 2511 2919 et
2539 2864 2668 2935 quia
2719 2843 2915 2921 domus
2951 2843 3065 2920 'Dei
3114 2843 3230 2920 non
3270 2873 3492 2919 tam
3520 2866 3588 2920 "m
3628 2863 3744 2920 sola

2163 2953 2559 3026 Hierosolyma,
2581 2956 2684 3011 sed
2714 2964 2770 3011 et
2796 2956 2851 3011 in
2875 2956 3089 3011 caeteris
3114 2956 3248 3011 locis
3275 2955 3462 3011 latura
3492 2965 3635 3019 mat,
3668 2956 3747 3011 sit

2165 3048 2459 3103 Zacharias
2482 3050 2745 3119 propheta
2784 3065 2798 3103 :
2840 3046 3047 3103 Ponant
3081 3040 3378 3104 Jemalm
3402 3049 3473 3104 visa
3496 3049 3744 3103 auita

2160 3141 2397 3209 gentibus
2428 3137 2615 3211 (Zaoh.
2647 3144 2749 3210 xu)
2769 3181 2782 3206 ,
2808 3155 2930 3210 quae
2954 3149 3040 3197 est
3068 3140 3327 3198 Ecclesia.

2749 3246 2987 3309 CAPUT
3039 3252 3136 3309 IV.

2160 3343 2407 3415 Declarat
2454 3344 2727 3415 Apostolus
2759 3344 3174 3415 perieremle
3208 3344 3433 3398 Abrahae
3462 3340 3626 3413 ﬁdem
3664 3360 3745 3400 re—

2229 3413 2367 3484 quiri
2404 3414 2471 3467 ad
2512 3413 2768 3479 salutem,
2784 3424 2831 3468 et
2858 3413 3265 3485 legem’veterent
3296 3432 3399 3469 non
3424 3417 3676 3486 "ﬁcere.

2230 3503 2373 3569 Quid
2407 3521 2529 3575 ergo
2560 3505 2793 3559 dicemus
2820 3506 3075 3559 invenisse
3114 3499 3381 3559 Abraham
3410 3518 3618 3573 patrem
3651 3522 3744 3559 no-

2156 3602 2325 3648 strum
2344 3594 2626 3648 secundum
2653 3592 2905 3649 camera?
2941 3593 3173 3666 (Ambr.)
3197 3593 3491 3663 Postquam
3512 3592 3747 3648 ostendit

2158 3700 2266 3738 non
2288 3699 2443 3753 posse
2462 3698 2557 3754 per
2587 3700 2749 3755 opera
2773 3685 2903 3755 legis
2933 3700 3258 3755 quemquam
3287 3684 3581 3753 justiticari
3606 3684 3744 3755 apud

2157 3774 2348 3839 Deum,
2380 3772 2577 3842 adjecit
2612 3790 2711 3829 nec
2742 3776 3013 3830 Abraham
3046 3777 3287 3846 potuisse
3316 3775 3525 3845 aliquid
3550 3776 3744 3831 mereri

2156 3866 2452 3921 secundum
2496 3880 2732 3920 carnem.
2770 3865 2998 3921 Carnem
3029 3866 3235 3933 dicens,
3269 3868 3745 3922 circumcisionetl

2155 3956 2355 4035 posuit,
2374 3956 2501 4025 quia
2518 3957 2657 4011 nihil
2679 3957 2925 4027 quaesivit
2945 3957 3218 4012 Abraham
3240 3964 3341 4028 per
3363 3958 3741 4015 circumcisio-

2156 4063 2278 4102 nem
2304 4058 2458 4103 :ante
2469 4049 2610 4102 enim
2621 4048 2853 4115 justiﬁca
2862 4058 2945 4102 tus
2961 4056 3047 4102 est
3064 4064 3224 4117 quam
3239 4050 3743 4105 circumcideretur.

2229 4136 2289 4191 Si
2317 4141 2455 4191 enim
2482 4136 2747 4190 Abraham
2777 4153 2839 4190 ex
2871 4137 3111 4207 operibus
3140 4138 3266 4207 legis
3285 4138 3621 4207 justiﬁcatus
3649 4149 3743 4204 est,

474 4231 735 4293 struitur;
777 4226 1033 4298 quomodo
1083 4244 1186 4281 non
1225 4227 1390 4296 magis
1422 4227 1765 4282 ministerium
1813 4227 2049 4298 Spiritus
2143 4228 2306 4282 ’habet
2353 4228 2598 4299 gloriam,
2647 4228 2736 4281 sed
2783 4242 2884 4280 non
2934 4227 3073 4297 apud
3126 4227 3309 4283 Deum.
3357 4227 3551 4298 (Aug.)’
3592 4228 3744 4294 Quod

476 4320 573 4374 erit
616 4319 671 4370 in
719 4316 932 4387 gloria?
961 4316 1044 4389 (II
1068 4317 1188 4371 Cor.
1223 4319 1331 4386 ιιι.)
1365 4317 1429 4370 Et
1467 4317 1624 4385 paulo
1650 4326 1802 4387 post:
1834 4317 1894 4373 Si
1914 4320 2053 4373 enim
2155 4328 2335 4374 autem
2363 4322 2440 4375 ait
2471 4339 2486 4374 :
2514 4320 2573 4375 Si
2598 4324 2740 4374 enim
2775 4320 3133 4389 Abrahamex-
3156 4322 3395 4391 operibus
3420 4322 3744 4389 justiﬁcatus

476 4406 614 4480 quod
644 4407 931 4461 destruitur
953 4394 1048 4477 per
1071 4408 1313 4477 gloriam,
1342 4407 1505 4459 multo
1552 4409 1740 4478 magis,
1768 4410 1906 4479 quod
1933 4427 2049 4465 ma-
2154 4421 2249 4476 est,
2273 4411 2421 4464 habet
2448 4411 2691 4481 gloriam,
2718 4411 2806 4465 sed
2838 4428 2941 4465 non
2963 4411 3103 4481 apud
3131 4411 3316 4477 Deum,
3348 4413 3453 4466 hoc
3479 4423 3588 4477 est,
3618 4413 3743 4481 quia

475 4509 558 4553 net
587 4499 639 4551 in
669 4497 837 4567 gloria
864 4507 938 4550 est
966 4496 1176 4568 (Ibid).
1206 4497 1320 4551 Dici
1348 4512 1477 4569 ergo
1514 4507 1689 4567 potest
1723 4500 1848 4568 quia
1875 4501 2048 4569 gloria
2078 4554 2128 4573 ﬁ
2153 4501 2426 4555 Abraham
2457 4502 2574 4555 sine
2604 4502 2743 4573 lege,
2775 4504 2899 4556 dum
2930 4518 3038 4556 non
3069 4518 3133 4556 ex
3163 4502 3429 4571 operibus.
3458 4502 3597 4573 legis
3633 4500 3742 4573 glo-

475 4590 654 4663 vultus
680 4588 847 4659 Moysi
889 4603 1008 4656 quae
1040 4589 1370 4654 destruitur,
1399 4600 1454 4643 et
1480 4591 1582 4643 hoc
1607 4591 1751 4659 quod
1791 4592 1957 4645 dicit:
1989 4591 2048 4647 Si
2076 4588 2129 4613 ν
2160 4595 2294 4649 riam
2353 4594 2656 4664 conquirit,
2711 4596 2863 4664 quasi
2895 4596 3006 4651 suis
3030 4596 3234 4651 viribus
3278 4597 3453 4668 legem
3502 4598 3735 4668 impleat.

474 4681 617 4738 enim
640 4680 781 4749 quod
795 4679 1095 4733 destruitur
1110 4679 1440 4756 pergloriam
1456 4689 1557 4743 est,
1576 4682 1905 4749 contrarium
1923 4683 2050 4737 huic
2160 4688 2293 4743 Cum
2323 4698 2503 4743 autem
2546 4690 2721 4744 adhuc
2763 4689 2848 4743 lex
2891 4690 2994 4744 ista
3033 4689 3153 4743 data
3188 4704 3293 4742 non
3330 4697 3497 4753 esset,
3530 4689 3622 4744 Dei
3653 4692 3737 4743 illa

473 4771 773 4834 sententiae,
821 4784 926 4839 qua
962 4770 1273 4839 pronunlial
1304 4787 1317 4822 ε
1345 4770 1461 4823 N011
1508 4772 1831 4827 ἀθειτυίωυδ
1877 4773 2051 4843 legem
2153 4782 2328 4851 gloria
2374 4798 2478 4836 non
2522 4798 2616 4835 sua
2657 4790 2759 4846 est,
2810 4797 2915 4835 non
2951 4782 3251 4835 immeritus
3283 4782 3448 4834 vitam
3482 4796 3646 4851 quam
3670 4797 3735 4835 ex

473 4880 571 4935 per
600 4863 779 4927 ﬁdem,
804 4860 907 4917 sed
928 4865 1212 4917 statuimus
1252 4870 1308 4916 et
1341 4863 1743 4935 conﬁrmamus.
1785 4864 1889 4918 Sed
1928 4867 2050 4920 vide
2158 4872 2429 4938 operibus,
2449 4874 2540 4926 sed
2560 4872 2649 4924 Dei
2671 4873 2840 4939 gratia
2873 4872 2974 4926 ﬁde
2991 4872 3319 4941 justiﬁcatus
3340 4881 3445 4937 est,
3484 4874 3589 4927 hoc
3616 4888 3735 4943 pro-

475 4954 521 5007 si
565 4968 850 5022 possumus
898 4953 999 5006 hoc
1027 4952 1206 5016 modo,
1234 4952 1377 5021 quod
1408 4952 1704 5006 intentatur
1745 4954 2045 5010 absolvere.
2159 4967 2407 5035 pommus
2428 4974 2527 5019 est,
2548 4964 2889 5035 (Amb,)Nam
2907 4965 3181 5019 Abraham
3202 4980 3269 5019 ex
3288 4964 3736 5032 ﬁdejusuﬁcams

476 5042 591 5096 Non
627 5051 710 5097 est
750 5044 891 5097 idem
926 5044 1065 5118 quod
1100 5043 1269 5134 dixit,
1298 5042 1457 5112 legem
1488 5044 1832 5125 destruimus,
1868 5056 1923 5101 et
1961 5048 2049 5102 lex

2160 5065 2261 5121 est,
2283 5056 2425 5125 quod
2452 5056 2580 5109 nulli
2606 5057 2822 5134 dubium
2851 5065 2934 5111 est
2961 5075 2974 5109 :
3008 5056 3128 5111 ideo
3158 5058 3319 5111 habet
3342 5056 3572 5125 gloriam
3601 5058 3733 5127 apud

474 5132 787 5188 destruitur.
816 5132 1013 5187 Paulus
1034 5132 1160 5204 ergo
1182 5134 1234 5187 in
1264 5136 1517 5204 praesenti
1542 5136 1657 5191 loco
1678 5137 1780 5192 hoc
1800 5153 2045 5208 pronuu-
2154 5149 2343 5203 Deum.
2374 5148 2479 5203 Sed
2522 5149 2647 5217 quia
2686 5148 2777 5217 qui
2796 5132 2984 5218 [legem
3010 5158 3234 5203 servant
3257 5151 3371 5203 sive
3400 5148 3593 5221 Moysi,
3623 5152 3732 5204 sire

475 5227 605 5292 tiat,
636 5225 779 5295 quod
806 5224 981 5294 legem
1012 5224 1128 5294 ipse
1158 5240 1265 5279 non
1294 5226 1555 5295 destruat.
1585 5225 1718 5279 Nam
1743 5227 1787 5281 si
1813 5228 2048 5284 destrui-

2160 5240 2480 5305 naturalem,
2501 5239 2863 5310 justiﬁcantur
2895 5240 2961 5295 ad
2993 5255 3254 5309 praesens,
3304 5255 3371 5292 ne
3414 5240 3499 5293 rei
3536 5243 3647 5295 sint
3680 5243 3732 5294 in

473 5325 564 5371 tur
605 5314 693 5369 lex
728 5317 823 5381 pér
866 5330 985 5368 eam
1020 5330 1139 5385 quae
1178 5316 1542 5383 supereminet
1571 5317 1798 5386 gloriam
1818 5358 1833 5384 ,
1858 5328 1913 5372 et
1935 5335 2044 5393 non
2152 5336 2399 5404 pmemi
2428 5333 2652 5403 judicio,
2685 5330 2912 5386 ideoau,
2939 5330 3016 5384 Ex
3046 5331 3297 5399 operibus
3334 5329 3468 5400 legis
3494 5330 3539 5383 si
3568 5331 3734 5384 Αιηιε.

472 5424 568 5481 per
612 5406 877 5473 Paulum,
925 5423 1099 5475 neque
1141 5424 1237 5479 per
1266 5408 1431 5462 alium
1470 5409 1699 5478 aliquem
1729 5422 2042 5467 sanctorum
2153 5426 2275 5480 ham
2293 5426 2620 5493 justiﬁcalus
2660 5433 2763 5487 est,
2802 5436 2906 5476 non
2933 5423 3094 5476 habet
3116 5422 3256 5490 apud
3276 5422 3447 5475 Deum
3469 5421 3727 5491 gloriam,

472 5499 785 5555 destruitur.
832 5498 984 5554 Unde
1036 5508 1089 5553 et
1150 5500 1264 5569 ipse
1316 5500 1575 5555 Dominus
1628 5500 1843 5556 dicebat
1871 5522 1883 5555 :
1917 5503 2043 5580 Non
2149 5516 2275 5587 quia
2302 5518 2401 5586 qui
2420 5516 2621 5585 fecerit,
2654 5515 2848 5583 inquit,
2870 5513 3056 5583 legem,
3083 5513 3209 5565 vivet
3231 5512 3285 5564 in
3305 5527 3389 5575 ea,
3414 5510 3468 5565 id
3489 5522 3592 5579 est,
3623 5528 3728 5567 non

471 5592 581 5646 uati
609 5590 1005 5664 solvere-legem,
1036 5591 1125 5646 sed
1162 5592 1447 5662 adimplere
1495 5594 1710 5665 (Matth.
1734 5601 1822 5668 v).
1852 5596 2040 5654 Nullus
2149 5610 2410 5664 morietur
2440 5617 2499 5663 ut
2531 5624 2676 5673 reus,
2703 5623 2803 5664 nec
2830 5620 3012 5662 tamen
3048 5589 3303 5661 meritum
3330 5620 3397 5660 ex
3428 5607 3535 5662 hoc
3556 5606 3729 5664 habe-

466 5698 599 5752 ergo
620 5693 950 5753 sanctorum,
983 5702 1083 5740 nec
1109 5686 1218 5755 ipse
1244 5686 1504 5743 Dominus
1553 5690 1782 5744 destruit
1820 5691 1988 5760 legem
2023 5734 2038 5757 ,
2147 5698 2387 5768 bitapud
2412 5700 2602 5764 Deum,
2633 5698 2725 5752 sed
2751 5696 2881 5751 ﬁdei
2894 5710 3074 5752 causa.

474 5774 569 5830 sed
597 5775 769 5846 gloria
807 5776 921 5845 ejus
951 5777 1278 5848 temporalis,
1328 5789 1383 5833 et
1411 5782 1779 5849 pertransiens
1805 5801 1835 5840 a
1868 5785 2037 5855 gloria
2221 5789 2358 5855 Quid
2409 5792 2542 5844 enim
2599 5791 2721 5843 dicit
2799 5789 3112 5858 Scriptura?
3176 5786 3411 5841 Credidit
3461 5788 3724 5842 Abraham
