  <div class='ocr_page' id='page_1' title='image "/cluster/home/n/w/nwhite01/storage/ocr_20150623/111/uva.x000827067/682.png"; bbox 0 0 3960 6362; ppageno 0'>
   <div class='ocr_carea' id='block_1_1' title="bbox 206 394 353 455">
    <p class='ocr_par' dir='ltr' id='par_1_1' title="bbox 206 394 353 455">
     <span class='ocr_line' id='line_1_1' title="bbox 206 394 353 455; baseline 0.014 -2"><span class='ocrx_word' id='word_1_1' title='bbox 206 394 353 455; x_wconf 75' lang='grc'><strong>1349</strong></span> 
     </span>
    </p>
   </div>
   <div class='ocr_carea' id='block_1_2' title="bbox 730 384 2892 469">
    <p class='ocr_par' dir='ltr' id='par_1_2' title="bbox 730 384 2892 469">
     <span class='ocr_line' id='line_1_2' title="bbox 730 384 2892 469; baseline 0.006 -15"><span class='ocrx_word' id='word_1_2' title='bbox 730 399 1279 459; x_wconf 64' lang='lat' dir='ltr'><strong>assummum</strong></span> <span class='ocrx_word' id='word_1_3' title='bbox 1314 401 1383 458; x_wconf 81' lang='lat' dir='ltr'><strong>IN</strong></span> <span class='ocrx_word' id='word_1_4' title='bbox 1419 398 1566 459; x_wconf 84' lang='lat' dir='ltr'><strong>EPP.</strong></span> <span class='ocrx_word' id='word_1_5' title='bbox 1607 384 1818 460; x_wconf 78' lang='lat' dir='ltr'><strong>PAULI</strong></span> <span class='ocrx_word' id='word_1_6' title='bbox 1853 399 1979 460; x_wconf 87' lang='lat' dir='ltr'><strong>LIB.</strong></span> <span class='ocrx_word' id='word_1_7' title='bbox 2018 403 2083 461; x_wconf 84' lang='grc' dir='ltr'>ιι.</span> <span class='ocrx_word' id='word_1_8' title='bbox 2120 436 2188 447; x_wconf 91' lang='grc'><strong><em>-</em></strong></span> <span class='ocrx_word' id='word_1_9' title='bbox 2223 406 2291 462; x_wconf 88' lang='lat' dir='ltr'><strong>IN</strong></span> <span class='ocrx_word' id='word_1_10' title='bbox 2327 400 2544 466; x_wconf 80' lang='lat' dir='ltr'><strong>EPIST.</strong></span> <span class='ocrx_word' id='word_1_11' title='bbox 2592 409 2687 467; x_wconf 69' lang='lat' dir='ltr'><strong>an</strong></span> <span class='ocrx_word' id='word_1_12' title='bbox 2726 406 2892 469; x_wconf 68' lang='lat' dir='ltr'><strong>non.</strong></span> 
     </span>
    </p>
   </div>
   <div class='ocr_carea' id='block_1_3' title="bbox 3315 416 3454 476">
    <p class='ocr_par' dir='ltr' id='par_1_3' title="bbox 3315 416 3454 476">
     <span class='ocr_line' id='line_1_3' title="bbox 3315 416 3454 476; baseline 0.022 -3"><span class='ocrx_word' id='word_1_13' title='bbox 3315 416 3454 476; x_wconf 75' lang='lat' dir='ltr'><strong>l350</strong></span> 
     </span>
    </p>
   </div>
   <div class='ocr_carea' id='block_1_4' title="bbox 200 510 3450 600">
    <p class='ocr_par' dir='ltr' id='par_1_4' title="bbox 200 510 3450 600">
     <span class='ocr_line' id='line_1_4' title="bbox 200 510 3450 600; baseline 0.007 -33"><span class='ocrx_word' id='word_1_14' title='bbox 200 512 349 579; x_wconf 72' lang='lat' dir='ltr'><strong>Deo;</strong></span> <span class='ocrx_word' id='word_1_15' title='bbox 392 524 442 569; x_wconf 82' lang='lat' dir='ltr'><strong>et</strong></span> <span class='ocrx_word' id='word_1_16' title='bbox 486 524 775 585; x_wconf 86' lang='lat' dir='ltr'><strong>reputatum</strong></span> <span class='ocrx_word' id='word_1_17' title='bbox 810 527 885 571; x_wconf 83' lang='lat' dir='ltr'><strong>est</strong></span> <span class='ocrx_word' id='word_1_18' title='bbox 928 520 974 572; x_wconf 85' lang='lat' dir='ltr'><strong>ei</strong></span> <span class='ocrx_word' id='word_1_19' title='bbox 1025 519 1095 571; x_wconf 88' lang='lat' dir='ltr'><strong>ad</strong></span> <span class='ocrx_word' id='word_1_20' title='bbox 1133 519 1417 587; x_wconf 74' lang='lat' dir='ltr'><strong>justitiam.</strong></span> <span class='ocrx_word' id='word_1_21' title='bbox 1474 518 1782 574; x_wconf 76' lang='lat' dir='ltr'><strong>Manifesta-</strong></span> <span class='ocrx_word' id='word_1_22' title='bbox 1808 520 1857 579; x_wconf 87' lang='lat' dir='ltr'><strong>A</strong></span> <span class='ocrx_word' id='word_1_23' title='bbox 1882 535 2124 588; x_wconf 88' lang='lat' dir='ltr'><strong>noscere,</strong></span> <span class='ocrx_word' id='word_1_24' title='bbox 2165 525 2278 594; x_wconf 92' lang='lat' dir='ltr'><strong>ipse</strong></span> <span class='ocrx_word' id='word_1_25' title='bbox 2312 526 2553 594; x_wconf 72' lang='lat' dir='ltr'><strong>pervidet</strong></span> <span class='ocrx_word' id='word_1_26' title='bbox 2587 528 2631 583; x_wconf 97' lang='lat' dir='ltr'><strong>si</strong></span> <span class='ocrx_word' id='word_1_27' title='bbox 2658 529 2711 582; x_wconf 90' lang='lat' dir='ltr'><strong>in</strong></span> <span class='ocrx_word' id='word_1_28' title='bbox 2744 543 3069 600; x_wconf 79' lang='lat' dir='ltr'><strong>unoquoque</strong></span> <span class='ocrx_word' id='word_1_29' title='bbox 3100 510 3223 586; x_wconf 88' lang='lat' dir='ltr'><strong>ﬁdei</strong></span> <span class='ocrx_word' id='word_1_30' title='bbox 3246 532 3450 590; x_wconf 85' lang='lat' dir='ltr'><strong>habitat</strong></span> 
     </span>
    </p>
   </div>
   <div class='ocr_carea' id='block_1_5' title="bbox 197 602 1780 677">
    <p class='ocr_par' dir='ltr' id='par_1_5' title="bbox 197 602 1780 677">
     <span class='ocr_line' id='line_1_5' title="bbox 197 602 1780 677; baseline 0.004 -21"><span class='ocrx_word' id='word_1_31' title='bbox 197 602 281 657; x_wconf 76' lang='lat' dir='ltr'><strong>vit</strong></span> <span class='ocrx_word' id='word_1_32' title='bbox 312 619 419 658; x_wconf 88' lang='lat' dir='ltr'><strong>non</strong></span> <span class='ocrx_word' id='word_1_33' title='bbox 459 604 579 659; x_wconf 81' lang='lat' dir='ltr'><strong>ideo</strong></span> <span class='ocrx_word' id='word_1_34' title='bbox 620 606 894 659; x_wconf 82' lang='lat' dir='ltr'><strong>Abraham</strong></span> <span class='ocrx_word' id='word_1_35' title='bbox 935 607 1160 675; x_wconf 82' lang='lat' dir='ltr'><strong>gloriam</strong></span> <span class='ocrx_word' id='word_1_36' title='bbox 1191 608 1328 677; x_wconf 90' lang='lat' dir='ltr'><strong>apud</strong></span> <span class='ocrx_word' id='word_1_37' title='bbox 1366 608 1532 663; x_wconf 87' lang='lat' dir='ltr'><strong>Deum</strong></span> <span class='ocrx_word' id='word_1_38' title='bbox 1560 610 1780 673; x_wconf 85' lang='lat' dir='ltr'><strong>habere,</strong></span> 
     </span>
    </p>
   </div>
   <div class='ocr_carea' id='block_1_6' title="bbox 198 691 1784 767">
    <p class='ocr_par' dir='ltr' id='par_1_6' title="bbox 198 691 1784 767">
     <span class='ocr_line' id='line_1_6' title="bbox 198 691 1784 767; baseline 0.003 -22"><span class='ocrx_word' id='word_1_39' title='bbox 198 691 330 760; x_wconf 82' lang='lat' dir='ltr'><strong>quia</strong></span> <span class='ocrx_word' id='word_1_40' title='bbox 354 693 705 749; x_wconf 83' lang='lat' dir='ltr'><strong>circumcisus</strong></span> <span class='ocrx_word' id='word_1_41' title='bbox 731 704 834 759; x_wconf 87' lang='lat' dir='ltr'><strong>est,</strong></span> <span class='ocrx_word' id='word_1_42' title='bbox 866 704 961 750; x_wconf 91' lang='lat' dir='ltr'><strong>aut</strong></span> <span class='ocrx_word' id='word_1_43' title='bbox 983 698 1107 766; x_wconf 89' lang='lat' dir='ltr'><strong>quia</strong></span> <span class='ocrx_word' id='word_1_44' title='bbox 1134 699 1392 752; x_wconf 90' lang='lat' dir='ltr'><strong>abstinuit</strong></span> <span class='ocrx_word' id='word_1_45' title='bbox 1418 712 1476 753; x_wconf 89' lang='lat' dir='ltr'><strong>se</strong></span> <span class='ocrx_word' id='word_1_46' title='bbox 1499 699 1566 753; x_wconf 88' lang='lat' dir='ltr'><strong>ab</strong></span> <span class='ocrx_word' id='word_1_47' title='bbox 1589 696 1784 767; x_wconf 90' lang='lat' dir='ltr'><strong>iniqui-</strong></span> 
     </span>
    </p>
   </div>
   <div class='ocr_carea' id='block_1_7' title="bbox 200 783 1785 856">
    <p class='ocr_par' dir='ltr' id='par_1_7' title="bbox 200 783 1785 856">
     <span class='ocr_line' id='line_1_7' title="bbox 200 783 1785 856; baseline 0.003 -18"><span class='ocrx_word' id='word_1_48' title='bbox 200 790 346 848; x_wconf 88' lang='lat' dir='ltr'><strong>tate;</strong></span> <span class='ocrx_word' id='word_1_49' title='bbox 400 783 664 855; x_wconf 83' lang='lat' dir='ltr'><strong>sedquia</strong></span> <span class='ocrx_word' id='word_1_50' title='bbox 718 786 825 842; x_wconf 89' lang='lat' dir='ltr'><strong>Deo</strong></span> <span class='ocrx_word' id='word_1_51' title='bbox 879 787 1140 853; x_wconf 73' lang='lat' dir='ltr'><strong>credidit,</strong></span> <span class='ocrx_word' id='word_1_52' title='bbox 1191 789 1315 843; x_wconf 90' lang='lat' dir='ltr'><strong>hinc</strong></span> <span class='ocrx_word' id='word_1_53' title='bbox 1360 797 1415 843; x_wconf 88' lang='lat' dir='ltr'><strong>et</strong></span> <span class='ocrx_word' id='word_1_54' title='bbox 1458 787 1785 856; x_wconf 85' lang='lat' dir='ltr'><strong>justiﬁeatus</strong></span> 
     </span>
    </p>
   </div>
   <div class='ocr_carea' id='block_1_8' title="bbox 196 875 1671 947">
    <p class='ocr_par' dir='ltr' id='par_1_8' title="bbox 196 875 1671 947">
     <span class='ocr_line' id='line_1_8' title="bbox 196 875 1671 947; baseline 0.003 -17"><span class='ocrx_word' id='word_1_55' title='bbox 196 885 305 940; x_wconf 89' lang='lat' dir='ltr'><strong>est,</strong></span> <span class='ocrx_word' id='word_1_56' title='bbox 334 875 505 931; x_wconf 80' lang='lat' dir='ltr'><strong>laudis</strong></span> <span class='ocrx_word' id='word_1_57' title='bbox 539 892 649 933; x_wconf 64' lang='lat' dir='ltr'><strong>suae</strong></span> <span class='ocrx_word' id='word_1_58' title='bbox 676 879 953 947; x_wconf 60' lang='lat' dir='ltr'><strong>praemium</strong></span> <span class='ocrx_word' id='word_1_59' title='bbox 978 880 1043 933; x_wconf 84' lang='lat' dir='ltr'><strong>in-</strong></span> <span class='ocrx_word' id='word_1_60' title='bbox 1064 878 1243 934; x_wconf 80' lang='lat' dir='ltr'><strong>futuro</strong></span> <span class='ocrx_word' id='word_1_61' title='bbox 1269 890 1671 937; x_wconf 74' lang='lat' dir='ltr'><strong>consecuturus.</strong></span> 
     </span>
    </p>
   </div>
   <div class='ocr_carea' id='block_1_9' title="bbox 274 967 1783 1046">
    <p class='ocr_par' dir='ltr' id='par_1_9' title="bbox 274 967 1783 1046">
     <span class='ocr_line' id='line_1_9' title="bbox 274 967 1783 1046; baseline 0.005 -23"><span class='ocrx_word' id='word_1_62' title='bbox 274 967 341 1023; x_wconf 87' lang='lat' dir='ltr'><strong>Ei</strong></span> <span class='ocrx_word' id='word_1_63' title='bbox 360 982 533 1025; x_wconf 86' lang='lat' dir='ltr'><strong>autem</strong></span> <span class='ocrx_word' id='word_1_64' title='bbox 560 972 651 1041; x_wconf 97' lang='lat' dir='ltr'><strong>qui</strong></span> <span class='ocrx_word' id='word_1_65' title='bbox 674 982 938 1042; x_wconf 84' lang='lat' dir='ltr'><strong>aperatur,</strong></span> <span class='ocrx_word' id='word_1_66' title='bbox 957 991 1149 1029; x_wconf 78' lang='lat' dir='ltr'><strong>merces</strong></span> <span class='ocrx_word' id='word_1_67' title='bbox 1176 991 1280 1029; x_wconf 79' lang='lat' dir='ltr'><strong>non</strong></span> <span class='ocrx_word' id='word_1_68' title='bbox 1304 978 1589 1046; x_wconf 81' lang='lat' dir='ltr'><strong>imputatur</strong></span> <span class='ocrx_word' id='word_1_69' title='bbox 1606 994 1783 1032; x_wconf 84' lang='lat' dir='ltr'><strong>secun-</strong></span> 
     </span>
    </p>
   </div>
   <div class='ocr_carea' id='block_1_10' title="bbox 198 1064 1781 1143">
    <p class='ocr_par' dir='ltr' id='par_1_10' title="bbox 198 1064 1781 1143">
     <span class='ocr_line' id='line_1_10' title="bbox 198 1064 1781 1143; baseline 0.005 -25"><span class='ocrx_word' id='word_1_70' title='bbox 198 1064 328 1119; x_wconf 77' lang='lat' dir='ltr'><strong>dum</strong></span> <span class='ocrx_word' id='word_1_71' title='bbox 368 1068 612 1136; x_wconf 67' lang='lat' dir='ltr'><strong>gratiam,</strong></span> <span class='ocrx_word' id='word_1_72' title='bbox 656 1068 746 1122; x_wconf 74' lang='lat' dir='ltr'><strong>sed</strong></span> <span class='ocrx_word' id='word_1_73' title='bbox 787 1071 1067 1124; x_wconf 74' lang='lat' dir='ltr'><strong>secundum</strong></span> <span class='ocrx_word' id='word_1_74' title='bbox 1104 1072 1353 1126; x_wconf 75' lang='lat' dir='ltr'><strong>debitum.</strong></span> <span class='ocrx_word' id='word_1_75' title='bbox 1407 1072 1589 1143; x_wconf 88' lang='lat' dir='ltr'><strong>tAug.)</strong></span> <span class='ocrx_word' id='word_1_76' title='bbox 1629 1072 1781 1139; x_wconf 85' lang='lat' dir='ltr'><strong>Quod</strong></span> 
     </span>
    </p>
   </div>
   <div class='ocr_carea' id='block_1_11' title="bbox 199 1158 1781 1233">
    <p class='ocr_par' dir='ltr' id='par_1_11' title="bbox 199 1158 1781 1233">
     <span class='ocr_line' id='line_1_11' title="bbox 199 1158 1781 1233; baseline 0.005 -23"><span class='ocrx_word' id='word_1_77' title='bbox 199 1167 379 1212; x_wconf 83' lang='lat' dir='ltr'><strong>autem</strong></span> <span class='ocrx_word' id='word_1_78' title='bbox 407 1158 502 1222; x_wconf 84' lang='lat' dir='ltr'><strong>ait,</strong></span> <span class='ocrx_word' id='word_1_79' title='bbox 528 1158 594 1212; x_wconf 83' lang='lat' dir='ltr'><strong>Ei</strong></span> <span class='ocrx_word' id='word_1_80' title='bbox 614 1170 789 1214; x_wconf 78' lang='lat' dir='ltr'><strong>autem</strong></span> <span class='ocrx_word' id='word_1_81' title='bbox 818 1162 907 1231; x_wconf 86' lang='lat' dir='ltr'><strong>qui</strong></span> <span class='ocrx_word' id='word_1_82' title='bbox 937 1174 1183 1231; x_wconf 77' lang='lat' dir='ltr'><strong>operatur</strong></span> <span class='ocrx_word' id='word_1_83' title='bbox 1205 1181 1397 1218; x_wconf 77' lang='lat' dir='ltr'><strong>merces</strong></span> <span class='ocrx_word' id='word_1_84' title='bbox 1432 1181 1532 1218; x_wconf 83' lang='lat' dir='ltr'><strong>non</strong></span> <span class='ocrx_word' id='word_1_85' title='bbox 1558 1167 1781 1233; x_wconf 74' lang='lat' dir='ltr'><strong>imputa-</strong></span> 
     </span>
    </p>
   </div>
   <div class='ocr_carea' id='block_1_12' title="bbox 195 1248 1782 1319">
    <p class='ocr_par' dir='ltr' id='par_1_12' title="bbox 195 1248 1782 1319">
     <span class='ocr_line' id='line_1_12' title="bbox 195 1248 1782 1319; baseline 0.006 -20"><span class='ocrx_word' id='word_1_86' title='bbox 195 1254 288 1300; x_wconf 86' lang='lat' dir='ltr'><strong>tur</strong></span> <span class='ocrx_word' id='word_1_87' title='bbox 316 1248 599 1301; x_wconf 82' lang='lat' dir='ltr'><strong>secundum</strong></span> <span class='ocrx_word' id='word_1_88' title='bbox 626 1252 871 1319; x_wconf 81' lang='lat' dir='ltr'><strong>gratiam,</strong></span> <span class='ocrx_word' id='word_1_89' title='bbox 898 1253 987 1304; x_wconf 86' lang='lat' dir='ltr'><strong>sed</strong></span> <span class='ocrx_word' id='word_1_90' title='bbox 1017 1254 1304 1307; x_wconf 88' lang='lat' dir='ltr'><strong>secundum</strong></span> <span class='ocrx_word' id='word_1_91' title='bbox 1340 1254 1586 1319; x_wconf 71' lang='lat' dir='ltr'><strong>debitum,</strong></span> <span class='ocrx_word' id='word_1_92' title='bbox 1622 1254 1782 1308; x_wconf 82' lang='lat' dir='ltr'><strong>dixit-</strong></span> 
     </span>
    </p>
   </div>
   <div class='ocr_carea' id='block_1_13' title="bbox 196 1341 1782 1409">
    <p class='ocr_par' dir='ltr' id='par_1_13' title="bbox 196 1341 1782 1409">
     <span class='ocr_line' id='line_1_13' title="bbox 196 1341 1782 1409; baseline 0.004 -16"><span class='ocrx_word' id='word_1_93' title='bbox 196 1352 305 1408; x_wconf 88' lang='lat' dir='ltr'><strong>que</strong></span> <span class='ocrx_word' id='word_1_94' title='bbox 332 1341 782 1409; x_wconf 74' lang='lat' dir='ltr'><strong>qtiemadmodum</strong></span> <span class='ocrx_word' id='word_1_95' title='bbox 806 1342 1052 1398; x_wconf 84' lang='lat' dir='ltr'><strong>homines</strong></span> <span class='ocrx_word' id='word_1_96' title='bbox 1074 1344 1377 1400; x_wconf 88' lang='lat' dir='ltr'><strong>hominibus</strong></span> <span class='ocrx_word' id='word_1_97' title='bbox 1396 1347 1622 1401; x_wconf 75' lang='lat' dir='ltr'><strong>reddant</strong></span> <span class='ocrx_word' id='word_1_98' title='bbox 1645 1362 1782 1401; x_wconf 86' lang='lat' dir='ltr'><strong>mer-</strong></span> 
     </span>
    </p>
   </div>
   <div class='ocr_carea' id='block_1_14' title="bbox 197 1436 1779 1510">
    <p class='ocr_par' dir='ltr' id='par_1_14' title="bbox 197 1436 1779 1510">
     <span class='ocr_line' id='line_1_14' title="bbox 197 1436 1779 1510; baseline 0.003 -21"><span class='ocrx_word' id='word_1_99' title='bbox 197 1436 419 1500; x_wconf 82' lang='lat' dir='ltr'><strong>cedem;</strong></span> <span class='ocrx_word' id='word_1_100' title='bbox 443 1451 573 1490; x_wconf 70' lang='lat' dir='ltr'><strong>nam</strong></span> <span class='ocrx_word' id='word_1_101' title='bbox 604 1436 748 1491; x_wconf 82' lang='lat' dir='ltr'><strong>Deus</strong></span> <span class='ocrx_word' id='word_1_102' title='bbox 769 1451 873 1505; x_wconf 86' lang='lat' dir='ltr'><strong>per</strong></span> <span class='ocrx_word' id='word_1_103' title='bbox 906 1439 1133 1505; x_wconf 85' lang='lat' dir='ltr'><strong>gratiam</strong></span> <span class='ocrx_word' id='word_1_104' title='bbox 1169 1439 1336 1502; x_wconf 84' lang='lat' dir='ltr'><strong>dedit,</strong></span> <span class='ocrx_word' id='word_1_105' title='bbox 1376 1441 1498 1509; x_wconf 76' lang='lat' dir='ltr'><strong>quia</strong></span> <span class='ocrx_word' id='word_1_106' title='bbox 1528 1448 1779 1510; x_wconf 85' lang='lat' dir='ltr'><strong>peccato-</strong></span> 
     </span>
    </p>
   </div>
   <div class='ocr_carea' id='block_1_15' title="bbox 197 1525 1778 1597">
    <p class='ocr_par' dir='ltr' id='par_1_15' title="bbox 197 1525 1778 1597">
     <span class='ocr_line' id='line_1_15' title="bbox 197 1525 1778 1597; baseline 0.004 -18"><span class='ocrx_word' id='word_1_107' title='bbox 197 1525 351 1581; x_wconf 82' lang='lat' dir='ltr'><strong>ribus</strong></span> <span class='ocrx_word' id='word_1_108' title='bbox 380 1526 544 1589; x_wconf 78' lang='lat' dir='ltr'><strong>dedit,</strong></span> <span class='ocrx_word' id='word_1_109' title='bbox 575 1535 634 1581; x_wconf 84' lang='lat' dir='ltr'><strong>ut</strong></span> <span class='ocrx_word' id='word_1_110' title='bbox 658 1542 758 1596; x_wconf 83' lang='lat' dir='ltr'><strong>per</strong></span> <span class='ocrx_word' id='word_1_111' title='bbox 782 1528 942 1581; x_wconf 89' lang='lat' dir='ltr'><strong>ﬁdem</strong></span> <span class='ocrx_word' id='word_1_112' title='bbox 958 1526 1107 1596; x_wconf 87' lang='lat' dir='ltr'><strong>juste</strong></span> <span class='ocrx_word' id='word_1_113' title='bbox 1132 1529 1394 1597; x_wconf 75' lang='lat' dir='ltr'><strong>viverent,</strong></span> <span class='ocrx_word' id='word_1_114' title='bbox 1427 1532 1479 1585; x_wconf 88' lang='lat' dir='ltr'><strong>id</strong></span> <span class='ocrx_word' id='word_1_115' title='bbox 1505 1541 1606 1595; x_wconf 87' lang='lat' dir='ltr'><strong>est,</strong></span> <span class='ocrx_word' id='word_1_116' title='bbox 1640 1530 1778 1585; x_wconf 87' lang='lat' dir='ltr'><strong>bene</strong></span> 
     </span>
    </p>
   </div>
   <div class='ocr_carea' id='block_1_16' title="bbox 193 1616 1776 1689">
    <p class='ocr_par' dir='ltr' id='par_1_16' title="bbox 193 1616 1776 1689">
     <span class='ocr_line' id='line_1_16' title="bbox 193 1616 1776 1689; baseline 0.002 -19"><span class='ocrx_word' id='word_1_117' title='bbox 193 1625 583 1685; x_wconf 68' lang='lat' dir='ltr'><strong>opt-urentur;</strong></span> <span class='ocrx_word' id='word_1_118' title='bbox 612 1616 755 1686; x_wconf 84' lang='lat' dir='ltr'><strong>quod</strong></span> <span class='ocrx_word' id='word_1_119' title='bbox 784 1631 911 1687; x_wconf 82' lang='lat' dir='ltr'><strong>ergo</strong></span> <span class='ocrx_word' id='word_1_120' title='bbox 938 1618 1073 1672; x_wconf 87' lang='lat' dir='ltr'><strong>bene</strong></span> <span class='ocrx_word' id='word_1_121' title='bbox 1096 1633 1403 1686; x_wconf 87' lang='lat' dir='ltr'><strong>operamur,</strong></span> <span class='ocrx_word' id='word_1_122' title='bbox 1428 1619 1539 1687; x_wconf 85' lang='lat' dir='ltr'><strong>jam</strong></span> <span class='ocrx_word' id='word_1_123' title='bbox 1558 1630 1776 1689; x_wconf 87' lang='lat' dir='ltr'><strong>accepta</strong></span> 
     </span>
    </p>
   </div>
   <div class='ocr_carea' id='block_1_17' title="bbox 196 1706 1778 1776">
    <p class='ocr_par' dir='ltr' id='par_1_17' title="bbox 196 1706 1778 1776">
     <span class='ocr_line' id='line_1_17' title="bbox 196 1706 1778 1776; baseline 0.001 -17"><span class='ocrx_word' id='word_1_124' title='bbox 196 1708 371 1775; x_wconf 88' lang='lat' dir='ltr'><strong>gratia</strong></span> <span class='ocrx_word' id='word_1_125' title='bbox 418 1723 525 1763; x_wconf 89' lang='lat' dir='ltr'><strong>non</strong></span> <span class='ocrx_word' id='word_1_126' title='bbox 573 1707 748 1771; x_wconf 88' lang='lat' dir='ltr'><strong>nobis,</strong></span> <span class='ocrx_word' id='word_1_127' title='bbox 793 1708 888 1761; x_wconf 86' lang='lat' dir='ltr'><strong>sed</strong></span> <span class='ocrx_word' id='word_1_128' title='bbox 931 1706 1005 1761; x_wconf 85' lang='lat' dir='ltr'><strong>illi</strong></span> <span class='ocrx_word' id='word_1_129' title='bbox 1044 1708 1383 1763; x_wconf 89' lang='lat' dir='ltr'><strong>tribuendum</strong></span> <span class='ocrx_word' id='word_1_130' title='bbox 1410 1717 1529 1771; x_wconf 90' lang='lat' dir='ltr'><strong>est,</strong></span> <span class='ocrx_word' id='word_1_131' title='bbox 1555 1709 1647 1776; x_wconf 82' lang='lat' dir='ltr'><strong>qui</strong></span> <span class='ocrx_word' id='word_1_132' title='bbox 1682 1722 1778 1775; x_wconf 89' lang='lat' dir='ltr'><strong>per</strong></span> 
     </span>
    </p>
   </div>
   <div class='ocr_carea' id='block_1_18' title="bbox 195 1796 1775 1868">
    <p class='ocr_par' dir='ltr' id='par_1_18' title="bbox 195 1796 1775 1868">
     <span class='ocr_line' id='line_1_18' title="bbox 195 1796 1775 1868; baseline -0.001 -18"><span class='ocrx_word' id='word_1_133' title='bbox 195 1798 427 1868; x_wconf 90' lang='lat' dir='ltr'><strong>gratiam</strong></span> <span class='ocrx_word' id='word_1_134' title='bbox 493 1812 589 1853; x_wconf 83' lang='lat' dir='ltr'><strong>nos</strong></span> <span class='ocrx_word' id='word_1_135' title='bbox 643 1796 973 1868; x_wconf 80' lang='lat' dir='ltr'><strong>justiﬁeavit.</strong></span> <span class='ocrx_word' id='word_1_136' title='bbox 1032 1798 1166 1851; x_wconf 87' lang='lat' dir='ltr'><strong>Nam</strong></span> <span class='ocrx_word' id='word_1_137' title='bbox 1208 1798 1252 1851; x_wconf 90' lang='lat' dir='ltr'><strong>si</strong></span> <span class='ocrx_word' id='word_1_138' title='bbox 1298 1797 1529 1852; x_wconf 84' lang='lat' dir='ltr'><strong>debitam</strong></span> <span class='ocrx_word' id='word_1_139' title='bbox 1566 1812 1775 1850; x_wconf 84' lang='lat' dir='ltr'><strong>merce-</strong></span> 
     </span>
    </p>
   </div>
   <div class='ocr_carea' id='block_1_19' title="bbox 1885 613 3453 693">
    <p class='ocr_par' dir='ltr' id='par_1_19' title="bbox 1885 613 3453 693">
     <span class='ocr_line' id='line_1_19' title="bbox 1885 613 3453 693; baseline 0.009 -27"><span class='ocrx_word' id='word_1_140' title='bbox 1885 613 2138 679; x_wconf 66' lang='lat' dir='ltr'><strong>allectus;</strong></span> <span class='ocrx_word' id='word_1_141' title='bbox 2169 625 2223 669; x_wconf 92' lang='lat' dir='ltr'><strong>et</strong></span> <span class='ocrx_word' id='word_1_142' title='bbox 2250 616 2368 670; x_wconf 92' lang='lat' dir='ltr'><strong>ideo</strong></span> <span class='ocrx_word' id='word_1_143' title='bbox 2395 619 2486 686; x_wconf 88' lang='lat' dir='ltr'><strong>qui</strong></span> <span class='ocrx_word' id='word_1_144' title='bbox 2528 634 2595 673; x_wconf 81' lang='lat' dir='ltr'><strong>ex</strong></span> <span class='ocrx_word' id='word_1_145' title='bbox 2624 620 2727 675; x_wconf 90' lang='lat' dir='ltr'><strong>ﬁde</strong></span> <span class='ocrx_word' id='word_1_146' title='bbox 2745 620 3091 688; x_wconf 81' lang='lat' dir='ltr'><strong>justiﬁcatur,</strong></span> <span class='ocrx_word' id='word_1_147' title='bbox 3120 625 3259 693; x_wconf 81' lang='lat' dir='ltr'><strong>apud</strong></span> <span class='ocrx_word' id='word_1_148' title='bbox 3280 624 3453 680; x_wconf 86' lang='lat' dir='ltr'><strong>solum</strong></span> 
     </span>
    </p>
   </div>
   <div class='ocr_carea' id='block_1_20' title="bbox 1882 704 3456 781">
    <p class='ocr_par' dir='ltr' id='par_1_20' title="bbox 1882 704 3456 781">
     <span class='ocr_line' id='line_1_20' title="bbox 1882 704 3456 781; baseline 0.01 -24"><span class='ocrx_word' id='word_1_149' title='bbox 1882 704 2048 760; x_wconf 87' lang='lat' dir='ltr'><strong>Deum</strong></span> <span class='ocrx_word' id='word_1_150' title='bbox 2065 707 2224 761; x_wconf 84' lang='lat' dir='ltr'><strong>habet</strong></span> <span class='ocrx_word' id='word_1_151' title='bbox 2239 708 2580 780; x_wconf 87' lang='lat' dir='ltr'><strong>gloriam,qui</strong></span> <span class='ocrx_word' id='word_1_152' title='bbox 2592 713 2923 779; x_wconf 80' lang='lat' dir='ltr'><strong>occultorum</strong></span> <span class='ocrx_word' id='word_1_153' title='bbox 2932 715 3183 769; x_wconf 83' lang='lat' dir='ltr'><strong>notitiam</strong></span> <span class='ocrx_word' id='word_1_154' title='bbox 3199 717 3381 781; x_wconf 88' lang='lat' dir='ltr'><strong>habet,</strong></span> <span class='ocrx_word' id='word_1_155' title='bbox 3400 725 3456 772; x_wconf 89' lang='lat' dir='ltr'><strong>et</strong></span> 
     </span>
    </p>
   </div>
   <div class='ocr_carea' id='block_1_21' title="bbox 1880 793 3455 876">
    <p class='ocr_par' dir='ltr' id='par_1_21' title="bbox 1880 793 3455 876">
     <span class='ocr_line' id='line_1_21' title="bbox 1880 793 3455 876; baseline 0.009 -29"><span class='ocrx_word' id='word_1_156' title='bbox 1880 793 2002 849; x_wconf 85' lang='lat' dir='ltr'><strong>ﬁdei</strong></span> <span class='ocrx_word' id='word_1_157' title='bbox 2032 796 2177 851; x_wconf 86' lang='lat' dir='ltr'><strong>solus</strong></span> <span class='ocrx_word' id='word_1_158' title='bbox 2206 798 2478 867; x_wconf 83' lang='lat' dir='ltr'><strong>inspector</strong></span> <span class='ocrx_word' id='word_1_159' title='bbox 2504 799 2606 855; x_wconf 75' lang='lat' dir='ltr'><strong>est.</strong></span> <span class='ocrx_word' id='word_1_160' title='bbox 2632 801 2812 873; x_wconf 83' lang='lat' dir='ltr'><strong>(Aug.)</strong></span> <span class='ocrx_word' id='word_1_161' title='bbox 2829 803 2975 858; x_wconf 80' lang='lat' dir='ltr'><strong>Multi</strong></span> <span class='ocrx_word' id='word_1_162' title='bbox 2997 820 3133 874; x_wconf 82' lang='lat' dir='ltr'><strong>ergo</strong></span> <span class='ocrx_word' id='word_1_163' title='bbox 3155 805 3455 876; x_wconf 89' lang='lat' dir='ltr'><strong>gloriantur</strong></span> 
     </span>
    </p>
   </div>
   <div class='ocr_carea' id='block_1_22' title="bbox 1879 886 3452 968">
    <p class='ocr_par' dir='ltr' id='par_1_22' title="bbox 1879 886 3452 968">
     <span class='ocr_line' id='line_1_22' title="bbox 1879 886 3452 968; baseline 0.01 -29"><span class='ocrx_word' id='word_1_164' title='bbox 1879 886 1945 940; x_wconf 88' lang='lat' dir='ltr'><strong>de</strong></span> <span class='ocrx_word' id='word_1_165' title='bbox 1988 890 2260 958; x_wconf 78' lang='lat' dir='ltr'><strong>operibus,</strong></span> <span class='ocrx_word' id='word_1_166' title='bbox 2307 899 2365 945; x_wconf 86' lang='lat' dir='ltr'><strong>et</strong></span> <span class='ocrx_word' id='word_1_167' title='bbox 2396 890 2605 947; x_wconf 79' lang='lat' dir='ltr'><strong>invenis</strong></span> <span class='ocrx_word' id='word_1_168' title='bbox 2652 894 2847 950; x_wconf 85' lang='lat' dir='ltr'><strong>multos</strong></span> <span class='ocrx_word' id='word_1_169' title='bbox 2886 912 3127 966; x_wconf 81' lang='lat' dir='ltr'><strong>paganos</strong></span> <span class='ocrx_word' id='word_1_170' title='bbox 3168 908 3452 968; x_wconf 71' lang='lat' dir='ltr'><strong>propterea</strong></span> 
     </span>
    </p>
   </div>
   <div class='ocr_carea' id='block_1_23' title="bbox 1880 978 3453 1053">
    <p class='ocr_par' dir='ltr' id='par_1_23' title="bbox 1880 978 3453 1053">
     <span class='ocr_line' id='line_1_23' title="bbox 1880 978 3453 1053; baseline 0.01 -22"><span class='ocrx_word' id='word_1_171' title='bbox 1880 978 2019 1033; x_wconf 82' lang='lat' dir='ltr'><strong>nolle</strong></span> <span class='ocrx_word' id='word_1_172' title='bbox 2046 978 2162 1034; x_wconf 86' lang='lat' dir='ltr'><strong>ﬁeri</strong></span> <span class='ocrx_word' id='word_1_173' title='bbox 2191 980 2545 1046; x_wconf 85' lang='lat' dir='ltr'><strong>Christianos,</strong></span> <span class='ocrx_word' id='word_1_174' title='bbox 2587 983 2714 1052; x_wconf 87' lang='lat' dir='ltr'><strong>quia</strong></span> <span class='ocrx_word' id='word_1_175' title='bbox 2750 986 2899 1053; x_wconf 81' lang='lat' dir='ltr'><strong>quasi</strong></span> <span class='ocrx_word' id='word_1_176' title='bbox 2942 986 3209 1044; x_wconf 73' lang='lat' dir='ltr'><strong>calﬁciunt</strong></span> <span class='ocrx_word' id='word_1_177' title='bbox 3244 990 3347 1045; x_wconf 80' lang='lat' dir='ltr'><strong>sibi</strong></span> <span class='ocrx_word' id='word_1_178' title='bbox 3385 990 3453 1046; x_wconf 81' lang='lat' dir='ltr'><strong>de</strong></span> 
     </span>
    </p>
   </div>
   <div class='ocr_carea' id='block_1_24' title="bbox 1880 1066 3453 1150">
    <p class='ocr_par' dir='ltr' id='par_1_24' title="bbox 1880 1066 3453 1150">
     <span class='ocr_line' id='line_1_24' title="bbox 1880 1066 3453 1150; baseline 0.012 -30"><span class='ocrx_word' id='word_1_179' title='bbox 1880 1066 2017 1122; x_wconf 86' lang='lat' dir='ltr'><strong>bona</strong></span> <span class='ocrx_word' id='word_1_180' title='bbox 2052 1071 2161 1124; x_wconf 90' lang='lat' dir='ltr'><strong>vita</strong></span> <span class='ocrx_word' id='word_1_181' title='bbox 2191 1088 2305 1126; x_wconf 88' lang='lat' dir='ltr'><strong>sua.</strong></span> <span class='ocrx_word' id='word_1_182' title='bbox 2335 1072 2481 1128; x_wconf 89' lang='lat' dir='ltr'><strong>Bene</strong></span> <span class='ocrx_word' id='word_1_183' title='bbox 2515 1074 2699 1143; x_wconf 82' lang='lat' dir='ltr'><strong>vivere</strong></span> <span class='ocrx_word' id='word_1_184' title='bbox 2723 1074 2857 1144; x_wconf 81' lang='lat' dir='ltr'><strong>opus</strong></span> <span class='ocrx_word' id='word_1_185' title='bbox 2881 1084 2984 1139; x_wconf 84' lang='lat' dir='ltr'><strong>est,</strong></span> <span class='ocrx_word' id='word_1_186' title='bbox 3025 1079 3120 1142; x_wconf 83' lang='lat' dir='ltr'><strong>ait,</strong></span> <span class='ocrx_word' id='word_1_187' title='bbox 3160 1082 3293 1150; x_wconf 79' lang='lat' dir='ltr'><strong>quid</strong></span> <span class='ocrx_word' id='word_1_188' title='bbox 3320 1082 3453 1150; x_wconf 87' lang='lat' dir='ltr'><strong>mihi</strong></span> 
     </span>
    </p>
   </div>
   <div class='ocr_carea' id='block_1_25' title="bbox 1880 1160 3451 1235">
    <p class='ocr_par' dir='ltr' id='par_1_25' title="bbox 1880 1160 3451 1235">
     <span class='ocr_line' id='line_1_25' title="bbox 1880 1160 3451 1235; baseline 0.01 -25"><span class='ocrx_word' id='word_1_189' title='bbox 1880 1168 2241 1227; x_wconf 66' lang='lat' dir='ltr'><strong>praecepturus</strong></span> <span class='ocrx_word' id='word_1_190' title='bbox 2263 1173 2343 1216; x_wconf 87' lang='lat' dir='ltr'><strong>est</strong></span> <span class='ocrx_word' id='word_1_191' title='bbox 2365 1160 2646 1218; x_wconf 73' lang='lat' dir='ltr'><strong>Christus?</strong></span> <span class='ocrx_word' id='word_1_192' title='bbox 2680 1163 2890 1220; x_wconf 78' lang='lat' dir='ltr'><strong>Nullum</strong></span> <span class='ocrx_word' id='word_1_193' title='bbox 2932 1167 3299 1235; x_wconf 79' lang='lat' dir='ltr'><strong>homicidium,</strong></span> <span class='ocrx_word' id='word_1_194' title='bbox 3330 1172 3451 1226; x_wconf 88' lang='lat' dir='ltr'><strong>nul-</strong></span> 
     </span>
    </p>
   </div>
   <div class='ocr_carea' id='block_1_26' title="bbox 1879 1246 3454 1324">
    <p class='ocr_par' dir='ltr' id='par_1_26' title="bbox 1879 1246 3454 1324">
     <span class='ocr_line' id='line_1_26' title="bbox 1879 1246 3454 1324; baseline 0.011 -24"><span class='ocrx_word' id='word_1_195' title='bbox 1879 1246 1988 1301; x_wconf 89' lang='lat' dir='ltr'><strong>lum</strong></span> <span class='ocrx_word' id='word_1_196' title='bbox 2016 1247 2239 1316; x_wconf 74' lang='lat' dir='ltr'><strong>fartum,</strong></span> <span class='ocrx_word' id='word_1_197' title='bbox 2279 1253 2477 1308; x_wconf 89' lang='lat' dir='ltr'><strong>nullam</strong></span> <span class='ocrx_word' id='word_1_198' title='bbox 2508 1255 2751 1324; x_wconf 83' lang='lat' dir='ltr'><strong>rapinam</strong></span> <span class='ocrx_word' id='word_1_199' title='bbox 2787 1255 2946 1321; x_wconf 68' lang='lat' dir='ltr'><strong>facio,</strong></span> <span class='ocrx_word' id='word_1_200' title='bbox 2981 1274 3069 1314; x_wconf 84' lang='lat' dir='ltr'><strong>res</strong></span> <span class='ocrx_word' id='word_1_201' title='bbox 3107 1259 3312 1316; x_wconf 81' lang='lat' dir='ltr'><strong>alienas</strong></span> <span class='ocrx_word' id='word_1_202' title='bbox 3342 1279 3454 1318; x_wconf 82' lang='lat' dir='ltr'><strong>non</strong></span> 
     </span>
    </p>
   </div>
   <div class='ocr_carea' id='block_1_27' title="bbox 1880 1339 3455 1418">
    <p class='ocr_par' dir='ltr' id='par_1_27' title="bbox 1880 1339 3455 1418">
     <span class='ocr_line' id='line_1_27' title="bbox 1880 1339 3455 1418; baseline 0.01 -26"><span class='ocrx_word' id='word_1_203' title='bbox 1880 1340 2218 1409; x_wconf 82' lang='lat' dir='ltr'><strong>concupisco,</strong></span> <span class='ocrx_word' id='word_1_204' title='bbox 2270 1342 2413 1395; x_wconf 90' lang='lat' dir='ltr'><strong>nullo</strong></span> <span class='ocrx_word' id='word_1_205' title='bbox 2439 1339 2720 1400; x_wconf 90' lang='lat' dir='ltr'><strong>’adulterio</strong></span> <span class='ocrx_word' id='word_1_206' title='bbox 2766 1349 3120 1418; x_wconf 82' lang='lat' dir='ltr'><strong>contaminor,</strong></span> <span class='ocrx_word' id='word_1_207' title='bbox 3164 1350 3455 1414; x_wconf 83' lang='lat' dir='ltr'><strong>non-inve-</strong></span> 
     </span>
    </p>
   </div>
   <div class='ocr_carea' id='block_1_28' title="bbox 1880 1422 3457 1509">
    <p class='ocr_par' dir='ltr' id='par_1_28' title="bbox 1880 1422 3457 1509">
     <span class='ocr_line' id='line_1_28' title="bbox 1880 1422 3457 1509; baseline 0.011 -27"><span class='ocrx_word' id='word_1_208' title='bbox 1880 1430 2059 1484; x_wconf 88' lang='lat' dir='ltr'><strong>niatur</strong></span> <span class='ocrx_word' id='word_1_209' title='bbox 2096 1431 2294 1499; x_wconf 86' lang='lat' dir='ltr'><strong>aliquid</strong></span> <span class='ocrx_word' id='word_1_210' title='bbox 2330 1432 2384 1487; x_wconf 92' lang='lat' dir='ltr'><strong>in</strong></span> <span class='ocrx_word' id='word_1_211' title='bbox 2423 1434 2530 1487; x_wconf 88' lang='lat' dir='ltr'><strong>vita</strong></span> <span class='ocrx_word' id='word_1_212' title='bbox 2571 1450 2688 1503; x_wconf 84' lang='lat' dir='ltr'><strong>mea</strong></span> <span class='ocrx_word' id='word_1_213' title='bbox 2729 1439 2869 1505; x_wconf 92' lang='lat' dir='ltr'><strong>quod</strong></span> <span class='ocrx_word' id='word_1_214' title='bbox 2912 1422 3355 1509; x_wconf 71' lang='lat' dir='ltr'><strong>reprehendatur,</strong></span> <span class='ocrx_word' id='word_1_215' title='bbox 3400 1434 3457 1499; x_wconf 78' lang='lat' dir='ltr'><strong>et</strong></span> 
     </span>
    </p>
   </div>
   <div class='ocr_carea' id='block_1_29' title="bbox 1878 1512 3455 1605">
    <p class='ocr_par' dir='ltr' id='par_1_29' title="bbox 1878 1512 3455 1605">
     <span class='ocr_line' id='line_1_29' title="bbox 1878 1512 3455 1605; baseline 0.01 -31"><span class='ocrx_word' id='word_1_216' title='bbox 1878 1521 1968 1590; x_wconf 87' lang='lat' dir='ltr'><strong>qui</strong></span> <span class='ocrx_word' id='word_1_217' title='bbox 1999 1516 2407 1591; x_wconf 89' lang='lat' dir='ltr'><strong>reprehenderit</strong></span> <span class='ocrx_word' id='word_1_218' title='bbox 2432 1524 2593 1579; x_wconf 81' lang='lat' dir='ltr'><strong>faciat</strong></span> <span class='ocrx_word' id='word_1_219' title='bbox 2616 1512 3007 1597; x_wconf 72' lang='lat' dir='ltr'><strong>Christianum,</strong></span> <span class='ocrx_word' id='word_1_220' title='bbox 3036 1532 3202 1587; x_wconf 86' lang='lat' dir='ltr'><strong>habet</strong></span> <span class='ocrx_word' id='word_1_221' title='bbox 3226 1534 3455 1605; x_wconf 80' lang='lat' dir='ltr'><strong>gloriam</strong></span> 
     </span>
    </p>
   </div>
   <div class='ocr_carea' id='block_1_30' title="bbox 1879 1611 3457 1697">
    <p class='ocr_par' dir='ltr' id='par_1_30' title="bbox 1879 1611 3457 1697">
     <span class='ocr_line' id='line_1_30' title="bbox 1879 1611 3457 1697; baseline 0.01 -32"><span class='ocrx_word' id='word_1_222' title='bbox 1879 1611 1969 1665; x_wconf 83' lang='lat' dir='ltr'><strong>sed</strong></span> <span class='ocrx_word' id='word_1_223' title='bbox 1992 1627 2097 1666; x_wconf 91' lang='lat' dir='ltr'><strong>non</strong></span> <span class='ocrx_word' id='word_1_224' title='bbox 2129 1613 2194 1692; x_wconf 81' lang='lat' dir='ltr'><strong>ad</strong></span> <span class='ocrx_word' id='word_1_225' title='bbox 2220 1612 2411 1679; x_wconf 89' lang='lat' dir='ltr'><strong>Deum,</strong></span> <span class='ocrx_word' id='word_1_226' title='bbox 2440 1630 2545 1670; x_wconf 92' lang='lat' dir='ltr'><strong>non</strong></span> <span class='ocrx_word' id='word_1_227' title='bbox 2574 1625 2753 1670; x_wconf 83' lang='lat' dir='ltr'><strong>autem</strong></span> <span class='ocrx_word' id='word_1_228' title='bbox 2781 1617 2861 1671; x_wconf 86' lang='lat' dir='ltr'><strong>sic</strong></span> <span class='ocrx_word' id='word_1_229' title='bbox 2896 1627 3049 1691; x_wconf 75' lang='lat' dir='ltr'><strong>pater</strong></span> <span class='ocrx_word' id='word_1_230' title='bbox 3080 1633 3264 1677; x_wconf 82' lang='lat' dir='ltr'><strong>noster</strong></span> <span class='ocrx_word' id='word_1_231' title='bbox 3286 1624 3457 1697; x_wconf 76' lang='lat' dir='ltr'><strong>Abra-</strong></span> 
     </span>
    </p>
   </div>
   <div class='ocr_carea' id='block_1_31' title="bbox 1879 1697 3455 1780">
    <p class='ocr_par' dir='ltr' id='par_1_31' title="bbox 1879 1697 3455 1780">
     <span class='ocr_line' id='line_1_31' title="bbox 1879 1697 3455 1780; baseline 0.008 -23"><span class='ocrx_word' id='word_1_232' title='bbox 1879 1704 2024 1758; x_wconf 88' lang='lat' dir='ltr'><strong>ham.</strong></span> <span class='ocrx_word' id='word_1_233' title='bbox 2071 1704 2225 1759; x_wconf 87' lang='lat' dir='ltr'><strong>Unde</strong></span> <span class='ocrx_word' id='word_1_234' title='bbox 2258 1721 2386 1778; x_wconf 86' lang='lat' dir='ltr'><strong>ergo</strong></span> <span class='ocrx_word' id='word_1_235' title='bbox 2417 1706 2549 1761; x_wconf 90' lang='lat' dir='ltr'><strong>dicit</strong></span> <span class='ocrx_word' id='word_1_236' title='bbox 2582 1697 2857 1777; x_wconf 85' lang='lat' dir='ltr'><strong>Scriptura</strong></span> <span class='ocrx_word' id='word_1_237' title='bbox 2883 1710 3234 1780; x_wconf 84' lang='lat' dir='ltr'><strong>justiﬁcatum</strong></span> <span class='ocrx_word' id='word_1_238' title='bbox 3278 1715 3455 1769; x_wconf 86' lang='lat' dir='ltr'><strong>Abra-</strong></span> 
     </span>
    </p>
   </div>
   <div class='ocr_carea' id='block_1_32' title="bbox 1880 1800 3455 1873">
    <p class='ocr_par' dir='ltr' id='par_1_32' title="bbox 1880 1800 3455 1873">
     <span class='ocr_line' id='line_1_32' title="bbox 1880 1800 3455 1873; baseline 0.009 -20"><span class='ocrx_word' id='word_1_239' title='bbox 1880 1800 2043 1854; x_wconf 84' lang='lat' dir='ltr'><strong>ham?</strong></span> <span class='ocrx_word' id='word_1_240' title='bbox 2077 1802 2308 1857; x_wconf 77' lang='lat' dir='ltr'><strong>Credidit</strong></span> <span class='ocrx_word' id='word_1_241' title='bbox 2347 1806 2612 1859; x_wconf 71' lang='lat' dir='ltr'><strong>Abraham</strong></span> <span class='ocrx_word' id='word_1_242' title='bbox 2643 1807 2750 1861; x_wconf 85' lang='lat' dir='ltr'><strong>Deo</strong></span> <span class='ocrx_word' id='word_1_243' title='bbox 2771 1818 2819 1861; x_wconf 88' lang='lat' dir='ltr'><strong>et</strong></span> <span class='ocrx_word' id='word_1_244' title='bbox 2849 1810 3151 1873; x_wconf 75' lang='lat' dir='ltr'><strong>deputatum</strong></span> <span class='ocrx_word' id='word_1_245' title='bbox 3180 1820 3251 1865; x_wconf 83' lang='lat' dir='ltr'><strong>est</strong></span> <span class='ocrx_word' id='word_1_246' title='bbox 3289 1812 3455 1866; x_wconf 70' lang='lat' dir='ltr'><strong>illius!</strong></span> 
     </span>
    </p>
   </div>
   <div class='ocr_carea' id='block_1_33' title="bbox 194 1870 3454 1963">
    <p class='ocr_par' dir='ltr' id='par_1_33' title="bbox 194 1870 3454 1963">
     <span class='ocr_line' id='line_1_33' title="bbox 194 1870 3454 1963; baseline 0.005 -21"><span class='ocrx_word' id='word_1_247' title='bbox 194 1887 323 1942; x_wconf 73' lang='lat' dir='ltr'><strong>deus</strong></span> <span class='ocrx_word' id='word_1_248' title='bbox 376 1887 531 1942; x_wconf 88' lang='lat' dir='ltr'><strong>vellet</strong></span> <span class='ocrx_word' id='word_1_249' title='bbox 590 1890 834 1952; x_wconf 83' lang='lat' dir='ltr'><strong>reddere,</strong></span> <span class='ocrx_word' id='word_1_250' title='bbox 889 1898 943 1943; x_wconf 89' lang='lat' dir='ltr'><strong>et</strong></span> <span class='ocrx_word' id='word_1_251' title='bbox 974 1903 1191 1958; x_wconf 66' lang='lat' dir='ltr'><strong>posnam</strong></span> <span class='ocrx_word' id='word_1_252' title='bbox 1250 1888 1501 1942; x_wconf 72' lang='lat' dir='ltr'><strong>redderet</strong></span> <span class='ocrx_word' id='word_1_253' title='bbox 1538 1888 1773 1941; x_wconf 86' lang='lat' dir='ltr'><strong>debitam</strong></span> <span class='ocrx_word' id='word_1_254' title='bbox 1803 1870 1852 1930; x_wconf 81' lang='grc' dir='ltr'><strong>Β</strong></span> <span class='ocrx_word' id='word_1_255' title='bbox 1870 1889 2153 1959; x_wconf 80' lang='lat' dir='ltr'><strong>justitiam.</strong></span> <span class='ocrx_word' id='word_1_256' title='bbox 2181 1893 2319 1963; x_wconf 84' lang='lat' dir='ltr'><strong>Ergo</strong></span> <span class='ocrx_word' id='word_1_257' title='bbox 2345 1893 2449 1947; x_wconf 88' lang='lat' dir='ltr'><strong>ﬁde</strong></span> <span class='ocrx_word' id='word_1_258' title='bbox 2459 1894 2783 1961; x_wconf 80' lang='lat' dir='ltr'><strong>justiﬁeatus</strong></span> <span class='ocrx_word' id='word_1_259' title='bbox 2808 1908 2890 1953; x_wconf 88' lang='lat' dir='ltr'><strong>est</strong></span> <span class='ocrx_word' id='word_1_260' title='bbox 2912 1870 3207 1955; x_wconf 79' lang='lat' dir='ltr'><strong>Abraham.</strong></span> <span class='ocrx_word' id='word_1_261' title='bbox 3234 1886 3454 1958; x_wconf 78' lang='lat' dir='ltr'><strong>Faciam</strong></span> 
     </span>
    </p>
   </div>
   <div class='ocr_carea' id='block_1_34' title="bbox 193 1980 1773 2052">
    <p class='ocr_par' dir='ltr' id='par_1_34' title="bbox 193 1980 1773 2052">
     <span class='ocr_line' id='line_1_34' title="bbox 193 1980 1773 2052; baseline -0.001 -17"><span class='ocrx_word' id='word_1_262' title='bbox 193 1980 592 2049; x_wconf 82' lang='lat' dir='ltr'><strong>peccatoribus,</strong></span> <span class='ocrx_word' id='word_1_263' title='bbox 618 1980 848 2052; x_wconf 68' lang='lat' dir='ltr'><strong>(Ausim)</strong></span> <span class='ocrx_word' id='word_1_264' title='bbox 873 1981 1175 2035; x_wconf 89' lang='lat' dir='ltr'><strong>absolutum</strong></span> <span class='ocrx_word' id='word_1_265' title='bbox 1201 1991 1284 2035; x_wconf 86' lang='lat' dir='ltr'><strong>est</strong></span> <span class='ocrx_word' id='word_1_266' title='bbox 1304 1981 1353 2035; x_wconf 91' lang='lat' dir='ltr'><strong>ei</strong></span> <span class='ocrx_word' id='word_1_267' title='bbox 1367 1982 1457 2049; x_wconf 93' lang='lat' dir='ltr'><strong>qui</strong></span> <span class='ocrx_word' id='word_1_268' title='bbox 1474 1982 1574 2051; x_wconf 88' lang='lat' dir='ltr'><strong>legi</strong></span> <span class='ocrx_word' id='word_1_269' title='bbox 1601 1980 1773 2035; x_wconf 80' lang='lat' dir='ltr'><strong>facto-</strong></span> 
     </span>
    </p>
   </div>
   <div class='ocr_carea' id='block_1_35' title="bbox 193 2069 1774 2142">
    <p class='ocr_par' dir='ltr' id='par_1_35' title="bbox 193 2069 1774 2142">
     <span class='ocr_line' id='line_1_35' title="bbox 193 2069 1774 2142; baseline -0.001 -18"><span class='ocrx_word' id='word_1_270' title='bbox 193 2085 341 2135; x_wconf 87' lang='lat' dir='ltr'><strong>rum,</strong></span> <span class='ocrx_word' id='word_1_271' title='bbox 384 2070 435 2125; x_wconf 91' lang='lat' dir='ltr'><strong>id</strong></span> <span class='ocrx_word' id='word_1_272' title='bbox 476 2077 582 2135; x_wconf 86' lang='lat' dir='ltr'><strong>est,</strong></span> <span class='ocrx_word' id='word_1_273' title='bbox 616 2069 781 2142; x_wconf 77' lang='lat' dir='ltr'><strong>Moysi</strong></span> <span class='ocrx_word' id='word_1_274' title='bbox 821 2069 1091 2139; x_wconf 81' lang='lat' dir='ltr'><strong>subjectus</strong></span> <span class='ocrx_word' id='word_1_275' title='bbox 1128 2078 1228 2135; x_wconf 90' lang='lat' dir='ltr'><strong>est,</strong></span> <span class='ocrx_word' id='word_1_276' title='bbox 1257 2078 1349 2124; x_wconf 90' lang='lat' dir='ltr'><strong>aut</strong></span> <span class='ocrx_word' id='word_1_277' title='bbox 1374 2070 1636 2135; x_wconf 85' lang='lat' dir='ltr'><strong>naturali;</strong></span> <span class='ocrx_word' id='word_1_278' title='bbox 1668 2086 1774 2124; x_wconf 93' lang='lat' dir='ltr'><strong>non</strong></span> 
     </span>
    </p>
   </div>
   <div class='ocr_carea' id='block_1_36' title="bbox 193 2162 1774 2233">
    <p class='ocr_par' dir='ltr' id='par_1_36' title="bbox 193 2162 1774 2233">
     <span class='ocr_line' id='line_1_36' title="bbox 193 2162 1774 2233; baseline 0.001 -18"><span class='ocrx_word' id='word_1_279' title='bbox 193 2162 450 2233; x_wconf 83' lang='lat' dir='ltr'><strong>imputari</strong></span> <span class='ocrx_word' id='word_1_280' title='bbox 486 2163 739 2217; x_wconf 83' lang='lat' dir='ltr'><strong>meritum</strong></span> <span class='ocrx_word' id='word_1_281' title='bbox 774 2162 840 2217; x_wconf 91' lang='lat' dir='ltr'><strong>ad</strong></span> <span class='ocrx_word' id='word_1_282' title='bbox 870 2165 1195 2227; x_wconf 87' lang='lat' dir='ltr'><strong>mercedem,</strong></span> <span class='ocrx_word' id='word_1_283' title='bbox 1232 2172 1293 2217; x_wconf 85' lang='lat' dir='ltr'><strong>ut</strong></span> <span class='ocrx_word' id='word_1_284' title='bbox 1322 2164 1545 2233; x_wconf 79' lang='lat' dir='ltr'><strong>gloriam</strong></span> <span class='ocrx_word' id='word_1_285' title='bbox 1573 2164 1774 2218; x_wconf 88' lang='lat' dir='ltr'><strong>habeat</strong></span> 
     </span>
    </p>
   </div>
   <div class='ocr_carea' id='block_1_37' title="bbox 190 2240 1771 2325">
    <p class='ocr_par' dir='ltr' id='par_1_37' title="bbox 190 2240 1771 2325">
     <span class='ocr_line' id='line_1_37' title="bbox 190 2240 1771 2325; baseline 0 -16"><span class='ocrx_word' id='word_1_286' title='bbox 190 2255 339 2325; x_wconf 83' lang='lat' dir='ltr'><strong>apud</strong></span> <span class='ocrx_word' id='word_1_287' title='bbox 368 2240 557 2310; x_wconf 79' lang='lat' dir='ltr'><strong>Deum.</strong></span> <span class='ocrx_word' id='word_1_288' title='bbox 585 2255 803 2310; x_wconf 87' lang='lat' dir='ltr'><strong>Debitor</strong></span> <span class='ocrx_word' id='word_1_289' title='bbox 826 2264 913 2310; x_wconf 90' lang='lat' dir='ltr'><strong>est</strong></span> <span class='ocrx_word' id='word_1_290' title='bbox 930 2255 1080 2310; x_wconf 87' lang='lat' dir='ltr'><strong>enim</strong></span> <span class='ocrx_word' id='word_1_291' title='bbox 1110 2252 1287 2309; x_wconf 81' lang='lat' dir='ltr'><strong>facere</strong></span> <span class='ocrx_word' id='word_1_292' title='bbox 1308 2255 1499 2325; x_wconf 83' lang='lat' dir='ltr'><strong>legem,</strong></span> <span class='ocrx_word' id='word_1_293' title='bbox 1526 2256 1651 2323; x_wconf 86' lang='lat' dir='ltr'><strong>quia</strong></span> <span class='ocrx_word' id='word_1_294' title='bbox 1674 2271 1771 2309; x_wconf 86' lang='lat' dir='ltr'><strong>ne-</strong></span> 
     </span>
    </p>
   </div>
   <div class='ocr_carea' id='block_1_38' title="bbox 191 2332 1773 2416">
    <p class='ocr_par' dir='ltr' id='par_1_38' title="bbox 191 2332 1773 2416">
     <span class='ocr_line' id='line_1_38' title="bbox 191 2332 1773 2416; baseline -0.001 -16"><span class='ocrx_word' id='word_1_295' title='bbox 191 2332 423 2401; x_wconf 72' lang='lat' dir='ltr'><strong>cessitas</strong></span> <span class='ocrx_word' id='word_1_296' title='bbox 445 2346 693 2415; x_wconf 87' lang='lat' dir='ltr'><strong>imposita</strong></span> <span class='ocrx_word' id='word_1_297' title='bbox 722 2354 806 2400; x_wconf 88' lang='lat' dir='ltr'><strong>est</strong></span> <span class='ocrx_word' id='word_1_298' title='bbox 826 2361 925 2414; x_wconf 89' lang='lat' dir='ltr'><strong>per</strong></span> <span class='ocrx_word' id='word_1_299' title='bbox 946 2345 1144 2416; x_wconf 88' lang='lat' dir='ltr'><strong>legem,</strong></span> <span class='ocrx_word' id='word_1_300' title='bbox 1175 2356 1253 2410; x_wconf 91' lang='lat' dir='ltr'><strong>ut,</strong></span> <span class='ocrx_word' id='word_1_301' title='bbox 1280 2346 1405 2399; x_wconf 85' lang='lat' dir='ltr'><strong>velit</strong></span> <span class='ocrx_word' id='word_1_302' title='bbox 1431 2346 1584 2409; x_wconf 86' lang='lat' dir='ltr'><strong>nolit,</strong></span> <span class='ocrx_word' id='word_1_303' title='bbox 1609 2345 1773 2400; x_wconf 80' lang='lat' dir='ltr'><strong>faciat</strong></span> 
     </span>
    </p>
   </div>
   <div class='ocr_carea' id='block_1_39' title="bbox 191 2436 1769 2509">
    <p class='ocr_par' dir='ltr' id='par_1_39' title="bbox 191 2436 1769 2509">
     <span class='ocr_line' id='line_1_39' title="bbox 191 2436 1769 2509; baseline 0.001 -19"><span class='ocrx_word' id='word_1_304' title='bbox 191 2436 366 2509; x_wconf 87' lang='lat' dir='ltr'><strong>legem</strong></span> <span class='ocrx_word' id='word_1_305' title='bbox 402 2453 469 2493; x_wconf 90' lang='lat' dir='ltr'><strong>ne</strong></span> <span class='ocrx_word' id='word_1_306' title='bbox 495 2440 796 2501; x_wconf 88' lang='lat' dir='ltr'><strong>damnetur,</strong></span> <span class='ocrx_word' id='word_1_307' title='bbox 821 2438 961 2492; x_wconf 86' lang='lat' dir='ltr'><strong>sicut</strong></span> <span class='ocrx_word' id='word_1_308' title='bbox 986 2438 1092 2491; x_wconf 89' lang='lat' dir='ltr'><strong>alio</strong></span> <span class='ocrx_word' id='word_1_309' title='bbox 1119 2437 1236 2491; x_wconf 91' lang='lat' dir='ltr'><strong>loco</strong></span> <span class='ocrx_word' id='word_1_310' title='bbox 1264 2438 1393 2492; x_wconf 90' lang='lat' dir='ltr'><strong>dicit</strong></span> <span class='ocrx_word' id='word_1_311' title='bbox 1414 2437 1585 2508; x_wconf 83' lang='lat' dir='ltr'><strong>(Rom.</strong></span> <span class='ocrx_word' id='word_1_312' title='bbox 1616 2438 1769 2507; x_wconf 78' lang='lat' dir='ltr'><strong>xm):</strong></span> 
     </span>
    </p>
   </div>
   <div class='ocr_carea' id='block_1_40' title="bbox 193 2527 1775 2599">
    <p class='ocr_par' dir='ltr' id='par_1_40' title="bbox 193 2527 1775 2599">
     <span class='ocr_line' id='line_1_40' title="bbox 193 2527 1775 2599; baseline 0 -18"><span class='ocrx_word' id='word_1_313' title='bbox 193 2527 300 2593; x_wconf 82' lang='lat' dir='ltr'><strong>Qui</strong></span> <span class='ocrx_word' id='word_1_314' title='bbox 334 2538 505 2583; x_wconf 83' lang='lat' dir='ltr'><strong>autem</strong></span> <span class='ocrx_word' id='word_1_315' title='bbox 533 2538 884 2594; x_wconf 82' lang='lat' dir='ltr'><strong>contemnunt,</strong></span> <span class='ocrx_word' id='word_1_316' title='bbox 926 2529 1023 2598; x_wconf 79' lang='lat' dir='ltr'><strong>ipsi</strong></span> <span class='ocrx_word' id='word_1_317' title='bbox 1056 2529 1153 2582; x_wconf 88' lang='lat' dir='ltr'><strong>sibi</strong></span> <span class='ocrx_word' id='word_1_318' title='bbox 1186 2529 1573 2582; x_wconf 75' lang='lat' dir='ltr'><strong>damnationem</strong></span> <span class='ocrx_word' id='word_1_319' title='bbox 1596 2531 1775 2599; x_wconf 85' lang='lat' dir='ltr'><strong>acqui-</strong></span> 
     </span>
    </p>
   </div>
   <div class='ocr_carea' id='block_1_41' title="bbox 193 2619 1773 2688">
    <p class='ocr_par' dir='ltr' id='par_1_41' title="bbox 193 2619 1773 2688">
     <span class='ocr_line' id='line_1_41' title="bbox 193 2619 1773 2688; baseline 0.002 -18"><span class='ocrx_word' id='word_1_320' title='bbox 193 2628 340 2682; x_wconf 88' lang='lat' dir='ltr'><strong>runt,</strong></span> <span class='ocrx_word' id='word_1_321' title='bbox 376 2619 500 2688; x_wconf 85' lang='lat' dir='ltr'><strong>quia</strong></span> <span class='ocrx_word' id='word_1_322' title='bbox 538 2619 607 2671; x_wconf 88' lang='lat' dir='ltr'><strong>ad</strong></span> <span class='ocrx_word' id='word_1_323' title='bbox 634 2634 860 2687; x_wconf 74' lang='lat' dir='ltr'><strong>prtesens</strong></span> <span class='ocrx_word' id='word_1_324' title='bbox 892 2619 963 2671; x_wconf 67' lang='grc' dir='ltr'><em>κῆ</em></span> <span class='ocrx_word' id='word_1_325' title='bbox 999 2628 1151 2682; x_wconf 88' lang='lat' dir='ltr'><strong>sunt;</strong></span> <span class='ocrx_word' id='word_1_326' title='bbox 1188 2619 1412 2672; x_wconf 81' lang='lat' dir='ltr'><strong>credere</strong></span> <span class='ocrx_word' id='word_1_327' title='bbox 1458 2627 1635 2672; x_wconf 84' lang='lat' dir='ltr'><strong>autem</strong></span> <span class='ocrx_word' id='word_1_328' title='bbox 1680 2628 1773 2673; x_wconf 91' lang='lat' dir='ltr'><strong>aut</strong></span> 
     </span>
    </p>
   </div>
   <div class='ocr_carea' id='block_1_42' title="bbox 192 2696 1793 2779">
    <p class='ocr_par' dir='ltr' id='par_1_42' title="bbox 192 2696 1793 2779">
     <span class='ocr_line' id='line_1_42' title="bbox 192 2696 1793 2779; baseline 0.002 -19"><span class='ocrx_word' id='word_1_329' title='bbox 192 2722 304 2761; x_wconf 90' lang='lat' dir='ltr'><strong>non</strong></span> <span class='ocrx_word' id='word_1_330' title='bbox 350 2708 573 2762; x_wconf 88' lang='lat' dir='ltr'><strong>credere</strong></span> <span class='ocrx_word' id='word_1_331' title='bbox 612 2708 900 2763; x_wconf 86' lang='lat' dir='ltr'><strong>voluntatis</strong></span> <span class='ocrx_word' id='word_1_332' title='bbox 944 2716 1056 2773; x_wconf 90' lang='lat' dir='ltr'><strong>est;</strong></span> <span class='ocrx_word' id='word_1_333' title='bbox 1104 2724 1277 2777; x_wconf 83' lang='lat' dir='ltr'><strong>neque</strong></span> <span class='ocrx_word' id='word_1_334' title='bbox 1316 2708 1457 2763; x_wconf 89' lang='lat' dir='ltr'><strong>enim</strong></span> <span class='ocrx_word' id='word_1_335' title='bbox 1493 2709 1615 2777; x_wconf 88' lang='lat' dir='ltr'><strong>quis</strong></span> <span class='ocrx_word' id='word_1_336' title='bbox 1652 2696 1793 2779; x_wconf 26' lang='lat' dir='ltr'><strong>cogi.</strong></span> 
     </span>
    </p>
   </div>
   <div class='ocr_carea' id='block_1_43' title="bbox 192 2797 1765 2868">
    <p class='ocr_par' dir='ltr' id='par_1_43' title="bbox 192 2797 1765 2868">
     <span class='ocr_line' id='line_1_43' title="bbox 192 2797 1765 2868; baseline 0.001 -18"><span class='ocrx_word' id='word_1_337' title='bbox 192 2805 374 2868; x_wconf 87' lang='lat' dir='ltr'><strong>potest</strong></span> <span class='ocrx_word' id='word_1_338' title='bbox 392 2798 461 2851; x_wconf 86' lang='lat' dir='ltr'><strong>ad</strong></span> <span class='ocrx_word' id='word_1_339' title='bbox 483 2798 541 2851; x_wconf 85' lang='lat' dir='ltr'><strong>id</strong></span> <span class='ocrx_word' id='word_1_340' title='bbox 568 2799 710 2867; x_wconf 90' lang='lat' dir='ltr'><strong>quod</strong></span> <span class='ocrx_word' id='word_1_341' title='bbox 742 2797 1080 2851; x_wconf 81' lang='lat' dir='ltr'><strong>manifestum</strong></span> <span class='ocrx_word' id='word_1_342' title='bbox 1110 2814 1217 2852; x_wconf 92' lang='lat' dir='ltr'><strong>non</strong></span> <span class='ocrx_word' id='word_1_343' title='bbox 1238 2806 1341 2862; x_wconf 89' lang='lat' dir='ltr'><strong>est,</strong></span> <span class='ocrx_word' id='word_1_344' title='bbox 1370 2799 1461 2851; x_wconf 88' lang='lat' dir='ltr'><strong>sed</strong></span> <span class='ocrx_word' id='word_1_345' title='bbox 1492 2798 1765 2864; x_wconf 89' lang='lat' dir='ltr'><strong>invitatur,</strong></span> 
     </span>
    </p>
   </div>
   <div class='ocr_carea' id='block_1_44' title="bbox 190 2887 1768 2959">
    <p class='ocr_par' dir='ltr' id='par_1_44' title="bbox 190 2887 1768 2959">
     <span class='ocr_line' id='line_1_44' title="bbox 190 2887 1768 2959; baseline -0.003 -14"><span class='ocrx_word' id='word_1_346' title='bbox 190 2890 321 2959; x_wconf 89' lang='lat' dir='ltr'><strong>quia</strong></span> <span class='ocrx_word' id='word_1_347' title='bbox 364 2906 473 2944; x_wconf 79' lang='lat' dir='ltr'><strong>non</strong></span> <span class='ocrx_word' id='word_1_348' title='bbox 520 2898 889 2958; x_wconf 81' lang='lat' dir='ltr'><strong>extorquetur,</strong></span> <span class='ocrx_word' id='word_1_349' title='bbox 943 2891 1035 2945; x_wconf 88' lang='lat' dir='ltr'><strong>sed</strong></span> <span class='ocrx_word' id='word_1_350' title='bbox 1089 2890 1359 2944; x_wconf 87' lang='lat' dir='ltr'><strong>suadetur.</strong></span> <span class='ocrx_word' id='word_1_351' title='bbox 1405 2887 1768 2953; x_wconf 83' lang='lat' dir='ltr'><strong>Quamobrem</strong></span> 
     </span>
    </p>
   </div>
   <div class='ocr_carea' id='block_1_45' title="bbox 190 2972 1767 3052">
    <p class='ocr_par' dir='ltr' id='par_1_45' title="bbox 190 2972 1767 3052">
     <span class='ocr_line' id='line_1_45' title="bbox 190 2972 1767 3052; baseline 0 -17"><span class='ocrx_word' id='word_1_352' title='bbox 190 2982 508 3036; x_wconf 80' lang='lat' dir='ltr'><strong>adsentiens</strong></span> <span class='ocrx_word' id='word_1_353' title='bbox 520 2982 755 3051; x_wconf 64' lang='lat' dir='ltr'><strong>praemiis</strong></span> <span class='ocrx_word' id='word_1_354' title='bbox 770 2981 1099 3037; x_wconf 86' lang='lat' dir='ltr'><strong>adﬁciendus</strong></span> <span class='ocrx_word' id='word_1_355' title='bbox 1120 2990 1223 3046; x_wconf 89' lang='lat' dir='ltr'><strong>est,</strong></span> <span class='ocrx_word' id='word_1_356' title='bbox 1238 2983 1378 3036; x_wconf 90' lang='lat' dir='ltr'><strong>sicut</strong></span> <span class='ocrx_word' id='word_1_357' title='bbox 1390 2972 1659 3035; x_wconf 78' lang='lat' dir='ltr'><strong>Abraham</strong></span> <span class='ocrx_word' id='word_1_358' title='bbox 1676 2982 1767 3052; x_wconf 90' lang='lat' dir='ltr'><strong>qui</strong></span> 
     </span>
    </p>
   </div>
   <div class='ocr_carea' id='block_1_46' title="bbox 1879 1982 3453 2060">
    <p class='ocr_par' dir='ltr' id='par_1_46' title="bbox 1879 1982 3453 2060">
     <span class='ocr_line' id='line_1_46' title="bbox 1879 1982 3453 2060; baseline 0.01 -27"><span class='ocrx_word' id='word_1_359' title='bbox 1879 1995 2008 2050; x_wconf 79' lang='lat' dir='ltr'><strong>ergo</strong></span> <span class='ocrx_word' id='word_1_360' title='bbox 2047 1982 2303 2051; x_wconf 89' lang='lat' dir='ltr'><strong>quidquid</strong></span> <span class='ocrx_word' id='word_1_361' title='bbox 2349 1982 2486 2049; x_wconf 89' lang='lat' dir='ltr'><strong>volo,</strong></span> <span class='ocrx_word' id='word_1_362' title='bbox 2533 1985 2659 2054; x_wconf 88' lang='lat' dir='ltr'><strong>quia</strong></span> <span class='ocrx_word' id='word_1_363' title='bbox 2703 1987 2803 2041; x_wconf 82' lang='lat' dir='ltr'><strong>etsi</strong></span> <span class='ocrx_word' id='word_1_364' title='bbox 2847 1988 2983 2043; x_wconf 87' lang='lat' dir='ltr'><strong>bona</strong></span> <span class='ocrx_word' id='word_1_365' title='bbox 3024 2005 3187 2060; x_wconf 88' lang='lat' dir='ltr'><strong>opera</strong></span> <span class='ocrx_word' id='word_1_366' title='bbox 3216 2007 3320 2047; x_wconf 88' lang='lat' dir='ltr'><strong>non</strong></span> <span class='ocrx_word' id='word_1_367' title='bbox 3353 1992 3453 2048; x_wconf 89' lang='lat' dir='ltr'><strong>ba-</strong></span> 
     </span>
    </p>
   </div>
   <div class='ocr_carea' id='block_1_47' title="bbox 1877 2065 3453 2150">
    <p class='ocr_par' dir='ltr' id='par_1_47' title="bbox 1877 2065 3453 2150">
     <span class='ocr_line' id='line_1_47' title="bbox 1877 2065 3453 2150; baseline 0.008 -25"><span class='ocrx_word' id='word_1_368' title='bbox 1877 2072 2065 2139; x_wconf 89' lang='lat' dir='ltr'><strong>buero,</strong></span> <span class='ocrx_word' id='word_1_369' title='bbox 2091 2082 2148 2129; x_wconf 88' lang='lat' dir='ltr'><strong>et</strong></span> <span class='ocrx_word' id='word_1_370' title='bbox 2173 2082 2375 2129; x_wconf 90' lang='lat' dir='ltr'><strong>tantum</strong></span> <span class='ocrx_word' id='word_1_371' title='bbox 2408 2076 2685 2131; x_wconf 88' lang='lat' dir='ltr'><strong>credidero</strong></span> <span class='ocrx_word' id='word_1_372' title='bbox 2707 2075 2766 2132; x_wconf 85' lang='lat' dir='ltr'><strong>in</strong></span> <span class='ocrx_word' id='word_1_373' title='bbox 2794 2079 2985 2145; x_wconf 86' lang='lat' dir='ltr'><strong>Deum,</strong></span> <span class='ocrx_word' id='word_1_374' title='bbox 3018 2082 3302 2150; x_wconf 84' lang='lat' dir='ltr'><strong>deputatur</strong></span> <span class='ocrx_word' id='word_1_375' title='bbox 3319 2065 3453 2138; x_wconf 78' lang='lat' dir='ltr'><strong>mihi</strong></span> 
     </span>
    </p>
   </div>
   <div class='ocr_carea' id='block_1_48' title="bbox 1878 2163 3457 2243">
    <p class='ocr_par' dir='ltr' id='par_1_48' title="bbox 1878 2163 3457 2243">
     <span class='ocr_line' id='line_1_48' title="bbox 1878 2163 3457 2243; baseline 0.006 -24"><span class='ocrx_word' id='word_1_376' title='bbox 1878 2165 1940 2219; x_wconf 89' lang='lat' dir='ltr'><strong>ad</strong></span> <span class='ocrx_word' id='word_1_377' title='bbox 1968 2163 2249 2233; x_wconf 71' lang='lat' dir='ltr'><strong>justitiam.</strong></span> <span class='ocrx_word' id='word_1_378' title='bbox 2304 2166 2623 2237; x_wconf 82' lang='lat' dir='ltr'><strong>Respondeo</strong></span> <span class='ocrx_word' id='word_1_379' title='bbox 2652 2170 2720 2224; x_wconf 88' lang='lat' dir='ltr'><strong>de</strong></span> <span class='ocrx_word' id='word_1_380' title='bbox 2754 2171 2871 2240; x_wconf 76' lang='lat' dir='ltr'><strong>ipse</strong></span> <span class='ocrx_word' id='word_1_381' title='bbox 2898 2170 3168 2227; x_wconf 79' lang='lat' dir='ltr'><strong>Abraham</strong></span> <span class='ocrx_word' id='word_1_382' title='bbox 3195 2175 3336 2243; x_wconf 90' lang='lat' dir='ltr'><strong>quod</strong></span> <span class='ocrx_word' id='word_1_383' title='bbox 3379 2176 3457 2229; x_wconf 90' lang='lat' dir='ltr'><strong>in-</strong></span> 
     </span>
    </p>
   </div>
   <div class='ocr_carea' id='block_1_49' title="bbox 1876 2245 3455 2340">
    <p class='ocr_par' dir='ltr' id='par_1_49' title="bbox 1876 2245 3455 2340">
     <span class='ocr_line' id='line_1_49' title="bbox 1876 2245 3455 2340; baseline 0.008 -31"><span class='ocrx_word' id='word_1_384' title='bbox 1876 2256 2119 2311; x_wconf 85' lang='lat' dir='ltr'><strong>venimus</strong></span> <span class='ocrx_word' id='word_1_385' title='bbox 2144 2257 2303 2312; x_wconf 79' lang='lat' dir='ltr'><strong>etiam</strong></span> <span class='ocrx_word' id='word_1_386' title='bbox 2336 2258 2387 2311; x_wconf 90' lang='lat' dir='ltr'><strong>in</strong></span> <span class='ocrx_word' id='word_1_387' title='bbox 2425 2258 2659 2340; x_wconf 64' lang='lat' dir='ltr'><strong>Epistula</strong></span> <span class='ocrx_word' id='word_1_388' title='bbox 2689 2261 2910 2317; x_wconf 84' lang='lat' dir='ltr'><strong>alterius</strong></span> <span class='ocrx_word' id='word_1_389' title='bbox 2948 2263 3187 2331; x_wconf 78' lang='lat' dir='ltr'><strong>apostoli,</strong></span> <span class='ocrx_word' id='word_1_390' title='bbox 3230 2266 3320 2334; x_wconf 89' lang='lat' dir='ltr'><strong>qui</strong></span> <span class='ocrx_word' id='word_1_391' title='bbox 3360 2245 3455 2321; x_wconf 40' lang='lat' dir='ltr'><strong>vos</strong></span> 
     </span>
    </p>
   </div>
   <div class='ocr_carea' id='block_1_50' title="bbox 1875 2348 3449 2423">
    <p class='ocr_par' dir='ltr' id='par_1_50' title="bbox 1875 2348 3449 2423">
     <span class='ocr_line' id='line_1_50' title="bbox 1875 2348 3449 2423; baseline 0.008 -21"><span class='ocrx_word' id='word_1_392' title='bbox 1875 2348 2016 2403; x_wconf 87' lang='lat' dir='ltr'><strong>lebat</strong></span> <span class='ocrx_word' id='word_1_393' title='bbox 2044 2350 2314 2420; x_wconf 77' lang='lat' dir='ltr'><strong>corrigere</strong></span> <span class='ocrx_word' id='word_1_394' title='bbox 2338 2352 2583 2409; x_wconf 88' lang='lat' dir='ltr'><strong>homines</strong></span> <span class='ocrx_word' id='word_1_395' title='bbox 2615 2356 2703 2423; x_wconf 90' lang='lat' dir='ltr'><strong>qui</strong></span> <span class='ocrx_word' id='word_1_396' title='bbox 2726 2355 2866 2409; x_wconf 89' lang='lat' dir='ltr'><strong>male</strong></span> <span class='ocrx_word' id='word_1_397' title='bbox 2888 2355 3262 2412; x_wconf 76' lang='lat' dir='ltr'><strong>intellexerunt</strong></span> <span class='ocrx_word' id='word_1_398' title='bbox 3286 2359 3449 2414; x_wconf 87' lang='lat' dir='ltr'><strong>istum</strong></span> 
     </span>
    </p>
   </div>
   <div class='ocr_carea' id='block_1_51' title="bbox 1874 2435 3451 2511">
    <p class='ocr_par' dir='ltr' id='par_1_51' title="bbox 1874 2435 3451 2511">
     <span class='ocr_line' id='line_1_51' title="bbox 1874 2435 3451 2511; baseline 0.008 -24"><span class='ocrx_word' id='word_1_399' title='bbox 1874 2435 2207 2503; x_wconf 89' lang='lat' dir='ltr'><strong>Apostolum,</strong></span> <span class='ocrx_word' id='word_1_400' title='bbox 2236 2438 2327 2511; x_wconf 83' lang='lat' dir='ltr'><strong>qui</strong></span> <span class='ocrx_word' id='word_1_401' title='bbox 2358 2438 2607 2493; x_wconf 88' lang='lat' dir='ltr'><strong>nolebant</strong></span> <span class='ocrx_word' id='word_1_402' title='bbox 2635 2440 2769 2495; x_wconf 85' lang='lat' dir='ltr'><strong>bene</strong></span> <span class='ocrx_word' id='word_1_403' title='bbox 2794 2442 3026 2510; x_wconf 88' lang='lat' dir='ltr'><strong>operari,</strong></span> <span class='ocrx_word' id='word_1_404' title='bbox 3050 2450 3106 2496; x_wconf 89' lang='lat' dir='ltr'><strong>et</strong></span> <span class='ocrx_word' id='word_1_405' title='bbox 3126 2442 3191 2497; x_wconf 90' lang='lat' dir='ltr'><strong>de</strong></span> <span class='ocrx_word' id='word_1_406' title='bbox 3210 2443 3323 2498; x_wconf 89' lang='lat' dir='ltr'><strong>sola</strong></span> <span class='ocrx_word' id='word_1_407' title='bbox 3346 2443 3451 2499; x_wconf 89' lang='lat' dir='ltr'><strong>ﬁde</strong></span> 
     </span>
    </p>
   </div>
   <div class='ocr_carea' id='block_1_52' title="bbox 1874 2524 3451 2600">
    <p class='ocr_par' dir='ltr' id='par_1_52' title="bbox 1874 2524 3451 2600">
     <span class='ocr_line' id='line_1_52' title="bbox 1874 2524 3451 2600; baseline 0.006 -22"><span class='ocrx_word' id='word_1_408' title='bbox 1874 2524 2309 2594; x_wconf 79' lang='lat' dir='ltr'><strong>praesumebant:</strong></span> <span class='ocrx_word' id='word_1_409' title='bbox 2365 2528 2534 2597; x_wconf 83' lang='lat' dir='ltr'><strong>ipsius</strong></span> <span class='ocrx_word' id='word_1_410' title='bbox 2559 2527 2789 2585; x_wconf 64' lang='lat' dir='ltr'><strong>Abrahae</strong></span> <span class='ocrx_word' id='word_1_411' title='bbox 2833 2545 2993 2600; x_wconf 89' lang='lat' dir='ltr'><strong>opera</strong></span> <span class='ocrx_word' id='word_1_412' title='bbox 3038 2533 3451 2600; x_wconf 84' lang='lat' dir='ltr'><strong>commendavit,</strong></span> 
     </span>
    </p>
   </div>
   <div class='ocr_carea' id='block_1_53' title="bbox 1874 2616 3455 2692">
    <p class='ocr_par' dir='ltr' id='par_1_53' title="bbox 1874 2616 3455 2692">
     <span class='ocr_line' id='line_1_53' title="bbox 1874 2616 3455 2692; baseline 0.004 -23"><span class='ocrx_word' id='word_1_413' title='bbox 1874 2617 2026 2687; x_wconf 88' lang='lat' dir='ltr'><strong>cujus</strong></span> <span class='ocrx_word' id='word_1_414' title='bbox 2066 2616 2263 2673; x_wconf 84' lang='lat' dir='ltr'><strong>Paulus</strong></span> <span class='ocrx_word' id='word_1_415' title='bbox 2295 2618 2476 2673; x_wconf 86' lang='lat' dir='ltr'><strong>ﬁdem.</strong></span> <span class='ocrx_word' id='word_1_416' title='bbox 2514 2620 2654 2674; x_wconf 87' lang='lat' dir='ltr'><strong>Dicit</strong></span> <span class='ocrx_word' id='word_1_417' title='bbox 2688 2630 2867 2677; x_wconf 84' lang='lat' dir='ltr'><strong>autem</strong></span> <span class='ocrx_word' id='word_1_418' title='bbox 2897 2637 3032 2692; x_wconf 90' lang='lat' dir='ltr'><strong>opus</strong></span> <span class='ocrx_word' id='word_1_419' title='bbox 3060 2624 3312 2679; x_wconf 81' lang='lat' dir='ltr'><strong>erunibus</strong></span> <span class='ocrx_word' id='word_1_420' title='bbox 3358 2636 3455 2676; x_wconf 92' lang='lat' dir='ltr'><strong>no-</strong></span> 
     </span>
    </p>
   </div>
   <div class='ocr_carea' id='block_1_54' title="bbox 1874 2705 3445 2784">
    <p class='ocr_par' dir='ltr' id='par_1_54' title="bbox 1874 2705 3445 2784">
     <span class='ocr_line' id='line_1_54' title="bbox 1874 2705 3445 2784; baseline 0.005 -25"><span class='ocrx_word' id='word_1_421' title='bbox 1874 2714 1986 2759; x_wconf 90' lang='lat' dir='ltr'><strong>tum</strong></span> <span class='ocrx_word' id='word_1_422' title='bbox 2016 2705 2245 2762; x_wconf 68' lang='lat' dir='ltr'><strong>Abrahae</strong></span> <span class='ocrx_word' id='word_1_423' title='bbox 2276 2708 2439 2765; x_wconf 89' lang='lat' dir='ltr'><strong>ﬁlium</strong></span> <span class='ocrx_word' id='word_1_424' title='bbox 2483 2725 2637 2765; x_wconf 83' lang='lat' dir='ltr'><strong>suum</strong></span> <span class='ocrx_word' id='word_1_425' title='bbox 2685 2710 3067 2767; x_wconf 86' lang='lat' dir='ltr'><strong>immolandum</strong></span> <span class='ocrx_word' id='word_1_426' title='bbox 3096 2712 3204 2784; x_wconf 77' lang='lat' dir='ltr'><strong>Deo</strong></span> <span class='ocrx_word' id='word_1_427' title='bbox 3230 2712 3445 2768; x_wconf 87' lang='lat' dir='ltr'><strong>obtulit.</strong></span> 
     </span>
    </p>
   </div>
   <div class='ocr_carea' id='block_1_55' title="bbox 1874 2795 3449 2871">
    <p class='ocr_par' dir='ltr' id='par_1_55' title="bbox 1874 2795 3449 2871">
     <span class='ocr_line' id='line_1_55' title="bbox 1874 2795 3449 2871; baseline 0.006 -22"><span class='ocrx_word' id='word_1_428' title='bbox 1874 2795 1929 2850; x_wconf 91' lang='lat' dir='ltr'><strong>Si</strong></span> <span class='ocrx_word' id='word_1_429' title='bbox 1956 2805 2135 2852; x_wconf 91' lang='lat' dir='ltr'><strong>autem</strong></span> <span class='ocrx_word' id='word_1_430' title='bbox 2161 2800 2262 2853; x_wconf 93' lang='lat' dir='ltr'><strong>hoc</strong></span> <span class='ocrx_word' id='word_1_431' title='bbox 2290 2808 2484 2869; x_wconf 61' lang='lat' dir='ltr'><strong>praeter</strong></span> <span class='ocrx_word' id='word_1_432' title='bbox 2511 2798 2669 2856; x_wconf 87' lang='lat' dir='ltr'><strong>ﬁdem</strong></span> <span class='ocrx_word' id='word_1_433' title='bbox 2700 2811 2906 2857; x_wconf 76' lang='lat' dir='ltr'><strong>rectam</strong></span> <span class='ocrx_word' id='word_1_434' title='bbox 2935 2803 3139 2863; x_wconf 83' lang='lat' dir='ltr'><strong>faceret</strong></span> <span class='ocrx_word' id='word_1_435' title='bbox 3152 2804 3449 2871; x_wconf 83' lang='lat' dir='ltr'><strong>Abraham,</strong></span> 
     </span>
    </p>
   </div>
   <div class='ocr_carea' id='block_1_56' title="bbox 1870 2886 3450 2965">
    <p class='ocr_par' dir='ltr' id='par_1_56' title="bbox 1870 2886 3450 2965">
     <span class='ocr_line' id='line_1_56' title="bbox 1870 2886 3450 2965; baseline 0.005 -24"><span class='ocrx_word' id='word_1_436' title='bbox 1870 2887 2002 2941; x_wconf 87' lang='lat' dir='ltr'><strong>nihil</strong></span> <span class='ocrx_word' id='word_1_437' title='bbox 2052 2887 2125 2941; x_wconf 90' lang='lat' dir='ltr'><strong>illi</strong></span> <span class='ocrx_word' id='word_1_438' title='bbox 2170 2890 2447 2959; x_wconf 88' lang='lat' dir='ltr'><strong>prodesset</strong></span> <span class='ocrx_word' id='word_1_439' title='bbox 2491 2890 2863 2961; x_wconf 89' lang='lat' dir='ltr'><strong>qualecunque</strong></span> <span class='ocrx_word' id='word_1_440' title='bbox 2914 2886 3042 2948; x_wconf 90' lang='lat' dir='ltr'><strong>illud</strong></span> <span class='ocrx_word' id='word_1_441' title='bbox 3098 2909 3231 2965; x_wconf 87' lang='lat' dir='ltr'><strong>opus</strong></span> <span class='ocrx_word' id='word_1_442' title='bbox 3288 2902 3450 2949; x_wconf 80' lang='lat' dir='ltr'><strong>esset.</strong></span> 
     </span>
    </p>
   </div>
   <div class='ocr_carea' id='block_1_57' title="bbox 1873 2979 3453 3051">
    <p class='ocr_par' dir='ltr' id='par_1_57' title="bbox 1873 2979 3453 3051">
     <span class='ocr_line' id='line_1_57' title="bbox 1873 2979 3453 3051; baseline 0.008 -22"><span class='ocrx_word' id='word_1_443' title='bbox 1873 2979 2102 3033; x_wconf 80' lang='lat' dir='ltr'><strong>Rursum</strong></span> <span class='ocrx_word' id='word_1_444' title='bbox 2130 2981 2174 3033; x_wconf 88' lang='lat' dir='ltr'><strong>si</strong></span> <span class='ocrx_word' id='word_1_445' title='bbox 2201 2981 2279 3034; x_wconf 89' lang='lat' dir='ltr'><strong>sic</strong></span> <span class='ocrx_word' id='word_1_446' title='bbox 2302 2992 2509 3038; x_wconf 86' lang='lat' dir='ltr'><strong>teneret</strong></span> <span class='ocrx_word' id='word_1_447' title='bbox 2531 2984 2691 3039; x_wconf 90' lang='lat' dir='ltr'><strong>ﬁdem</strong></span> <span class='ocrx_word' id='word_1_448' title='bbox 2715 2986 3010 3051; x_wconf 78' lang='lat' dir='ltr'><strong>Abraham,</strong></span> <span class='ocrx_word' id='word_1_449' title='bbox 3027 2996 3208 3041; x_wconf 89' lang='lat' dir='ltr'><strong>utrum</strong></span> <span class='ocrx_word' id='word_1_450' title='bbox 3239 2988 3285 3041; x_wconf 90' lang='lat' dir='ltr'><strong>ei</strong></span> <span class='ocrx_word' id='word_1_451' title='bbox 3312 2988 3453 3049; x_wconf 82' lang='lat' dir='ltr'><strong>Deus</strong></span> 
     </span>
    </p>
   </div>
   <div class='ocr_carea' id='block_1_58' title="bbox 190 3069 3450 3149">
    <p class='ocr_par' dir='ltr' id='par_1_58' title="bbox 190 3069 3450 3149">
     <span class='ocr_line' id='line_1_58' title="bbox 190 3069 3450 3149; baseline 0.002 -24"><span class='ocrx_word' id='word_1_452' title='bbox 190 3070 339 3141; x_wconf 90' lang='lat' dir='ltr'><strong>quod</strong></span> <span class='ocrx_word' id='word_1_453' title='bbox 364 3087 469 3126; x_wconf 88' lang='lat' dir='ltr'><strong>non</strong></span> <span class='ocrx_word' id='word_1_454' title='bbox 503 3071 653 3135; x_wconf 90' lang='lat' dir='ltr'><strong>vidit,</strong></span> <span class='ocrx_word' id='word_1_455' title='bbox 687 3071 931 3131; x_wconf 88' lang='lat' dir='ltr'><strong>credidit.</strong></span> <span class='ocrx_word' id='word_1_456' title='bbox 976 3071 1196 3141; x_wconf 69' lang='grc' dir='ltr'><strong>(θήρ.)</strong></span> <span class='ocrx_word' id='word_1_457' title='bbox 1218 3072 1548 3126; x_wconf 90' lang='lat' dir='ltr'><strong>Peromnem</strong></span> <span class='ocrx_word' id='word_1_458' title='bbox 1590 3072 1769 3140; x_wconf 74' lang='lat' dir='ltr'><strong>itaque</strong></span> <span class='ocrx_word' id='word_1_459' title='bbox 1870 3069 2157 3139; x_wconf 89' lang='lat' dir='ltr'><strong>imperaret</strong></span> <span class='ocrx_word' id='word_1_460' title='bbox 2193 3073 2371 3128; x_wconf 82' lang='lat' dir='ltr'><strong>oﬁ&#39;erri</strong></span> <span class='ocrx_word' id='word_1_461' title='bbox 2415 3074 2581 3130; x_wconf 89' lang='lat' dir='ltr'><strong>ﬁlium</strong></span> <span class='ocrx_word' id='word_1_462' title='bbox 2625 3076 3039 3144; x_wconf 85' lang='lat' dir='ltr'><strong>immolandum,</strong></span> <span class='ocrx_word' id='word_1_463' title='bbox 3069 3079 3272 3135; x_wconf 91' lang='lat' dir='ltr'><strong>diceret</strong></span> <span class='ocrx_word' id='word_1_464' title='bbox 3309 3078 3450 3149; x_wconf 86' lang='lat' dir='ltr'><strong>apud</strong></span> 
     </span>
    </p>
   </div>
   <div class='ocr_carea' id='block_1_59' title="bbox 193 3160 3451 3239">
    <p class='ocr_par' dir='ltr' id='par_1_59' title="bbox 193 3160 3451 3239">
     <span class='ocr_line' id='line_1_59' title="bbox 193 3160 3451 3239; baseline 0.002 -24"><span class='ocrx_word' id='word_1_465' title='bbox 193 3162 339 3216; x_wconf 85' lang='lat' dir='ltr'><strong>hunc</strong></span> <span class='ocrx_word' id='word_1_466' title='bbox 352 3160 525 3216; x_wconf 89' lang='lat' dir='ltr'><strong>locum</strong></span> <span class='ocrx_word' id='word_1_467' title='bbox 538 3161 822 3230; x_wconf 83' lang='lat' dir='ltr'><strong>Apostolus</strong></span> <span class='ocrx_word' id='word_1_468' title='bbox 836 3162 937 3215; x_wconf 87' lang='lat' dir='ltr'><strong>hoc</strong></span> <span class='ocrx_word' id='word_1_469' title='bbox 950 3161 1162 3214; x_wconf 86' lang='lat' dir='ltr'><strong>videtur</strong></span> <span class='ocrx_word' id='word_1_470' title='bbox 1174 3162 1476 3225; x_wconf 88' lang='lat' dir='ltr'><strong>ostendere,</strong></span> <span class='ocrx_word' id='word_1_471' title='bbox 1493 3162 1633 3228; x_wconf 91' lang='lat' dir='ltr'><strong>quod</strong></span> <span class='ocrx_word' id='word_1_472' title='bbox 1650 3162 1766 3214; x_wconf 76' lang='lat' dir='ltr'><strong>dua:</strong></span> <span class='ocrx_word' id='word_1_473' title='bbox 1799 3216 1841 3239; x_wconf 54' lang='grc' dir='ltr'><strong>η</strong></span> <span class='ocrx_word' id='word_1_474' title='bbox 1875 3162 2213 3232; x_wconf 79' lang='lat' dir='ltr'><strong>semetipsum</strong></span> <span class='ocrx_word' id='word_1_475' title='bbox 2236 3183 2247 3217; x_wconf 88' lang='lat'><strong>:</strong></span> <span class='ocrx_word' id='word_1_476' title='bbox 2273 3164 2386 3219; x_wconf 86' lang='lat' dir='ltr'><strong>Non</strong></span> <span class='ocrx_word' id='word_1_477' title='bbox 2405 3164 2540 3225; x_wconf 79' lang='lat' dir='ltr'><strong>facio</strong></span> <span class='ocrx_word' id='word_1_478' title='bbox 2561 3175 2813 3227; x_wconf 71' lang='lat' dir='ltr'><strong>ettamen</strong></span> <span class='ocrx_word' id='word_1_479' title='bbox 2828 3170 3014 3234; x_wconf 87' lang='lat' dir='ltr'><strong>credo,</strong></span> <span class='ocrx_word' id='word_1_480' title='bbox 3035 3171 3159 3239; x_wconf 84' lang='lat' dir='ltr'><strong>quia</strong></span> <span class='ocrx_word' id='word_1_481' title='bbox 3183 3162 3268 3223; x_wconf 81' lang='lat' dir='ltr'><strong>me</strong></span> <span class='ocrx_word' id='word_1_482' title='bbox 3288 3170 3451 3223; x_wconf 71' lang='lat' dir='ltr'><strong>etiam</strong></span> 
     </span>
    </p>
   </div>
   <div class='ocr_carea' id='block_1_60' title="bbox 192 3222 3453 3328">
    <p class='ocr_par' dir='ltr' id='par_1_60' title="bbox 192 3222 3453 3328">
     <span class='ocr_line' id='line_1_60' title="bbox 192 3222 3453 3328; baseline 0.002 -21"><span class='ocrx_word' id='word_1_483' title='bbox 192 3254 437 3323; x_wconf 61' lang='lat' dir='ltr'><strong>quadam</strong></span> <span class='ocrx_word' id='word_1_484' title='bbox 454 3252 1243 3322; x_wconf 82' lang='lat' dir='ltr'><strong>sintjustiﬁcationes,quarum</strong></span> <span class='ocrx_word' id='word_1_485' title='bbox 1262 3268 1421 3305; x_wconf 87' lang='lat' dir='ltr'><strong>unam</strong></span> <span class='ocrx_word' id='word_1_486' title='bbox 1435 3268 1501 3307; x_wconf 78' lang='lat' dir='ltr'><strong>ex</strong></span> <span class='ocrx_word' id='word_1_487' title='bbox 1520 3254 1771 3322; x_wconf 83' lang='lat' dir='ltr'><strong>cperibus</strong></span> <span class='ocrx_word' id='word_1_488' title='bbox 1798 3222 1844 3277; x_wconf 57' lang='grc' dir='ltr'><strong>ί]</strong></span> <span class='ocrx_word' id='word_1_489' title='bbox 1877 3222 2307 3313; x_wconf 77' lang='lat' dir='ltr'><strong>contemnentem</strong></span> <span class='ocrx_word' id='word_1_490' title='bbox 2333 3256 2481 3325; x_wconf 86' lang='lat' dir='ltr'><strong>jussa</strong></span> <span class='ocrx_word' id='word_1_491' title='bbox 2523 3256 2715 3311; x_wconf 79' lang='lat' dir='ltr'><strong>liberat</strong></span> <span class='ocrx_word' id='word_1_492' title='bbox 2754 3258 2893 3312; x_wconf 87' lang='lat' dir='ltr'><strong>Deus</strong></span> <span class='ocrx_word' id='word_1_493' title='bbox 2921 3222 3116 3313; x_wconf 41' lang='lat' dir='ltr'><strong>:Fidjes</strong></span> <span class='ocrx_word' id='word_1_494' title='bbox 3145 3260 3261 3313; x_wconf 85' lang='lat' dir='ltr'><strong>sine</strong></span> <span class='ocrx_word' id='word_1_495' title='bbox 3289 3273 3453 3328; x_wconf 90' lang='lat' dir='ltr'><strong>opere</strong></span> 
     </span>
    </p>
   </div>
   <div class='ocr_carea' id='block_1_61' title="bbox 190 3343 3454 3417">
    <p class='ocr_par' dir='ltr' id='par_1_61' title="bbox 190 3343 3454 3417">
     <span class='ocr_line' id='line_1_61' title="bbox 190 3343 3454 3417; baseline 0.002 -20"><span class='ocrx_word' id='word_1_496' title='bbox 190 3345 457 3410; x_wconf 84' lang='lat' dir='ltr'><strong>nominat,</strong></span> <span class='ocrx_word' id='word_1_497' title='bbox 487 3344 645 3398; x_wconf 91' lang='lat' dir='ltr'><strong>aliam</strong></span> <span class='ocrx_word' id='word_1_498' title='bbox 685 3360 811 3399; x_wconf 88' lang='lat' dir='ltr'><strong>vero</strong></span> <span class='ocrx_word' id='word_1_499' title='bbox 839 3359 907 3398; x_wconf 78' lang='lat' dir='ltr'><strong>ex</strong></span> <span class='ocrx_word' id='word_1_500' title='bbox 950 3343 1075 3398; x_wconf 91' lang='lat' dir='ltr'><strong>ﬁde.</strong></span> <span class='ocrx_word' id='word_1_501' title='bbox 1118 3344 1184 3397; x_wconf 89' lang='lat' dir='ltr'><strong>Et</strong></span> <span class='ocrx_word' id='word_1_502' title='bbox 1220 3344 1363 3397; x_wconf 86' lang='lat' dir='ltr'><strong>illam</strong></span> <span class='ocrx_word' id='word_1_503' title='bbox 1409 3344 1626 3413; x_wconf 88' lang='lat' dir='ltr'><strong>quidem</strong></span> <span class='ocrx_word' id='word_1_504' title='bbox 1655 3360 1774 3413; x_wconf 79' lang='lat' dir='ltr'><strong>qua:</strong></span> <span class='ocrx_word' id='word_1_505' title='bbox 1876 3349 2083 3400; x_wconf 80' lang='lat' dir='ltr'><strong>mortua</strong></span> <span class='ocrx_word' id='word_1_506' title='bbox 2110 3354 2270 3408; x_wconf 84' lang='lat' dir='ltr'><strong>esset,</strong></span> <span class='ocrx_word' id='word_1_507' title='bbox 2298 3354 2357 3402; x_wconf 89' lang='lat' dir='ltr'><strong>et</strong></span> <span class='ocrx_word' id='word_1_508' title='bbox 2383 3355 2638 3417; x_wconf 80' lang='lat' dir='ltr'><strong>tanquam</strong></span> <span class='ocrx_word' id='word_1_509' title='bbox 2675 3348 2828 3402; x_wconf 78' lang='lat' dir='ltr'><strong>radix</strong></span> <span class='ocrx_word' id='word_1_510' title='bbox 2866 3348 2981 3403; x_wconf 81' lang='lat' dir='ltr'><strong>sine</strong></span> <span class='ocrx_word' id='word_1_511' title='bbox 3032 3348 3206 3404; x_wconf 64' lang='lat' dir='ltr'><strong>fructu</strong></span> <span class='ocrx_word' id='word_1_512' title='bbox 3252 3348 3454 3404; x_wconf 80' lang='lat' dir='ltr'><strong>sterilis</strong></span> 
     </span>
    </p>
   </div>
   <div class='ocr_carea' id='block_1_62' title="bbox 187 3422 2572 3508">
    <p class='ocr_par' dir='ltr' id='par_1_62' title="bbox 187 3422 2572 3508">
     <span class='ocr_line' id='line_1_62' title="bbox 187 3422 2572 3508; baseline -0.002 -14"><span class='ocrx_word' id='word_1_513' title='bbox 187 3452 264 3494; x_wconf 80' lang='lat' dir='ltr'><strong>ex</strong></span> <span class='ocrx_word' id='word_1_514' title='bbox 286 3436 539 3506; x_wconf 79' lang='lat' dir='ltr'><strong>operibus</strong></span> <span class='ocrx_word' id='word_1_515' title='bbox 563 3447 661 3501; x_wconf 85' lang='lat' dir='ltr'><strong>est,</strong></span> <span class='ocrx_word' id='word_1_516' title='bbox 696 3438 826 3491; x_wconf 91' lang='lat' dir='ltr'><strong>dicit</strong></span> <span class='ocrx_word' id='word_1_517' title='bbox 850 3438 1051 3492; x_wconf 89' lang='lat' dir='ltr'><strong>habere</strong></span> <span class='ocrx_word' id='word_1_518' title='bbox 1082 3438 1295 3508; x_wconf 79' lang='lat' dir='ltr'><strong>quidem</strong></span> <span class='ocrx_word' id='word_1_519' title='bbox 1320 3437 1560 3507; x_wconf 85' lang='lat' dir='ltr'><strong>gloriam,</strong></span> <span class='ocrx_word' id='word_1_520' title='bbox 1595 3438 1688 3493; x_wconf 90' lang='lat' dir='ltr'><strong>sed</strong></span> <span class='ocrx_word' id='word_1_521' title='bbox 1712 3440 1771 3491; x_wconf 86' lang='lat' dir='ltr'><strong>in</strong></span> <span class='ocrx_word' id='word_1_522' title='bbox 1874 3442 2034 3502; x_wconf 91' lang='lat' dir='ltr'><strong>atque</strong></span> <span class='ocrx_word' id='word_1_523' title='bbox 2069 3434 2217 3488; x_wconf 92' lang='lat' dir='ltr'><strong>arida</strong></span> <span class='ocrx_word' id='word_1_524' title='bbox 2252 3422 2572 3491; x_wconf 84' lang='lat' dir='ltr'><strong>remaneret.</strong></span> 
     </span>
    </p>
   </div>
   <div class='ocr_carea' id='block_1_63' title="bbox 191 3528 1773 3599">
    <p class='ocr_par' dir='ltr' id='par_1_63' title="bbox 191 3528 1773 3599">
     <span class='ocr_line' id='line_1_63' title="bbox 191 3528 1773 3599; baseline -0.001 -16"><span class='ocrx_word' id='word_1_525' title='bbox 191 3529 512 3598; x_wconf 87' lang='lat' dir='ltr'><strong>semetipsa,</strong></span> <span class='ocrx_word' id='word_1_526' title='bbox 544 3538 598 3582; x_wconf 91' lang='lat' dir='ltr'><strong>et</strong></span> <span class='ocrx_word' id='word_1_527' title='bbox 622 3544 727 3583; x_wconf 85' lang='lat' dir='ltr'><strong>non</strong></span> <span class='ocrx_word' id='word_1_528' title='bbox 758 3530 896 3598; x_wconf 90' lang='lat' dir='ltr'><strong>apud</strong></span> <span class='ocrx_word' id='word_1_529' title='bbox 945 3529 1148 3593; x_wconf 90' lang='lat' dir='ltr'><strong>Deum;</strong></span> <span class='ocrx_word' id='word_1_530' title='bbox 1183 3528 1327 3582; x_wconf 85' lang='lat' dir='ltr'><strong>illam</strong></span> <span class='ocrx_word' id='word_1_531' title='bbox 1368 3542 1498 3583; x_wconf 86' lang='lat' dir='ltr'><strong>vero</strong></span> <span class='ocrx_word' id='word_1_532' title='bbox 1540 3544 1659 3599; x_wconf 70' lang='lat' dir='ltr'><strong>qua:</strong></span> <span class='ocrx_word' id='word_1_533' title='bbox 1707 3544 1773 3585; x_wconf 78' lang='lat' dir='ltr'><strong>ex</strong></span> 
     </span>
    </p>
   </div>
   <div class='ocr_carea' id='block_1_64' title="bbox 191 3611 1770 3683">
    <p class='ocr_par' dir='ltr' id='par_1_64' title="bbox 191 3611 1770 3683">
     <span class='ocr_line' id='line_1_64' title="bbox 191 3611 1770 3683; baseline -0.001 -17"><span class='ocrx_word' id='word_1_534' title='bbox 191 3611 304 3667; x_wconf 84' lang='lat' dir='ltr'><strong>ﬁde</strong></span> <span class='ocrx_word' id='word_1_535' title='bbox 323 3622 426 3678; x_wconf 89' lang='lat' dir='ltr'><strong>est,</strong></span> <span class='ocrx_word' id='word_1_536' title='bbox 453 3613 649 3670; x_wconf 86' lang='lat' dir='ltr'><strong>habere</strong></span> <span class='ocrx_word' id='word_1_537' title='bbox 673 3612 894 3683; x_wconf 90' lang='lat' dir='ltr'><strong>gloriam</strong></span> <span class='ocrx_word' id='word_1_538' title='bbox 914 3614 1050 3681; x_wconf 90' lang='lat' dir='ltr'><strong>apud</strong></span> <span class='ocrx_word' id='word_1_539' title='bbox 1083 3614 1269 3677; x_wconf 86' lang='lat' dir='ltr'><strong>Deum,</strong></span> <span class='ocrx_word' id='word_1_540' title='bbox 1289 3622 1345 3665; x_wconf 91' lang='lat' dir='ltr'><strong>ut</strong></span> <span class='ocrx_word' id='word_1_541' title='bbox 1369 3623 1491 3681; x_wconf 88' lang='lat' dir='ltr'><strong>pote</strong></span> <span class='ocrx_word' id='word_1_542' title='bbox 1517 3614 1657 3682; x_wconf 81' lang='lat' dir='ltr'><strong>apud</strong></span> <span class='ocrx_word' id='word_1_543' title='bbox 1687 3614 1770 3666; x_wconf 90' lang='lat' dir='ltr'><strong>in-</strong></span> 
     </span>
    </p>
   </div>
   <div class='ocr_carea' id='block_1_65' title="bbox 193 3705 1771 3775">
    <p class='ocr_par' dir='ltr' id='par_1_65' title="bbox 193 3705 1771 3775">
     <span class='ocr_line' id='line_1_65' title="bbox 193 3705 1771 3775; baseline -0.001 -16"><span class='ocrx_word' id='word_1_544' title='bbox 193 3705 512 3774; x_wconf 84' lang='lat' dir='ltr'><strong>spicientem</strong></span> <span class='ocrx_word' id='word_1_545' title='bbox 544 3706 705 3763; x_wconf 82' lang='lat' dir='ltr'><strong>corda</strong></span> <span class='ocrx_word' id='word_1_546' title='bbox 723 3706 1021 3769; x_wconf 86' lang='lat' dir='ltr'><strong>hominum,</strong></span> <span class='ocrx_word' id='word_1_547' title='bbox 1048 3715 1103 3759; x_wconf 90' lang='lat' dir='ltr'><strong>et</strong></span> <span class='ocrx_word' id='word_1_548' title='bbox 1140 3707 1394 3760; x_wconf 88' lang='lat' dir='ltr'><strong>scientem</strong></span> <span class='ocrx_word' id='word_1_549' title='bbox 1424 3707 1545 3775; x_wconf 90' lang='lat' dir='ltr'><strong>quis</strong></span> <span class='ocrx_word' id='word_1_550' title='bbox 1572 3715 1654 3759; x_wconf 91' lang='lat' dir='ltr'><strong>est</strong></span> <span class='ocrx_word' id='word_1_551' title='bbox 1680 3705 1771 3774; x_wconf 89' lang='lat' dir='ltr'><strong>qui</strong></span> 
     </span>
    </p>
   </div>
   <div class='ocr_carea' id='block_1_66' title="bbox 192 3794 1772 3863">
    <p class='ocr_par' dir='ltr' id='par_1_66' title="bbox 192 3794 1772 3863">
     <span class='ocr_line' id='line_1_66' title="bbox 192 3794 1772 3863; baseline -0.001 -12"><span class='ocrx_word' id='word_1_552' title='bbox 192 3796 373 3851; x_wconf 81' lang='lat' dir='ltr'><strong>credit</strong></span> <span class='ocrx_word' id='word_1_553' title='bbox 396 3812 450 3849; x_wconf 84' lang='lat' dir='ltr'><strong>tn</strong></span> <span class='ocrx_word' id='word_1_554' title='bbox 477 3796 707 3859; x_wconf 88' lang='lat' dir='ltr'><strong>occulto,</strong></span> <span class='ocrx_word' id='word_1_555' title='bbox 743 3803 797 3847; x_wconf 90' lang='lat' dir='ltr'><strong>et</strong></span> <span class='ocrx_word' id='word_1_556' title='bbox 822 3795 941 3863; x_wconf 90' lang='lat' dir='ltr'><strong>quis</strong></span> <span class='ocrx_word' id='word_1_557' title='bbox 980 3804 1062 3850; x_wconf 89' lang='lat' dir='ltr'><strong>est</strong></span> <span class='ocrx_word' id='word_1_558' title='bbox 1092 3796 1182 3863; x_wconf 86' lang='lat' dir='ltr'><strong>qui</strong></span> <span class='ocrx_word' id='word_1_559' title='bbox 1214 3812 1316 3859; x_wconf 81' lang='lat' dir='ltr'><strong>non</strong></span> <span class='ocrx_word' id='word_1_560' title='bbox 1345 3795 1531 3850; x_wconf 89' lang='lat' dir='ltr'><strong>credit.</strong></span> <span class='ocrx_word' id='word_1_561' title='bbox 1560 3796 1627 3849; x_wconf 88' lang='lat' dir='ltr'><strong>Et</strong></span> <span class='ocrx_word' id='word_1_562' title='bbox 1654 3794 1772 3849; x_wconf 89' lang='lat' dir='ltr'><strong>ideo</strong></span> 
     </span>
    </p>
   </div>
   <div class='ocr_carea' id='block_1_67' title="bbox 192 3883 1772 3956">
    <p class='ocr_par' dir='ltr' id='par_1_67' title="bbox 192 3883 1772 3956">
     <span class='ocr_line' id='line_1_67' title="bbox 192 3883 1772 3956; baseline -0.003 -15"><span class='ocrx_word' id='word_1_563' title='bbox 192 3888 395 3942; x_wconf 90' lang='lat' dir='ltr'><strong>merito</strong></span> <span class='ocrx_word' id='word_1_564' title='bbox 420 3887 559 3955; x_wconf 89' lang='lat' dir='ltr'><strong>apud</strong></span> <span class='ocrx_word' id='word_1_565' title='bbox 595 3885 765 3939; x_wconf 86' lang='lat' dir='ltr'><strong>solum</strong></span> <span class='ocrx_word' id='word_1_566' title='bbox 799 3887 964 3938; x_wconf 89' lang='lat' dir='ltr'><strong>Deum</strong></span> <span class='ocrx_word' id='word_1_567' title='bbox 1021 3886 1183 3939; x_wconf 83' lang='lat' dir='ltr'><strong>habet</strong></span> <span class='ocrx_word' id='word_1_568' title='bbox 1222 3886 1469 3956; x_wconf 86' lang='lat' dir='ltr'><strong>gloriam,</strong></span> <span class='ocrx_word' id='word_1_569' title='bbox 1509 3885 1599 3953; x_wconf 91' lang='lat' dir='ltr'><strong>qui</strong></span> <span class='ocrx_word' id='word_1_570' title='bbox 1637 3883 1772 3938; x_wconf 81' lang='lat' dir='ltr'><strong>aﬁ&#39;e-</strong></span> 
     </span>
    </p>
   </div>
   <div class='ocr_carea' id='block_1_68' title="bbox 192 3975 1769 4047">
    <p class='ocr_par' dir='ltr' id='par_1_68' title="bbox 192 3975 1769 4047">
     <span class='ocr_line' id='line_1_68' title="bbox 192 3975 1769 4047; baseline -0.003 -14"><span class='ocrx_word' id='word_1_571' title='bbox 192 3987 340 4033; x_wconf 90' lang='lat' dir='ltr'><strong>ctum</strong></span> <span class='ocrx_word' id='word_1_572' title='bbox 376 3978 493 4032; x_wconf 89' lang='lat' dir='ltr'><strong>ﬁdei</strong></span> <span class='ocrx_word' id='word_1_573' title='bbox 521 3978 637 4047; x_wconf 85' lang='lat' dir='ltr'><strong>ejus</strong></span> <span class='ocrx_word' id='word_1_574' title='bbox 663 3978 908 4046; x_wconf 83' lang='lat' dir='ltr'><strong>pervidet</strong></span> <span class='ocrx_word' id='word_1_575' title='bbox 929 3978 981 4030; x_wconf 92' lang='lat' dir='ltr'><strong>in</strong></span> <span class='ocrx_word' id='word_1_576' title='bbox 1002 3977 1227 4031; x_wconf 87' lang='lat' dir='ltr'><strong>occultis</strong></span> <span class='ocrx_word' id='word_1_577' title='bbox 1257 3996 1267 4029; x_wconf 95' lang='lat'>:</span> <span class='ocrx_word' id='word_1_578' title='bbox 1295 3978 1384 4047; x_wconf 85' lang='lat' dir='ltr'><strong>qui</strong></span> <span class='ocrx_word' id='word_1_579' title='bbox 1415 3992 1542 4030; x_wconf 88' lang='lat' dir='ltr'><strong>vero</strong></span> <span class='ocrx_word' id='word_1_580' title='bbox 1570 3975 1769 4043; x_wconf 78' lang='lat' dir='ltr'><strong>justiti-</strong></span> 
     </span>
    </p>
   </div>
   <div class='ocr_carea' id='block_1_69' title="bbox 192 4068 1768 4136">
    <p class='ocr_par' dir='ltr' id='par_1_69' title="bbox 192 4068 1768 4136">
     <span class='ocr_line' id='line_1_69' title="bbox 192 4068 1768 4136; baseline -0.002 -13"><span class='ocrx_word' id='word_1_581' title='bbox 192 4069 459 4123; x_wconf 87' lang='lat' dir='ltr'><strong>cationem</strong></span> <span class='ocrx_word' id='word_1_582' title='bbox 502 4084 566 4123; x_wconf 83' lang='lat' dir='ltr'><strong>ex</strong></span> <span class='ocrx_word' id='word_1_583' title='bbox 620 4068 873 4135; x_wconf 86' lang='lat' dir='ltr'><strong>cperibus</strong></span> <span class='ocrx_word' id='word_1_584' title='bbox 918 4077 1118 4136; x_wconf 86' lang='lat' dir='ltr'><strong>sperat,</strong></span> <span class='ocrx_word' id='word_1_585' title='bbox 1156 4076 1328 4135; x_wconf 86' lang='lat' dir='ltr'><strong>potest</strong></span> <span class='ocrx_word' id='word_1_586' title='bbox 1367 4068 1481 4120; x_wconf 85' lang='lat' dir='ltr'><strong>ﬁeri</strong></span> <span class='ocrx_word' id='word_1_587' title='bbox 1521 4077 1579 4120; x_wconf 91' lang='lat' dir='ltr'><strong>ut</strong></span> <span class='ocrx_word' id='word_1_588' title='bbox 1606 4081 1768 4136; x_wconf 88' lang='lat' dir='ltr'><strong>opera</strong></span> 
     </span>
    </p>
   </div>
   <div class='ocr_carea' id='block_1_70' title="bbox 191 4156 1763 4225">
    <p class='ocr_par' dir='ltr' id='par_1_70' title="bbox 191 4156 1763 4225">
     <span class='ocr_line' id='line_1_70' title="bbox 191 4156 1763 4225; baseline -0.001 -14"><span class='ocrx_word' id='word_1_589' title='bbox 191 4156 313 4225; x_wconf 85' lang='lat' dir='ltr'><strong>ejus</strong></span> <span class='ocrx_word' id='word_1_590' title='bbox 339 4159 501 4211; x_wconf 91' lang='lat' dir='ltr'><strong>etiam</strong></span> <span class='ocrx_word' id='word_1_591' title='bbox 526 4161 591 4213; x_wconf 88' lang='lat' dir='ltr'><strong>ab</strong></span> <span class='ocrx_word' id='word_1_592' title='bbox 614 4159 921 4214; x_wconf 89' lang='lat' dir='ltr'><strong>hominibus</strong></span> <span class='ocrx_word' id='word_1_593' title='bbox 945 4159 1379 4225; x_wconf 87' lang='lat' dir='ltr'><strong>comprobentur.</strong></span> <span class='ocrx_word' id='word_1_594' title='bbox 1411 4157 1592 4210; x_wconf 86' lang='lat' dir='ltr'><strong>Palam</strong></span> <span class='ocrx_word' id='word_1_595' title='bbox 1608 4174 1763 4211; x_wconf 82' lang='lat' dir='ltr'><strong>nam-</strong></span> 
     </span>
    </p>
   </div>
   <div class='ocr_carea' id='block_1_71' title="bbox 189 4246 1771 4329">
    <p class='ocr_par' dir='ltr' id='par_1_71' title="bbox 189 4246 1771 4329">
     <span class='ocr_line' id='line_1_71' title="bbox 189 4246 1771 4329; baseline 0.001 -27"><span class='ocrx_word' id='word_1_596' title='bbox 189 4264 301 4318; x_wconf 91' lang='lat' dir='ltr'><strong>que</strong></span> <span class='ocrx_word' id='word_1_597' title='bbox 362 4259 477 4315; x_wconf 86' lang='lat' dir='ltr'><strong>est,</strong></span> <span class='ocrx_word' id='word_1_598' title='bbox 530 4259 586 4303; x_wconf 92' lang='lat' dir='ltr'><strong>et</strong></span> <span class='ocrx_word' id='word_1_599' title='bbox 632 4250 811 4304; x_wconf 87' lang='lat' dir='ltr'><strong>.videri</strong></span> <span class='ocrx_word' id='word_1_600' title='bbox 866 4246 1035 4304; x_wconf 88' lang='lat' dir='ltr'><strong>oculis</strong></span> <span class='ocrx_word' id='word_1_601' title='bbox 1080 4258 1255 4319; x_wconf 87' lang='lat' dir='ltr'><strong>potest</strong></span> <span class='ocrx_word' id='word_1_602' title='bbox 1308 4249 1566 4329; x_wconf 81' lang='lat' dir='ltr'><strong>quidquid</strong></span> <span class='ocrx_word' id='word_1_603' title='bbox 1610 4264 1771 4317; x_wconf 87' lang='lat' dir='ltr'><strong>opere</strong></span> 
     </span>
    </p>
   </div>
   <div class='ocr_carea' id='block_1_72' title="bbox 191 4338 1769 4413">
    <p class='ocr_par' dir='ltr' id='par_1_72' title="bbox 191 4338 1769 4413">
     <span class='ocr_line' id='line_1_72' title="bbox 191 4338 1769 4413; baseline -0.001 -20"><span class='ocrx_word' id='word_1_604' title='bbox 191 4338 542 4394; x_wconf 77' lang='lat' dir='ltr'><strong>manifestum</strong></span> <span class='ocrx_word' id='word_1_605' title='bbox 565 4348 651 4395; x_wconf 89' lang='lat' dir='ltr'><strong>est</strong></span> <span class='ocrx_word' id='word_1_606' title='bbox 676 4354 701 4413; x_wconf 89' lang='lat'><strong>:_</strong></span> <span class='ocrx_word' id='word_1_607' title='bbox 724 4349 779 4394; x_wconf 90' lang='lat' dir='ltr'><strong>et</strong></span> <span class='ocrx_word' id='word_1_608' title='bbox 810 4340 853 4393; x_wconf 91' lang='lat' dir='ltr'><strong>si</strong></span> <span class='ocrx_word' id='word_1_609' title='bbox 892 4340 1022 4394; x_wconf 89' lang='lat' dir='ltr'><strong>ﬁdes</strong></span> <span class='ocrx_word' id='word_1_610' title='bbox 1048 4340 1101 4393; x_wconf 92' lang='lat' dir='ltr'><strong>in</strong></span> <span class='ocrx_word' id='word_1_611' title='bbox 1125 4339 1334 4406; x_wconf 63' lang='lat' dir='ltr'><strong>occulto</strong></span> <span class='ocrx_word' id='word_1_612' title='bbox 1362 4347 1465 4403; x_wconf 90' lang='lat' dir='ltr'><strong>est,</strong></span> <span class='ocrx_word' id='word_1_613' title='bbox 1486 4354 1648 4408; x_wconf 80' lang='lat' dir='ltr'><strong>Opera</strong></span> <span class='ocrx_word' id='word_1_614' title='bbox 1675 4354 1769 4392; x_wconf 87' lang='lat' dir='ltr'><strong>au-</strong></span> 
     </span>
    </p>
   </div>
   <div class='ocr_carea' id='block_1_73' title="bbox 192 4429 1765 4499">
    <p class='ocr_par' dir='ltr' id='par_1_73' title="bbox 192 4429 1765 4499">
     <span class='ocr_line' id='line_1_73' title="bbox 192 4429 1765 4499; baseline 0 -16"><span class='ocrx_word' id='word_1_615' title='bbox 192 4439 303 4484; x_wconf 90' lang='lat' dir='ltr'><strong>tem</strong></span> <span class='ocrx_word' id='word_1_616' title='bbox 332 4430 507 4499; x_wconf 88' lang='lat' dir='ltr'><strong>palam</strong></span> <span class='ocrx_word' id='word_1_617' title='bbox 532 4440 674 4494; x_wconf 90' lang='lat' dir='ltr'><strong>sunt,</strong></span> <span class='ocrx_word' id='word_1_618' title='bbox 709 4432 991 4485; x_wconf 83' lang='lat' dir='ltr'><strong>conveniet</strong></span> <span class='ocrx_word' id='word_1_619' title='bbox 1014 4431 1065 4483; x_wconf 92' lang='lat' dir='ltr'><strong>in</strong></span> <span class='ocrx_word' id='word_1_620' title='bbox 1088 4431 1190 4485; x_wconf 89' lang='lat' dir='ltr'><strong>hoc</strong></span> <span class='ocrx_word' id='word_1_621' title='bbox 1220 4430 1417 4484; x_wconf 78' lang='lat' dir='ltr'><strong>nasumi</strong></span> <span class='ocrx_word' id='word_1_622' title='bbox 1448 4429 1597 4493; x_wconf 90' lang='lat' dir='ltr'><strong>illud,</strong></span> <span class='ocrx_word' id='word_1_623' title='bbox 1624 4431 1765 4497; x_wconf 90' lang='lat' dir='ltr'><strong>quod</strong></span> 
     </span>
    </p>
   </div>
   <div class='ocr_carea' id='block_1_74' title="bbox 1946 3516 3449 3598">
    <p class='ocr_par' dir='ltr' id='par_1_74' title="bbox 1946 3516 3449 3598">
     <span class='ocr_line' id='line_1_74' title="bbox 1946 3516 3449 3598; baseline 0.005 -22"><span class='ocrx_word' id='word_1_624' title='bbox 1946 3523 2012 3576; x_wconf 82' lang='lat' dir='ltr'><strong>Ei</strong></span> <span class='ocrx_word' id='word_1_625' title='bbox 2040 3540 2154 3577; x_wconf 80' lang='lat' dir='ltr'><strong>vero</strong></span> <span class='ocrx_word' id='word_1_626' title='bbox 2191 3526 2279 3595; x_wconf 82' lang='lat' dir='ltr'><strong>qui</strong></span> <span class='ocrx_word' id='word_1_627' title='bbox 2317 3542 2421 3578; x_wconf 82' lang='lat' dir='ltr'><strong>non</strong></span> <span class='ocrx_word' id='word_1_628' title='bbox 2460 3534 2724 3595; x_wconf 80' lang='lat' dir='ltr'><strong>operatur.</strong></span> <span class='ocrx_word' id='word_1_629' title='bbox 2770 3516 3003 3598; x_wconf 78' lang='lat' dir='ltr'><strong>(Ambr.)</strong></span> <span class='ocrx_word' id='word_1_630' title='bbox 3046 3527 3102 3580; x_wconf 90' lang='lat' dir='ltr'><strong>ld</strong></span> <span class='ocrx_word' id='word_1_631' title='bbox 3128 3534 3228 3593; x_wconf 85' lang='lat' dir='ltr'><strong>est,</strong></span> <span class='ocrx_word' id='word_1_632' title='bbox 3257 3527 3309 3582; x_wconf 86' lang='lat' dir='ltr'><strong>ei</strong></span> <span class='ocrx_word' id='word_1_633' title='bbox 3356 3529 3449 3598; x_wconf 87' lang='lat' dir='ltr'><strong>qui</strong></span> 
     </span>
    </p>
   </div>
   <div class='ocr_carea' id='block_1_75' title="bbox 1873 3610 3444 3707">
    <p class='ocr_par' dir='ltr' id='par_1_75' title="bbox 1873 3610 3444 3707">
     <span class='ocr_line' id='line_1_75' title="bbox 1873 3610 3444 3707; baseline 0.003 -40"><span class='ocrx_word' id='word_1_634' title='bbox 1873 3612 2134 3667; x_wconf 82' lang='lat' dir='ltr'><strong>obnoxius</strong></span> <span class='ocrx_word' id='word_1_635' title='bbox 2203 3622 2286 3669; x_wconf 87' lang='lat' dir='ltr'><strong>est</strong></span> <span class='ocrx_word' id='word_1_636' title='bbox 2346 3614 2625 3707; x_wconf 71' lang='lat' dir='ltr'><strong>peccatis;</strong></span> <span class='ocrx_word' id='word_1_637' title='bbox 2691 3614 2781 3684; x_wconf 90' lang='lat' dir='ltr'><strong>qui</strong></span> <span class='ocrx_word' id='word_1_638' title='bbox 2833 3629 2940 3668; x_wconf 89' lang='lat' dir='ltr'><strong>non</strong></span> <span class='ocrx_word' id='word_1_639' title='bbox 2986 3610 3239 3684; x_wconf 89' lang='lat' dir='ltr'><strong>operatur</strong></span> <span class='ocrx_word' id='word_1_640' title='bbox 3300 3615 3444 3685; x_wconf 91' lang='lat' dir='ltr'><strong>quod</strong></span> 
     </span>
    </p>
   </div>
   <div class='ocr_carea' id='block_1_76' title="bbox 1874 3705 3450 3779">
    <p class='ocr_par' dir='ltr' id='par_1_76' title="bbox 1874 3705 3450 3779">
     <span class='ocr_line' id='line_1_76' title="bbox 1874 3705 3450 3779; baseline 0.003 -22"><span class='ocrx_word' id='word_1_641' title='bbox 1874 3706 2092 3758; x_wconf 87' lang='lat' dir='ltr'><strong>mandat</strong></span> <span class='ocrx_word' id='word_1_642' title='bbox 2122 3705 2225 3759; x_wconf 82' lang='lat' dir='ltr'><strong>lex.</strong></span> <span class='ocrx_word' id='word_1_643' title='bbox 2274 3705 2511 3759; x_wconf 83' lang='lat' dir='ltr'><strong>Credenti</strong></span> <span class='ocrx_word' id='word_1_644' title='bbox 2538 3714 2711 3758; x_wconf 86' lang='lat' dir='ltr'><strong>autem</strong></span> <span class='ocrx_word' id='word_1_645' title='bbox 2732 3707 2787 3758; x_wconf 85' lang='lat' dir='ltr'><strong>in</strong></span> <span class='ocrx_word' id='word_1_646' title='bbox 2816 3722 2934 3759; x_wconf 80' lang='lat' dir='ltr'><strong>eum</strong></span> <span class='ocrx_word' id='word_1_647' title='bbox 2963 3707 3048 3777; x_wconf 85' lang='lat' dir='ltr'><strong>qui</strong></span> <span class='ocrx_word' id='word_1_648' title='bbox 3065 3706 3320 3779; x_wconf 80' lang='lat' dir='ltr'><strong>justiﬁcat</strong></span> <span class='ocrx_word' id='word_1_649' title='bbox 3349 3708 3450 3761; x_wconf 89' lang='lat' dir='ltr'><strong>im-</strong></span> 
     </span>
    </p>
   </div>
   <div class='ocr_carea' id='block_1_77' title="bbox 1870 3794 3547 3865">
    <p class='ocr_par' dir='ltr' id='par_1_77' title="bbox 1870 3794 3547 3865">
     <span class='ocr_line' id='line_1_77' title="bbox 1870 3794 3547 3865; baseline 0.002 -18"><span class='ocrx_word' id='word_1_650' title='bbox 1870 3795 2036 3864; x_wconf 88' lang='lat' dir='ltr'><strong>pium,</strong></span> <span class='ocrx_word' id='word_1_651' title='bbox 2061 3806 2329 3863; x_wconf 84' lang='lat' dir='ltr'><strong>reputatur</strong></span> <span class='ocrx_word' id='word_1_652' title='bbox 2348 3795 2477 3863; x_wconf 80' lang='lat' dir='ltr'><strong>ﬁdes</strong></span> <span class='ocrx_word' id='word_1_653' title='bbox 2508 3794 2576 3847; x_wconf 85' lang='lat' dir='ltr'><strong>ad</strong></span> <span class='ocrx_word' id='word_1_654' title='bbox 2589 3795 2872 3863; x_wconf 78' lang='lat' dir='ltr'><strong>justitiam.</strong></span> <span class='ocrx_word' id='word_1_655' title='bbox 2926 3795 3107 3865; x_wconf 85' lang='lat' dir='ltr'><strong>(Aug.)</strong></span> <span class='ocrx_word' id='word_1_656' title='bbox 3154 3795 3303 3861; x_wconf 86' lang='lat' dir='ltr'><strong>Quod</strong></span> <span class='ocrx_word' id='word_1_657' title='bbox 3355 3812 3453 3850; x_wconf 84' lang='lat' dir='ltr'><strong>au-</strong></span> <span class='ocrx_word' id='word_1_658' title='bbox 3538 3826 3547 3827; x_wconf 48' lang='grc' dir='ltr'>ί</span> 
     </span>
    </p>
   </div>
   <div class='ocr_carea' id='block_1_78' title="bbox 1874 3883 3447 3953">
    <p class='ocr_par' dir='ltr' id='par_1_78' title="bbox 1874 3883 3447 3953">
     <span class='ocr_line' id='line_1_78' title="bbox 1874 3883 3447 3953; baseline 0.001 -17"><span class='ocrx_word' id='word_1_659' title='bbox 1874 3891 1976 3936; x_wconf 87' lang='lat' dir='ltr'><strong>tem</strong></span> <span class='ocrx_word' id='word_1_660' title='bbox 2002 3884 2098 3946; x_wconf 88' lang='lat' dir='ltr'><strong>ait,</strong></span> <span class='ocrx_word' id='word_1_661' title='bbox 2119 3886 2208 3953; x_wconf 87' lang='lat' dir='ltr'><strong>qui</strong></span> <span class='ocrx_word' id='word_1_662' title='bbox 2223 3883 2481 3953; x_wconf 84' lang='lat' dir='ltr'><strong>justiﬁcat</strong></span> <span class='ocrx_word' id='word_1_663' title='bbox 2508 3884 2743 3951; x_wconf 88' lang='lat' dir='ltr'><strong>impium,</strong></span> <span class='ocrx_word' id='word_1_664' title='bbox 2767 3883 2867 3937; x_wconf 90' lang='lat' dir='ltr'><strong>hoc</strong></span> <span class='ocrx_word' id='word_1_665' title='bbox 2893 3892 2995 3947; x_wconf 86' lang='lat' dir='ltr'><strong>est,</strong></span> <span class='ocrx_word' id='word_1_666' title='bbox 3023 3884 3088 3937; x_wconf 90' lang='lat' dir='ltr'><strong>de</strong></span> <span class='ocrx_word' id='word_1_667' title='bbox 3111 3884 3273 3952; x_wconf 80' lang='lat' dir='ltr'><strong>impio</strong></span> <span class='ocrx_word' id='word_1_668' title='bbox 3300 3884 3447 3952; x_wconf 89' lang='lat' dir='ltr'><strong>pium</strong></span> 
     </span>
    </p>
   </div>
   <div class='ocr_carea' id='block_1_79' title="bbox 1870 3970 3449 4045">
    <p class='ocr_par' dir='ltr' id='par_1_79' title="bbox 1870 3970 3449 4045">
     <span class='ocr_line' id='line_1_79' title="bbox 1870 3970 3449 4045; baseline 0.003 -16"><span class='ocrx_word' id='word_1_669' title='bbox 1870 3975 2015 4039; x_wconf 80' lang='lat' dir='ltr'><strong>facit,</strong></span> <span class='ocrx_word' id='word_1_670' title='bbox 2059 3984 2118 4029; x_wconf 92' lang='lat' dir='ltr'><strong>ut</strong></span> <span class='ocrx_word' id='word_1_671' title='bbox 2155 3976 2219 4030; x_wconf 89' lang='lat' dir='ltr'><strong>de</strong></span> <span class='ocrx_word' id='word_1_672' title='bbox 2254 3984 2447 4030; x_wconf 62' lang='lat' dir='ltr'><strong>csrtero</strong></span> <span class='ocrx_word' id='word_1_673' title='bbox 2477 3976 2529 4029; x_wconf 91' lang='lat' dir='ltr'><strong>in</strong></span> <span class='ocrx_word' id='word_1_674' title='bbox 2562 3970 2671 4045; x_wconf 72' lang='lat' dir='ltr'><strong>ipsa</strong></span> <span class='ocrx_word' id='word_1_675' title='bbox 2704 3976 2901 4045; x_wconf 89' lang='lat' dir='ltr'><strong>pietate</strong></span> <span class='ocrx_word' id='word_1_676' title='bbox 2935 3986 3248 4045; x_wconf 89' lang='lat' dir='ltr'><strong>permaneat</strong></span> <span class='ocrx_word' id='word_1_677' title='bbox 3286 3985 3449 4045; x_wconf 88' lang='lat' dir='ltr'><strong>atque</strong></span> 
     </span>
    </p>
   </div>
   <div class='ocr_carea' id='block_1_80' title="bbox 1864 4065 3448 4137">
    <p class='ocr_par' dir='ltr' id='par_1_80' title="bbox 1864 4065 3448 4137">
     <span class='ocr_line' id='line_1_80' title="bbox 1864 4065 3448 4137; baseline 0.003 -18"><span class='ocrx_word' id='word_1_678' title='bbox 1864 4067 2095 4135; x_wconf 89' lang='lat' dir='ltr'><strong>justitia,</strong></span> <span class='ocrx_word' id='word_1_679' title='bbox 2139 4068 2262 4137; x_wconf 87' lang='lat' dir='ltr'><strong>quia</strong></span> <span class='ocrx_word' id='word_1_680' title='bbox 2301 4067 2421 4121; x_wconf 89' lang='lat' dir='ltr'><strong>ideo</strong></span> <span class='ocrx_word' id='word_1_681' title='bbox 2453 4065 2776 4133; x_wconf 82' lang='lat' dir='ltr'><strong>iustiﬁcatus</strong></span> <span class='ocrx_word' id='word_1_682' title='bbox 2804 4076 2905 4131; x_wconf 89' lang='lat' dir='ltr'><strong>est,</strong></span> <span class='ocrx_word' id='word_1_683' title='bbox 2938 4076 2995 4120; x_wconf 92' lang='lat' dir='ltr'><strong>ut</strong></span> <span class='ocrx_word' id='word_1_684' title='bbox 3016 4068 3191 4136; x_wconf 82' lang='lat' dir='ltr'><strong>justus</strong></span> <span class='ocrx_word' id='word_1_685' title='bbox 3223 4068 3313 4133; x_wconf 88' lang='lat' dir='ltr'><strong>sit,</strong></span> <span class='ocrx_word' id='word_1_686' title='bbox 3341 4084 3448 4123; x_wconf 90' lang='lat' dir='ltr'><strong>non</strong></span> 
     </span>
    </p>
   </div>
   <div class='ocr_carea' id='block_1_81' title="bbox 1871 4152 3446 4231">
    <p class='ocr_par' dir='ltr' id='par_1_81' title="bbox 1871 4152 3446 4231">
     <span class='ocr_line' id='line_1_81' title="bbox 1871 4152 3446 4231; baseline 0.002 -19"><span class='ocrx_word' id='word_1_687' title='bbox 1871 4169 1927 4213; x_wconf 90' lang='lat' dir='ltr'><strong>ut</strong></span> <span class='ocrx_word' id='word_1_688' title='bbox 1957 4168 2181 4227; x_wconf 85' lang='lat' dir='ltr'><strong>peccare</strong></span> <span class='ocrx_word' id='word_1_689' title='bbox 2208 4159 2308 4231; x_wconf 82' lang='lat' dir='ltr'><strong>sibi</strong></span> <span class='ocrx_word' id='word_1_690' title='bbox 2346 4159 2508 4213; x_wconf 90' lang='lat' dir='ltr'><strong>licere</strong></span> <span class='ocrx_word' id='word_1_691' title='bbox 2538 4159 2847 4212; x_wconf 88' lang='lat' dir='ltr'><strong>arbitretur.</strong></span> <span class='ocrx_word' id='word_1_692' title='bbox 2904 4158 3130 4227; x_wconf 81' lang='lat' dir='ltr'><strong>(Ambr.)</strong></span> <span class='ocrx_word' id='word_1_693' title='bbox 3161 4152 3272 4214; x_wconf 79' lang='lat' dir='ltr'><strong>Hoc</strong></span> <span class='ocrx_word' id='word_1_694' title='bbox 3294 4159 3446 4226; x_wconf 87' lang='lat' dir='ltr'><strong>dicit,</strong></span> 
     </span>
    </p>
   </div>
   <div class='ocr_carea' id='block_1_82' title="bbox 1868 4248 3448 4320">
    <p class='ocr_par' dir='ltr' id='par_1_82' title="bbox 1868 4248 3448 4320">
     <span class='ocr_line' id='line_1_82' title="bbox 1868 4248 3448 4320; baseline 0.001 -17"><span class='ocrx_word' id='word_1_695' title='bbox 1868 4253 1991 4320; x_wconf 87' lang='lat' dir='ltr'><strong>quia</strong></span> <span class='ocrx_word' id='word_1_696' title='bbox 2015 4253 2129 4305; x_wconf 86' lang='lat' dir='ltr'><strong>sine</strong></span> <span class='ocrx_word' id='word_1_697' title='bbox 2151 4250 2401 4318; x_wconf 88' lang='lat' dir='ltr'><strong>operibus</strong></span> <span class='ocrx_word' id='word_1_698' title='bbox 2434 4248 2566 4317; x_wconf 87' lang='lat' dir='ltr'><strong>legis</strong></span> <span class='ocrx_word' id='word_1_699' title='bbox 2595 4248 2832 4302; x_wconf 89' lang='lat' dir='ltr'><strong>credenti</strong></span> <span class='ocrx_word' id='word_1_700' title='bbox 2870 4248 3049 4316; x_wconf 89' lang='lat' dir='ltr'><strong>impio,</strong></span> <span class='ocrx_word' id='word_1_701' title='bbox 3089 4248 3139 4303; x_wconf 89' lang='lat' dir='ltr'><strong>id</strong></span> <span class='ocrx_word' id='word_1_702' title='bbox 3177 4258 3276 4314; x_wconf 88' lang='lat' dir='ltr'><strong>est,</strong></span> <span class='ocrx_word' id='word_1_703' title='bbox 3318 4266 3448 4320; x_wconf 88' lang='lat' dir='ltr'><strong>gen-</strong></span> 
     </span>
    </p>
   </div>
   <div class='ocr_carea' id='block_1_83' title="bbox 1869 4335 3444 4406">
    <p class='ocr_par' dir='ltr' id='par_1_83' title="bbox 1869 4335 3444 4406">
     <span class='ocr_line' id='line_1_83' title="bbox 1869 4335 3444 4406; baseline 0.001 -15"><span class='ocrx_word' id='word_1_704' title='bbox 1869 4338 1966 4402; x_wconf 91' lang='lat' dir='ltr'><strong>tili,</strong></span> <span class='ocrx_word' id='word_1_705' title='bbox 2001 4338 2051 4391; x_wconf 90' lang='lat' dir='ltr'><strong>in</strong></span> <span class='ocrx_word' id='word_1_706' title='bbox 2082 4338 2351 4391; x_wconf 75' lang='lat' dir='ltr'><strong>Christum</strong></span> <span class='ocrx_word' id='word_1_707' title='bbox 2396 4344 2673 4405; x_wconf 85' lang='lat' dir='ltr'><strong>reputatur</strong></span> <span class='ocrx_word' id='word_1_708' title='bbox 2709 4336 2841 4391; x_wconf 87' lang='lat' dir='ltr'><strong>ﬁdes</strong></span> <span class='ocrx_word' id='word_1_709' title='bbox 2880 4335 2993 4404; x_wconf 89' lang='lat' dir='ltr'><strong>ejus</strong></span> <span class='ocrx_word' id='word_1_710' title='bbox 3042 4338 3109 4391; x_wconf 90' lang='lat' dir='ltr'><strong>ad</strong></span> <span class='ocrx_word' id='word_1_711' title='bbox 3158 4337 3444 4406; x_wconf 85' lang='lat' dir='ltr'><strong>justitiam,</strong></span> 
     </span>
    </p>
   </div>
   <div class='ocr_carea' id='block_1_84' title="bbox 1866 4426 3448 4498">
    <p class='ocr_par' dir='ltr' id='par_1_84' title="bbox 1866 4426 3448 4498">
     <span class='ocr_line' id='line_1_84' title="bbox 1866 4426 3448 4498; baseline -0.001 -14"><span class='ocrx_word' id='word_1_712' title='bbox 1866 4431 2003 4484; x_wconf 89' lang='lat' dir='ltr'><strong>sicut</strong></span> <span class='ocrx_word' id='word_1_713' title='bbox 2031 4430 2277 4483; x_wconf 69' lang='lat' dir='ltr'><strong>Abrahae.</strong></span> <span class='ocrx_word' id='word_1_714' title='bbox 2311 4428 2590 4494; x_wconf 87' lang='lat' dir='ltr'><strong>Quomodo</strong></span> <span class='ocrx_word' id='word_1_715' title='bbox 2636 4441 2763 4497; x_wconf 88' lang='lat' dir='ltr'><strong>ergo</strong></span> <span class='ocrx_word' id='word_1_716' title='bbox 2801 4426 2968 4481; x_wconf 66' lang='lat' dir='ltr'><strong>Judaei</strong></span> <span class='ocrx_word' id='word_1_717' title='bbox 2994 4444 3093 4498; x_wconf 90' lang='lat' dir='ltr'><strong>per</strong></span> <span class='ocrx_word' id='word_1_718' title='bbox 3125 4444 3285 4497; x_wconf 88' lang='lat' dir='ltr'><strong>opera</strong></span> <span class='ocrx_word' id='word_1_719' title='bbox 3313 4429 3448 4498; x_wconf 87' lang='lat' dir='ltr'><strong>legis</strong></span> 
     </span>
    </p>
   </div>
   <div class='ocr_carea' id='block_1_85' title="bbox 190 4519 3438 4615">
    <p class='ocr_par' dir='ltr' id='par_1_85' title="bbox 190 4519 3438 4615">
     <span class='ocr_line' id='line_1_85' title="bbox 190 4519 3438 4615; baseline -0 -40"><span class='ocrx_word' id='word_1_720' title='bbox 190 4522 454 4588; x_wconf 83' lang='lat' dir='ltr'><strong>scriptum</strong></span> <span class='ocrx_word' id='word_1_721' title='bbox 478 4530 559 4574; x_wconf 88' lang='lat' dir='ltr'><strong>est</strong></span> <span class='ocrx_word' id='word_1_722' title='bbox 581 4540 591 4573; x_wconf 94' lang='lat'>:</span> <span class='ocrx_word' id='word_1_723' title='bbox 613 4520 744 4584; x_wconf 74' lang='lat' dir='ltr'><strong>Qua:</strong></span> <span class='ocrx_word' id='word_1_724' title='bbox 759 4521 960 4575; x_wconf 87' lang='lat' dir='ltr'><strong>occulta</strong></span> <span class='ocrx_word' id='word_1_725' title='bbox 988 4535 1102 4575; x_wconf 83' lang='lat' dir='ltr'><strong>sunt</strong></span> <span class='ocrx_word' id='word_1_726' title='bbox 1137 4522 1358 4574; x_wconf 88' lang='lat' dir='ltr'><strong>Domino</strong></span> <span class='ocrx_word' id='word_1_727' title='bbox 1374 4521 1481 4574; x_wconf 88' lang='lat' dir='ltr'><strong>Deo</strong></span> <span class='ocrx_word' id='word_1_728' title='bbox 1504 4533 1626 4585; x_wconf 88' lang='lat' dir='ltr'><strong>tuo;</strong></span> <span class='ocrx_word' id='word_1_729' title='bbox 1648 4537 1764 4591; x_wconf 74' lang='lat' dir='ltr'><strong>quw</strong></span> <span class='ocrx_word' id='word_1_730' title='bbox 1791 4555 1843 4615; x_wconf 70' lang='grc' dir='ltr'><strong>Β</strong></span> <span class='ocrx_word' id='word_1_731' title='bbox 1864 4520 2157 4589; x_wconf 81' lang='lat' dir='ltr'><strong>justiﬁearc</strong></span> <span class='ocrx_word' id='word_1_732' title='bbox 2184 4538 2239 4577; x_wconf 90' lang='lat' dir='ltr'><strong>se</strong></span> <span class='ocrx_word' id='word_1_733' title='bbox 2273 4530 2462 4592; x_wconf 85' lang='lat' dir='ltr'><strong>putant</strong></span> <span class='ocrx_word' id='word_1_734' title='bbox 2491 4520 2873 4589; x_wconf 85' lang='lat' dir='ltr'><strong>justiﬁcationc</strong></span> <span class='ocrx_word' id='word_1_735' title='bbox 2909 4519 3162 4584; x_wconf 63' lang='lat' dir='ltr'><strong>Abrahae,</strong></span> <span class='ocrx_word' id='word_1_736' title='bbox 3201 4536 3321 4575; x_wconf 91' lang='lat' dir='ltr'><strong>cum</strong></span> <span class='ocrx_word' id='word_1_737' title='bbox 3363 4522 3438 4574; x_wconf 86' lang='lat' dir='ltr'><strong>vi-</strong></span> 
     </span>
    </p>
   </div>
   <div class='ocr_carea' id='block_1_86' title="bbox 191 4613 1761 4685">
    <p class='ocr_par' dir='ltr' id='par_1_86' title="bbox 191 4613 1761 4685">
     <span class='ocr_line' id='line_1_86' title="bbox 191 4613 1761 4685; baseline 0 -19"><span class='ocrx_word' id='word_1_738' title='bbox 191 4623 367 4666; x_wconf 83' lang='lat' dir='ltr'><strong>autem</strong></span> <span class='ocrx_word' id='word_1_739' title='bbox 389 4614 661 4681; x_wconf 80' lang='lat' dir='ltr'><strong>manifesta</strong></span> <span class='ocrx_word' id='word_1_740' title='bbox 682 4622 799 4666; x_wconf 85' lang='lat' dir='ltr'><strong>sunt</strong></span> <span class='ocrx_word' id='word_1_741' title='bbox 822 4614 959 4667; x_wconf 82' lang='lat' dir='ltr'><strong>vobis</strong></span> <span class='ocrx_word' id='word_1_742' title='bbox 979 4624 1024 4667; x_wconf 82' lang='lat' dir='ltr'><strong>et</strong></span> <span class='ocrx_word' id='word_1_743' title='bbox 1045 4614 1167 4682; x_wconf 84' lang='lat' dir='ltr'><strong>ﬁliis</strong></span> <span class='ocrx_word' id='word_1_744' title='bbox 1188 4616 1363 4668; x_wconf 82' lang='lat' dir='ltr'><strong>vestris</strong></span> <span class='ocrx_word' id='word_1_745' title='bbox 1386 4613 1561 4685; x_wconf 85' lang='lat' dir='ltr'><strong>(Deut.</strong></span> <span class='ocrx_word' id='word_1_746' title='bbox 1592 4614 1761 4683; x_wconf 68' lang='grc' dir='ltr'><strong>χιιι).</strong></span> 
     </span>
    </p>
   </div>
   <div class='ocr_carea' id='block_1_87' title="bbox 193 4703 1759 4773">
    <p class='ocr_par' dir='ltr' id='par_1_87' title="bbox 193 4703 1759 4773">
     <span class='ocr_line' id='line_1_87' title="bbox 193 4703 1759 4773; baseline 0.002 -17"><span class='ocrx_word' id='word_1_747' title='bbox 193 4703 301 4756; x_wconf 85' lang='lat' dir='ltr'><strong>Sed</strong></span> <span class='ocrx_word' id='word_1_748' title='bbox 329 4713 383 4755; x_wconf 84' lang='lat' dir='ltr'><strong>et</strong></span> <span class='ocrx_word' id='word_1_749' title='bbox 415 4703 543 4757; x_wconf 92' lang='lat' dir='ltr'><strong>illud</strong></span> <span class='ocrx_word' id='word_1_750' title='bbox 568 4705 650 4759; x_wconf 89' lang='lat' dir='ltr'><strong>his</strong></span> <span class='ocrx_word' id='word_1_751' title='bbox 675 4712 857 4772; x_wconf 87' lang='lat' dir='ltr'><strong>aptare</strong></span> <span class='ocrx_word' id='word_1_752' title='bbox 878 4707 1173 4767; x_wconf 87' lang='lat' dir='ltr'><strong>conveniet,</strong></span> <span class='ocrx_word' id='word_1_753' title='bbox 1208 4707 1347 4773; x_wconf 84' lang='lat' dir='ltr'><strong>quod</strong></span> <span class='ocrx_word' id='word_1_754' title='bbox 1378 4708 1634 4773; x_wconf 85' lang='lat' dir='ltr'><strong>scriptum</strong></span> <span class='ocrx_word' id='word_1_755' title='bbox 1660 4715 1759 4769; x_wconf 88' lang='lat' dir='ltr'><strong>est,</strong></span> 
     </span>
    </p>
   </div>
   <div class='ocr_carea' id='block_1_88' title="bbox 192 4793 1765 4864">
    <p class='ocr_par' dir='ltr' id='par_1_88' title="bbox 192 4793 1765 4864">
     <span class='ocr_line' id='line_1_88' title="bbox 192 4793 1765 4864; baseline 0.001 -19"><span class='ocrx_word' id='word_1_756' title='bbox 192 4793 318 4861; x_wconf 88' lang='lat' dir='ltr'><strong>quia</strong></span> <span class='ocrx_word' id='word_1_757' title='bbox 332 4794 508 4860; x_wconf 82' lang='lat' dir='ltr'><strong>justus</strong></span> <span class='ocrx_word' id='word_1_758' title='bbox 533 4794 711 4860; x_wconf 70' lang='lat' dir='ltr'><strong>exﬁde</strong></span> <span class='ocrx_word' id='word_1_759' title='bbox 740 4811 851 4847; x_wconf 83' lang='lat' dir='ltr'><strong>utea</strong></span> <span class='ocrx_word' id='word_1_760' title='bbox 880 4796 995 4848; x_wconf 82' lang='lat' dir='ltr'><strong>vivit</strong></span> <span class='ocrx_word' id='word_1_761' title='bbox 1032 4794 1257 4864; x_wconf 83' lang='lat' dir='ltr'><strong>(Ilabac.</strong></span> <span class='ocrx_word' id='word_1_762' title='bbox 1282 4797 1363 4864; x_wconf 85' lang='lat' dir='ltr'><strong>ll).</strong></span> <span class='ocrx_word' id='word_1_763' title='bbox 1390 4794 1765 4861; x_wconf 87' lang='lat' dir='ltr'><strong>Competenter</strong></span> 
     </span>
    </p>
   </div>
   <div class='ocr_carea' id='block_1_89' title="bbox 192 4885 1766 4957">
    <p class='ocr_par' dir='ltr' id='par_1_89' title="bbox 192 4885 1766 4957">
     <span class='ocr_line' id='line_1_89' title="bbox 192 4885 1766 4957; baseline 0.001 -20"><span class='ocrx_word' id='word_1_764' title='bbox 192 4885 359 4957; x_wconf 74' lang='lat' dir='ltr'><strong>igitur</strong></span> <span class='ocrx_word' id='word_1_765' title='bbox 386 4886 613 4938; x_wconf 86' lang='lat' dir='ltr'><strong>dicimus</strong></span> <span class='ocrx_word' id='word_1_766' title='bbox 639 4886 762 4953; x_wconf 86' lang='lat' dir='ltr'><strong>quia</strong></span> <span class='ocrx_word' id='word_1_767' title='bbox 792 4886 844 4937; x_wconf 90' lang='lat' dir='ltr'><strong>hi</strong></span> <span class='ocrx_word' id='word_1_768' title='bbox 885 4886 974 4954; x_wconf 67' lang='lat' dir='ltr'><strong>Qui</strong></span> <span class='ocrx_word' id='word_1_769' title='bbox 1005 4889 1294 4939; x_wconf 88' lang='lat' dir='ltr'><strong>secundum</strong></span> <span class='ocrx_word' id='word_1_770' title='bbox 1328 4887 1644 4939; x_wconf 84' lang='lat' dir='ltr'><strong>interiorem</strong></span> <span class='ocrx_word' id='word_1_771' title='bbox 1677 4886 1766 4938; x_wconf 90' lang='lat' dir='ltr'><strong>ho-</strong></span> 
     </span>
    </p>
   </div>
   <div class='ocr_carea' id='block_1_90' title="bbox 192 4973 1761 5039">
    <p class='ocr_par' dir='ltr' id='par_1_90' title="bbox 192 4973 1761 5039">
     <span class='ocr_line' id='line_1_90' title="bbox 192 4973 1761 5039; baseline 0.001 -12"><span class='ocrx_word' id='word_1_772' title='bbox 192 4975 395 5027; x_wconf 86' lang='lat' dir='ltr'><strong>minem</strong></span> <span class='ocrx_word' id='word_1_773' title='bbox 456 4973 910 5028; x_wconf 82' lang='lat' dir='ltr'><strong>circumciduntur</strong></span> <span class='ocrx_word' id='word_1_774' title='bbox 952 4985 1008 5030; x_wconf 90' lang='lat' dir='ltr'><strong>et</strong></span> <span class='ocrx_word' id='word_1_775' title='bbox 1050 4976 1102 5027; x_wconf 91' lang='lat' dir='ltr'><strong>in</strong></span> <span class='ocrx_word' id='word_1_776' title='bbox 1146 4976 1353 5029; x_wconf 83' lang='lat' dir='ltr'><strong>occulto</strong></span> <span class='ocrx_word' id='word_1_777' title='bbox 1393 4975 1578 5029; x_wconf 67' lang='lat' dir='ltr'><strong>Judwi&#39;</strong></span> <span class='ocrx_word' id='word_1_778' title='bbox 1606 4987 1761 5039; x_wconf 87' lang='lat' dir='ltr'><strong>sunt,</strong></span> 
     </span>
    </p>
   </div>
   <div class='ocr_carea' id='block_1_91' title="bbox 192 5064 1764 5135">
    <p class='ocr_par' dir='ltr' id='par_1_91' title="bbox 192 5064 1764 5135">
     <span class='ocr_line' id='line_1_91' title="bbox 192 5064 1764 5135; baseline 0.003 -19"><span class='ocrx_word' id='word_1_779' title='bbox 192 5064 407 5132; x_wconf 86' lang='lat' dir='ltr'><strong>spiritu,</strong></span> <span class='ocrx_word' id='word_1_780' title='bbox 430 5079 533 5116; x_wconf 90' lang='lat' dir='ltr'><strong>non</strong></span> <span class='ocrx_word' id='word_1_781' title='bbox 558 5064 755 5129; x_wconf 89' lang='lat' dir='ltr'><strong>littera,</strong></span> <span class='ocrx_word' id='word_1_782' title='bbox 787 5065 973 5119; x_wconf 87' lang='lat' dir='ltr'><strong>horum</strong></span> <span class='ocrx_word' id='word_1_783' title='bbox 1008 5065 1122 5118; x_wconf 86' lang='lat' dir='ltr'><strong>laus</strong></span> <span class='ocrx_word' id='word_1_784' title='bbox 1164 5076 1217 5119; x_wconf 88' lang='lat' dir='ltr'><strong>et</strong></span> <span class='ocrx_word' id='word_1_785' title='bbox 1261 5067 1426 5135; x_wconf 87' lang='lat' dir='ltr'><strong>gloria</strong></span> <span class='ocrx_word' id='word_1_786' title='bbox 1478 5083 1581 5118; x_wconf 89' lang='lat' dir='ltr'><strong>non</strong></span> <span class='ocrx_word' id='word_1_787' title='bbox 1626 5068 1764 5134; x_wconf 83' lang='lat' dir='ltr'><strong>apud</strong></span> 
     </span>
    </p>
   </div>
   <div class='ocr_carea' id='block_1_92' title="bbox 191 5157 1765 5226">
    <p class='ocr_par' dir='ltr' id='par_1_92' title="bbox 191 5157 1765 5226">
     <span class='ocr_line' id='line_1_92' title="bbox 191 5157 1765 5226; baseline -0.001 -14"><span class='ocrx_word' id='word_1_788' title='bbox 191 5158 468 5221; x_wconf 85' lang='lat' dir='ltr'><strong>homines,</strong></span> <span class='ocrx_word' id='word_1_789' title='bbox 498 5158 594 5211; x_wconf 89' lang='lat' dir='ltr'><strong>sed</strong></span> <span class='ocrx_word' id='word_1_790' title='bbox 633 5158 769 5225; x_wconf 88' lang='lat' dir='ltr'><strong>apud</strong></span> <span class='ocrx_word' id='word_1_791' title='bbox 807 5157 971 5211; x_wconf 90' lang='lat' dir='ltr'><strong>Deum</strong></span> <span class='ocrx_word' id='word_1_792' title='bbox 996 5166 1096 5211; x_wconf 89' lang='lat' dir='ltr'><strong>cst.</strong></span> <span class='ocrx_word' id='word_1_793' title='bbox 1129 5158 1227 5223; x_wconf 91' lang='lat' dir='ltr'><strong>Qui</strong></span> <span class='ocrx_word' id='word_1_794' title='bbox 1260 5174 1386 5212; x_wconf 89' lang='lat' dir='ltr'><strong>vero</strong></span> <span class='ocrx_word' id='word_1_795' title='bbox 1418 5172 1479 5210; x_wconf 71' lang='lat' dir='ltr'><strong>ex</strong></span> <span class='ocrx_word' id='word_1_796' title='bbox 1514 5158 1765 5226; x_wconf 64' lang='lat' dir='ltr'><strong>Opersbus</strong></span> 
     </span>
    </p>
   </div>
   <div class='ocr_carea' id='block_1_93' title="bbox 185 5250 1763 5321">
    <p class='ocr_par' dir='ltr' id='par_1_93' title="bbox 185 5250 1763 5321">
     <span class='ocr_line' id='line_1_93' title="bbox 185 5250 1763 5321; baseline -0.001 -17"><span class='ocrx_word' id='word_1_797' title='bbox 185 5250 571 5321; x_wconf 75' lang='lat' dir='ltr'><strong>justiﬁcantur,</strong></span> <span class='ocrx_word' id='word_1_798' title='bbox 601 5250 852 5318; x_wconf 88' lang='lat' dir='ltr'><strong>quoniam</strong></span> <span class='ocrx_word' id='word_1_799' title='bbox 873 5251 1045 5319; x_wconf 90' lang='lat' dir='ltr'><strong>palam</strong></span> <span class='ocrx_word' id='word_1_800' title='bbox 1072 5258 1197 5304; x_wconf 88' lang='lat' dir='ltr'><strong>sunt</strong></span> <span class='ocrx_word' id='word_1_801' title='bbox 1217 5261 1271 5303; x_wconf 90' lang='lat' dir='ltr'><strong>et</strong></span> <span class='ocrx_word' id='word_1_802' title='bbox 1289 5250 1569 5303; x_wconf 81' lang='lat' dir='ltr'><strong>manifesta</strong></span> <span class='ocrx_word' id='word_1_803' title='bbox 1600 5265 1763 5317; x_wconf 86' lang='lat' dir='ltr'><strong>opera</strong></span> 
     </span>
    </p>
   </div>
   <div class='ocr_carea' id='block_1_94' title="bbox 192 5342 1765 5413">
    <p class='ocr_par' dir='ltr' id='par_1_94' title="bbox 192 5342 1765 5413">
     <span class='ocr_line' id='line_1_94' title="bbox 192 5342 1765 5413; baseline -0.001 -16"><span class='ocrx_word' id='word_1_804' title='bbox 192 5359 403 5408; x_wconf 89' lang='lat' dir='ltr'><strong>eorum,</strong></span> <span class='ocrx_word' id='word_1_805' title='bbox 446 5352 625 5413; x_wconf 85' lang='lat' dir='ltr'><strong>potest</strong></span> <span class='ocrx_word' id='word_1_806' title='bbox 662 5358 779 5397; x_wconf 88' lang='lat' dir='ltr'><strong>esse</strong></span> <span class='ocrx_word' id='word_1_807' title='bbox 811 5342 977 5413; x_wconf 86' lang='lat' dir='ltr'><strong>gloria</strong></span> <span class='ocrx_word' id='word_1_808' title='bbox 1013 5358 1195 5397; x_wconf 89' lang='lat' dir='ltr'><strong>eorum</strong></span> <span class='ocrx_word' id='word_1_809' title='bbox 1242 5343 1324 5397; x_wconf 89' lang='lat' dir='ltr'><strong>vel</strong></span> <span class='ocrx_word' id='word_1_810' title='bbox 1371 5344 1509 5411; x_wconf 89' lang='lat' dir='ltr'><strong>apud</strong></span> <span class='ocrx_word' id='word_1_811' title='bbox 1550 5350 1765 5396; x_wconf 88' lang='lat' dir='ltr'><strong>sanctos</strong></span> 
     </span>
    </p>
   </div>
   <div class='ocr_carea' id='block_1_95' title="bbox 190 5434 1761 5511">
    <p class='ocr_par' dir='ltr' id='par_1_95' title="bbox 190 5434 1761 5511">
     <span class='ocr_line' id='line_1_95' title="bbox 190 5434 1761 5511; baseline -0.002 -22"><span class='ocrx_word' id='word_1_812' title='bbox 190 5435 706 5511; x_wconf 39' lang='lat' dir='ltr'><strong>quosquect&#39;justos,</strong></span> <span class='ocrx_word' id='word_1_813' title='bbox 738 5434 829 5502; x_wconf 92' lang='lat' dir='ltr'><strong>qui</strong></span> <span class='ocrx_word' id='word_1_814' title='bbox 860 5436 1129 5504; x_wconf 90' lang='lat' dir='ltr'><strong>accipiunt</strong></span> <span class='ocrx_word' id='word_1_815' title='bbox 1167 5450 1195 5487; x_wconf 92' lang='lat' dir='ltr'><strong>a</strong></span> <span class='ocrx_word' id='word_1_816' title='bbox 1218 5436 1325 5488; x_wconf 89' lang='lat' dir='ltr'><strong>Deo</strong></span> <span class='ocrx_word' id='word_1_817' title='bbox 1352 5442 1671 5503; x_wconf 88' lang='lat' dir='ltr'><strong>potestatem</strong></span> <span class='ocrx_word' id='word_1_818' title='bbox 1696 5435 1761 5486; x_wconf 92' lang='lat' dir='ltr'><strong>de</strong></span> 
     </span>
    </p>
   </div>
   <div class='ocr_carea' id='block_1_96' title="bbox 189 5526 1761 5597">
    <p class='ocr_par' dir='ltr' id='par_1_96' title="bbox 189 5526 1761 5597">
     <span class='ocr_line' id='line_1_96' title="bbox 189 5526 1761 5597; baseline -0.001 -14"><span class='ocrx_word' id='word_1_819' title='bbox 189 5526 444 5583; x_wconf 70' lang='lat' dir='ltr'><strong>humanis</strong></span> <span class='ocrx_word' id='word_1_820' title='bbox 462 5528 712 5596; x_wconf 87' lang='lat' dir='ltr'><strong>operibus</strong></span> <span class='ocrx_word' id='word_1_821' title='bbox 727 5527 1303 5597; x_wconf 84' lang='lat' dir='ltr'><strong>visibilibusjudicandi</strong></span> <span class='ocrx_word' id='word_1_822' title='bbox 1315 5529 1431 5593; x_wconf 62' lang='grc' dir='ltr'><strong>,γει</strong></span> <span class='ocrx_word' id='word_1_823' title='bbox 1446 5529 1606 5582; x_wconf 88' lang='lat' dir='ltr'><strong>etiam</strong></span> <span class='ocrx_word' id='word_1_824' title='bbox 1622 5529 1761 5597; x_wconf 91' lang='lat' dir='ltr'><strong>apud</strong></span> 
     </span>
    </p>
   </div>
   <div class='ocr_carea' id='block_1_97' title="bbox 192 5618 1760 5690">
    <p class='ocr_par' dir='ltr' id='par_1_97' title="bbox 192 5618 1760 5690">
     <span class='ocr_line' id='line_1_97' title="bbox 192 5618 1760 5690; baseline 0.001 -17"><span class='ocrx_word' id='word_1_825' title='bbox 192 5619 412 5690; x_wconf 86' lang='lat' dir='ltr'><strong>angelos</strong></span> <span class='ocrx_word' id='word_1_826' title='bbox 462 5626 788 5687; x_wconf 70' lang='lat' dir='ltr'><strong>caaterasque</strong></span> <span class='ocrx_word' id='word_1_827' title='bbox 814 5618 1068 5672; x_wconf 87' lang='lat' dir='ltr'><strong>virtutum</strong></span> <span class='ocrx_word' id='word_1_828' title='bbox 1105 5620 1401 5675; x_wconf 70' lang='lat' dir='ltr'><strong>cmlestium</strong></span> <span class='ocrx_word' id='word_1_829' title='bbox 1448 5628 1760 5689; x_wconf 88' lang='lat' dir='ltr'><strong>potestates,</strong></span> 
     </span>
    </p>
   </div>
   <div class='ocr_carea' id='block_1_98' title="bbox 194 5709 1761 5781">
    <p class='ocr_par' dir='ltr' id='par_1_98' title="bbox 194 5709 1761 5781">
     <span class='ocr_line' id='line_1_98' title="bbox 194 5709 1761 5781; baseline -0.001 -17"><span class='ocrx_word' id='word_1_830' title='bbox 194 5712 288 5781; x_wconf 90' lang='lat' dir='ltr'><strong>qui</strong></span> <span class='ocrx_word' id='word_1_831' title='bbox 332 5711 513 5779; x_wconf 90' lang='lat' dir='ltr'><strong>utique</strong></span> <span class='ocrx_word' id='word_1_832' title='bbox 536 5709 834 5780; x_wconf 87' lang='lat' dir='ltr'><strong>gloriﬁcare</strong></span> <span class='ocrx_word' id='word_1_833' title='bbox 868 5725 987 5763; x_wconf 89' lang='lat' dir='ltr'><strong>eum</strong></span> <span class='ocrx_word' id='word_1_834' title='bbox 1020 5710 1171 5777; x_wconf 87' lang='lat' dir='ltr'><strong>cujus</strong></span> <span class='ocrx_word' id='word_1_835' title='bbox 1207 5726 1367 5780; x_wconf 89' lang='lat' dir='ltr'><strong>opera</strong></span> <span class='ocrx_word' id='word_1_836' title='bbox 1411 5710 1761 5778; x_wconf 88' lang='lat' dir='ltr'><strong>probaverint</strong></span> 
     </span>
    </p>
   </div>
   <div class='ocr_carea' id='block_1_99' title="bbox 192 5800 1759 5874">
    <p class='ocr_par' dir='ltr' id='par_1_99' title="bbox 192 5800 1759 5874">
     <span class='ocr_line' id='line_1_99' title="bbox 192 5800 1759 5874; baseline -0.003 -15"><span class='ocrx_word' id='word_1_837' title='bbox 192 5812 438 5874; x_wconf 82' lang='lat' dir='ltr'><strong>possum.</strong></span> <span class='ocrx_word' id='word_1_838' title='bbox 475 5801 693 5859; x_wconf 89' lang='lat' dir='ltr'><strong>Occulta</strong></span> <span class='ocrx_word' id='word_1_839' title='bbox 721 5816 847 5857; x_wconf 86' lang='lat' dir='ltr'><strong>vero</strong></span> <span class='ocrx_word' id='word_1_840' title='bbox 873 5803 1049 5858; x_wconf 88' lang='lat' dir='ltr'><strong>cordis</strong></span> <span class='ocrx_word' id='word_1_841' title='bbox 1074 5802 1326 5873; x_wconf 87' lang='lat' dir='ltr'><strong>quoniam</strong></span> <span class='ocrx_word' id='word_1_842' title='bbox 1354 5800 1520 5858; x_wconf 86' lang='lat' dir='ltr'><strong>solius</strong></span> <span class='ocrx_word' id='word_1_843' title='bbox 1547 5800 1643 5858; x_wconf 89' lang='lat' dir='ltr'><strong>Dei</strong></span> <span class='ocrx_word' id='word_1_844' title='bbox 1676 5810 1759 5857; x_wconf 85' lang='lat' dir='ltr'><strong>est</strong></span> 
     </span>
    </p>
   </div>
   <div class='ocr_carea' id='block_1_100' title="bbox 1869 4608 3442 4679">
    <p class='ocr_par' dir='ltr' id='par_1_100' title="bbox 1869 4608 3442 4679">
     <span class='ocr_line' id='line_1_100' title="bbox 1869 4608 3442 4679; baseline 0 -16"><span class='ocrx_word' id='word_1_845' title='bbox 1869 4611 2028 4665; x_wconf 89' lang='lat' dir='ltr'><strong>deant</strong></span> <span class='ocrx_word' id='word_1_846' title='bbox 2054 4612 2323 4669; x_wconf 78' lang='lat' dir='ltr'><strong>Abraham</strong></span> <span class='ocrx_word' id='word_1_847' title='bbox 2353 4626 2455 4663; x_wconf 91' lang='lat' dir='ltr'><strong>non</strong></span> <span class='ocrx_word' id='word_1_848' title='bbox 2480 4614 2577 4677; x_wconf 90' lang='lat' dir='ltr'><strong>per</strong></span> <span class='ocrx_word' id='word_1_849' title='bbox 2602 4625 2761 4678; x_wconf 86' lang='lat' dir='ltr'><strong>opera</strong></span> <span class='ocrx_word' id='word_1_850' title='bbox 2790 4608 2942 4677; x_wconf 84' lang='lat' dir='ltr'><strong>legis,</strong></span> <span class='ocrx_word' id='word_1_851' title='bbox 2975 4608 3067 4662; x_wconf 86' lang='lat' dir='ltr'><strong>sed</strong></span> <span class='ocrx_word' id='word_1_852' title='bbox 3098 4609 3207 4663; x_wconf 91' lang='lat' dir='ltr'><strong>sola</strong></span> <span class='ocrx_word' id='word_1_853' title='bbox 3233 4610 3335 4664; x_wconf 88' lang='lat' dir='ltr'><strong>ﬁde</strong></span> <span class='ocrx_word' id='word_1_854' title='bbox 3358 4610 3442 4679; x_wconf 84' lang='lat' dir='ltr'><strong>ju—</strong></span> 
     </span>
    </p>
   </div>
   <div class='ocr_carea' id='block_1_101' title="bbox 1869 4698 3437 4768">
    <p class='ocr_par' dir='ltr' id='par_1_101' title="bbox 1869 4698 3437 4768">
     <span class='ocr_line' id='line_1_101' title="bbox 1869 4698 3437 4768; baseline 0 -14"><span class='ocrx_word' id='word_1_855' title='bbox 1869 4702 2191 4755; x_wconf 86' lang='lat' dir='ltr'><strong>stiﬁcatum?</strong></span> <span class='ocrx_word' id='word_1_856' title='bbox 2232 4699 2351 4753; x_wconf 80' lang='lat' dir='ltr'><strong>Non</strong></span> <span class='ocrx_word' id='word_1_857' title='bbox 2387 4714 2515 4766; x_wconf 85' lang='lat' dir='ltr'><strong>ergo</strong></span> <span class='ocrx_word' id='word_1_858' title='bbox 2560 4704 2693 4767; x_wconf 84' lang='lat' dir='ltr'><strong>opus</strong></span> <span class='ocrx_word' id='word_1_859' title='bbox 2737 4708 2819 4751; x_wconf 87' lang='lat' dir='ltr'><strong>est</strong></span> <span class='ocrx_word' id='word_1_860' title='bbox 2863 4698 2967 4759; x_wconf 78' lang='lat' dir='ltr'><strong>lex,</strong></span> <span class='ocrx_word' id='word_1_861' title='bbox 3003 4702 3215 4768; x_wconf 87' lang='lat' dir='ltr'><strong>quando</strong></span> <span class='ocrx_word' id='word_1_862' title='bbox 3250 4700 3437 4768; x_wconf 77' lang='lat' dir='ltr'><strong>impius</strong></span> 
     </span>
    </p>
   </div>
   <div class='ocr_carea' id='block_1_102' title="bbox 1870 4789 3435 4863">
    <p class='ocr_par' dir='ltr' id='par_1_102' title="bbox 1870 4789 3435 4863">
     <span class='ocr_line' id='line_1_102' title="bbox 1870 4789 3435 4863; baseline 0 -19"><span class='ocrx_word' id='word_1_863' title='bbox 1870 4809 1965 4856; x_wconf 86' lang='lat' dir='ltr'><strong>per</strong></span> <span class='ocrx_word' id='word_1_864' title='bbox 1998 4792 2160 4845; x_wconf 87' lang='lat' dir='ltr'><strong>solam</strong></span> <span class='ocrx_word' id='word_1_865' title='bbox 2192 4792 2346 4844; x_wconf 88' lang='lat' dir='ltr'><strong>ﬁdem</strong></span> <span class='ocrx_word' id='word_1_866' title='bbox 2372 4789 2705 4857; x_wconf 87' lang='lat' dir='ltr'><strong>justiﬁcatur</strong></span> <span class='ocrx_word' id='word_1_867' title='bbox 2737 4792 2873 4858; x_wconf 90' lang='lat' dir='ltr'><strong>apud</strong></span> <span class='ocrx_word' id='word_1_868' title='bbox 2914 4791 3099 4841; x_wconf 89' lang='lat' dir='ltr'><strong>Deum.</strong></span> <span class='ocrx_word' id='word_1_869' title='bbox 3144 4790 3435 4863; x_wconf 81' lang='lat' dir='ltr'><strong>Secundam</strong></span> 
     </span>
    </p>
   </div>
   <div class='ocr_carea' id='block_1_103' title="bbox 1867 4874 3439 4953">
    <p class='ocr_par' dir='ltr' id='par_1_103' title="bbox 1867 4874 3439 4953">
     <span class='ocr_line' id='line_1_103' title="bbox 1867 4874 3439 4953; baseline -0.002 -17"><span class='ocrx_word' id='word_1_870' title='bbox 1867 4884 2184 4953; x_wconf 84' lang='lat' dir='ltr'><strong>propositum</strong></span> <span class='ocrx_word' id='word_1_871' title='bbox 2212 4883 2394 4951; x_wconf 77' lang='lat' dir='ltr'><strong>gratia:</strong></span> <span class='ocrx_word' id='word_1_872' title='bbox 2427 4881 2541 4933; x_wconf 81' lang='lat' dir='ltr'><strong>Dei.</strong></span> <span class='ocrx_word' id='word_1_873' title='bbox 2592 4880 2681 4933; x_wconf 89' lang='lat' dir='ltr'><strong>Sic</strong></span> <span class='ocrx_word' id='word_1_874' title='bbox 2704 4881 2976 4934; x_wconf 88' lang='lat' dir='ltr'><strong>decretum</strong></span> <span class='ocrx_word' id='word_1_875' title='bbox 3007 4881 3135 4933; x_wconf 89' lang='lat' dir='ltr'><strong>dicit</strong></span> <span class='ocrx_word' id='word_1_876' title='bbox 3164 4896 3191 4931; x_wconf 92' lang='lat' dir='ltr'><strong>a</strong></span> <span class='ocrx_word' id='word_1_877' title='bbox 3214 4874 3359 4944; x_wconf 38' lang='lat' dir='ltr'><strong>&#39;Deo,</strong></span> <span class='ocrx_word' id='word_1_878' title='bbox 3384 4891 3439 4934; x_wconf 87' lang='lat' dir='ltr'><strong>ut</strong></span> 
     </span>
    </p>
   </div>
   <div class='ocr_carea' id='block_1_104' title="bbox 1871 4971 3441 5042">
    <p class='ocr_par' dir='ltr' id='par_1_104' title="bbox 1871 4971 3441 5042">
     <span class='ocr_line' id='line_1_104' title="bbox 1871 4971 3441 5042; baseline -0.002 -14"><span class='ocrx_word' id='word_1_879' title='bbox 1871 4983 2112 5028; x_wconf 82' lang='lat' dir='ltr'><strong>cessante</strong></span> <span class='ocrx_word' id='word_1_880' title='bbox 2150 4972 2287 5042; x_wconf 81' lang='lat' dir='ltr'><strong>lege,</strong></span> <span class='ocrx_word' id='word_1_881' title='bbox 2316 4972 2426 5026; x_wconf 85' lang='lat' dir='ltr'><strong>sola</strong></span> <span class='ocrx_word' id='word_1_882' title='bbox 2462 4971 2562 5026; x_wconf 90' lang='lat' dir='ltr'><strong>ﬁde</strong></span> <span class='ocrx_word' id='word_1_883' title='bbox 2589 4971 2816 5041; x_wconf 87' lang='lat' dir='ltr'><strong>gratiam</strong></span> <span class='ocrx_word' id='word_1_884' title='bbox 2846 4972 2939 5025; x_wconf 90' lang='lat' dir='ltr'><strong>Dei</strong></span> <span class='ocrx_word' id='word_1_885' title='bbox 2971 4980 3217 5039; x_wconf 89' lang='lat' dir='ltr'><strong>posceret</strong></span> <span class='ocrx_word' id='word_1_886' title='bbox 3257 4971 3322 5025; x_wconf 91' lang='lat' dir='ltr'><strong>ad</strong></span> <span class='ocrx_word' id='word_1_887' title='bbox 3356 4988 3441 5026; x_wconf 90' lang='lat' dir='ltr'><strong>sa-</strong></span> 
     </span>
    </p>
   </div>
   <div class='ocr_carea' id='block_1_105' title="bbox 1868 5062 3441 5132">
    <p class='ocr_par' dir='ltr' id='par_1_105' title="bbox 1868 5062 3441 5132">
     <span class='ocr_line' id='line_1_105' title="bbox 1868 5062 3441 5132; baseline -0.001 -15"><span class='ocrx_word' id='word_1_888' title='bbox 1868 5065 2050 5118; x_wconf 85' lang='lat' dir='ltr'><strong>lutem.</strong></span> <span class='ocrx_word' id='word_1_889' title='bbox 2075 5063 2218 5117; x_wconf 82' lang='lat' dir='ltr'><strong>Sicut</strong></span> <span class='ocrx_word' id='word_1_890' title='bbox 2244 5074 2289 5116; x_wconf 87' lang='lat' dir='ltr'><strong>et</strong></span> <span class='ocrx_word' id='word_1_891' title='bbox 2314 5063 2479 5117; x_wconf 87' lang='lat' dir='ltr'><strong>David</strong></span> <span class='ocrx_word' id='word_1_892' title='bbox 2500 5063 2646 5115; x_wconf 87' lang='lat' dir='ltr'><strong>dicit.</strong></span> <span class='ocrx_word' id='word_1_893' title='bbox 2674 5062 2784 5117; x_wconf 90' lang='lat' dir='ltr'><strong>Hoc</strong></span> <span class='ocrx_word' id='word_1_894' title='bbox 2804 5062 2975 5131; x_wconf 89' lang='lat' dir='ltr'><strong>ipsum</strong></span> <span class='ocrx_word' id='word_1_895' title='bbox 3008 5062 3179 5115; x_wconf 88' lang='lat' dir='ltr'><strong>munit</strong></span> <span class='ocrx_word' id='word_1_896' title='bbox 3198 5062 3441 5132; x_wconf 81' lang='lat' dir='ltr'><strong>exetnplo</strong></span> 
     </span>
    </p>
   </div>
   <div class='ocr_carea' id='block_1_106' title="bbox 1868 5155 3439 5226">
    <p class='ocr_par' dir='ltr' id='par_1_106' title="bbox 1868 5155 3439 5226">
     <span class='ocr_line' id='line_1_106' title="bbox 1868 5155 3439 5226; baseline -0.002 -14"><span class='ocrx_word' id='word_1_897' title='bbox 1868 5158 2166 5226; x_wconf 67' lang='lat' dir='ltr'><strong>Prophetre,</strong></span> <span class='ocrx_word' id='word_1_898' title='bbox 2191 5157 2560 5209; x_wconf 79' lang='lat' dir='ltr'><strong>beatitudinem</strong></span> <span class='ocrx_word' id='word_1_899' title='bbox 2582 5157 2805 5209; x_wconf 83' lang='lat' dir='ltr'><strong>hominis</strong></span> <span class='ocrx_word' id='word_1_900' title='bbox 2832 5156 2914 5209; x_wconf 90' lang='lat' dir='ltr'><strong>cui</strong></span> <span class='ocrx_word' id='word_1_901' title='bbox 2944 5155 3084 5207; x_wconf 77' lang='lat' dir='ltr'><strong>Deus</strong></span> <span class='ocrx_word' id='word_1_902' title='bbox 3110 5165 3315 5223; x_wconf 83' lang='lat' dir='ltr'><strong>accepto</strong></span> <span class='ocrx_word' id='word_1_903' title='bbox 3338 5156 3439 5223; x_wconf 83' lang='lat' dir='ltr'><strong>fert</strong></span> 
     </span>
    </p>
   </div>
   <div class='ocr_carea' id='block_1_107' title="bbox 1857 5245 3440 5319">
    <p class='ocr_par' dir='ltr' id='par_1_107' title="bbox 1857 5245 3440 5319">
     <span class='ocr_line' id='line_1_107' title="bbox 1857 5245 3440 5319; baseline -0.003 -16"><span class='ocrx_word' id='word_1_904' title='bbox 1857 5251 2118 5319; x_wconf 81' lang='lat' dir='ltr'><strong>justitiam</strong></span> <span class='ocrx_word' id='word_1_905' title='bbox 2138 5251 2245 5301; x_wconf 82' lang='lat' dir='ltr'><strong>sine</strong></span> <span class='ocrx_word' id='word_1_906' title='bbox 2260 5248 2514 5316; x_wconf 81' lang='lat' dir='ltr'><strong>operibus.</strong></span> <span class='ocrx_word' id='word_1_907' title='bbox 2541 5246 2733 5300; x_wconf 80' lang='lat' dir='ltr'><strong>Beatos</strong></span> <span class='ocrx_word' id='word_1_908' title='bbox 2749 5245 2977 5308; x_wconf 78' lang='lat' dir='ltr'><strong>dicit,de</strong></span> <span class='ocrx_word' id='word_1_909' title='bbox 2996 5246 3188 5314; x_wconf 86' lang='lat' dir='ltr'><strong>quibus</strong></span> <span class='ocrx_word' id='word_1_910' title='bbox 3201 5245 3305 5299; x_wconf 86' lang='lat' dir='ltr'><strong>hoc</strong></span> <span class='ocrx_word' id='word_1_911' title='bbox 3316 5260 3440 5305; x_wconf 81' lang='lat' dir='ltr'><strong>san-</strong></span> 
     </span>
    </p>
   </div>
   <div class='ocr_carea' id='block_1_108' title="bbox 1865 5334 3436 5407">
    <p class='ocr_par' dir='ltr' id='par_1_108' title="bbox 1865 5334 3436 5407">
     <span class='ocr_line' id='line_1_108' title="bbox 1865 5334 3436 5407; baseline -0.004 -12"><span class='ocrx_word' id='word_1_912' title='bbox 1865 5344 1967 5407; x_wconf 87' lang='lat' dir='ltr'><strong>xit,</strong></span> <span class='ocrx_word' id='word_1_913' title='bbox 1991 5353 2048 5396; x_wconf 93' lang='lat' dir='ltr'><strong>ut</strong></span> <span class='ocrx_word' id='word_1_914' title='bbox 2070 5344 2184 5397; x_wconf 88' lang='lat' dir='ltr'><strong>sine</strong></span> <span class='ocrx_word' id='word_1_915' title='bbox 2209 5340 2389 5394; x_wconf 91' lang='lat' dir='ltr'><strong>labore</strong></span> <span class='ocrx_word' id='word_1_916' title='bbox 2413 5349 2467 5394; x_wconf 91' lang='lat' dir='ltr'><strong>et</strong></span> <span class='ocrx_word' id='word_1_917' title='bbox 2492 5341 2667 5407; x_wconf 89' lang='lat' dir='ltr'><strong>aliqua</strong></span> <span class='ocrx_word' id='word_1_918' title='bbox 2694 5338 3071 5391; x_wconf 89' lang='lat' dir='ltr'><strong>observatione</strong></span> <span class='ocrx_word' id='word_1_919' title='bbox 3092 5336 3202 5390; x_wconf 87' lang='lat' dir='ltr'><strong>sola</strong></span> <span class='ocrx_word' id='word_1_920' title='bbox 3226 5336 3329 5390; x_wconf 89' lang='lat' dir='ltr'><strong>ﬁde</strong></span> <span class='ocrx_word' id='word_1_921' title='bbox 3346 5334 3436 5403; x_wconf 87' lang='lat' dir='ltr'><strong>ju-</strong></span> 
     </span>
    </p>
   </div>
   <div class='ocr_carea' id='block_1_109' title="bbox 1864 5425 3433 5499">
    <p class='ocr_par' dir='ltr' id='par_1_109' title="bbox 1864 5425 3433 5499">
     <span class='ocr_line' id='line_1_109' title="bbox 1864 5425 3433 5499; baseline -0.006 -11"><span class='ocrx_word' id='word_1_922' title='bbox 1864 5434 2162 5488; x_wconf 88' lang='lat' dir='ltr'><strong>stiﬁcentur</strong></span> <span class='ocrx_word' id='word_1_923' title='bbox 2194 5431 2333 5499; x_wconf 90' lang='lat' dir='ltr'><strong>apud</strong></span> <span class='ocrx_word' id='word_1_924' title='bbox 2360 5431 2547 5483; x_wconf 91' lang='lat' dir='ltr'><strong>Deum.</strong></span> <span class='ocrx_word' id='word_1_925' title='bbox 2581 5428 2860 5497; x_wconf 88' lang='lat' dir='ltr'><strong>Temporis</strong></span> <span class='ocrx_word' id='word_1_926' title='bbox 2882 5442 3011 5495; x_wconf 85' lang='lat' dir='ltr'><strong>ergo</strong></span> <span class='ocrx_word' id='word_1_927' title='bbox 3052 5425 3433 5479; x_wconf 82' lang='lat' dir='ltr'><strong>beatitudinem</strong></span> 
     </span>
    </p>
   </div>
   <div class='ocr_carea' id='block_1_110' title="bbox 1861 5514 3435 5594">
    <p class='ocr_par' dir='ltr' id='par_1_110' title="bbox 1861 5514 3435 5594">
     <span class='ocr_line' id='line_1_110' title="bbox 1861 5514 3435 5594; baseline -0.007 -15"><span class='ocrx_word' id='word_1_928' title='bbox 1861 5526 2136 5594; x_wconf 75' lang='lat' dir='ltr'><strong>praedicat,</strong></span> <span class='ocrx_word' id='word_1_929' title='bbox 2158 5538 2263 5591; x_wconf 86' lang='lat' dir='ltr'><strong>quo</strong></span> <span class='ocrx_word' id='word_1_930' title='bbox 2290 5531 2449 5575; x_wconf 90' lang='lat' dir='ltr'><strong>natus</strong></span> <span class='ocrx_word' id='word_1_931' title='bbox 2477 5529 2558 5574; x_wconf 89' lang='lat' dir='ltr'><strong>est</strong></span> <span class='ocrx_word' id='word_1_932' title='bbox 2587 5520 2853 5584; x_wconf 87' lang='lat' dir='ltr'><strong>Christus,</strong></span> <span class='ocrx_word' id='word_1_933' title='bbox 2880 5518 3018 5572; x_wconf 89' lang='lat' dir='ltr'><strong>sicut</strong></span> <span class='ocrx_word' id='word_1_934' title='bbox 3047 5517 3159 5584; x_wconf 88' lang='lat' dir='ltr'><strong>ipse</strong></span> <span class='ocrx_word' id='word_1_935' title='bbox 3180 5514 3435 5568; x_wconf 87' lang='lat' dir='ltr'><strong>Dominus</strong></span> 
     </span>
    </p>
   </div>
   <div class='ocr_carea' id='block_1_111' title="bbox 1863 5603 3431 5682">
    <p class='ocr_par' dir='ltr' id='par_1_111' title="bbox 1863 5603 3431 5682">
     <span class='ocr_line' id='line_1_111' title="bbox 1863 5603 3431 5682; baseline -0.007 -15"><span class='ocrx_word' id='word_1_936' title='bbox 1863 5616 1939 5669; x_wconf 90' lang='lat' dir='ltr'><strong>ait</strong></span> <span class='ocrx_word' id='word_1_937' title='bbox 1970 5634 1981 5667; x_wconf 87' lang='lat'>:</span> <span class='ocrx_word' id='word_1_938' title='bbox 2017 5613 2171 5673; x_wconf 75' lang='lat' dir='ltr'><strong>Multi</strong></span> <span class='ocrx_word' id='word_1_939' title='bbox 2192 5612 2331 5682; x_wconf 81' lang='lat' dir='ltr'><strong>justi</strong></span> <span class='ocrx_word' id='word_1_940' title='bbox 2369 5620 2414 5664; x_wconf 84' lang='lat' dir='ltr'><strong>et</strong></span> <span class='ocrx_word' id='word_1_941' title='bbox 2442 5610 2703 5679; x_wconf 71' lang='lat' dir='ltr'><strong>propheta:</strong></span> <span class='ocrx_word' id='word_1_942' title='bbox 2721 5609 2991 5669; x_wconf 83' lang='lat' dir='ltr'><strong>cupierunt</strong></span> <span class='ocrx_word' id='word_1_943' title='bbox 3022 5606 3191 5659; x_wconf 85' lang='lat' dir='ltr'><strong>videre</strong></span> <span class='ocrx_word' id='word_1_944' title='bbox 3210 5620 3325 5674; x_wconf 75' lang='lat' dir='ltr'><strong>qua:</strong></span> <span class='ocrx_word' id='word_1_945' title='bbox 3349 5603 3431 5657; x_wconf 80' lang='lat' dir='ltr'><strong>vi-</strong></span> 
     </span>
    </p>
   </div>
   <div class='ocr_carea' id='block_1_112' title="bbox 1861 5692 3427 5772">
    <p class='ocr_par' dir='ltr' id='par_1_112' title="bbox 1861 5692 3427 5772">
     <span class='ocr_line' id='line_1_112' title="bbox 1861 5692 3427 5772; baseline -0.008 -12"><span class='ocrx_word' id='word_1_946' title='bbox 1861 5707 2013 5771; x_wconf 84' lang='lat' dir='ltr'><strong>detis,</strong></span> <span class='ocrx_word' id='word_1_947' title='bbox 2030 5705 2272 5759; x_wconf 84' lang='lat' dir='ltr'><strong>etaudlre</strong></span> <span class='ocrx_word' id='word_1_948' title='bbox 2296 5717 2415 5772; x_wconf 65' lang='lat' dir='ltr'><strong>qua</strong></span> <span class='ocrx_word' id='word_1_949' title='bbox 2441 5700 2655 5764; x_wconf 85' lang='lat' dir='ltr'><strong>auditis,</strong></span> <span class='ocrx_word' id='word_1_950' title='bbox 2684 5708 2732 5753; x_wconf 85' lang='lat' dir='ltr'><strong>et</strong></span> <span class='ocrx_word' id='word_1_951' title='bbox 2756 5716 2858 5752; x_wconf 81' lang='lat' dir='ltr'><strong>non</strong></span> <span class='ocrx_word' id='word_1_952' title='bbox 2884 5697 3160 5750; x_wconf 81' lang='lat' dir='ltr'><strong>audierunt</strong></span> <span class='ocrx_word' id='word_1_953' title='bbox 3182 5693 3330 5765; x_wconf 84' lang='lat' dir='ltr'><strong>(Luc.</strong></span> <span class='ocrx_word' id='word_1_954' title='bbox 3350 5692 3427 5764; x_wconf 70' lang='grc' dir='ltr'><strong>χ).</strong></span> 
     </span>
    </p>
   </div>
   <div class='ocr_carea' id='block_1_113' title="bbox 1931 5780 3441 5865">
    <p class='ocr_par' dir='ltr' id='par_1_113' title="bbox 1931 5780 3441 5865">
     <span class='ocr_line' id='line_1_113' title="bbox 1931 5780 3441 5865; baseline -0.011 -14"><span class='ocrx_word' id='word_1_955' title='bbox 1931 5796 2079 5851; x_wconf 86' lang='lat' dir='ltr'><strong>Beati</strong></span> <span class='ocrx_word' id='word_1_956' title='bbox 2110 5780 2330 5865; x_wconf 78' lang='lat' dir='ltr'><strong>quorum</strong></span> <span class='ocrx_word' id='word_1_957' title='bbox 2365 5790 2591 5846; x_wconf 72' lang='lat' dir='ltr'><strong>remisse</strong></span> <span class='ocrx_word' id='word_1_958' title='bbox 2628 5798 2748 5845; x_wconf 87' lang='lat' dir='ltr'><strong>sunt</strong></span> <span class='ocrx_word' id='word_1_959' title='bbox 2773 5788 3089 5852; x_wconf 77' lang='lat' dir='ltr'><strong>iniquitates,</strong></span> <span class='ocrx_word' id='word_1_960' title='bbox 3123 5795 3169 5839; x_wconf 82' lang='lat' dir='ltr'><strong>et</strong></span> <span class='ocrx_word' id='word_1_961' title='bbox 3206 5796 3441 5853; x_wconf 68' lang='lat' dir='ltr'><strong>quorum</strong></span> 
     </span>
    </p>
   </div>
  </div>
