3960 6324
534 336 669 397 1551

1169 334 1229 388 a.
1270 292 1522 388 niam
1556 326 1775 386 MAURI
1813 326 2130 384 ARCHIEP.
2169 323 2776 383 manummanum
2810 323 2991 379 rans
3018 324 3104 379 ιιι.

3660 322 3791 378 1352

528 456 663 504 tecta
685 452 807 500 sunt
834 450 1047 514 peccata
1076 458 1094 495 :
1120 441 1299 494 beatus
1337 440 1416 494 vir
1443 440 1527 492 cui
1570 454 1673 492 non
1711 436 1983 507 imputavit
2013 434 2122 489 Do-
2147 441 2198 501 Α
2222 444 2281 489 ιιι
2310 436 2524 505 penitus
2559 436 2809 491 ostendat
2841 450 2949 490 non
2998 450 3155 506 posse
3192 435 3484 503 iustiﬁcari
3526 434 3793 490 hominem

530 539 703 592 minus
739 542 1026 605 peccatum.
1070 529 1357 585 Manifeste
1395 528 1539 584 beati
1580 536 1730 602 sunt,
1764 526 1958 597 quibus
2002 526 2116 579 sine

518 626 718 687 labore
745 624 923 694 aliquo
964 621 1310 677 remittuntur
1350 619 1661 688 iniquitates
1695 626 1749 671 et
1785 622 2003 686 peccata
2041 622 2117 669 te-

534 725 751 789 guntur,
781 712 924 768 nulla
951 712 1019 767 ab
1040 711 1125 767 his
1152 710 1407 779 requisita
1442 707 1777 778 ptenitentiae
1802 719 1987 775 Opera,
2014 704 2119 759 nisi

535 817 745 864 tantum
778 814 840 861 ut
869 806 1110 861 credant.
1142 804 1342 857 Beatus
1366 802 1533 857 etiam
1570 801 1658 855 hic
1680 800 1763 853 vir
1791 805 1875 853 est
1903 799 1986 851 cui
2016 813 2120 851 non

534 897 806 969 imputavit
860 897 1114 950 Dominus
1159 902 1449 965 peccatum.
1497 892 1797 947 Remittere
1836 898 1891 945 et
1935 897 2121 957 tegere

535 996 591 1046 et
615 1005 720 1045 non
748 988 1013 1056 imputare
1032 999 1139 1039 una
1168 984 1308 1039 ratio
1332 992 1388 1038 et
1414 999 1553 1038 unus
1580 990 1665 1037 est
1692 995 1915 1044 sensus;
1941 977 2122 1033 omnia

533 1083 681 1139 enim
722 1094 833 1134 uno
875 1078 1033 1134 modo
1081 1078 1392 1132 obtinentur
1438 1083 1493 1129 et
1546 1074 1833 1129 donantur.
1896 1069 2123 1125 Videtur

534 1186 718 1233 autem
750 1173 1074 1245 quibusdam
1103 1170 1373 1240 tripartita
1404 1167 1541 1221 ratio
1574 1167 1629 1221 in
1660 1166 1746 1220 his
1780 1164 1960 1229 dictis,
1998 1162 2122 1233 quia

534 1264 766 1323 diversis
786 1262 1049 1334 propheta
1076 1260 1255 1314 verbis
1291 1273 1421 1312 usus
1462 1265 1564 1323 est,
1606 1264 1663 1311 et
1694 1256 1821 1325 quia
1859 1269 1889 1308 a
1930 1250 2123 1323 plurali

534 1368 764 1411 numero
796 1353 863 1407 ad
903 1349 1229 1421 singularem
1266 1347 1573 1417 descendit;
1616 1362 1737 1401 cum
1786 1345 1931 1399 enim
1960 1343 2125 1397 verba

536 1448 632 1505 Dei
663 1449 719 1502 in
747 1447 1048 1501 ubertatem
1071 1442 1279 1513 gratiae,
1302 1442 1428 1511 quia
1442 1439 1650 1509 peccati
1673 1438 1887 1493 nomina
1914 1436 2125 1490 diversa

537 1547 687 1605 sunt,
716 1552 819 1609 per,
844 1534 1160 1591 delictorum
1183 1530 1439 1587 vocabula
1466 1542 1785 1584 enumerare
1809 1524 1944 1590 vult,
1968 1523 2127 1581 latius

538 1630 751 1687 locutus
780 1638 895 1693 est;
932 1625 1093 1679 unius
1128 1632 1307 1677 tamen
1334 1618 1746 1691 signiﬁcationis
1781 1625 1907 1672 sunt
1939 1615 2123 1679 verba,

537 1719 664 1791 quia
694 1726 749 1773 et
780 1731 904 1771 cum
928 1715 1079 1785 tegit,
1112 1711 1361 1777 remittit,
1389 1718 1590 1765 etcum
1616 1708 1865 1770 remittit,
1896 1721 2003 1760 non
2033 1705 2131 1759 im-

2218 542 2315 596 per
2341 527 2511 598 legem
2553 528 2691 596 apud
2728 528 2916 593 Deum,
2955 542 3127 598 neque
3160 529 3578 598 promissionem
3604 544 3699 598 per
3721 536 3793 582 te-

2221 632 2339 688 gem
2371 618 2486 672 ﬁeri
2517 620 2774 688 potuisse.
2805 618 2936 683 Lex,
2981 620 3076 683 ait,
3122 619 3257 673 iram
3288 629 3573 686 operatur,
3604 618 3668 673 ad
3699 620 3795 673 hoc

2220 710 2366 764 enim
2411 710 2536 763 data
2579 718 2665 765 est
2710 719 2768 764 ut
2807 724 2932 764 reos
2972 708 3173 764 faceret
3201 708 3578 778 delinquentes
3614 726 3628 761 :
3668 708 3798 762 ﬁdes

2222 809 2401 855 autem
2442 802 2639 856 donum
2699 808 2781 856 est
2827 800 3208 856 misericordiae
3250 800 3369 863 Dei,
3406 807 3469 853 ut
3497 815 3596 869 per
3631 799 3796 870 legem

2221 891 2301 945 rei
2340 890 2492 954 facti,
2533 892 2747 945 veniam
2790 900 3211 960 consequantur.
3264 890 3471 947 Idcirco
3508 891 3641 945 ﬁdes
3675 908 3801 962 gau-

2222 982 2367 1037 dium
2403 991 2673 1052 operatur,
2707 998 2817 1037 non
2851 991 3039 1039 contra
3072 981 3240 1052 legem
3275 980 3535 1050 loquitur,
3578 981 3671 1033 sed
3713 996 3803 1033 an-

2223 1075 2427 1143 teponit
2456 1073 2532 1128 illi
2564 1072 2743 1137 ﬁdem,
2777 1072 2901 1142 quia
2929 1071 3020 1142 qui
3052 1086 3147 1139 per
3180 1071 3349 1140 legem
3378 1070 3511 1125 salvi
3548 1084 3670 1125 esse
3700 1083 3801 1121 non

2220 1172 2493 1234 poterant,
2534 1163 2706 1234 gratia
2744 1163 2841 1217 Dei
2862 1162 3135 1217 salvantur
3166 1177 3262 1231 per
3289 1161 3469 1215 ﬁdem.
3522 1159 3641 1214 Non
3680 1174 3805 1229 ergo

2223 1253 2310 1309 lex
2338 1255 2417 1309 ira
2449 1263 2555 1321 est,
2578 1255 2671 1309 sed
2712 1254 2845 1308 iram
2869 1262 3129 1323 operatur
3156 1252 3423 1322 peccanti,
3461 1252 3513 1306 id
3552 1261 3656 1315 est,
3690 1265 3804 1321 p0”:-

2225 1360 2375 1410 nam,
2412 1345 2536 1400 dum
2571 1360 2677 1399 non
2716 1345 2962 1416 ignoscit,
2991 1344 3083 1399 sed
3124 1342 3376 1398 vindicat.
3425 1340 3610 1413 (Aug.)
3645 1340 3804 1394 Pana

2225 1434 2371 1488 enim
2408 1448 2505 1503 per
2553 1434 2688 1489 iram
2742 1443 3048 1504 generatur.
3086 1433 3169 1487 Ira
3221 1443 3401 1487 autem
3451 1433 3697 1486 nascitur
3745 1446 3805 1484 ex

2226 1532 2480 1595 peccato;
2510 1540 2572 1579 ac
2596 1540 2694 1594 per
2720 1526 2824 1579 hoc
2850 1524 3078 1593 relinqui
3110 1523 3223 1578 vult
3242 1522 3432 1594 legem,
3468 1534 3527 1576 ut
3558 1524 3625 1575 ad
3654 1521 3806 1575 ﬁdem

2228 1612 2722 1683 confugiatur,qu:e
2751 1612 2948 1668 delicta
2979 1612 3288 1684 agnoscitur
3308 1610 3537 1665 solvere.
3562 1608 3809 1664 Destrue-

2230 1712 2378 1757 retur
2398 1704 2703 1773 promissio,
2730 1703 2774 1758 si
2799 1719 2863 1758 ex
2896 1702 3012 1773 lege
3037 1702 3319 1771 quisquam
3348 1694 3528 1768 justus
3559 1710 3732 1762 esset;
3767 1699 3807 1752 si

536 1789 730 1883 putat;
778 1807 843 1861 ad
869 1807 1081 1862 laudem
1120 1794 1307 1877 gratia:
1341 1803 1436 1859 Dei
1475 1802 1738 1874 prolixius
1778 1799 2040 1868 loquitur,
2072 1803 2132 1850 ut
2163 1789 2207 1849 Β
2232 1795 2374 1849 enim
2411 1794 2502 1863 qui
2537 1810 2604 1849 ex
2645 1795 2762 1864 lege
2802 1795 3042 1848 bteredes
3076 1800 3224 1857 sunt,
3252 1791 3525 1845 exinanita
3550 1799 3635 1844 est
3662 1789 3807 1853 ﬁdes,

540 1902 833 1974 ampliﬁcet
855 1899 1109 1971 gratiam.
1164 1897 1299 1952 Tres
1322 1895 1470 1951 enim
1506 1894 1705 1965 gradus
1734 1892 1881 1957 fecit,
1914 1896 2135 1961 propter

540 1994 858 2063 delictorum
875 1991 1226 2046 varietatem:
1245 2003 1475 2058 quorum
1498 1987 1707 2056 primus
1726 1984 1923 2055 gradus
1938 1980 2138 2051 iniqui-

542 2086 625 2141 tas
647 2093 729 2140 est
748 2082 831 2137 vel
862 2082 1144 2152 impietas;
1170 2080 1295 2133 dum
1321 2092 1428 2132 non
1449 2076 1759 2147 agnoscitur
1783 2080 2012 2129 creator.
2042 2069 2141 2125 Se-

541 2176 749 2236 cuudus
769 2174 823 2227 in
847 2171 1089 2243 gravium
1110 2177 1455 2241 peccatorum
1482 2165 1754 2237 Operibus.
1773 2162 1990 2218 Tertius
2010 2175 2139 2215 vero

540 2267 741 2327 levium
771 2283 784 2319 :
817 2266 919 2319 hos
954 2272 1137 2317 tamen
1174 2274 1364 2316 omnes
1401 2260 1455 2314 in
1482 2258 1807 2327 baptismate
1841 2251 2136 2308 obliterari.

543 2357 740 2412 Tribus
767 2355 855 2411 his
884 2353 1138 2426 gradibus
1158 2337 1551 2420 totius'peccati
1579 2362 1773 2417 corpus
1794 2342 2136 2415 signiﬁcavit.

543 2445 1005 2515 Quemadmodum
1031 2451 1211 2498 autem
1241 2441 1308 2496 ad
1327 2438 1703 2511 paenitentiam
1730 2450 2016 2505 personam
2044 2446 2142 2502 po-

542 2546 650 2594 test
663 2538 951 2611 pertinere,
976 2550 1099 2590 cum
1119 2533 1269 2597 dicit,
1292 2531 1462 2597 Beati,
1484 2543 1709 2601 quorum
1729 2535 1864 2581 tecta
1888 2532 2009 2578 sunt
2030 2539 2141 2593 pec—

543 2638 695 2694 cata;
727 2644 850 2684 cum
884 2634 1095 2683 constet
1112 2623 1459 2695 'pmnitentes
1489 2621 1675 2674 labore
1712 2626 1767 2672 et
1806 2615 2010 2687 gemitu
2056 2628 2141 2668 re—

490 2764 491 2767 η
542 2722 859 2779 missionem
875 2727 1220 2791 peccatorum
1247 2714 1561 2786 acquirere?
1578 2720 1673 2767 aut
1702 2710 1971 2781 quomodo
1998 2721 2142 2761 mar-

541 2817 685 2888 tyrio
712 2813 983 2885 congruit,
1008 2811 1152 2881 quod
1173 2809 1305 2865 dicit
1335 2826 1347 2861 :
1376 2806 1570 2861 Beatus
1592 2805 1688 2865 vir,
1719 2803 1804 2856 cui
1828 2818 1945 2888 lnon
1969 2801 2140 2868 impu-

542 2910 670 2964 tavit
705 2906 959 2961 Dominus
1000 2912 1291 2975 peccatum,
1331 2915 1456 2955 cum
1483 2898 1720 2954 sciamus
1751 2880 1976 2964 gloriam
1996 2907 2140 2946 mar-

543 2999 669 3070 tyrii
709 2996 1052 3068 passionibus
1080 3003 1137 3049 et
1175 2992 1447 3062 pressaris
1480 2987 1723 3057 acquiri?
1749 2986 2017 3054 Propheta
2046 2998 2142 3057 au-

542 3099 654 3146 tem
679 3099 890 3159 tempus
932 3086 1061 3141 felix
1108 3084 1412 3154 praevidens
1454 3082 1509 3136 in
1554 3077 1852 3134 Salvatoris
1885 3075 2133 3135 adventu,

2238 1894 2493 1941 evacuata
2516 1893 2595 1939 est
2626 1884 2931 1955 promissio.
2972 1882 3085 1938 Lex
3118 1882 3261 1938 enim
3292 1882 3428 1935 iram
3465 1891 3723 1950 operatur
3750 1880 3811 1932 ad

2238 1975 2340 2030 hoc
2375 1976 2559 2044 utique
2582 1976 2648 2029 ad
2681 1975 2817 2029 iram
2845 1974 3175 2028 evadendam
3216 1972 3310 2026 Dei
3360 1972 3534 2041 gratia
3578 1972 3814 2040 requira-

2239 2074 2348 2119 tur.
2374 2066 2485 2120 Cur
2508 2081 2614 2121 non
2645 2064 2943 2129 attenditis,
2972 2078 3121 2133 rogo,
3150 2062 3406 2116 ideo‘non
3427 2074 3549 2116 esse
3579 2060 3816 2114 btnredes

2239 2172 2307 2211 ex
2348 2158 2484 2228 lege,
2529 2158 2654 2228 quia
2689 2157 2773 2211 lex
2820 2157 2956 2210 iram
2992 2154 3284 2227 ‘Operatur‘i
3310 2154 3401 2208 ubi
3432 2153 3579 2207 enim
3611 2167 3715 2205 non
3742 2160 3817 2203 est

2241 2248 2347 2314 lex,
2375 2263 2475 2303 nec
2514 2246 2925 2319 praevaricatio:
2955 2246 3077 2299 ideo
3115 2252 3292 2299 autem
3333 2259 3401 2298 ex
3442 2241 3816 2313 promissione,

2241 2339 2363 2410 quia
2390 2340 2531 2394 Deus
2560 2339 2701 2409 quod
2722 2337 2969 2409 promisit
2992 2336 3107 2404 ipse
3126 2334 3273 2399 facit,
3315 2335 3404 2403 qui
3446 2334 3592 2387 enim
3629 2346 3819 2401 praece—

2240 2438 2331 2499 pta
2358 2429 2492 2499 legis
2522 2428 2744 2494 implere
2795 2441 2852 2480 se
2904 2431 3077 2495 putat,
3126 2437 3224 2493 per
3279 2421 3561 2475 arbitrium
3615 2420 3817 2490 proprie

2241 2518 2535 2573 voluntatis
2581 2517 2696 2571 sine
2730 2515 2921 2586 spiritu
2958 2512 3165 2584 gratiae,
3212 2526 3364 2566 suam
3404 2511 3674 2581 justitiam
3717 2509 3820 2563 vult

2244 2610 2586 2672 constituere,
2618 2624 2721 2663 non
2744 2606 3008 2675 justitiam
3029 2604 3126 2657 Dei
3149 2616 3382 2658 sumere.
3405 2599 3607 2671 (Orig.)
3635 2602 3817 2655 Verum

2240 2703 2367 2758 utin
2402 2701 2767 2771 superioribus
2793 2712 2935 2768 saepe
2956 2696 3067 2767 jam
3096 2693 3346 2759 diximus,
3377 2692 3620 2746 diversas
3651 2692 3701 2744 in
3727 2693 3819 2744 hac

2242 2796 2480 2867 Epistola
2505 2778 2649 2864 leges
2673 2790 2959 2861 Apostolus
2978 2786 3288 2851 introducit,
3327 2793 3383 2839 et
3415 2798 3560 2838 nunc
3596 2783 3822 2854 loquitur

2243 2890 2308 2943 de
2335 2887 2475 2958 Lege
2499 2884 2681 2956 Moysi,
2720 2896 2860 2937 nunc
2891 2881 3062 2951 legem
3094 2877 3216 2931 ﬁdei
3240 2876 3508 2951 nominat,
3537 2877 3677 2931 sicut
3700 2891 3821 2929 eum

2243 2979 2371 3034 dicit
2401 2998 2413 3031 :
2446 2975 2544 3031 Ubi
2577 2986 2652 3029 est
2687 2990 2805 3044 ergo
2851 2970 3094 3042 gloriatio
3133 2968 3273 3021 tua?
3320 2966 3555 3021 Exclusa
3587 2976 3682 3021 est.
3723 2965 3821 3020 Per

2242 3084 2399 3139 quam
2427 3065 2629 3136 legem?
2662 3061 2931 3132 Operam?
2958 3059 3099 3124 Non,
3127 3058 3217 3111 sed
3236 3074 3329 3127 per
3354 3057 3519 3128 legem
3541 3058 3699 3126 ﬁdei;
3729 3059 3822 3110 du-

541 3178 734 3235 beatos
756 3143 1049 3246 nimcupat,
1074 3143 1269 3245 quibus
1294 3172 1413 3226 sine
1440 3171 1625 3225 labore
1663 3167 1746 3223 vel
1774 3166 1951 3236 aliquo
1973 3178 2136 3233 opere
2163 3143 2207 3205 Ο
2240 3149 2320 3211 cit
2360 3163 2619 3226 praeterea
2664 3160 2717 3207 et
2758 3150 2894 3204 alias
2939 3148 3082 3218 leges
3119 3148 3185 3202 de
3231 3147 3426 3216 ιιυὶὺυε
3464 3148 3597 3201 die"
3627 3166 3640 3199 ε
3678 3146 3827 3201 Can-

542 3285 641 3341 per
664 3269 940 3323 lavacrum
970 3267 1349 3329 remittuntur;
1377 3271 1434 3319 et
1456 3268 1731 3332 teguntur,
1758 3268 1813 3314 et
1833 3274 1937 3313 non
1965 3259 2139 3325 impu-

543 3370 732 3418 tantur
768 3369 1010 3431 peecata.
1041 3357 1331 3427 Apostolus
1373 3364 1552 3410 tamen
1583 3360 1802 3423 propter
1844 3348 2136 3420 plenitudi-

545 3467 671 3507 nem
693 3459 995 3521 temporum
1017 3489 1032 3514 ,
1077 3456 1132 3503 et
1167 3448 1295 3516 quia
1319 3446 1439 3515 plus
1466 3445 1653 3515 gratia:
1680 3444 1734 3497 in
1774 3440 2031 3510 apostolis
2056 3446 2140 3494 est

546 3556 709 3612 quam
749 3538 850 3593 fuit
896 3539 949 3593 in
995 3538 1302 3609 prophetis,
1342 3535 1548 3605 majora
1572 3540 2046 3603 protestatur'qum
2070 3544 2138 3584 ex

546 3635 687 3688 dono
708 3630 1047 3701 baptismatis
1096 3612 1496 3697 consequimur,
1541 3624 1667 3695 quia
1700 3638 1807 3678 non
1849 3622 2020 3677 solum
2054 3636 2139 3674 re-

547 3724 861 3780 missionem
898 3730 1239 3793 peccatorum
1272 3718 1518 3788 accipere
1552 3732 1671 3780 nos,
1720 3714 1814 3769 sed
1855 3721 1910 3768 et
1939 3710 2141 3779 justiﬁ-

548 3814 685 3878 cari,
702 3820 755 3866 et
773 3811 911 3865 ﬁlios
929 3810 1024 3864 Dei
1042 3808 1158 3863 ﬁeri
1179 3807 1481 3877 prolitctur,
1502 3812 1562 3858 ut
1583 3802 1858 3858 beatitudo
1881 3802 1996 3855 haec
2017 3815 2139 3869 per-

549 3904 749 3960 fectam
787 3904 984 3959 habeat
1012 3910 1064 3956 et
1104 3900 1449 3955 securitatem
1479 3905 1533 3951 et
1561 3895 1805 3966 gloriam.
1837 3891 1988 3946 Beati
2015 3906 2140 3961 quo-

551 4014 668 4050 rum
695 3996 922 4049 remissae
960 4000 1077 4046 sunt
1114 3991 1432 4061 iniquitates,
1476 3997 1525 4041 et
1567 4002 1811 4057 quorum,
1852 3992 1984 4037 tecta
2017 3991 2138 4036 sunt

549 4096 780 4159 peccata.
820 4083 1016 4158 (Orig)
1045 4084 1302 4152 lniquitas
1328 4098 1457 4137 sane
1491 4097 1523 4134 a
1559 4090 1780 4149 peccato
1810 4078 1950 4132 hanc
1976 4074 2141 4129 habet

552 4176 934 4241 diﬁ‘erentiam,
961 4175 1109 4251 quod
1150 4174 1405 4241 iniquitas
1442 4172 1495 4225 in
1541 4171 1625 4225 his
1662 4170 1860 4225 dicitur
1900 4181 2018 4237 qua:
2057 4171 2141 4218 est

553 4268 659 4322 ista
682 4266 891 4336 justitia
938 4265 1081 4336 ﬁdei,
1125 4264 1191 4319 de
1226 4279 1331 4333 qua
1369 4263 1421 4317 in
1462 4260 1830 4331 superioribus
1861 4257 2136 4319 scribitur,

552 4366 615 4411 ut
645 4372 784 4425 saepe
804 4357 915 4425 jam
947 4355 1201 4417 diximus,
1228 4354 1356 4423 quia
1392 4352 1611 4406 credidit
1638 4351 1903 4404 Abraham
1930 4347 2060 4412 Deo,
2090 4354 2138 4399 et

554 4458 853 4520 reputatum
879 4455 953 4500 est
994 4445 1071 4498 illi
1111 4444 1177 4498 ad
1213 4444 1511 4515 justitiam,
1547 4457 1649 4495 nec
1694 4438 1963 4494 immerito
2004 4437 2139 4507 legis

553 4538 897 4596 observantia
933 4549 1148 4605 pmnam
1191 4531 1560 4587 tantummodo
1598 4527 1805 4597 effugit,
1847 4527 1969 4582 ﬁdei
2012 4542 2141 4582 vero

554 4633 809 4689 meritum
858 4644 1005 4699 spem
1052 4623 1483 4696 repromissionis
1512 4628 1807 4691 exspectat,
1857 4627 1910 4672 et
1944 4633 2146 4688 praece-

553 4732 709 4796 ptum
755 4720 925 4776 servis
969 4717 1214 4787 ponitur,
1264 4715 1395 4769 ﬁdes
1431 4713 1688 4782 quaeritur
1724 4712 1791 4765 ab
1835 4709 2043 4763 amicis.
2085 4707 2147 4762 Si

556 4818 692 4872 enim
714 4814 802 4886 qui
824 4830 887 4867 ea:
916 4804 1041 4881 lege',
1072 4809 1125 4861 hi
1155 4816 1276 4861 sunt
1304 4806 1553 4860 haeredes.
1584 4801 1887 4874 (Ambr.)ld
1910 4808 2012 4863 est,
2044 4799 2088 4852 si
2114 4799 2149 4852 ii

557 4908 649 4978 qui
674 4922 739 4960 ex
792 4905 909 4974 lege
935 4902 1019 4956 vel
1050 4900 1150 4955 sub
1176 4899 1289 4968 lege
1309 4904 1465 4961 sunt,
1497 4894 1739 4950 hmredes
1766 4907 1831 4947 ex
1856 4893 1975 4961 lege
2003 4896 2147 4952 sunt,

559 4976 834 5051 Evacuata
878 5001 952 5046 est
998 4990 1163 5059 ﬁdes,
1212 4987 1405 5042 abolita
1450 4994 1523 5039 est
1573 4981 1867 5053 promissio.
1920 4976 2144 5032 Manife-

560 5098 702 5144 stum
743 5094 827 5141 est
870 5085 1121 5154 quoniam
1163 5080 1207 5134 si
1241 5094 1307 5134 ex
1344 5077 1457 5146 lege
1494 5074 1812 5137 haereditas,
1860 5069 2147 5140 promissio

562 5195 682 5250 qua:
726 5193 793 5232 ex
841 5176 944 5229 ﬁde
984 5172 1125 5227 facta
1168 5177 1250 5224 est
1288 5167 1558 5221 Abraham
1588 5166 1640 5219 in
1671 5161 1945 5217 interitum
1976 5157 2141 5213 venit.

565 5248 671 5327 Sed
696 5284 803 5324 non
829 5275 913 5322 est
936 5279 1033 5337 per
1054 5263 1228 5334 legem
1249 5259 1391 5312 facta
1417 5255 1722 5327 promissio,
1757 5252 1851 5307 sed
1878 5266 1973 5320 per
1987 5248 2148 5321 justi-

565 5366 696 5421 tiam
726 5360 849 5416 ﬁdei
870 5358 1188 5427 haereditas;
1227 5351 1462 5409 ostendit
1506 5350 1651 5404 enim
1698 5345 1984 5415 Apostolus
2015 5341 2145 5412 quid

566 5457 640 5512 sit
662 5453 788 5509 mali
815 5449 1183 5505 hzereditatem
1210 5456 1430 5515 sperare
1456 5458 1521 5497 ex
1543 5441 1681 5510 lege.

640 5544 748 5598 Lex
794 5541 929 5595 enim
978 5538 1115 5591 iram
1158 5545 1419 5605 operatur.
1467 5531 1620 5597 Quod
1670 5538 1852 5583 autem
1903 5526 2011 5591 ait,
2064 5525 2146 5579 lex

570 5636 707 5690 enim
738 5634 872 5686 iram
903 5637 1149 5699 operatur
1168 5666 1181 5691 ,
1227 5626 1516 5679 vindictam
1559 5620 1825 5691 signiﬁcat
1858 5638 1868 5671 :
1903 5618 1971 5672 ad
1998 5617 2147 5670 illum

573 5724 865 5781 secundum
888 5720 1110 5783 gradum
1125 5716 1360 5776 pertinet
1388 5730 1509 5769 cum
1536 5720 1617 5769 est
1639 5712 1865 5782 quisque
1885 5709 1985 5765 sub
2007 5708 2144 5777 lege,

2242 3244 2468 3299 delector
2488 3244 2624 3296 enim
2658 3240 2756 3311 legi
2790 3238 2887 3293 Dei
2921 3237 3200 3292 secundum
3224 3237 3525 3290 interiorem
3551 3237 3823 3299 hominem,

2242 3338 2386 3391 video
2415 3346 2587 3389 autem
2617 3333 2777 3387 aliam
2807 3332 2968 3401 legem
2996 3330 3051 3382 in
3088 3328 3331 3382 membris
3371 3329 3499 3382 meis
3536 3345 3829 3398 repugnan-

2242 3437 2341 3481 tem
2373 3425 2472 3496 legi
2496 3425 2680 3478 mentis
2708 3437 2855 3485 meat,
2898 3428 2945 3474 et
2982 3420 3240 3488 captivum
3268 3434 3347 3472 me
3372 3418 3647 3472 ducentem
3677 3420 3730 3471 in
3755 3418 3829 3472 le-

2241 3504 2301 3588 ge
2328 3515 2523 3587 peccati
2545 3513 2722 3586 (Rom.
2756 3512 2885 3583 vu);
2912 3521 2967 3566 et
3003 3511 3077 3564 ita
3100 3511 3165 3564 de
3185 3526 3288 3564 una
3323 3510 3390 3565 ad
3417 3510 3642 3565 alteram
3665 3510 3831 3579 legem

2241 3608 2467 3672 transit,
2493 3615 2553 3660 ut
2577 3604 2681 3659 nisi
2699 3619 2888 3659 sensus
2916 3602 3142 3672 vigilans
3167 3610 3222 3655 et
3245 3602 3485 3657 intentus
3514 3602 3608 3667 sit,
3640 3603 3829 3671 depre-

2241 3700 2476 3756 hendere
2505 3712 2627 3751 eum
2653 3705 2708 3751 et
2732 3696 2883 3765 sequi
2912 3695 3001 3749 vix
3028 3695 3216 3765 possit.
3264 3693 3569 3749 Videndum
3597 3702 3681 3747 est
3706 3708 3835 3762 ergo

2241 3805 2309 3845 ne
2338 3789 2475 3845 forte
2506 3788 2594 3842 illa
2625 3787 2711 3841 lex
2751 3802 2869 3855 quae
2906 3793 2991 3839 est
3024 3784 3075 3838 in
3117 3783 3373 3839 membris
3403 3784 3607 3837 nostris
3627 3823 3642 3845 ,
3669 3794 3721 3837 et
3750 3798 3836 3835 ca-

2240 3881 2417 3951 ptivos
2444 3893 2540 3931 nos
2569 3876 2716 3931 ducit
2758 3878 2813 3929 in
2840 3874 2955 3944 lege
2997 3872 3229 3942 peccati,
3267 3872 3382 3941 ipsa
3418 3872 3490 3926 sit
3536 3870 3625 3925 lex
3671 3886 3831 3939 quam

2239 3968 2527 4039 Apostolus
2567 3966 2703 4020 iram
2748 3965 2875 4021 dicit
2926 3963 3169 4033 operari;
3220 3971 3476 4033 operatur
3523 3960 3672 4015 enim
3719 3963 3833 4013 sine
3928 3968 3929 3975 ‘

2241 4062 2403 4116 dubio
2436 4060 2570 4113 iram
2613 4058 2683 4122 ei,
2718 4072 2877 4127 quem
2902 4056 3173 4124 captivum
3210 4054 3425 4108 duxerit
3466 4054 3523 4108 in
3559 4053 3681 4124 lege
3712 4068 3832 4123 pec-

2241 4152 2364 4208 cati.
2398 4150 2499 4206 Ubi
2526 4157 2705 4203 autem
2737 4147 2823 4201 lex
2853 4146 2953 4200 ista
2988 4160 3091 4199 non
3121 4144 3303 4208 fuerit,
3332 4150 3542 4198 certum
3576 4154 3663 4199 est
3693 4145 3831 4213 quod

2241 4238 2313 4297 ibi
2331 4256 2429 4296 nec
2446 4237 2820 4309 prmvaricatio
2834 4236 2957 4290 erit.
2974 4232 3218 4301 Qui'vero
3235 4236 3336 4287 sub
3356 4235 3458 4289 ista
3482 4232 3600 4305 lege
3615 4235 3829 4293 fuerint,

2240 4336 2631 4401 censeqnenter
2667 4343 2764 4383 nec
2802 4327 3043 4382 haeredes
3082 4334 3259 4380 erunt.
3300 4325 3452 4391 Quod
3477 4329 3581 4379 etsi
3618 4327 3686 4379 de
3722 4328 3832 4395 lege

2242 4425 2409 4496 Moysi
2448 4420 2859 4479 commemorari
2903 4417 3025 4488 quis
3056 4416 3205 4480 velit,
3244 4424 3298 4469 et
3331 4415 3516 4469 dicere
3546 4416 3675 4483 quia
3704 4417 3828 4468 iram

2167 4491 2217 4550 D
2243 4491 2518 4588 operatur,
2547 4527 2645 4583 pro
2671 4525 2734 4566 eo
2768 4509 3013 4565 fortassis
3041 4509 3155 4562 solo
3184 4508 3285 4561 hoc
3312 4507 3516 4575 poterit
3542 4507 3827 4567 adit-mare,

2246 4608 2387 4678 quod
2400 4612 2710 4676 peccantem
2726 4602 2779 4656 in
2794 4616 2851 4655 se
2864 4609 2957 4654 aut
2969 4599 3140 4668 lapids
3149 4599 3189 4650 ri
3205 4598 3479 4659 continuo,
3497 4607 3780 4650 autcrema
3789 4599 3828 4649 ri

2248 4699 2460 4769 ignibus
2489 4695 2660 4767 jubet,
2689 4693 2772 4749 vel
2802 4693 2846 4747 si
2872 4691 3014 4761 quod
3040 4690 3181 4743 aliud
3210 4687 3565 4758 peccantibus
3585 4689 3825 4742 decemi-

2252 4801 2339 4846 tur
2361 4791 2413 4844 in
2436 4790 2551 4859 lege
2574 4785 2909 4857 supplicium,
2939 4791 2999 4837 ut
3019 4797 3175 4851 pmna
3201 4782 3313 4851 ipsa
3337 4796 3458 4850 qum
3481 4780 3730 4850 peccanti
3760 4780 3829 4833 in-

2253 4882 2425 4956 fertur
2449 4896 2515 4933 ex
2538 4879 2674 4945 lege,
2698 4874 2777 4930 ira
2807 4891 2950 4929 nunc
2978 4873 3046 4926 ab
3066 4870 3325 4940 Apostolo
3345 4871 3625 4923 nominata
3648 4871 3825 4923 videa-

2252 4983 2361 5029 tur.
2398 4970 2656 5026 Similiter
2690 4976 2745 5023 et
2780 4969 2845 5022 de
2874 4964 3313 5035 praevaricatione
3335 5005 3349 5025 ,
3389 4971 3450 5016 ut
3478 4977 3583 5016 non
3616 4958 3825 5015 omnem

2249 5060 2742 5134 praevaricationem
2761 5055 3084 5127 generaliter
3100 5055 3153 5108 in
3170 5054 3271 5107 hoc
3290 5052 3407 5107 loco
3422 5061 3633 5107 astruat
3654 5052 3828 5121 appel—

2249 5154 2433 5216 latam,
2462 5153 2555 5207 sed
2582 5151 2697 5218 ejus
2714 5149 2803 5218 qui
2834 5148 2887 5201 in
2915 5146 3031 5215 lege
3049 5145 3255 5215 positus
3274 5143 3591 5212 deliquerit,
3616 5153 3680 5197 ut
3706 5158 3826 5214 gra-

2248 5245 2369 5299 vius
2390 5244 2643 5299 delictum
2666 5241 2910 5295 videatur
2932 5238 3074 5306 ejus,
3093 5237 3184 5305 qui
3208 5250 3305 5306 per
3333 5234 3504 5305 legem
3530 5234 3826 5304 prohibitus

2247 5344 2465 5407 peccat,
2497 5350 2656 5404 quam
2685 5333 2799 5403 ejus
2828 5330 2917 5399 qui
2942 5328 3087 5383 nulla
3117 5325 3280 5382 fuerit
3296 5326 3417 5397 lege
3447 5330 3821 5380 commonitus.

2319 5424 2417 5481 Ubi
2464 5428 2601 5479 enim
2646 5439 2747 5476 non
2781 5431 2855 5476 est
2896 5420 3000 5485 lex,
3041 5435 3132 5472 nec
3161 5417 3544 5487 prteuaricatio.
3592 5414 3823 5485 (Ambr.)

2248 5520 2359 5576 Hoc
2397 5519 2528 5575 dicit
2572 5518 2696 5586 quia
2738 5513 2959 5569 sublatis
2987 5512 3094 5566 reis
3126 5510 3192 5566 de
3218 5517 3486 5579 potestate
3511 5507 3665 5578 legis,
3703 5507 3825 5561 data

2247 5614 2420 5677 venia,
2457 5607 2829 5681 przevaricatio
2856 5604 2999 5659 nulla
3034 5613 3153 5659 est:
3173 5601 3455 5671 justiﬁcati
3500 5600 3642 5657 enim
3677 5606 3823 5663 sunt,

2249 5702 2338 5772 qui
2388 5715 2484 5771 per
2528 5693 3022 5768 praevaricationem
3060 5690 3191 5760 legis
3236 5689 3452 5745 fuerant
3494 5694 3818 5760 peccatores.
