3960 6390
263 464 401 520 1555

794 461 1347 518 ENARRATIONUM
1370 461 1442 515 «ΙΝ
1484 462 1632 517 ΕΡΡ.
1670 462 1861 519 PAUL

1973 464 2052 519 IB.
2092 463 2158 519 ll.
2197 493 2268 504 -—
2303 463 2371 518 ΙΝ
2410 464 2629 520 EPIST.
2665 461 2757 520 AD
2798 465 2964 529 ROM,

3389 466 3526 522 i554

256 591 433 638 cessat
468 583 611 636 enim
647 581 914 635 factorum
945 579 1051 646 lex,
1083 580 1134 635 id
1165 587 1269 644 est,
1317 579 1624 646 observatio
1650 580 1844 634 sabba-
1875 584 1928 642 Α
1951 581 2087 635 sciat
2123 590 2180 636 et
2221 579 2458 647 Patrem,
2501 581 2574 635 ita
2620 595 2743 636 cum
2798 580 2969 634 credit
3017 577 3154 633 Filio
3196 570 3434 636 credisse
3473 562 3530 638 se

258 688 457 741 torum,
507 674 937 739 neomeniarum,
977 672 1406 746 circumcisionis
1433 713 1448 737 ,
1485 672 1846 727 escarum'di-

257 767 478 830 scretio,
538 766 786 820 animalis
839 766 1058 831 mortui,
1116 773 1208 819 aut
1261 765 1539 834 sanguinis
1609 763 1849 820 mustelae

256 857 580 913 observatio.
655 854 852 928 (Orig.)
889 857 1084 912 Potest
1117 857 1261 910 enim
1303 856 1418 910 ﬁeri
1448 866 1516 928 Aut
1557 859 1627 912 sit
1669 858 1755 911 lex
1796 867 1850 911 et

257 947 631 1017 praevaricatio
658 926 762 1002 non
779 926 862 1002 isit
882 965 893 999 :
915 962 1024 1001 non
1053 955 1230 1015 potest
1258 926 1599 1011 tamen‘ﬁeri,
1630 956 1688 1000 ut
1709 961 1849 1016 pra:-

256 1039 516 1094 varicatio
541 1039 612 1094 sit
637 1039 730 1093 ubi
755 1037 837 1091 lex
870 1050 976 1091 non
1005 1048 1108 1091 eSt.
1141 1035 1274 1090 Nam
1312 1035 1440 1091 el'si
1485 1038 1651 1108 Moysi
1680 1037 1851 1106 legem

257 1143 543 1200 ponamus,
591 1143 696 1182 non
743 1128 998 1183 continuo
1044 1142 1233 1182 omnes
1276 1129 1367 1198 qui
1403 1131 1504 1184 sub
1540 1129 1656 1200 lege
1686 1128 1853 1199 Moysi

256 1218 512 1274 vixerunt
551 1216 604 1275 in
627 1217 1070 1288 prevaricatione
1087 1216 1215 1272 facti
1244 1227 1400 1272 sunt:
1427 1219 1665 1288 alioquin
1693 1217 1852 1273 simul

259 1317 315 1364 et
342 1310 637 1378 prophetas
666 1317 722 1363 et
749 1323 938 1363 omnes
951 1307 1128 1376 justos
1155 1310 1399 1363 videmur
1420 1310 1714 1374 involvere,
1749 1311 1852 1365 nisi

259 1397 401 1452 forte
426 1398 587 1452 -dicat
636 1397 834 1468 aliquis
869 1396 1048 1465 justos
1092 1413 1279 1452 omnes
1314 1409 1370 1452 et
1412 1401 1702 1469 prophetas
1749 1416 1853 1455 non

261 1495 372 1543 tam
404 1489 504 1544 sub
531 1489 648 1559 lege
673 1504 834 1557 quam
867 1488 966 1541 sub
993 1488 1097 1542 ﬁde
1124 1489 1346 1555 vixisse,
1379 1500 1698 1559 peccatores
1727 1507 1854 1546 vero

259 1591 317 1637 et
344 1577 574 1647 iniustos
602 1577 738 1648 legis
772 1578 1000 1633 vinculis
1027 1577 1192 1633 fuisse
1231 1581 1559 1650 constrictos
1588 1599 1600 1633 :
1635 1582 1775 1636 sicut
1801 1591 1857 1636 et

258 1670 551 1741 Apostolus
578 1671 739 1735 dicit,
772 1671 898 1741 quia
915 1672 1061 1741 justo
1075 1671 1158 1726 (es:
1171 1689 1275 1726 non
1288 1684 1361 1726 est
1372 1676 1541 1743 posita
1557 1674 1606 1745 (I
1637 1674 1769 1728 Tim.
1790 1675 1852 1746 ι),

262 1768 358 1822 sed
400 1769 613 1838 injustis
638 1776 692 1822 et
718 1783 825 1822 non
853 1770 1101 1834 subditis,
1149 1769 1326 1839 impiis
1367 1780 1421 1824 et
1456 1770 1852 1838 peccatoribus,

261 1861 508 1917 scelestis
548 1872 602 1916 et
647 1861 905 1930 profanis,
962 1863 1243 1931 parricidis
1291 1870 1348 1917 et
1385 1862 1703 1925 matricidis,
1763 1863 1859 1915 ho-

1953 671 2090 727 sciat
2112 681 2168 726 et
2187 670 2356 725 Patri.

2026 764 2156 818 Ideo
2206 780 2271 818 ex
2297 756 2423 832 ﬁde,
2450 774 2507 818 ut
2540 764 2825 819 secundum
2857 766 3081 834 gratiam
3107 765 3266 834 ﬁrma
3311 769 3380 822 sit
3407 785 3533 839 pro-

1953 858 2129 911 missio
2155 858 2296 910 omni
2339 858 2542 910 semini.
2572 857 2774 929 (Amb)
2823 857 3004 911 Firma
3049 874 3168 935 esse
3210 876 3317 915 non
3360 870 3538 932 potest

1952 947 2240 1016 promissio
2275 948 2423 1001 omni
2470 947 2683 1011 semini,
2732 948 2835 1000 hoc
2873 956 2976 1012 est,
3024 950 3169 1003 omni
3218 951 3422 1006 homini
3470 968 3537 1007 ex

1952 1038 2098 1091 omni
2124 1046 2314 1108 gente,
2348 1037 2452 1091 nisi
2483 1035 2646 1090 fuerit
2693 1051 2756 1092 ex
2807 1036 2931 1100 ﬁde,
2973 1037 3097 1105 quia
3122 1039 3274 1107 origo
3313 1042 3540 1110 promis-

1956 1128 2120 1183 sionis
2138 1144 2204 1183 ex
2231 1129 2337 1182 ﬁde
2363 1137 2468 1192 est,
2492 1144 2602 1183 non
2629 1143 2694 1182 ex
2721 1128 2859 1198 lege,
2877 1130 3000 1198 quia
3019 1131 3108 1198 qui
3135 1131 3372 1202 sub'lege
3391 1145 3549 1200 sunt,

1955 1219 2034 1273 rei
2063 1229 2188 1273 sunt
2221 1238 2233 1273 :
2260 1221 2545 1290 promissio
2569 1229 2749 1275 autem
2781 1221 2890 1275 reis
2945 1221 3060 1275 dari
3103 1238 3209 1277 non
3241 1233 3433 1293 potest,
3479 1243 3544 1282 ac

1955 1324 2053 1379 per
2092 1310 2195 1364 hoc
2238 1311 2556 1379 puriﬁcandi
2599 1320 2724 1365 sunt
2768 1312 2915 1379 prius
2967 1328 3064 1382 per
3087 1313 3268 1380 ﬁdem,
3301 1308 3367 1368 ut
3399 1317 3545 1386 digni

1957 1399 2089 1452 ﬁant
2107 1398 2210 1454 dici
2241 1399 2331 1452 ﬁlii
2355 1392 2470 1464 Dei,
2494 1401 2630 1455 etsit
2651 1401 2804 1455 ﬁrma
2826 1403 3130 1471 promissio.
3157 1403 3214 1458 Si
3244 1408 3388 1460 enim
3409 1406 3546 1463 ﬁlios

1956 1491 2051 1544 Dei
2073 1490 2344 1555 sedicant,
2371 1504 2492 1544 cum
2515 1492 2623 1544 sint
2645 1491 2744 1556 rei,
2779 1493 2880 1546 hoc
2909 1503 3010 1558 est,
3035 1494 3134 1548 sub
3157 1495 3293 1565 lege,
3328 1512 3436 1551 non
3464 1506 3549 1552 est

1957 1583 2193 1646 ﬁrmum;
2224 1584 2349 1653 quia
2376 1582 2471 1637 ﬁlii
2499 1583 2591 1637 Dei
2622 1583 2781 1638 liberi
2825 1595 2948 1638 sunt
2979 1602 3004 1639 a
3049 1598 3288 1654 peccato.
3333 1588 3389 1643 Si
3421 1606 3549 1659 ergo

1958 1673 2050 1742 qui
2094 1673 2194 1727 sub
2215 1672 2330 1744 lege
2361 1683 2503 1737 sunt,
2543 1673 2764 1728 eruendi
2786 1675 2852 1728 de
2895 1674 2994 1728 sub
3015 1674 3131 1746 lege
3152 1686 3295 1740 sunt,
3337 1686 3397 1731 ut
3422 1693 3549 1747 pro-

1959 1765 2279 1827 missionem
2300 1775 2612 1820 mereantur
2640 1766 2906 1835 accipere,
2927 1775 3130 1835 quanto
3149 1769 3321 1837 magis
3336 1769 3428 1838 qui
3453 1770 3552 1826 sub

1961 1854 2080 1924 lege
2124 1870 2229 1908 non
2274 1857 2426 1909 sunt!
2464 1854 2581 1908 Non
2627 1870 2757 1926 ergo
2803 1859 3019 1926 expedit
3061 1869 3118 1912 ut
3147 1872 3208 1912 se
3239 1860 3418 1922 mittat
3452 1861 3552 1916 sub

261 1953 496 2018 micidis,
531 1953 966 2019 forl'licatoribus,
1005 1956 1368 2010 masculorum
1387 1955 1853 2020 'concubitoribus,
1888 1941 1935 1999 Β
1963 1943 2098 2014 lege,
2123 1952 2183 1999 ut
2208 1945 2380 2014 possit
2405 1946 2724 2014 compendio
2748 1948 3012 2001 medelam
3030 1948 3269 2005 vulneris
3286 1952 3549 2006 invenire.

262 2047 668 2118 plagiatoribus,
707 2048 1076 2112 mendacibus,
1105 2047 1356 2117 perjuris,
1383 2055 1439 2102 et
1474 2048 1519 2102 si
1557 2048 1684 2116 quid
1721 2048 1864 2102 aliud

266 2145 414 2192 sana:
432 2140 692 2192 doctrina:
725 2139 1063 2192 adversatur.
1092 2135 1244 2203 Quod
1274 2138 1320 2192 si
1353 2122 1547 2193 talibus
1576 2137 1661 2192 lex
1689 2138 1864 2208 posita

267 2238 377 2294 est,
403 2245 511 2284 non
542 2229 637 2283 tibi
651 2230 819 2288 multo
841 2229 1090 2285 meliores
1118 2229 1190 2283 illi
1218 2229 1560 2293 videbuntur,
1585 2230 1650 2283 de
1670 2230 1864 2298 quibus

271 2322 469 2376 dicitur
502 2340 514 2374 :
545 2319 677 2375 Cum
714 2323 851 2374 enim
883 2313 1056 2391 ge'ntes
1081 2330 1198 2390 qua!
1232 2319 1394 2390 legem
1422 2337 1524 2373 non
1551 2320 1742 2373 habent
1766 2335 1864 2373 na-

267 2412 512 2466 turaliter
539 2428 655 2482 qua:
690 2411 815 2482 legis
849 2421 967 2484 sunt
989 2411 1209 2480 faciunt,
1235 2411 1541 2481 Itujusmodi
1570 2410 1732 2480 legem
1765 2425 1868 2463 non

271 2500 542 2565 habentes,
577 2489 677 2569 ipsi
708 2501 811 2553 sibi
833 2509 951 2554 sunt
993 2499 1098 2564 lex,
1133 2500 1221 2570 qui
1258 2500 1533 2553 ostendunt
1572 2516 1699 2572 opus
1744 2499 1867 2568 legis

269 2592 521 2662 scriptum
561 2593 618 2646 in
652 2593 896 2654 cordibus
941 2593 1074 2657 suis,
1123 2593 1478 2646 testimonium
1517 2591 1761 2646 reddente
1783 2593 1868 2646 eis

270 2689 610 2742 conscientia.
644 2688 714 2742 Et
742 2685 1058 2750 Statuamus,
1082 2687 1128 2742 si
1152 2674 1390 2751 videtur,
1417 2694 1544 2739 ante
1562 2685 1748 2740 oculos
1769 2685 1869 2738 ali~

269 2793 429 2848 quos,
478 2779 630 2832 verbi
655 2779 846 2859 ‘gratia
875 2778 965 2847 qui
997 2792 1120 2833 cum
1151 2777 1409 2832 masculis
1427 2792 1534 2832 non
1559 2786 1868 2832 concubue-

273 2869 402 2922 runt
427 2868 714 2922 concubitu
748 2867 1015 2940 muliebri,
1048 2883 1213 2921 unum
1239 2883 1306 2923 ex
1336 2868 1421 2922 his
1447 2876 1718 2937 praecepto
1737 2867 1870 2937 legis

272 2959 630 3029 prohibitum,
655 2957 809 3025 cujus
842 2957 888 3012 si
925 2972 1033 3012 non
1065 2965 1266 3011 metum
1300 2956 1602 3020 habmsset,
1642 2957 1872 3011 fortasse

271 3047 496 3103 fecisset
512 3066 526 3112 ;
545 3057 600 3103 et
614 3048 775 3102 alium
789 3034 880 3117 qui
897 3048 1116 3120 proprie
1138 3048 1334 3102 mentis
1341 3047 1546 3118 judicio
1569 3043 1872 3116 hujusmodi

274 3143 601 3213 contagione
629 3141 985 3211 cogitationes
1006 3141 1219 3210 quidem
1254 3155 1379 3195 suas
1405 3141 1595 3196 audire
1619 3156 1726 3194 non
1752 3155 1875 3208 per-

274 3232 519 3290 miserit:
554 3248 730 3287 nonne
768 3232 936 3287 multo
960 3230 1108 3285 illum
1130 3230 1408 3301 praeferas,
1426 3231 1517 3300 qui
1560 3229 1704 3284 nulla
1737 3229 1870 3300 legis

1966 2033 2162 2106 (Orig.)
2179 2035 2588 2090 Distinctionem
2611 2035 3055 2092 dedit.mercedis
3074 2047 3133 2092 et
3161 2039 3348 2109 gratia:
3370 2040 3557 2096 dicens

1965 2125 2272 2179 mercedem
2308 2140 2420 2178 rem
2454 2125 2620 2178 debiti
2648 2113 2769 2180 esse
2793 2123 2823 2190 ;⁴
2853 2126 3084 2196 gratiam
3127 2138 3307 2183 autem
3357 2131 3556 2185 nullius

1965 2229 2086 2269 esse
2124 2215 2310 2280 debiti,
2346 2217 2440 2271 sed
2487 2207 2871 2272 benevolentia
2916 2217 3253 2274 beneﬁcium.
3307 2220 3365 2275 ln
3414 2239 3555 2291 prac-

1968 2303 2108 2358 senti
2156 2317 2285 2373 ergo
2327 2304 2445 2358 loco
2470 2305 2762 2370 ostendere
2782 2306 2968 2361 volens
2994 2308 3160 2362 Deum
3190 2311 3559 2367 hcereditatem

1968 2394 2388 2463 promissionum
2419 2410 2525 2448 non
2559 2410 2626 2450 ex
2655 2396 2838 2451 debito
2879 2395 2974 2452 sed
3005 2414 3102 2467 per
3143 2402 3372 2469 gratiam
3403 2405 3557 2470 dare,

1970 2485 2102 2541 dicit
2131 2485 2256 2555 quia
2288 2485 2576 2540 haereditas
2605 2501 2634 2539 a
2680 2485 2792 2540 Deo
2831 2487 2917 2543 his
2943 2490 3034 2558 qui
3073 2490 3302 2547 credunt
3353 2509 3459 2547 non
3490 2475 3559 2548 ex

1972 2577 2238 2633 mercedis
2260 2579 2462 2643 debito,
2497 2579 2593 2633 sed
2620 2568 2743 2634 ﬁdei
2783 2595 3007 2650 munere
3036 2566 3382 2640 concedatur.
3408 2588 3563 2644 Sicut

1971 2669 2141 2734 enim,
2168 2677 2229 2722 ut
2256 2669 2488 2738 exempli
2524 2671 2697 2740 gratia
2733 2671 2983 2738 dixerim,
3019 2675 3122 2728 hoc
3147 2678 3290 2745 quod
3318 2680 3542 2736 subsisti

1973 2777 2095 2816 mus
2144 2777 2250 2816 non
2280 2771 2458 2831 potest
2488 2763 2712 2836 intelligi
2741 2767 2896 2835 quasi
2926 2783 2989 2821 ex
3023 2769 3203 2837 Operis
3226 2773 3398 2826 nostri
3425 2789 3544 2844 mer
3590 2787 3593 2789 '

1921 2877 1924 2880 η
1974 2853 2106 2907 cede
2170 2853 2568 2918 subsistamus,
2619 2857 2713 2910 sed
2760 2857 3040 2926 evidenter
3084 2859 3178 2913 Dei
3235 2878 3429 2918 munus
3480 2875 3566 2921 cst

1975 2943 2119 3010 quod
2147 2953 2438 3028 sumusnet
2461 2945 2636 3015 gratia
2662 2940 2968 3004 Conditoris
2988 2950 3080 3018 qui
3101 2957 3344 3014 esse‘nos
3375 2957 3560 3024 voluit,

1977 3034 2052 3086 ita
2073 3035 2172 3088 etsi
2194 3035 2564 3090 haereditatem
2592 3037 3008 3105 promissionum
3032 3041 3126 3096 Dei
3158 3045 3458 3112 capiamus,
3485 3048 3566 3101 di-

1978 3127 2119 3180 viuce
2135 3127 2324 3196 gratiae
2342 3133 2445 3191 est,
2473 3141 2578 3181 non
2595 3123 2824 3195 alicujus
2845 3129 3015 3184 debiti
3029 3139 3120 3187 aut
3135 3135 3316 3203 aperis
3327 3150 3561 3191 merces.

2043 3211 2176 3268 Non
2201 3216 2249 3268 ei
2273 3215 2366 3284 qui
2389 3232 2454 3268 ea:
2473 3215 2582 3285 tege
2602 3225 2678 3269 est
2705 3225 2929 3282 tantum,
2951 3218 3041 3272 sed
3063 3222 3110 3272 ei
3139 3223 3229 3290 qui
3269 3239 3334 3277 ea:
3359 3225 3465 3292 [ide
3490 3237 3566 3279 est

273 3322 724 3385 lnterminatione
750 3322 1345 3383 deterritusimmunem
1360 3320 1868 3391 seaﬁagitiiconta-
1895 3301 1941 3362 Ο
1973 3307 2217 3360 fibra/“B-
2250 3306 2455 3378 (Ambr)
2478 3305 2590 3361 HOC
2615 3317 2720 3385 est,
2745 3309 3072 3385 quodsnpra
3097 3313 3238 3368 dixit
3267 3332 3280 3368 :
3306 3315 3463 3372 Omni
3487 3335 3567 3373 se-

275 3414 581 3470 minatione
595 3401 851 3468 servavit.
867 3413 1128 3477 Similiter
1143 3413 1308 3467 etiam
1323 3413 1387 3467 de
1401 3412 1864 3480 caeterispeccatis

1976 3399 2120 3461 mini,
2143 3406 2250 3451 tam
2275 3395 2609 3462 Judteorum,
2637 3401 2726 3467 qui
2767 3401 2970 3472 utique
2999 3420 3064 3459 ex
3103 3404 3563 3476 legeqveniebant,

277 3506 330 3562 si
356 3506 616 3580 habeatur
636 3520 898 3569 examen;
925 3513 981 3558 et
1001 3505 1122 3559 ideo
1151 3505 1264 3558 sive
1290 3503 1458 3573 Moysi
1485 3505 1569 3557 lex
1606 3503 1864 3572 intelliga-

1973 3502 2134 3556 quam
2155 3486 2436 3557 gentilium
2463 3487 2556 3557 qui
2586 3487 2745 3551 ﬁdem
2777 3501 3083 3559 sequuntur
3105 3493 3361 3557 Abrahae,
3396 3513 3562 3567 quam

279 3605 394 3660 tur,
443 3575 555 3650 sive
597 3595 762 3649 etiam
803 3609 865 3657 ea
906 3608 1024 3663 quae
1079 3594 1133 3648 in
1171 3593 1429 3660 membris
1457 3593 1658 3646 nostris
1679 3601 1783 3658 est,
1817 3600 1864 3646 et

1973 3575 2187 3646 gentilis
2230 3577 2451 3641 habuit,
2492 3585 2551 3631 ut
2581 3578 2939 3647 essetjustus.
2968 3580 3097 3637 Sine
3131 3584 3247 3655 lege
3274 3587 3418 3641 enim
3451 3605 3566 3644 crc-

277 3670 422 3742 ίηω
450 3665 723 3754 operatur,
756 3698 859 3738 ηοη
886 3690 1113 3753 possum
1151 3683 1242 3752 qui
1277 3698 1344 3741 ex
1389 3681 1502 3752 ipsa
1539 3689 1666 3736 sum
1708 3681 1875 3735 ιιεει-ε-
1976 3667 2110 3721 didit
2141 3666 2433 3732 Abraham,
2473 3667 2702 3737 ideoque
2766 3672 2936 3742 magis
2971 3674 3268 3749 gentilibus
3321 3676 3567 3748 jungitur

276 3776 382 3830 des
423 3791 561 3841 esse,
606 3775 701 3830 sed
737 3775 812 3828 illi
839 3774 930 3843 qui
964 3781 1087 3829 Sunt
1114 3788 1183 3828 ex
1212 3773 1329 3843 lege
1354 3772 1509 3835 ﬁdei,
1541 3771 1664 3849 ﬁdei
1693 3779 1873 3826 autem
1977 3757 2272 3849 Abraham,
2296 3767 2356 3811 ut
2382 3757 2538 3812 ﬁrma
2567 3760 2640 3813 sit
2666 3760 2746 3814 eis
2776 3763 3081 3830 promissio,
3115 3766 3462 3824 credentibus
3493 3772 3565 3836 ei,

275 3859 451 3936 illius,
479 3883 546 3921 ex
569 3882 673 3939 qua
705 3864 1030 3936 justiﬁcatus
1055 3872 1138 3920 est
1163 3863 1454 3918 Abraham.
1508 3861 1616 3918 Sed
1645 3861 1876 3919 fortasse
1976 3848 2062 3902 cui
2109 3848 2338 3903 οτθάίάίι
2381 3849 2515 3918 ίρδθ·
2561 3849 2744 3923 (Aug)
2776 3851 2928 3917 Quod
2957 3860 3136 3908 autem
3167 3857 3246 3916 ait
3275 3875 3288 3910 :
3313 3867 3436 3936 ante
3460 3861 3569 3914 Do-

282 3958 529 4029 requirat
569 3955 763 4029 aliquis
805 3955 1072 4027 quomodo
1104 3957 1149 4011 is
1183 3957 1274 4025 qui
1301 3956 1400 4010 sub
1426 3955 1545 4025 lege
1567 3953 1737 4024 Moysi
1768 3963 1874 4018 est,

280 4050 392 4107 sub
425 4050 538 4121 lege
572 4050 696 4106 εἰὼί
745 4066 852 4105 non
901 4065 1020 4104 esse
1060 4049 1481 4122 videatur,eum
1518 4049 1777 4117 scriptum
1809 4048 1882 4102 sit

280 4142 344 4198 in
372 4143 565 4200 Exodo
597 4161 611 4196 ε
640 4142 875 4197 Credidit
896 4133 1073 4194 autem
1094 4135 1324 4222 populus
1345 4139 1463 4216 Deo
1503 4149 1550 4194 et
1586 4138 1758 4209 Moysi
1798 4135 1905 4207 [αα-⁷

282 4233 431 4287 mulo
463 4234 577 4302 ejus
605 4232 803 4303 (Exod.
832 4232 974 4302 xiv);
999 4239 1054 4285 et
1085 4231 1276 4284 iterum
1306 4229 1565 4284 Dominus
1609 4230 1663 4283 in
1706 4227 1880 4281 Evano

1977 3939 2179 3991 minam
2196 3939 2280 3991 cui
2306 3938 2594 4004 credidisti,
2616 3941 2946 4010 signiﬁcavit
2978 3944 3137 4000 ﬁdem
3163 3947 3216 4000 in
3250 3949 3563 4013 interiorem

1977 4027 2250 4082 hominem
2287 4044 2406 4085 esse
2436 4031 2488 4082 in
2517 4043 2806 4102 conspectu
2829 4025 2949 4099 Dei,
2983 4051 3089 4090 non
3121 4038 3176 4094 in
3203 4043 3567 4099 ostentatione

1980 4120 2259 4177 hominum
2312 4122 2474 4176 sicuti
2543 4131 2628 4194 est
2677 4125 2858 4178 carnis
2913 4127 3278 4184 circumcisio.

2056 4211 2160 4278 Qui
2184 4222 2256 4266 est
2282 4221 2434 4282 pater
2461 4213 2697 4266 omnium
2725 4225 2985 4282 nostrum,
3012 4219 3146 4272 sicut
3187 4223 3438 4291 scriptum
3463 4236 3564 4290 est,

282 4324 428 4394 gelio
458 4321 741 4394 dicat';_Si
771 4323 1047 4375 crederetis
1078 4318 1270 4390 Moysi,
1307 4319 1584 4373 crederetis
1619 4319 1795 4387 utique
1831 4335 1864 4371 et

1980 4303 2105 4372 quia
2141 4312 2343 4372 patrem
2405 4303 2689 4355 multarum
2738 4305 2966 4372 gentium
3026 4308 3176 4374 posui
3239 4319 3307 4363 te.
3356 4312 3562 4383 (Δηὼ.)

283 4389 440 4479 inihi,
478 4409 542 4467 de
575 4389 828 4467 me.enim
875 4411 962 4465 ille
1005 4389 1209 4480 scripsit
1249 4409 1429 4482 (Joan.
1477 4409 1562 4480 v);
1615 4395 1882 4464 videbitur
1981 4391 2338 4448 ῧοηίίπηθνίι
2382 4392 2630 4463 exemplo
2685 4393 2819 4464 Ιεείε
2857 4394 3129 4451 Abraham
3177 4403 3420 4456 omnium
3470 4421 3564 4474 pa-

283 4503 444 4561 enim'
467 4504 606 4558 sicut
633 4504 698 4557 de
728 4517 786 4557 se
813 4501 964 4566 dixit,
993 4502 1122 4571 quia
1167 4502 1254 4572 qui
1289 4501 1452 4554 credit
1490 4501 1544 4554 in
1581 4514 1680 4565 me,"
1720 4500 1882 4554 credit
1983 4493 2119 4539 "em
2151 4499 2291 4548 esse.
2326 4485 2422 4539 sed
2448 4500 2658 4550 eorum.
2707 4487 2798 4555 (ἰυί
2847 4488 3095 4554 "ﬁdum.
3142 4500 3196 4545 ει
3240 4494 3318 4548 Sic
3351 4493 3564 4550 ﬁrmam

271 4608 337 4652 aet
370 4596 424 4649 in
453 4611 570 4649 eum
592 4596 679 4665 qui
702 4611 782 4647 me
813 4595 951 4647 misit
978 4593 1158 4665 (Joan.
1190 4593 1309 4663 xu),
1343 4593 1420 4647 ita
1453 4603 1512 4646 ut
1542 4591 1710 4662 Moysi
1733 4589 1864 4646 dicet

1985 4589 2103 4628 esse
2132 4575 2569 4644 promissionem,
2601 4575 2645 4629 si
2677 4575 2798 4630 ﬁdei
2830 4592 2989 4631 causa
3039 4581 3323 4636 recedatur
3351 4599 3380 4636 a
3423 4575 3558 4654 lege,

288 4698 464 4749 retur,
495 4686 637 4755 quod
665 4685 709 4738 si
742 4685 1019 4738 crederetis
1063 4683 1255 4754 Moysi,
1301 4683 1577 4737 crederetis
1617 4669 1791 4751 utique
1829 4681 1864 4734 ἐς

1985 4668 2112 4736 quia
2147 4667 2433 4735 promissio
2481 4668 2632 4736 regni
2676 4667 2935 4721 cmlorum
2962 4667 3128 4735 jus‘tis
3159 4672 3415 4740 deputata
3456 4644 3556 4740 est,

287 4778 443 4834 mihi.
472 4777 571 4832 'Ad
601 4779 744 4848 quod
777 4777 1235 4848 respondebimus,
1268 4776 1394 4846 quia
1438 4775 1565 4828 illud
1611 4774 1753 4844 quod
1796 4773 1880 4828 di-
1988 4775 2090 4814 non
2124 4760 2529 4830 peccatoribusr
2563 4761 2731 4828 etqui
2758 4760 2855 4813 sub
2887 4760 3004 4830 lese
3030 4771 3173 4828 sunt.
3205 4764 3305 4818 sub
3338 4776 3560 4834 peccato

289 4876 442 4929 ctum
470 4881 553 4928 est
585 4874 640 4927 in
671 4873 907 4936 deserto,
955 4871 1174 4924 credidit
1219 4870 1441 4940 populus
1476 4869 1584 4928 Deo
1623 4878 1671 4922 et
1713 4853 1864 4941 Moys

1986 4861 2130 4915 sunt,
2175 4851 2300 4920 quia
2340 4863 2529 4905 omnes
2573 4860 2950 4920 peccaverunt,
3000 4867 3097 4906 nec
3126 4868 3282 4922 posse
3325 4856 3561 4924 aliquem

289 4971 499 5043 {amulo
533 4973 668 5040 ejus,
713 4971 954 5026 narratio
979 4980 1081 5034 est,
1108 4970 1235 5039 quia
1260 4971 1586 5034 ostenditur,
1620 4969 1763 5038 quod
1787 4983 1864 5036 pel

1986 4953 2041 4997 et
2067 4941 2311 5013 sub‘le'ge
2347 4952 2490 5009 esse,
2532 4951 2585 4996 et
2632 4943 2858 5011 gratiam
2905 4944 3180 5011 consequi,
3229 4946 3369 4999 sicut
3414 4956 3466 5001 et
3492 4949 3561 5013 ad

292 5070 655 5125 ministerium
692 5069 859 5140 Moysi
905 5071 1056 5138 signa
1111 5077 1167 5124 et
1218 5069 1482 5125 mirabilia
1535 5068 1862 5123 ministravit

1987 5035 2206 5091 Galatas
2234 5035 2311 5089 ait
2339 5053 2351 5088 :
2377 5035 2634 5089 Evacuati
2661 5038 2782 5088 estis
2803 5054 2835 5088 a
2862 5033 3091 5101 Christo,
3122 5039 3213 5108 qui
3253 5039 3307 5090 in
3333 5039 3442 5110 lege
3470 5043 3563 5110 ju.

291 5167 527 5239 populus
548 5125 850 5229 credidit'in
873 5125 983 5223 hoc
1001 5169 1185 5225 verbo.
1220 5167 1320 5226 Ubi
1349 5169 1479 5223 dicit
1515 5181 1531 5220 :
1565 5166 1627 5221 Si
1649 5163 1864 5222 credere

1984 5126 2308 5194 sti/icamini,
2332 5142 2363 5178 a
2388 5125 2558 5199 gratia
2583 5125 2848 5179 excidistis
2894 5127 3035 5198 (Gal.
3063 5129 3138 5198 ν).
3167 5179 3171 5183 .

2056 5217 2187 5270 Ante
2211 5233 2329 5270 eum
2353 5217 2436 5269 cui
2476 5216 2693 5268 credidit
2741 5216 2925 5270 Deuin.
2959 5215 3153 5272 (Orig.)
3186 5218 3290 5272 Sed
3319 5221 3451 5272 mihi
3476 5223 3529 5272 vi

294 5218 524 5280 τρε-η’
555 5218 1184 5281 ζ”“”“··-,-“ρ““’
1230 5218 1477 5281 ’ζ”,““’“
1519 5218 1534 5279 ξ
1566 5218 1622 5279 ἶ
1835 5218 1852 5222 ⁷
2056 5218 2187 5270 Ante
2211 5233 2329 5270 eum
2353 5218 2436 5269 cui
2476 5218 2693 5268 credidit
2741 5218 2925 5270 Deuln.
2959 5218 3153 5289 (Orig.)
3186 5218 3290 5274 Sed
3319 5221 3451 5289 mihi
3476 5223 3560 5277 vi—

294 5278 369 5322 m
399 5267 589 5338 "09‘"
626 5269 902 5331 "we-rem
925 5281 1098 5340 ""que
1128 5275 1176 5325 θ’
1210 5269 1358 5334 mm"
1388 5276 1563 5339 animi
1599 5268 1883 5324 mndema-
1987 5310 2161 5365 detur.
2191 5310 2333 5365 quod
2359 5310 2509 5365 dicit.
2563 5306 2718 5362 Omni
2747 5314 2953 5365 semini.
2994 5326 3096 5362 non
3127 5311 3173 5363 ei
3207 5314 3295 5365 aui
3341 5328 3404 5365 ex
3452 5301 3561 5365 ιεὲτε
3638 5311 3641 5314 ’

470 5326 516 5338 -υ
575 5326 586 5332 ι
737 5327 777 5381 0-
967 5368 981 5380 ⁸
1013 5326 1037 5381 ι.
1346 5326 1357 5334 ι
1451 5326 1480 5339 υ
1987 5326 2161 5373 detur,
2191 5326 2333 5380 quoa
2359 5326 2509 5373 arcu,
2563 5326 2718 5362 umnt
2747 5326 2953 5374 senum,
2994 5326 3096 5362 non
3127 5326 3173 5363 et
3207 5327 3295 5381 qui
3341 5328 3404 5366 ea:
3452 5326 3561 5384 tege

298 5375 412 5424 tam
432 5381 751 5441 eorum,qut
775 5370 899 5442 dum
937 5370 1041 5423 Slbl
1077 5385 1184 5425 non
1217 5368 1468 5431 credunt,
1498 5368 1791 5441 ostendunt
1824 5380 1884 5423 se
1985 5411 2058 5455 ea
2089 5411 2314 5465 tantum,
2342 5401 2430 5455 sed
2461 5401 2508 5453 ei
2550 5401 2638 5466 qm-
2685 5417 2749 5454 η
2777 5401 2880 5466 ﬁde
2915 5412 3014 5462 est,
3056 5400 3224 5466 legem
3258 5404 3366 5466 hic.
3420 5406 3559 5459 sicut

300 5415 412 5424 "—u
437 5415 640 5438 ’⁷’·’”’“⁷
665 5415 751 5441 ’⁸“’“
777 5415 899 5442 ⁷”””’
938 5415 1041 5423 ””””
1079 5415 1184 5425 “’“’“”
1220 5415 1468 5431 ”’“’“”””
1504 5415 1789 5441 ’”“Ἳ””“’“
1824 5415 1882 5423 ’⁷
1985 5415 2058 5455 est
2089 5415 2314 5465 tantum,
2342 5415 2430 5455 sea
2461 5417 2507 5453 et
2550 5417 2637 5470 σω
2685 5417 2749 5454 επ
2777 5415 2880 5466 nae
2915 5415 3014 5462 εει,
3056 5415 3224 5471 legem
3258 5415 3366 5469 hic,
3420 5415 3532 5459 ειρυ

239 5482 243 5484 ν
297 5483 406 5526 nec
459 5468 624 5539 Μογεί
671 5470 865 5525 “ueris
917 5470 1158 5534 credere:
1206 5470 1260 5524 in
1308 5470 1501 5539 quibus
1543 5468 1610 5522 de
1647 5468 1879 5522 adveni“
1987 5506 2131 5539 same
2157 5492 2413 5539 diximus.
2454 5490 2714 5539 indicare-
2751 5491 3070 5539 naturalem.
3102 5499 3157 5539 et
3182 5491 3284 5539 hoc
3313 5506 3532 5539 asserem

1987 5506 2131 5561 saepe
2157 5492 2413 5554 diximus,
2454 5490 2714 5553 indicare,
2751 5491 3157 5558 naturalem,qet
3182 5491 3284 5545 hoc
3313 5506 3559 5546 asserere

295 5568 505 5630 Christi
527 5573 828 5642 prophetali
857 5585 1130 5636 sermone,
1162 5574 1608 5642 comprehensum
1632 5578 1732 5626 est.
1781 5573 1859 5628 Ub

1990 5583 2131 5654 quod
2174 5599 2279 5637 non
2328 5583 2416 5636 his
2451 5583 2542 5651 qui
2581 5598 2646 5636 ex
2688 5582 2802 5651 lege
2847 5583 3081 5635 naturali
3123 5583 3292 5636 solum
3337 5585 3558 5638 veniunt

297 5688 435 5730 vero
460 5673 629 5729 dicit:
662 5675 764 5740 Qui
793 5675 956 5728 credit
989 5675 1045 5729 in
1083 5687 1183 5739 me,
1221 5675 1385 5728 credit
1429 5676 1484 5728 in
1520 5689 1638 5737 eum
1665 5674 1753 5744 qui
1785 5673 1880 5726 mi-

1988 5675 2140 5729 ﬁrma
2167 5675 2235 5729 sit
2267 5674 2571 5743 promissio,
2601 5673 2693 5727 sed
2736 5673 2821 5726 his
2843 5674 2937 5742 qui
2991 5689 3056 5728 ex
3085 5674 3199 5732 ﬁde,
3214 5673 3315 5743 legi
3342 5675 3561 5730 addide-

294 5775 373 5832 st't
396 5791 498 5838 me,
525 5791 620 5844 per
647 5791 796 5843 spem
824 5777 1178 5839 credentium,
1211 5752 1580 5844 elevatutmue
1605 5775 1671 5827 ad
1695 5774 1877 5828 Domi-
1988 5773 2095 5834 rint
2136 5769 2366 5823 naturali
2393 5783 2511 5822 eam
2548 5768 2706 5821 ﬁdem
2735 5783 2897 5836 quam
2928 5768 3113 5822 habuit
3143 5769 3418 5822 Abraham
3463 5784 3580 5838 νδ·-

294 5881 437 5924 nam
457 5865 689 5931 Patrem,
711 5869 921 5922 utsicut
950 5869 1183 5935 quicum
1215 5867 1562 5922 vidit'Filiuut
1592 5866 1787 5920 vidisse
1821 5886 1874 5918 se

1987 5874 2070 5918 ter
2115 5872 2318 5928 noster,
2351 5874 2408 5917 ut
2452 5879 2556 5917 non
2600 5863 2734 5916 duos
2776 5862 3025 5933 populos,
3056 5879 3220 5931 unum
3251 5875 3316 5915 cx
3359 5859 3460 5916 ﬁde
3507 5868 3562 5917 et

670 5955 939 6016 l’sxnob.
987 5952 1150 6017 (.‘Xl.

3012 5950 3090 6012 b3
