3960 6318
417 294 559 350 1555

1093 290 1152 344 Β.
1195 288 1449 345 RABANI
1488 288 1709 346 MAURI
1745 288 2062 345 ARCHIEP.
2102 285 2411 344 MOGUNT.
2454 284 2738 343 OPERUM
2773 285 2951 340 PARS
2988 284 3076 340 Ill.

3563 280 3700 335 1556

415 410 581 464 alium
630 421 695 461 ex
739 407 875 476 lege,
906 406 1145 460 indicare
1193 408 1464 472 videatur,
1504 406 1597 460 sed
1636 420 1802 459 unum
1845 414 2008 473 atque
2035 407 2086 467 Α
2107 404 2331 474 justitia:
2348 404 2912 462 ﬁdeizcredensenim
2931 407 3097 461 ﬁlium
3119 407 3529 465 sehabiturum,
3548 402 3704 470 hujus

417 499 685 563 eumdem,
718 499 811 567 qui
841 513 945 551 non
980 496 1154 551 solum
1180 513 1247 552 ex
1298 514 1415 567 iege
1458 496 1691 551 naturali
1731 511 1837 564 qua
1882 510 2002 550 om-

416 607 514 646 nes
558 590 805 645 homines
851 596 1097 652 utuntur,
1133 590 1227 644 sed
1268 606 1335 643 ex
1390 588 1496 643 ﬁde
1542 587 1699 656 cujus
1730 586 2004 641 Abraham

418 690 607 737 auctor
644 679 855 743 existit,
902 678 1114 748 placeat
1163 680 1319 734 Deo:
1368 693 1476 747 quo
1519 676 1735 733 scilicet
1758 677 2010 731 ostendat

417 772 562 841 quod
596 771 640 825 si
666 771 790 840 quis
816 770 1014 825 habeat
1056 770 1269 841 integra
1300 771 1483 825 omnia
1536 786 1657 840 quae
1691 769 1776 823 lex
1819 769 2009 823 edocet

417 862 704 929 naturalis,
752 862 887 917 etin
918 861 1067 916 nullo
1098 877 1223 917 eum
1268 863 1481 933 peccati
1532 849 1865 917 conscientia
1918 875 2010 915 re-

415 954 736 1025 prehendat,
768 968 877 1007 non
916 960 1099 1007 tamen
1146 954 1344 1007 habeat
1389 952 1551 1006 etiam
1588 951 1710 1006 ﬁdei
1757 950 2009 1021 gratiam,

418 1062 524 1102 non
567 1059 727 1115 posse
762 1061 886 1101 eum
931 1044 1223 1115 justiﬁeari
1268 1062 1281 1097 :
1320 1045 1454 1099 ﬁdes
1482 1045 1625 1099 enim
1667 1052 1751 1099 est
1796 1059 1916 1113 qua:
1945 1044 2011 1098 ad

413 1139 680 1211 justitiam
712 1146 1031 1209 reputatur;
1070 1145 1125 1191 et
1163 1138 1269 1192 hoc
1312 1136 1473 1192 modo
1519 1138 1706 1192 habita
1737 1136 2015 1192 distinctio

419 1232 711 1288 clariorem
752 1228 1167 1300 intelligentiam
1215 1230 1400 1283 tradit.
1449 1228 1579 1296 Quae
1609 1244 1741 1284 vero
1766 1228 2013 1283 commit-

420 1332 631 1388 tuntur,
654 1331 843 1377 contra
868 1321 1042 1391 legem
1059 1322 1475 1375 committuntur
1499 1339 1511 1373 :
1537 1316 1678 1374 unde
1702 1328 1757 1373 et
1794 1317 2015 1375 Graecus

421 1431 601 1471 sermo
628 1418 845 1489 ἀνομίαν
873 1415 1109 1486 appellat
1152 1416 1524 1486 iniquitatem,
1565 1416 1667 1470 hoc
1714 1425 1817 1479 est,
1872 1414 2017 1484 quod

421 1508 805 1569 committitur;
856 1515 1141 1576 peccatum
1184 1522 1315 1561 vero
1369 1506 1533 1560 etiam
1581 1506 1685 1560 dici
1722 1508 1920 1575 potest,
1972 1508 2018 1561 si

421 1610 632 1666 contra,
657 1616 820 1671 quam
851 1609 1047 1654 natura
1070 1600 1231 1654 docet
1256 1606 1309 1653 et
1332 1598 1668 1654 conscientia
1694 1600 1892 1671 arguit,
1923 1600 2019 1654 de-

423 1695 734 1763 linquatur:
765 1699 937 1748 totum
966 1693 1155 1763 gratia:
1183 1694 1299 1763 ejus
1330 1693 1629 1762 imputatur
1667 1710 1773 1750 non
1810 1694 2021 1750 meritis

2108 497 2184 551 rei
2207 512 2371 567 quam
2395 498 2640 562 credidit,
2657 500 2866 567 signum
2882 500 3112 568 accepit;
3137 508 3196 553 ut
3208 500 3335 569 quia
3350 496 3703 572 c‘redensjus-

2112 588 2350 643 tilieatus
2378 590 2447 644 sit
2468 598 2801 644 cerneretur.
2831 588 2946 643 Non
2972 606 3101 659 ergo
3132 591 3485 649 circumcisio
3509 588 3706 658 aliquid

2112 682 2275 736 habet
2292 681 2588 751 dignitatis,
2614 681 2707 735 sed
2732 681 2948 751 signum
2960 690 3044 735 est
3066 689 3308 735 tantum:
3335 682 3485 750 quod
3498 682 3709 751 signum

2114 770 2449 841 accipiebant
2497 772 2617 825 ideo
2654 771 2748 824 ﬁlii
2775 772 3029 837 Abrahae,
3058 779 3118 825 ut
3140 772 3415 826 scirentur
3457 771 3578 839 ejus
3616 770 3710 828 ﬁlii

2113 883 2253 931 esse,
2291 869 2382 939 qui
2427 868 2655 924 credens
2704 869 2814 923 Deo
2868 858 2970 922 hoc
3020 868 3236 940 signum
3286 876 3596 936 acceperat,
3651 875 3712 921 ut

2114 962 2291 1017 aemuli
2345 969 2529 1017 essent
2555 970 2791 1031 paterna:
2823 960 2944 1015 ﬁdei
2990 968 3045 1015 et
3093 960 3382 1016 crederent
3428 960 3484 1013 in
3528 956 3711 1013 Jesum

2116 1056 2207 1125 qui
2230 1056 2533 1126 promissus
2561 1062 2642 1109 est
2666 1052 2921 1116 Abrahte,
2949 1053 3107 1122 cujus
3139 1054 3193 1107 in
3223 1055 3399 1122 ﬁgura
3443 1060 3605 1105 natus
3632 1059 3715 1107 est

2115 1150 2288 1206 Isaac.
2338 1150 2450 1204 Nec
2478 1148 2622 1203 enim
2654 1149 2707 1201 in
2754 1148 2905 1201 Isaac
2938 1161 3126 1201 omnes
3152 1154 3340 1215 gentes
3379 1146 3713 1198 benedicun-

2121 1248 2225 1306 tur,
2257 1241 2351 1296 sed
2377 1241 2429 1294 in
2461 1239 2679 1295 Christo
2710 1256 2721 1291 :
2754 1237 2892 1303 Quia
2921 1255 3024 1292 non
3049 1247 3121 1291 est
3145 1236 3291 1291 aliud
3318 1252 3509 1299 nomen
3533 1234 3717 1288 datum

2118 1335 2213 1387 sub
2246 1332 2392 1396 calo,
2419 1332 2474 1384 in
2501 1347 2603 1401 quo
2630 1339 2862 1401 oporteat
2891 1329 3062 1383 salvos
3099 1328 3214 1398 ﬁeri
3263 1327 3404 1399 (Act.
3452 1324 3553 1395 tv),
3587 1324 3719 1379 dicit

2120 1424 2315 1480 Petrus
2347 1423 2645 1494 apostolus.

2193 1515 2260 1569 Et
2304 1516 2371 1570 sit
2396 1525 2547 1585 pater
2586 1512 3002 1567 circumcisionis
3046 1528 3151 1566 non
3177 1510 3346 1566 solum
3388 1525 3579 1564 eorum
3631 1510 3719 1577 qui

2124 1606 2639 1661 exmircumcisione
2690 1613 2843 1667 sunt,
2913 1603 3003 1658 sed
3057 1619 3237 1656 eorum
3280 1603 3371 1671 qui
3432 1596 3721 1669 sequuntur

2127 1700 2339 1769 vestigia
2387 1698 2534 1767 ﬁdei,
2578 1712 2695 1765 quae
2762 1704 2838 1749 est
2896 1695 2949 1747 in
2998 1694 3256 1763 pra’putio
3317 1693 3485 1761 patris
3557 1690 3722 1743 nostri

421 1759 646 1841 nos-tris.
677 1783 861 1856 (Aug.)
893 1759 1161 1854 Coeperta
1199 1759 1326 1839 sunt
1370 1759 1501 1853 ergo
1567 1798 1791 1855 peccata
1818 1825 1833 1849 ,
1879 1793 2023 1839 tecta
2051 1759 2099 1819 Β
2129 1759 2397 1844 ,ιιὺνᾶΙιανη¹
2423 1759 2536 1843 Hoc
2578 1759 2730 1851 dicit,
2761 1786 2889 1855 quia
2925 1759 3152 1839 credens
3188 1759 3489 1848 Abraham,
3517 1784 3721 1852 primus

424 1883 628 1946 suntet
671 1873 872 1928 abolita
899 1891 911 1925 :
948 1888 1055 1927 non
1077 1872 1133 1927 in
1163 1874 1363 1942 quibus
1379 1888 1485 1928 non
1509 1874 1873 1928 suntinventa
1905 1887 2027 1943 pee-

423 1976 566 2033 eata,
612 1965 708 2021 sed
750 1970 987 2033 quorum
1039 1972 1183 2017 tecta
1225 1973 1352 2018 sunt
1390 1974 1634 2034 peccata.
1686 1963 1854 2018 Tecta
1894 1978 2027 2034 ergo

424 2064 647 2128 peccata
678 2069 850 2124 quare
879 2052 1059 2108 dixit?
1086 2052 1158 2108 Ut
1185 2070 1290 2108 non
1320 2054 1653 2109 viderentur.
1710 2054 1849 2121 Quid
1880 2056 2026 2110 enim

424 2159 545 2204 erat
573 2148 671 2203 Dei
709 2149 897 2204 videre
925 2157 1169 2219 peccata,
1210 2149 1314 2203 nisi
1344 2150 1535 2219 punire
1564 2158 1809 2219 peccata,
1843 2157 1903 2203 ut
1925 2164 2026 2203 no-

424 2240 570 2294 veris
595 2240 723 2309 quia
750 2241 856 2294 hoc
888 2248 971 2294 est
1002 2238 1098 2293 Dei
1148 2239 1334 2292 videre
1364 2247 1607 2308 peccata,
1646 2238 1793 2308 quod
1834 2239 2027 2308 punire

426 2343 675 2405 peccata.
721 2332 861 2401 Quid
912 2333 960 2387 ei
1009 2332 1212 2385 dicitur
1243 2329 1419 2401 (Psal.
1475 2332 1568 2402 1.):
1610 2330 1794 2383 Avcrte
1837 2330 2026 2400 faciem

424 2435 571 2479 tuam
598 2443 629 2478 a
653 2424 877 2495 peccatis
903 2423 1060 2476 meis?
1081 2421 1308 2476 Peeeata
1342 2437 1470 2491 ergo
1500 2430 1588 2474 tua
1612 2436 1717 2476 non
1746 2422 1945 2486 videat,
1971 2430 2030 2476 ut

429 2528 480 2573 te
499 2518 699 2572 videat.
717 2516 997 2583 Quomodo
1011 2526 1063 2570 te
1078 2514 1293 2570 videat?
1315 2517 1585 2584 quomodo
1602 2502 1991 2569 Nuthanaelem
2010 2534 2021 2567 :

428 2608 561 2662 Cum
586 2624 723 2661 esses
762 2606 856 2660 sub
890 2605 1074 2659 arbore
1100 2606 1207 2675 ﬁci,
1253 2605 1356 2658 vitli
1405 2615 1471 2657 te.
1518 2603 1723 2658 Umbra
1782 2605 1867 2658 fici
1920 2619 2026 2667 non

427 2701 710 2773 impedivit
764 2700 951 2757 oculos
1008 2700 1395 2753 misericordiae
1464 2697 1579 2750 Dei.
1644 2696 1848 2767 (Greg.)
1921 2695 2028 2750 Sed

428 2808 648 2847 rursum
694 2808 818 2846 cum
868 2791 1130 2860 scriptum
1180 2790 1289 2844 sit:
1346 2787 1539 2841 Omnia
1592 2788 1734 2841 nuda
1772 2800 1817 2840 et
1848 2798 2027 2856 aperta

427 2893 550 2937 sunt
579 2882 743 2937 oculis
787 2882 902 2951 ejus
935 2880 1093 2949 (Heb.
1140 2879 1241 2949 IV),
1314 2880 1585 2949 quomodo
1641 2879 1746 2949 tegi
1802 2885 2031 2947 possunt

428 2990 549 3043 qua:
589 2973 707 3041 ejus
727 2972 921 3037 oculis,
954 2971 1039 3025 cui
1068 2982 1265 3025 cuncta
1294 2971 1437 3025 nuda
1461 2980 1609 3037 sunt,
1639 2970 1893 3025 abscondi
1932 2984 2028 3023 ne-

430 3078 702 3138 quaquam
740 3065 1001 3136 possunt?
1031 3065 1125 3130 sed
1155 3066 1281 3132 quia
1306 3066 1409 3118 hoc
1431 3065 1574 3132 quod
1603 3065 1832 3134 tegimus
1886 3062 2025 3116 infe-

428 3160 545 3214 rius
582 3157 855 3227 ponimus,
909 3164 1073 3225 atque
1125 3156 1241 3209 haec
1285 3155 1425 3210 unde
1489 3155 1722 3225 tegimus
1768 3154 2024 3208 nimirum

430 3250 865 3323 superducimus,
914 3258 975 3302 ut
1016 3249 1161 3317 quod
1204 3256 1287 3302 est
1327 3248 1724 3317 superpositum
1759 3255 2025 3317 tegamns,

430 3354 612 3417 tegere
657 3351 880 3413 peccata
927 3341 1162 3395 dicimur
1212 3358 1332 3410 quae
1380 3340 1535 3409 quasi
1588 3339 2028 3409 subterponimtts

431 3436 559 3491 dum
614 3435 950 3499 abdicamus,
983 3435 1173 3504 eisque
1236 3434 1380 3488 aliud
1434 3433 1845 3502 superducimus
1900 3433 2026 3487 dum

430 3530 588 3583 bona:
616 3528 845 3582 actionis
885 3543 1020 3597 opus
1062 3527 1127 3581 ad
1158 3528 1262 3582 hoc
1291 3536 1413 3597 post
1437 3527 1710 3597 eligimus,
1749 3534 1809 3581 ut
1830 3521 2027 3597 praefe-

436 3635 642 3675 ramus.
669 3619 769 3686 Qui
820 3633 949 3688 ergo
992 3620 1177 3689 priora
1226 3618 1367 3673 mala
1400 3620 1624 3684 deserit,
1661 3627 1717 3674 et
1763 3620 1904 3673 bona
1934 3633 2029 3687 po-

435 3711 635 3766 sterius
688 3710 838 3775 facit,
874 3725 971 3779 per
1018 3711 1124 3764 hoc
1158 3710 1304 3779 quod
1354 3710 1505 3764 addit
1556 3718 1893 3763 transactam
1935 3722 2029 3761 ne-

435 3802 665 3871 quitiam
700 3801 853 3870 tegit,
884 3801 969 3854 cui
1007 3801 1133 3855 boni
1174 3801 1354 3869 operis
1384 3801 1579 3855 merita
1623 3800 1951 3869 superducit.

507 3892 789 3947 Beatitudo
813 3909 933 3962 ergo
960 3893 1069 3945 lucc
1101 3892 1164 3944 in.
1182 3892 1579 3945 circumcisione
1602 3902 1807 3945 tantum
1830 3897 2027 3953 manet,

438 4006 508 4042 an
533 3989 689 4041 etiam
714 3988 769 4039 in
794 3986 1087 4055 prmputio?
1123 3984 1328 4055 (Amb.)
1375 3986 1428 4039 Id
1457 3995 1562 4048 est,
1596 3984 1834 4060 nunquid
1860 3984 2029 4036 beati-

441 4080 569 4135 tu'do
600 4080 701 4135 ista
728 4077 955 4131 Abraha:
977 4087 1186 4131 tantum
1216 4078 1338 4129 liliis
1364 4091 1621 4130 concessa
1650 4085 1751 4139 est,
1780 4090 1844 4127 an
1866 4074 2030 4127 etiam

438 4171 532 4225 his
551 4170 640 4239 qui
687 4167 1056 4222 incircumcisi
1085 4167 1246 4220 sunt?
1292 4164 1349 4219 Si
1392 4165 1535 4218 enitn
1580 4165 1633 4217 in
1667 4164 1753 4217 illo
1793 4174 2067 4231 tempore

441 4278 547 4315 non
581 4260 867 4329 prohibita:
911 4267 1037 4313 sunt
1081 4268 1269 4326 gentes
1320 4258 1578 4311 accedere
1634 4257 1701 4309 ad
1755 4256 1925 4325 legem
1978 4263 2033 4308 et

442 4352 859 4424 promissionem
897 4351 1150 4414 Abrahae,
1185 4352 1275 4419 qui
1308 4350 1422 4405 fieri
1460 4358 1673 4419 poterat
1702 4358 2031 4417 uLtempore

2128 1882 2304 1939 factus
2317 1890 2397 1937 est
2410 1891 2566 1951 pater
2581 1878 3033 1943 circumcisionis,
3049 1877 3141 1932 sed
3159 1878 3362 1942 cordis,
3379 1892 3485 1932 nou
3512 1885 3717 1930 tantum

2128 1993 2317 2033 eorum
2356 1978 2448 2046 qui
2489 1985 2706 2031 suntex
2752 1974 2869 2043 ejus
2914 1972 3150 2043 origine,
3187 1973 3282 2026 sed
3326 1982 3383 2024 et
3418 1986 3605 2026 eorum
3634 1972 3723 2039 qui

2130 2070 2380 2125 similiter
2394 2069 2623 2124 credunt
2638 2083 2704 2124 ex
2728 2070 2996 2148 gentibus.
3019 2068 3326 2122 Secundum
3344 2082 3565 2127 carnem
3582 2068 3723 2120 enim

2128 2163 2435 2218 Judaaorum
2472 2171 2628 2232 pater
2650 2169 2754 2224 est,
2783 2160 3078 2215 secundum
3121 2159 3277 2212 tinem
3306 2172 3454 2221 vero,
3487 2158 3726 2210 omnium

2130 2251 2485 2305 credentium.
2530 2249 2794 2319 (ltlwsus)
2840 2247 3101 2317 Pr0pouit
3155 2262 3298 2300 nunc
3350 2245 3727 2315 interrogatio-

2130 2356 2273 2403 nem,
2294 2356 2360 2395 εει
2386 2339 2539 2410 cujus
2562 2339 2913 2408 responsione
2935 2340 3249 2401 doceantur,
3276 2346 3327 2391 et
3350 2352 3419 2390 ex
3450 2338 3565 2405 ipsa
3598 2345 3726 2389 tem-

2129 2447 2318 2501 porum
2344 2432 2573 2494 ratione,
2602 2431 2748 2499 quod
2771 2428 3048 2483 beatitudo
3065 2428 3472 2497 justiﬁcationis
3499 2428 3727 2481 Abrahzc

2130 2508 2237 2577 non
2278 2522 2330 2575 in
2356 2520 2791 2584 circumcisione,
2826 2520 2919 2573 sed
2964 2520 3139 2573 adhuc
3172 2519 3225 2572 in
3266 2519 3727 2588 pratputio'posito

2130 2618 2253 2670 data
2278 2622 2378 2668 est.
2399 2612 2761 2683 (0rig.)Quod
2781 2613 2825 2665 si
2856 2611 3153 2674 Abraham,
3172 2624 3292 2663 cum
3318 2616 3462 2663 esset
3488 2609 3728 2662 adhucin

2129 2707 2411 2777 prteputio,
2441 2722 2508 2760 ex
2538 2704 2641 2759 ﬁde
2670 2702 3001 2772 justiﬁcatus
3046 2712 3129 2757 est
3159 2743 3173 2767 ,
3225 2708 3407 2771 potest
3454 2710 3511 2755 et
3558 2700 3727 2754 omnis

2129 2801 2220 2869 qui
2258 2799 2429 2854 credit
2454 2796 2879 2863 Deojustiﬁcari
2922 2810 3019 2865 per
3050 2795 3234 2859 tidem,
3286 2794 3505 2847 etiamsi
3557 2793 3627 2846 sit
3674 2792 3726 2847 in

2128 2890 2413 2962 przeputio,
2444 2897 2499 2945 et
2540 2888 2814 2958 pertinere
2838 2887 3007 2941 etiam
3043 2886 3316 2955 ad-ipsum
3354 2884 3472 2938 haec
3501 2883 3729 2938 beatitu-

2132 2987 2221 3048 do,
2259 2998 2382 3052 quae
2434 2981 2671 3035 dicitur:
2702 2979 2901 3033 Beatus
2943 2979 3030 3031 cui
3062 2995 3165 3031 non
3214 2977 3440 3047 imputat
3476 2976 3725 3029 Dominus

2130 3088 2421 3148 peccatum.
2480 3073 2725 3129 Ostendit
2765 3087 2894 3143 ergo
2936 3071 3061 3140 quia
3115 3086 3221 3124 non
3272 3069 3493 3123 cuilibet
3555 3068 3729 3123 Domi-

2132 3186 2234 3224 nus
2287 3183 2392 3224 non
2440 3167 2672 3236 imputet
2710 3173 3013 3233 peccatum,
3063 3162 3157 3217 sed
3206 3162 3255 3216 ei
3299 3161 3391 3230 qui
3444 3159 3731 3215 crediderit

2131 3276 2229 3329 per
2279 3257 2439 3312 ﬁdem
2493 3271 2646 3310 suam
2692 3264 2915 3324 peccata
2965 3268 3073 3307 non
3117 3259 3347 3321 reputet.
3403 3249 3558 3305 Sicut
3590 3250 3734 3304 enim

2130 3349 2360 3405 Abrahae
2402 3355 2648 3416 reputata
2693 3354 2777 3402 est
2817 3344 2953 3399 ﬁdes
2988 3344 3053 3397 ad
3077 3342 3363 3412 justitiam,
3397 3344 3469 3394 ita
3512 3340 3734 3395 etomni

2132 3440 2373 3495 credenti
2398 3454 2520 3493 eum
2546 3438 2680 3492 ﬁdes
2702 3437 2769 3491 ad
2793 3436 3066 3507 justitiam
3111 3424 3417 3502 reputatur,
3448 3441 3733 3501 peccatum

2133 3532 2321 3599 utique
2357 3545 2464 3584 non
2500 3529 2838 3598 imputatur.
2873 3526 3055 3595 Neque
3091 3526 3233 3578 enim
3282 3526 3349 3578 de
3388 3524 3556 3593 justis
3586 3522 3732 3585 dicit.

2131 3623 2258 3693 quia
2289 3630 2574 3692 reputatur
2601 3621 2680 3674 eis
2720 3620 2855 3673 ﬁdes
2904 3619 2971 3671 ad
3015 3617 3305 3687 justitiam.
3358 3614 3515 3679 Quod
3566 3614 3609 3666 si
3662 3614 3735 3665 ita

2130 3724 2369 3788 putetur,
2399 3730 2517 3783 qua:
2544 3714 2810 3767 videbitur
2835 3711 3005 3781 gratia
3025 3710 3173 3778 justo
3201 3708 3445 3776 reputari
3484 3705 3557 3759 ad
3579 3705 3708 3773 justi

2134 3809 2302 3863 tiam?
2328 3807 2435 3861 Sed
2461 3808 2646 3875 utique
2688 3804 2775 3858 ille
2804 3803 2940 3857 dixit
2983 3801 3142 3855 ﬁdem
3192 3810 3500 3869 repntatam
3524 3814 3645 3851 esse
3670 3806 3736 3850 ad

2127 3902 2421 3971 justitiam,
2448 3901 2538 3969 qui
2574 3908 2861 3965 antequam
2906 3895 3128 3949 haberet
3167 3896 3307 3947 hanc
3339 3893 3521 3953 ﬁdem,
3559 3891 3735 3959 adju-

2134 3995 2334 4047 stitiam
2368 4008 2473 4047 non
2506 3990 2769 4053 habebat;
2806 3998 2857 4042 et
2905 3988 3008 4040 iste
3038 3996 3121 4040 est
3166 3987 3355 4054 utique
3404 3986 3602 4038 beatus
3649 3980 3734 4035 cui

2136 4086 2277 4139 Deus
2307 4093 2526 4152 accepto
2559 4080 2663 4135 fert
2690 4081 2951 4148 justitiam
2977 4079 3093 4133 sine
3118 4079 3395 4146 operibus,
3424 4087 3479 4130 et
3508 4076 3596 4130 cui
3628 4090 3732 4127 non

2136 4168 2432 4245 imputatur
2461 4182 2773 4242 peccatum:
2802 4170 2886 4224 cui
2912 4169 3074 4223 etiam
3100 4168 3505 4240 remissteﬁurit
3540 4165 3737 4232 iniqui-

2136 4276 2297 4329 tates,
2348 4274 2401 4320 et
2460 4265 2697 4327 obtecta,
2743 4263 2788 4314 si
2835 4277 2943 4331 qua
2989 4268 3145 4313 antea
3208 4258 3449 4319 fuerant,
3490 4268 3731 4325 peccata.

2136 4357 2331 4430 (0rig._)
2367 4355 2471 4410 Sed
2503 4342 2811 4424 repetamus
2834 4354 3011 4406 adhuc
3048 4351 3191 4419 quod
3233 4349 3403 4405 dicit:
3438 4348 3505 4401 Et
3531 4350 3733 4415 signum

440 4445 641 4500 Christi
672 4445 1086 4513 prohiberentur
1109 4442 1386 4495 venientes
1425 4441 1489 4492 ad
1534 4442 1786 4509 gratiam,
1816 4442 2032 4508 quando
2059 4469 2111 4528 ι)
2138 4449 2326 4515 accipit
2356 4446 2823 4505 circumcisionem,
2854 4443 3183 4511 signaculum
3199 4442 3426 4510 justitia:
3448 4442 3599 4508 ﬁdei,
3622 4456 3735 4509 qua!

442 4538 585 4591 Deus
600 4535 768 4605 gratia
790 4533 947 4602 plene
975 4532 1253 4586 incitavit?
1278 4531 1513 4583 Dicimus
1542 4531 1701 4594 enim,
1734 4530 1835 4585 hoc
1865 4539 1968 4593 est,
1988 4531 2033 4584 si

444 4642 606 4681 sensu
624 4624 757 4693 legis
775 4622 1062 4692 loquimur,
1085 4623 1206 4690 quia
1234 4632 1468 4689 reputata
1491 4630 1561 4673 est
1580 4620 1803 4673 Abralue
1818 4620 1947 4687 ﬁdes
1967 4618 2034 4672 ad

435 4716 724 4787 justitiam.
750 4714 830 4767 Ab
862 4714 1071 4783 origine
1118 4713 1327 4780 incipit,
1366 4722 1423 4765 ut
1467 4728 1682 4767 omnem
1711 4714 2008 4781 tet'giversa

446 4810 647 4863 tionem
688 4806 1047 4862 cavillationis
1085 4806 1376 4859 excludat:
1424 4807 1514 4873 qui
1566 4825 1595 4862 ιι
1632 4808 1806 4874 capite
1854 4806 2037 4860 exclu-

444 4899 609 4961 ditur,
652 4913 759 4951 non
798 4898 961 4950 habet
1000 4899 1139 4949 unde
1182 4898 1403 4965 incipiat
1443 4896 1621 4950 facere
1660 4898 2033 4965 qtttestionetn.

519 4988 792 5054 Quomodo
816 5006 936 5056 ergo
980 4998 1214 5057 reputatu
1259 4998 1331 5041 est
1358 4990 1379 5039 ?
1406 5005 1520 5039 cum
1562 4990 1615 5039 in
1642 4988 2036 5041 circumcisione

446 5089 599 5145 esset,
638 5099 706 5134 an
746 5082 800 5133 in
838 5080 1135 5149 prwputio?
1179 5077 1300 5133 Non
1344 5081 1394 5132 in
1427 5081 1841 5143 circumcisione,
1867 5080 1955 5132 sed
1984 5082 2039 5133 in

448 5174 724 5243 pra'putio.
751 5171 820 5224 Et
842 5172 1047 5241 signum
1068 5172 1265 5241 accepit
1282 5170 1690 5223 circumcisionis
1714 5169 2039 5238 signaculum

443 5263 667 5333 justitia:
693 5262 838 5330 ﬁdei,
863 5279 979 5331 qum
1003 5271 1077 5315 est
1100 5262 1153 5313 in
1174 5262 1453 5330 pra'putio,
1480 5262 1614 5313 utsit
1644 5270 1791 5329 pater
1812 5261 2042 5313 omnium

452 5352 795 5410 credentium.
815 5364 867 5404 ut
890 5362 1153 5421 reputetur
1175 5345 1222 5404 et
1246 5351 1348 5405 illis
1376 5351 1443 5405 ad
1463 5343 1748 5423 justitiam.
1768 5351 2043 5403 Abraham

456 5458 579 5497 cum
601 5452 745 5496 esset
769 5444 819 5494 in
838 5445 1099 5510 praeputio
1114 5444 1343 5497 credidit
1367 5443 1490 5496 Deo.
1511 5443 1649 5508 Quid
1667 5441 1926 5495 credidit?
1951 5441 2046 5494 Se-

461 5552 581 5591 men
607 5550 663 5587 se
685 5520 1017 5597 habiiurum,
1044 5536 1094 5601 id
1124 5545 1223 5599 est,
1244 5536 1408 5590 ﬁlium
1440 5536 1493 5588 in
1522 5552 1627 5605 quo
1650 5551 1839 5591 omnes
1863 5547 2049 5605 gentes

462 5626 883 5696 justiﬁearentur
898 5642 993 5696 per
1010 5626 1171 5680 ﬁdem
1190 5627 1240 5678 in
1256 5628 1535 5695 praeputio,
1557 5629 1693 5682 sicut
1706 5638 1760 5681 et
1776 5628 2048 5683 Abraham

462 5717 786 5789 justiﬁcatus
814 5729 913 5774 est.
943 5719 1074 5773 Nam
1101 5717 1563 5773 circumcisionem
1605 5722 1815 5789 signum
1845 5722 2054 5791 accepit

2140 4550 2212 4593 est
2239 4529 2296 4591 in
2327 4538 2580 4606 prwputio
2614 4552 2631 4589 :
2671 4551 2733 4589 ac
2756 4534 3078 4603 profundam
3125 4534 3179 4586 in
3203 4533 3289 4587 his
3322 4531 3475 4585 Pauli
3518 4532 3735 4605 sapien-

2144 4631 2272 4683 tiam
2299 4628 2753 4695 .eontemplatnur.
2790 4626 3063 4681 Fortassis
3088 4626 3231 4679 enim
3281 4624 3555 4693 aliquibus
3586 4638 3734 4676 eum-

2143 4724 2262 4776 dem
2288 4735 2593 4774 sermonem
2631 4719 2868 4773 seeundo
2908 4718 3087 4770 dicere
3127 4717 3395 4778 videatur,
3439 4715 3490 4767 id
3524 4723 3627 4778 est,
3666 4714 3737 4767 si-

2144 4826 2306 4880 gnum
2338 4819 2391 4863 et
2421 4809 2778 4879 signaculum.
2812 4808 2916 4862 Sed
2952 4807 3083 4861 mihi
3128 4815 3355 4874 uterque
3393 4822 3577 4860 sermo
3609 4805 3740 4858 mul-

2148 4912 2254 4954 tam
2272 4902 2411 4955 inter
2428 4892 2485 4953 se
2502 4900 2709 4953 videtur
2733 4900 2930 4953 habere
2947 4898 3326 4951 differentiam.
3345 4897 3571 4967 Signum
3587 4912 3736 4949 nam-

2146 5010 2248 5061 que
2278 4993 2476 5046 dieitnr
2518 5009 2639 5046 cum
2676 5008 2772 5061 per
2798 4991 2900 5044 hoc
2935 4994 3075 5059 quod
3108 4988 3321 5043 videtur
3360 4988 3504 5041 aliud
3536 4987 3736 5056 aliquid

2150 5084 2437 5146 indicatur,
2480 5086 2623 5136 sicut
2676 5083 2825 5137 verbi
2881 5083 3082 5151 gratia,
3129 5097 3253 5135 cum
3292 5081 3423 5134 dicit
3478 5079 3735 5133 Dominus

2151 5176 2202 5228 in
2229 5174 2550 5243 Evangelio:
2586 5171 2865 5227 Generatio
2896 5185 3069 5227 autent
3099 5173 3307 5241 signum
3338 5173 3526 5240 quierit
3547 5188 3565 5223 :
3592 5181 3637 5223 et
3666 5172 3739 5222 si-

2152 5284 2307 5337 gnum
2340 5284 2443 5319 non
2470 5267 2684 5319 dabitur
2734 5267 2809 5342 ei,
2856 5267 2955 5319 nisi
3003 5268 3209 5334 signum
3255 5264 3410 5317 Jona’
3455 5264 3735 5333 prophetrr.

2155 5356 2299 5409 Sicut
2347 5358 2483 5409 enim
2527 5356 2695 5409 Jonas
2738 5357 2835 5424 fuit
2886 5357 2937 5408 in
2969 5366 3138 5409 uentre
3173 5355 3271 5407 ceti
3320 5354 3737 5413 tribus'diebus,

2155 5458 2201 5502 et
2228 5450 2391 5501 tribus
2418 5448 2674 5513 noctibus,
2708 5449 2782 5499 ita
2812 5456 2860 5500 et
2885 5445 3083 5499 Filium
3130 5448 3357 5500 hominis
3398 5456 3597 5514 Oportet
3633 5460 3741 5497 esse

2158 5542 2212 5593 in
2268 5540 2424 5592 corde
2465 5549 2621 5592 terrm
2686 5538 2852 5592 tribus
2913 5539 3132 5601 diebus,
3185 5547 3233 5589 rt
3287 5537 3455 5588 tribus
3506 5536 3742 5589 noctibus

2162 5629 2377 5700 (Matth.
2419 5629 2537 5699 xu).
2576 5628 2685 5683 Hoc
2713 5638 2795 5683 est
2817 5644 2946 5699 ergo
2980 5629 3191 5697 signum
3223 5627 3314 5679 ubi
3339 5625 3507 5681 Jonas
3527 5625 3743 5677 videba-

2164 5731 2250 5774 tur
2274 5732 2325 5776 et
2357 5722 2605 5776 Christus
2636 5720 3055 5789 intelligebatur.
3106 5716 3370 5772 Simtliter
3408 5726 3466 5772 et
3495 5718 3612 5785 ipso
3640 5714 3744 5767 De.
