3960 6386
226 357 365 415 155⁵1

744 360 1308 417 δΕΝΑΒΒΛΤΙΟΝυΜ
1349 359 1415 414 ΙΝ
1455 360 1604 414 ΕΡΡ.
1644 359 1805 416 PAUI

1911 359 2011 415 ΑΒ.
2051 360 2113 415 ll.
2154 391 2224 401 —
2260 360 2328 415 IN
2365 361 2580 418 EPIST.
2619 362 2714 418 AD
2751 363 2894 419 ΙίοΜ

3343 365 3477 426 1558

222 475 374 530 mino
407 478 467 558 jn
506 475 798 543 Evangelio
844 477 1078 531 dicitur:
1115 475 1248 529 Ecce
1287 476 1433 553 enim
1479 476 1561 528 hic
1604 477 1804 545 pesitus
1833 481 1883 537 Α
1909 476 1974 530 de
1991 475 2264 530 Abraham
2286 479 2492 532 semine
2514 477 2809 533 secundum
2850 493 3070 533 carnem
3098 494 3265 550 genus
3294 473 3482 558 dicun-

222 565 383 618 estin
413 563 619 616 ruinam
649 577 696 618 et
739 566 792 617 in
837 568 1264 620 resurrectionem
1312 563 1617 628 multorum,
1661 576 1708 618 et
1751 567 1806 618 in

222 656 432 725 signum
469 655 552 708 cui
598 657 986 710 contrudicetur
1009 654 1162 725 (Luc.
1206 657 1288 724 tt).
1322 655 1808 710 Contradicebatur

221 747 370 800 enim
409 747 564 815 signo
606 746 660 799 in
720 762 826 816 quo
880 747 1126 802 Christus
1183 755 1435 811 venerat,
1485 747 1612 816 quia
1664 746 1806 800 aliud

224 838 280 891 in
305 853 368 892 eo
397 838 700 903 videbatur,
730 848 784 892 et
816 838 959 893 aliud
991 838 1408 908 intelligebatur.
1442 839 1581 893 Caro
1612 853 1809 914 cerne-

222 930 408 996 batur,
433 941 488 986 et
513 931 652 987 Deus
678 934 1021 988 credebatur.
1050 933 1140 988 Sic
1169 948 1299 1003 ergo
1323 934 1523 1003 accipit
1550 941 1606 987 et
1630 931 1805 987 Abra-

224 1029 351 1082 ham
383 1043 595 1097 stgnum
630 1046 642 1080 :
673 1037 728 1082 et
764 1029 907 1098 quod
935 1041 1054 1084 esse
1080 1029 1291 1099 signum
1341 1030 1394 1082 in
1436 1027 1808 1096 consequenti-

221 1120 324 1174 bus
369 1120 518 1174 dicit.
556 1115 1033 1184 Cirrumcisionem,
1068 1122 1276 1190 inquit:
1307 1134 1428 1190 quae
1465 1119 1806 1174 cirCttmcisio

222 1222 369 1268 esset
395 1212 724 1282 signaculum
761 1213 988 1281 justitiw
1016 1213 1161 1280 ﬁdei,
1205 1228 1368 1282 quant
1419 1211 1607 1266 habuit
1649 1217 1806 1265 ante-

222 1317 388 1370 quam
417 1302 915 1356 circumcideretur.
968 1301 1114 1357 Bene
1169 1317 1297 1372 ergo
1336 1301 1804 1357 circumcisionem

221 1394 436 1464 signum
459 1393 747 1464 appellavit
772 1393 824 1446 in
852 1393 1142 1455 Abraham,
1175 1393 1301 1462 quia
1324 1400 1379 1448 et
1419 1393 1531 1462 ipsa
1560 1392 1703 1447 aliud
1727 1393 1806 1446 vi-

221 1485 470 1550 debatur,
497 1493 550 1540 et
581 1485 725 1538 aliud
749 1483 1176 1554 intelligebatur:
1197 1493 1249 1538 et
1280 1484 1514 1538 oswndit
1546 1485 1671 1552 quia
1691 1484 1804 1553 jam

222 1577 351 1631 tu'nc
398 1576 636 1632 carnalis
663 1575 752 1629 illa
795 1576 1134 1629 circumcisio
1181 1574 1390 1645 signum
1431 1584 1549 1627 erat
1581 1574 1806 1627 circum-

220 1665 448 1722 cisionis
477 1666 755 1737 spiritalis,
789 1679 909 1735 quae
939 1681 1044 1719 non
1075 1666 1127 1718 in
1161 1661 1324 1719 carne
1365 1665 1678 1734 suscipitur,
1711 1664 1806 1717 sed

220 1757 277 1812 in
302 1759 481 1812 corde.
507 1757 659 1824 Quod
685 1773 814 1812 vero
836 1757 973 1810 dixit
1001 1740 1360 1826 signaculum,
1396 1755 1469 1810 ita
1496 1755 1806 1825 intelligen-

1911 574 1996 619 tur
2027 581 2133 620 non
2181 567 2434 620 dicuntur
2462 567 2557 622 ﬁlii
2596 569 2884 635 Abraham,
2933 571 2976 625 si
3007 571 3126 640 ejus
3155 588 3258 625 non
3285 556 3487 628 habent

1907 654 2086 710 ﬁdem.
2125 656 2216 711 Sic
2259 658 2494 727 denique
2520 668 2575 714 et
2613 662 2874 730 propheta
2904 663 3036 717 dicit
3061 663 3128 718 ad
3169 679 3262 718 eos
3287 682 3300 718 :
3328 663 3491 720 Pater

1907 753 2025 799 tuus
2051 746 2392 800 Amorrhteus
2427 758 2473 800 et
2517 761 2684 803 mater
2721 760 2811 804 tua
2852 749 3060 807 Cet/uva
3105 752 3322 823 (Ezech.
3352 756 3487 829 xw),

1908 839 2100 906 quibus
2167 839 2354 908 utique
2407 855 2515 894 non
2575 855 2670 896 eos
2719 845 3062 899 necessitudo
3109 847 3344 915 generis,
3397 848 3489 902 sed

1908 949 2118 988 morum
2145 935 2442 990 similitudo
2484 934 2763 1007 iungebat.
2808 936 2874 990 Ut
2900 949 3053 1006 esset,
3096 941 3292 1011 inquit,
3329 941 3493 996 Pater

1907 1026 2140 1078 omnium
2185 1025 2525 1088 credentium,
2581 1041 2679 1096 per
2724 1028 3072 1097 praeputium,
3117 1041 3175 1084 ut
3208 1012 3492 1101 reputetur

1908 1113 2015 1168 illis
2041 1115 2108 1168 ad
2132 1115 2428 1185 justitiam;
2466 1126 2520 1172 et
2551 1126 2707 1186 pater
2755 1119 3206 1184 circumcisionis,
3258 1129 3364 1178 non
3405 1125 3491 1181 his

1910 1214 2087 1260 tamen
2122 1208 2214 1275 qui
2265 1218 2390 1263 sunt
2422 1225 2488 1264 ex
2546 1211 2987 1277 circumcisione,
3020 1213 3113 1268 sed
3152 1220 3207 1266 et
3254 1205 3360 1269 illis
3401 1215 3492 1284 qui

1906 1307 2210 1367 sequuntur
2235 1301 2455 1369 veStigia
2487 1299 2620 1368 ejus,
2657 1319 2776 1373 quae
2816 1312 2898 1357 est
2949 1304 3002 1358 in
3049 1306 3315 1374 prmputio
3369 1295 3496 1362 ﬁdei

1907 1389 2081 1457 patris
2112 1389 2283 1443 nostri
2307 1389 2603 1455 Abraham,
2636 1392 2688 1445 in
2731 1408 2840 1462 quo
2867 1394 3149 1448 evidenter
3172 1403 3229 1450 et
3265 1400 3494 1466 utroque

1904 1479 2121 1547 populo,
2154 1480 2293 1532 sicut
2325 1480 2574 1548 superius
2603 1482 2854 1545 diximus,
2882 1487 3194 1553 pronuntiat
3233 1503 3339 1542 non
3367 1487 3492 1543 car-

1907 1568 1992 1621 nis
2027 1568 2315 1637 originem,
2352 1570 2445 1624 sed
2470 1571 2803 1625 nobilitatem
2829 1572 2952 1627 ﬁdei
2985 1575 3386 1644 requirendam.

1967 1658 2082 1712 Non
2094 1661 2231 1713 enim
2243 1678 2336 1729 per
2350 1661 2510 1731 legem
2523 1665 2802 1732 promissio
2815 1665 3042 1720 Abrahw
3056 1679 3146 1720 aut
3159 1669 3345 1724 semini
3356 1672 3493 1741 ejus,

1911 1760 1964 1802 ut
1988 1751 2152 1806 haeres
2180 1763 2310 1806 esset
2335 1755 2539 1820 mundi,
2568 1768 2665 1810 sed
2691 1773 2783 1826 per
2785 1758 3052 1827 justitiam
3087 1759 3230 1827 ﬁdei.
3263 1761 3494 1836 (Ambr.)

219 1848 348 1902 dum
374 1858 518 1918 ρυιο,
539 1848 883 1919 Signaculum
901 1825 1099 1903 meum»
1113 1865 1234 1902 cum
1252 1847 1412 1902 alicui
1427 1849 1502 1906 τε]
1520 1848 1802 1902 servanda;
1833 1825 1878 1884 Β
1907 1840 2251 1897 Manifestum
2266 1853 2369 1909 est,
2386 1846 2512 1913 quia
2529 1825 2701 1915 neque
2715 1825 2888 1903 adhuc
2901 1848 2984 1904 lex
3015 1825 3138 1904 data
3160 1862 3276 1906 erat
3289 1893 3302 1914 ,
3322 1825 3498 1924 neque

215 1952 320 2008 pro
336 1949 575 2010 tempore
587 1940 830 1996 custodia
849 1939 1161 2009 imponitur,
1179 1940 1321 2008 quod
1344 1955 1502 1994 nemo
1518 1939 1680 2006 alitis,
1698 1940 1802 1995 nisi

217 2028 336 2097 ipse
362 2031 454 2099 qui
496 2031 795 2100 impmssit,
826 2029 1021 2084 debeat
1048 2029 1342 2100 resignare.
1369 2027 1473 2084 Per
1501 2031 1642 2085 iStud
1673 2039 1800 2102 ergo

217 2118 577 2188 signaculum,
603 2127 661 2173 ut
683 2121 902 2189 exponit
925 2118 1236 2189 Apostolus,
1256 2121 1464 2189 juxtitia
1491 2121 1613 2175 ﬁdei
1638 2136 1803 2190 quam

217 2207 274 2262 in
299 2211 562 2278 prreputio
591 2210 799 2279 positus
849 2208 1124 2264 Abraham
1170 2213 1417 2280 accipere
1465 2212 1681 2278 meruit,
1719 2212 1802 2265 in-

218 2297 457 2364 dicatur,
478 2309 532 2352 et
553 2309 708 2368 pater
733 2315 853 2354 esse
876 2300 1168 2354 multarum
1198 2302 1438 2371 gentium
1465 2319 1476 2354 :
1503 2302 1645 2370 quod
1680 2310 1806 2356 tunc

217 2391 495 2445 credimus
522 2392 924 2461 resignandum,
967 2407 1088 2447 cum
1135 2393 1411 2462 plenitudo
1441 2395 1680 2465 gentium
1719 2395 1804 2448 iu-

217 2480 455 2546 troierit,
489 2491 543 2534 et
581 2482 759 2536 cumis
789 2481 952 2537 Israel
995 2483 1291 2538 salvabitur
1321 2483 1493 2552 (Rom.
1521 2485 1618 2555 x1).
1654 2483 1805 2540 Tunc

215 2573 365 2628 enim
391 2573 504 2634 ﬁet,
531 2577 672 2645 quod
695 2575 827 2629 dicit
853 2575 1164 2644 Apostolus,
1189 2592 1296 2631 non
1336 2576 1509 2631 solum
1537 2578 1802 2646 gentium,

216 2667 317 2721 sed
355 2668 518 2722 etiam
548 2669 979 2723 circumcisionis
1005 2682 1103 2738 per
1133 2668 1292 2724 ﬁdEm
1316 2677 1473 2738 pater
1501 2669 1799 2738 Abraham.

217 2759 287 2814 Et
309 2761 486 2815 adhuc
506 2762 748 2830 apertius
774 2762 840 2816 de
875 2763 1029 2833 signo
1069 2772 1123 2817 et
1165 2763 1443 2834 signaculo
1467 2763 1803 2818 disseramus

214 2867 342 2907 cum
362 2855 571 2924 signum
589 2855 679 2919 sit,
700 2864 758 2908 ut
775 2855 1028 2920 diximus,
1045 2856 1133 2909 ubi
1153 2857 1420 2910 indicatur
1443 2854 1644 2932 aliquid
1661 2855 1805 2910 aliud

216 2959 318 3014 per
366 2944 467 2997 hoc
512 2943 655 3013 quod
684 2945 938 3010 videtur;
993 2945 1327 3016 signaculum
1371 2960 1502 3000 vero
1532 2946 1807 3000 concludi-

219 3042 311 3086 tur
355 3049 451 3102 pro
479 3042 719 3104 tempore
755 3034 978 3104 aliquid,
1018 3045 1072 3090 et
1116 3052 1221 3091 non
1251 3043 1420 3106 patet.
1451 3035 1635 3090 Potest
1663 3037 1806 3090 enim

217 3124 295 3179 ita
338 3126 584 3195 intelligi,
615 3128 758 3196 quod
794 3129 1049 3199 mysteria
1081 3143 1201 3198 quae
1240 3131 1294 3183 in
1324 3129 1440 3199 lege
1484 3135 1538 3184 et
1576 3131 1808 3199 patriar-

218 3216 339 3271 cbis
361 3217 824 3272 adumbrabantur
850 3219 1157 3287 hujusmodi
1185 3229 1362 3291 erant,
1404 3236 1524 3289 quae
1553 3230 1608 3275 et
1636 3222 1804 3290 signis

217 3306 511 3362 indicanda
565 3317 746 3362 essent
792 3318 851 3363 et‘
896 3311 1189 3382 signaculis
1233 3312 1594 3366 observanda.
1655 3312 1808 3379 Quod

216 3415 352 3470 ergo
383 3401 549 3471 signis
579 3403 866 3457 indicanda
891 3415 1066 3468 erant,
1095 3405 1146 3458 in
1190 3405 1274 3459 his
1303 3406 1395 3474 qui
1419 3405 1711 3460 Credebant
1740 3422 1808 3460 ex

217 3492 474 3562 gentibus
519 3492 731 3563 signum
789 3494 1017 3562 coepisse
1058 3494 1257 3548 dicitur
1307 3489 1611 3561 Abraham;
1663 3496 1806 3564 quod

217 3599 353 3636 vero
382 3583 465 3637 his
501 3597 568 3637 ex
617 3584 1030 3638 circumcisione
1072 3592 1178 3638 non
1208 3591 1362 3638 erant
1393 3585 1671 3650 credituri,
1718 3586 1810 3640 ob-

217 3675 487 3729 servanda
528 3684 684 3730 erant
735 3685 801 3729 et
832 3675 1151 3745 obtegenda.
1207 3674 1558 3746 Signaculum
1607 3676 1808 3730 dicitUr

212 3769 537 3837 (recepisse:
575 3768 716 3837 quod
748 3768 1080 3838 signaculum
1125 3767 1213 3820 illo
1245 3768 1428 3836 utique
1471 3769 1526 3821 in
1567 3771 1808 3837 tempere

219 3857 595 3926 designabitur
647 3866 767 3912 cum
820 3859 873 3910 in
922 3859 1234 3912 novissimis
1285 3858 1494 3921 diebus,
1522 3863 1806 3928 postquam

219 3948 516 4017 plenitudo,
547 3958 604 4002 ut
635 3949 886 4011 diximus,
921 3949 1160 4018 gentium
1192 3950 1479 4013 intraierit,
1521 3952 1698 4004 omnis
1736 3951 1809 4004 ls-

221 4040 338 4094 rael
368 4040 683 4094 salvabitur.
709 4041 918 4095 Idcirco
947 4041 1178 4110 denique
1206 4050 1334 4094 ante
1360 4040 1632 4094 Abraham
1650 4041 1805 4109 justi-

221 4132 420 4185 ﬁcatur
457 4133 510 4185 in
557 4132 682 4196 ﬁde,
719 4127 844 4185 dum
889 4133 1086 4187 adhuc-
1107 4141 1254 4187 esset
1295 4133 1724 4196 incircumc'isus,
1755 4143 1809 4188 et

223 4234 413 4293 postea
449 4224 874 4288 circumciditur,
930 4232 988 4277 ut
1031 4224 1408 4278 oStendere'tur
1446 4225 1621 4293 primo
1654 4232 1808 4292 pater

223 4316 441 4371 futurus
472 4319 760 4372 multarum
790 4317 1048 4386 gentium,
1093 4323 1145 4368 et
1189 4324 1376 4385 postea
1404 4329 1588 4369 eorum
1619 4316 1708 4383 qui
1741 4331 1806 4368 ex

223 4409 645 4463 circumcisione
693 4407 949 4462 credituri
1001 4413 1144 4461 sunt.
1199 4405 1382 4476 Neque
1430 4407 1572 4460 enim
1625 4406 1678 4459 hi
1715 4407 1806 4475 qui

223 4499 526 4553 secundum
582 4511 799 4551 carnem
873 4506 1168 4551 nascuntur
1235 4512 1300 4550 ex
1349 4497 1654 4558 Abraham,
1711 4494 1887 4581 ﬁliiD

222 4591 501 4644 Abraham
551 4590 760 4644 dicendi
791 4598 936 4654 sunt,
969 4591 1022 4642 ni
1076 4590 1234 4644 ﬁdem
1271 4597 1327 4642 et
1365 4604 1526 4658 opera
1573 4590 1806 4642 habeant

223 4681 478 4734 Abrahae.
520 4678 647 4732 Inde
677 4680 908 4747 denique
928 4687 982 4733 et
1005 4679 1261 4743 Dominus
1285 4680 1336 4731 in
1359 4679 1651 4748 Evangelio
1677 4679 1808 4731 dicit

224 4773 294 4825 ad
325 4769 539 4824 Jameos
579 4772 668 4839 qui
697 4785 756 4823 se
780 4769 1061 4835 jactabant
1088 4769 1222 4822 ﬁlios
1249 4785 1367 4824 esse
1404 4769 1675 4823 Abraham
1705 4787 1716 4820 :
1747 4767 1803 4821 Si

226 4861 326 4914 ﬁlii
354 4860 866 4923 Abrahamessetis,
901 4873 1061 4928 opera
1093 4860 1276 4927 utique
1297 4859 1527 4913 Abralne
1557 4859 1805 4912 faceretis

228 4952 415 5024 (Joan.
443 4949 580 5028 vin).-
609 4949 700 5003 Vis
731 4959 911 5003 autem
939 4959 991 5003 et
1018 4965 1080 5003 ex
1107 4950 1272 5003 veteri
1302 4948 1600 5019 Scriptura
1619 4950 1808 5018 perdo-

228 5043 342 5098 ceri
382 5043 526 5110 quod
556 5041 694 5094 ﬁlius
719 5042 843 5110 quis
870 5042 1069 5095 dicitur
1098 5049 1203 5094 non
1251 5050 1428 5094 tamen
1471 5041 1586 5109 ejus
1615 5040 1682 5094 de
1710 5055 1806 5093 cu-

221 5135 316 5204 jus
362 5132 566 5187 carnali
611 5133 815 5185 semine
862 5133 1158 5195 descendit,
1200 5115 1290 5185 SBd
1332 5131 1456 5207 ejus~
1475 5131 1627 5198 cujus
1656 5142 1809 5185 actus

229 5226 480 5279 imitatur
523 5231 576 5278 ct
603 5224 806 5292 Opera?
832 5224 970 5276 Audi
1004 5223 1188 5276 Daniel
1221 5224 1346 5292 quid
1376 5225 1518 5276 dicat
1547 5225 1613 5277 ad
1643 5240 1808 5277 unum

230 5332 300 5370 ex
335 5315 441 5369 illis
463 5315 787 5377 senioribus,
815 5329 949 5382 quos
981 5316 1159 5384 arguit
1187 5316 1254 5368 de
1278 5314 1560 5367 adulterio:
1590 5313 1806 5380 Semen,

231 5406 435 5475 inquit,
467 5404 724 5459 Chanaan
754 5412 806 5457 et
853 5420 956 5457 non
999 5403 1157 5465 Juda,
1211 5406 1416 5473 species
1459 5405 1672 5457 seduxit
1723 5414 1806 5468 te,

233 5497 677 5564 concupiscentia
722 5496 917 5549 evertit
950 5509 1044 5548 cor
1073 5505 1224 5548 tuum
1270 5494 1426 5565 (Dan.
1452 5493 1602 5562 xm).
1649 5494 1809 5550 Vides

235 5604 361 5642 cum
388 5586 479 5655 qui
507 5585 798 5638 carnaliter
825 5585 888 5638 de
929 5599 1124 5654 genere
1163 5585 1297 5640 Juda
1328 5586 1675 5639 descenderet
1718 5600 1809 5638 ue-

239 5679 349 5747 gari
393 5677 562 5729 ﬁlium
605 5690 722 5729 esse
763 5676 915 5738 Juda,
955 5676 1044 5728 sed
1098 5660 1356 5729 Chanaan
1382 5691 1394 5727 :
1421 5675 1535 5742 ejus
1579 5676 1805 5740 scilicet,

241 5768 394 5838 cujus
417 5777 570 5824 actus
598 5777 651 5821 et
681 5783 839 5835 opera
880 5767 1222 5834 sequebatur.
1265 5766 1341 5820 Ita
1368 5781 1494 5836 ergo
1520 5776 1574 5821 et
1602 5767 1653 5820 hi
1681 5768 1803 5829 quia

1901 1931 2014 2000 jam
2050 1943 2168 1988 erat
2209 1936 2585 2006 circumcisio,
2619 1939 2834 2007 quando
2884 1941 3175 2010 promissio
3225 1942 3369 1999 facta
3413 1957 3498 2002 est

1905 2024 2137 2078 Abrahae
2175 2026 2435 2088 credenti,
2469 2037 2522 2081 et
2554 2029 2747 2082 semini
2781 2027 2917 2097 ejus,
2951 2031 3092 2099 quod
3114 2042 3198 2088 est
3222 2032 3493 2099 Christus,

1907 2115 1997 2182 qui
2029 2115 2307 2170 hominum
2350 2125 2574 2185 peccata
2611 2117 2875 2173 ablueret.
2913 2119 3064 2176 Unde
3098 2123 3230 2178 dicit
3257 2123 3497 2181 Joannes

1908 2203 2181 2272 Baptista:
2213 2206 2349 2259 Ecce
2390 2209 2568 2277 Agnus
2615 2206 2756 2260 Dei:
2804 2225 2920 2263 ecce
2959 2213 3049 2281 qui
3096 2213 3232 2267 tollit
3279 2227 3496 2284 peccata

1910 2297 2090 2349 mutuli
2114 2295 2294 2366 (Ioan.
2329 2299 2390 2370 ι).
2417 2298 2530 2352 Νοη
2565 2311 2696 2369 ergo
2737 2302 2933 2356 merito
2963 2314 3189 2360 servata
3231 2307 3365 2378 legis
3387 2296 3494 2363 ha:-

1908 2402 1995 2441 res
2024 2385 2198 2441 factus
2237 2397 2322 2442 est
2357 2389 2564 2453 mundi,
2596 2391 2692 2446 sed
2727 2389 2873 2457 ﬁdei,
2923 2393 3094 2448 haeres
3127 2405 3309 2450 autem
3337 2413 3494 2453 mun-

1909 2476 1960 2530 di
2002 2479 2175 2532 hazres
2204 2487 2289 2532 est
2316 2486 2475 2534 terrai
2501 2521 2515 2546 ,
2568 2489 2730 2550 quam
2764 2483 2816 2536 in
2856 2473 2982 2539 ﬁliis
3008 2498 3331 2543 consecutus
3367 2499 3452 2545 est
3480 2510 3490 2544 :

1909 2567 2157 2624 Christus
2192 2579 2371 2625 autetn
2396 2572 2572 2628 haeres
2599 2576 2683 2628 est
2717 2560 2978 2646 gentium,
3018 2588 3078 2632 ut
3103 2579 3268 2633 David
3301 2583 3448 2636 canit
3479 2603 3492 2636 :

1909 2658 1979 2712 Et
2003 2659 2140 2714 dabo
2167 2661 2258 2714 tibi
2285 2651 2458 2732 gemini
2480 2663 2842 2719 [nereditatem
2871 2678 3016 2721 tuam
3046 2679 3094 2722 et
3115 2675 3493 2739 possessionem

1916 2758 2061 2802 tuam
2093 2753 2340 2805 terminos
2367 2761 2522 2806 terra:
2546 2741 2722 2818 (Psal.
2757 2756 2796 2826 ι)
2822 2758 2962 2831 μῆρε
3003 2759 3148 2813 enim
3176 2763 3492 2830 moriemur,

1907 2849 1962 2896 et
1987 2843 2230 2898 vivemus
2254 2859 2375 2899 cum
2398 2861 2482 2900 eo.
2528 2835 2644 2902 Non
2686 2850 2844 2903 enim
2868 2867 2967 2921 per
3002 2851 3180 2921 legem
3207 2858 3495 2924 promissio

1909 2932 2140 2988 Abrahae
2192 2945 2288 2990 aut
2335 2939 2526 2992 semini
2580 2937 2712 3006 ejus,
2768 2949 2828 2994 ut
2869 2942 3042 3004 ha:res
3087 2955 3232 2999 esset
3286 2950 3494 3010 mundi,

1911 3023 2004 3077 sed
2029 3038 2122 3092 per
2157 3025 2427 3095 justitiam
2464 3026 2608 3082 ﬁdei.
2641 3027 2842 3102 (Orig.)
2877 3029 2990 3086 Hoc
3027 3034 3081 3087 in
3119 3035 3237 3090 loco
3266 3039 3396 3093 mihi
3425 3041 3498 3094 vi-

1914 3114 2070 3168 detur
2095 3116 2161 3168 de
2190 3115 2304 3186 lege
2334 3108 2503 3187 Meysi
2527 3118 2820 3188 Apostolus
2842 3121 3142 3192 diSputare,
3187 3136 3241 3180 et
3282 3144 3492 3184 assere-

1912 3222 1971 3260 re
2005 3208 2147 3275 quod
2196 3209 2486 3277 promissio
2521 3226 2642 3280 quae
2688 3211 2834 3267 facta
2882 3221 2966 3268 est
3021 3216 3088 3270 ad
3116 3218 3389 3272 Abraham
3436 3231 3494 3275 ut

1911 3296 2278 3353 haereditatem
2324 3300 2532 3366 mundi,
2562 3301 2616 3356 id
2655 3311 2757 3369 est,
2806 3312 2966 3360 terra:
3011 3307 3172 3362 totius
3224 3312 3497 3380 acciperet

1910 3386 2025 3456 ipse
2057 3387 2136 3442 vel
2165 3394 2349 3444 semen
2389 3391 2528 3460 ejus,
2561 3407 2667 3447 non
2715 3408 2782 3447 ex
2829 3393 2999 3467 Moysi
3040 3396 3158 3468 lege
3199 3414 3493 3458 constaret.

1911 3475 2039 3542 Quae
2079 3477 2262 3547 utique
2294 3481 2583 3560 promissio
2616 3477 2685 3537 ad
2721 3483 2997 3540 Abraham
3043 3498 3166 3542 ante
3205 3490 3347 3545 facta
3389 3504 3492 3559 est,

1910 3582 2070 3636 quam
2113 3584 2210 3638 per
2239 3569 2456 3640 Moysen
2486 3563 2552 3626 de
2578 3572 2712 3644 legis
2740 3566 3087 3632 observantia
3119 3583 3490 3638 mandaretur.

1911 3658 2002 3714 Sic
2037 3674 2166 3730 ergo
2210 3676 2317 3715 non
2359 3671 2444 3716 est
2490 3672 2558 3718 ex
2609 3664 2728 3734 lege
2779 3669 3070 3736 promissio
3110 3670 3363 3738 Abrahae,
3400 3691 3494 3728 ne-

1909 3766 2014 3820 que
2048 3752 2236 3810 semini
2264 3753 2398 3819 ejus,
2433 3761 2491 3808 ut
2516 3755 2690 3810 hatres
2716 3757 2788 3811 sit
2824 3761 3028 3826 mundi,
3079 3763 3170 3816 sed
3200 3779 3299 3833 per
3330 3767 3493 3835 justi-
3522 3793 3533 3812 ι

1912 3843 2038 3895 tiam
2062 3843 2222 3906 ~ﬁdei,
2271 3845 2679 3916 intelligentiam
2719 3849 3041 3918 planiorem,
3089 3863 3249 3922 atque
3277 3872 3341 3910 ea
3374 3875 3494 3926 quae

1909 3938 2180 3991 contraria
2207 3948 2467 4019 putantur
2511 3955 2748 3995 consona
2800 3959 2939 4008 esse,
2986 3955 3040 3999 et
3090 3948 3191 4000 sibi
3231 3937 3489 4005 'invicem

1910 4027 2297 4082 concordantia
2368 4030 2861 4100 deprehenduntur.
2930 4033 3130 4108 (Amb.)
3185 4037 3277 4093 .Ut"
3328 4057 3494 4096 unum

1909 4118 2077 4174 Deum
2119 4121 2362 4174 omnium
2390 4123 2588 4176 doceat
2615 4123 2910 4193 alloquitur
2936 4128 3164 4196 gentiles
3219 4130 3494 4186 Abraham

1909 4211 2010 4279 ipsi
2044 4213 2152 4264 Deo
2184 4212 2498 4280 credidisch
2527 4223 2582 4266 et
2619 4214 2980 4282 justiticatum
3029 4233 3148 4272 esse
3196 4230 3320 4274 ante
3347 4238 3491 4287 eum,

1908 4303 1962 4356 in
2001 4319 2162 4372 quem
2192 4314 2246 4357 et
2287 4317 2474 4374 gentes
2525 4308 2774 4371 credunt,
2807 4318 2865 4361 ut
2882 4309 3267 4378 justiﬁcentur,
3299 4322 3355 4366 ut
3387 4330 3491 4368 non

1909 4395 1980 4447 sit
2010 4395 2265 4448 distantia
2311 4395 2480 4450 Judaei
2531 4406 2586 4451 et
2631 4397 2802 4452 Gl‘iBCl
2846 4400 2898 4452 in
2944 4400 3068 4464 ﬁde,
3121 4403 3245 4464 quia
3285 4405 3494 4459 sublata

1910 4488 2322 4541 circumcisione
2344 4498 2398 4542 et
2416 4491 2863 4563 praeputiounum
2887 4491 3088 4545 ﬁuntin
3111 4494 3349 4560 Christo,
3367 4499 3492 4566 quia

1908 4588 1961 4633 et
1990 4579 2263 4633 Abraham
2310 4581 2363 4633 in
2390 4583 2653 4650 prreputio
2691 4583 2922 4636 credidit
2949 4592 3002 4637 et
3032 4583 3362 4652 justiﬁcatus
3388 4601 3490 4643 est.

1981 4669 2085 4734 Qui
2106 4671 2325 4738 rivi/ient
2349 4684 2601 4738 mortuos,
2626 4684 2672 4726 et
2696 4661 2840 4727 vocat
2865 4692 2924 4728 ea
2950 4693 3067 4746 qute
3091 4694 3192 4732 non
3213 4690 3354 4744 sunt,
3376 4691 3494 4736 tan-

1907 4780 2061 4832 quam
2086 4780 2145 4816 ea
2168 4780 2282 4832 qua!
2303 4775 2442 4817 sunt.
2461 4765 2663 4835 (Amb.)
2694 4765 2805 4820 Hoc
2832 4768 2974 4822 dicto
2992 4771 3058 4822 ad
3083 4769 3239 4823 ﬁdem
3256 4772 3489 4828 Abrahae

1908 4870 2007 4924 gen
2017 4864 2094 4906 tes
2109 4854 2320 4918 invitat;
2335 4854 2458 4923 quia
2483 4872 2603 4909 cum
2622 4868 2764 4910 esset
2782 4859 2831 4917 in
2847 4860 3109 4927 praeputio
3122 4863 3345 4916 credens
3360 4864 3489 4929 Deo,

1909 4947 2058 5014 cujus
2084 4961 2223 5000 nunc
2247 4947 2375 5000 ﬁdes
2399 4950 2719 5016 prtedicatur
2742 4949 2793 5002 in
2815 4950 3388 5018 Christo,justiﬁcatus
3407 4965 3491 5010 est

1911 5051 2028 5088 cum
2047 5052 2140 5090 sua
2164 5036 2409 5106 conjuge.
2428 5038 2558 5092 Cum
2582 5049 2762 5092 essent
2777 5041 2920 5093 enim
2942 5040 3180 5096 obsoleta
3204 5054 3383 5109 aetate,
3403 5062 3491 5100 se-

1911 5129 2090 5182 niores
2122 5131 2474 5193 reviruerunt,
2506 5131 2576 5184 ita
2603 5140 2659 5184 ut
2681 5147 2787 5185 non
2813 5132 3076 5188 difﬁderet
3096 5135 3406 5190 habiturum
3429 5153 3487 5192 se

1909 5229 1975 5270 ex
2003 5218 2135 5272 Sara
2166 5221 2352 5282 lilium,
2386 5238 2544 5290 quam
2569 5225 2802 5278 sterilem
2835 5225 3056 5290 sciebat,
3083 5236 3136 5279 et
3166 5227 3216 5279 in
3241 5237 3344 5294 qua
3376 5228 3488 5295 jam

1909 5307 2082 5364 ﬂuxus
2135 5311 2409 5364 muliebris
2441 5322 2646 5365 naturae
2676 5313 2978 5378 defecerat;
3008 5325 3064 5367 ut
3095 5330 3189 5384 per
3227 5322 3339 5371 tunc
3384 5334 3490 5372 non

1909 5413 2290 5472 curentneque
2319 5405 2384 5456 de
2411 5407 2688 5473 praeputio,
2736 5421 2908 5474 neque
2955 5406 3019 5459 de
3056 5408 3488 5472 circumcisione,

1907 5505 1961 5549 et
1987 5498 2128 5566 rupti
2157 5497 2432 5568 [prompti]
2463 5499 2734 5551 sinl'circa
2754 5497 2910 5551 ﬁdem
2941 5518 2951 5550 :
2987 5499 3156 5552 securi
3206 5501 3330 5567 quia
3374 5515 3490 5554 cre-

1910 5587 2041 5640 dunt
2101 5589 2150 5640 ei
2213 5589 2301 5656 qui
2359 5588 2593 5641 viviﬁcat
2666 5600 2942 5654 mortuos,
2997 5605 3093 5643 nec
3146 5590 3310 5644 alium
3369 5605 3488 5645 esse

1909 5677 1996 5744 qui
2033 5679 2170 5731 hanc
2198 5677 2393 5731 habeat
2447 5687 2765 5745 potestatem
2798 5699 2810 5732 :
2845 5690 2897 5733 et
2933 5696 3051 5734 cum
3092 5680 3322 5733 voluerit
3371 5696 3488 5735 esse

1911 5769 2053 5834 quod
2077 5784 2180 5821 non
2203 5777 2351 5829 sunt,
2376 5769 2554 5822 statim
2586 5771 2700 5838 ejus
2722 5771 2996 5825 voluntate
3018 5770 3336 5824 consistant.
3365 5771 3487 5825 Ideo
