3960 6338
446 389 585 444 1ὅ59

1086 388 1146 440 Β.
1191 387 1443 441 RABANI
1481 384 1698 441 MAURI
1737 382 2060 438 ARGHIEP.
2103 381 2415 438 MOGUNT.
2456 382 2743 439 OPERUM
2779 383 2959 440 PARS
2999 385 3084 439 lll.

3598 388 3730 445 £360

437 503 710 561 Abraham
739 517 859 558 cum
887 509 1040 571 pater
1069 502 1247 558 adhuc
1302 517 1408 555 non
1449 508 1610 564 esset,
1669 507 1894 555 vocatus
1946 506 2031 554 est
2059 502 2106 561 Α
2135 501 2259 569 quia
2296 517 2397 552 non
2429 499 2582 552 mulli
2609 503 2864 570 sapientes
2889 503 3026 555 inter
3056 519 3143 556 vos
3171 504 3466 558 secundum
3511 522 3742 570 carnem,

437 603 594 665 pater
622 593 914 648 multarum
937 593 1198 662 gentium,
1225 599 1281 645 et
1307 591 1538 646 credidit
1565 605 1788 646 securus
1823 589 1891 644 de
1934 588 2031 643 Dei

436 686 694 758 potentia.
721 683 794 739 Ut
820 691 1004 738 autem
1031 692 1187 752 pater
1215 681 1416 737 Christi
1439 682 1581 737 idem
1610 696 1732 736 esse
1749 681 1891 736 Deus
1913 695 2033 736 cre-

435 779 675 840 deretur,
691 775 778 830 cui
795 772 1024 829 credidit
1044 773 1345 838 Abraham,
1369 772 1476 827 tale
1497 773 1710 841 signum
1743 771 1927 825 datum
1949 777 2035 824 est

435 870 492 926 in
534 869 801 924 Zacharia
831 876 888 923 et
916 866 1204 922 Elizabeth
1258 864 1419 939 (Luc.
1450 865 1522 935 ι),
1573 861 1695 920 cum
1744 864 2034 933 promissio

435 959 681 1014 redditur
703 959 758 1013 in
785 958 1006 1024 mundo,
1033 957 1352 1021 imminente
1383 956 1619 1021 Christo,
1658 956 1818 1025 quale
1847 956 2034 1011 datum

433 1047 688 1124 fueratqin
711 1048 988 1105 Abraham
1020 1059 1075 1102 et
1110 1047 1268 1113 Sara,
1299 1047 1516 1117 quando
1547 1048 1756 1115 signata
1800 1047 2036 1129 promis-

433 1143 516 1199 sio
538 1151 656 1209 est;
683 1152 745 1198 ut
772 1141 938 1220 simili
977 1156 1176 1213 genere
1206 1147 1453 1196 emortua
1478 1154 1708 1209 corpora
1758 1147 2038 1194 senectute

434 1245 763 1307 generarent
787 1243 1034 1291 sanctum
1062 1232 1344 1298 Joannem,
1381 1233 1520 1287 sicut
1547 1241 1710 1286 natus
1758 1231 1934 1288 fuerat
1984 1237 2038 1284 et

434 1325 629 1383 Isaac-
662 1325 885 1398 (Θήρ.)
940 1323 1182 1379 Mortuos
1211 1323 1341 1378 hinc
1367 1325 1662 1378 secundum
1687 1323 1882 1377 animas
1908 1338 2035 1390 pec-

435 1427 616 1474 catum
640 1418 1009 1488 intelligimus,
1040 1417 1298 1487 quoniam
1318 1418 1523 1482 anima,
1548 1416 1739 1486 inquit,
1774 1433 1890 1486 qua:
1915 1433 2036 1485 pec-

435 1516 546 1574 cat,
573 1509 827 1562 morietur
854 1507 1087 1579 (Ezech.
1116 1505 1305 1576 xvul).
1368 1505 1523 1560 Sicut
1571 1505 1716 1561 enim
1763 1506 1817 1558 in
1864 1513 2039 1559 morte

437 1599 708 1671 corporali
739 1607 1198 1669 pereuntsensus,
1228 1609 1290 1650 ut
1308 1611 1376 1650 ne
1402 1597 1525 1664 quis
1552 1595 1688 1649 ultra
1713 1611 1810 1664 per
1837 1607 2039 1663 corpus

437 1705 616 1760 neque
651 1689 920 1752 auditum,
949 1702 1124 1755 neque
1150 1686 1396 1750 odorem,
1421 1693 1522 1755 aut
1544 1695 1759 1754 gustum
1790 1683 2036 1752 recipiat,

435 1781 521 1836 vel
553 1789 779 1842 tactum,
810 1779 884 1832 ita
909 1785 964 1832 et
988 1778 1081 1846 qui
1111 1776 1382 1846 spiritales
1412 1791 1603 1830 sensus
1629 1775 1681 1828 in
1704 1776 1882 1829 anima
1915 1789 2039 1843 per-

2135 604 2237 642 uon
2267 591 2419 642 multi
2448 599 2700 659 potentes,
2735 608 2837 644 non
2869 589 3019 644 multi
3057 592 3274 658 nobiles,
3305 595 3396 648 sed
3419 612 3540 664 qua:
3584 597 3741 650 stulta

2135 692 2253 734 sunt
2278 682 2464 735 mundi
2495 681 2646 752 elegit
2674 682 2840 749 Deus,
2873 693 2928 736 ut
2960 685 3249 753 confundat
3298 689 3639 756 sapientiam,
3693 698 3741 742 et

2136 772 2345 840 inﬁrma
2372 773 2555 826 mundi
2582 772 2734 843 elegit
2757 773 2921 840 Deus,
2953 785 3010 827 ut
3038 774 3333 844 confundat
3362 777 3546 845 fortia.
3596 778 3746 833 Sicut

2139 879 2270 935 ergo
2302 864 2469 919 stulta
2502 863 2686 918 mundi
2713 864 2943 934 elegisse
2967 866 3097 921 dicit
3123 866 3320 933 Deum,
3349 867 3454 922 hoc
3473 880 3581 932 est,
3603 869 3746 926 Gen-

2143 965 2242 1018 tes,
2269 965 2328 1009 ut
2356 955 2711 1010 confunderet
2755 957 3100 1027 sapientiam,
3147 958 3264 1012 sine
3314 958 3480 1012 dubio
3506 959 3744 1022 Iudaeos,

2138 1056 2193 1101 et
2225 1045 2440 1100 infirma
2476 1045 2683 1110 mundi,
2728 1056 2785 1100 ut
2815 1047 3172 1102 confunderet
3208 1047 3388 1103 fortia.
3433 1049 3634 1103 Eodem
3660 1067 3747 1103 or-

2138 1139 2264 1193 dine
2292 1138 2347 1192 in
2377 1138 2482 1191 hoc
2507 1137 2626 1191 loco
2657 1137 2787 1192 dicit
2809 1146 2865 1191 et
2890 1138 2955 1191 de
2989 1137 3071 1192 his
3101 1154 3219 1207 quae
3256 1155 3362 1194 non
3401 1149 3550 1204 sunt,
3592 1150 3648 1194 ut
3682 1156 3746 1194 ea

2141 1243 2262 1298 quas
2286 1235 2412 1281 sunt
2441 1226 2703 1292 destruat,
2730 1234 2784 1280 et
2816 1241 2920 1280 non
2943 1243 3063 1282 esse
3097 1226 3319 1295 Gentes,
3383 1245 3506 1284 esse
3567 1241 3747 1285 autem

2139 1317 2354 1374 Judmos
2375 1318 2628 1381 ostendit,
2661 1318 2712 1371 id
2725 1326 2830 1383 est,
2847 1319 2937 1386 qui
2955 1319 3006 1372 in
3022 1318 3136 1389 lege
3151 1330 3328 1382 erant,
3345 1320 3438 1374 sed
3454 1320 3627 1391 legem
3642 1337 3747 1375 non

2146 1409 2444 1479 implebant
2472 1417 2532 1462 ut
2558 1410 2974 1463 destruerentur
3027 1419 3081 1464 et
3129 1412 3488 1466 induerentur
3527 1412 3604 1466 illi
3656 1414 3748 1482 qui

2145 1515 2254 1555 non
2277 1510 2434 1555 erant
2463 1501 2517 1553 in
2558 1499 2696 1570 lege,
2721 1508 2775 1553 et
2795 1499 3029 1554 Abrahze
3072 1501 3194 1556 fidei
3233 1501 3577 1556 credulitatis
3631 1518 3744 1557 rne-

2152 1595 2258 1647 rito
2276 1593 2660 1662 jungerentur.
2687 1590 2790 1656 Qui
2817 1602 2999 1646 contra
3043 1610 3185 1662 spem
3233 1596 3288 1648 in
3313 1611 3458 1664 spem
3507 1596 3744 1648 credidit.

2145 1684 2354 1757 (Amb.)
2387 1683 2728 1738 Manifestum
2757 1693 2862 1747 est,
2893 1685 3019 1753 quia
3055 1700 3178 1739 cum
3207 1701 3358 1756 spem
3393 1703 3502 1740 non
3526 1688 3750 1742 haberet

2145 1774 2436 1846 generandi
2457 1774 2756 1846 Abraham,
2789 1773 3018 1829 credidit
3045 1775 3173 1838 Deo,
3204 1775 3364 1830 fidem
3392 1777 3603 1834 habens
3627 1793 3750 1839 con-

436 1873 662 1938 diderit,
694 1879 888 1938 utnon
921 1869 1318 1933 videatDeum,
1359 1883 1536 1937 neque
1580 1867 1763 1921 audiat
1813 1866 2037 1922 verbum
2067 1855 2114 1915 Β
2143 1874 2224 1921 tra
2248 1853 2398 1936 spem
2440 1878 2708 1935 generare
2738 1881 2819 1930 se,
2847 1865 2940 1920 sed
2970 1867 3144 1922 sciens
3172 1868 3353 1921 omnia
3379 1883 3538 1936 posse
3561 1869 3746 1922 Deum.

438 1965 657 2020 Domini
689 1963 808 2029 Dei,
836 1976 1011 2032 neque
1054 1976 1276 2016 suavem
1328 1961 1552 2015 odorem
1593 1959 1773 2028 capiat
1812 1957 2037 2020 Christi,

442 2072 619 2126 neque
651 2063 830 2127 gustet
858 2055 1059 2110 bonum
1084 2053 1180 2108 Dei
1208 2053 1453 2116 verbum,
1489 2064 1663 2118 neque
1703 2063 1896 2102 manus
1924 2047 2042 2116 ejus

443 2154 784 2220 pertractent
814 2146 882 2200 de
913 2145 1081 2200 verbo
1111 2143 1258 2206 vine,
1285 2139 1592 2210 hujusmodi
1626 2139 1874 2193 homines
1925 2153 2039 2191 nte-

444 2241 551 2299 rito
581 2239 777 2298 mortui
805 2237 1163 2314 appellantur.
1194 2234 1355 2292 Tales
1385 2233 1594 2292 invenit
1631 2247 1731 2290 nos
1777 2230 2041 2287 adventus

444 2331 668 2395 Christi,
705 2330 802 2386 sed
838 2329 1134 2383 viviﬁcavit
1157 2343 1257 2398 per
1280 2326 1509 2399 gratiam
1560 2339 1747 2384 suam;
1801 2324 1942 2377 sicut
1989 2327 2044 2374 et

445 2421 748 2478 alibi’dicit
774 2420 917 2475 idem
948 2417 1240 2488 Apostolus
1273 2435 1286 2471 :
1322 2415 1390 2469 Et
1421 2433 1515 2469 nos
1543 2431 1664 2468 cum
1691 2414 1882 2466 mortui
1912 2428 2044 2465 esse—

446 2530 564 2567 mus
587 2510 790 2566 delictis
811 2519 859 2564 et
882 2509 1109 2579 peccatis
1144 2507 1361 2572 nostris,
1390 2504 1548 2561 simul
1576 2522 1696 2559 cum
1743 2503 1834 2557 illo
1865 2520 2042 2557 resus-

447 2590 625 2658 citavit
647 2618 739 2655 nos
772 2598 945 2672 (Eph.
973 2599 1066 2670 ιι).
1099 2598 1206 2654 Sed
1231 2604 1286 2652 et
1309 2596 1455 2668 quod
1484 2597 1539 2650 in
1584 2593 2045 2662 consequentibus

446 2693 597 2755 dicit,
628 2699 684 2744 et
709 2700 858 2745 vocat
885 2707 1003 2760 quae
1033 2705 1137 2743 non
1155 2698 1300 2752 sunt,
1320 2683 1585 2756 tanquam
1633 2701 1695 2738 ea
1733 2701 1849 2754 quae
1900 2694 2041 2748 sunt,

449 2782 724 2852 quomodo
748 2781 972 2851 intelligi
996 2781 1213 2843 debeat,
1244 2778 1543 2851 videamus.
1559 2773 1895 2844 Frequenter
1913 2781 1968 2829 et
1990 2775 2045 2827 in

449 2875 576 2928 aliis
594 2872 944 2942 exposuimus
979 2870 1124 2939 quod
1149 2869 1292 2923 Deus
1314 2867 1462 2923 solus
1483 2875 1587 2927 est,
1620 2865 1712 2935 qui
1734 2865 1866 2918 dicit
1893 2881 1906 2917 :
1930 2863 2044 2933 Ego

450 2983 588 3030 sum,
619 2964 708 3035 qui
728 2979 845 3017 sum
868 2975 887 3013 :
915 2971 970 3016 et
1004 2975 1111 3014 una
1162 2967 1247 3014 est
1289 2958 1379 3013 illa
1423 2959 1520 3014 Dei
1569 2955 1895 3021 substantia,
1927 2970 2047 3024 qua:

451 3072 667 3125 semper
696 3063 780 3111 est
807 3074 819 3109 :
853 3054 941 3109 cui
963 3053 1009 3108 si
1040 3053 1163 3122 quis
1187 3067 1245 3107 se
1273 3049 1602 3119 adiunxerit,
1628 3064 1768 3103 unus
1816 3047 1876 3102 fit
1923 3062 2046 3102 cum

451 3163 516 3200 eo
544 3146 784 3218 Spiritus,
809 3153 979 3211 etper
1004 3141 1154 3195 illum
1193 3141 1285 3210 qui
1329 3155 1544 3210 semper
1591 3147 1695 3205 est,
1732 3139 1897 3216 etiam
1931 3139 2046 3206 ipse

2212 1955 2282 2010 Ut
2332 1957 2477 2024 ﬁeret
2524 1965 2674 2024 pater
2722 1955 3010 2008 multarunt
3060 1957 3312 2023 gentium,
3361 1958 3655 2010 secundum
3700 1959 3748 2011 id

2139 2045 2280 2117 quod
2311 2045 2510 2098 dictum
2537 2054 2612 2099 est
2637 2059 2656 2095 .'
2675 2042 2764 2098 Sic
2789 2046 2889 2097 erit
2911 2061 3084 2098 semen
3110 2051 3277 2097 tuum.
3309 2045 3425 2100 Hoc
3448 2049 3500 2100 in
3524 2047 3747 2102 Genesi:

2143 2137 2434 2195 ostendens
2465 2136 2608 2191 enim
2631 2133 2708 2190 illi
2748 2134 2932 2192 stellas
2959 2135 3106 2203 eteli,
3157 2137 3336 2193 dixit:
3371 2137 3464 2192 Sic
3517 2141 3617 2191 erit
3671 2156 3748 2192 se-

2147 2249 2263 2286 men
2305 2244 2499 2287 tuum:
2532 2236 2676 2303 quod
2726 2237 2952 2289 credens
2991 2235 3318 2303 justilicatus
3373 2245 3480 2290 est.
3513 2231 3749 2290 Credidit

2143 2323 2285 2374 enim
2315 2323 2460 2391 quod
2479 2324 2678 2378 mundo
2707 2323 3040 2392 impossibile
3065 2325 3300 2390 videtur,
3334 2325 3465 2379 dum
3492 2327 3543 2380 in
3571 2342 3747 2380 rerum

2123 2423 2392 2466 naturam
2423 2430 2531 2468 non
2561 2414 2727 2478 cadit,
2777 2423 2835 2468 ut
2880 2417 3091 2484 possint
3138 2431 3299 2470 senes
3357 2432 3646 2486 generare,
3695 2429 3746 2473 et

2148 2498 2295 2555 tanta
2325 2506 2479 2572 copia
2509 2503 2855 2572 multiplicari
2893 2520 3076 2560 semen
3123 2521 3312 2560 eorum
3369 2516 3427 2561 ut
3472 2511 3744 2563 numerari

2147 2607 2252 2646 non
2282 2594 2471 2662 possit.
2524 2594 2758 2664 Ideoque
2792 2596 3027 2662 pretiosa
3051 2605 3132 2649 est
3173 2596 3326 2660 tides,
3385 2613 3507 2665 qun
3560 2609 3746 2653 contra

2148 2685 2199 2738 id
2227 2686 2368 2754 quod
2404 2686 2507 2740 scit
2542 2695 2636 2738 aut
2663 2686 2811 2739 videt
2841 2686 3013 2739 credit
3046 2685 3285 2740 futurum
3315 2704 3326 2738 :
3356 2688 3458 2741 hac
3482 2704 3576 2756 spe
3627 2705 3748 2742 con-

2148 2775 2328 2830 solans
2351 2790 2432 2840 se,
2465 2777 2763 2845 quiaDeus
2782 2784 2866 2831 est
2887 2778 2976 2845 qui
2999 2777 3286 2846 permittit,
3309 2777 3378 2831 de
3425 2795 3535 2848 quo
3562 2779 3744 2833 sentiri

2147 2871 2268 2940 plus
2295 2880 2497 2940 potest,
2525 2885 2690 2939 quam
2723 2872 2956 2924 humana
2983 2871 3327 2925 imbecillitas
3353 2875 3518 2941 capit.

2222 2962 2290 3015 Et
2340 2978 2444 3015 non
2486 2962 2784 3029 inﬁrmatus
2812 2972 2887 3016 est
2928 2962 3057 3030 ﬁde,
3081 2980 3172 3016 nec
3195 2965 3544 3018 considerari:
3566 2983 3749 3034 corpus

2151 3069 2307 3107 suum
2328 3060 2643 3118 emortuum,
2676 3069 2793 3105 cum
2808 3054 2926 3122 jam
2954 3053 3062 3120 fere
3093 3062 3299 3106 centum
3316 3066 3445 3108 esset
3470 3073 3746 3121 annorum,

2151 3155 2198 3199 et
2225 3155 2518 3198 emortuam
2554 3144 2763 3198 vulvam
2804 3144 2988 3210 Sane;
3027 3146 3079 3198 in
3133 3149 3534 3216 repromissione
3580 3161 3749 3202 autem

451 3203 836 3291 εὸεθιάίοθιυνσ
877 3232 980 3298 (ὶυί
1008 3247 1141 3287 vero
1163 3230 1323 3301 longe
1344 3237 1428 3285 εει
1455 3230 1524 3284 ab
1561 3244 1650 3295 θοι
1698 3213 2045 3298 Ρὲΐῑίοἶρίυη.
2073 3203 2118 3266 C
2155 3235 2249 3289 Dei
2278 3251 2382 3288 non
2403 3236 2662 3289 hwsitavit
2686 3236 2996 3304 diffidentia,
3049 3237 3139 3289 sed
3191 3238 3537 3305 conﬁrmatus
3583 3251 3659 3292 est
3701 3242 3751 3291 in

453 3328 572 3394 ejus
616 3327 806 3389 sumit,
837 3339 905 3378 ne
955 3338 1076 3377 esse
1124 3320 1346 3391 quidem
1395 3321 1615 3383 dicitur,
1643 3319 1786 3373 sicut
1830 3333 2050 3372 eramus

457 3435 558 3475 nos
577 3426 766 3490 gentes
805 3417 1122 3486 priusquam
1148 3415 1216 3469 ad
1239 3413 1568 3483 agnitionem
1596 3410 1842 3464 veritatis
1856 3409 2052 3463 divitas

457 3511 769 3566 veniremus
796 3525 808 3560 :
843 3514 899 3560 et
925 3506 1048 3560 ideo
1082 3505 1284 3559 dicitur
1309 3504 1456 3558 Deus
1482 3516 1679 3556 vocare
1705 3517 1767 3554 ea
1791 3516 1908 3571 qute
1948 3516 2053 3552 non

457 3609 602 3663 sunt,
631 3608 882 3667 tanquam
905 3611 1023 3666 qua:
1043 3603 1184 3648 sunt.
1237 3593 1382 3647 lnter
1407 3606 1502 3646 eos
1529 3590 1674 3645 enim
1712 3589 1805 3659 qui
1831 3597 1974 3653 sunt,
1999 3589 2054 3642 id

457 3697 562 3752 est,
590 3686 683 3756 qui
729 3683 1198 3754 participationem
1227 3681 1430 3737 habent
1455 3679 1575 3748 ejus
1602 3681 1697 3749 qui
1737 3688 1842 3747 est,
1873 3679 2054 3733 Abra-

460 3779 611 3842 ham,
640 3776 791 3831 lsaac
816 3783 874 3830 et
907 3772 1094 3838 Jacob,
1121 3781 1180 3827 et
1224 3773 1408 3827 caeteri
1458 3769 1635 3825 sancti
1675 3778 2051 3824 numerantur.

460 3866 618 3934 Quod
649 3866 694 3921 si
723 3863 925 3921 Gentes
953 3862 1223 3919 credendo
1263 3862 1322 3915 in
1351 3860 1515 3919 ﬁdem
1539 3860 1764 3914 veniunt
1800 3858 2052 3924 Abrahae,

462 3965 858 4027 consequenter
884 3955 1198 4025 pronuntiat
1224 3951 1512 4021 Apostolus
1539 3952 1682 4020 quod
1707 3949 1851 4004 Deus
1893 3964 2054 4004 voca—

463 4049 603 4104 verit
635 4064 700 4102 ea
747 4062 868 4117 qua:
913 4061 1020 4101 non
1065 4055 1192 4100 sunt
1237 4053 1494 4113 tanquam
1535 4057 1656 4111 quae
1696 4048 1840 4095 sunt.
1874 4039 2060 4095 Potest

468 4149 649 4194 tamen
677 4139 840 4192 etiam
873 4135 1002 4190 illud
1026 4135 1254 4196 adverti,
1289 4143 1351 4187 ut
1372 4134 1426 4186 in
1443 4134 1548 4186 hoc
1571 4131 1690 4185 loco
1717 4147 1845 4200 erga
1872 4130 2060 4183 laudes

472 4232 568 4287 Dei
595 4229 871 4298 apostolus
901 4228 1064 4282 latius
1089 4226 1336 4280 videatur
1361 4223 1584 4288 effusus,
1619 4231 1673 4278 et
1697 4223 1910 4276 initium
1943 4221 2060 4290 pri-

468 4341 570 4381 ma:
610 4323 727 4392 ejus
754 4333 1016 4379 creaturas
1036 4337 1160 4377 cum
1184 4321 1542 4375 admiratione
1569 4333 1921 4382 memorasse,
1938 4332 2062 4370 cum

470 4430 538 4468 ex
569 4414 734 4473 nihilo
754 4428 876 4468 esse
902 4412 1028 4466 fecit
1049 4413 1320 4477 universa,
1360 4419 1416 4465 et
1451 4426 1512 4465 ea
1565 4426 1686 4480 quae
1734 4426 1841 4463 non
1883 4416 2058 4473 erant,

472 4504 672 4557 virtute
695 4504 950 4573 potentiae
973 4517 1083 4557 sua:
1108 4510 1362 4577 tanquam
1394 4517 1512 4572 quae
1529 4511 1730 4567 essent,
1787 4509 1842 4556 et
1881 4500 2061 4556 subsi-

474 4606 682 4652 sterent
717 4597 997 4653 evocavit:
1027 4605 1082 4652 et
1136 4597 1211 4651 ita
1240 4596 1290 4650 ei
1326 4597 1381 4650 in
1424 4596 1658 4651 creando
1712 4596 1846 4649 nihil
1901 4595 2067 4649 fuisse

476 4690 716 4755 dillicile,
741 4699 801 4743 ut
826 4706 948 4744 cum
977 4689 1109 4743 nihil
1132 4690 1413 4751 existeret,
1446 4689 1625 4742 omnia
1651 4689 1830 4742 subito
1877 4694 2066 4740 vocata

477 4785 549 4836 ita
582 4781 860 4836 affuissent
886 4791 1141 4852 tanquam
1186 4796 1304 4850 quae
1325 4795 1545 4850 semper
1567 4781 1891 4835 exstiterint.
1916 4779 2068 4847 Quod
2109 4805 2113 4809 τ

477 4875 519 4926 si
550 4874 672 4943 quis
700 4873 853 4927 nobis
877 4873 1096 4940 objiciat
1123 4872 1271 4926 illum
1292 4871 1533 4941 Apostoli
1558 4888 1886 4937 sermonem,
1911 4890 2069 4942 quem

481 4967 546 5019 ad
578 4964 890 5018 Corinthios
930 4964 1122 5018 scribit
1173 4964 1265 5017 ubi
1304 4964 1457 5028 dicit,
1508 4964 1632 5033 quia
1663 4967 2070 5035 contemptibilia

481 5056 664 5111 mundi
692 5056 843 5125 elegit
873 5054 1031 5117 Deus,
1055 5071 1174 5124 qua:
1202 5071 1305 5108 non
1330 5065 1473 5119 sunt,
1503 5064 1557 5108 ut
1588 5071 1648 5108 ea
1670 5073 1786 5126 qua:
1821 5067 1940 5110 sunt
1987 5059 2070 5111 de-

479 5155 671 5210 struat,
703 5154 757 5198 ut
784 5161 888 5197 non
915 5143 1166 5213 glorietur
1187 5145 1353 5196 omnis
1384 5160 1508 5196 caro
1529 5143 1837 5196 coramDeo
1861 5144 1920 5216 (I
1945 5145 2067 5198 Cor.

482 5253 498 5290 ι
523 5238 564 5305 ),
595 5235 818 5291 et'dicat
839 5234 1132 5289 secundum
1160 5234 1298 5287 hanc
1339 5234 1729 5302 expositionem
1759 5236 2069 5300 convenire,

484 5335 542 5380 ut
573 5325 780 5380 destrui
805 5325 1055 5379 dicantur
1081 5339 1199 5393 qua:
1231 5332 1374 5386 sunt,
1402 5339 1524 5377 cum
1558 5339 1619 5377 ea
1646 5340 1765 5393 quae
1800 5340 1904 5378 non
1947 5335 2070 5380 sunt

483 5417 653 5472 eiecta
677 5416 806 5479 sint,
835 5417 1075 5469 dicemus
1101 5413 1167 5468 ad
1194 5414 1326 5478 haec,
1359 5413 1484 5481 quia
1532 5406 1603 5467 in.
1633 5414 1724 5469 illo
1781 5416 1898 5469 loco
1936 5416 2069 5470 alios

485 5509 622 5565 dixit
648 5521 742 5562 eos
766 5505 859 5574 qui
895 5515 1039 5568 sunt,
1071 5513 1126 5559 et
1154 5505 1288 5558 alios
1317 5504 1369 5557 in
1394 5504 1496 5556 hoc
1523 5506 1702 5574 capite
1735 5507 1787 5560 in
1830 5506 2069 5575 Epistola

487 5601 552 5654 ad
603 5598 896 5653 Romanos.
932 5596 1238 5650 Declaravit
1264 5598 1419 5650 enim
1456 5598 1523 5651 ad
1570 5596 1898 5663 Corinthios,
1945 5602 2069 5669 quia

487 5689 550 5741 de
589 5688 670 5740 his
701 5686 926 5751 diceret,
950 5700 1087 5756 quos
1108 5699 1268 5755 supra
1309 5696 1737 5741 enumeraverat.
1761 5688 1905 5742 Dixit
1930 5692 2072 5743 enim

489 5779 756 5845 superius.
797 5774 974 5830 Videte
1021 5778 1157 5830 enim
1201 5777 1516 5831 vocationem
1563 5786 1803 5831 vestram.
1860 5779 2071 5846 fratres,

2152 3324 2256 3391 ﬁde
2282 3324 2459 3376 dando
2488 3324 2713 3394 gloriam
2743 3325 2871 3388 Deo,
2900 3335 3098 3379 certum
3124 3327 3343 3392 habens,
3367 3330 3494 3397 quia
3516 3331 3607 3398 qui
3629 3348 3751 3398 pro-

2153 3414 2294 3466 misit
2315 3424 2495 3491 potens
2525 3425 2599 3467 est
2622 3424 2669 3467 et
2705 3415 2920 3468 reddere
2948 3429 2964 3464 :
2998 3417 3214 3486 ideoque
3241 3429 3540 3487 reputatum
3566 3431 3642 3473 est
3679 3422 3754 3474 illi

2155 3504 2224 3557 ad
2245 3505 2538 3574 justitiam.
2574 3504 2781 3577 (Aug.)
2817 3504 2970 3571 Quod
2996 3516 3176 3560 autem
3226 3509 3303 3561 ait
3331 3509 3398 3562 de
3437 3510 3754 3564 Abraham:

2155 3596 2303 3650 Dans
2323 3597 2548 3666 gloriam
2578 3597 2708 3662 Deo,
2737 3597 3000 3666 adversus
3042 3598 3161 3654 illos
3213 3601 3450 3669 positum
3511 3612 3618 3666 est,
3667 3601 3755 3671 qui

2157 3686 2384 3755 gloriam
2432 3702 2584 3740 suam
2624 3688 2690 3741 de
2726 3688 2981 3756 operibus
3030 3688 3162 3759 legis
3209 3704 3393 3743 coram
3448 3692 3758 3747 hominibus

2158 3775 2489 3844 quaerebant.
2510 3775 2691 3846 (Amb.
2711 3778 2729 3844 )
2753 3775 2868 3831 Hoc
2895 3777 3049 3831 laude
3070 3779 3290 3847 dignum
3315 3763 3756 3849 prtedicatA‘ura-

2163 3865 2311 3929 ham,
2327 3863 2451 3933 quia
2467 3881 2587 3918 cum
2604 3881 2660 3919 se
2674 3867 2840 3921 sciret
2859 3883 2962 3921 non
2982 3883 3164 3936 posse,
3199 3870 3574 3928 inlirniitatetn
3604 3892 3759 3930 suam

2161 3955 2266 4010 nde
2287 3955 2544 4022 firmavit,
2569 3966 2628 4012 ut
2656 3961 2907 4017 crederet
2937 3976 2994 4015 se
3035 3977 3194 4031 posse
3223 3979 3321 4032 per
3374 3964 3567 4028 Deum,
3617 3969 3757 4036 quod

2160 4050 2324 4105 sciret
2355 4050 2471 4104 lieri
2502 4065 2600 4118 per
2620 4053 2804 4105 mundi
2833 4055 3051 4107 decreta
3083 4071 3187 4108 non
3207 4071 3384 4124 posse.
3417 4056 3591 4126 Magni
3615 4062 3757 4113 enim

2161 4140 2342 4194 meriti
2374 4142 2622 4209 estapud
2656 4143 2847 4207 Deum,
2885 4145 2974 4211 qui
3033 4155 3222 4197 contra
3272 4148 3558 4200 scientiam
3607 4165 3755 4204 suam

2163 4227 2274 4284 Deo
2303 4229 2553 4293 credidit,
2578 4246 2683 4286 n0n
2708 4233 2960 4287 dubitans
2976 4249 3134 4304 posse
3154 4236 3327 4301 illum,
3347 4249 3406 4292 ut
3422 4249 3548 4308 pote
3571 4239 3755 4305 Deum,

2162 4321 2305 4388 quod
2329 4321 2434 4375 scit
2485 4324 2778 4376 secundum
2803 4325 2988 4379 mundi
3015 4326 3280 4380 rationem
3302 4328 3423 4382 ﬁeri
3449 4346 3559 4384 non
3583 4348 3754 4401 posse.

2165 4410 2270 4464 Pro
2293 4419 2444 4465 certo
2472 4413 2616 4465 enim
2648 4413 2811 4468 habet
2862 4416 3030 4468 Deum
3083 4416 3225 4470 ultra
3273 4420 3540 4474 rationem
3580 4423 3757 4475 mundi

2172 4518 2295 4557 esse
2329 4518 2342 4556 :
2377 4518 2537 4558 nemo
2568 4506 2711 4558 enim
2745 4509 2974 4562 intra'id
3021 4523 3143 4562 esse
3183 4511 3440 4566 dicendus
3498 4524 3582 4566 est
3623 4515 3759 4582 quod

2952 4561 2955 4562 ν
3190 4561 3438 4566 ,μω-η
3503 4561 3582 4566 η,
3626 4561 3756 4582 τ-..-

2094 4561 2145 4620 D
2172 4591 2396 4656 creavit,
2451 4591 2570 4646 ideo
2629 4594 2948 4662 hujusmodi'
2991 4601 3422 4655 remunerandus
3465 4613 3548 4656 est
3579 4619 3608 4655 a
3635 4603 3756 4667 Deo,

2173 4683 2268 4751 qui
2293 4685 2502 4737 auctori
2538 4699 2635 4738 suo
2658 4685 2775 4753 plus
2807 4687 3014 4750 tribuit,
3037 4703 3197 4755 quam
3253 4691 3367 4759 ipse
3416 4693 3576 4761 sapit.
3613 4694 3759 4759 Quod

2175 4773 2392 4842 quidem
2427 4774 2626 4827 nullius
2654 4776 2814 4843 pretii
2849 4787 3029 4842 esset,
3078 4777 3123 4832 si
3166 4794 3356 4836 omnes
3399 4797 3556 4850 aequa
3602 4786 3761 4838 senti—

2177 4872 2316 4926 rent,
2349 4862 2444 4917 sed
2469 4864 2758 4917 multorum
2811 4865 3106 4922 difﬁdentia
3167 4873 3581 4928 commendatur
3633 4875 3760 4928 ﬁdes

2177 4954 2510 5006 credentium
2539 4954 2681 5022 apud
2706 4957 2892 5009 Deum.
2953 4957 3218 5013 Hortatur
3275 4976 3405 5032 ergo
3451 4963 3653 5019 Gentes
3694 4965 3759 5017 ad

2176 5047 2315 5100 hanc
2346 5045 2468 5101 fidei
2495 5047 2829 5113 ﬁrmitatem,
2860 5057 2920 5102 ut
2946 5051 3040 5104 Dei
3073 5055 3488 5121 promissionem
3535 5067 3591 5110 et
3645 5072 3760 5126 gra-

2175 5140 2303 5192 tiam
2327 5139 2443 5193 sine
2469 5139 2645 5207 aliqua
2672 5142 3022 5210 ambiguitate
3039 5146 3360 5214 suscipiant,
3385 5150 3561 5202 securi
3586 5164 3761 5202 exem—

2174 5231 2261 5300 plo
2294 5229 2544 5295 Abrahae,
2583 5233 2706 5300 quia
2737 5234 2860 5287 inde
2890 5235 3128 5289 credenti
3157 5237 3275 5292 laus
3296 5241 3516 5302 crescit,
3550 5242 3593 5292 si
3622 5221 3759 5309 quod

2176 5324 2485 5378 incredibile
2509 5334 2610 5388 est,
2642 5334 2696 5378 et
2724 5327 2922 5380 mundo
2951 5328 3176 5382 stultum
3204 5331 3436 5394 videtur,
3483 5334 3755 5395 credatur,

2177 5415 2302 5483 quia
2353 5426 2556 5485 quanto
2607 5417 2938 5485 impossibile
2996 5430 3236 5488 putatur,
3290 5423 3436 5490 quod
3485 5426 3756 5488 credatur,

2177 5514 2327 5558 tanto
2355 5506 2524 5576 magis
2554 5506 2906 5562 honorabilior
2945 5510 3050 5563 erit
3073 5513 3320 5574 credens,
3347 5523 3402 5565 et
3430 5530 3556 5569 scre
3584 5526 3758 5570 tamen

2178 5598 2398 5652 stultum
2435 5609 2578 5653 esset
2611 5601 2710 5653 hoc
2741 5601 2979 5667 credere,
3013 5604 3058 5657 si
3092 5605 3205 5657 sine
3231 5604 3340 5659 Deo
3385 5608 3500 5660 lict!
3556 5609 3756 5662 dicere-

2181 5700 2285 5744 tur.
2313 5691 2376 5744 Et
2407 5693 2525 5746 ideo
2555 5702 2704 5746 tanto
2736 5694 3055 5750 laudabilior
3075 5705 3156 5754 est
3185 5697 3417 5752 Abrahae
3443 5699 3576 5753 lides
3608 5709 3760 5751 racte-

2183 5796 2361 5834 rorum
2390 5784 2510 5845 illlt',
2542 5785 2663 5850 quia
2695 5785 2849 5838 nullis
2875 5788 3153 5854 signorum
3192 5790 3450 5852 urodigiis
3477 5796 3757 5844 alti-artata
