3960 6332
203 372 337 431 1861

740 367 1294 459 ENARRATIONUM
1330 368 1400 425 1N
1439 367 1592 425 EPP.
1633 365 1818 425 PAUL

1926 359 2109 425 ΙΒᾈΙΙ.
2149 397 2219 411 -—
2255 368 2321 425 IN
2362 368 2577 427 EPIST.
2620 369 2711 425 AD
2748 368 2914 426 ROM.

3344 360 3488 424 πω
3514 340 3517 341 ί

205 484 515 563 [attracta]
545 492 648 539 est.
688 481 829 550 Quia
870 493 1048 537 autem
1084 483 1316 538 mundus
1354 492 1504 538 certa
1563 481 1683 554 lege
1737 488 1793 536 et
1819 484 1872 543 Α
1895 480 2050 545 ,υηόε
2081 485 2360 540 evidenter
2389 495 2612 556 apparet
2632 500 2753 542 esse
2781 495 3071 559 augmenta
3100 486 3345 557 quaedam
3363 501 3486 557 pro-

205 587 476 653 potestate
508 575 843 648 gubernatur
878 584 933 630 ct
959 576 1163 645 regitur
1188 574 1348 630 modo
1391 573 1635 639 deﬁnito,
1695 574 1799 628 ho-

208 671 386 727 mines
422 676 604 722 autem
634 682 822 724 amore
852 669 1039 723 carnis
1067 667 1215 721 circa
1263 666 1530 721 rationem
1575 664 1802 721 studiosi

212 764 384 819 Deum
407 760 566 832 hujus
597 760 847 830 opiﬁcem
885 760 1257 830 neglexerunt,
1281 759 1442 823 Deus,
1474 766 1535 813 ut
1562 770 1803 815 errorem

215 852 474 917 auferret,
497 858 551 907 et
587 851 756 907 Deum
791 867 849 907 se
886 851 1127 905 omnium
1165 850 1580 915 demonstraret,
1602 850 1704 904 hoc
1746 862 1805 902 se

214 959 371 1015 posse
392 953 447 998 et
466 932 658 1000 fecisse
682 944 965 1015 praedicari
988 943 1176 1009 voluit,
1202 943 1345 1014 quod
1374 942 1576 997 mundo
1596 942 1801 1013 impos-

214 1038 371 1093 sibile
390 1045 494 1105 est,
520 1051 579 1093 ut
611 1039 705 1109 qui
735 1038 839 1093 hoc
885 1037 1193 1103 crederent,
1243 1037 1527 1092 damnatis,
1571 1035 1656 1090 his
1713 1034 1805 1103 qui

216 1129 429 1184 ratione
483 1128 666 1183 mundi
716 1126 883 1183 inﬁati
936 1128 1103 1182 Deum
1168 1126 1541 1197 neglexerunt,
1590 1122 1807 1180 discreti

216 1218 556 1275 salvarentur
610 1219 706 1275 Dei
763 1218 1001 1274 dominio
1040 1216 1354 1287 mancipati.
1407 1213 1628 1288 (θήρ.)
1692 1212 1805 1267 Me-

216 1308 325 1364 rito
353 1321 536 1365 autem
567 1316 623 1365 et
647 1323 798 1364 more
835 1308 939 1364 sibi
981 1307 1139 1363 solito
1193 1306 1286 1362 ubi
1336 1308 1403 1363 de
1434 1305 1540 1361 ﬁde
1581 1310 1805 1369 tractat,

215 1399 511 1470 Apostolus
531 1399 806 1471 conjungit
829 1406 886 1452 et
908 1412 1082 1469 spem,
1111 1395 1438 1465 sciensjﬁdei
1487 1408 1639 1466 spem
1666 1394 1808 1450 inse-

216 1489 537 1561 parabiliter
558 1489 849 1554 cohaerere,
871 1491 1011 1544 sicut
1032 1498 1089 1544 et
1117 1489 1170 1543 in
1198 1487 1437 1559 Epistola
1462 1488 1530 1543 ad
1552 1486 1805 1543 Hebraeos

219 1580 367 1637 idem
392 1582 548 1637 docet
570 1582 781 1637 dicens:
805 1580 899 1636 Est
926 1590 1101 1636 autem
1121 1580 1253 1650 fides
1293 1580 1679 1651 sperandarum
1726 1596 1807 1634 re-

221 1688 343 1727 rum
362 1671 657 1726 substantia
678 1672 932 1727 indicium
958 1688 1063 1726 non
1084 1671 1448 1743 apparentium
1476 1669 1673 1741 (Hebr.
1691 1669 1801 1740 χι).

219 1761 292 1819 Et
316 1762 513 1818 iterum
544 1763 597 1818 in
627 1763 729 1818 hac
750 1763 941 1818 eadem
967 1763 1032 1817 ad
1056 1762 1330 1818 Romanos
1362 1761 1597 1833 Epistola
1622 1762 1678 1815 in
1703 1776 1802 1830 po-

1906 572 2079 630 fectus
2098 575 2152 630 in
2170 574 2295 640 ﬁde.
2312 584 2368 631 et
2387 576 2597 647 aliquos
2611 578 2811 633 habere
2832 585 3042 649 partem
3063 577 3191 634 ﬁdei
3215 577 3487 650 exiguam,

1904 663 2037 720 alios
2058 681 2331 737 magnam,
2358 667 2495 723 alios
2514 682 2647 724 vero
2662 668 2862 724 habere
2882 682 3098 725 omnem
3118 666 3280 725 ﬁdem
3296 706 3311 721 .
3340 666 3491 724 Unde

1903 763 1959 827 et
1980 756 2268 828 Apostolus
2286 758 2527 813 dicebat:
2560 758 2621 814 Si
2639 758 2859 813 habeam
2878 775 3082 813 omnem
3101 758 3279 828 fidem,
3320 757 3395 811 ita
3437 767 3493 812 ut

1906 860 2105 905 montes
2122 850 2443 921 transferam
2466 849 2532 920 (I
2559 849 2683 905 Cor.
2706 868 2805 906 xm
2821 850 2862 923 ).
2918 851 3026 908 Sed
3054 859 3111 907 et
3140 854 3196 906 in
3246 850 3495 921 Evange-

1905 940 1991 997 liis
2013 942 2261 1014 discipuli
2288 942 2561 998 dicuntad
2604 942 2891 998 Dominum
2919 943 3075 1013 quasi
3120 942 3319 1012 quibus
3360 955 3497 996 non-

1907 1033 2033 1088 dum
2060 1034 2218 1105 plena
2243 1034 2445 1091 inesset
2467 1032 2623 1099 ﬁdes,
2654 1033 2803 1105 Auge
2829 1032 2976 1087 nobis
2996 1033 3168 1101 ﬁdem.
3196 1031 3494 1088 Considera

1907 1140 2059 1189 sane,
2087 1126 2134 1181 si
2158 1127 2455 1182 secundum
2488 1140 2552 1181 ea
2582 1141 2705 1195 qua:
2730 1125 2799 1182 de
2827 1124 2933 1179 ﬁde
2953 1124 3205 1190 dicimus,
3238 1124 3402 1178 etiam
3426 1122 3495 1177 de

1907 1216 2191 1272 charitatis
2214 1216 2792 1287 augmentis'similiter
2835 1230 3125 1287 possumus
3169 1214 3493 1285 intelligere,

1907 1307 1981 1362 ita
2007 1316 2070 1361 ut
2093 1306 2335 1362 dicamus
2359 1308 2426 1362 de
2444 1306 2712 1362 eharitate
2739 1305 2882 1361 sicut
2908 1313 2964 1360 et
2994 1304 3080 1359 ille
3107 1304 3245 1359 dixit
3276 1322 3289 1357 :
3322 1301 3383 1359 Si
3404 1304 3500 1357 ha-

1907 1400 2054 1454 beam
2079 1414 2281 1453 omnem
2307 1397 2487 1468 ﬁdem.
2520 1396 2576 1452 Si
2610 1397 2838 1453 habeam
2882 1412 3097 1453 omnem
3125 1396 3451 1452 charitatem
3482 1412 3496 1449 :

1905 1501 1962 1548 et
1985 1493 2133 1547 illum
2168 1492 2372 1547 habere
2396 1505 2613 1546 omnem
2665 1476 3005 1555 charitatem,
3052 1489 3144 1559 qui
3181 1488 3363 1543 omnia
3410 1487 3498 1542 illa

1910 1584 2159 1641 habuerit
2185 1598 2307 1655 quae
2353 1581 2573 1654 propria
2603 1580 2891 1636 eharitatis
2915 1588 3068 1648 sunt,
3103 1580 3243 1636 sicut
3270 1580 3505 1649 Aposto-

1908 1674 1992 1730 lus
2020 1675 2149 1731 dicit
2178 1693 2190 1728 :
2218 1671 2465 1729 Charitas
2487 1673 2691 1743 patiens
2715 1681 2814 1737 est,
2838 1673 3061 1742 benigna
3089 1681 3183 1737 est,
3218 1688 3321 1726 non
3343 1671 3504 1741 inﬂa-

1907 1775 2011 1823 tur.
2043 1781 2148 1819 non
2168 1764 2470 1830 «mutatur,
2520 1779 2635 1818 non
2662 1763 2941 1818 ambitiosa
2969 1771 3064 1826 est,
3089 1780 3193 1817 non
3233 1777 3503 1833 perperam

221 1854 543 1910 sterioribus
575 1855 746 1908 dicit:
781 1853 882 1925 Spe
905 1864 1081 1908 autem
1100 1852 1230 1908 salvi
1276 1854 1404 1923 facti
1448 1869 1650 1907 sumus.
1681 1850 1809 1924 Spes
1837 1856 2043 1927 Bagit,
2107 1871 2211 1909 non
2260 1854 2524 1919 irritatur,
2585 1853 2762 1907 omnia
2811 1852 3018 1917 tolerat,
3069 1853 3246 1907 omnia
3315 1852 3505 1915 credit,

222 1958 400 2003 autem
420 1964 537 2019 aute
564 1948 788 2012 videtur,
813 1963 916 2001 non
939 1955 1014 2001 est
1034 1962 1170 2017 spes.
1189 1942 1342 2011 Quod
1363 1944 1502 1999 enim
1521 1942 1656 1998 ridet
1670 1944 1809 2014 quis,

221 2039 351 2111 quid
371 2039 587 2109 sperat?
617 2036 677 2093 Si
704 2054 821 2093 vero
849 2036 990 2109 quod
1016 2054 1121 2093 non
1145 2036 1379 2092 videmus
1399 2051 1693 2105 speramus,
1721 2050 1814 2105 per

220 2130 529 2200 patientiam
558 2137 916 2199 exspectamus
939 2126 1112 2200 (Rom.
1136 2125 1236 2199 ix).
1260 2125 1416 2193 Quod
1436 2125 1533 2191 ait,
1562 2123 1665 2196 Spe
1681 2124 1816 2179 salvi

224 2221 355 2294 [acti
379 2236 563 2275 sumus
617 2221 719 2275 hoc
747 2220 889 2275 idem
935 2220 1081 2289 quod
1109 2217 1239 2273 alibi
1274 2218 1425 2283 dicit,
1457 2217 1586 2288 quia
1622 2232 1715 2287 per
1749 2215 1815 2284 ﬁ-

223 2312 345 2366 dem
380 2310 567 2365 saluati
594 2327 815 2376 sumus;
844 2318 930 2376 et,
984 2307 1147 2363 Fides
1197 2318 1288 2363 tua
1337 2318 1387 2363 te
1421 2307 1625 2363 salvum
1650 2307 1815 2377 fecit;

224 2412 305 2471 et,
336 2402 631 2459 Secundum
660 2402 817 2473 ﬁdem
847 2410 992 2456 tuam
1020 2402 1284 2471 contingat
1318 2400 1431 2454 tibi.
1473 2400 1604 2468 Quae
1632 2400 1819 2469 utique

226 2498 338 2553 illis
375 2496 631 2552 dicuntur
665 2495 757 2565 qui
810 2492 1094 2550 credentes
1121 2492 1176 2547 in
1201 2490 1384 2548 Iesum
1438 2506 1589 2562 spem
1639 2505 1818 2562 gesse-

226 2597 359 2645 runt
383 2588 450 2643 ab
474 2604 540 2642 eo
577 2603 635 2643 se
666 2601 825 2657 posse
876 2585 1077 2641 curari.
1132 2582 1285 2639 Sicut
1316 2591 1496 2639 autem
1542 2582 1819 2637 Abraham

228 2690 419 2738 contra
439 2695 589 2749 spem
617 2680 669 2733 in
700 2693 850 2749 spem
882 2677 1134 2741 credidit,
1165 2677 1238 2731 ita
1264 2690 1454 2730 omnes
1485 2676 1576 2745 qui
1608 2689 1707 2744 per
1758 2674 1822 2728 ﬁ-

229 2773 355 2829 dem
383 2770 477 2825 ﬁlii
509 2778 634 2826 sunt
661 2769 895 2824 Abrahze
925 2776 1111 2824 contra
1137 2783 1286 2838 spem
1316 2768 1371 2821 in
1410 2781 1560 2836 spem
1593 2765 1823 2821 credunt

228 2862 301 2917 de
328 2860 550 2933 singulis
576 2859 880 2930 quibusque
925 2874 1047 2929 quae
1082 2858 1333 2918 credunt,
1366 2858 1479 2910 sive
1525 2855 1591 2909 de
1638 2864 1824 2910 resur-

229 2952 476 3008 rectione
502 2959 861 3015 mortuorum,
893 2948 1007 3004 sive
1028 2948 1095 3003 de
1119 2946 1436 3003 haereditate
1481 2946 1631 3015 regni
1662 2945 1825 3001 creto-

228 3059 375 3099 rum.
402 3042 527 3098 Haae
550 3043 719 3108 enim,
743 3050 1005 3111 quantum
1029 3040 1097 3095 ad
1124 3050 1373 3095 naturam
1399 3039 1690 3093 humanam
1707 3052 1825 3108 spe-

1915 1946 2093 2000 omnia
2118 1953 2314 2015 sperat,
2342 1942 2519 1999 omnia
2547 1943 2767 1999 sustinet
2799 1941 2862 2015 (1
2886 1941 3143 1998 Cor.xiu
3161 1943 3199 2011 ),
3228 1949 3285 1997 et
3308 1950 3506 1997 caetera

1913 2037 2003 2094 his
2018 2037 2237 2095 similia.
2263 2036 2394 2105 Quae
2419 2036 2467 2092 si
2499 2036 2621 2106 quis
2647 2035 2862 2098 habeat,
2924 2042 3085 2091 recte
3110 2035 3241 2089 mihi
3287 2036 3504 2091 videtur

1917 2135 2021 2191 dici
2052 2135 2196 2204 quod
2244 2132 2442 2193 habeat
2486 2145 2701 2186 omnem
2752 2131 3072 2187 charttatem
3110 2148 3123 2183 :
3157 2145 3275 2200 quae
3320 2130 3503 2185 chari—

1914 2237 2004 2283 tas
2030 2227 2147 2283 sine
2168 2227 2332 2282 dubio
2356 2241 2424 2283 ex
2449 2226 2536 2282 his
2564 2226 2787 2296 singulis
2817 2228 2885 2281 ab
2908 2226 3165 2297 Apostolo
3189 2241 3349 2297 supra
3377 2241 3509 2279 enu-

1918 2318 2144 2374 meratis
2166 2318 2414 2389 partibus
2435 2326 2668 2373 constat.
2701 2316 2966 2373 Similiter
2998 2326 3182 2374 autem
3205 2326 3261 2373 et
3304 2319 3369 2372 de
3408 2318 3511 2385 mi-

1919 2406 2215 2463 sericordia
2242 2415 2298 2463 et
2336 2410 2543 2479 pietate
2571 2408 2889 2478 eaeterisque
2935 2407 3224 2462 virtutibus
3273 2407 3511 2461 arbitror

1922 2499 2027 2555 dici
2049 2514 2228 2569 posse.
2254 2499 2323 2554 Et
2350 2499 2488 2554 forte
2515 2514 2613 2570 per
2638 2499 2752 2554 btec
2772 2498 3003 2569 singula,
3029 2499 3171 2553 sicut
3195 2498 3263 2552 de
3293 2498 3395 2553 ﬁde
3429 2498 3511 2552 di-

1923 2600 2093 2656 ctum,
2121 2592 2247 2662 quia
2278 2591 2410 2647 ﬁdes
2438 2599 2686 2661 reputata
2713 2599 2798 2647 est
2821 2592 2887 2646 ad
2904 2591 3194 2661 justitiam,
3240 2590 3313 2645 ita
3348 2598 3400 2644 et
3444 2590 3511 2663 d_c

1921 2682 2191 2738 cbaritate
2217 2682 2322 2738 diei
2346 2690 2545 2753 potest,
2569 2682 2694 2752 quia
2718 2689 2961 2752 reputata
2988 2690 3072 2736 est
3100 2681 3338 2735 Charitas
3364 2681 3413 2736 ei
3443 2679 3510 2734 ad

1915 2771 2208 2841 justitiam,
2231 2780 2327 2827 aut
2352 2772 2553 2843 pietas,
2571 2782 2665 2827 aut
2684 2772 3075 2843 misericordia.
3101 2770 3207 2825 Sed
3233 2773 3511 2826 videamus

1916 2863 2030 2932 jam
2064 2880 2127 2920 ea
2148 2879 2269 2935 qua!
2288 2873 2727 2936 consequuntur:
2753 2864 2818 2918 Et
2842 2882 2966 2930 non,
2988 2864 3179 2934 inquit,
3213 2864 3511 2932 tri/innatus

1926 2964 1999 3007 est
2035 2956 2089 3007 in
2113 2954 2239 3024 ﬁde,
2266 2971 2357 3008 nec
2384 2955 2732 3009 consideravit
2755 2971 2907 3007 suum
2954 2970 3143 3023 corpus
3176 2962 3509 3018 emortuum,

1926 3062 2045 3101 cum
2071 3045 2179 3117 fere
2199 3056 2404 3100 centum
2431 3054 2563 3100 esset
2594 3062 2875 3109 annorum,
2899 3056 2946 3099 et
2973 3055 3263 3099 emortuam
3305 3043 3513 3098 vulvam

229 3140 367 3199 cut,
392 3142 582 3188 contra
609 3147 759 3203 spem
786 3132 1079 3187 Videntur:
1117 3139 1376 3201 quantum
1398 3138 1579 3185 alitem
1618 3128 1685 3184 ad
1730 3128 1827 3199 P0.
1929 3136 2083 3192 Sara:
2112 3149 2131 3188 :
2153 3138 2210 3190 in
2240 3136 2544 3190 remissione
2585 3138 2744 3190 etiam
2779 3135 2873 3189 Dei
2905 3152 3006 3189 non
3054 3136 3312 3188 lawsitacit
3360 3133 3515 3203 difﬁ-

232 3227 462 3281 lenliam
492 3224 608 3291 Dei,
665 3225 719 3279 in
753 3238 848 3293 Spe
892 3225 1221 3288 οτθάιιιιιιπς
1248 3222 1495 3292 exemplo
1546 3222 1821 3276 Abraham
1849 3203 1894 3265 C
1925 3228 2124 3293 dentia,
2155 3227 2245 3281 sed
2265 3227 2596 3296 confortatus
2628 3237 2701 3281 est
2733 3226 2856 3297 ﬁde.
2887 3227 3155 3293 Quantum
3187 3225 3404 3294 quidem
3446 3225 3513 3278 ad

231 3319 528 3384 credentis,
560 3318 689 3387 quia
727 3331 1065 3387 quaecunque
1117 3314 1372 3386 promisit
1421 3311 1585 3376 Deus,
1630 3320 1825 3382 potens

230 3419 323 3467 est
367 3407 646 3475 etfacere,
672 3409 717 3463 si
735 3416 916 3463 tamen
948 3408 1033 3461 bis
1054 3408 1145 3476 qui
1174 3408 1405 3461 credunt
1433 3414 1650 3460 maneat
1665 3404 1820 3471 ﬁdes,

232 3515 385 3571 spes,
414 3499 670 3554 eharitas.
702 3497 770 3552 F-t
789 3506 919 3568 puto
953 3496 1097 3566 quod
1126 3498 1301 3567 prima
1334 3496 1523 3550 salutis
1565 3497 1715 3551 initia
1768 3505 1826 3553 et

231 3589 357 3660 ipsa
384 3587 731 3642 fundamenta
778 3586 913 3641 ﬁdes
961 3586 1392 3656 estzpro’feetus
1428 3602 1560 3642 vero
1620 3596 1675 3640 et
1724 3604 1824 3641 au-

234 3688 455 3751 gmenta
488 3676 703 3732 aediﬁcii
731 3692 856 3747 spes
874 3685 994 3731 est:
1024 3675 1288 3746 profectio
1315 3660 1492 3730 autem
1522 3686 1577 3731 et
1609 3678 1821 3732 culmen

231 3771 405 3825 totius
430 3768 610 3839 Operis
636 3768 874 3823 charitas
901 3787 913 3822 :
942 3777 998 3822 et
1020 3768 1140 3823 ideo
1168 3768 1341 3836 major
1360 3770 1600 3823 omnium
1625 3768 1826 3824 dicitur

236 3860 497 3918 cbaritas.
531 3860 698 3929 Igitur
729 3858 1001 3913 Abraham
1028 3868 1218 3914 contra
1248 3874 1401 3929 spem
1435 3861 1488 3913 in
1530 3874 1677 3928 spem
1705 3872 1825 3914 cre-

238 3953 395 4018 didit,
431 3961 491 4007 ut
521 3962 673 4022 pater
696 3951 854 4006 ﬁeret
876 3951 1166 4027 multarum
1198 3952 1459 4020 gentium,
1482 3967 1605 4020 quae
1657 3951 1822 4005 futuri

238 4057 424 4104 essent
447 4048 782 4103 sicut.stellae
803 4046 946 4109 emli,
975 4061 1081 4100 non
1104 4045 1277 4100 solum
1319 4046 1684 4111 multitudine,
1729 4045 1825 4099 sed

236 4148 299 4195 et
325 4139 598 4194 eharitate‘
618 4138 637 4209 ι
657 4136 935 4208 claritate]
972 4154 983 4190 :
1016 4138 1216 4205 quique
1231 4136 1568 4205 promittenti
1597 4135 1827 4189 ﬁdeliter

238 4229 491 4293 credens,
522 4245 642 4290 non,
675 4228 872 4296 inquit,
909 4226 1205 4294 inﬁrmatus
1235 4235 1308 4279 est
1357 4224 1480 4292 ﬁde.
1510 4224 1664 4290 Quod
1695 4225 1826 4279 dicit

236 4337 350 4378 non
382 4320 684 4374 infirmatus
701 4327 783 4374 est
804 4316 1237 4380 ﬁde,ostendere
1276 4316 1406 4370 mihi
1450 4316 1661 4370 videtur
1705 4330 1826 4371 esse

238 4414 530 4484 quamdam
557 4406 923 4466 inﬁrmitatem
948 4409 1001 4462 in
1027 4407 1145 4463 ﬁde.
1175 4407 1328 4476 Quod
1345 4408 1389 4461 si
1412 4415 1493 4461 est
1515 4408 1823 4475 inﬁrmitas,

238 4517 329 4564 est
356 4509 471 4562 sine
492 4506 654 4561 dubio
674 4512 727 4559 et
760 4504 985 4567 sanitas,
1009 4504 1151 4558 sicut
1169 4512 1225 4557 et
1252 4502 1387 4558 alias
1432 4502 1669 4557 'ostendit
1698 4518 1821 4557 cum

238 4598 375 4653 dicit
400 4615 413 4649 :
446 4596 665 4665 Increpa
692 4594 811 4647 illos
842 4594 1055 4657 acriter,
1080 4602 1137 4645 ut
1165 4594 1282 4646 sani
1310 4594 1417 4646 sint
1442 4593 1499 4646 in
1541 4592 1646 4661 fide
1693 4592 1820 4660 (Tit.

237 4690 308 4757 ι).
326 4686 522 4739 Beatus
548 4699 678 4754 ergo
705 4693 787 4737 est
807 4684 898 4752 qui
928 4700 1035 4737 non
1062 4683 1366 4737 inﬁrmatur
1390 4683 1446 4736 in
1470 4676 1591 4737 ﬁde.
1614 4680 1824 4739 Sivero

241 4778 369 4849 quis
396 4776 710 4835 inﬁrmatur,
743 4789 926 4827 curam
958 4771 1075 4840 ejus
1103 4771 1359 4827 describit
1380 4771 1669 4841 Apostolus
1696 4790 1821 4828 cum

243 4871 377 4926 dicit
405 4887 419 4921 :
449 4866 808 4935 lnﬁrmantem
860 4874 1032 4918 autem
1070 4866 1125 4917 in
1177 4864 1279 4931 [ide
1321 4865 1570 4917 assumite
1618 4881 1720 4918 non
1766 4866 1823 4919 in

243 4960 700 5029 disceptationibus
721 4959 1111 5027 cogitationum.
1148 4956 1293 5010 Nam
1321 4956 1457 5011 alius
1485 4957 1647 5011 credit
1671 4975 1829 5013 man-

245 5056 445 5109 ducare
472 5051 644 5105 omnia
659 5066 677 5103 :
700 5052 788 5121 qui
813 5059 989 5102 autem
1010 5047 1250 5116 inﬁmus
1267 5059 1364 5113 est,
1385 5047 1529 5101 olera
1548 5050 1830 5105 manducet

249 5145 425 5219 (Rom.
469 5142 600 5213 XIV).
634 5140 737 5196 Per
772 5142 912 5210 quod
968 5142 1153 5209 utique
1205 5140 1449 5211 designat
1499 5141 1647 5195 verbi
1683 5142 1829 5197 olera

246 5236 539 5311 praebenda
563 5247 681 5289 esse
709 5234 757 5287 ei
780 5233 871 5302 qui
898 5232 1205 5286 inﬁrmatur
1233 5232 1288 5285 in
1316 5230 1443 5297 ﬁde,
1472 5244 1542 5287 ne
1569 5231 1726 5301 plena
1768 5235 1831 5288 ﬁ-

250 5329 342 5385 dei
364 5328 609 5382 doctrina
650 5324 1029 5382 cunctantibus
1082 5325 1136 5378 in
1180 5339 1249 5387 ea
1294 5330 1349 5378 et
1397 5325 1627 5392 quodam
1670 5325 1831 5380 modo

251 5417 645 5491 aegrotantibus
677 5416 967 5485 ingeratur.
1030 5413 1175 5468 Sana
1230 5421 1408 5468 autem
1451 5412 1584 5467 ﬁdes
1633 5414 1830 5469 dicitur

256 5524 379 5581 qua:
404 5506 643 5577 perfecta
678 5516 781 5571 est,
807 5513 863 5559 et
888 5504 972 5560 cui
1002 5504 1138 5559 nihil
1166 5506 1350 5560 deest:
1373 5512 1427 5560 et
1456 5505 1571 5575 ipsa
1605 5515 1689 5560 est
1710 5522 1831 5576 qua:

256 5597 432 5653 credit
456 5596 781 5652 manducare
807 5595 1007 5658 omnia,
1037 5594 1090 5647 id
1112 5604 1213 5660 est,
1250 5610 1369 5665 qua:
1407 5610 1600 5664 capere
1657 5605 1836 5666 potest

257 5689 441 5747 omnia
466 5707 478 5742 :
505 5704 664 5759 quam
690 5690 783 5757 qui
806 5688 985 5751 habet,
1015 5687 1272 5757 spiritalis
1298 5686 1595 5758 appellatur
1622 5700 1677 5743 et
1700 5689 1835 5760 diju-

259 5780 406 5835 dicat
439 5779 642 5844 omnia,
659 5786 715 5834 et
738 5779 793 5834 in
812 5776 956 5833 nullo
984 5792 1232 5833 sermone
1256 5777 1610 5835 seandalizari
1638 5788 1833 5848 potest.

1850 4550 1902 4611 D

1925 3316 2233 3386 simplicem
2253 3319 2489 3388 pertinet
2544 3316 2917 3381 intellectum,
2950 3315 3253 3372 evidentem
3294 3316 3518 3386 protulit

1924 3407 2192 3462 rationem
2242 3406 2385 3477 quod
2413 3407 2689 3463 Abraham
2746 3423 2868 3463 cum
2922 3409 3161 3463 audisset
3215 3409 3316 3464 sibi
3345 3424 3373 3461 a
3409 3408 3519 3462 Deo

1925 3497 2165 3553 sobolem
2192 3498 2520 3567 repromitti,
2552 3514 2660 3553 non
2691 3500 2928 3568 respexit
2956 3502 3024 3554 ad
3061 3509 3339 3557 emortuas
3383 3515 3513 3555 cen-

1926 3588 2121 3643 tenarii
2147 3589 2389 3658 corporis
2409 3589 2491 3643 sui
2520 3589 2684 3654 vires,
2713 3589 2779 3643 dc
2808 3604 2915 3658 quo
2942 3590 3128 3658 utique
3172 3604 3512 3659 nequaquam

1926 3679 2130 3749 sperari
2165 3687 2352 3748 posset
2371 3678 2477 3733 ulla
2504 3681 2806 3735 successio:
2829 3679 2920 3735 sed
2952 3680 3247 3749 potentiam
3290 3680 3517 3749 promit-

1927 3767 2091 3823 tentis
2122 3769 2368 3834 intuitus,
2400 3769 2532 3824 nihil
2564 3768 2780 3825 diﬁleile
2804 3785 2925 3825 esse
2951 3770 3181 3825 credidit
3211 3772 3260 3824 in
3290 3772 3376 3826 his
3397 3788 3518 3851 qpm

1926 3859 2279 3926 promittebat
2299 3860 2643 3928 omnipotens
2674 3880 2687 3914 :
2712 3862 2808 3914 sed
2835 3860 2994 3921 dedit,
3054 3861 3250 3930 inquit,
3290 3862 3517 3933 gloriam

1926 3946 2057 4011 Deo,
2087 3945 2392 4016 intelligens
2418 3947 2587 4002 solius
2612 3948 2704 4003 Dei
2734 3963 2853 4005 esse
2883 3965 3097 4014 munus,
3150 3951 3238 4004 ubi
3271 3952 3520 4007 humana:

1926 4038 2271 4095 fecunditatis
2312 4039 2436 4108 jura
2488 4048 2853 4097 cessaverant.
2914 4041 3105 4098 Merito
3158 4044 3321 4114 igitur
3374 4044 3523 4100 dedit

1928 4130 2153 4200 gloriam
2172 4130 2280 4185 Deo
2299 4131 2394 4201 qui
2418 4139 2626 4186 natura:
2646 4131 2820 4186 fuerat
2834 4132 3080 4208 desertus
3104 4134 3341 4189 auxiliis.
3364 4134 3517 4201 Haec,

1929 4232 1991 4277 ut
2021 4223 2153 4285 dixi,
2194 4232 2455 4291 quantum
2484 4224 2550 4277 ad
2575 4224 2873 4293 simplicem
2897 4224 3304 4293 intelligentiam
3354 4228 3522 4296 perti-

1929 4321 2040 4377 net,
2052 4312 2390 4368 ‘suﬁicientcr
2402 4312 2548 4367 dicta
2575 4313 2920 4368 videbuntur.
2948 4315 3004 4369 Si
3024 4328 3151 4369 vero
3166 4317 3286 4385 quis
3298 4317 3520 4387 objiciat

1929 4406 2123 4461 nobis:
2150 4404 2431 4473 Quomodo
2461 4406 2661 4475 poterit
2681 4406 2955 4461 Abraham
2988 4408 3040 4462 in
3072 4389 3384 4463 centenario
3418 4415 3519 4465 ati-

1930 4516 2122 4556 norum
2148 4514 2374 4555 numero
2415 4500 2621 4568 positus
2666 4501 2899 4555 emortui
2947 4502 3191 4570 corporis
3234 4502 3363 4565 dici,
3426 4503 3519 4571 qui

1929 4590 2624 4663 posteaquampuseepisset
2644 4589 2815 4655 Isaac,
2838 4600 2895 4645 et
2917 4591 3177 4647 defuncta
3198 4601 3343 4649 esset
3356 4591 3488 4648 Sara
3503 4636 3517 4657 ,

1926 4700 2047 4755 qua:
2078 4698 2200 4738 eum
2222 4682 2587 4751 nonagenaria
2630 4693 2955 4752 conceperat
3002 4694 3057 4739 et
3097 4684 3310 4740 vixerat
3361 4687 3519 4741 annis

1925 4784 2141 4832 centum
2161 4773 2350 4843 viginti
2373 4782 2609 4842 septem;
2642 4782 2827 4843 postea
2862 4774 3028 4829 etiam
3063 4788 3224 4844 quam
3251 4790 3516 4829 annorum

1925 4865 2279 4937 quadraginta
2322 4863 2499 4919 factus
2548 4862 2700 4919 Isaac
2760 4863 2968 4933 accepit
3017 4862 3348 4928 Rebeccam,
3397 4875 3521 4935 post

1925 4960 2028 5014 ista
2058 4956 2241 5012 omnia
2285 4956 2582 5012 scribitur:
2608 4954 2677 5009 Et
2717 4969 2981 5023 apponens
3010 4956 3275 5009 Abraham
3321 4957 3519 5025 accepit

1934 5064 2149 5103 uxorem
2176 5048 2259 5101 cui
2301 5062 2486 5101 nomen
2528 5044 2755 5099 Cethura
2780 5062 2798 5100 :
2826 5055 2875 5100 et
2920 5046 3113 5116 peperit
3160 5046 3208 5099 ei
3248 5045 3517 5100 Jembram

1938 5136 2257 5210 [laturam]
2288 5147 2337 5192 et
2362 5135 2543 5190 Zexan
2571 5136 2832 5208 [Jecsan]
2854 5146 2903 5190 et
2926 5135 3145 5200 Madan,
3195 5145 3243 5190 et
3271 5135 3517 5202 Madian,

1934 5242 1982 5287 et
2010 5231 2165 5286 Jesoc
2195 5228 2477 5302 [Jesboch]
2511 5240 2560 5283 et
2590 5228 2690 5285 Soe
2724 5227 2918 5301 [Sne].
2946 5227 3227 5295 Quomodo
3268 5230 3397 5299 ergo
3433 5231 3517 5291 vi-

1936 5326 2149 5381 debitur
2177 5324 2407 5380 emortui
2432 5324 2696 5394 corporis,
2751 5324 2840 5393 qui
2878 5322 3044 5378 multo
3084 5324 3268 5379 senior
3297 5322 3520 5380 effectus

1936 5432 2097 5487 quam
2121 5426 2247 5471 tunc
2266 5423 2404 5481 erat,
2434 5425 2491 5472 et
2514 5432 2737 5471 uxorem
2767 5404 3035 5485 accipere,
3083 5426 3139 5471 et
3184 5433 3278 5471 sex
3310 5416 3511 5471 liberos

1938 5508 2112 5578 potuit
2145 5507 2472 5577 procreare?
2493 5506 2637 5574 Quas
2661 5505 2994 5575 objectiones
3023 5515 3080 5560 ut
3104 5507 3360 5562 decenter
3394 5522 3519 5577 pos-

1939 5602 2110 5656 simus
2127 5600 2433 5667 excludere,
2462 5600 2850 5669 expositionem
2879 5602 3109 5656 emortui
3138 5601 3379 5669 corporis
3426 5600 3519 5657 illo

1940 5678 2347 5756 transferimus,
2368 5699 2429 5746 ut
2456 5691 2701 5745 dicamus
2732 5690 3021 5746 Abraham
3055 5706 3163 5746 non
3201 5691 3518 5747 inﬁrmitate

1944 5783 2194 5837 humanae
2218 5782 2392 5837 aetatis
2419 5788 2742 5845 emortuum,
2775 5782 2868 5837 sed
2890 5782 3185 5837 secundum
3221 5780 3365 5835 illam
3410 5783 3519 5834 vir-
