  <div class='ocr_page' id='page_1' title='image "/cluster/home/n/w/nwhite01/storage/ocr_20150623/111/uva.x000827067/690.png"; bbox 0 0 3960 6352; ppageno 0'>
   <div class='ocr_carea' id='block_1_1' title="bbox 301 390 3557 456">
    <p class='ocr_par' dir='ltr' id='par_1_1' title="bbox 301 390 3557 456">
     <span class='ocr_line' id='line_1_1' title="bbox 301 390 3557 456; baseline 0.001 -5"><span class='ocrx_word' id='word_1_1' title='bbox 301 393 447 451; x_wconf 73' lang='grc'><strong>1365</strong></span> <span class='ocrx_word' id='word_1_2' title='bbox 829 390 1376 450; x_wconf 78' lang='lat' dir='ltr'><strong>ENARRATIONUM</strong></span> <span class='ocrx_word' id='word_1_3' title='bbox 1414 391 1483 446; x_wconf 85' lang='lat' dir='ltr'><strong>IN</strong></span> <span class='ocrx_word' id='word_1_4' title='bbox 1518 391 1667 448; x_wconf 78' lang='lat' dir='ltr'><strong>EPP.</strong></span> <span class='ocrx_word' id='word_1_5' title='bbox 1708 391 1914 449; x_wconf 77' lang='lat' dir='ltr'><strong>PAULI</strong></span> <span class='ocrx_word' id='word_1_6' title='bbox 1952 392 2078 449; x_wconf 84' lang='lat' dir='ltr'><strong>LIB.</strong></span> <span class='ocrx_word' id='word_1_7' title='bbox 2116 394 2205 449; x_wconf 86' lang='lat' dir='ltr'><strong>Ill.</strong></span> <span class='ocrx_word' id='word_1_8' title='bbox 2242 424 2309 447; x_wconf 81' lang='grc' dir='ltr'><strong>-τ-</strong></span> <span class='ocrx_word' id='word_1_9' title='bbox 2347 394 2414 449; x_wconf 84' lang='grc' dir='ltr'><strong>ΙΝ</strong></span> <span class='ocrx_word' id='word_1_10' title='bbox 2452 394 2671 451; x_wconf 85' lang='lat' dir='ltr'><strong>EPIST.</strong></span> <span class='ocrx_word' id='word_1_11' title='bbox 2716 396 2804 452; x_wconf 85' lang='lat' dir='ltr'><strong>AD</strong></span> <span class='ocrx_word' id='word_1_12' title='bbox 2841 397 3009 455; x_wconf 83' lang='lat' dir='ltr'><strong>ROM.</strong></span> <span class='ocrx_word' id='word_1_13' title='bbox 3420 400 3557 456; x_wconf 77' lang='lat' dir='ltr'><strong>l566</strong></span> 
     </span>
    </p>
   </div>
   <div class='ocr_carea' id='block_1_2' title="bbox 299 504 3559 585">
    <p class='ocr_par' dir='ltr' id='par_1_2' title="bbox 299 504 3559 585">
     <span class='ocr_line' id='line_1_2' title="bbox 299 504 3559 585; baseline 0.001 -24"><span class='ocrx_word' id='word_1_14' title='bbox 299 516 568 565; x_wconf 84' lang='lat' dir='ltr'><strong>nostram,</strong></span> <span class='ocrx_word' id='word_1_15' title='bbox 610 518 708 558; x_wconf 91' lang='lat' dir='ltr'><strong>nec</strong></span> <span class='ocrx_word' id='word_1_16' title='bbox 738 504 963 557; x_wconf 88' lang='lat' dir='ltr'><strong>traditus</strong></span> <span class='ocrx_word' id='word_1_17' title='bbox 1008 515 1091 559; x_wconf 88' lang='lat' dir='ltr'><strong>est</strong></span> <span class='ocrx_word' id='word_1_18' title='bbox 1137 514 1357 575; x_wconf 77' lang='lat' dir='ltr'><strong>propter</strong></span> <span class='ocrx_word' id='word_1_19' title='bbox 1404 515 1622 573; x_wconf 88' lang='lat' dir='ltr'><strong>peccata</strong></span> <span class='ocrx_word' id='word_1_20' title='bbox 1674 516 1879 560; x_wconf 91' lang='lat' dir='ltr'><strong>nostra.</strong></span> <span class='ocrx_word' id='word_1_21' title='bbox 1910 506 1962 567; x_wconf 82' lang='grc' dir='ltr'><strong>Α</strong></span> <span class='ocrx_word' id='word_1_22' title='bbox 1988 504 2086 560; x_wconf 84' lang='lat' dir='ltr'><strong>sibi</strong></span> <span class='ocrx_word' id='word_1_23' title='bbox 2114 506 2406 575; x_wconf 86' lang='lat' dir='ltr'><strong>velitpacis</strong></span> <span class='ocrx_word' id='word_1_24' title='bbox 2431 522 2648 570; x_wconf 87' lang='lat' dir='ltr'><strong>nomen,</strong></span> <span class='ocrx_word' id='word_1_25' title='bbox 2694 516 2748 563; x_wconf 90' lang='lat' dir='ltr'><strong>et</strong></span> <span class='ocrx_word' id='word_1_26' title='bbox 2774 507 2887 585; x_wconf 81' lang='lat' dir='ltr'><strong>ejus</strong></span> <span class='ocrx_word' id='word_1_27' title='bbox 2911 507 3061 580; x_wconf 85' lang='lat' dir='ltr'><strong>pacis</strong></span> <span class='ocrx_word' id='word_1_28' title='bbox 3089 522 3211 577; x_wconf 71' lang='lat' dir='ltr'><strong>qua:</strong></span> <span class='ocrx_word' id='word_1_29' title='bbox 3235 523 3332 577; x_wconf 85' lang='lat' dir='ltr'><strong>per</strong></span> <span class='ocrx_word' id='word_1_30' title='bbox 3380 510 3559 566; x_wconf 90' lang='lat' dir='ltr'><strong>Domi-</strong></span> 
     </span>
    </p>
   </div>
   <div class='ocr_carea' id='block_1_3' title="bbox 300 597 3552 669">
    <p class='ocr_par' dir='ltr' id='par_1_3' title="bbox 300 597 3552 669">
     <span class='ocr_line' id='line_1_3' title="bbox 300 597 3552 669; baseline 0.001 -15"><span class='ocrx_word' id='word_1_31' title='bbox 300 598 367 654; x_wconf 91' lang='lat' dir='ltr'><strong>Si</strong></span> <span class='ocrx_word' id='word_1_32' title='bbox 394 598 536 654; x_wconf 91' lang='lat' dir='ltr'><strong>enim</strong></span> <span class='ocrx_word' id='word_1_33' title='bbox 562 597 665 650; x_wconf 88' lang='lat' dir='ltr'><strong>hoc</strong></span> <span class='ocrx_word' id='word_1_34' title='bbox 701 597 878 659; x_wconf 88' lang='lat' dir='ltr'><strong>credo,</strong></span> <span class='ocrx_word' id='word_1_35' title='bbox 915 598 1184 666; x_wconf 84' lang='lat' dir='ltr'><strong>quomodo</strong></span> <span class='ocrx_word' id='word_1_36' title='bbox 1211 597 1335 650; x_wconf 89' lang='lat' dir='ltr'><strong>illud</strong></span> <span class='ocrx_word' id='word_1_37' title='bbox 1370 613 1492 651; x_wconf 85' lang='lat' dir='ltr'><strong>amo</strong></span> <span class='ocrx_word' id='word_1_38' title='bbox 1533 614 1630 668; x_wconf 92' lang='lat' dir='ltr'><strong>pro</strong></span> <span class='ocrx_word' id='word_1_39' title='bbox 1664 614 1771 668; x_wconf 91' lang='lat' dir='ltr'><strong>quo</strong></span> <span class='ocrx_word' id='word_1_40' title='bbox 1800 598 1887 651; x_wconf 89' lang='lat' dir='ltr'><strong>ille</strong></span> <span class='ocrx_word' id='word_1_41' title='bbox 1969 610 2113 651; x_wconf 64' lang='lat' dir='ltr'><strong>~num</strong></span> <span class='ocrx_word' id='word_1_42' title='bbox 2165 605 2410 651; x_wconf 90' lang='lat' dir='ltr'><strong>nostrum</strong></span> <span class='ocrx_word' id='word_1_43' title='bbox 2462 597 2640 653; x_wconf 86' lang='lat' dir='ltr'><strong>Jesum</strong></span> <span class='ocrx_word' id='word_1_44' title='bbox 2690 598 2964 655; x_wconf 91' lang='lat' dir='ltr'><strong>Christum</strong></span> <span class='ocrx_word' id='word_1_45' title='bbox 3012 606 3111 663; x_wconf 89' lang='lat' dir='ltr'><strong>est,</strong></span> <span class='ocrx_word' id='word_1_46' title='bbox 3156 600 3552 669; x_wconf 83' lang='lat' dir='ltr'><strong>perquiramus.</strong></span> 
     </span>
    </p>
   </div>
   <div class='ocr_carea' id='block_1_4' title="bbox 300 685 3557 765">
    <p class='ocr_par' dir='ltr' id='par_1_4' title="bbox 300 685 3557 765">
     <span class='ocr_line' id='line_1_4' title="bbox 300 685 3557 765; baseline 0.002 -24"><span class='ocrx_word' id='word_1_47' title='bbox 300 686 523 759; x_wconf 73' lang='lat' dir='ltr'><strong>pertulit</strong></span> <span class='ocrx_word' id='word_1_48' title='bbox 562 688 830 741; x_wconf 90' lang='lat' dir='ltr'><strong>mortem?</strong></span> <span class='ocrx_word' id='word_1_49' title='bbox 876 686 932 765; x_wconf 87' lang='lat' dir='ltr'><strong>Si</strong></span> <span class='ocrx_word' id='word_1_50' title='bbox 962 688 1063 743; x_wconf 92' lang='lat' dir='ltr'><strong>hoc</strong></span> <span class='ocrx_word' id='word_1_51' title='bbox 1104 690 1266 759; x_wconf 80' lang='lat' dir='ltr'><strong>credo</strong></span> <span class='ocrx_word' id='word_1_52' title='bbox 1308 689 1447 756; x_wconf 92' lang='lat' dir='ltr'><strong>quod</strong></span> <span class='ocrx_word' id='word_1_53' title='bbox 1500 688 1585 743; x_wconf 89' lang='lat' dir='ltr'><strong>ille</strong></span> <span class='ocrx_word' id='word_1_54' title='bbox 1621 692 1688 743; x_wconf 89' lang='lat' dir='ltr'><strong>ad</strong></span> <span class='ocrx_word' id='word_1_55' title='bbox 1719 688 1885 759; x_wconf 85' lang='lat' dir='ltr'><strong>justi-</strong></span> <span class='ocrx_word' id='word_1_56' title='bbox 1984 685 2093 740; x_wconf 80' lang='lat' dir='ltr'><strong>Pax</strong></span> <span class='ocrx_word' id='word_1_57' title='bbox 2124 686 2320 741; x_wconf 85' lang='lat' dir='ltr'><strong>dicitur</strong></span> <span class='ocrx_word' id='word_1_58' title='bbox 2366 686 2457 741; x_wconf 89' lang='lat' dir='ltr'><strong>ubi</strong></span> <span class='ocrx_word' id='word_1_59' title='bbox 2494 689 2923 757; x_wconf 84' lang='lat' dir='ltr'><strong>nemo_dissidet,</strong></span> <span class='ocrx_word' id='word_1_60' title='bbox 2956 704 3114 744; x_wconf 90' lang='lat' dir='ltr'><strong>nemo</strong></span> <span class='ocrx_word' id='word_1_61' title='bbox 3142 690 3436 755; x_wconf 86' lang='lat' dir='ltr'><strong>discordet,</strong></span> <span class='ocrx_word' id='word_1_62' title='bbox 3467 691 3557 749; x_wconf 80' lang='lat' dir='ltr'><strong>ubi</strong></span> 
     </span>
    </p>
   </div>
   <div class='ocr_carea' id='block_1_5' title="bbox 300 777 3559 852">
    <p class='ocr_par' dir='ltr' id='par_1_5' title="bbox 300 777 3559 852">
     <span class='ocr_line' id='line_1_5' title="bbox 300 777 3559 852; baseline 0 -19"><span class='ocrx_word' id='word_1_63' title='bbox 300 778 613 834; x_wconf 80' lang='lat' dir='ltr'><strong>ﬁcutionem</strong></span> <span class='ocrx_word' id='word_1_64' title='bbox 668 793 845 831; x_wconf 77' lang='lat' dir='ltr'><strong>meum</strong></span> <span class='ocrx_word' id='word_1_65' title='bbox 909 780 1175 847; x_wconf 78' lang='lat' dir='ltr'><strong>quamodo</strong></span> <span class='ocrx_word' id='word_1_66' title='bbox 1230 779 1496 841; x_wconf 73' lang='lat' dir='ltr'><strong>surrexit,</strong></span> <span class='ocrx_word' id='word_1_67' title='bbox 1570 779 1699 833; x_wconf 90' lang='lat' dir='ltr'><strong>mihi</strong></span> <span class='ocrx_word' id='word_1_68' title='bbox 1751 778 1888 847; x_wconf 91' lang='lat' dir='ltr'><strong>inju-</strong></span> <span class='ocrx_word' id='word_1_69' title='bbox 1986 777 2117 831; x_wconf 90' lang='lat' dir='ltr'><strong>nihil</strong></span> <span class='ocrx_word' id='word_1_70' title='bbox 2142 777 2358 838; x_wconf 83' lang='lat' dir='ltr'><strong>hostile.</strong></span> <span class='ocrx_word' id='word_1_71' title='bbox 2386 778 2518 835; x_wconf 83' lang='lat' dir='ltr'><strong>nihil</strong></span> <span class='ocrx_word' id='word_1_72' title='bbox 2554 779 2841 834; x_wconf 87' lang='lat' dir='ltr'><strong>barbarum</strong></span> <span class='ocrx_word' id='word_1_73' title='bbox 2885 781 3107 851; x_wconf 76' lang='lat' dir='ltr'><strong>geritur.</strong></span> <span class='ocrx_word' id='word_1_74' title='bbox 3139 778 3247 834; x_wconf 84' lang='lat' dir='ltr'><strong>Nos</strong></span> <span class='ocrx_word' id='word_1_75' title='bbox 3296 792 3425 852; x_wconf 80' lang='lat' dir='ltr'><strong>ergo</strong></span> <span class='ocrx_word' id='word_1_76' title='bbox 3468 781 3559 849; x_wconf 85' lang='lat' dir='ltr'><strong>qui</strong></span> 
     </span>
    </p>
   </div>
   <div class='ocr_carea' id='block_1_6' title="bbox 300 867 3562 940">
    <p class='ocr_par' dir='ltr' id='par_1_6' title="bbox 300 867 3562 940">
     <span class='ocr_line' id='line_1_6' title="bbox 300 867 3562 940; baseline 0.001 -17"><span class='ocrx_word' id='word_1_77' title='bbox 300 870 449 923; x_wconf 74' lang='lat' dir='ltr'><strong>stitia</strong></span> <span class='ocrx_word' id='word_1_78' title='bbox 476 869 678 939; x_wconf 83' lang='lat' dir='ltr'><strong>placet?</strong></span> <span class='ocrx_word' id='word_1_79' title='bbox 707 867 1119 934; x_wconf 69' lang='lat' dir='ltr'><strong>Justiiicatergo</strong></span> <span class='ocrx_word' id='word_1_80' title='bbox 1138 884 1231 922; x_wconf 91' lang='lat' dir='ltr'><strong>eos</strong></span> <span class='ocrx_word' id='word_1_81' title='bbox 1252 869 1496 923; x_wconf 85' lang='lat' dir='ltr'><strong>Christus</strong></span> <span class='ocrx_word' id='word_1_82' title='bbox 1518 867 1886 923; x_wconf 84' lang='lat' dir='ltr'><strong>tantummodo</strong></span> <span class='ocrx_word' id='word_1_83' title='bbox 1986 868 2272 937; x_wconf 89' lang='lat' dir='ltr'><strong>aliquando</strong></span> <span class='ocrx_word' id='word_1_84' title='bbox 2308 868 2507 923; x_wconf 85' lang='lat' dir='ltr'><strong>fuimus</strong></span> <span class='ocrx_word' id='word_1_85' title='bbox 2532 870 2735 923; x_wconf 88' lang='lat' dir='ltr'><strong>inimici</strong></span> <span class='ocrx_word' id='word_1_86' title='bbox 2768 870 2884 935; x_wconf 89' lang='lat' dir='ltr'><strong>Dei,</strong></span> <span class='ocrx_word' id='word_1_87' title='bbox 2921 880 3208 940; x_wconf 82' lang='lat' dir='ltr'><strong>sequentes</strong></span> <span class='ocrx_word' id='word_1_88' title='bbox 3255 871 3466 927; x_wconf 83' lang='lat' dir='ltr'><strong>hostem</strong></span> <span class='ocrx_word' id='word_1_89' title='bbox 3506 878 3562 925; x_wconf 90' lang='lat' dir='ltr'><strong>et</strong></span> 
     </span>
    </p>
   </div>
   <div class='ocr_carea' id='block_1_7' title="bbox 299 957 3555 1037">
    <p class='ocr_par' dir='ltr' id='par_1_7' title="bbox 299 957 3555 1037">
     <span class='ocr_line' id='line_1_7' title="bbox 299 957 3555 1037; baseline 0.002 -26"><span class='ocrx_word' id='word_1_90' title='bbox 299 958 395 1026; x_wconf 89' lang='lat' dir='ltr'><strong>qui</strong></span> <span class='ocrx_word' id='word_1_91' title='bbox 425 958 715 1016; x_wconf 73' lang='lat' dir='ltr'><strong>novitatem</strong></span> <span class='ocrx_word' id='word_1_92' title='bbox 749 957 994 1024; x_wconf 78' lang='lat' dir='ltr'><strong>exemplo</strong></span> <span class='ocrx_word' id='word_1_93' title='bbox 1031 959 1443 1012; x_wconf 84' lang='lat' dir='ltr'><strong>resurrectionis</strong></span> <span class='ocrx_word' id='word_1_94' title='bbox 1488 959 1655 1028; x_wconf 89' lang='lat' dir='ltr'><strong>ipsius</strong></span> <span class='ocrx_word' id='word_1_95' title='bbox 1700 972 1907 1021; x_wconf 39' lang='lat' dir='ltr'><strong>suscea</strong></span> <span class='ocrx_word' id='word_1_96' title='bbox 1986 968 2271 1030; x_wconf 84' lang='lat' dir='ltr'><strong>tyrannum</strong></span> <span class='ocrx_word' id='word_1_97' title='bbox 2298 961 2588 1023; x_wconf 88' lang='lat' dir='ltr'><strong>diabolum,</strong></span> <span class='ocrx_word' id='word_1_98' title='bbox 2617 977 2759 1017; x_wconf 92' lang='lat' dir='ltr'><strong>nunc</strong></span> <span class='ocrx_word' id='word_1_99' title='bbox 2789 962 2832 1015; x_wconf 89' lang='lat' dir='ltr'><strong>si</strong></span> <span class='ocrx_word' id='word_1_100' title='bbox 2865 963 3005 1037; x_wconf 65' lang='lat' dir='ltr'><strong>illius</strong></span> <span class='ocrx_word' id='word_1_101' title='bbox 3045 979 3192 1018; x_wconf 89' lang='lat' dir='ltr'><strong>arma</strong></span> <span class='ocrx_word' id='word_1_102' title='bbox 3219 963 3555 1035; x_wconf 85' lang='lat' dir='ltr'><strong>projicimus,</strong></span> 
     </span>
    </p>
   </div>
   <div class='ocr_carea' id='block_1_8' title="bbox 301 1046 3556 1126">
    <p class='ocr_par' dir='ltr' id='par_1_8' title="bbox 301 1046 3556 1126">
     <span class='ocr_line' id='line_1_8' title="bbox 301 1046 3556 1126; baseline 0.003 -27"><span class='ocrx_word' id='word_1_103' title='bbox 301 1057 521 1115; x_wconf 86' lang='lat' dir='ltr'><strong>perunt,</strong></span> <span class='ocrx_word' id='word_1_104' title='bbox 553 1056 606 1099; x_wconf 85' lang='lat' dir='ltr'><strong>et</strong></span> <span class='ocrx_word' id='word_1_105' title='bbox 632 1056 841 1100; x_wconf 89' lang='lat' dir='ltr'><strong>vetusta</strong></span> <span class='ocrx_word' id='word_1_106' title='bbox 874 1046 1147 1113; x_wconf 65' lang='lat' dir='ltr'><strong>injustitia:</strong></span> <span class='ocrx_word' id='word_1_107' title='bbox 1178 1058 1337 1118; x_wconf 85' lang='lat' dir='ltr'><strong>atque</strong></span> <span class='ocrx_word' id='word_1_108' title='bbox 1381 1050 1679 1119; x_wconf 84' lang='lat' dir='ltr'><strong>iniquitatis</strong></span> <span class='ocrx_word' id='word_1_109' title='bbox 1729 1051 1886 1103; x_wconf 87' lang='lat' dir='ltr'><strong>indu-</strong></span> <span class='ocrx_word' id='word_1_110' title='bbox 1986 1059 2038 1105; x_wconf 89' lang='lat' dir='ltr'><strong>et</strong></span> <span class='ocrx_word' id='word_1_111' title='bbox 2064 1053 2273 1122; x_wconf 80' lang='lat' dir='ltr'><strong>signum</strong></span> <span class='ocrx_word' id='word_1_112' title='bbox 2304 1050 2505 1107; x_wconf 87' lang='lat' dir='ltr'><strong>Christi</strong></span> <span class='ocrx_word' id='word_1_113' title='bbox 2534 1061 2586 1107; x_wconf 88' lang='lat' dir='ltr'><strong>et</strong></span> <span class='ocrx_word' id='word_1_114' title='bbox 2612 1052 2789 1107; x_wconf 91' lang='lat' dir='ltr'><strong>crucis</strong></span> <span class='ocrx_word' id='word_1_115' title='bbox 2814 1052 2928 1121; x_wconf 91' lang='lat' dir='ltr'><strong>ejus</strong></span> <span class='ocrx_word' id='word_1_116' title='bbox 2973 1055 3170 1107; x_wconf 78' lang='lat' dir='ltr'><strong>vexilla</strong></span> <span class='ocrx_word' id='word_1_117' title='bbox 3214 1057 3556 1126; x_wconf 89' lang='lat' dir='ltr'><strong>suscipimus,</strong></span> 
     </span>
    </p>
   </div>
   <div class='ocr_carea' id='block_1_9' title="bbox 299 1138 3559 1216">
    <p class='ocr_par' dir='ltr' id='par_1_9' title="bbox 299 1138 3559 1216">
     <span class='ocr_line' id='line_1_9' title="bbox 299 1138 3559 1216; baseline 0.002 -24"><span class='ocrx_word' id='word_1_118' title='bbox 299 1146 487 1192; x_wconf 89' lang='lat' dir='ltr'><strong>menta</strong></span> <span class='ocrx_word' id='word_1_119' title='bbox 535 1138 681 1193; x_wconf 82' lang='lat' dir='ltr'><strong>velut</strong></span> <span class='ocrx_word' id='word_1_120' title='bbox 706 1154 921 1193; x_wconf 86' lang='lat' dir='ltr'><strong>causam</strong></span> <span class='ocrx_word' id='word_1_121' title='bbox 956 1142 1145 1195; x_wconf 89' lang='lat' dir='ltr'><strong>mortis</strong></span> <span class='ocrx_word' id='word_1_122' title='bbox 1175 1141 1453 1209; x_wconf 88' lang='lat' dir='ltr'><strong>ahjiciunt.</strong></span> <span class='ocrx_word' id='word_1_123' title='bbox 1495 1142 1599 1197; x_wconf 88' lang='lat' dir='ltr'><strong>Sed</strong></span> <span class='ocrx_word' id='word_1_124' title='bbox 1637 1143 1763 1195; x_wconf 89' lang='lat' dir='ltr'><strong>illud</strong></span> <span class='ocrx_word' id='word_1_125' title='bbox 1794 1158 1887 1196; x_wconf 52' lang='lat' dir='ltr'><strong>ve‘</strong></span> <span class='ocrx_word' id='word_1_126' title='bbox 1986 1159 2167 1213; x_wconf 87' lang='lat' dir='ltr'><strong>pacem</strong></span> <span class='ocrx_word' id='word_1_127' title='bbox 2193 1148 2378 1214; x_wconf 86' lang='lat' dir='ltr'><strong>utique</strong></span> <span class='ocrx_word' id='word_1_128' title='bbox 2400 1147 2661 1200; x_wconf 84' lang='lat' dir='ltr'><strong>habemus</strong></span> <span class='ocrx_word' id='word_1_129' title='bbox 2684 1147 2749 1199; x_wconf 88' lang='lat' dir='ltr'><strong>ad</strong></span> <span class='ocrx_word' id='word_1_130' title='bbox 2780 1144 2969 1199; x_wconf 89' lang='lat' dir='ltr'><strong>Deum.</strong></span> <span class='ocrx_word' id='word_1_131' title='bbox 3002 1146 3095 1199; x_wconf 88' lang='lat' dir='ltr'><strong>sed</strong></span> <span class='ocrx_word' id='word_1_132' title='bbox 3137 1161 3235 1216; x_wconf 91' lang='lat' dir='ltr'><strong>per</strong></span> <span class='ocrx_word' id='word_1_133' title='bbox 3272 1146 3559 1201; x_wconf 90' lang='lat' dir='ltr'><strong>Dominum</strong></span> 
     </span>
    </p>
   </div>
   <div class='ocr_carea' id='block_1_10' title="bbox 301 1226 3561 1304">
    <p class='ocr_par' dir='ltr' id='par_1_10' title="bbox 301 1226 3561 1304">
     <span class='ocr_line' id='line_1_10' title="bbox 301 1226 3561 1304; baseline 0.002 -24"><span class='ocrx_word' id='word_1_134' title='bbox 301 1226 397 1281; x_wconf 91' lang='lat' dir='ltr'><strong>lim</strong></span> <span class='ocrx_word' id='word_1_135' title='bbox 439 1228 734 1297; x_wconf 87' lang='lat' dir='ltr'><strong>requirere,</strong></span> <span class='ocrx_word' id='word_1_136' title='bbox 774 1230 816 1283; x_wconf 89' lang='lat' dir='ltr'><strong>si</strong></span> <span class='ocrx_word' id='word_1_137' title='bbox 844 1245 943 1299; x_wconf 91' lang='lat' dir='ltr'><strong>pro</strong></span> <span class='ocrx_word' id='word_1_138' title='bbox 965 1232 1067 1284; x_wconf 89' lang='lat' dir='ltr'><strong>hoc</strong></span> <span class='ocrx_word' id='word_1_139' title='bbox 1111 1232 1225 1284; x_wconf 90' lang='lat' dir='ltr'><strong>solo</strong></span> <span class='ocrx_word' id='word_1_140' title='bbox 1255 1233 1381 1285; x_wconf 86' lang='lat' dir='ltr'><strong>dicit</strong></span> <span class='ocrx_word' id='word_1_141' title='bbox 1426 1232 1731 1301; x_wconf 83' lang='lat' dir='ltr'><strong>Apostolus,</strong></span> <span class='ocrx_word' id='word_1_142' title='bbox 1759 1236 1884 1303; x_wconf 87' lang='lat' dir='ltr'><strong>quia</strong></span> <span class='ocrx_word' id='word_1_143' title='bbox 1985 1241 2227 1289; x_wconf 90' lang='lat' dir='ltr'><strong>nostrum</strong></span> <span class='ocrx_word' id='word_1_144' title='bbox 2255 1234 2434 1289; x_wconf 84' lang='lat' dir='ltr'><strong>Jesum</strong></span> <span class='ocrx_word' id='word_1_145' title='bbox 2457 1235 2752 1297; x_wconf 88' lang='lat' dir='ltr'><strong>Christum,</strong></span> <span class='ocrx_word' id='word_1_146' title='bbox 2782 1236 2871 1304; x_wconf 89' lang='lat' dir='ltr'><strong>qui</strong></span> <span class='ocrx_word' id='word_1_147' title='bbox 2921 1248 3018 1288; x_wconf 91' lang='lat' dir='ltr'><strong>nos</strong></span> <span class='ocrx_word' id='word_1_148' title='bbox 3046 1249 3145 1303; x_wconf 89' lang='lat' dir='ltr'><strong>per</strong></span> <span class='ocrx_word' id='word_1_149' title='bbox 3177 1235 3407 1289; x_wconf 88' lang='lat' dir='ltr'><strong>hostiam</strong></span> <span class='ocrx_word' id='word_1_150' title='bbox 3438 1249 3561 1288; x_wconf 84' lang='lat' dir='ltr'><strong>san-</strong></span> 
     </span>
    </p>
   </div>
   <div class='ocr_carea' id='block_1_11' title="bbox 300 1312 3562 1404">
    <p class='ocr_par' dir='ltr' id='par_1_11' title="bbox 300 1312 3562 1404">
     <span class='ocr_line' id='line_1_11' title="bbox 300 1312 3562 1404; baseline 0.002 -32"><span class='ocrx_word' id='word_1_151' title='bbox 300 1331 410 1372; x_wconf 86' lang='lat' dir='ltr'><strong>non</strong></span> <span class='ocrx_word' id='word_1_152' title='bbox 436 1328 655 1387; x_wconf 89' lang='lat' dir='ltr'><strong>propter</strong></span> <span class='ocrx_word' id='word_1_153' title='bbox 674 1320 945 1373; x_wconf 79' lang='lat' dir='ltr'><strong>Abraham</strong></span> <span class='ocrx_word' id='word_1_154' title='bbox 964 1321 1131 1373; x_wconf 89' lang='lat' dir='ltr'><strong>solum</strong></span> <span class='ocrx_word' id='word_1_155' title='bbox 1160 1323 1417 1389; x_wconf 83' lang='lat' dir='ltr'><strong>scriptum</strong></span> <span class='ocrx_word' id='word_1_156' title='bbox 1434 1324 1649 1386; x_wconf 87' lang='lat' dir='ltr'><strong>est,sed</strong></span> <span class='ocrx_word' id='word_1_157' title='bbox 1674 1331 1728 1377; x_wconf 88' lang='lat' dir='ltr'><strong>et</strong></span> <span class='ocrx_word' id='word_1_158' title='bbox 1752 1339 1884 1404; x_wconf 84' lang='lat' dir='ltr'><strong>pro-</strong></span> <span class='ocrx_word' id='word_1_159' title='bbox 1984 1326 2160 1397; x_wconf 80' lang='lat' dir='ltr'><strong>guinis</strong></span> <span class='ocrx_word' id='word_1_160' title='bbox 2185 1326 2264 1380; x_wconf 92' lang='lat' dir='ltr'><strong>sui</strong></span> <span class='ocrx_word' id='word_1_161' title='bbox 2293 1328 2651 1381; x_wconf 85' lang='lat' dir='ltr'><strong>reconciliavit</strong></span> <span class='ocrx_word' id='word_1_162' title='bbox 2680 1327 2809 1390; x_wconf 90' lang='lat' dir='ltr'><strong>Deo,</strong></span> <span class='ocrx_word' id='word_1_163' title='bbox 2829 1327 2965 1381; x_wconf 89' lang='lat' dir='ltr'><strong>sicut</strong></span> <span class='ocrx_word' id='word_1_164' title='bbox 2987 1312 3052 1380; x_wconf 90' lang='lat' dir='ltr'><strong>de</strong></span> <span class='ocrx_word' id='word_1_165' title='bbox 3077 1342 3143 1381; x_wconf 90' lang='lat' dir='ltr'><strong>eo</strong></span> <span class='ocrx_word' id='word_1_166' title='bbox 3158 1327 3417 1395; x_wconf 89' lang='lat' dir='ltr'><strong>scriptum</strong></span> <span class='ocrx_word' id='word_1_167' title='bbox 3440 1334 3523 1380; x_wconf 89' lang='lat' dir='ltr'><strong>est</strong></span> <span class='ocrx_word' id='word_1_168' title='bbox 3550 1344 3562 1379; x_wconf 90' lang='lat'><em>:</em></span> 
     </span>
    </p>
   </div>
   <div class='ocr_carea' id='block_1_12' title="bbox 296 1405 3563 1493">
    <p class='ocr_par' dir='ltr' id='par_1_12' title="bbox 296 1405 3563 1493">
     <span class='ocr_line' id='line_1_12' title="bbox 296 1405 3563 1493; baseline 0.002 -31"><span class='ocrx_word' id='word_1_169' title='bbox 296 1417 423 1478; x_wconf 87' lang='lat' dir='ltr'><strong>pter</strong></span> <span class='ocrx_word' id='word_1_170' title='bbox 450 1424 564 1473; x_wconf 86' lang='lat' dir='ltr'><strong>nos,</strong></span> <span class='ocrx_word' id='word_1_171' title='bbox 599 1412 741 1478; x_wconf 86' lang='lat' dir='ltr'><strong>quod</strong></span> <span class='ocrx_word' id='word_1_172' title='bbox 780 1405 916 1463; x_wconf 79' lang='lat' dir='ltr'><strong>dixit</strong></span> <span class='ocrx_word' id='word_1_173' title='bbox 951 1430 961 1463; x_wconf 92' lang='lat'><strong>:</strong></span> <span class='ocrx_word' id='word_1_174' title='bbox 994 1412 1225 1465; x_wconf 83' lang='lat' dir='ltr'><strong>Credidit</strong></span> <span class='ocrx_word' id='word_1_175' title='bbox 1254 1415 1516 1468; x_wconf 80' lang='lat' dir='ltr'><strong>Abraham</strong></span> <span class='ocrx_word' id='word_1_176' title='bbox 1549 1416 1677 1480; x_wconf 89' lang='lat' dir='ltr'><strong>Deo,</strong></span> <span class='ocrx_word' id='word_1_177' title='bbox 1720 1425 1765 1469; x_wconf 89' lang='lat' dir='ltr'><strong>et</strong></span> <span class='ocrx_word' id='word_1_178' title='bbox 1798 1434 1882 1470; x_wconf 89' lang='lat' dir='ltr'><strong>re-</strong></span> <span class='ocrx_word' id='word_1_179' title='bbox 1984 1415 2115 1471; x_wconf 86' lang='lat' dir='ltr'><strong>Cum</strong></span> <span class='ocrx_word' id='word_1_180' title='bbox 2139 1434 2365 1471; x_wconf 78' lang='lat' dir='ltr'><strong>essemus</strong></span> <span class='ocrx_word' id='word_1_181' title='bbox 2400 1418 2595 1471; x_wconf 88' lang='lat' dir='ltr'><strong>inimici</strong></span> <span class='ocrx_word' id='word_1_182' title='bbox 2625 1417 2737 1482; x_wconf 90' lang='lat' dir='ltr'><strong>Dei,</strong></span> <span class='ocrx_word' id='word_1_183' title='bbox 2772 1417 3087 1473; x_wconf 81' lang='lat' dir='ltr'><strong>reconciliati</strong></span> <span class='ocrx_word' id='word_1_184' title='bbox 3118 1432 3296 1493; x_wconf 75' lang='lat' dir='ltr'><strong>sumus</strong></span> <span class='ocrx_word' id='word_1_185' title='bbox 3326 1433 3417 1485; x_wconf 87' lang='lat' dir='ltr'><strong>per</strong></span> <span class='ocrx_word' id='word_1_186' title='bbox 3437 1433 3563 1470; x_wconf 91' lang='lat' dir='ltr'><strong>san-</strong></span> 
     </span>
    </p>
   </div>
   <div class='ocr_carea' id='block_1_13' title="bbox 295 1500 3561 1579">
    <p class='ocr_par' dir='ltr' id='par_1_13' title="bbox 295 1500 3561 1579">
     <span class='ocr_line' id='line_1_13' title="bbox 295 1500 3561 1579; baseline 0.002 -27"><span class='ocrx_word' id='word_1_187' title='bbox 295 1510 541 1569; x_wconf 83' lang='lat' dir='ltr'><strong>putatum</strong></span> <span class='ocrx_word' id='word_1_188' title='bbox 575 1510 649 1553; x_wconf 90' lang='lat' dir='ltr'><strong>est</strong></span> <span class='ocrx_word' id='word_1_189' title='bbox 688 1500 765 1552; x_wconf 89' lang='lat' dir='ltr'><strong>illi</strong></span> <span class='ocrx_word' id='word_1_190' title='bbox 793 1502 861 1553; x_wconf 82' lang='lat' dir='ltr'><strong>ad</strong></span> <span class='ocrx_word' id='word_1_191' title='bbox 891 1502 1175 1569; x_wconf 88' lang='lat' dir='ltr'><strong>justitiam.</strong></span> <span class='ocrx_word' id='word_1_192' title='bbox 1207 1503 1460 1567; x_wconf 83' lang='lat' dir='ltr'><strong>Putasne,</strong></span> <span class='ocrx_word' id='word_1_193' title='bbox 1493 1505 1580 1560; x_wconf 86' lang='lat' dir='ltr'><strong>hic</strong></span> <span class='ocrx_word' id='word_1_194' title='bbox 1603 1520 1781 1560; x_wconf 87' lang='lat' dir='ltr'><strong>sermo</strong></span> <span class='ocrx_word' id='word_1_195' title='bbox 1815 1522 1881 1560; x_wconf 77' lang='lat' dir='ltr'><strong>ex</strong></span> <span class='ocrx_word' id='word_1_196' title='bbox 1982 1511 2189 1579; x_wconf 80' lang='lat' dir='ltr'><strong>guinem</strong></span> <span class='ocrx_word' id='word_1_197' title='bbox 2214 1510 2381 1562; x_wconf 85' lang='lat' dir='ltr'><strong>crucis</strong></span> <span class='ocrx_word' id='word_1_198' title='bbox 2410 1506 2536 1561; x_wconf 81' lang='lat' dir='ltr'><strong>Filii</strong></span> <span class='ocrx_word' id='word_1_199' title='bbox 2558 1508 2671 1577; x_wconf 87' lang='lat' dir='ltr'><strong>ejus</strong></span> <span class='ocrx_word' id='word_1_200' title='bbox 2694 1506 2871 1578; x_wconf 85' lang='lat' dir='ltr'><strong>(Rom.</strong></span> <span class='ocrx_word' id='word_1_201' title='bbox 2909 1507 2981 1578; x_wconf 85' lang='lat' dir='ltr'><strong>v).</strong></span> <span class='ocrx_word' id='word_1_202' title='bbox 3014 1508 3079 1561; x_wconf 85' lang='lat' dir='ltr'><strong>Et</strong></span> <span class='ocrx_word' id='word_1_203' title='bbox 3107 1506 3232 1561; x_wconf 86' lang='lat' dir='ltr'><strong>alibi</strong></span> <span class='ocrx_word' id='word_1_204' title='bbox 3260 1508 3397 1563; x_wconf 89' lang='lat' dir='ltr'><strong>idem</strong></span> <span class='ocrx_word' id='word_1_205' title='bbox 3422 1506 3561 1561; x_wconf 87' lang='lat' dir='ltr'><strong>Pau-</strong></span> 
     </span>
    </p>
   </div>
   <div class='ocr_carea' id='block_1_14' title="bbox 297 1591 3564 1670">
    <p class='ocr_par' dir='ltr' id='par_1_14' title="bbox 297 1591 3564 1670">
     <span class='ocr_line' id='line_1_14' title="bbox 297 1591 3564 1670; baseline 0.003 -27"><span class='ocrx_word' id='word_1_206' title='bbox 297 1591 553 1643; x_wconf 88' lang='lat' dir='ltr'><strong>omuihus</strong></span> <span class='ocrx_word' id='word_1_207' title='bbox 598 1605 715 1658; x_wconf 71' lang='lat' dir='ltr'><strong>qua:</strong></span> <span class='ocrx_word' id='word_1_208' title='bbox 744 1592 991 1644; x_wconf 89' lang='lat' dir='ltr'><strong>dicuntur</strong></span> <span class='ocrx_word' id='word_1_209' title='bbox 1016 1592 1083 1644; x_wconf 91' lang='lat' dir='ltr'><strong>de</strong></span> <span class='ocrx_word' id='word_1_210' title='bbox 1110 1593 1384 1647; x_wconf 85' lang='lat' dir='ltr'><strong>Abraham</strong></span> <span class='ocrx_word' id='word_1_211' title='bbox 1413 1610 1517 1648; x_wconf 89' lang='lat' dir='ltr'><strong>non</strong></span> <span class='ocrx_word' id='word_1_212' title='bbox 1550 1595 1719 1649; x_wconf 92' lang='lat' dir='ltr'><strong>solum</strong></span> <span class='ocrx_word' id='word_1_213' title='bbox 1759 1611 1884 1664; x_wconf 54' lang='lat' dir='ltr'><strong>pro.</strong></span> <span class='ocrx_word' id='word_1_214' title='bbox 1982 1603 2065 1655; x_wconf 80' lang='lat' dir='ltr'><strong>lus</strong></span> <span class='ocrx_word' id='word_1_215' title='bbox 2096 1602 2300 1655; x_wconf 80' lang='lat' dir='ltr'><strong>addidit</strong></span> <span class='ocrx_word' id='word_1_216' title='bbox 2322 1602 2428 1665; x_wconf 85' lang='lat' dir='ltr'><strong>his,</strong></span> <span class='ocrx_word' id='word_1_217' title='bbox 2453 1601 2639 1655; x_wconf 87' lang='lat' dir='ltr'><strong>dicens</strong></span> <span class='ocrx_word' id='word_1_218' title='bbox 2667 1620 2678 1653; x_wconf 91' lang='lat'>:</span> <span class='ocrx_word' id='word_1_219' title='bbox 2715 1600 2981 1670; x_wconf 77' lang='lat' dir='ltr'><strong>Rogamus</strong></span> <span class='ocrx_word' id='word_1_220' title='bbox 3007 1617 3099 1668; x_wconf 83' lang='lat' dir='ltr'><strong>pro</strong></span> <span class='ocrx_word' id='word_1_221' title='bbox 3123 1598 3350 1665; x_wconf 81' lang='lat' dir='ltr'><strong>Christo,</strong></span> <span class='ocrx_word' id='word_1_222' title='bbox 3384 1615 3564 1653; x_wconf 88' lang='lat' dir='ltr'><strong>recon-</strong></span> 
     </span>
    </p>
   </div>
   <div class='ocr_carea' id='block_1_15' title="bbox 299 1678 3565 1761">
    <p class='ocr_par' dir='ltr' id='par_1_15' title="bbox 299 1678 3565 1761">
     <span class='ocr_line' id='line_1_15' title="bbox 299 1678 3565 1761; baseline 0.004 -31"><span class='ocrx_word' id='word_1_223' title='bbox 299 1687 422 1747; x_wconf 89' lang='lat' dir='ltr'><strong>pter</strong></span> <span class='ocrx_word' id='word_1_224' title='bbox 458 1678 625 1743; x_wconf 92' lang='lat' dir='ltr'><strong>illum,</strong></span> <span class='ocrx_word' id='word_1_225' title='bbox 652 1681 744 1733; x_wconf 88' lang='lat' dir='ltr'><strong>sed</strong></span> <span class='ocrx_word' id='word_1_226' title='bbox 770 1689 823 1733; x_wconf 89' lang='lat' dir='ltr'><strong>et</strong></span> <span class='ocrx_word' id='word_1_227' title='bbox 845 1690 1062 1750; x_wconf 80' lang='lat' dir='ltr'><strong>pmpter</strong></span> <span class='ocrx_word' id='word_1_228' title='bbox 1094 1697 1189 1735; x_wconf 93' lang='lat' dir='ltr'><strong>nos</strong></span> <span class='ocrx_word' id='word_1_229' title='bbox 1214 1684 1446 1751; x_wconf 88' lang='lat' dir='ltr'><strong>scriptus</strong></span> <span class='ocrx_word' id='word_1_230' title='bbox 1476 1693 1580 1749; x_wconf 90' lang='lat' dir='ltr'><strong>est,</strong></span> <span class='ocrx_word' id='word_1_231' title='bbox 1610 1701 1675 1738; x_wconf 92' lang='lat' dir='ltr'><strong>an</strong></span> <span class='ocrx_word' id='word_1_232' title='bbox 1698 1694 1750 1739; x_wconf 89' lang='lat' dir='ltr'><strong>et</strong></span> <span class='ocrx_word' id='word_1_233' title='bbox 1780 1686 1879 1739; x_wconf 89' lang='lat' dir='ltr'><strong>alia</strong></span> <span class='ocrx_word' id='word_1_234' title='bbox 1982 1692 2234 1745; x_wconf 86' lang='lat' dir='ltr'><strong>ciliamini</strong></span> <span class='ocrx_word' id='word_1_235' title='bbox 2261 1692 2367 1744; x_wconf 92' lang='lat' dir='ltr'><strong>Deo</strong></span> <span class='ocrx_word' id='word_1_236' title='bbox 2399 1689 2483 1761; x_wconf 88' lang='grc' dir='ltr'><strong>(ΙΙ</strong></span> <span class='ocrx_word' id='word_1_237' title='bbox 2512 1688 2633 1744; x_wconf 89' lang='lat' dir='ltr'><strong>Cor.</strong></span> <span class='ocrx_word' id='word_1_238' title='bbox 2662 1690 2741 1761; x_wconf 78' lang='grc' dir='ltr'><strong>ιι).</strong></span> <span class='ocrx_word' id='word_1_239' title='bbox 2776 1689 2833 1744; x_wconf 90' lang='lat' dir='ltr'><strong>Si</strong></span> <span class='ocrx_word' id='word_1_240' title='bbox 2863 1691 2984 1759; x_wconf 91' lang='lat' dir='ltr'><strong>quis</strong></span> <span class='ocrx_word' id='word_1_241' title='bbox 3016 1704 3143 1759; x_wconf 84' lang='lat' dir='ltr'><strong>ergo</strong></span> <span class='ocrx_word' id='word_1_242' title='bbox 3170 1690 3331 1744; x_wconf 89' lang='lat' dir='ltr'><strong>habet</strong></span> <span class='ocrx_word' id='word_1_243' title='bbox 3374 1702 3565 1758; x_wconf 86' lang='lat' dir='ltr'><strong>pacem</strong></span> 
     </span>
    </p>
   </div>
   <div class='ocr_carea' id='block_1_16' title="bbox 297 1769 3561 1851">
    <p class='ocr_par' dir='ltr' id='par_1_16' title="bbox 297 1769 3561 1851">
     <span class='ocr_line' id='line_1_16' title="bbox 297 1769 3561 1851; baseline 0.003 -30"><span class='ocrx_word' id='word_1_244' title='bbox 297 1769 479 1838; x_wconf 82' lang='lat' dir='ltr'><strong>aliqua</strong></span> <span class='ocrx_word' id='word_1_245' title='bbox 514 1771 836 1825; x_wconf 86' lang='lat' dir='ltr'><strong>videbuntur</strong></span> <span class='ocrx_word' id='word_1_246' title='bbox 871 1788 974 1825; x_wconf 84' lang='lat' dir='ltr'><strong>non</strong></span> <span class='ocrx_word' id='word_1_247' title='bbox 1014 1782 1233 1841; x_wconf 85' lang='lat' dir='ltr'><strong>propter</strong></span> <span class='ocrx_word' id='word_1_248' title='bbox 1283 1774 1429 1828; x_wconf 90' lang='lat' dir='ltr'><strong>illum</strong></span> <span class='ocrx_word' id='word_1_249' title='bbox 1459 1776 1653 1836; x_wconf 87' lang='lat' dir='ltr'><strong>solum,</strong></span> <span class='ocrx_word' id='word_1_250' title='bbox 1686 1778 1778 1831; x_wconf 91' lang='lat' dir='ltr'><strong>sed</strong></span> <span class='ocrx_word' id='word_1_251' title='bbox 1826 1785 1880 1829; x_wconf 82' lang='lat' dir='ltr'><strong>ct</strong></span> <span class='ocrx_word' id='word_1_252' title='bbox 1910 1846 1947 1851; x_wconf 77' lang='lat'>_</span> <span class='ocrx_word' id='word_1_253' title='bbox 1984 1784 2049 1837; x_wconf 89' lang='lat' dir='ltr'><strong>ad</strong></span> <span class='ocrx_word' id='word_1_254' title='bbox 2073 1784 2263 1846; x_wconf 90' lang='lat' dir='ltr'><strong>Deum,</strong></span> <span class='ocrx_word' id='word_1_255' title='bbox 2290 1791 2343 1836; x_wconf 92' lang='lat' dir='ltr'><strong>et</strong></span> <span class='ocrx_word' id='word_1_256' title='bbox 2370 1782 2749 1836; x_wconf 89' lang='lat' dir='ltr'><strong>reconciliatus</strong></span> <span class='ocrx_word' id='word_1_257' title='bbox 2775 1791 2858 1837; x_wconf 86' lang='lat' dir='ltr'><strong>est</strong></span> <span class='ocrx_word' id='word_1_258' title='bbox 2879 1796 2975 1851; x_wconf 90' lang='lat' dir='ltr'><strong>per</strong></span> <span class='ocrx_word' id='word_1_259' title='bbox 3001 1780 3317 1851; x_wconf 84' lang='lat' dir='ltr'><strong>sanguinem</strong></span> <span class='ocrx_word' id='word_1_260' title='bbox 3340 1779 3561 1844; x_wconf 87' lang='lat' dir='ltr'><strong>Christi,</strong></span> 
     </span>
    </p>
   </div>
   <div class='ocr_carea' id='block_1_17' title="bbox 294 1846 3565 1944">
    <p class='ocr_par' dir='ltr' id='par_1_17' title="bbox 294 1846 3565 1944">
     <span class='ocr_line' id='line_1_17' title="bbox 294 1846 3565 1944; baseline 0.004 -31"><span class='ocrx_word' id='word_1_261' title='bbox 294 1870 519 1930; x_wconf 81' lang='lat' dir='ltr'><strong>propter</strong></span> <span class='ocrx_word' id='word_1_262' title='bbox 544 1877 641 1915; x_wconf 91' lang='lat' dir='ltr'><strong>nos</strong></span> <span class='ocrx_word' id='word_1_263' title='bbox 672 1863 908 1931; x_wconf 87' lang='lat' dir='ltr'><strong>scripta?</strong></span> <span class='ocrx_word' id='word_1_264' title='bbox 943 1880 1008 1915; x_wconf 88' lang='lat' dir='ltr'><strong>an</strong></span> <span class='ocrx_word' id='word_1_265' title='bbox 1034 1874 1181 1918; x_wconf 85' lang='lat' dir='ltr'><strong>certe</strong></span> <span class='ocrx_word' id='word_1_266' title='bbox 1208 1867 1389 1918; x_wconf 89' lang='lat' dir='ltr'><strong>omnia</strong></span> <span class='ocrx_word' id='word_1_267' title='bbox 1417 1883 1535 1935; x_wconf 74' lang='lat' dir='ltr'><strong>qua:</strong></span> <span class='ocrx_word' id='word_1_268' title='bbox 1567 1869 1631 1921; x_wconf 87' lang='lat' dir='ltr'><strong>de</strong></span> <span class='ocrx_word' id='word_1_269' title='bbox 1659 1869 1775 1936; x_wconf 92' lang='lat' dir='ltr'><strong>ipso</strong></span> <span class='ocrx_word' id='word_1_270' title='bbox 1799 1869 1879 1920; x_wconf 81' lang='lat' dir='ltr'><strong>di-</strong></span> <span class='ocrx_word' id='word_1_271' title='bbox 1910 1846 1958 1905; x_wconf 76' lang='grc' dir='ltr'><strong>Β</strong></span> <span class='ocrx_word' id='word_1_272' title='bbox 1985 1873 2123 1926; x_wconf 87' lang='lat' dir='ltr'><strong>ultra</strong></span> <span class='ocrx_word' id='word_1_273' title='bbox 2156 1889 2260 1927; x_wconf 91' lang='lat' dir='ltr'><strong>non</strong></span> <span class='ocrx_word' id='word_1_274' title='bbox 2294 1874 2573 1944; x_wconf 77' lang='lat' dir='ltr'><strong>contingat</strong></span> <span class='ocrx_word' id='word_1_275' title='bbox 2617 1888 2679 1927; x_wconf 89' lang='lat' dir='ltr'><strong>ea</strong></span> <span class='ocrx_word' id='word_1_276' title='bbox 2735 1889 2854 1943; x_wconf 64' lang='lat' dir='ltr'><strong>quas</strong></span> <span class='ocrx_word' id='word_1_277' title='bbox 2879 1846 3129 1928; x_wconf 60' lang='lat' dir='ltr'><strong>inimica</strong></span> <span class='ocrx_word' id='word_1_278' title='bbox 3150 1881 3277 1927; x_wconf 88' lang='lat' dir='ltr'><strong>sunt</strong></span> <span class='ocrx_word' id='word_1_279' title='bbox 3305 1872 3431 1929; x_wconf 89' lang='lat' dir='ltr'><strong>Deo.</strong></span> <span class='ocrx_word' id='word_1_280' title='bbox 3475 1872 3565 1927; x_wconf 86' lang='lat' dir='ltr'><strong>Vis</strong></span> 
     </span>
    </p>
   </div>
   <div class='ocr_carea' id='block_1_18' title="bbox 295 1950 3565 2034">
    <p class='ocr_par' dir='ltr' id='par_1_18' title="bbox 295 1950 3565 2034">
     <span class='ocr_line' id='line_1_18' title="bbox 295 1950 3565 2034; baseline 0.003 -29"><span class='ocrx_word' id='word_1_281' title='bbox 295 1963 497 2006; x_wconf 89' lang='lat' dir='ltr'><strong>cuntur</strong></span> <span class='ocrx_word' id='word_1_282' title='bbox 531 1968 636 2006; x_wconf 92' lang='lat' dir='ltr'><strong>non</strong></span> <span class='ocrx_word' id='word_1_283' title='bbox 672 1964 892 2022; x_wconf 85' lang='lat' dir='ltr'><strong>propter</strong></span> <span class='ocrx_word' id='word_1_284' title='bbox 923 1954 1093 2021; x_wconf 86' lang='lat' dir='ltr'><strong>ipsum</strong></span> <span class='ocrx_word' id='word_1_285' title='bbox 1137 1955 1309 2008; x_wconf 89' lang='lat' dir='ltr'><strong>solum</strong></span> <span class='ocrx_word' id='word_1_286' title='bbox 1351 1957 1444 2011; x_wconf 89' lang='lat' dir='ltr'><strong>sed</strong></span> <span class='ocrx_word' id='word_1_287' title='bbox 1489 1966 1542 2010; x_wconf 92' lang='lat' dir='ltr'><strong>et</strong></span> <span class='ocrx_word' id='word_1_288' title='bbox 1590 1973 1688 2027; x_wconf 91' lang='lat' dir='ltr'><strong>pro</strong></span> <span class='ocrx_word' id='word_1_289' title='bbox 1728 1959 1881 2014; x_wconf 91' lang='lat' dir='ltr'><strong>nobis</strong></span> <span class='ocrx_word' id='word_1_290' title='bbox 1984 1972 2162 2018; x_wconf 89' lang='lat' dir='ltr'><strong>autem</strong></span> <span class='ocrx_word' id='word_1_291' title='bbox 2191 1964 2377 2018; x_wconf 88' lang='lat' dir='ltr'><strong>audire</strong></span> <span class='ocrx_word' id='word_1_292' title='bbox 2406 1979 2525 2032; x_wconf 65' lang='lat' dir='ltr'><strong>quae</strong></span> <span class='ocrx_word' id='word_1_293' title='bbox 2563 1972 2687 2018; x_wconf 91' lang='lat' dir='ltr'><strong>sunt</strong></span> <span class='ocrx_word' id='word_1_294' title='bbox 2713 1965 2812 2018; x_wconf 86' lang='lat' dir='ltr'><strong>ista</strong></span> <span class='ocrx_word' id='word_1_295' title='bbox 2842 1950 2963 2034; x_wconf 67' lang='lat' dir='ltr'><strong>quae</strong></span> <span class='ocrx_word' id='word_1_296' title='bbox 2989 1964 3208 2019; x_wconf 91' lang='lat' dir='ltr'><strong>inimica</strong></span> <span class='ocrx_word' id='word_1_297' title='bbox 3244 1972 3368 2018; x_wconf 89' lang='lat' dir='ltr'><strong>sunt</strong></span> <span class='ocrx_word' id='word_1_298' title='bbox 3411 1962 3565 2019; x_wconf 83' lang='lat' dir='ltr'><strong>Deo?</strong></span> 
     </span>
    </p>
   </div>
   <div class='ocr_carea' id='block_1_19' title="bbox 294 2042 3559 2127">
    <p class='ocr_par' dir='ltr' id='par_1_19' title="bbox 294 2042 3559 2127">
     <span class='ocr_line' id='line_1_19' title="bbox 294 2042 3559 2127; baseline 0.004 -31"><span class='ocrx_word' id='word_1_299' title='bbox 294 2042 570 2105; x_wconf 88' lang='lat' dir='ltr'><strong>dicuntur,</strong></span> <span class='ocrx_word' id='word_1_300' title='bbox 604 2050 657 2095; x_wconf 89' lang='lat' dir='ltr'><strong>et</strong></span> <span class='ocrx_word' id='word_1_301' title='bbox 684 2058 787 2096; x_wconf 89' lang='lat' dir='ltr'><strong>non</strong></span> <span class='ocrx_word' id='word_1_302' title='bbox 841 2043 1011 2096; x_wconf 89' lang='lat' dir='ltr'><strong>solum</strong></span> <span class='ocrx_word' id='word_1_303' title='bbox 1058 2044 1123 2097; x_wconf 90' lang='lat' dir='ltr'><strong>de</strong></span> <span class='ocrx_word' id='word_1_304' title='bbox 1155 2043 1473 2098; x_wconf 86' lang='lat' dir='ltr'><strong>Abraham?</strong></span> <span class='ocrx_word' id='word_1_305' title='bbox 1500 2045 1604 2100; x_wconf 89' lang='lat' dir='ltr'><strong>Sed</strong></span> <span class='ocrx_word' id='word_1_306' title='bbox 1648 2047 1768 2101; x_wconf 85' lang='lat' dir='ltr'><strong>vide</strong></span> <span class='ocrx_word' id='word_1_307' title='bbox 1814 2066 1880 2105; x_wconf 91' lang='lat' dir='ltr'><strong>ne</strong></span> <span class='ocrx_word' id='word_1_308' title='bbox 1982 2057 2181 2111; x_wconf 89' lang='lat' dir='ltr'><strong>Paulus</strong></span> <span class='ocrx_word' id='word_1_309' title='bbox 2228 2058 2340 2127; x_wconf 88' lang='lat' dir='ltr'><strong>ipse</strong></span> <span class='ocrx_word' id='word_1_310' title='bbox 2370 2064 2422 2111; x_wconf 91' lang='lat' dir='ltr'><strong>te</strong></span> <span class='ocrx_word' id='word_1_311' title='bbox 2454 2059 2627 2121; x_wconf 86' lang='lat' dir='ltr'><strong>docet,</strong></span> <span class='ocrx_word' id='word_1_312' title='bbox 2662 2060 2751 2127; x_wconf 87' lang='lat' dir='ltr'><strong>qui</strong></span> <span class='ocrx_word' id='word_1_313' title='bbox 2785 2058 2882 2123; x_wconf 90' lang='lat' dir='ltr'><strong>ait,</strong></span> <span class='ocrx_word' id='word_1_314' title='bbox 2916 2055 3188 2127; x_wconf 79' lang='lat' dir='ltr'><strong>Sapientia</strong></span> <span class='ocrx_word' id='word_1_315' title='bbox 3237 2058 3411 2110; x_wconf 84' lang='lat' dir='ltr'><strong>carnis</strong></span> <span class='ocrx_word' id='word_1_316' title='bbox 3454 2056 3559 2109; x_wconf 88' lang='lat' dir='ltr'><strong>ini-</strong></span> 
     </span>
    </p>
   </div>
   <div class='ocr_carea' id='block_1_20' title="bbox 292 2129 3561 2217">
    <p class='ocr_par' dir='ltr' id='par_1_20' title="bbox 292 2129 3561 2217">
     <span class='ocr_line' id='line_1_20' title="bbox 292 2129 3561 2217; baseline 0.005 -34"><span class='ocrx_word' id='word_1_317' title='bbox 292 2129 434 2186; x_wconf 79' lang='lat' dir='ltr'><strong>forte</strong></span> <span class='ocrx_word' id='word_1_318' title='bbox 456 2133 570 2186; x_wconf 65' lang='lat' dir='ltr'><strong>haec</strong></span> <span class='ocrx_word' id='word_1_319' title='bbox 590 2133 777 2187; x_wconf 87' lang='lat' dir='ltr'><strong>eadem</strong></span> <span class='ocrx_word' id='word_1_320' title='bbox 809 2135 973 2187; x_wconf 84' lang='lat' dir='ltr'><strong>etiam</strong></span> <span class='ocrx_word' id='word_1_321' title='bbox 1004 2135 1068 2189; x_wconf 90' lang='lat' dir='ltr'><strong>de</strong></span> <span class='ocrx_word' id='word_1_322' title='bbox 1096 2134 1245 2191; x_wconf 84' lang='lat' dir='ltr'><strong>Isaac</strong></span> <span class='ocrx_word' id='word_1_323' title='bbox 1286 2138 1537 2192; x_wconf 87' lang='lat' dir='ltr'><strong>similiter</strong></span> <span class='ocrx_word' id='word_1_324' title='bbox 1568 2140 1879 2210; x_wconf 87' lang='lat' dir='ltr'><strong>accipienda</strong></span> <span class='ocrx_word' id='word_1_325' title='bbox 1984 2149 2117 2200; x_wconf 84' lang='lat' dir='ltr'><strong>mica</strong></span> <span class='ocrx_word' id='word_1_326' title='bbox 2138 2157 2209 2200; x_wconf 91' lang='lat' dir='ltr'><strong>est</strong></span> <span class='ocrx_word' id='word_1_327' title='bbox 2237 2147 2483 2217; x_wconf 85' lang='lat' dir='ltr'><strong>Deo:legi</strong></span> <span class='ocrx_word' id='word_1_328' title='bbox 2504 2149 2637 2201; x_wconf 58' lang='lat' dir='ltr'><strong>enin</strong></span> <span class='ocrx_word' id='word_1_329' title='bbox 2655 2146 2749 2201; x_wconf 83' lang='lat' dir='ltr'><strong>Dei</strong></span> <span class='ocrx_word' id='word_1_330' title='bbox 2766 2164 2867 2201; x_wconf 91' lang='lat' dir='ltr'><strong>non</strong></span> <span class='ocrx_word' id='word_1_331' title='bbox 2889 2157 2961 2201; x_wconf 91' lang='lat' dir='ltr'><strong>est</strong></span> <span class='ocrx_word' id='word_1_332' title='bbox 2983 2144 3403 2217; x_wconf 86' lang='lat' dir='ltr'><strong>subjecta(Rom.</strong></span> <span class='ocrx_word' id='word_1_333' title='bbox 3421 2146 3561 2215; x_wconf 81' lang='lat' dir='ltr'><strong>vni).</strong></span> 
     </span>
    </p>
   </div>
   <div class='ocr_carea' id='block_1_21' title="bbox 293 2218 1857 2305">
    <p class='ocr_par' dir='ltr' id='par_1_21' title="bbox 293 2218 1857 2299">
     <span class='ocr_line' id='line_1_21' title="bbox 293 2218 1857 2299; baseline 0.006 -25"><span class='ocrx_word' id='word_1_334' title='bbox 293 2218 425 2283; x_wconf 83' lang='lat' dir='ltr'><strong>sint,</strong></span> <span class='ocrx_word' id='word_1_335' title='bbox 451 2230 509 2273; x_wconf 93' lang='lat' dir='ltr'><strong>ut</strong></span> <span class='ocrx_word' id='word_1_336' title='bbox 539 2222 747 2289; x_wconf 62' lang='lat' dir='ltr'><strong>(incede</strong></span> <span class='ocrx_word' id='word_1_337' title='bbox 798 2224 912 2292; x_wconf 88' lang='lat' dir='ltr'><strong>ipso</strong></span> <span class='ocrx_word' id='word_1_338' title='bbox 951 2225 1150 2292; x_wconf 85' lang='lat' dir='ltr'><strong>scripta</strong></span> <span class='ocrx_word' id='word_1_339' title='bbox 1185 2227 1313 2295; x_wconf 81' lang='lat' dir='ltr'><strong>sint,</strong></span> <span class='ocrx_word' id='word_1_340' title='bbox 1342 2243 1444 2281; x_wconf 91' lang='lat' dir='ltr'><strong>non</strong></span> <span class='ocrx_word' id='word_1_341' title='bbox 1479 2223 1544 2282; x_wconf 81' lang='lat' dir='ltr'><strong>a&#39;d</strong></span> <span class='ocrx_word' id='word_1_342' title='bbox 1592 2229 1765 2299; x_wconf 89' lang='lat' dir='ltr'><strong>ipsum</strong></span> <span class='ocrx_word' id='word_1_343' title='bbox 1792 2245 1857 2284; x_wconf 91' lang='lat' dir='ltr'><strong>so</strong></span> 
     </span>
    </p>
   </div>
   <div class='ocr_carea' id='block_1_22' title="bbox 2002 2218 3566 2305">
    <p class='ocr_par' dir='ltr' id='par_1_22' title="bbox 2002 2230 3566 2305">
     <span class='ocr_line' id='line_1_22' title="bbox 2002 2230 3566 2305; baseline -0.002 -15"><span class='ocrx_word' id='word_1_344' title='bbox 2002 2236 2041 2290; x_wconf 73' lang='lat' dir='ltr'><strong>Si</strong></span> <span class='ocrx_word' id='word_1_345' title='bbox 2070 2252 2197 2305; x_wconf 76' lang='lat' dir='ltr'><strong>ergo</strong></span> <span class='ocrx_word' id='word_1_346' title='bbox 2224 2236 2513 2291; x_wconf 86' lang='lat' dir='ltr'><strong>carnaliter</strong></span> <span class='ocrx_word' id='word_1_347' title='bbox 2538 2236 2736 2303; x_wconf 84' lang='lat' dir='ltr'><strong>sapias,</strong></span> <span class='ocrx_word' id='word_1_348' title='bbox 2770 2235 2854 2289; x_wconf 88' lang='lat' dir='ltr'><strong>vel</strong></span> <span class='ocrx_word' id='word_1_349' title='bbox 2887 2237 3055 2289; x_wconf 90' lang='lat' dir='ltr'><strong>vitam</strong></span> <span class='ocrx_word' id='word_1_350' title='bbox 3084 2242 3233 2287; x_wconf 84' lang='lat' dir='ltr'><strong>tuam</strong></span> <span class='ocrx_word' id='word_1_351' title='bbox 3264 2230 3566 2303; x_wconf 80' lang='lat' dir='ltr'><strong>cupiditati-</strong></span> 
     </span>
    </p>
   </div>
   <div class='ocr_carea' id='block_1_23' title="bbox 291 2309 3563 2397">
    <p class='ocr_par' dir='ltr' id='par_1_23' title="bbox 291 2309 3563 2397">
     <span class='ocr_line' id='line_1_23' title="bbox 291 2309 3563 2397; baseline 0.005 -34"><span class='ocrx_word' id='word_1_352' title='bbox 291 2309 427 2376; x_wconf 91' lang='lat' dir='ltr'><strong>lum,</strong></span> <span class='ocrx_word' id='word_1_353' title='bbox 452 2314 542 2366; x_wconf 88' lang='lat' dir='ltr'><strong>sed</strong></span> <span class='ocrx_word' id='word_1_354' title='bbox 566 2323 619 2367; x_wconf 89' lang='lat' dir='ltr'><strong>et</strong></span> <span class='ocrx_word' id='word_1_355' title='bbox 640 2330 735 2368; x_wconf 87' lang='lat' dir='ltr'><strong>nos</strong></span> <span class='ocrx_word' id='word_1_356' title='bbox 759 2316 1043 2384; x_wconf 83' lang='lat' dir='ltr'><strong>aspiciant,</strong></span> <span class='ocrx_word' id='word_1_357' title='bbox 1068 2318 1315 2373; x_wconf 86' lang='lat' dir='ltr'><strong>similiter</strong></span> <span class='ocrx_word' id='word_1_358' title='bbox 1332 2328 1386 2373; x_wconf 89' lang='lat' dir='ltr'><strong>et</strong></span> <span class='ocrx_word' id='word_1_359' title='bbox 1408 2320 1473 2373; x_wconf 89' lang='lat' dir='ltr'><strong>de</strong></span> <span class='ocrx_word' id='word_1_360' title='bbox 1487 2320 1673 2387; x_wconf 84' lang='lat' dir='ltr'><strong>Jacob,</strong></span> <span class='ocrx_word' id='word_1_361' title='bbox 1701 2331 1755 2376; x_wconf 89' lang='lat' dir='ltr'><strong>et</strong></span> <span class='ocrx_word' id='word_1_362' title='bbox 1773 2337 1879 2377; x_wconf 65' lang='lat' dir='ltr'><strong>cae-</strong></span> <span class='ocrx_word' id='word_1_363' title='bbox 1983 2330 2082 2383; x_wconf 89' lang='lat' dir='ltr'><strong>bus</strong></span> <span class='ocrx_word' id='word_1_364' title='bbox 2098 2330 2277 2383; x_wconf 89' lang='lat' dir='ltr'><strong>carnis</strong></span> <span class='ocrx_word' id='word_1_365' title='bbox 2292 2344 2548 2397; x_wconf 79' lang='lat' dir='ltr'><strong>exponas,</strong></span> <span class='ocrx_word' id='word_1_366' title='bbox 2570 2326 2904 2383; x_wconf 87' lang='lat' dir='ltr'><strong>etallluentia</strong></span> <span class='ocrx_word' id='word_1_367' title='bbox 2928 2325 3240 2380; x_wconf 83' lang='lat' dir='ltr'><strong>deliciarum</strong></span> <span class='ocrx_word' id='word_1_368' title='bbox 3257 2324 3563 2389; x_wconf 87' lang='lat' dir='ltr'><strong>resolvaris,</strong></span> 
     </span>
    </p>
   </div>
   <div class='ocr_carea' id='block_1_24' title="bbox 292 2403 3569 2488">
    <p class='ocr_par' dir='ltr' id='par_1_24' title="bbox 292 2403 3569 2488">
     <span class='ocr_line' id='line_1_24' title="bbox 292 2403 3569 2488; baseline 0 -22"><span class='ocrx_word' id='word_1_369' title='bbox 292 2403 425 2456; x_wconf 66' lang='lat' dir='ltr'><strong>leris</strong></span> <span class='ocrx_word' id='word_1_370' title='bbox 472 2404 813 2471; x_wconf 62' lang='lat' dir='ltr'><strong>Pall&#39;ial‘i&#39;his-</strong></span> <span class='ocrx_word' id='word_1_371' title='bbox 878 2406 1118 2475; x_wconf 79' lang='lat' dir='ltr'><strong>Namque</strong></span> <span class='ocrx_word' id='word_1_372' title='bbox 1188 2410 1327 2463; x_wconf 72' lang='lat' dir='ltr'><strong>ratio</strong></span> <span class='ocrx_word' id='word_1_373' title='bbox 1376 2410 1664 2476; x_wconf 77' lang='lat' dir='ltr'><strong>Videbitur,</strong></span> <span class='ocrx_word' id='word_1_374' title='bbox 1713 2420 1767 2466; x_wconf 74' lang='lat' dir='ltr'><strong>et</strong></span> <span class='ocrx_word' id='word_1_375' title='bbox 1814 2412 1879 2466; x_wconf 82' lang='lat' dir='ltr'><strong>de</strong></span> <span class='ocrx_word' id='word_1_376' title='bbox 1983 2428 2074 2472; x_wconf 91' lang='lat' dir='ltr'><strong>aut</strong></span> <span class='ocrx_word' id='word_1_377' title='bbox 2098 2419 2140 2472; x_wconf 90' lang='lat' dir='ltr'><strong>si</strong></span> <span class='ocrx_word' id='word_1_378' title='bbox 2176 2419 2239 2473; x_wconf 90' lang='lat' dir='ltr'><strong>de</strong></span> <span class='ocrx_word' id='word_1_379' title='bbox 2267 2418 2399 2488; x_wconf 81' lang='lat' dir='ltr'><strong>legis</strong></span> <span class='ocrx_word' id='word_1_380' title='bbox 2449 2418 2720 2472; x_wconf 82' lang='lat' dir='ltr'><strong>intellectu</strong></span> <span class='ocrx_word' id='word_1_381' title='bbox 2770 2416 3058 2471; x_wconf 87' lang='lat' dir='ltr'><strong>carnaliter</strong></span> <span class='ocrx_word' id='word_1_382' title='bbox 3082 2424 3137 2470; x_wconf 90' lang='lat' dir='ltr'><strong>et</strong></span> <span class='ocrx_word' id='word_1_383' title='bbox 3166 2431 3268 2469; x_wconf 92' lang='lat' dir='ltr'><strong>non</strong></span> <span class='ocrx_word' id='word_1_384' title='bbox 3312 2413 3569 2484; x_wconf 87' lang='lat' dir='ltr'><strong>spiritali-</strong></span> 
     </span>
    </p>
   </div>
   <div class='ocr_carea' id='block_1_25' title="bbox 291 2490 1855 2577">
    <p class='ocr_par' dir='ltr' id='par_1_25' title="bbox 291 2490 1855 2567">
     <span class='ocr_line' id='line_1_25' title="bbox 291 2490 1855 2567; baseline 0.006 -22"><span class='ocrx_word' id='word_1_385' title='bbox 291 2490 569 2545; x_wconf 79' lang='lat' dir='ltr'><strong>Abraham</strong></span> <span class='ocrx_word' id='word_1_386' title='bbox 622 2495 836 2562; x_wconf 82' lang='lat' dir='ltr'><strong>quidem</strong></span> <span class='ocrx_word' id='word_1_387' title='bbox 866 2512 985 2564; x_wconf 71' lang='lat' dir='ltr'><strong>qua:</strong></span> <span class='ocrx_word' id='word_1_388' title='bbox 1038 2498 1239 2567; x_wconf 88' lang='lat' dir='ltr'><strong>scripta</strong></span> <span class='ocrx_word' id='word_1_389' title='bbox 1269 2507 1415 2563; x_wconf 90' lang='lat' dir='ltr'><strong>sunt,</strong></span> <span class='ocrx_word' id='word_1_390' title='bbox 1452 2500 1613 2553; x_wconf 89' lang='lat' dir='ltr'><strong>etiam</strong></span> <span class='ocrx_word' id='word_1_391' title='bbox 1669 2502 1733 2553; x_wconf 90' lang='lat' dir='ltr'><strong>ad</strong></span> <span class='ocrx_word' id='word_1_392' title='bbox 1784 2518 1855 2555; x_wconf 86' lang='lat' dir='ltr'><strong>no</strong></span> 
     </span>
    </p>
   </div>
   <div class='ocr_carea' id='block_1_26' title="bbox 2002 2490 3566 2577">
    <p class='ocr_par' dir='ltr' id='par_1_26' title="bbox 2002 2506 3566 2577">
     <span class='ocr_line' id='line_1_26' title="bbox 2002 2506 3566 2577; baseline -0.001 -16"><span class='ocrx_word' id='word_1_393' title='bbox 2002 2528 2068 2565; x_wconf 68' lang='lat' dir='ltr'><strong>,cr</strong></span> <span class='ocrx_word' id='word_1_394' title='bbox 2090 2512 2310 2577; x_wconf 88' lang='lat' dir='ltr'><strong>sentias,</strong></span> <span class='ocrx_word' id='word_1_395' title='bbox 2341 2522 2395 2570; x_wconf 87' lang='lat' dir='ltr'><strong>et</strong></span> <span class='ocrx_word' id='word_1_396' title='bbox 2420 2512 2535 2565; x_wconf 61' lang='lat' dir='ltr'><strong>haec</strong></span> <span class='ocrx_word' id='word_1_397' title='bbox 2572 2506 3228 2565; x_wconf 89' lang='lat' dir='ltr'><strong>assertionibus-humana</strong></span> <span class='ocrx_word' id='word_1_398' title='bbox 3260 2515 3375 2560; x_wconf 89' lang='lat' dir='ltr'><strong>arte</strong></span> <span class='ocrx_word' id='word_1_399' title='bbox 3420 2521 3566 2575; x_wconf 65' lang='lat' dir='ltr'><strong>quie-</strong></span> 
     </span>
    </p>
   </div>
   <div class='ocr_carea' id='block_1_27' title="bbox 290 2582 3566 2669">
    <p class='ocr_par' dir='ltr' id='par_1_27' title="bbox 290 2582 3566 2669">
     <span class='ocr_line' id='line_1_27' title="bbox 290 2582 3566 2669; baseline 0.001 -36"><span class='ocrx_word' id='word_1_400' title='bbox 290 2582 562 2669; x_wconf 83' lang='lat' dir='ltr'><strong>pertinere</strong></span> <span class='ocrx_word' id='word_1_401' title='bbox 590 2583 860 2649; x_wconf 80' lang='lat' dir='ltr'><strong>dicantur,</strong></span> <span class='ocrx_word' id='word_1_402' title='bbox 888 2602 994 2639; x_wconf 91' lang='lat' dir='ltr'><strong>non</strong></span> <span class='ocrx_word' id='word_1_403' title='bbox 1029 2595 1209 2641; x_wconf 90' lang='lat' dir='ltr'><strong>autem</strong></span> <span class='ocrx_word' id='word_1_404' title='bbox 1236 2588 1396 2641; x_wconf 88' lang='lat' dir='ltr'><strong>simili</strong></span> <span class='ocrx_word' id='word_1_405' title='bbox 1426 2586 1598 2642; x_wconf 84' lang='lat' dir='ltr'><strong>forma</strong></span> <span class='ocrx_word' id='word_1_406' title='bbox 1626 2589 1786 2643; x_wconf 85' lang='lat' dir='ltr'><strong>etiam</strong></span> <span class='ocrx_word' id='word_1_407' title='bbox 1816 2592 1881 2645; x_wconf 91' lang='lat' dir='ltr'><strong>de</strong></span> <span class='ocrx_word' id='word_1_408' title='bbox 1985 2601 2101 2655; x_wconf 72' lang='lat' dir='ltr'><strong>sitis</strong></span> <span class='ocrx_word' id='word_1_409' title='bbox 2133 2602 2303 2669; x_wconf 76' lang='lat' dir='ltr'><strong>magis</strong></span> <span class='ocrx_word' id='word_1_410' title='bbox 2357 2616 2515 2669; x_wconf 92' lang='lat' dir='ltr'><strong>quam</strong></span> <span class='ocrx_word' id='word_1_411' title='bbox 2558 2600 2786 2669; x_wconf 87' lang='lat' dir='ltr'><strong>spiritali</strong></span> <span class='ocrx_word' id='word_1_412' title='bbox 2814 2599 2984 2669; x_wconf 78' lang='lat' dir='ltr'><strong>gratia</strong></span> <span class='ocrx_word' id='word_1_413' title='bbox 3012 2606 3066 2652; x_wconf 83' lang='lat' dir='ltr'><strong>et</strong></span> <span class='ocrx_word' id='word_1_414' title='bbox 3092 2596 3361 2652; x_wconf 69' lang='lat' dir='ltr'><strong>intellectu</strong></span> <span class='ocrx_word' id='word_1_415' title='bbox 3392 2596 3566 2649; x_wconf 69' lang='grc' dir='ltr'><strong>ωιηί-</strong></span> 
     </span>
    </p>
   </div>
   <div class='ocr_carea' id='block_1_28' title="bbox 289 2668 1853 2763">
    <p class='ocr_par' dir='ltr' id='par_1_28' title="bbox 289 2668 1853 2745">
     <span class='ocr_line' id='line_1_28' title="bbox 289 2668 1853 2745; baseline 0.004 -22"><span class='ocrx_word' id='word_1_416' title='bbox 289 2668 443 2730; x_wconf 79' lang='lat' dir='ltr'><strong>Isaac</strong></span> <span class='ocrx_word' id='word_1_417' title='bbox 469 2679 525 2725; x_wconf 86' lang='lat' dir='ltr'><strong>et</strong></span> <span class='ocrx_word' id='word_1_418' title='bbox 548 2672 614 2726; x_wconf 89' lang='lat' dir='ltr'><strong>de</strong></span> <span class='ocrx_word' id='word_1_419' title='bbox 636 2670 824 2737; x_wconf 81' lang='lat' dir='ltr'><strong>Jacob,</strong></span> <span class='ocrx_word' id='word_1_420' title='bbox 848 2683 904 2727; x_wconf 89' lang='lat' dir='ltr'><strong>et</strong></span> <span class='ocrx_word' id='word_1_421' title='bbox 951 2675 1017 2729; x_wconf 89' lang='lat' dir='ltr'><strong>de</strong></span> <span class='ocrx_word' id='word_1_422' title='bbox 1041 2673 1178 2728; x_wconf 85' lang='lat' dir='ltr'><strong>Juda</strong></span> <span class='ocrx_word' id='word_1_423' title='bbox 1208 2676 1288 2729; x_wconf 82' lang='lat' dir='ltr'><strong>vel</strong></span> <span class='ocrx_word' id='word_1_424' title='bbox 1338 2676 1555 2745; x_wconf 66' lang='lat' dir='ltr'><strong>Ioseph,</strong></span> <span class='ocrx_word' id='word_1_425' title='bbox 1598 2689 1701 2732; x_wconf 88' lang='lat' dir='ltr'><strong>etc.</strong></span> <span class='ocrx_word' id='word_1_426' title='bbox 1728 2678 1853 2744; x_wconf 72' lang='lat' dir='ltr'><strong>Quo.</strong></span> 
     </span>
    </p>
   </div>
   <div class='ocr_carea' id='block_1_29' title="bbox 2002 2668 3566 2763">
    <p class='ocr_par' dir='ltr' id='par_1_29' title="bbox 2007 2684 3566 2763">
     <span class='ocr_line' id='line_1_29' title="bbox 2007 2684 3566 2763; baseline -0.003 -15"><span class='ocrx_word' id='word_1_427' title='bbox 2007 2684 2117 2749; x_wconf 76' lang='lat' dir='ltr'><strong>iure</strong></span> <span class='ocrx_word' id='word_1_428' title='bbox 2139 2692 2421 2757; x_wconf 83' lang='lat' dir='ltr'><strong>defendas,</strong></span> <span class='ocrx_word' id='word_1_429' title='bbox 2439 2709 2535 2763; x_wconf 86' lang='lat' dir='ltr'><strong>per</strong></span> <span class='ocrx_word' id='word_1_430' title='bbox 2559 2693 2876 2761; x_wconf 80' lang='lat' dir='ltr'><strong>Sapientiam</strong></span> <span class='ocrx_word' id='word_1_431' title='bbox 2904 2692 3084 2746; x_wconf 91' lang='lat' dir='ltr'><strong>carnis</strong></span> <span class='ocrx_word' id='word_1_432' title='bbox 3112 2691 3361 2745; x_wconf 88' lang='lat' dir='ltr'><strong>inimicus</strong></span> <span class='ocrx_word' id='word_1_433' title='bbox 3393 2688 3566 2744; x_wconf 78' lang='lat' dir='ltr'><strong>eﬂice—</strong></span> 
     </span>
    </p>
   </div>
   <div class='ocr_carea' id='block_1_30' title="bbox 290 2760 1854 2841">
    <p class='ocr_par' dir='ltr' id='par_1_30' title="bbox 290 2760 1854 2841">
     <span class='ocr_line' id='line_1_30' title="bbox 290 2760 1854 2841; baseline 0.004 -28"><span class='ocrx_word' id='word_1_434' title='bbox 290 2760 363 2814; x_wconf 71' lang='lat' dir='ltr'><strong>si&#39;</strong></span> <span class='ocrx_word' id='word_1_435' title='bbox 394 2761 526 2815; x_wconf 90' lang='lat' dir='ltr'><strong>nihil</strong></span> <span class='ocrx_word' id='word_1_436' title='bbox 576 2764 799 2817; x_wconf 88' lang='lat' dir='ltr'><strong>rationis</strong></span> <span class='ocrx_word' id='word_1_437' title='bbox 833 2764 1127 2828; x_wconf 83' lang='lat' dir='ltr'><strong>videbitur,</strong></span> <span class='ocrx_word' id='word_1_438' title='bbox 1160 2780 1256 2819; x_wconf 91' lang='lat' dir='ltr'><strong>cur</strong></span> <span class='ocrx_word' id='word_1_439' title='bbox 1302 2766 1366 2819; x_wconf 89' lang='lat' dir='ltr'><strong>de</strong></span> <span class='ocrx_word' id='word_1_440' title='bbox 1414 2781 1517 2819; x_wconf 93' lang='lat' dir='ltr'><strong>uno</strong></span> <span class='ocrx_word' id='word_1_441' title='bbox 1570 2767 1854 2841; x_wconf 77' lang='lat' dir='ltr'><strong>patriarch:</strong></span> 
     </span>
    </p>
   </div>
   <div class='ocr_carea' id='block_1_31' title="bbox 1998 2760 3562 2841">
    <p class='ocr_par' dir='ltr' id='par_1_31' title="bbox 1998 2760 3562 2837">
     <span class='ocr_line' id='line_1_31' title="bbox 1998 2760 3562 2837; baseline -0.002 -3"><span class='ocrx_word' id='word_1_442' title='bbox 1998 2783 2059 2835; x_wconf 67' lang='lat' dir='ltr'><strong>ris</strong></span> <span class='ocrx_word' id='word_1_443' title='bbox 2088 2783 2213 2836; x_wconf 88' lang='lat' dir='ltr'><strong>Deo.</strong></span> <span class='ocrx_word' id='word_1_444' title='bbox 2245 2782 2354 2836; x_wconf 86' lang='lat' dir='ltr'><strong>Nec</strong></span> <span class='ocrx_word' id='word_1_445' title='bbox 2376 2760 2521 2837; x_wconf 84' lang='lat' dir='ltr'><strong>solus</strong></span> <span class='ocrx_word' id='word_1_446' title='bbox 2554 2760 2653 2836; x_wconf 82' lang='lat' dir='ltr'><strong>hoc</strong></span> <span class='ocrx_word' id='word_1_447' title='bbox 2678 2781 2874 2834; x_wconf 85' lang='lat' dir='ltr'><strong>Paulus</strong></span> <span class='ocrx_word' id='word_1_448' title='bbox 2902 2781 2952 2833; x_wconf 91' lang='lat' dir='ltr'><strong>in</strong></span> <span class='ocrx_word' id='word_1_449' title='bbox 2983 2781 3093 2834; x_wconf 88' lang='lat' dir='ltr'><strong>suis</strong></span> <span class='ocrx_word' id='word_1_450' title='bbox 3118 2779 3314 2833; x_wconf 83' lang='lat' dir='ltr'><strong>litteris</strong></span> <span class='ocrx_word' id='word_1_451' title='bbox 3342 2779 3562 2834; x_wconf 71' lang='lat' dir='ltr'><strong>Scribit:</strong></span> 
     </span>
    </p>
   </div>
   <div class='ocr_carea' id='block_1_32' title="bbox 292 2849 1856 2939">
    <p class='ocr_par' dir='ltr' id='par_1_32' title="bbox 292 2849 1853 2920">
     <span class='ocr_line' id='line_1_32' title="bbox 292 2849 1853 2920; baseline 0.004 -17"><span class='ocrx_word' id='word_1_452' title='bbox 292 2849 397 2905; x_wconf 85' lang='lat' dir='ltr'><strong>hoc</strong></span> <span class='ocrx_word' id='word_1_453' title='bbox 424 2850 494 2903; x_wconf 90' lang='lat' dir='ltr'><strong>ita</strong></span> <span class='ocrx_word' id='word_1_454' title='bbox 524 2852 696 2920; x_wconf 87' lang='lat' dir='ltr'><strong>accipi</strong></span> <span class='ocrx_word' id='word_1_455' title='bbox 725 2852 937 2915; x_wconf 85' lang='lat' dir='ltr'><strong>debeat,</strong></span> <span class='ocrx_word' id='word_1_456' title='bbox 971 2864 1023 2904; x_wconf 91' lang='lat' dir='ltr'><strong>et</strong></span> <span class='ocrx_word' id='word_1_457' title='bbox 1072 2868 1177 2906; x_wconf 90' lang='lat' dir='ltr'><strong>non</strong></span> <span class='ocrx_word' id='word_1_458' title='bbox 1218 2853 1377 2907; x_wconf 85' lang='lat' dir='ltr'><strong>etiam</strong></span> <span class='ocrx_word' id='word_1_459' title='bbox 1405 2853 1470 2907; x_wconf 91' lang='lat' dir='ltr'><strong>de</strong></span> <span class='ocrx_word' id='word_1_460' title='bbox 1502 2856 1729 2919; x_wconf 63' lang='lat' dir='ltr'><strong>caneris,</strong></span> <span class='ocrx_word' id='word_1_461' title='bbox 1754 2872 1853 2910; x_wconf 89' lang='lat' dir='ltr'><strong>con</strong></span> 
     </span>
    </p>
   </div>
   <div class='ocr_carea' id='block_1_33' title="bbox 2004 2849 3568 2939">
    <p class='ocr_par' dir='ltr' id='par_1_33' title="bbox 2004 2869 3568 2939">
     <span class='ocr_line' id='line_1_33' title="bbox 2004 2869 3568 2939; baseline 0 -16"><span class='ocrx_word' id='word_1_462' title='bbox 2004 2872 2105 2926; x_wconf 77' lang='lat' dir='ltr'><strong>lUdl</strong></span> <span class='ocrx_word' id='word_1_463' title='bbox 2138 2881 2192 2926; x_wconf 87' lang='lat' dir='ltr'><strong>et</strong></span> <span class='ocrx_word' id='word_1_464' title='bbox 2217 2871 2473 2926; x_wconf 85' lang='lat' dir='ltr'><strong>Jacobum</strong></span> <span class='ocrx_word' id='word_1_465' title='bbox 2508 2871 2727 2926; x_wconf 78' lang='lat' dir='ltr'><strong>fratrem</strong></span> <span class='ocrx_word' id='word_1_466' title='bbox 2769 2870 2979 2924; x_wconf 88' lang='lat' dir='ltr'><strong>Domini</strong></span> <span class='ocrx_word' id='word_1_467' title='bbox 3022 2869 3214 2939; x_wconf 82' lang='lat' dir='ltr'><strong>similia</strong></span> <span class='ocrx_word' id='word_1_468' title='bbox 3264 2879 3568 2939; x_wconf 76' lang='lat' dir='ltr'><strong>protestan-</strong></span> 
     </span>
    </p>
   </div>
   <div class='ocr_carea' id='block_1_34' title="bbox 292 2942 1856 3029">
    <p class='ocr_par' dir='ltr' id='par_1_34' title="bbox 292 2942 1856 3015">
     <span class='ocr_line' id='line_1_34' title="bbox 292 2942 1856 3015; baseline 0.006 -21"><span class='ocrx_word' id='word_1_469' title='bbox 292 2954 525 3009; x_wconf 81' lang='lat' dir='ltr'><strong>sequens</strong></span> <span class='ocrx_word' id='word_1_470' title='bbox 559 2942 665 2996; x_wconf 89' lang='lat' dir='ltr'><strong>erit</strong></span> <span class='ocrx_word' id='word_1_471' title='bbox 716 2951 775 2996; x_wconf 91' lang='lat' dir='ltr'><strong>ut</strong></span> <span class='ocrx_word' id='word_1_472' title='bbox 800 2943 865 2996; x_wconf 89' lang='lat' dir='ltr'><strong>de</strong></span> <span class='ocrx_word' id='word_1_473' title='bbox 894 2944 1145 2997; x_wconf 80' lang='lat' dir='ltr'><strong>omnibus</strong></span> <span class='ocrx_word' id='word_1_474' title='bbox 1174 2960 1293 3012; x_wconf 67' lang='lat' dir='ltr'><strong>qua:</strong></span> <span class='ocrx_word' id='word_1_475' title='bbox 1347 2947 1547 3015; x_wconf 85' lang='lat' dir='ltr'><strong>scripta</strong></span> <span class='ocrx_word' id='word_1_476' title='bbox 1597 2957 1740 3012; x_wconf 90' lang='lat' dir='ltr'><strong>sunt,</strong></span> <span class='ocrx_word' id='word_1_477' title='bbox 1774 2964 1856 3003; x_wconf 74' lang='lat' dir='ltr'><strong>no:</strong></span> 
     </span>
    </p>
   </div>
   <div class='ocr_carea' id='block_1_35' title="bbox 2001 2942 3565 3029">
    <p class='ocr_par' dir='ltr' id='par_1_35' title="bbox 2001 2958 3565 3029">
     <span class='ocr_line' id='line_1_35' title="bbox 2001 2958 3565 3029; baseline 0 -16"><span class='ocrx_word' id='word_1_478' title='bbox 2001 2977 2113 3027; x_wconf 86' lang='lat' dir='ltr'><strong>,em,</strong></span> <span class='ocrx_word' id='word_1_479' title='bbox 2133 2977 2255 3016; x_wconf 90' lang='lat' dir='ltr'><strong>cum</strong></span> <span class='ocrx_word' id='word_1_480' title='bbox 2286 2962 2441 3016; x_wconf 89' lang='lat' dir='ltr'><strong>dicit:</strong></span> <span class='ocrx_word' id='word_1_481' title='bbox 2466 2961 2568 3026; x_wconf 80' lang='lat' dir='ltr'><strong>Qui</strong></span> <span class='ocrx_word' id='word_1_482' title='bbox 2592 2961 2806 3014; x_wconf 78' lang='lat' dir='ltr'><strong>voluerit</strong></span> <span class='ocrx_word' id='word_1_483' title='bbox 2830 2960 3030 3013; x_wconf 85' lang='lat' dir='ltr'><strong>amicus</strong></span> <span class='ocrx_word' id='word_1_484' title='bbox 3052 2976 3161 3013; x_wconf 87' lang='lat' dir='ltr'><strong>esse</strong></span> <span class='ocrx_word' id='word_1_485' title='bbox 3182 2958 3363 3013; x_wconf 78' lang='lat' dir='ltr'><strong>stcculi</strong></span> <span class='ocrx_word' id='word_1_486' title='bbox 3386 2960 3565 3029; x_wconf 85' lang='lat' dir='ltr'><strong>hujus,</strong></span> 
     </span>
    </p>
   </div>
   <div class='ocr_carea' id='block_1_36' title="bbox 291 3030 1855 3120">
    <p class='ocr_par' dir='ltr' id='par_1_36' title="bbox 291 3030 1853 3111">
     <span class='ocr_line' id='line_1_36' title="bbox 291 3030 1853 3111; baseline 0.004 -25"><span class='ocrx_word' id='word_1_487' title='bbox 291 3030 466 3086; x_wconf 86' lang='lat' dir='ltr'><strong>solum</strong></span> <span class='ocrx_word' id='word_1_488' title='bbox 490 3042 712 3102; x_wconf 90' lang='lat' dir='ltr'><strong>propter</strong></span> <span class='ocrx_word' id='word_1_489' title='bbox 739 3033 858 3087; x_wconf 89' lang='lat' dir='ltr'><strong>illos</strong></span> <span class='ocrx_word' id='word_1_490' title='bbox 910 3035 1001 3103; x_wconf 75' lang='lat' dir='ltr'><strong>qni</strong></span> <span class='ocrx_word' id='word_1_491' title='bbox 1056 3045 1180 3089; x_wconf 91' lang='lat' dir='ltr'><strong>tunc</strong></span> <span class='ocrx_word' id='word_1_492' title='bbox 1229 3045 1407 3099; x_wconf 87' lang='lat' dir='ltr'><strong>erant,</strong></span> <span class='ocrx_word' id='word_1_493' title='bbox 1439 3038 1530 3091; x_wconf 83' lang='lat' dir='ltr'><strong>sed</strong></span> <span class='ocrx_word' id='word_1_494' title='bbox 1562 3046 1616 3091; x_wconf 92' lang='lat' dir='ltr'><strong>et</strong></span> <span class='ocrx_word' id='word_1_495' title='bbox 1663 3048 1853 3111; x_wconf 80' lang='lat' dir='ltr'><strong>propte</strong></span> 
     </span>
    </p>
   </div>
   <div class='ocr_carea' id='block_1_37' title="bbox 2004 3030 3568 3120">
    <p class='ocr_par' dir='ltr' id='par_1_37' title="bbox 2007 3047 3568 3120">
     <span class='ocr_line' id='line_1_37' title="bbox 2007 3047 3568 3120; baseline -0.001 -15"><span class='ocrx_word' id='word_1_496' title='bbox 2007 3053 2227 3105; x_wconf 87' lang='lat' dir='ltr'><strong>nimicus</strong></span> <span class='ocrx_word' id='word_1_497' title='bbox 2260 3051 2354 3105; x_wconf 88' lang='lat' dir='ltr'><strong>Dei</strong></span> <span class='ocrx_word' id='word_1_498' title='bbox 2385 3052 2726 3105; x_wconf 86' lang='lat' dir='ltr'><strong>constituetur</strong></span> <span class='ocrx_word' id='word_1_499' title='bbox 2766 3048 3090 3120; x_wconf 78' lang='lat' dir='ltr'><strong>(Jacob.tv).</strong></span> <span class='ocrx_word' id='word_1_500' title='bbox 3122 3049 3227 3103; x_wconf 84' lang='lat' dir='ltr'><strong>Sed</strong></span> <span class='ocrx_word' id='word_1_501' title='bbox 3249 3058 3303 3103; x_wconf 84' lang='lat' dir='ltr'><strong>et</strong></span> <span class='ocrx_word' id='word_1_502' title='bbox 3334 3047 3568 3103; x_wconf 80' lang='lat' dir='ltr'><strong>Joannes</strong></span> 
     </span>
    </p>
   </div>
   <div class='ocr_carea' id='block_1_38' title="bbox 292 3124 1856 3211">
    <p class='ocr_par' dir='ltr' id='par_1_38' title="bbox 292 3124 1856 3196">
     <span class='ocr_line' id='line_1_38' title="bbox 292 3124 1856 3196; baseline 0.004 -19"><span class='ocrx_word' id='word_1_503' title='bbox 292 3138 396 3177; x_wconf 88' lang='lat' dir='ltr'><strong>nos</strong></span> <span class='ocrx_word' id='word_1_504' title='bbox 418 3124 616 3193; x_wconf 89' lang='lat' dir='ltr'><strong>scripta</strong></span> <span class='ocrx_word' id='word_1_505' title='bbox 641 3125 943 3187; x_wconf 87' lang='lat' dir='ltr'><strong>videantur,</strong></span> <span class='ocrx_word' id='word_1_506' title='bbox 973 3125 1024 3178; x_wconf 90' lang='lat' dir='ltr'><strong>in</strong></span> <span class='ocrx_word' id='word_1_507' title='bbox 1073 3125 1213 3193; x_wconf 89' lang='lat' dir='ltr'><strong>quod</strong></span> <span class='ocrx_word' id='word_1_508' title='bbox 1257 3138 1341 3179; x_wconf 89' lang='lat' dir='ltr'><strong>me</strong></span> <span class='ocrx_word' id='word_1_509' title='bbox 1372 3128 1644 3196; x_wconf 80' lang='lat' dir='ltr'><strong>praecipue</strong></span> <span class='ocrx_word' id='word_1_510' title='bbox 1692 3130 1856 3184; x_wconf 88' lang='lat' dir='ltr'><strong>suade</strong></span> 
     </span>
    </p>
   </div>
   <div class='ocr_carea' id='block_1_39' title="bbox 2000 3124 3564 3211">
    <p class='ocr_par' dir='ltr' id='par_1_39' title="bbox 2000 3137 3564 3211">
     <span class='ocr_line' id='line_1_39' title="bbox 2000 3137 3564 3211; baseline -0.003 -15"><span class='ocrx_word' id='word_1_511' title='bbox 2000 3143 2135 3211; x_wconf 68' lang='lat' dir='ltr'><strong>paria</strong></span> <span class='ocrx_word' id='word_1_512' title='bbox 2166 3148 2430 3195; x_wconf 84' lang='lat' dir='ltr'><strong>testatur:</strong></span> <span class='ocrx_word' id='word_1_513' title='bbox 2464 3138 2667 3201; x_wconf 85' lang='lat' dir='ltr'><strong>Filioli,</strong></span> <span class='ocrx_word' id='word_1_514' title='bbox 2702 3138 2859 3192; x_wconf 85' lang='lat' dir='ltr'><strong>nolite</strong></span> <span class='ocrx_word' id='word_1_515' title='bbox 2887 3154 3067 3191; x_wconf 88' lang='lat' dir='ltr'><strong>amare</strong></span> <span class='ocrx_word' id='word_1_516' title='bbox 3115 3137 3367 3191; x_wconf 87' lang='lat' dir='ltr'><strong>mundum</strong></span> <span class='ocrx_word' id='word_1_517' title='bbox 3403 3155 3564 3209; x_wconf 86' lang='lat' dir='ltr'><strong>neque</strong></span> 
     </span>
    </p>
   </div>
   <div class='ocr_carea' id='block_1_40' title="bbox 293 3198 1857 3303">
    <p class='ocr_par' dir='ltr' id='par_1_40' title="bbox 293 3212 1855 3287">
     <span class='ocr_line' id='line_1_40' title="bbox 293 3212 1855 3287; baseline 0.006 -20"><span class='ocrx_word' id='word_1_518' title='bbox 293 3212 368 3267; x_wconf 89' lang='lat' dir='ltr'><strong>ita</strong></span> <span class='ocrx_word' id='word_1_519' title='bbox 387 3215 586 3267; x_wconf 82' lang='lat' dir='ltr'><strong>sentire</strong></span> <span class='ocrx_word' id='word_1_520' title='bbox 612 3214 699 3268; x_wconf 82' lang='lat' dir='ltr'><strong>ille</strong></span> <span class='ocrx_word' id='word_1_521' title='bbox 726 3216 997 3285; x_wconf 79' lang='lat' dir='ltr'><strong>Evangelii</strong></span> <span class='ocrx_word' id='word_1_522' title='bbox 1050 3232 1249 3279; x_wconf 86' lang='lat' dir='ltr'><strong>sermo,</strong></span> <span class='ocrx_word' id='word_1_523' title='bbox 1283 3218 1335 3272; x_wconf 86' lang='lat' dir='ltr'><strong>in</strong></span> <span class='ocrx_word' id='word_1_524' title='bbox 1367 3232 1476 3287; x_wconf 83' lang='lat' dir='ltr'><strong>quo</strong></span> <span class='ocrx_word' id='word_1_525' title='bbox 1524 3221 1782 3277; x_wconf 90' lang='lat' dir='ltr'><strong>Dominus</strong></span> <span class='ocrx_word' id='word_1_526' title='bbox 1826 3238 1855 3277; x_wconf 89' lang='lat' dir='ltr'><strong>e</strong></span> 
     </span>
    </p>
   </div>
   <div class='ocr_carea' id='block_1_41' title="bbox 2001 3198 3565 3303">
    <p class='ocr_par' dir='ltr' id='par_1_41' title="bbox 2001 3228 3565 3303">
     <span class='ocr_line' id='line_1_41' title="bbox 2001 3228 3565 3303; baseline 0.001 -21"><span class='ocrx_word' id='word_1_527' title='bbox 2001 3249 2044 3285; x_wconf 66' lang='lat' dir='ltr'><strong>ea</strong></span> <span class='ocrx_word' id='word_1_528' title='bbox 2078 3248 2194 3303; x_wconf 76' lang='lat' dir='ltr'><strong>qua:</strong></span> <span class='ocrx_word' id='word_1_529' title='bbox 2224 3232 2278 3283; x_wconf 88' lang='lat' dir='ltr'><strong>in</strong></span> <span class='ocrx_word' id='word_1_530' title='bbox 2303 3230 2497 3283; x_wconf 84' lang='lat' dir='ltr'><strong>mundo</strong></span> <span class='ocrx_word' id='word_1_531' title='bbox 2517 3238 2658 3292; x_wconf 88' lang='lat' dir='ltr'><strong>sunt,</strong></span> <span class='ocrx_word' id='word_1_532' title='bbox 2685 3230 2932 3296; x_wconf 86' lang='lat' dir='ltr'><strong>quoniam</strong></span> <span class='ocrx_word' id='word_1_533' title='bbox 2959 3246 3108 3282; x_wconf 90' lang='lat' dir='ltr'><strong>omne</strong></span> <span class='ocrx_word' id='word_1_534' title='bbox 3129 3228 3269 3299; x_wconf 82' lang='lat' dir='ltr'><strong>quod</strong></span> <span class='ocrx_word' id='word_1_535' title='bbox 3293 3231 3349 3287; x_wconf 87' lang='lat' dir='ltr'><strong>in</strong></span> <span class='ocrx_word' id='word_1_536' title='bbox 3371 3230 3565 3283; x_wconf 87' lang='lat' dir='ltr'><strong>mundo</strong></span> 
     </span>
    </p>
   </div>
   <div class='ocr_carea' id='block_1_42' title="bbox 296 3304 1860 3391">
    <p class='ocr_par' dir='ltr' id='par_1_42' title="bbox 296 3304 1860 3379">
     <span class='ocr_line' id='line_1_42' title="bbox 296 3304 1860 3379; baseline 0.004 -19"><span class='ocrx_word' id='word_1_537' title='bbox 296 3304 543 3360; x_wconf 79' lang='lat' dir='ltr'><strong>Salvator</strong></span> <span class='ocrx_word' id='word_1_538' title='bbox 571 3316 756 3362; x_wconf 82' lang='lat' dir='ltr'><strong>noster</strong></span> <span class='ocrx_word' id='word_1_539' title='bbox 778 3309 846 3362; x_wconf 90' lang='lat' dir='ltr'><strong>ad</strong></span> <span class='ocrx_word' id='word_1_540' title='bbox 875 3323 969 3363; x_wconf 89' lang='lat' dir='ltr'><strong>eos</strong></span> <span class='ocrx_word' id='word_1_541' title='bbox 996 3311 1086 3378; x_wconf 88' lang='lat' dir='ltr'><strong>qui</strong></span> <span class='ocrx_word' id='word_1_542' title='bbox 1116 3312 1216 3364; x_wconf 84' lang='lat' dir='ltr'><strong>sibi</strong></span> <span class='ocrx_word' id='word_1_543' title='bbox 1241 3312 1490 3367; x_wconf 83' lang='lat' dir='ltr'><strong>dixerant</strong></span> <span class='ocrx_word' id='word_1_544' title='bbox 1518 3332 1527 3366; x_wconf 92' lang='lat'><em>:</em></span> <span class='ocrx_word' id='word_1_545' title='bbox 1557 3313 1695 3379; x_wconf 84' lang='lat' dir='ltr'><strong>Quia</strong></span> <span class='ocrx_word' id='word_1_546' title='bbox 1722 3314 1860 3369; x_wconf 76' lang='lat' dir='ltr'><strong>Pate:</strong></span> 
     </span>
    </p>
   </div>
   <div class='ocr_carea' id='block_1_43' title="bbox 2005 3304 3569 3391">
    <p class='ocr_par' dir='ltr' id='par_1_43' title="bbox 2005 3320 3569 3391">
     <span class='ocr_line' id='line_1_43' title="bbox 2005 3320 3569 3391; baseline -0.001 -15"><span class='ocrx_word' id='word_1_547' title='bbox 2005 3334 2057 3377; x_wconf 66' lang='lat' dir='ltr'><strong>rst</strong></span> <span class='ocrx_word' id='word_1_548' title='bbox 2088 3322 2501 3391; x_wconf 82' lang='lat' dir='ltr'><strong>concupiscentia</strong></span> <span class='ocrx_word' id='word_1_549' title='bbox 2534 3322 2705 3373; x_wconf 86' lang='lat' dir='ltr'><strong>carnis</strong></span> <span class='ocrx_word' id='word_1_550' title='bbox 2735 3329 2831 3385; x_wconf 88' lang='lat' dir='ltr'><strong>est,</strong></span> <span class='ocrx_word' id='word_1_551' title='bbox 2862 3328 2910 3374; x_wconf 88' lang='lat' dir='ltr'><strong>et</strong></span> <span class='ocrx_word' id='word_1_552' title='bbox 2950 3322 3370 3389; x_wconf 82' lang='lat' dir='ltr'><strong>concupiscentia</strong></span> <span class='ocrx_word' id='word_1_553' title='bbox 3394 3320 3569 3375; x_wconf 89' lang='lat' dir='ltr'><strong>oculo-</strong></span> 
     </span>
    </p>
   </div>
   <div class='ocr_carea' id='block_1_44' title="bbox 291 3398 1855 3483">
    <p class='ocr_par' dir='ltr' id='par_1_44' title="bbox 291 3398 1855 3469">
     <span class='ocr_line' id='line_1_44' title="bbox 291 3398 1855 3469; baseline 0.004 -18"><span class='ocrx_word' id='word_1_554' title='bbox 291 3407 467 3451; x_wconf 86' lang='lat' dir='ltr'><strong>noster</strong></span> <span class='ocrx_word' id='word_1_555' title='bbox 518 3398 783 3451; x_wconf 79' lang='lat' dir='ltr'><strong>Abraham</strong></span> <span class='ocrx_word' id='word_1_556' title='bbox 834 3411 927 3463; x_wconf 83' lang='lat' dir='ltr'><strong>est,</strong></span> <span class='ocrx_word' id='word_1_557' title='bbox 962 3403 1259 3469; x_wconf 82' lang='lat' dir='ltr'><strong>respondit,</strong></span> <span class='ocrx_word' id='word_1_558' title='bbox 1287 3401 1345 3456; x_wconf 88' lang='lat' dir='ltr'><strong>Si</strong></span> <span class='ocrx_word' id='word_1_559' title='bbox 1397 3420 1570 3457; x_wconf 85' lang='lat' dir='ltr'><strong>semen</strong></span> <span class='ocrx_word' id='word_1_560' title='bbox 1615 3404 1855 3458; x_wconf 70' lang='lat' dir='ltr'><strong>Abraham</strong></span> 
     </span>
    </p>
   </div>
   <div class='ocr_carea' id='block_1_45' title="bbox 2002 3398 3566 3483">
    <p class='ocr_par' dir='ltr' id='par_1_45' title="bbox 2002 3410 3566 3483">
     <span class='ocr_line' id='line_1_45' title="bbox 2002 3410 3566 3483; baseline -0.001 -17"><span class='ocrx_word' id='word_1_561' title='bbox 2002 3431 2117 3476; x_wconf 78' lang='lat' dir='ltr'><strong>&#39;um,</strong></span> <span class='ocrx_word' id='word_1_562' title='bbox 2143 3424 2188 3466; x_wconf 90' lang='lat' dir='ltr'><strong>et</strong></span> <span class='ocrx_word' id='word_1_563' title='bbox 2216 3413 2458 3483; x_wconf 84' lang='lat' dir='ltr'><strong>superbia</strong></span> <span class='ocrx_word' id='word_1_564' title='bbox 2485 3413 2600 3467; x_wconf 81' lang='lat' dir='ltr'><strong>vita:</strong></span> <span class='ocrx_word' id='word_1_565' title='bbox 2619 3427 2735 3480; x_wconf 76' lang='lat' dir='ltr'><strong>qua!</strong></span> <span class='ocrx_word' id='word_1_566' title='bbox 2764 3428 2865 3465; x_wconf 90' lang='lat' dir='ltr'><strong>non</strong></span> <span class='ocrx_word' id='word_1_567' title='bbox 2892 3422 2965 3464; x_wconf 86' lang='lat' dir='ltr'><strong>est</strong></span> <span class='ocrx_word' id='word_1_568' title='bbox 2988 3427 3053 3465; x_wconf 79' lang='lat' dir='ltr'><strong>ea:</strong></span> <span class='ocrx_word' id='word_1_569' title='bbox 3074 3410 3184 3464; x_wconf 88' lang='lat' dir='ltr'><strong>Deo</strong></span> <span class='ocrx_word' id='word_1_570' title='bbox 3213 3410 3265 3481; x_wconf 87' lang='grc' dir='ltr'><strong>(Ι</strong></span> <span class='ocrx_word' id='word_1_571' title='bbox 3292 3410 3453 3465; x_wconf 82' lang='lat' dir='ltr'><strong>Joan.</strong></span> <span class='ocrx_word' id='word_1_572' title='bbox 3485 3412 3566 3483; x_wconf 78' lang='grc' dir='ltr'><strong>ιι).</strong></span> 
     </span>
    </p>
   </div>
   <div class='ocr_carea' id='block_1_46' title="bbox 290 3491 1854 3576">
    <p class='ocr_par' dir='ltr' id='par_1_46' title="bbox 290 3491 1854 3561">
     <span class='ocr_line' id='line_1_46' title="bbox 290 3491 1854 3561; baseline 0.001 -16"><span class='ocrx_word' id='word_1_573' title='bbox 290 3491 491 3553; x_wconf 80' lang='lat' dir='ltr'><strong>essetis,</strong></span> <span class='ocrx_word' id='word_1_574' title='bbox 515 3498 672 3559; x_wconf 84' lang='lat' dir='ltr'><strong>opera</strong></span> <span class='ocrx_word' id='word_1_575' title='bbox 708 3492 885 3560; x_wconf 79' lang='lat' dir='ltr'><strong>utique</strong></span> <span class='ocrx_word' id='word_1_576' title='bbox 936 3492 1203 3545; x_wconf 81' lang='lat' dir='ltr'><strong>Abraham</strong></span> <span class='ocrx_word' id='word_1_577' title='bbox 1229 3496 1491 3561; x_wconf 77' lang='lat' dir='ltr'><strong>faceretis,</strong></span> <span class='ocrx_word' id='word_1_578' title='bbox 1533 3510 1668 3547; x_wconf 82' lang='lat' dir='ltr'><strong>nunc</strong></span> <span class='ocrx_word' id='word_1_579' title='bbox 1705 3504 1854 3548; x_wconf 79' lang='lat' dir='ltr'><strong>auten</strong></span> 
     </span>
    </p>
   </div>
   <div class='ocr_carea' id='block_1_47' title="bbox 2002 3491 3566 3576">
    <p class='ocr_par' dir='ltr' id='par_1_47' title="bbox 2004 3504 3566 3576">
     <span class='ocr_line' id='line_1_47' title="bbox 2004 3504 3566 3576; baseline -0.001 -18"><span class='ocrx_word' id='word_1_580' title='bbox 2004 3506 2147 3576; x_wconf 80' lang='lat' dir='ltr'><strong>gitur</strong></span> <span class='ocrx_word' id='word_1_581' title='bbox 2171 3506 2224 3559; x_wconf 91' lang='lat' dir='ltr'><strong>in</strong></span> <span class='ocrx_word' id='word_1_582' title='bbox 2255 3521 2361 3574; x_wconf 88' lang='lat' dir='ltr'><strong>quo</strong></span> <span class='ocrx_word' id='word_1_583' title='bbox 2390 3506 2503 3558; x_wconf 72' lang='lat' dir='ltr'><strong>hrec</strong></span> <span class='ocrx_word' id='word_1_584' title='bbox 2544 3512 2685 3568; x_wconf 90' lang='lat' dir='ltr'><strong>sunt,</strong></span> <span class='ocrx_word' id='word_1_585' title='bbox 2717 3519 2823 3557; x_wconf 90' lang='lat' dir='ltr'><strong>non</strong></span> <span class='ocrx_word' id='word_1_586' title='bbox 2848 3512 3024 3573; x_wconf 87' lang='lat' dir='ltr'><strong>potest</strong></span> <span class='ocrx_word' id='word_1_587' title='bbox 3050 3504 3248 3558; x_wconf 87' lang='lat' dir='ltr'><strong>habere</strong></span> <span class='ocrx_word' id='word_1_588' title='bbox 3282 3518 3469 3571; x_wconf 90' lang='lat' dir='ltr'><strong>pacem</strong></span> <span class='ocrx_word' id='word_1_589' title='bbox 3501 3504 3566 3557; x_wconf 87' lang='lat' dir='ltr'><strong>ad</strong></span> 
     </span>
    </p>
   </div>
   <div class='ocr_carea' id='block_1_48' title="bbox 291 3581 1855 3663">
    <p class='ocr_par' dir='ltr' id='par_1_48' title="bbox 291 3581 1853 3654">
     <span class='ocr_line' id='line_1_48' title="bbox 291 3581 1853 3654; baseline 0.004 -21"><span class='ocrx_word' id='word_1_590' title='bbox 291 3582 529 3651; x_wconf 73' lang='lat' dir='ltr'><strong>qucuritis</strong></span> <span class='ocrx_word' id='word_1_591' title='bbox 556 3597 635 3633; x_wconf 89' lang='lat' dir='ltr'><strong>me</strong></span> <span class='ocrx_word' id='word_1_592' title='bbox 674 3582 967 3649; x_wconf 81' lang='lat' dir='ltr'><strong>interﬁcere</strong></span> <span class='ocrx_word' id='word_1_593' title='bbox 1001 3581 1282 3648; x_wconf 83' lang='lat' dir='ltr'><strong>hominem,</strong></span> <span class='ocrx_word' id='word_1_594' title='bbox 1313 3585 1401 3654; x_wconf 85' lang='lat' dir='ltr'><strong>qui</strong></span> <span class='ocrx_word' id='word_1_595' title='bbox 1435 3585 1700 3638; x_wconf 83' lang='lat' dir='ltr'><strong>veritatem</strong></span> <span class='ocrx_word' id='word_1_596' title='bbox 1736 3584 1853 3639; x_wconf 87' lang='lat' dir='ltr'><strong>locu</strong></span> 
     </span>
    </p>
   </div>
   <div class='ocr_carea' id='block_1_49' title="bbox 2004 3581 3568 3663">
    <p class='ocr_par' dir='ltr' id='par_1_49' title="bbox 2004 3594 3568 3663">
     <span class='ocr_line' id='line_1_49' title="bbox 2004 3594 3568 3663; baseline 0 -14"><span class='ocrx_word' id='word_1_597' title='bbox 2004 3600 2168 3660; x_wconf 88' lang='lat' dir='ltr'><strong>)eum,</strong></span> <span class='ocrx_word' id='word_1_598' title='bbox 2188 3597 2280 3650; x_wconf 89' lang='lat' dir='ltr'><strong>sed</strong></span> <span class='ocrx_word' id='word_1_599' title='bbox 2306 3611 2493 3650; x_wconf 89' lang='lat' dir='ltr'><strong>rursus</strong></span> <span class='ocrx_word' id='word_1_600' title='bbox 2521 3594 2833 3649; x_wconf 86' lang='lat' dir='ltr'><strong>inimicitias</strong></span> <span class='ocrx_word' id='word_1_601' title='bbox 2861 3594 3241 3659; x_wconf 89' lang='lat' dir='ltr'><strong>suscitatillas,</strong></span> <span class='ocrx_word' id='word_1_602' title='bbox 3260 3609 3358 3663; x_wconf 89' lang='lat' dir='ltr'><strong>pro</strong></span> <span class='ocrx_word' id='word_1_603' title='bbox 3374 3594 3568 3663; x_wconf 84' lang='lat' dir='ltr'><strong>quibus</strong></span> 
     </span>
    </p>
   </div>
   <div class='ocr_carea' id='block_1_50' title="bbox 296 3669 1860 3755">
    <p class='ocr_par' dir='ltr' id='par_1_50' title="bbox 296 3669 1860 3736">
     <span class='ocr_line' id='line_1_50' title="bbox 296 3669 1860 3736; baseline 0.004 -15"><span class='ocrx_word' id='word_1_604' title='bbox 296 3678 379 3723; x_wconf 84' lang='lat' dir='ltr'><strong>tus</strong></span> <span class='ocrx_word' id='word_1_605' title='bbox 409 3685 524 3721; x_wconf 82' lang='lat' dir='ltr'><strong>sum</strong></span> <span class='ocrx_word' id='word_1_606' title='bbox 556 3669 723 3733; x_wconf 82' lang='lat' dir='ltr'><strong>vobis,</strong></span> <span class='ocrx_word' id='word_1_607' title='bbox 760 3686 919 3736; x_wconf 88' lang='lat' dir='ltr'><strong>quam</strong></span> <span class='ocrx_word' id='word_1_608' title='bbox 940 3672 1117 3725; x_wconf 86' lang='lat' dir='ltr'><strong>audivi</strong></span> <span class='ocrx_word' id='word_1_609' title='bbox 1156 3690 1185 3724; x_wconf 91' lang='lat' dir='ltr'><strong>a</strong></span> <span class='ocrx_word' id='word_1_610' title='bbox 1222 3670 1382 3726; x_wconf 85' lang='lat' dir='ltr'><strong>Putre</strong></span> <span class='ocrx_word' id='word_1_611' title='bbox 1409 3690 1519 3727; x_wconf 89' lang='lat' dir='ltr'><strong>meo</strong></span> <span class='ocrx_word' id='word_1_612' title='bbox 1543 3687 1559 3725; x_wconf 89' lang='lat'><strong><em>:</em></strong></span> <span class='ocrx_word' id='word_1_613' title='bbox 1587 3675 1683 3728; x_wconf 91' lang='lat' dir='ltr'><strong>hoc</strong></span> <span class='ocrx_word' id='word_1_614' title='bbox 1707 3675 1860 3727; x_wconf 83' lang='lat' dir='ltr'><strong>Abra-</strong></span> 
     </span>
    </p>
   </div>
   <div class='ocr_carea' id='block_1_51' title="bbox 2002 3669 3566 3755">
    <p class='ocr_par' dir='ltr' id='par_1_51' title="bbox 2002 3683 3566 3755">
     <span class='ocr_line' id='line_1_51' title="bbox 2002 3683 3566 3755; baseline -0.002 -16"><span class='ocrx_word' id='word_1_615' title='bbox 2002 3687 2251 3741; x_wconf 60' lang='lat' dir='ltr'><strong>ialvandis</strong></span> <span class='ocrx_word' id='word_1_616' title='bbox 2267 3686 2515 3741; x_wconf 88' lang='lat' dir='ltr'><strong>Christus</strong></span> <span class='ocrx_word' id='word_1_617' title='bbox 2535 3684 2961 3755; x_wconf 77' lang='lat' dir='ltr'><strong>advenit.(Aug.)</strong></span> <span class='ocrx_word' id='word_1_618' title='bbox 2975 3683 3285 3752; x_wconf 77' lang='lat' dir='ltr'><strong>Justiﬁcati,</strong></span> <span class='ocrx_word' id='word_1_619' title='bbox 3305 3684 3499 3752; x_wconf 89' lang='lat' dir='ltr'><strong>inquit,</strong></span> <span class='ocrx_word' id='word_1_620' title='bbox 3514 3684 3566 3737; x_wconf 87' lang='lat' dir='ltr'><strong>in</strong></span> 
     </span>
    </p>
   </div>
   <div class='ocr_carea' id='block_1_52' title="bbox 294 3762 3570 3849">
    <p class='ocr_par' dir='ltr' id='par_1_52' title="bbox 294 3762 3570 3849">
     <span class='ocr_line' id='line_1_52' title="bbox 294 3762 3570 3849; baseline 0.005 -34"><span class='ocrx_word' id='word_1_621' title='bbox 294 3764 417 3815; x_wconf 89' lang='lat' dir='ltr'><strong>ham</strong></span> <span class='ocrx_word' id='word_1_622' title='bbox 447 3779 549 3815; x_wconf 71' lang='lat' dir='ltr'><strong>non</strong></span> <span class='ocrx_word' id='word_1_623' title='bbox 574 3764 695 3831; x_wconf 71' lang='lat' dir='ltr'><strong>fecit</strong></span> <span class='ocrx_word' id='word_1_624' title='bbox 726 3762 907 3834; x_wconf 84' lang='lat' dir='ltr'><strong>(Joan.</strong></span> <span class='ocrx_word' id='word_1_625' title='bbox 945 3768 1081 3835; x_wconf 75' lang='lat' dir='ltr'><strong>wn).</strong></span> <span class='ocrx_word' id='word_1_626' title='bbox 1118 3765 1224 3819; x_wconf 84' lang='lat' dir='ltr'><strong>Per</strong></span> <span class='ocrx_word' id='word_1_627' title='bbox 1245 3768 1385 3837; x_wconf 91' lang='lat' dir='ltr'><strong>quod</strong></span> <span class='ocrx_word' id='word_1_628' title='bbox 1414 3766 1603 3837; x_wconf 82' lang='lat' dir='ltr'><strong>utique</strong></span> <span class='ocrx_word' id='word_1_629' title='bbox 1647 3769 1882 3823; x_wconf 86' lang='lat' dir='ltr'><strong>ostendit</strong></span> <span class='ocrx_word' id='word_1_630' title='bbox 1980 3780 2233 3849; x_wconf 61' lang='lat' dir='ltr'><strong>sanguine</strong></span> <span class='ocrx_word' id='word_1_631' title='bbox 2258 3775 2735 3848; x_wconf 76' lang='lat' dir='ltr'><strong>ipsiusJustiiicali</strong></span> <span class='ocrx_word' id='word_1_632' title='bbox 2766 3776 2923 3846; x_wconf 83' lang='lat' dir='ltr'><strong>plane</strong></span> <span class='ocrx_word' id='word_1_633' title='bbox 2945 3777 2998 3829; x_wconf 89' lang='lat' dir='ltr'><strong>in</strong></span> <span class='ocrx_word' id='word_1_634' title='bbox 3024 3791 3087 3831; x_wconf 87' lang='lat' dir='ltr'><strong>eo</strong></span> <span class='ocrx_word' id='word_1_635' title='bbox 3114 3776 3256 3845; x_wconf 92' lang='lat' dir='ltr'><strong>quod</strong></span> <span class='ocrx_word' id='word_1_636' title='bbox 3276 3791 3306 3829; x_wconf 91' lang='lat' dir='ltr'><strong>a</strong></span> <span class='ocrx_word' id='word_1_637' title='bbox 3330 3777 3570 3846; x_wconf 85' lang='lat' dir='ltr'><strong>peccatis</strong></span> 
     </span>
    </p>
   </div>
   <div class='ocr_carea' id='block_1_53' title="bbox 294 3851 3566 3941">
    <p class='ocr_par' dir='ltr' id='par_1_53' title="bbox 294 3851 3566 3941">
     <span class='ocr_line' id='line_1_53' title="bbox 294 3851 3566 3941; baseline 0.002 -19"><span class='ocrx_word' id='word_1_638' title='bbox 294 3852 421 3922; x_wconf 65' lang='grc' dir='ltr'><strong>(ἰυίδ</strong></span> <span class='ocrx_word' id='word_1_639' title='bbox 450 3853 539 3920; x_wconf 61' lang='lat' dir='ltr'><strong>(Nl</strong></span> <span class='ocrx_word' id='word_1_640' title='bbox 577 3851 784 3906; x_wconf 63' lang='grc' dir='ltr'><strong>Ῑθείῑιηι</strong></span> <span class='ocrx_word' id='word_1_641' title='bbox 808 3869 969 3922; x_wconf 65' lang='lat' dir='ltr'><strong>Opera</strong></span> <span class='ocrx_word' id='word_1_642' title='bbox 998 3856 1293 3919; x_wconf 56' lang='lat' dir='ltr'><strong>Abraham,</strong></span> <span class='ocrx_word' id='word_1_643' title='bbox 1322 3856 1409 3911; x_wconf 65' lang='grc' dir='ltr'><strong>ίδῑί</strong></span> <span class='ocrx_word' id='word_1_644' title='bbox 1438 3866 1565 3911; x_wconf 66' lang='lat' dir='ltr'><strong>sum</strong></span> <span class='ocrx_word' id='word_1_645' title='bbox 1584 3857 1681 3911; x_wconf 68' lang='lat' dir='ltr'><strong>mli</strong></span> <span class='ocrx_word' id='word_1_646' title='bbox 1710 3859 1882 3913; x_wconf 65' lang='lat' dir='ltr'><strong>Abra&#39;</strong></span> <span class='ocrx_word' id='word_1_647' title='bbox 1980 3876 2232 3928; x_wconf 89' lang='lat' dir='ltr'><strong>omnibus</strong></span> <span class='ocrx_word' id='word_1_648' title='bbox 2280 3873 2521 3927; x_wconf 85' lang='lat' dir='ltr'><strong>liberati:</strong></span> <span class='ocrx_word' id='word_1_649' title='bbox 2552 3873 2760 3926; x_wconf 89' lang='lat' dir='ltr'><strong>liberati</strong></span> <span class='ocrx_word' id='word_1_650' title='bbox 2788 3882 2969 3926; x_wconf 90' lang='lat' dir='ltr'><strong>autem</strong></span> <span class='ocrx_word' id='word_1_651' title='bbox 2999 3887 3027 3924; x_wconf 90' lang='lat' dir='ltr'><strong>a</strong></span> <span class='ocrx_word' id='word_1_652' title='bbox 3055 3873 3294 3941; x_wconf 85' lang='lat' dir='ltr'><strong>peccatis</strong></span> <span class='ocrx_word' id='word_1_653' title='bbox 3315 3874 3566 3929; x_wconf 91' lang='lat' dir='ltr'><strong>omnibus</strong></span> 
     </span>
    </p>
   </div>
   <div class='ocr_carea' id='block_1_54' title="bbox 294 3944 3568 4035">
    <p class='ocr_par' dir='ltr' id='par_1_54' title="bbox 294 3944 3568 4035">
     <span class='ocr_line' id='line_1_54' title="bbox 294 3944 3568 4035; baseline 0.001 -22"><span class='ocrx_word' id='word_1_654' title='bbox 294 3944 409 4009; x_wconf 52' lang='lat' dir='ltr'><strong>bas</strong></span> <span class='ocrx_word' id='word_1_655' title='bbox 436 3954 493 3999; x_wconf 73' lang='grc' dir='ltr'><strong>εί</strong></span> <span class='ocrx_word' id='word_1_656' title='bbox 534 3954 752 4015; x_wconf 68' lang='grc' dir='ltr'><strong>Ρτοριει·</strong></span> <span class='ocrx_word' id='word_1_657' title='bbox 782 3947 903 4003; x_wconf 71' lang='grc' dir='ltr'><strong>ίυοε</strong></span> <span class='ocrx_word' id='word_1_658' title='bbox 936 3950 1137 4017; x_wconf 56' lang='lat' dir='ltr'><strong>scrip”</strong></span> <span class='ocrx_word' id='word_1_659' title='bbox 1186 3960 1331 4016; x_wconf 60' lang='lat' dir='ltr'><strong>sum,</strong></span> <span class='ocrx_word' id='word_1_660' title='bbox 1364 3965 1483 4019; x_wconf 61' lang='lat' dir='ltr'><strong>qua?</strong></span> <span class='ocrx_word' id='word_1_661' title='bbox 1512 3953 1579 4007; x_wconf 71' lang='lat' dir='ltr'><strong>de</strong></span> <span class='ocrx_word' id='word_1_662' title='bbox 1611 3952 1879 4008; x_wconf 68' lang='lat' dir='ltr'><strong>Abraham</strong></span> <span class='ocrx_word' id='word_1_663' title='bbox 1981 3966 2233 4035; x_wconf 89' lang='lat' dir='ltr'><strong>quoniam</strong></span> <span class='ocrx_word' id='word_1_664' title='bbox 2258 3979 2353 4033; x_wconf 90' lang='lat' dir='ltr'><strong>pro</strong></span> <span class='ocrx_word' id='word_1_665' title='bbox 2376 3963 2531 4017; x_wconf 84' lang='lat' dir='ltr'><strong>nobis</strong></span> <span class='ocrx_word' id='word_1_666' title='bbox 2550 3973 2633 4017; x_wconf 89' lang='lat' dir='ltr'><strong>est</strong></span> <span class='ocrx_word' id='word_1_667' title='bbox 2656 3962 2749 4015; x_wconf 90' lang='lat' dir='ltr'><strong>Dei</strong></span> <span class='ocrx_word' id='word_1_668' title='bbox 2775 3960 3072 4030; x_wconf 87' lang='lat' dir='ltr'><strong>Filius,qui</strong></span> <span class='ocrx_word' id='word_1_669' title='bbox 3103 3961 3307 4017; x_wconf 91' lang='lat' dir='ltr'><strong>nullum</strong></span> <span class='ocrx_word' id='word_1_670' title='bbox 3334 3962 3568 4017; x_wconf 87' lang='lat' dir='ltr'><strong>habebat</strong></span> 
     </span>
    </p>
   </div>
   <div class='ocr_carea' id='block_1_55' title="bbox 297 4036 1861 4125">
    <p class='ocr_par' dir='ltr' id='par_1_55' title="bbox 297 4036 667 4105">
     <span class='ocr_line' id='line_1_55' title="bbox 297 4036 667 4105; baseline 0 -14"><span class='ocrx_word' id='word_1_671' title='bbox 297 4036 498 4105; x_wconf 86' lang='lat' dir='ltr'><strong>scripta</strong></span> <span class='ocrx_word' id='word_1_672' title='bbox 524 4046 667 4091; x_wconf 89' lang='lat' dir='ltr'><strong>sunt.</strong></span> 
     </span>
    </p>
   </div>
   <div class='ocr_carea' id='block_1_56' title="bbox 2003 4036 3567 4125">
    <p class='ocr_par' dir='ltr' id='par_1_56' title="bbox 2003 4051 3567 4121">
     <span class='ocr_line' id='line_1_56' title="bbox 2003 4051 3567 4121; baseline -0.003 -11"><span class='ocrx_word' id='word_1_673' title='bbox 2003 4064 2285 4119; x_wconf 69' lang='lat' dir='ltr'><strong>ieccatum,</strong></span> <span class='ocrx_word' id='word_1_674' title='bbox 2326 4054 2575 4107; x_wconf 87' lang='lat' dir='ltr'><strong>accisus:</strong></span> <span class='ocrx_word' id='word_1_675' title='bbox 2609 4051 2744 4105; x_wconf 79' lang='lat' dir='ltr'><strong>salvi</strong></span> <span class='ocrx_word' id='word_1_676' title='bbox 2810 4052 2940 4120; x_wconf 74' lang='lat' dir='ltr'><strong>ergo</strong></span> <span class='ocrx_word' id='word_1_677' title='bbox 2980 4051 3183 4105; x_wconf 84' lang='lat' dir='ltr'><strong>erimus</strong></span> <span class='ocrx_word' id='word_1_678' title='bbox 3220 4052 3288 4105; x_wconf 90' lang='lat' dir='ltr'><strong>ab</strong></span> <span class='ocrx_word' id='word_1_679' title='bbox 3339 4051 3416 4105; x_wconf 89' lang='lat' dir='ltr'><strong>ira</strong></span> <span class='ocrx_word' id='word_1_680' title='bbox 3470 4066 3567 4121; x_wconf 89' lang='lat' dir='ltr'><strong>per</strong></span> 
     </span>
    </p>
   </div>
   <div class='ocr_carea' id='block_1_57' title="bbox 920 4128 3563 4215">
    <p class='ocr_par' dir='ltr' id='par_1_57' title="bbox 920 4128 3563 4215">
     <span class='ocr_line' id='line_1_57' title="bbox 920 4128 3563 4215; baseline -0 -19"><span class='ocrx_word' id='word_1_681' title='bbox 920 4128 1146 4186; x_wconf 70' lang='lat' dir='ltr'><strong>CAPUT</strong></span> <span class='ocrx_word' id='word_1_682' title='bbox 1188 4131 1252 4185; x_wconf 63' lang='grc' dir='ltr'><strong>ν·</strong></span> <span class='ocrx_word' id='word_1_683' title='bbox 1984 4148 2181 4215; x_wconf 91' lang='lat' dir='ltr'><strong>ipsum,</strong></span> <span class='ocrx_word' id='word_1_684' title='bbox 2211 4146 2277 4199; x_wconf 88' lang='lat' dir='ltr'><strong>ab</strong></span> <span class='ocrx_word' id='word_1_685' title='bbox 2305 4144 2385 4198; x_wconf 87' lang='lat' dir='ltr'><strong>ira</strong></span> <span class='ocrx_word' id='word_1_686' title='bbox 2413 4144 2598 4212; x_wconf 81' lang='lat' dir='ltr'><strong>utique</strong></span> <span class='ocrx_word' id='word_1_687' title='bbox 2630 4142 2745 4207; x_wconf 90' lang='lat' dir='ltr'><strong>Dei,</strong></span> <span class='ocrx_word' id='word_1_688' title='bbox 2779 4155 2897 4211; x_wconf 64' lang='lat' dir='ltr'><strong>quae</strong></span> <span class='ocrx_word' id='word_1_689' title='bbox 2928 4141 3060 4196; x_wconf 88' lang='lat' dir='ltr'><strong>nihil</strong></span> <span class='ocrx_word' id='word_1_690' title='bbox 3092 4151 3175 4196; x_wconf 90' lang='lat' dir='ltr'><strong>est</strong></span> <span class='ocrx_word' id='word_1_691' title='bbox 3204 4141 3347 4197; x_wconf 89' lang='lat' dir='ltr'><strong>aliud</strong></span> <span class='ocrx_word' id='word_1_692' title='bbox 3402 4156 3563 4211; x_wconf 92' lang='lat' dir='ltr'><strong>quam</strong></span> 
     </span>
    </p>
   </div>
   <div class='ocr_carea' id='block_1_58' title="bbox 297 4232 1861 4315">
    <p class='ocr_par' dir='ltr' id='par_1_58' title="bbox 297 4238 1857 4315">
     <span class='ocr_line' id='line_1_58' title="bbox 297 4238 1857 4315; baseline 0.004 -23"><span class='ocrx_word' id='word_1_693' title='bbox 297 4238 537 4315; x_wconf 68' lang='lat' dir='ltr'><strong>Ostendit</strong></span> <span class='ocrx_word' id='word_1_694' title='bbox 571 4241 812 4315; x_wconf 83' lang='lat' dir='ltr'><strong>virtutem</strong></span> <span class='ocrx_word' id='word_1_695' title='bbox 846 4243 973 4311; x_wconf 83' lang='lat' dir='ltr'><strong>ﬁdei</strong></span> <span class='ocrx_word' id='word_1_696' title='bbox 1015 4244 1068 4315; x_wconf 87' lang='lat' dir='ltr'><strong>in</strong></span> <span class='ocrx_word' id='word_1_697' title='bbox 1117 4244 1451 4298; x_wconf 83' lang='lat' dir='ltr'><strong>credentium</strong></span> <span class='ocrx_word' id='word_1_698' title='bbox 1474 4245 1857 4315; x_wconf 72' lang='lat' dir='ltr'><strong>justiﬁcationc</strong></span> 
     </span>
    </p>
   </div>
   <div class='ocr_carea' id='block_1_59' title="bbox 2002 4232 3566 4315">
    <p class='ocr_par' dir='ltr' id='par_1_59' title="bbox 2004 4232 3566 4302">
     <span class='ocr_line' id='line_1_59' title="bbox 2004 4232 3566 4302; baseline -0.002 -12"><span class='ocrx_word' id='word_1_699' title='bbox 2004 4246 2118 4290; x_wconf 87' lang='lat' dir='ltr'><strong>usta</strong></span> <span class='ocrx_word' id='word_1_700' title='bbox 2146 4236 2401 4289; x_wconf 87' lang='lat' dir='ltr'><strong>vindicta.</strong></span> <span class='ocrx_word' id='word_1_701' title='bbox 2430 4233 2545 4287; x_wconf 77' lang='lat' dir='ltr'><strong>Non</strong></span> <span class='ocrx_word' id='word_1_702' title='bbox 2570 4232 2713 4286; x_wconf 89' lang='lat' dir='ltr'><strong>enim</strong></span> <span class='ocrx_word' id='word_1_703' title='bbox 2745 4234 2885 4285; x_wconf 84' lang='lat' dir='ltr'><strong>sicut</strong></span> <span class='ocrx_word' id='word_1_704' title='bbox 2910 4232 3144 4286; x_wconf 87' lang='lat' dir='ltr'><strong>hominis</strong></span> <span class='ocrx_word' id='word_1_705' title='bbox 3170 4232 3334 4288; x_wconf 87' lang='lat' dir='ltr'><strong>animi</strong></span> <span class='ocrx_word' id='word_1_706' title='bbox 3360 4242 3566 4302; x_wconf 90' lang='lat' dir='ltr'><strong>pertur-</strong></span> 
     </span>
    </p>
   </div>
   <div class='ocr_carea' id='block_1_60' title="bbox 328 4312 3565 4389">
    <p class='ocr_par' dir='ltr' id='par_1_60' title="bbox 328 4312 3565 4389">
     <span class='ocr_line' id='line_1_60' title="bbox 328 4312 3565 4389; baseline 0.004 -26"><span class='ocrx_word' id='word_1_707' title='bbox 328 4312 579 4379; x_wconf 81' lang='lat' dir='ltr'><strong>quoniam</strong></span> <span class='ocrx_word' id='word_1_708' title='bbox 598 4314 827 4381; x_wconf 84' lang='lat' dir='ltr'><strong>regnavit</strong></span> <span class='ocrx_word' id='word_1_709' title='bbox 852 4330 987 4367; x_wconf 87' lang='lat' dir='ltr'><strong>mors</strong></span> <span class='ocrx_word' id='word_1_710' title='bbox 1010 4314 1071 4367; x_wconf 84' lang='lat' dir='ltr'><strong>ab</strong></span> <span class='ocrx_word' id='word_1_711' title='bbox 1098 4315 1266 4367; x_wconf 82' lang='lat' dir='ltr'><strong>Adam</strong></span> <span class='ocrx_word' id='word_1_712' title='bbox 1292 4332 1453 4385; x_wconf 86' lang='lat' dir='ltr'><strong>usque</strong></span> <span class='ocrx_word' id='word_1_713' title='bbox 1474 4312 1541 4368; x_wconf 82' lang='lat' dir='ltr'><strong>ad</strong></span> <span class='ocrx_word' id='word_1_714' title='bbox 1558 4312 1842 4369; x_wconf 68' lang='lat' dir='ltr'><strong>Christum.</strong></span> <span class='ocrx_word' id='word_1_715' title='bbox 1981 4327 2126 4381; x_wconf 85' lang='lat' dir='ltr'><strong>batio</strong></span> <span class='ocrx_word' id='word_1_716' title='bbox 2162 4334 2244 4380; x_wconf 89' lang='lat' dir='ltr'><strong>est</strong></span> <span class='ocrx_word' id='word_1_717' title='bbox 2282 4325 2362 4379; x_wconf 89' lang='lat' dir='ltr'><strong>ira</strong></span> <span class='ocrx_word' id='word_1_718' title='bbox 2400 4324 2515 4389; x_wconf 90' lang='lat' dir='ltr'><strong>Dei,</strong></span> <span class='ocrx_word' id='word_1_719' title='bbox 2555 4322 2647 4379; x_wconf 85' lang='lat' dir='ltr'><strong>sed</strong></span> <span class='ocrx_word' id='word_1_720' title='bbox 2701 4322 2840 4377; x_wconf 87' lang='lat' dir='ltr'><strong>illius</strong></span> <span class='ocrx_word' id='word_1_721' title='bbox 2880 4322 2956 4376; x_wconf 85' lang='lat' dir='ltr'><strong>ira</strong></span> <span class='ocrx_word' id='word_1_722' title='bbox 3013 4332 3128 4387; x_wconf 84' lang='lat' dir='ltr'><strong>est,</strong></span> <span class='ocrx_word' id='word_1_723' title='bbox 3156 4322 3242 4377; x_wconf 86' lang='lat' dir='ltr'><strong>cui</strong></span> <span class='ocrx_word' id='word_1_724' title='bbox 3292 4323 3422 4377; x_wconf 87' lang='lat' dir='ltr'><strong>dicit</strong></span> <span class='ocrx_word' id='word_1_725' title='bbox 3461 4314 3565 4378; x_wconf 89' lang='lat' dir='ltr'><strong>alio</strong></span> 
     </span>
    </p>
   </div>
   <div class='ocr_carea' id='block_1_61' title="bbox 365 4413 3563 4495">
    <p class='ocr_par' dir='ltr' id='par_1_61' title="bbox 365 4413 3563 4495">
     <span class='ocr_line' id='line_1_61' title="bbox 365 4413 3563 4495; baseline 0 -27"><span class='ocrx_word' id='word_1_726' title='bbox 365 4423 834 4493; x_wconf 61' lang='lat' dir='ltr'><strong>Jusiiﬁcaiiigiiur</strong></span> <span class='ocrx_word' id='word_1_727' title='bbox 856 4443 919 4479; x_wconf 66' lang='grc' dir='ltr'><strong>ετ</strong></span> <span class='ocrx_word' id='word_1_728' title='bbox 944 4426 1069 4494; x_wconf 66' lang='grc' dir='ltr'><strong>βαρ,</strong></span> <span class='ocrx_word' id='word_1_729' title='bbox 1095 4444 1273 4495; x_wconf 63' lang='lat' dir='ltr'><strong>pacem</strong></span> <span class='ocrx_word' id='word_1_730' title='bbox 1303 4428 1584 4482; x_wconf 62' lang='lat' dir='ltr'><strong>habeamus</strong></span> <span class='ocrx_word' id='word_1_731' title='bbox 1615 4430 1683 4482; x_wconf 74' lang='grc' dir='ltr'><strong>αά</strong></span> <span class='ocrx_word' id='word_1_732' title='bbox 1713 4428 1880 4483; x_wconf 70' lang='lat' dir='ltr'><strong>Deum</strong></span> <span class='ocrx_word' id='word_1_733' title='bbox 1983 4417 2099 4471; x_wconf 90' lang='lat' dir='ltr'><strong>loco</strong></span> <span class='ocrx_word' id='word_1_734' title='bbox 2134 4424 2317 4471; x_wconf 88' lang='lat' dir='ltr'><strong>sancta</strong></span> <span class='ocrx_word' id='word_1_735' title='bbox 2355 4414 2634 4485; x_wconf 88' lang='lat' dir='ltr'><strong>Scriptura</strong></span> <span class='ocrx_word' id='word_1_736' title='bbox 2668 4433 2680 4467; x_wconf 94' lang='lat'>:</span> <span class='ocrx_word' id='word_1_737' title='bbox 2712 4413 2790 4468; x_wconf 87' lang='lat' dir='ltr'><strong>Tu</strong></span> <span class='ocrx_word' id='word_1_738' title='bbox 2814 4426 2987 4468; x_wconf 87' lang='lat' dir='ltr'><strong>autem</strong></span> <span class='ocrx_word' id='word_1_739' title='bbox 3019 4415 3274 4469; x_wconf 77' lang='lat' dir='ltr'><strong>Dominus</strong></span> <span class='ocrx_word' id='word_1_740' title='bbox 3319 4416 3563 4469; x_wconf 80' lang='lat' dir='ltr'><strong>virtutum</strong></span> 
     </span>
    </p>
   </div>
   <div class='ocr_carea' id='block_1_62' title="bbox 294 4504 1858 4604">
    <p class='ocr_par' dir='ltr' id='par_1_62' title="bbox 294 4516 1858 4591">
     <span class='ocr_line' id='line_1_62' title="bbox 294 4516 1858 4591; baseline 0.003 -22"><span class='ocrx_word' id='word_1_741' title='bbox 294 4532 390 4586; x_wconf 86' lang='lat' dir='ltr'><strong>per</strong></span> <span class='ocrx_word' id='word_1_742' title='bbox 431 4516 711 4569; x_wconf 87' lang='lat' dir='ltr'><strong>Dominum</strong></span> <span class='ocrx_word' id='word_1_743' title='bbox 741 4528 975 4570; x_wconf 87' lang='lat' dir='ltr'><strong>nostrum</strong></span> <span class='ocrx_word' id='word_1_744' title='bbox 1011 4518 1191 4572; x_wconf 86' lang='lat' dir='ltr'><strong>Jesum</strong></span> <span class='ocrx_word' id='word_1_745' title='bbox 1223 4519 1508 4573; x_wconf 67' lang='lat' dir='ltr'><strong>Christum.</strong></span> <span class='ocrx_word' id='word_1_746' title='bbox 1543 4520 1749 4591; x_wconf 91' lang='lat' dir='ltr'><strong>(Amb.)</strong></span> <span class='ocrx_word' id='word_1_747' title='bbox 1777 4520 1858 4573; x_wconf 23' lang='lat' dir='ltr'><strong>Pal</strong></span> 
     </span>
    </p>
   </div>
   <div class='ocr_carea' id='block_1_63' title="bbox 1996 4504 3560 4604">
    <p class='ocr_par' dir='ltr' id='par_1_63' title="bbox 1996 4504 3560 4577">
     <span class='ocr_line' id='line_1_63' title="bbox 1996 4504 3560 4577; baseline 0.001 -17"><span class='ocrx_word' id='word_1_748' title='bbox 1996 4526 2103 4561; x_wconf 73' lang='lat' dir='ltr'><strong>cum</strong></span> <span class='ocrx_word' id='word_1_749' title='bbox 2156 4507 2535 4577; x_wconf 85' lang='lat' dir='ltr'><strong>tranquillitate</strong></span> <span class='ocrx_word' id='word_1_750' title='bbox 2571 4506 2785 4576; x_wconf 82' lang='lat' dir='ltr'><strong>judicas</strong></span> <span class='ocrx_word' id='word_1_751' title='bbox 2818 4505 2967 4576; x_wconf 85' lang='lat' dir='ltr'><strong>(Sap.</strong></span> <span class='ocrx_word' id='word_1_752' title='bbox 3002 4505 3119 4576; x_wconf 78' lang='lat' dir='ltr'><strong>xu).</strong></span> <span class='ocrx_word' id='word_1_753' title='bbox 3153 4504 3209 4559; x_wconf 90' lang='lat' dir='ltr'><strong>Si</strong></span> <span class='ocrx_word' id='word_1_754' title='bbox 3245 4520 3373 4575; x_wconf 78' lang='lat' dir='ltr'><strong>ergo</strong></span> <span class='ocrx_word' id='word_1_755' title='bbox 3416 4506 3560 4573; x_wconf 86' lang='lat' dir='ltr'><strong>justa</strong></span> 
     </span>
    </p>
   </div>
   <div class='ocr_carea' id='block_1_64' title="bbox 296 4599 1860 4668">
    <p class='ocr_par' dir='ltr' id='par_1_64' title="bbox 296 4608 1860 4666">
     <span class='ocr_line' id='line_1_64' title="bbox 296 4608 1860 4666; baseline 0.002 -4"><span class='ocrx_word' id='word_1_756' title='bbox 296 4624 414 4662; x_wconf 90' lang='lat' dir='ltr'><strong>cem</strong></span> <span class='ocrx_word' id='word_1_757' title='bbox 442 4623 564 4663; x_wconf 91' lang='lat' dir='ltr'><strong>cum</strong></span> <span class='ocrx_word' id='word_1_758' title='bbox 589 4608 697 4663; x_wconf 90' lang='lat' dir='ltr'><strong>Deo</strong></span> <span class='ocrx_word' id='word_1_759' title='bbox 727 4610 925 4663; x_wconf 82' lang='lat' dir='ltr'><strong>habere</strong></span> <span class='ocrx_word' id='word_1_760' title='bbox 955 4608 1086 4664; x_wconf 82' lang='lat' dir='ltr'><strong>fides</strong></span> <span class='ocrx_word' id='word_1_761' title='bbox 1117 4610 1244 4664; x_wconf 86' lang='lat' dir='ltr'><strong>facit</strong></span> <span class='ocrx_word' id='word_1_762' title='bbox 1272 4627 1377 4665; x_wconf 92' lang='lat' dir='ltr'><strong>non</strong></span> <span class='ocrx_word' id='word_1_763' title='bbox 1412 4612 1496 4664; x_wconf 81' lang='lat' dir='ltr'><strong>lex</strong></span> <span class='ocrx_word' id='word_1_764' title='bbox 1533 4629 1545 4663; x_wconf 95' lang='lat'><strong>:</strong></span> <span class='ocrx_word' id='word_1_765' title='bbox 1582 4612 1695 4665; x_wconf 57' lang='lat' dir='ltr'><strong>haec</strong></span> <span class='ocrx_word' id='word_1_766' title='bbox 1738 4612 1860 4666; x_wconf 86' lang='lat' dir='ltr'><strong>enin</strong></span> 
     </span>
    </p>
   </div>
   <div class='ocr_carea' id='block_1_65' title="bbox 1997 4599 3561 4668">
    <p class='ocr_par' dir='ltr' id='par_1_65' title="bbox 1997 4599 3561 4668">
     <span class='ocr_line' id='line_1_65' title="bbox 1997 4599 3561 4668; baseline 0.001 -15"><span class='ocrx_word' id='word_1_767' title='bbox 1997 4600 2164 4653; x_wconf 78' lang='lat' dir='ltr'><strong>divina</strong></span> <span class='ocrx_word' id='word_1_768' title='bbox 2197 4600 2428 4654; x_wconf 88' lang='lat' dir='ltr'><strong>vindicta</strong></span> <span class='ocrx_word' id='word_1_769' title='bbox 2462 4600 2567 4653; x_wconf 83' lang='lat' dir='ltr'><strong>tale</strong></span> <span class='ocrx_word' id='word_1_770' title='bbox 2598 4614 2792 4654; x_wconf 89' lang='lat' dir='ltr'><strong>nomen</strong></span> <span class='ocrx_word' id='word_1_771' title='bbox 2839 4599 3067 4668; x_wconf 78' lang='lat' dir='ltr'><strong>accepit,</strong></span> <span class='ocrx_word' id='word_1_772' title='bbox 3094 4608 3147 4652; x_wconf 91' lang='lat' dir='ltr'><strong>et</strong></span> <span class='ocrx_word' id='word_1_773' title='bbox 3169 4600 3283 4668; x_wconf 87' lang='lat' dir='ltr'><strong>jam</strong></span> <span class='ocrx_word' id='word_1_774' title='bbox 3316 4602 3561 4654; x_wconf 88' lang='lat' dir='ltr'><strong>reconci-</strong></span> 
     </span>
    </p>
   </div>
   <div class='ocr_carea' id='block_1_66' title="bbox 297 4690 3562 4772">
    <p class='ocr_par' dir='ltr' id='par_1_66' title="bbox 297 4690 3562 4772">
     <span class='ocr_line' id='line_1_66' title="bbox 297 4690 3562 4772; baseline -0.002 -19"><span class='ocrx_word' id='word_1_775' title='bbox 297 4714 397 4754; x_wconf 92' lang='lat' dir='ltr'><strong>nos</strong></span> <span class='ocrx_word' id='word_1_776' title='bbox 428 4699 537 4759; x_wconf 87' lang='lat' dir='ltr'><strong>Deo</strong></span> <span class='ocrx_word' id='word_1_777' title='bbox 558 4701 869 4763; x_wconf 83' lang='lat' dir='ltr'><strong>reconciliat</strong></span> <span class='ocrx_word' id='word_1_778' title='bbox 895 4697 1120 4757; x_wconf 87' lang='lat' dir='ltr'><strong>sublatis</strong></span> <span class='ocrx_word' id='word_1_779' title='bbox 1167 4704 1419 4772; x_wconf 89' lang='lat' dir='ltr'><strong>peccatis,</strong></span> <span class='ocrx_word' id='word_1_780' title='bbox 1452 4718 1571 4771; x_wconf 69' lang='lat' dir='ltr'><strong>qum</strong></span> <span class='ocrx_word' id='word_1_781' title='bbox 1624 4719 1721 4756; x_wconf 86' lang='lat' dir='ltr'><strong>nos</strong></span> <span class='ocrx_word' id='word_1_782' title='bbox 1772 4703 1880 4757; x_wconf 78' lang='lat' dir='ltr'><strong>Deo</strong></span> <span class='ocrx_word' id='word_1_783' title='bbox 1989 4692 2137 4746; x_wconf 88' lang='lat' dir='ltr'><strong>liatio</strong></span> <span class='ocrx_word' id='word_1_784' title='bbox 2160 4692 2249 4745; x_wconf 91' lang='lat' dir='ltr'><strong>Dei</strong></span> <span class='ocrx_word' id='word_1_785' title='bbox 2268 4692 2533 4759; x_wconf 90' lang='lat' dir='ltr'><strong>quomodo</strong></span> <span class='ocrx_word' id='word_1_786' title='bbox 2556 4690 3176 4761; x_wconf 81' lang='lat' dir='ltr'><strong>recteintelligitur,nisi</strong></span> <span class='ocrx_word' id='word_1_787' title='bbox 3199 4707 3320 4746; x_wconf 89' lang='lat' dir='ltr'><strong>cum</strong></span> <span class='ocrx_word' id='word_1_788' title='bbox 3341 4691 3461 4747; x_wconf 87' lang='lat' dir='ltr'><strong>talis</strong></span> <span class='ocrx_word' id='word_1_789' title='bbox 3484 4693 3562 4747; x_wconf 91' lang='lat' dir='ltr'><strong>ira</strong></span> 
     </span>
    </p>
   </div>
   <div class='ocr_carea' id='block_1_67' title="bbox 299 4782 3561 4861">
    <p class='ocr_par' dir='ltr' id='par_1_67' title="bbox 299 4782 3561 4861">
     <span class='ocr_line' id='line_1_67' title="bbox 299 4782 3561 4861; baseline -0.001 -20"><span class='ocrx_word' id='word_1_790' title='bbox 299 4787 540 4843; x_wconf 86' lang='lat' dir='ltr'><strong>fecerant</strong></span> <span class='ocrx_word' id='word_1_791' title='bbox 570 4789 817 4845; x_wconf 91' lang='lat' dir='ltr'><strong>lnimicos</strong></span> <span class='ocrx_word' id='word_1_792' title='bbox 848 4799 937 4845; x_wconf 84' lang='lat' dir='ltr'><strong>:et</strong></span> <span class='ocrx_word' id='word_1_793' title='bbox 961 4794 1084 4860; x_wconf 84' lang='lat' dir='ltr'><strong>quia</strong></span> <span class='ocrx_word' id='word_1_794' title='bbox 1118 4793 1375 4847; x_wconf 79' lang='lat' dir='ltr'><strong>Dominus</strong></span> <span class='ocrx_word' id='word_1_795' title='bbox 1399 4790 1556 4846; x_wconf 72' lang='lat' dir='ltr'><strong>Jcsus</strong></span> <span class='ocrx_word' id='word_1_796' title='bbox 1578 4791 1737 4859; x_wconf 82' lang='lat' dir='ltr'><strong>hujus</strong></span> <span class='ocrx_word' id='word_1_797' title='bbox 1764 4809 1883 4861; x_wconf 74' lang='lat' dir='ltr'><strong>gra-</strong></span> <span class='ocrx_word' id='word_1_798' title='bbox 1989 4786 2204 4839; x_wconf 80' lang='lat' dir='ltr'><strong>ﬁnitur?</strong></span> <span class='ocrx_word' id='word_1_799' title='bbox 2234 4782 2341 4837; x_wconf 85' lang='lat' dir='ltr'><strong>Nec</strong></span> <span class='ocrx_word' id='word_1_800' title='bbox 2363 4784 2563 4837; x_wconf 91' lang='lat' dir='ltr'><strong>inimici</strong></span> <span class='ocrx_word' id='word_1_801' title='bbox 2595 4798 2809 4838; x_wconf 83' lang='lat' dir='ltr'><strong>eramus</strong></span> <span class='ocrx_word' id='word_1_802' title='bbox 2837 4784 2947 4838; x_wconf 90' lang='lat' dir='ltr'><strong>Deo</strong></span> <span class='ocrx_word' id='word_1_803' title='bbox 2976 4784 3079 4839; x_wconf 84' lang='lat' dir='ltr'><strong>nisi</strong></span> <span class='ocrx_word' id='word_1_804' title='bbox 3112 4784 3561 4853; x_wconf 88' lang='lat' dir='ltr'><strong>quemadmodum</strong></span> 
     </span>
    </p>
   </div>
   <div class='ocr_carea' id='block_1_68' title="bbox 298 4874 3566 4949">
    <p class='ocr_par' dir='ltr' id='par_1_68' title="bbox 298 4874 3566 4949">
     <span class='ocr_line' id='line_1_68' title="bbox 298 4874 3566 4949; baseline -0 -18"><span class='ocrx_word' id='word_1_805' title='bbox 298 4878 389 4931; x_wconf 71' lang='lat' dir='ltr'><strong>tia:</strong></span> <span class='ocrx_word' id='word_1_806' title='bbox 415 4878 661 4933; x_wconf 87' lang='lat' dir='ltr'><strong>minister</strong></span> <span class='ocrx_word' id='word_1_807' title='bbox 690 4887 791 4939; x_wconf 85' lang='lat' dir='ltr'><strong>est,</strong></span> <span class='ocrx_word' id='word_1_808' title='bbox 824 4895 917 4949; x_wconf 85' lang='lat' dir='ltr'><strong>per</strong></span> <span class='ocrx_word' id='word_1_809' title='bbox 967 4881 1138 4948; x_wconf 89' lang='lat' dir='ltr'><strong>ipsum</strong></span> <span class='ocrx_word' id='word_1_810' title='bbox 1173 4880 1437 4948; x_wconf 84' lang='lat' dir='ltr'><strong>paciﬁcati</strong></span> <span class='ocrx_word' id='word_1_811' title='bbox 1490 4896 1673 4934; x_wconf 91' lang='lat' dir='ltr'><strong>sumus</strong></span> <span class='ocrx_word' id='word_1_812' title='bbox 1721 4880 1831 4934; x_wconf 76' lang='lat' dir='ltr'><strong>Deo</strong></span> <span class='ocrx_word' id='word_1_813' title='bbox 1866 4898 1877 4933; x_wconf 87' lang='lat'><strong>:</strong></span> <span class='ocrx_word' id='word_1_814' title='bbox 1982 4875 2205 4946; x_wconf 69' lang='lat' dir='ltr'><strong>justitizc</strong></span> <span class='ocrx_word' id='word_1_815' title='bbox 2231 4885 2355 4928; x_wconf 91' lang='lat' dir='ltr'><strong>sunt</strong></span> <span class='ocrx_word' id='word_1_816' title='bbox 2380 4875 2593 4928; x_wconf 90' lang='lat' dir='ltr'><strong>inimica</strong></span> <span class='ocrx_word' id='word_1_817' title='bbox 2622 4882 2872 4944; x_wconf 85' lang='lat' dir='ltr'><strong>peccata,</strong></span> <span class='ocrx_word' id='word_1_818' title='bbox 2905 4874 3100 4943; x_wconf 87' lang='lat' dir='ltr'><strong>quibus</strong></span> <span class='ocrx_word' id='word_1_819' title='bbox 3144 4876 3385 4930; x_wconf 88' lang='lat' dir='ltr'><strong>remissis</strong></span> <span class='ocrx_word' id='word_1_820' title='bbox 3416 4877 3566 4931; x_wconf 78' lang='lat' dir='ltr'><strong>1ales</strong></span> 
     </span>
    </p>
   </div>
   <div class='ocr_carea' id='block_1_69' title="bbox 298 4958 3566 5040">
    <p class='ocr_par' dir='ltr' id='par_1_69' title="bbox 298 4958 3566 5040">
     <span class='ocr_line' id='line_1_69' title="bbox 298 4958 3566 5040; baseline -0.001 -16"><span class='ocrx_word' id='word_1_821' title='bbox 298 4968 661 5040; x_wconf 71' lang='lat' dir='ltr'><strong>majorenim</strong></span> <span class='ocrx_word' id='word_1_822' title='bbox 714 4970 863 5035; x_wconf 76' lang='lat' dir='ltr'><strong>fides,</strong></span> <span class='ocrx_word' id='word_1_823' title='bbox 898 4987 1056 5040; x_wconf 88' lang='lat' dir='ltr'><strong>quam</strong></span> <span class='ocrx_word' id='word_1_824' title='bbox 1103 4971 1186 5025; x_wconf 82' lang='lat' dir='ltr'><strong>lex</strong></span> <span class='ocrx_word' id='word_1_825' title='bbox 1225 4980 1337 5036; x_wconf 88' lang='lat' dir='ltr'><strong>est;</strong></span> <span class='ocrx_word' id='word_1_826' title='bbox 1392 4972 1475 5025; x_wconf 77' lang='lat' dir='ltr'><strong>lex</strong></span> <span class='ocrx_word' id='word_1_827' title='bbox 1512 4975 1651 5027; x_wconf 84' lang='lat' dir='ltr'><strong>enim</strong></span> <span class='ocrx_word' id='word_1_828' title='bbox 1698 4980 1878 5025; x_wconf 84' lang='lat' dir='ltr'><strong>nostra</strong></span> <span class='ocrx_word' id='word_1_829' title='bbox 1988 4968 2280 5023; x_wconf 61' lang='lat' dir='ltr'><strong>inimicitiae</strong></span> <span class='ocrx_word' id='word_1_830' title='bbox 2327 4968 2618 5031; x_wconf 89' lang='lat' dir='ltr'><strong>liniuntur,</strong></span> <span class='ocrx_word' id='word_1_831' title='bbox 2650 4975 2703 5020; x_wconf 89' lang='lat' dir='ltr'><strong>et</strong></span> <span class='ocrx_word' id='word_1_832' title='bbox 2761 4966 3177 5021; x_wconf 89' lang='lat' dir='ltr'><strong>reconciliantur</strong></span> <span class='ocrx_word' id='word_1_833' title='bbox 3218 4958 3396 5037; x_wconf 73' lang='lat' dir='ltr'><strong>justo,</strong></span> <span class='ocrx_word' id='word_1_834' title='bbox 3429 4984 3566 5037; x_wconf 84' lang='lat' dir='ltr'><strong>quos</strong></span> 
     </span>
    </p>
   </div>
   <div class='ocr_carea' id='block_1_70' title="bbox 302 5044 3563 5139">
    <p class='ocr_par' dir='ltr' id='par_1_70' title="bbox 302 5044 3563 5139">
     <span class='ocr_line' id='line_1_70' title="bbox 302 5044 3563 5139; baseline 0 -26"><span class='ocrx_word' id='word_1_835' title='bbox 302 5044 693 5113; x_wconf 44' lang='lat' dir='ltr'><strong>causa&#39;salutis</strong></span> <span class='ocrx_word' id='word_1_836' title='bbox 720 5068 825 5123; x_wconf 88' lang='lat' dir='ltr'><strong>est,</strong></span> <span class='ocrx_word' id='word_1_837' title='bbox 869 5061 1000 5115; x_wconf 80' lang='lat' dir='ltr'><strong>fides</strong></span> <span class='ocrx_word' id='word_1_838' title='bbox 1054 5062 1167 5123; x_wconf 87' lang='lat' dir='ltr'><strong>Dei,</strong></span> <span class='ocrx_word' id='word_1_839' title='bbox 1199 5070 1252 5114; x_wconf 90' lang='lat' dir='ltr'><strong>et</strong></span> <span class='ocrx_word' id='word_1_840' title='bbox 1302 5062 1385 5115; x_wconf 79' lang='lat' dir='ltr'><strong>lex</strong></span> <span class='ocrx_word' id='word_1_841' title='bbox 1436 5062 1501 5114; x_wconf 89' lang='lat' dir='ltr'><strong>ad</strong></span> <span class='ocrx_word' id='word_1_842' title='bbox 1564 5071 1880 5129; x_wconf 64' lang='lat' dir='ltr'><strong>praesentem</strong></span> <span class='ocrx_word' id='word_1_843' title='bbox 1992 5058 2573 5129; x_wconf 79' lang='lat' dir='ltr'><strong>ipsejustilicatzquos</strong></span> <span class='ocrx_word' id='word_1_844' title='bbox 2598 5067 2776 5111; x_wconf 88' lang='lat' dir='ltr'><strong>tamen</strong></span> <span class='ocrx_word' id='word_1_845' title='bbox 2806 5058 2967 5113; x_wconf 88' lang='lat' dir='ltr'><strong>etiam</strong></span> <span class='ocrx_word' id='word_1_846' title='bbox 2993 5059 3239 5112; x_wconf 78' lang='lat' dir='ltr'><strong>inimiCos</strong></span> <span class='ocrx_word' id='word_1_847' title='bbox 3271 5060 3456 5139; x_wconf 72' lang='lat' dir='ltr'><strong>utique</strong></span> <span class='ocrx_word' id='word_1_848' title='bbox 3483 5062 3563 5113; x_wconf 89' lang='lat' dir='ltr'><strong>di-</strong></span> 
     </span>
    </p>
   </div>
   <div class='ocr_carea' id='block_1_71' title="bbox 303 5149 3563 5221">
    <p class='ocr_par' dir='ltr' id='par_1_71' title="bbox 303 5149 3563 5221">
     <span class='ocr_line' id='line_1_71' title="bbox 303 5149 3563 5221; baseline -0 -18"><span class='ocrx_word' id='word_1_849' title='bbox 303 5150 641 5218; x_wconf 88' lang='lat' dir='ltr'><strong>disciplinam</strong></span> <span class='ocrx_word' id='word_1_850' title='bbox 670 5151 921 5219; x_wconf 86' lang='lat' dir='ltr'><strong>pertinet,</strong></span> <span class='ocrx_word' id='word_1_851' title='bbox 960 5150 1091 5205; x_wconf 83' lang='lat' dir='ltr'><strong>fides</strong></span> <span class='ocrx_word' id='word_1_852' title='bbox 1112 5166 1259 5214; x_wconf 90' lang='lat' dir='ltr'><strong>vero,</strong></span> <span class='ocrx_word' id='word_1_853' title='bbox 1304 5152 1370 5203; x_wconf 88' lang='lat' dir='ltr'><strong>ad</strong></span> <span class='ocrx_word' id='word_1_854' title='bbox 1404 5150 1627 5204; x_wconf 75' lang='lat' dir='ltr'><strong>salutem</strong></span> <span class='ocrx_word' id='word_1_855' title='bbox 1653 5151 1883 5219; x_wconf 77' lang='lat' dir='ltr'><strong>pertinet</strong></span> <span class='ocrx_word' id='word_1_856' title='bbox 1992 5154 2138 5213; x_wconf 72' lang='lat' dir='ltr'><strong>lesit,</strong></span> <span class='ocrx_word' id='word_1_857' title='bbox 2163 5154 2375 5221; x_wconf 88' lang='lat' dir='ltr'><strong>quando</strong></span> <span class='ocrx_word' id='word_1_858' title='bbox 2404 5152 2617 5219; x_wconf 90' lang='lat' dir='ltr'><strong>quidem</strong></span> <span class='ocrx_word' id='word_1_859' title='bbox 2643 5149 2776 5203; x_wconf 81' lang='lat' dir='ltr'><strong>Filio</strong></span> <span class='ocrx_word' id='word_1_860' title='bbox 2799 5150 3017 5218; x_wconf 90' lang='lat' dir='ltr'><strong>proprio</strong></span> <span class='ocrx_word' id='word_1_861' title='bbox 3042 5165 3147 5203; x_wconf 93' lang='lat' dir='ltr'><strong>non</strong></span> <span class='ocrx_word' id='word_1_862' title='bbox 3177 5159 3437 5218; x_wconf 73' lang='lat' dir='ltr'><strong>pepercnt,</strong></span> <span class='ocrx_word' id='word_1_863' title='bbox 3471 5152 3563 5204; x_wconf 83' lang='lat' dir='ltr'><strong>sed</strong></span> 
     </span>
    </p>
   </div>
   <div class='ocr_carea' id='block_1_72' title="bbox 302 5228 3564 5312">
    <p class='ocr_par' dir='ltr' id='par_1_72' title="bbox 302 5228 3564 5312">
     <span class='ocr_line' id='line_1_72' title="bbox 302 5228 3564 5312; baseline -0.001 -19"><span class='ocrx_word' id='word_1_864' title='bbox 302 5250 639 5309; x_wconf 71' lang='lat' dir='ltr'><strong>perpetualia.</strong></span> <span class='ocrx_word' id='word_1_865' title='bbox 660 5239 767 5294; x_wconf 83' lang='lat' dir='ltr'><strong>Sed</strong></span> <span class='ocrx_word' id='word_1_866' title='bbox 782 5242 872 5309; x_wconf 88' lang='lat' dir='ltr'><strong>qui</strong></span> <span class='ocrx_word' id='word_1_867' title='bbox 896 5242 961 5295; x_wconf 89' lang='lat' dir='ltr'><strong>de</strong></span> <span class='ocrx_word' id='word_1_868' title='bbox 982 5242 1196 5296; x_wconf 89' lang='lat' dir='ltr'><strong>Christo</strong></span> <span class='ocrx_word' id='word_1_869' title='bbox 1220 5256 1323 5294; x_wconf 91' lang='lat' dir='ltr'><strong>non</strong></span> <span class='ocrx_word' id='word_1_870' title='bbox 1349 5242 1419 5293; x_wconf 83' lang='lat' dir='ltr'><strong>ita</strong></span> <span class='ocrx_word' id='word_1_871' title='bbox 1445 5240 1609 5293; x_wconf 89' lang='lat' dir='ltr'><strong>sentit</strong></span> <span class='ocrx_word' id='word_1_872' title='bbox 1631 5239 1881 5303; x_wconf 84' lang='lat' dir='ltr'><strong>utdebet,</strong></span> <span class='ocrx_word' id='word_1_873' title='bbox 1990 5260 2088 5312; x_wconf 89' lang='lat' dir='ltr'><strong>pro</strong></span> <span class='ocrx_word' id='word_1_874' title='bbox 2120 5242 2271 5296; x_wconf 88' lang='lat' dir='ltr'><strong>nobis</strong></span> <span class='ocrx_word' id='word_1_875' title='bbox 2314 5241 2563 5294; x_wconf 87' lang='lat' dir='ltr'><strong>omnibus</strong></span> <span class='ocrx_word' id='word_1_876' title='bbox 2592 5255 2712 5293; x_wconf 91' lang='lat' dir='ltr'><strong>cum</strong></span> <span class='ocrx_word' id='word_1_877' title='bbox 2744 5239 2917 5293; x_wconf 87' lang='lat' dir='ltr'><strong>adhuc</strong></span> <span class='ocrx_word' id='word_1_878' title='bbox 2949 5238 3147 5291; x_wconf 90' lang='lat' dir='ltr'><strong>inimici</strong></span> <span class='ocrx_word' id='word_1_879' title='bbox 3178 5252 3419 5292; x_wconf 89' lang='lat' dir='ltr'><strong>essemus</strong></span> <span class='ocrx_word' id='word_1_880' title='bbox 3453 5228 3564 5291; x_wconf 57' lang='lat' dir='ltr'><strong>traé</strong></span> 
     </span>
    </p>
   </div>
   <div class='ocr_carea' id='block_1_73' title="bbox 306 5328 3556 5402">
    <p class='ocr_par' dir='ltr' id='par_1_73' title="bbox 306 5328 3556 5402">
     <span class='ocr_line' id='line_1_73' title="bbox 306 5328 3556 5402; baseline -0.002 -17"><span class='ocrx_word' id='word_1_881' title='bbox 306 5332 377 5385; x_wconf 84' lang='lat' dir='ltr'><strong>ad</strong></span> <span class='ocrx_word' id='word_1_882' title='bbox 401 5332 523 5385; x_wconf 83' lang='lat' dir='ltr'><strong>fidei</strong></span> <span class='ocrx_word' id='word_1_883' title='bbox 546 5332 776 5401; x_wconf 73' lang='lat' dir='ltr'><strong>praemia</strong></span> <span class='ocrx_word' id='word_1_884' title='bbox 794 5348 897 5385; x_wconf 89' lang='lat' dir='ltr'><strong>non</strong></span> <span class='ocrx_word' id='word_1_885' title='bbox 929 5334 1129 5400; x_wconf 88' lang='lat' dir='ltr'><strong>poterit</strong></span> <span class='ocrx_word' id='word_1_886' title='bbox 1155 5332 1454 5402; x_wconf 88' lang='lat' dir='ltr'><strong>pervenire,</strong></span> <span class='ocrx_word' id='word_1_887' title='bbox 1473 5332 1595 5399; x_wconf 83' lang='lat' dir='ltr'><strong>quia</strong></span> <span class='ocrx_word' id='word_1_888' title='bbox 1622 5330 1745 5385; x_wconf 84' lang='lat' dir='ltr'><strong>ﬁdei</strong></span> <span class='ocrx_word' id='word_1_889' title='bbox 1774 5346 1879 5383; x_wconf 90' lang='lat' dir='ltr'><strong>non</strong></span> <span class='ocrx_word' id='word_1_890' title='bbox 1990 5332 2125 5385; x_wconf 90' lang='lat' dir='ltr'><strong>didit</strong></span> <span class='ocrx_word' id='word_1_891' title='bbox 2151 5347 2291 5386; x_wconf 89' lang='lat' dir='ltr'><strong>eum.</strong></span> <span class='ocrx_word' id='word_1_892' title='bbox 2326 5330 2491 5384; x_wconf 80' lang='lat' dir='ltr'><strong>Recte</strong></span> <span class='ocrx_word' id='word_1_893' title='bbox 2534 5345 2662 5400; x_wconf 82' lang='lat' dir='ltr'><strong>ergo</strong></span> <span class='ocrx_word' id='word_1_894' title='bbox 2708 5328 2991 5397; x_wconf 86' lang='lat' dir='ltr'><strong>Apostolus</strong></span> <span class='ocrx_word' id='word_1_895' title='bbox 3026 5338 3244 5382; x_wconf 86' lang='lat' dir='ltr'><strong>secutus</strong></span> <span class='ocrx_word' id='word_1_896' title='bbox 3276 5328 3514 5396; x_wconf 79' lang='lat' dir='ltr'><strong>adjunxit</strong></span> <span class='ocrx_word' id='word_1_897' title='bbox 3546 5349 3556 5380; x_wconf 88' lang='lat'>:</span> 
     </span>
    </p>
   </div>
   <div class='ocr_carea' id='block_1_74' title="bbox 305 5419 3560 5492">
    <p class='ocr_par' dir='ltr' id='par_1_74' title="bbox 305 5419 3560 5492">
     <span class='ocr_line' id='line_1_74' title="bbox 305 5419 3560 5492; baseline -0.001 -17"><span class='ocrx_word' id='word_1_898' title='bbox 305 5428 453 5475; x_wconf 86' lang='lat' dir='ltr'><strong>tenet</strong></span> <span class='ocrx_word' id='word_1_899' title='bbox 472 5421 771 5475; x_wconf 84' lang='lat' dir='ltr'><strong>veritatem.</strong></span> <span class='ocrx_word' id='word_1_900' title='bbox 808 5419 1003 5492; x_wconf 68' lang='grc' dir='ltr'><strong>(Θήρ.)</strong></span> <span class='ocrx_word' id='word_1_901' title='bbox 1043 5422 1394 5490; x_wconf 89' lang='lat' dir='ltr'><strong>Apertissime</strong></span> <span class='ocrx_word' id='word_1_902' title='bbox 1417 5437 1512 5491; x_wconf 87' lang='lat' dir='ltr'><strong>per</strong></span> <span class='ocrx_word' id='word_1_903' title='bbox 1536 5422 1637 5474; x_wconf 88' lang='lat' dir='ltr'><strong>hoc</strong></span> <span class='ocrx_word' id='word_1_904' title='bbox 1652 5421 1879 5490; x_wconf 88' lang='lat' dir='ltr'><strong>eumqui</strong></span> <span class='ocrx_word' id='word_1_905' title='bbox 1991 5425 2051 5479; x_wconf 90' lang='lat' dir='ltr'><strong>Si</strong></span> <span class='ocrx_word' id='word_1_906' title='bbox 2090 5427 2226 5479; x_wconf 88' lang='lat' dir='ltr'><strong>enim</strong></span> <span class='ocrx_word' id='word_1_907' title='bbox 2254 5442 2369 5478; x_wconf 89' lang='lat' dir='ltr'><strong>cum</strong></span> <span class='ocrx_word' id='word_1_908' title='bbox 2390 5421 2589 5476; x_wconf 86' lang='lat' dir='ltr'><strong>inimici</strong></span> <span class='ocrx_word' id='word_1_909' title='bbox 2612 5440 2858 5486; x_wconf 80' lang='lat' dir='ltr'><strong>essemus,</strong></span> <span class='ocrx_word' id='word_1_910' title='bbox 2886 5421 3201 5475; x_wconf 86' lang='lat' dir='ltr'><strong>reconciliati</strong></span> <span class='ocrx_word' id='word_1_911' title='bbox 3224 5438 3402 5474; x_wconf 78' lang='lat' dir='ltr'><strong>sumus</strong></span> <span class='ocrx_word' id='word_1_912' title='bbox 3426 5420 3560 5483; x_wconf 84' lang='lat' dir='ltr'><strong>Deo,</strong></span> 
     </span>
    </p>
   </div>
   <div class='ocr_carea' id='block_1_75' title="bbox 303 5511 3564 5587">
    <p class='ocr_par' dir='ltr' id='par_1_75' title="bbox 303 5511 3564 5587">
     <span class='ocr_line' id='line_1_75' title="bbox 303 5511 3564 5587; baseline -0.001 -20"><span class='ocrx_word' id='word_1_913' title='bbox 303 5511 570 5567; x_wconf 76' lang='lat' dir='ltr'><strong>intellexit</strong></span> <span class='ocrx_word' id='word_1_914' title='bbox 605 5511 732 5581; x_wconf 88' lang='lat' dir='ltr'><strong>quid</strong></span> <span class='ocrx_word' id='word_1_915' title='bbox 763 5514 835 5566; x_wconf 89' lang='lat' dir='ltr'><strong>sit</strong></span> <span class='ocrx_word' id='word_1_916' title='bbox 864 5528 926 5565; x_wconf 85' lang='lat' dir='ltr'><strong>ex</strong></span> <span class='ocrx_word' id='word_1_917' title='bbox 958 5512 1061 5565; x_wconf 90' lang='lat' dir='ltr'><strong>ﬁde</strong></span> <span class='ocrx_word' id='word_1_918' title='bbox 1088 5521 1139 5565; x_wconf 91' lang='lat' dir='ltr'><strong>et</strong></span> <span class='ocrx_word' id='word_1_919' title='bbox 1171 5530 1275 5567; x_wconf 88' lang='lat' dir='ltr'><strong>non</strong></span> <span class='ocrx_word' id='word_1_920' title='bbox 1303 5529 1365 5567; x_wconf 83' lang='lat' dir='ltr'><strong>ex</strong></span> <span class='ocrx_word' id='word_1_921' title='bbox 1404 5513 1657 5581; x_wconf 89' lang='lat' dir='ltr'><strong>operibus</strong></span> <span class='ocrx_word' id='word_1_922' title='bbox 1681 5511 1880 5579; x_wconf 76' lang='lat' dir='ltr'><strong>justifi-</strong></span> <span class='ocrx_word' id='word_1_923' title='bbox 1987 5534 2077 5587; x_wconf 82' lang='lat' dir='ltr'><strong>per</strong></span> <span class='ocrx_word' id='word_1_924' title='bbox 2106 5528 2319 5569; x_wconf 87' lang='lat' dir='ltr'><strong>mortem</strong></span> <span class='ocrx_word' id='word_1_925' title='bbox 2349 5512 2479 5567; x_wconf 84' lang='lat' dir='ltr'><strong>Filii</strong></span> <span class='ocrx_word' id='word_1_926' title='bbox 2507 5515 2641 5584; x_wconf 86' lang='lat' dir='ltr'><strong>ejus,</strong></span> <span class='ocrx_word' id='word_1_927' title='bbox 2672 5529 2763 5583; x_wconf 90' lang='lat' dir='ltr'><strong>per</strong></span> <span class='ocrx_word' id='word_1_928' title='bbox 2787 5528 2945 5582; x_wconf 89' lang='lat' dir='ltr'><strong>quam</strong></span> <span class='ocrx_word' id='word_1_929' title='bbox 2978 5512 3116 5565; x_wconf 88' lang='lat' dir='ltr'><strong>facta</strong></span> <span class='ocrx_word' id='word_1_930' title='bbox 3146 5521 3225 5566; x_wconf 90' lang='lat' dir='ltr'><strong>est</strong></span> <span class='ocrx_word' id='word_1_931' title='bbox 3255 5512 3341 5565; x_wconf 89' lang='lat' dir='ltr'><strong>illa</strong></span> <span class='ocrx_word' id='word_1_932' title='bbox 3374 5512 3564 5566; x_wconf 86' lang='lat' dir='ltr'><strong>remis-</strong></span> 
     </span>
    </p>
   </div>
   <div class='ocr_carea' id='block_1_76' title="bbox 305 5596 3560 5675">
    <p class='ocr_par' dir='ltr' id='par_1_76' title="bbox 305 5596 3560 5675">
     <span class='ocr_line' id='line_1_76' title="bbox 305 5596 3560 5675; baseline -0.001 -16"><span class='ocrx_word' id='word_1_933' title='bbox 305 5604 441 5668; x_wconf 86' lang='lat' dir='ltr'><strong>cari,</strong></span> <span class='ocrx_word' id='word_1_934' title='bbox 481 5604 546 5667; x_wconf 89' lang='lat' dir='ltr'><strong>ad</strong></span> <span class='ocrx_word' id='word_1_935' title='bbox 601 5619 785 5671; x_wconf 74' lang='lat' dir='ltr'><strong>pacem</strong></span> <span class='ocrx_word' id='word_1_936' title='bbox 837 5605 927 5658; x_wconf 87' lang='lat' dir='ltr'><strong>Dei</strong></span> <span class='ocrx_word' id='word_1_937' title='bbox 956 5620 1073 5672; x_wconf 71' lang='lat' dir='ltr'><strong>qua:</strong></span> <span class='ocrx_word' id='word_1_938' title='bbox 1118 5616 1335 5673; x_wconf 89' lang='lat' dir='ltr'><strong>superat</strong></span> <span class='ocrx_word' id='word_1_939' title='bbox 1373 5620 1587 5659; x_wconf 90' lang='lat' dir='ltr'><strong>omnem</strong></span> <span class='ocrx_word' id='word_1_940' title='bbox 1621 5613 1877 5670; x_wconf 89' lang='lat' dir='ltr'><strong>mentem,</strong></span> <span class='ocrx_word' id='word_1_941' title='bbox 1990 5608 2069 5661; x_wconf 91' lang='lat' dir='ltr'><strong>sio</strong></span> <span class='ocrx_word' id='word_1_942' title='bbox 2093 5615 2456 5675; x_wconf 87' lang='lat' dir='ltr'><strong>peccatorum,</strong></span> <span class='ocrx_word' id='word_1_943' title='bbox 2482 5604 2643 5658; x_wconf 87' lang='lat' dir='ltr'><strong>multo</strong></span> <span class='ocrx_word' id='word_1_944' title='bbox 2668 5607 2830 5673; x_wconf 82' lang='lat' dir='ltr'><strong>magis</strong></span> <span class='ocrx_word' id='word_1_945' title='bbox 2854 5596 3175 5657; x_wconf 76' lang='lat' dir='ltr'><strong>reconciliati</strong></span> <span class='ocrx_word' id='word_1_946' title='bbox 3192 5604 3321 5657; x_wconf 76' lang='lat' dir='ltr'><strong>salvi</strong></span> <span class='ocrx_word' id='word_1_947' title='bbox 3342 5605 3560 5667; x_wconf 86' lang='lat' dir='ltr'><strong>erimus,</strong></span> 
     </span>
    </p>
   </div>
   <div class='ocr_carea' id='block_1_77' title="bbox 307 5693 3567 5766">
    <p class='ocr_par' dir='ltr' id='par_1_77' title="bbox 307 5693 3567 5766">
     <span class='ocr_line' id='line_1_77' title="bbox 307 5693 3567 5766; baseline -0.001 -18"><span class='ocrx_word' id='word_1_948' title='bbox 307 5693 361 5749; x_wconf 90' lang='lat' dir='ltr'><strong>in</strong></span> <span class='ocrx_word' id='word_1_949' title='bbox 384 5709 488 5762; x_wconf 90' lang='lat' dir='ltr'><strong>qua</strong></span> <span class='ocrx_word' id='word_1_950' title='bbox 520 5702 574 5747; x_wconf 89' lang='lat' dir='ltr'><strong>et</strong></span> <span class='ocrx_word' id='word_1_951' title='bbox 601 5710 807 5747; x_wconf 89' lang='lat' dir='ltr'><strong>summa</strong></span> <span class='ocrx_word' id='word_1_952' title='bbox 857 5694 1201 5764; x_wconf 84' lang='lat' dir='ltr'><strong>perfectionis</strong></span> <span class='ocrx_word' id='word_1_953' title='bbox 1231 5696 1497 5759; x_wconf 85' lang='lat' dir='ltr'><strong>consistit,</strong></span> <span class='ocrx_word' id='word_1_954' title='bbox 1533 5697 1739 5749; x_wconf 87' lang='lat' dir='ltr'><strong>invitat.</strong></span> <span class='ocrx_word' id='word_1_955' title='bbox 1779 5695 1884 5749; x_wconf 91' lang='lat' dir='ltr'><strong>Sed</strong></span> <span class='ocrx_word' id='word_1_956' title='bbox 1990 5698 2043 5749; x_wconf 88' lang='lat' dir='ltr'><strong>in</strong></span> <span class='ocrx_word' id='word_1_957' title='bbox 2068 5699 2171 5750; x_wconf 83' lang='lat' dir='ltr'><strong>vita</strong></span> <span class='ocrx_word' id='word_1_958' title='bbox 2198 5697 2358 5766; x_wconf 87' lang='lat' dir='ltr'><strong>ipsius</strong></span> <span class='ocrx_word' id='word_1_959' title='bbox 2384 5695 2553 5765; x_wconf 83' lang='lat' dir='ltr'><strong>(Rom.</strong></span> <span class='ocrx_word' id='word_1_960' title='bbox 2585 5696 2725 5765; x_wconf 79' lang='lat' dir='ltr'><strong>vni),</strong></span> <span class='ocrx_word' id='word_1_961' title='bbox 2764 5696 2816 5747; x_wconf 91' lang='lat' dir='ltr'><strong>in</strong></span> <span class='ocrx_word' id='word_1_962' title='bbox 2847 5694 2951 5748; x_wconf 91' lang='lat' dir='ltr'><strong>vita</strong></span> <span class='ocrx_word' id='word_1_963' title='bbox 2994 5694 3149 5757; x_wconf 77' lang='lat' dir='ltr'><strong>salvi,</strong></span> <span class='ocrx_word' id='word_1_964' title='bbox 3179 5695 3267 5764; x_wconf 86' lang='lat' dir='ltr'><strong>qui</strong></span> <span class='ocrx_word' id='word_1_965' title='bbox 3299 5710 3393 5763; x_wconf 88' lang='lat' dir='ltr'><strong>per</strong></span> <span class='ocrx_word' id='word_1_966' title='bbox 3419 5709 3567 5748; x_wconf 79' lang='lat' dir='ltr'><strong>inor—</strong></span> 
     </span>
    </p>
   </div>
   <div class='ocr_carea' id='block_1_78' title="bbox 307 5785 3567 5857">
    <p class='ocr_par' dir='ltr' id='par_1_78' title="bbox 307 5785 3567 5857">
     <span class='ocr_line' id='line_1_78' title="bbox 307 5785 3567 5857; baseline 0.001 -19"><span class='ocrx_word' id='word_1_967' title='bbox 307 5795 368 5840; x_wconf 91' lang='lat' dir='ltr'><strong>ut</strong></span> <span class='ocrx_word' id='word_1_968' title='bbox 426 5786 733 5854; x_wconf 77' lang='lat' dir='ltr'><strong>diligentius</strong></span> <span class='ocrx_word' id='word_1_969' title='bbox 769 5802 985 5841; x_wconf 88' lang='lat' dir='ltr'><strong>sensum</strong></span> <span class='ocrx_word' id='word_1_970' title='bbox 1032 5787 1421 5856; x_wconf 89' lang='lat' dir='ltr'><strong>perspiciamus</strong></span> <span class='ocrx_word' id='word_1_971' title='bbox 1461 5786 1723 5857; x_wconf 87' lang='lat' dir='ltr'><strong>Apostoli,</strong></span> <span class='ocrx_word' id='word_1_972' title='bbox 1757 5787 1883 5855; x_wconf 90' lang='lat' dir='ltr'><strong>quid</strong></span> <span class='ocrx_word' id='word_1_973' title='bbox 1993 5799 2099 5844; x_wconf 89' lang='lat' dir='ltr'><strong>tem</strong></span> <span class='ocrx_word' id='word_1_974' title='bbox 2138 5789 2488 5845; x_wconf 87' lang='lat' dir='ltr'><strong>reconciliati.</strong></span> <span class='ocrx_word' id='word_1_975' title='bbox 2520 5788 2648 5854; x_wconf 86' lang='lat' dir='ltr'><strong>Quis</strong></span> <span class='ocrx_word' id='word_1_976' title='bbox 2683 5787 2827 5841; x_wconf 90' lang='lat' dir='ltr'><strong>enim</strong></span> <span class='ocrx_word' id='word_1_977' title='bbox 2860 5786 3064 5843; x_wconf 86' lang='lat' dir='ltr'><strong>dubitet</strong></span> <span class='ocrx_word' id='word_1_978' title='bbox 3100 5787 3345 5841; x_wconf 85' lang='lat' dir='ltr'><strong>daturum</strong></span> <span class='ocrx_word' id='word_1_979' title='bbox 3375 5785 3567 5840; x_wconf 83' lang='lat' dir='ltr'><strong>amicis</strong></span> 
     </span>
    </p>
   </div>
  </div>
