3960 6338
415 327 583 387 ίὸϐτ
636 377 653 392 ,
1052 337 1112 391 Β.
1154 336 1407 393 RABANI
1444 338 1664 395 MAURI
1702 340 1979 398 ARCHIEI

2140 340 2378 426 )GUNT.
2413 344 2701 400 OPERUM
2737 345 2918 401 PARS
2952 347 3041 402 ιιι.
3570 351 3704 407 1368

411 444 579 499 vitam
610 444 767 499 suam'
782 460 881 515 pro
907 446 1103 517 quibus
1134 448 1368 506 inimicis
1393 451 1539 506 dedit
1566 461 1795 509 mortem
1823 470 1999 510 suam.
2028 459 2082 517 Α
2106 456 2355 526 quoniam
2393 458 2493 527 ipsi
2518 458 2688 513 Deum
2736 460 2978 514 uidebunt
3029 439 3246 532 (Matth.
3278 462 3355 533 v).
3401 463 3559 519 Tunc
3584 456 3705 522 cum

485 534 773 609 pagum
787 549 836 592 et
860 555 1127 605 accessum
1148 542 1396 599 habemus
1421 545 1478 597 in
1503 547 1931 624 gratiam'islam,
1948 550 2001 603 in
2102 551 2215 621 jam
2243 551 2515 621 aufugerit
2543 552 2698 608 dolor
2716 561 2771 607 et
2797 553 3019 609 tristitia
3042 561 3097 608 et
3124 556 3378 625 gemitus,
3411 565 3471 612 et
3492 572 3619 613 cum
3642 573 3706 615 ea

408 649 513 700 qua
569 643 767 687 stamus
809 642 859 686 et
885 632 1178 703 gloriamur
1200 638 1256 690 in
1280 655 1368 706 spe
1394 638 1576 708 gloriae
1618 641 1853 709 ﬁliorum
1882 642 2002 696 Dei.
2108 658 2228 713 quae
2267 643 2321 697 in
2364 644 2583 713 speculo
2610 660 2753 700 nunc
2796 645 3047 700 videntur
3074 655 3131 701 et
3169 647 3224 700 in
3253 649 3569 719 aenigmate,
3614 651 3702 707 de-

412 722 614 793 (Amb.)
646 721 990 778 Manifestum
1019 734 1105 780 est
1128 742 1226 797 per
1248 728 1521 783 Christum
1551 746 1650 786 nos
1673 732 1879 787 aditum
1911 735 2006 788 ba-
2107 744 2408 801 struantur,
2437 744 2492 792 et
2518 736 2816 791 manebunt
2837 737 2927 791 illa
2952 744 3222 807 qum’sunt
3246 737 3388 793 facie
3416 742 3487 795 ad
3512 741 3703 797 faciem

409 815 538 870 bere
563 815 630 868 ad
655 815 887 885 gratiam
918 817 1012 871 Dei
1037 834 1051 869 :
1082 817 1193 887 ipse
1216 828 1300 875 est
1319 820 1462 896 enim
1480 822 1685 876 arbiter
1715 822 1807 877 Dei
1835 832 1890 879 et
1915 826 2007 881 ho-
2109 828 2161 899 (Ι
2193 828 2314 883 Cor.
2347 827 2491 903 xm).
2514 827 2667 896 Quod
2689 829 2733 884 si
2758 830 2853 885 cui
2872 830 3011 886 forte
3039 831 3313 888 videbitur
3331 834 3463 889 huic
3497 836 3707 905 exposi-

409 906 617 998 minum
654 906 875 998 quinos
922 906 1172 998 doctrina
1209 925 1306 965 sua
1353 911 1572 982 erigens
1612 929 1831 983 sperare
1877 914 2008 970 fecit
2108 920 2242 975 tioni
2270 928 2471 975 nostrae
2497 920 2625 976 illud
2660 923 2994 981 econtrario
3017 923 3180 993 obiici
3208 940 3391 995 posse,
3418 928 3564 997 quod
3593 931 3708 998 ipse

409 994 613 1091 donum
638 996 825 1091 gratiae
850 996 944 1091 Dei
966 1005 1171 1054 stantes
1191 999 1247 1091 in
1272 999 1378 1055 ﬁde
1404 1000 1563 1068 'ejus;
1614 1002 1735 1057 ideo
1776 1011 2002 1075 stantes,
2106 1010 2398 1081 Apostoius
2437 1012 2606 1068 dicit:
2652 1013 2765 1067 Nos
2811 1024 2986 1068 autem
3019 994 3248 1071 revelata
3276 1018 3415 1087 facie
3437 994 3565 1074 iDei
3598 994 3710 1091 glo-

408 1086 540 1180 quia
571 1086 730 1180 prius
752 1085 1059 1180 jacuimus:
1085 1089 1370 1145 credentes
1396 1100 1579 1149 autem
1605 1095 1773 1148 erecti
1795 1110 2003 1163 sumus,
2108 1103 2244 1156 riam
2271 1102 2486 1158 Domini
2519 1103 2841 1171 speculantes
2887 1106 3072 1160 eadem
3100 1085 3332 1179 imagine
3361 1085 3709 1180 reformentur

409 1175 704 1269 gloriantes
718 1177 770 1230 in
788 1192 884 1246 spe
914 1178 1174 1235 claritatis
1195 1195 1358 1248 quam
1381 1183 1632 1251 promisit
1660 1184 1803 1239 Deus
1824 1182 2001 1241 nobis.
2107 1208 2140 1245 a
2160 1192 2330 1262 gloria
2358 1194 2414 1246 in
2438 1192 2666 1263 gloriam
2705 1203 2955 1265 tanquam
2994 1175 3430 1267 Doininivspiritu'
3464 1199 3550 1269 (11
3582 1200 3705 1256 Cor.

409 1267 610 1361 l0rig.)
645 1269 927 1337 Quomodo
948 1286 1227 1360 accessum
1257 1272 1521 1331 habemus
1550 1275 1619 1330 ad
1647 1278 2006 1349 gratiamoper
2107 1283 2211 1353 ιιι),
2250 1292 2305 1338 ει
2331 1284 2496 1348 dicit.
2516 1286 2788 1355 quomodo
2816 1286 2993 1342 adhuc
3018 1302 3169 1357 spem
3213 1288 3400 1360 glorite
3430 1267 3576 1360 gerit
3617 1292 3707 1361 qui

408 1358 692 1414 Dominum
719 1370 963 1416 nostrum
980 1358 1165 1417 Iesum
1188 1361 1486 1428 Christum,
1515 1367 1629 1436 ipse
1655 1366 1909 1430 Salvator
1931 1368 2006 1424 di-
2109 1375 2347 1431 revelata
2370 1376 2484 1446 jam
2508 1374 2646 1431 facie
2669 1376 2939 1447 speculari
2962 1392 3022 1432 se
3049 1378 3181 1433 dicit
3206 1358 3451 1450 gloriam
3466 1358 3705 1445 Domini,

405 1452 479 1504 cit
505 1468 519 1504 ε
546 1449 657 1521 Ego
671 1468 788 1505 sum
804 1455 1016 1518 ostium,
1038 1463 1088 1507 et
1114 1469 1262 1512 nemo
1287 1457 1418 1509 venit
1442 1456 1510 1510 ad
1533 1455 1767 1522 Putrem,
1792 1461 1895 1514 nisi
1916 1477 2009 1531 per
2108 1474 2163 1521 et
2188 1466 2360 1537 gloria
2384 1467 2437 1532 in
2467 1466 2696 1538 gloriam
2720 1466 3032 1522 reformari.
3060 1466 3197 1523 Vide
3216 1469 3261 1523 si
3285 1484 3578 1538 possumus
3609 1471 3710 1526 hoc

405 1557 487 1595 me
513 1541 695 1608 (Joan.
728 1542 805 1613 ιι).
840 1542 945 1596 Ρει·
973 1543 1150 1615 ipsum
1180 1559 1309 1615 ergo
1341 1545 1434 1613 qui
1470 1546 1668 1600 ostium
1697 1555 1781 1602 est
1822 1564 2008 1605 acces-
2109 1556 2269 1611 modo
2299 1556 2528 1621 sOlvere,
2561 1557 2707 1626 quod
2750 1555 3023 1631 obiectum
3068 1564 3175 1622 est,
3206 1556 3542 1613 diﬂ'erentias
3579 1559 3708 1614 mihi

406 1647 527 1685 sum
554 1630 817 1688 habemus
845 1634 913 1688 ad
944 1636 1193 1703 gratiam.
1247 1633 1357 1691 Sed
1390 1635 1672 1694 videamus
1716 1639 1875 1708 quale
1904 1636 2008 1696 est
2098 1646 2401 1715 Apostolus
2444 1648 2661 1702 videtur
2711 1649 3000 1703 ostendere
3056 1647 3376 1719 gloriarum,
3436 1657 3493 1703 et
3548 1649 3707 1703 aliam

406 1724 627 1788 ostium,
656 1731 729 1779 ‘ut
782 1724 1016 1780 sciamus
1046 1726 1236 1796 quales
1264 1742 1385 1782 esse
1413 1728 1647 1783 debeant
1676 1730 1767 1798 qui
1788 1731 2007 1785 intrant
2037 1802 2073 1808 _
2109 1734 2276 1791 fuisse
2306 1736 2555 1807 gloriam,
2602 1752 2723 1808 qua:
2768 1736 2938 1807 Moysi
2972 1737 3289 1799 ministerio
3308 1738 3551 1793 revelata
3600 1749 3702 1803 est,

406 1828 503 1882 per
530 1816 730 1884 ipsum,
773 1823 829 1869 et
859 1830 1140 1871 accessum
1187 1816 1423 1872 habeant
1443 1818 1509 1871 ad
1553 1820 1802 1889 gratiam.
1856 1820 2001 1875 lstud
2036 1802 2081 1861 Β
2108 1826 2176 1881 de
2207 1802 2454 1896 qua‘jam
2494 1828 2549 1880 in
2604 1802 2976 1896 superioribus
3030 1827 3295 1893 diximus,
3345 1829 3509 1883 aliam
3540 1802 3707 1882 fuisse

405 1905 605 1959 ostium
634 1907 837 1961 veritas
866 1915 968 1971 est,
1013 1916 1067 1962 et
1098 1922 1196 1977 per
1222 1909 1423 1963 ostium
1449 1910 1696 1964 veritatis
1730 1926 1837 1966 non
1878 1928 2005 1982 pos-
2106 1933 2228 1988 quae
2253 1918 2307 1971 in
2339 1918 2574 1972 adventu
2614 1917 2819 1972 carnali
2850 1917 3150 1973 Salvatoris
3175 1918 3481 1974 ministrata
3510 1928 3615 1983 est,
3645 1920 3708 1973 de

406 2008 536 2050 sunt
572 1998 807 2053 introire
861 2000 1169 2055 mendaces.
1228 2000 1295 2054 Et
1332 2015 1549 2058 rursum
1602 2001 1748 2056 istud
1803 2004 2005 2057 ostium
2107 2024 2214 2079 qua
2242 2009 2373 2063 dicit
2399 2018 2454 2064 et
2498 2008 2737 2065 Joannes
2776 2011 2827 2064 in
2856 2009 3185 2081 Evangelio:
3228 2008 3298 2064 Et
3333 2011 3559 2064 vidimus
3600 2011 3709 2081 glo-

399 2086 611 2157 justitia
640 2097 739 2153 est,
778 2097 833 2144 et
858 2106 957 2159 per
982 2090 1183 2145 ostium
1227 2091 1455 2160 justitite
1490 2106 1597 2146 non
1626 2092 2006 2164 ingrediuntur
2108 2102 2242 2154 riam
2266 2102 2400 2171 ejus,
2429 2100 2651 2172 gloriam
2679 2111 2931 2171 tanquam
2975 2103 3228 2172 unigeniti
3251 2120 3285 2155 a
3316 2100 3482 2156 Patre
3502 2102 3708 2171 plenum

404 2180 609 2248 injusti.
660 2180 805 2236 Istud
839 2183 1038 2242 ostium
1072 2184 1201 2237 dicit
1232 2203 1243 2237 ;
1300 2182 1497 2237 Discite
1536 2201 1569 2236 a
1598 2200 1683 2238 me
1703 2186 1829 2255 quia
1860 2188 2003 2240 mitis
2106 2193 2378 2262 gratite‘et
2404 2194 2637 2246 veritatis
2665 2193 2847 2263 (Joau.
2878 2188 3038 2263 t),'de
3087 2209 3193 2261 qua
3241 2194 3412 2264 gloria
3446 2209 3555 2247 non
3589 2208 3711 2263 pos~

405 2287 521 2324 sum
549 2281 595 2324 et
636 2272 848 2326 humilis
878 2273 1034 2327 corde
1082 2273 1299 2343 (Matth.
1348 2275 1449 2347 xi).
1508 2273 1614 2329 Per
1647 2276 1844 2342 ostium
1875 2292 2003 2346 ergo
2106 2296 2294 2348 sumus
2320 2282 2503 2337 dicere
2540 2284 2685 2351 quod
2720 2285 2835 2352 ipsa
2860 2284 2951 2345 sit,
2981 2299 3102 2354 quae
3133 2284 3402 2354 speranda
3433 2294 3537 2347 est.
3568 2285 3709 2339 hanc

405 2360 728 2425 humilitatis
766 2371 821 2417 et
850 2365 1281 2419 mansuetudinis
1324 2381 1423 2420 nec
1477 2366 1768 2421 iracundus
1820 2368 2001 2439 ingre-
2104 2373 2249 2427 enim
2274 2372 2475 2426 vidisse
2498 2386 2557 2427 se
2599 2373 2783 2427 dicunt
2813 2374 3061 2442 apostoli,
3096 2372 3151 2429 et
3183 2389 3312 2428 vera
3339 2383 3426 2428 est
3474 2375 3562 2427 illa
3592 2388 3710 2427 sen-

406 2452 572 2515 ditur,
620 2468 721 2509 nec
751 2455 1037 2524 superbus.
1091 2456 1299 2537 Siquis
1347 2457 1421 2511 ita
1450 2468 1535 2513 est
1560 2460 1651 2529 qui
1703 2462 2002 2516 secundum
2109 2466 2298 2529 tentia,
2331 2480 2452 2533 quae
2478 2465 2648 2519 dicit:
2697 2464 2850 2529 Quod
2881 2466 3019 2517 enim
3041 2465 3176 2518 uidet
3206 2466 3341 2535 quis,
3372 2466 3499 2536 quid
3534 2474 3706 2534 sperat

403 2544 650 2617 Apostoli
686 2549 908 2601 verbum
936 2562 1034 2616 per
1054 2548 1340 2603 Dominum
1364 2558 1607 2604 nostrum
1633 2550 1817 2606 .Iesum
1845 2552 2002 2607 Cbri-
2108 2556 2287 2628 (Rom.
2322 2555 2466 2625 vni).
2510 2554 2605 2609 Illa
2643 2570 2773 2609 vera
2804 2555 2997 2625 gloria,
3048 2570 3171 2624 qua:
3200 2555 3608 2625 sperandatest,
3640 2556 3705 2609 de

406 2645 553 2693 etum
601 2652 879 2692 accessum
923 2638 1038 2693 vult
1089 2639 1289 2694 ltabere
1320 2642 1372 2694 in
1417 2642 1647 2710 gratiam
1682 2644 1914 2710 Domini,
1948 2647 2001 2700 in
2106 2662 2211 2715 qua
2237 2647 2402 2701 etiam
2432 2646 2486 2700 in
2508 2646 2760 2715 praesenti
2791 2645 2909 2699 loco
2937 2645 3069 2699 dicit
3096 2645 3388 2714 Apostolus
3414 2645 3705 2715 gloriﬁcari

410 2744 515 2800 qua
555 2728 771 2795 Paulus,
802 2740 857 2785 et
897 2732 941 2785 si
968 2732 1059 2802 qui
1092 2742 1219 2787 sunt
1247 2734 1452 2788 similes
1473 2733 1610 2804 ejus,
1647 2743 1794 2791 stare
1829 2753 1887 2791 se
1920 2738 2003 2792 di-
2106 2750 2164 2790 se
2193 2736 2248 2789 in
2283 2750 2379 2805 spe
2405 2735 2589 2805 gloriae
2612 2735 2727 2799 Dei,
2762 2743 2939 2805 potest
2970 2736 3087 2805 ipsa
3122 2735 3366 2805 intelligi,
3397 2736 3465 2791 de
3491 2750 3597 2805 qua
3622 2736 3703 2788 di-

408 2824 503 2889 cit,
539 2832 751 2894 oportet
777 2840 901 2880 eum
930 2826 998 2879 ab
1040 2825 1127 2880 his
1164 2827 1418 2881 omnibus
1447 2840 1568 2896 qua:
1607 2843 1767 2898 supra
1798 2845 2002 2885 memo-
2105 2826 2180 2881 cit
2210 2825 2459 2880 Salvator
2493 2826 2548 2878 in
2593 2824 2920 2895 Evangelio:
2953 2822 3086 2878 Cum
3114 2824 3312 2877 uenerit
3351 2823 3499 2892 ﬁlius
3535 2824 3702 2875 homi-

410 2919 649 2972 ravimus
677 2933 797 2972 esse
824 2928 1132 2989 purgatum.
1164 2920 1444 2989 Alioquin.
1478 2936 1585 2975 non
1615 2922 1851 2990 patietur
1898 2923 2002 2978 hoc
2106 2918 2187 2970 nis
2228 2918 2285 2970 in
2328 2915 2495 2986 gloria
2527 2914 2707 2969 Patris
2738 2924 2785 2967 et
2812 2922 3117 2967 sanctorum
3144 2912 3451 2983 angelorum
3505 2911 3699 2978 (Marc.

406 3012 606 3063 ostium
643 3010 868 3065 introire
894 3026 991 3079 per
1024 3026 1082 3065 se
1113 3027 1208 3066 eos
1239 3012 1331 3082 qui
1383 3028 1447 3068 ea
1478 3030 1599 3083 qua:
1651 3030 1678 3067 a
1724 3028 1783 3069 se
1826 3016 2000 3071 aliena
2104 3008 2247 3079 vni).
2295 3007 2452 3075 Quod
2480 3016 2662 3062 autem
2711 3007 2847 3062 dixit
2875 3005 3041 3076 patris
3067 3014 3118 3058 et
3144 3015 3446 3059 sanctorum
3494 3002 3705 3073 angelo-

408 3108 534 3153 snnt
562 3109 778 3171 gerunt,
816 3100 908 3155 sed
940 3102 1195 3155 continuo
1234 3102 1502 3157 clauditur
1542 3111 1597 3158 et
1629 3107 1859 3160 transire
1904 3121 1970 3175 pe

2140 3116 2245 3164 um,
2278 3114 2385 3153 non
2417 3099 2560 3170 quod
2596 3099 2698 3153 Dei
2738 3098 2921 3152 Patris
2948 3105 3006 3153 et
3026 3097 3343 3168 angelorum
3389 3111 3554 3150 unam
3582 3109 3704 3149 esse

406 3205 468 3248 se
496 3157 602 3247 non
638 3192 767 3247 sinit
814 3192 1105 3248 dissimiles
1136 3193 1257 3248 sibi.
1314 3176 1459 3249 Bene
1505 3205 1684 3250 autem
1712 3157 2001 3265 Apostorlus
2028 3157 2073 3219 Ο
2107 3192 2331 3263 gloriam
2364 3157 2529 3254 dicat.
2563 3191 2659 3246 sed
2684 3190 2787 3244 hoc
2815 3189 2942 3243 mihi
2964 3187 3181 3243 videtur
3206 3188 3529 3252 ostendere.
3560 3189 3704 3257 quod

412 3283 611 3337 Paulus
650 3284 702 3337 in
736 3285 908 3351 gratia
954 3294 1100 3340 stare
1146 3300 1203 3340 se
1246 3286 1411 3351 dicit,
1441 3288 1531 3355 qui
1572 3299 1625 3341 et
1669 3289 1796 3342 alibi
1822 3291 1996 3344 dixit:
2108 3286 2223 3339 istae
2257 3283 2459 3354 gloriae,
2488 3298 2609 3351 quae
2652 3282 2738 3337 vel
2768 3296 2880 3350 pen
2895 3281 3113 3352 Moysen
3153 3279 3454 3351 prioribus,
3487 3280 3571 3333 vel
3605 3296 3705 3335 no-

409 3379 776 3433 Abundantius
824 3389 996 3433 autem
1037 3386 1195 3451 quam
1250 3397 1425 3435 omnes
1472 3382 1551 3435 illi
1599 3382 1853 3447 laboravi,
1899 3401 2004 3437 non
2105 3376 2188 3429 bis
2220 3390 2317 3444 Pel‘
2364 3375 2655 3429 adventum
2698 3373 2881 3427 carnis
2905 3370 3107 3427 Chl'lSli
3154 3370 3344 3426 (1613133
3392 3379 3547 3435 διιηῐ,
3593 3385 3705 3456 "Oli

409 3482 584 3524 autem
638 3487 729 3539 ego
765 3471 854 3523 sed
881 3472 1051 3540 gratia
1082 3470 1178 3526 Dei
1206 3489 1405 3526 mecum
1448 3472 1499 3543 (Ι
1530 3472 1654 3529 Cor.
1687 3474 1799 3546 xv).
1854 3475 2004 3530 Unde
2107 3465 2322 3520 fuerunt
2343 3463 2658 3535 angelorum
2682 3504 2697 3529 ,
2725 3463 2820 3518 sed
2850 3462 3128 3516 hominum
3157 3478 3171 3513 :
3212 3461 3530 3515 hominibus
3559 3462 3710 3515 enim

410 3565 455 3618 si
479 3564 600 3632 quis
626 3572 708 3617 est
731 3563 867 3618 alius
893 3565 984 3632 qui
1012 3564 1280 3619 laboraret
1302 3566 1684 3631 abundantius,
1702 3576 1757 3622 et
1777 3569 1867 3637 qui
1896 3569 2007 3639 glo—
2109 3556 2426 3611 ιηίηίεῐνλιαέ
2477 3562 2603 3609 sum
2652 3563 2707 3608 θῐ
2735 3552 2955 3607 merum
2989 3552 3107 3622 eius
3133 3566 3405 3606 mensum
3430 3566 3568 3619 quas
3615 3566 3707 3605 (ιδ’

413 3655 583 3708 rietur
620 3654 671 3707 in
720 3653 1125 3709 inﬁrmitatibus
1160 3656 1289 3717 suis,
1338 3657 1428 3725 qui
1471 3657 1521 3709 in
1554 3657 1809 3725 periculis
1862 3674 2003 3727 saepe
2106 3660 2232 3717 pere
2268 3646 2513 3700 homines
2539 3644 2789 3714 possint;
2838 3642 2928 3697 illa
2973 3657 3102 3695 vero
3148 3642 3204 3694 in
3236 3645 3359 3711 tqua
3423 3640 3569 3695 ﬁlius
3614 3640 3712 3693 bo-

410 3756 686 3812 versetur,
730 3748 984 3817 periculis
1014 3749 1201 3811 maris,
1241 3748 1496 3817 periculis
1525 3748 1826 3817 ﬂuminum,
1850 3744 2004 3820 peri-
2106 3738 2268 3791 minis
2294 3736 2361 3789 ad
2382 3735 2647 3806 Ῑυάίοίιιω
2674 3734 2863 3788 mundi
2892 3742 3154 3787 νθηίυνυδ
3195 3743 3280 3785 εει
3316 3730 3490 3800 gloria
3534 3730 3711 3800 PM"is

410 3839 547 3893 culis
576 3838 864 3901 latronum,
895 3838 1150 3908 periculis
1176 3839 1229 3892 in
1274 3837 1425 3892 falsis
1458 3837 1717 3894 fratribus
1765 3838 1849 3911 (11
1875 3838 1974 3893 Cor

2143 3835 2257 3881 mta
2289 3827 2416 3890 erit,
2456 3840 2579 3894 quae
2602 3840 2634 3879 a
2659 3825 2790 3880 solis
2830 3824 3035 3893 angelis
3068 3824 3187 3893 capi
3219 3823 3392 3893 possit
3420 3840 3435 3889 ;
3496 3823 3543 3877 si
3574 3838 3707 3891 vero

409 3934 511 4004 χι),
536 3943 590 3986 et
618 3933 669 3985 in
700 3934 784 3987 his
811 3933 1063 3987 omnibus
1095 3941 1200 3987 stet
1224 3947 1438 4002 semper
1468 3932 1521 3985 in
1548 3932 1671 3997 ﬁde,
1717 3932 1820 3987 iste
1846 3932 2000 3987 simi-
2107 3920 2272 3973 θιίεῐη
2304 3925 2614 3972 εθιιοῑοηιῐη
2640 3917 2805 3986 διίίιιιί
2840 3931 3068 3987 capaces
3093 3916 3238 3971 ί¹¹¹υ⁸
3267 3917 3454 3987 gloria?
3479 3916 3708 3971 θιειίιθ·

410 4023 537 4077 liter
585 4031 731 4077 stare
761 4024 960 4077 dicitur
989 4024 1041 4077 in
1069 4023 1264 4094 gratia.
1323 4022 1430 4077 Sed
1477 4031 1530 4077 et
1561 4024 1704 4093 quod
1734 4024 2000 4093 sequitur,
2108 4011 2240 4075 ι’ίηῐν
2292 4008 2368 4062 illi
2410 4008 2665 4062 “imin
2694 4017 2879 4073 θνυηιν
2933 4008 3000 4063 de
3045 4010 3243 4076 quibus
3286 4008 3486 4063 diem"
3510 4048 3526 4073 a
3574 4010 3705 4078 φιία

392 4116 459 4159 -ει
510 4105 801 4175 gloriamur
843 4109 899 4159 in
920 4124 1009 4176 spe
1045 4108 1228 4177 gloria:
1260 4107 1377 4171 Dei,
1402 4107 1560 4177 quale
1604 4107 1676 4162 sit
1700 4110 1999 4163 videamus.
2105 4110 2256 4155 erunt
2292 4102 2427 4155 sicut
2474 4100 2647 4171 angeli
2689 4100 2783 4153 Dei
2833 4098 3047 4172 (Matth.
3093 4097 3268 4170 xxu).
3318 4106 3373 4153 et
3408 4100 3515 4154 hoc
3544 4100 3706 4155 modo

415 4197 593 4252 Movet
622 4212 708 4253 me
734 4214 832 4252 cur
874 4214 982 4251 non
1011 4198 1209 4253 dixerit
1238 4198 1455 4268 gloriari
1499 4214 1557 4253 se
1605 4199 1659 4252 in
1686 4199 1854 4268 gloria
1882 4201 2001 4265 Dei,
2107 4207 2255 4253 recte
2287 4197 2353 4250 de
2386 4194 2570 4251 futura
2608 4194 2778 4265 gloria
2807 4209 2927 4263 qua:
2957 4195 3222 4263 speranda
3251 4203 3355 4257 est,
3387 4193 3590 4247 dictum
3615 4195 3703 4247 vi-

414 4288 508 4342 sed
537 4289 591 4340 in
610 4304 699 4357 spe
726 4287 909 4357 gloria:
935 4287 1032 4340 Dei
1055 4302 1071 4339 :
1095 4288 1151 4341 in
1180 4303 1297 4356 quo,
1318 4289 1507 4343 deesse
1542 4291 1758 4357 quidem
1798 4290 2005 4360 aliquid
2107 4290 2280 4352 detur,
2313 4287 2458 4358 quod
2481 4286 2624 4341 ﬁlius
2664 4286 2899 4366 hominis
2927 4286 3112 4341 veniat
3140 4286 3197 4339 in
3228 4284 3398 4355 gloria
3430 4285 3601 4355 patris
3645 4294 3706 4340 et

412 4376 734 4432 elocutionis
773 4377 1017 4441 videtur,
1054 4377 1128 4431 ita
1167 4386 1225 4429 ut
1272 4377 1551 4433 subaudiri
1581 4379 1794 4445 debeat,
1837 4383 1889 4434 in
1917 4399 2004 4451 spe
2106 4387 2418 4433 sanctorum
2453 4375 2787 4447 angelorum,
2816 4376 2870 4430 id
2895 4386 2995 4440 est,
3021 4376 3147 4444 quia
3173 4391 3279 4429 non
3302 4390 3423 4431 eam
3456 4376 3706 4431 homines

411 4468 659 4525 videndm
685 4466 869 4538 gloria:
898 4468 1014 4521 Dei.
1040 4469 1244 4524 Edocet
1272 4480 1449 4524 autem
1480 4487 1580 4526 nos
1608 4486 1706 4540 per
1734 4475 1869 4537 haec,
1901 4476 2005 4528 sic-
2031 4502 2084 4562 Β
2110 4468 2331 4533 terreni.
2376 4467 2471 4522 sed
2510 4460 2698 4521 ’sancti
2744 4467 2919 4537 angeli
2964 4482 3161 4536 capere
3192 4476 3510 4526 mereantur
3539 4483 3552 4517 :
3598 4481 3705 4537 pro

411 4568 551 4615 utet
579 4560 692 4629 ipse
721 4558 1012 4613 alibidicit
1053 4557 1137 4629 (II
1170 4558 1293 4613 Cor.
1346 4561 1444 4631 ιν),
1475 4559 1614 4626 Quia
1644 4567 1761 4632 qua:
1784 4580 2004 4633 speran-
2031 4557 2070 4562 ⁷
2109 4558 2410 4628 capacitate
2457 4558 2661 4622 etenim
2709 4558 2974 4611 mentium
3022 4558 3300 4627 dispensat
3348 4558 3493 4613 Deus
3535 4560 3702 4613 etiam

411 4660 502 4705 tur
548 4658 743 4702 wterna
794 4657 936 4713 sunt,
988 4665 1105 4719 qua:
1154 4661 1329 4703 autem
1383 4652 1624 4705 uidentur
1671 4654 2001 4722 temporalia.
2108 4650 2509 4722 magnitudines
2554 4650 2869 4721 gloriarum,
2926 4649 3021 4705 sed
3048 4651 3207 4713 sicut,
3256 4649 3421 4704 istam
3473 4650 3701 4722 κίοι-ἰείη

414 4740 548 4795 Nam
572 4740 773 4811 vidisse
808 4739 1009 4793 dicitur
1034 4748 1087 4794 et
1121 4739 1337 4810 Moyses
1366 4740 1592 4812 gloriam
1620 4743 1757 4808 Dei;
1806 4744 2005 4799 vidisse
2109 4741 2874 4812 quamvidisseseapostoliin
2893 4740 3185 4812 Evangelia
3223 4742 3436 4807 dicunt,
3469 4741 3701 4813 gloriam

414 4834 616 4888 dicitur
658 4841 713 4887 et
754 4831 982 4901 populus
1033 4832 1087 4885 in
1120 4834 1531 4887 consecratione
1567 4834 1759 4888 domus
1792 4835 2007 4890 Domini
2107 4843 2358 4905 tanquam
2400 4832 2654 4902 unigeniti
2679 4850 2710 4885 α
2730 4831 2891 4886 Patre
2912 4831 3123 4902 plenum
3146 4834 3335 4902 gratia:
3362 4842 3414 4885 et
3433 4832 3698 4885 veritatis.

416 4928 641 4998 gloriam
664 4926 759 4979 Dei
784 4925 970 4980 lsrael.
1003 4925 1109 4980 Sed
1135 4936 1190 4979 et
1216 4926 1284 4980 de
1323 4926 1630 4996 huiusmodi
1662 4926 1830 4997 gloria
1882 4943 2002 4997 qua:
2180 4926 2305 4979 Non
2326 4923 2517 4989 solum,
2547 4923 2636 4978 sed
2662 4934 2709 4978 et
2733 4923 3025 4994 gloriamur
3063 4924 3117 4977 in
3137 4922 3569 4978 tribulationibus
3595 4940 3699 4977 no—

413 5017 585 5070 videri
633 5015 828 5085 potuit,
880 5030 1044 5070 ausus
1072 5025 1154 5070 est
1178 5015 1398 5080 Paulus,
1444 5017 1535 5084 qui
1565 5026 1684 5071 erat
1710 5019 1999 5087 mysterio-
2104 5018 2248 5072 stris.
2286 5014 2469 5085 (Aug)
2510 5013 2662 5081 Quod
2703 5025 2883 5069 autem
2914 5016 3009 5080 ait,
3045 5032 3148 5069 non
3180 5015 3352 5069 solum
3379 5025 3577 5079 autem,
3602 5016 3699 5073 sed

416 5124 539 5164 rum
569 5107 663 5161 Dei
713 5122 933 5178 gnarus,
983 5108 1336 5176 pronuntiare
1381 5109 1523 5177 quod
1570 5109 1658 5162 illa
1693 5109 1863 5177 gloria
1908 5111 2001 5164 de-
2104 5120 2151 5163 et
2182 5108 2473 5180 gloriamur
2500 5109 2554 5160 in
2582 5107 3033 5172 tribulationibus,
3082 5116 3137 5163 et
3168 5119 3391 5172 caetera,
3426 5108 3698 5179 gradatim

416 5207 677 5263 struetur,
709 5213 829 5267 quae
854 5198 1018 5252 etiam
1043 5198 1097 5251 in
1146 5198 1295 5253 vultu
1325 5198 1495 5270 Moysi
1523 5200 1823 5255 videbatur.
1876 5200 2002 5256 Haec
2104 5199 2350 5269 perducit
2378 5213 2547 5268 usque
2570 5198 2638 5252 ad
2668 5199 2989 5253 charitatem
3025 5198 3143 5264 Dei,
3174 5215 3340 5269 quam
3367 5199 3694 5253 charitatem

417 5300 599 5345 autem
625 5289 794 5358 gloria
818 5304 936 5357 quae
964 5296 1232 5357 speratur,
1256 5289 1322 5344 de
1345 5305 1450 5358 qua
1476 5291 1605 5345 dicit
1633 5292 1687 5343 in
1707 5308 1793 5360 spe
1821 5292 2002 5361 gloria:
2106 5291 2238 5346 dicit
2264 5306 2362 5345 nos
2414 5290 2615 5345 habere
2642 5305 2740 5359 per
2768 5290 2967 5343 donum
2997 5288 3249 5360 Spiritus.
3297 5288 3564 5345 Monstrat
3598 5289 3693 5344 illa

416 5383 535 5445 Dei,
581 5396 855 5448 nunquam
902 5381 1228 5435 destruetur.
1262 5381 1359 5435 Est
1409 5382 1551 5436 enim
1599 5382 1742 5447 talis,
1788 5382 1855 5437 de
1891 5399 1997 5452 qua
2104 5383 2283 5437 omnia
2318 5397 2438 5451 quae
2484 5397 2772 5453 possumus
2826 5397 2926 5437 nos
2967 5384 3204 5438 tribuere
3258 5383 3371 5437 Deo
3423 5396 3546 5436 esse
3589 5383 3694 5435 tri-

420 5473 561 5527 idem
588 5471 878 5539 Apostolus
927 5471 1058 5525 dicit
1104 5471 1329 5541 loquens
1367 5471 1433 5526 de
1448 5472 1676 5528 ‘Chrislo
1719 5492 1731 5528 :
1768 5474 1872 5539 Qui
1899 5487 1993 5540 εει,
2104 5476 2337 5539 buenda,
2374 5475 2465 5543 qui
2508 5475 2769 5543 Spiritum
2816 5484 3063 5529 sanctum
3103 5490 3201 5545 per
3226 5475 3459 5545 gratiam
3488 5475 3694 5528 donare

421 5565 612 5631 inquit,
666 5562 905 5630 splendor
926 5562 1107 5631 gloria:
1145 5574 1193 5615 et
1216 5565 1387 5633 ﬁgura
1412 5581 1654 5633 expressa
1691 5566 1997 5621 substantia:
2105 5567 2353 5636 dignatus
2376 5574 2481 5631 est,
2529 5565 2775 5634 quoniam
2814 5581 2906 5635 per
2925 5566 3307 5639 ,tribulationes
3349 5575 3552 5634 ερον-ιιι
3594 5582 3692 5618 nos

421 5654 533 5720 ejus
562 5651 718 5723 (Heb.
751 5654 811 5721 ι).
866 5652 1039 5721 Hujus
1069 5653 1252 5720 gloria:
1283 5670 1411 5723 ergo
1448 5656 1690 5710 videnda:
1729 5672 1878 5725 spem
1906 5672 1997 5727 ge-
2104 5656 2318 5709 introire
2350 5658 2407 5709 in
2430 5672 2645 5726 regnum
2670 5656 2767 5710 Dei
2798 5655 2935 5727 (Act.
2968 5657 3139 5727 xxrv),
3178 5657 3411 5727 ideoque
3435 5667 3490 5713 et
3517 5657 3574 5711 in
3602 5657 3694 5714 his

424 5747 653 5809 runthi,
699 5748 763 5800 de
791 5746 987 5814 quibus
1010 5744 1212 5800 dictum
1237 5756 1353 5801 est:
1406 5746 1557 5801 Beati
1596 5747 1788 5801 ηιαηᾱο
1817 5749 1991 5812 corde,
2103 5746 2439 5812 gloriandum
2496 5747 2670 5801 docet.
2742 5746 2865 5814 Spei
2928 5756 3110 5801 autem
3173 5748 3355 5804 addita
3410 5747 3694 5806 tribulatio
