3960 6328
174 374 198 429 1
209 373 317 431 309

698 365 1244 429 ENARRATIONUM
1281 366 1346 423 1N
1384 367 1532 424 EPP.
1576 367 1762 425 PAUL

1863 367 1949 423 is.
1990 366 2076 438 ιιι.
2118 396 2190 406 -
2225 363 2291 425 IN
2330 329 2566 421 Episr.‘
2592 359 2682 417 AD
2718 317 2912 418 non.

3304 360 3446 418 1370

172 491 521 556 augmentum
551 480 681 536 facit
711 462 919 552 praemii
949 498 961 533 :
1018 479 1177 533 index
1199 463 1492 532 enim-lixae
1516 477 1631 547 spei
1657 476 1755 531 tri-
1780 480 1834 541 Α
1859 484 1966 539 tur,
1991 475 2085 531 sed
2115 489 2215 546 per
2240 474 2471 545 gratiam
2498 474 2671 529 sancti
2709 471 2945 542 Spiritus
2970 469 3287 547 infunditur.
3316 472 3446 529 Hart.
3512 482 3521 501 ί

173 574 378 631 bulatio
404 582 506 637 est,
558 587 678 644 quae
708 570 1075 627 testimonium
1104 569 1353 638 perhibet
1377 568 1446 622 ad
1473 580 1754 623 coronam.

179 666 332 723 Unde
355 665 613 721 Dominus
637 664 713 717 ait
737 682 750 717 :
792 662 942 719 Beati
992 660 1137 713 eritis
1180 675 1298 712 eum
1328 675 1416 713 vos
1444 672 1756 728 persequen—

173 765 263 810 tur
301 763 349 808 et
377 755 549 808 dicent
576 769 726 807 omne
752 750 971 805 malum
1004 750 1278 802 adversum
1308 764 1395 801 vos
1421 755 1630 816 propter
1662 736 1759 814 ju-

170 846 371 902 stitiam
401 845 528 910 Dei;
544 844 763 915 gaudete
796 851 843 896 et
858 839 1133 904 exsultate,
1155 856 1271 894 ecce
1298 838 1435 893 enim
1460 838 1667 907 copiosa
1682 844 1759 891 est

171 954 368 992 merces
397 947 565 991 vestra
590 936 646 989 in
671 933 798 988 ccelo
844 931 1059 1004 (Matth.
1090 931 1165 1002 v).
1210 931 1570 985 Contemnere
1612 928 1760 982 enim

169 1027 481 1097 praesentia,
512 1031 568 1079 et
592 1010 714 1094 quae
735 1022 1132 1078 oblectamento
1161 1030 1309 1085 sunt,
1339 1027 1394 1075 et
1423 1016 1477 1074 in
1502 1032 1758 1088 pressura

170 1132 282 1173 non
323 1109 517 1175 cedere
558 1129 654 1184 spe
699 1112 1025 1177 futurorum,
1050 1112 1230 1182 magni
1278 1110 1460 1166 meriti
1501 1119 1585 1165 est
1619 1109 1760 1180 apud

171 1206 363 1262 Deum.
427 1206 659 1276 ldeoque
716 1205 771 1259 in
840 1204 1192 1267 tribulatione
1250 1202 1595 1273 gloriandum
1654 1210 1766 1266 est,

168 1300 298 1370 quia
350 1306 499 1353 tanto
549 1297 669 1367 plus
722 1305 1073 1367 accepturum
1126 1310 1186 1350 se
1235 1293 1446 1358 credit,
1498 1302 1758 1358 quantum

169 1389 228 1444 in
267 1388 612 1444 tribulatione
658 1402 716 1443 se
741 1387 940 1459 viderit
982 1384 1284 1441 fertiorem.
1339 1384 1575 1441 Scientes
1620 1378 1760 1455 quod

154 1480 441 1535 ‘tribulatio
497 1467 804 1550 patientiam
850 1482 1115 1549 operatur.
1188 1476 1438 1550 (Ambig)
1491 1475 1605 1532 Hoc
1653 1467 1776 1540 est,

170 1570 923 1642 tribulationempatientiam
958 1570 1197 1642 operari,
1239 1570 1284 1624 si
1334 1568 1606 1624 tribulatio
1644 1568 1759 1637 ipsa

168 1672 377 1719 motum
438 1678 546 1718 non
610 1664 866 1733 patiatur,
933 1661 1264 1717 inﬁrmitatis
1318 1669 1411 1715 aut
1470 1656 1763 1715 dubitatio-

163 1737 277 1827 nis.
316 1753 584 1807 Patientia
624 1763 797 1829 autem
833 1752 1212 1823 probationem.
1261 1750 1603 1811 Manifestum
1652 1756 1759 1813 est,

1860 566 2155 621 secundum
2188 564 2455 621 sermOnis
2478 565 2647 633 ipsius
2672 563 2761 618 vel
2788 562 2981 617 littera:
3006 564 3443 631 consequentiam

1858 671 1958 726 pro
2003 655 2354 726 adapertione
2403 653 2681 736 apostolici
2722 654 2923 734 eloquii
2965 653 3250 723 explanata
3314 653 3453 715 sint._

1860 748 2012 804 Nunc
2027 747 2140 817 jam
2161 748 2290 818 quid
2315 747 2544 803 interior
2564 762 2754 801 sensus
2777 748 3053 803 contineat
3080 747 3441 816 requiramus.

1826 899 1829 902 ν
1859 835 1928 890 Ει
1946 837 2125 907 primo
2153 836 2219 890 de
2244 834 2563 917 gloriatione
2588 833 3044 903 videamus,qu0d
3066 835 3222 899 dixit,
3240 830 3437 888 Gloria-

1859 945 1979 983 mur
2004 929 2060 982 in
2083 927 2508 982 tribulationibus
2534 927 2746 981 nostris.
2780 924 2969 1004 Sermo
2992 927 3138 981 enim
3167 925 3446 996 gloriatio-

1862 1017 1947 1071 nis
1994 1017 2264 1072 interdum
2316 1015 2665 1073 laudabiliter
2712 1015 2767 1068 in
2800 1012 3123 1085 Scripturis,
3175 1015 3446 1070 interdum

1860 1110 2197 1193 culpabiliter
2229 1110 2464 1181 ponitur.
2494 1134 2498 1139 -
2527 1108 2741 1164 Etenim
2797 1123 2921 1163 cum
2970 1106 3099 1163 dicit
3138 1107 3400 1164 Jeremias
3429 1125 3446 1163 :

1839 1200 1994 1274 'Htec
2020 1200 2145 1255 dicit
2171 1201 2470 1256 Dominus:
2504 1198 2627 1255 Non
2651 1200 2908 1271 glorietur
2934 1200 3221 1271 sapiens‘in
3247 1201 3452 1271 sapien-

1861 1290 1935 1343 tia
1962 1306 2083 1354 sua,
2116 1306 2209 1363 nec
2245 1290 2395 1358 fortis
2428 1290 2483 1344 in
2515 1289 2824 1360 fortitudine
2858 1306 2976 1355 sua,
3010 1305 3173 1355 neque
3197 1288 3451 1359 glorietur

1860 1381 2003 1434 dives
2028 1380 2089 1433 in
2123 1379 2318 1433 divitiis
2346 1380 2457 1432 suis
2485 1394 2504 1433 :
2530 1380 2620 1433 sed
2650 1381 2707 1433 in
2729 1380 2831 1434 hoc
2860 1372 3114 1450 glorietur
3136 1379 3226 1449 qui
3254 1376 3451 1449 gloria-

1862 1458 1980 1537 tur,
1998 1456 2287 1540 intelligere
2321 1477 2369 1522 et
2401 1484 2679 1538 agnoscere
2712 1484 2814 1533 me,
2838 1469 2967 1545 quia
2989 1484 3082 1539 ego
3110 1452 3227 1522 sum
3266 1465 3453 1520 Domi-

1863 1577 1961 1615 nus
2001 1560 2092 1631 qui
2119 1562 2294 1614 statuo
2325 1559 2739 1614 misericordiam
2766 1568 2815 1612 et
2832 1559 3090 1629 judicium
3117 1568 3165 1612 et
3182 1558 3451 1628 justitiam

1862 1666 2017 1721 super
2054 1660 2248 1711 terram
2288 1648 2422 1722 (Jer.
2466 1649 2566 1720 ιι),
2620 1650 2674 1703 in
2717 1664 2827 1704 uno
2872 1645 3453 1719 eodemque-capitulo

1868 1740 2243 1811 glbriationem
2284 1749 2341 1795 et
2385 1738 2729 1795 laudabiliter
2767 1747 2825 1793 et
2862 1739 3216 1808 culpabiliter'
3246 1737 3449 1808 posuit.

166 1824 297 1917 quia
344 1826 709 1916 patientia,si
739 1819 863 1898 talis
889 1842 1055 1897 fuerit
1080 1841 1293 1912 qualem
1315 1840 1574 1917 diximus,
1605 1819 1838 1895 ﬁrma.B
1866 1831 2000 1887 Nam
2037 1832 2083 1887 Si
2118 1832 2260 1901 quis,
2302 1832 2509 1901 inquit.
2540 1831 2812 1902 gloriatur
2832 1830 2924 1899 vel
2953 1831 3005 1885 in
3037 1831 3299 1900 Sapicnlia
3331 1842 3452 1894 sua.

165 1912 441 2013 videbitur
508 1934 775 2004 probatio.
848 1926 1103 1985 Pr'obatio
1171 1940 1347 1989 autem
1401 1912 1563 1996 spem'.
1626 1928 1762 1999 Spes

165 2028 222 2085 in
262 2044 329 2084 eo
366 2027 458 2098 qui
500 2024 761 2097 probatus
798 2023 1034 2088 videtur,
1084 2037 1190 2077 non
1230 2021 1502 2076 immerito
1542 2020 1757 2076 dicitur.

165 2124 373 2196 Dignus
396 2124 539 2178 enim
574 2122 801 2183 scietur,
827 2127 1149 2189 accepturus
1184 2118 1677 2173 remunerationem
1708 2117 1761 2171 in

166 2233 336 2290 regno
365 2217 478 2271 Dei.
505 2213 633 2286 Spes
662 2223 838 2267 autem
884 2229 988 2267 non
1032 2211 1305 2285 cqnfundit
1328 2225 1347 2263 :
1368 2211 1493 2281 quia
1533 2208 1763 2267 charitas

168 2308 266 2362 Dei
294 2309 492 2375 diffusa
523 2315 598 2360 est
629 2306 685 2359 in
714 2304 957 2359 cordibus
994 2304 1184 2357 nostris
1218 2318 1311 2372 per
1341 2294 1595 2371 Spiritum
1633 2316 1759 2354 san-

164 2409 308 2453 etum
345 2398 439 2468 qui
479 2397 636 2449 datus
677 2404 751 2448 est
784 2393 951 2447 nobis.
998 2392 1282 2466 Spesnon
1324 2388 1603 2445 confundit
1633 2388 1760 2442 dum

164 2488 318 2545 stulti
345 2498 401 2543 et
426 2487 649 2543 hebetes
670 2501 701 2539 a
730 2483 950 2554 perﬁdis
974 2482 1301 2551 iudicamur,
1328 2474 1611 2535 credentes
1640 2492 1762 2549 quae

165 2580 441 2637 mundana
486 2586 677 2634 carent
721 2578 931 2631 ratione
979 2593 993 2630 :
1045 2574 1239 2645 pignus
1292 2573 1436 2626 enim
1482 2569 1764 2625 charitatis

165 2669 268 2726 Del
318 2660 581 2723 habemus
642 2668 698 2722 in
752 2666 909 2721 nobis
964 2649 1233 2734 Spiritum
1293 2671 1540 2741 sanctum
1577 2662 1760 2715 datum

165 2765 327 2837 nobis
362 2778 377 2816 :
417 2763 572 2818 ﬁdele
636 2761 778 2816 enim
838 2774 958 2814 esse
1017 2757 1343 2828 promissum
1415 2754 1509 2809 Dei
1565 2756 1760 2823 probat

168 2851 407 2923 Spiritus
433 2857 654 2905 sanctus
674 2848 831 2902 datus
853 2845 1131 2915 apostolis,
1155 2852 1212 2898 et
1229 2841 1405 2906 nobis,
1432 2843 1521 2911 qui
1549 2842 1762 2910 praesti-

166 2946 235 3000 tit
253 2952 315 2998 ut
335 2942 571 2998 diversis
598 2939 793 3009 linguis
822 2935 1058 3007 imperiti
1100 2934 1469 3004 loquerentur,
1504 2947 1624 2987 cum
1677 2932 1763 2984 in-

166 3034 649 3108 terpretationibus
705 3030 772 3084 ad
802 3027 1231 3084 conﬁrmandam
1259 3040 1433 3095 spem,
1465 3032 1526 3077 ut
1548 3032 1604 3079 et
1627 3025 1759 3077 cha-

167 3133 389 3188 ritatem
429 3129 525 3184 Dei
564 3123 968 3182 commendaret
1004 3116 1067 3173 in‘
1093 3118 1270 3183 nobis;
1316 3126 1375 3171 ut
1410 3116 1534 3186 quia
1564 3116 1761 3169 charos

1867 1925 1950 1980 vel
1980 1925 2032 1978 in
2065 1923 2503 1990 fortituditte,vel
2543 1924 2598 1978 in
2636 1924 2858 1989 divitiis,
2888 1923 3225 1992 culpabiliter
3255 1922 3456 1994 gloria-

1865 2023 1981 2080 tur;
2014 2015 2059 2069 si
2086 2015 2209 2085 quis
2240 2029 2371 2077 vero
2398 2014 2451 2069 in
2481 2014 2823 2084 agnoscendo
2851 2013 3135 2068 Dominum
3165 2006 3451 2084 gloriatur,

1864 2096 1927 2161 et
1955 2100 2226 2160 intellectu
2260 2105 2587 2176 judiciorum
2614 2104 2754 2175 ejus,
2784 2112 2841 2158 et
2866 2094 3250 2159 misericordia:
3277 2110 3333 2155 et
3364 2098 3471 2171 ju-'

1864 2196 2045 2259 stitize,
2073 2195 2412 2250 laudabiliter
2436 2194 2716 2265 gloriatur.
2733 2192 2867 2249 Cum
2893 2209 3021 2265 ergo
3048 2193 3150 2248 iste
3175 2206 3357 2247 sermo
3383 2192 3452 2246 ad

1863 2294 2155 2355 utrumque
2184 2285 2427 2361 respicit,
2457 2284 2841 2353 requirendum
2871 2285 3027 2339 nobis
3063 2291 3146 2338 est
3176 2281 3455 2359 inquibus

1864 2383 2017 2431 recta
2051 2375 2299 2447 gloriatio
2333 2376 2423 2439 sit,
2454 2386 2512 2430 et
2538 2375 2592 2429 in
2619 2374 2815 2444 quibus
2850 2374 3028 2432 minus
3075 2381 3222 2428 recta
3253 2370 3451 2456 gloria-

1863 2468 1959 2522 tio.
1975 2466 2127 2535 Quod
2155 2467 2229 2521 ita
2257 2467 2471 2521 denmm
2499 2464 2795 2535 poterimus
2817 2478 3133 2535 agnoscere,
3157 2463 3204 2518 si
3228 2470 3453 2525 naturas

1864 2572 2048 2612 rerum
2072 2548 2407 2626 .competenti
2448 2556 2792 2613 distinctiOne
2834 2565 3131 2611 teneamus.
3171 2553 3325 2622 Quod
3359 2571 3455 2610 au-

1865 2654 1973 2702 tem
2004 2647 2257 2712 dicimus,
2288 2646 2393 2701 tale
2429 2655 2532 2708 est.
2564 2645 2756 2701 Omnia
2782 2661 2903 2716 qua:
2934 2655 3057 2701 sunt
3084 2645 3168 2700 vel
3200 2654 3452 2717 aguntur,

1864 2743 1957 2788 aut
1977 2735 2115 2788 bona
2145 2743 2291 2799 sum,
2322 2744 2415 2790 aut
2440 2736 2604 2801 mala,
2629 2744 2724 2791 aut
2753 2734 3133 2791 indiﬂ'erentia.
3162 2736 3237 2791 De
3252 2737 3453 2805 quibus

1863 2825 2112 2894 quamvis
2133 2824 2289 2880 latior
2308 2825 2494 2882 haberi
2520 2827 2714 2881 debeat
2736 2826 3051 2896 disputatio,
3077 2836 3256 2883 tamen
3280 2842 3454 2897 quan-

1866 2924 1978 2969 tum
2008 2916 2073 2969 ad
2112 2928 2433 2985 praesentem
2472 2916 2647 2974 locum
2690 2916 2885 2973 suﬁicit
2920 2917 3277 2988 proferemus.
3304 2917 3452 2971 Bona

1866 3004 1957 3058 illa
1996 3013 2202 3060 certum
2231 3015 2313 3069 est
2343 3007 2560 3076 proprie
2598 3006 2704 3061 dici
2723 3048 2739 3072 ,
2772 3023 2893 3076 qua:
2923 3008 2991 3061 ad
3028 3007 3258 3063 virtutes
3287 3007 3456 3081 animi

1866 3094 2170 3164 pertinent;
2214 3106 2269 3149 et
2293 3095 2431 3150 mala
2459 3112 2522 3151 ea
2553 3096 2665 3151 sola
2690 3096 2924 3163 deﬁniri,
2951 3112 3071 3167 quae
3097 3099 3165 3151 ad
3187 3096 3444 3151 malitiam

167 3162 389 3188 "saluus
430 3162 525 3184 υῡι
564 3162 968 3182 νυιιιιιινι-υιυην-
1006 3162 1058 3173 η-
1093 3162 1270 3183 ..νωη
1320 3162 1375 3171 ..τ
1411 3162 1534 3186 Ἰν-..
1567 3162 1686 3169 ---..-
1704 3162 1758 3168 --

166 3221 282 3277 talli
311 3216 644 3289 impossibile
679 3222 791 3277 est,
819 3224 1041 3266 securos
1070 3223 1168 3263 nos
1200 3207 1403 3262 iaceret
1431 3207 1495 3261 de
1522 3204 1757 3274 promis-

1866 3195 2129 3255 spectant,
2163 3197 2211 3242 et
2244 3197 2432 3242 contra
2458 3188 2633 3259 legem
2663 3188 2770 3242 Dei'
2788 3162 3060 3259 aguntur:
3094 3199 3288 3244 caetera
3319 3203 3450 3245 vero

166 3314 345 3376 sione,
387 3309 510 3380 quia
555 3316 610 3363 et
649 3306 792 3361 Deus
826 3304 945 3369 est,
987 3300 1077 3371 qui
1120 3298 1389 3370 promisit,
1411 3306 1467 3351 et
1506 3296 1590 3350 his
1627 3310 1762 3365 quos

166 3405 365 3459 charos
423 3398 624 3453 habere
672 3394 786 3448 vult
829 3390 1098 3461 promisit.
1138 3386 1335 3458 (Ut-ig.)
1383 3386 1596 3440 Primus
1645 3393 1758 3438 sta-

169 3494 269 3548 tim
300 3503 479 3546 sermo
519 3485 737 3558 capituli
765 3481 923 3551 hujus
973 3478 1340 3548 ambiguitatis
1390 3475 1593 3545 aliquid
1637 3489 1763 3529 con-

169 3586 310 3641 tinet
346 3600 358 3635 :
402 3595 508 3635 non
549 3579 693 3633 enim
733 3574 898 3629 habet
937 3573 1001 3625 in'
1031 3568 1488 3638 consequentibus
1529 3566 1595 3620 ad
1632 3562 1762 3633 quid

169 3671 368 3729 referri
405 3670 599 3725 debeat
633 3665 777 3735 quod
816 3663 984 3723 dixit,
1019 3658 1141 3713 Non
1176 3658 1346 3712 solum
1382 3665 1576 3710 autem.
1607 3652 1761 3709 Unde

168 3763 295 3818 vide
346 3761 388 3815 si
439 3758 711 3828 possimus
748 3755 852 3808 hoc
879 3752 1041 3806 modo
1077 3749 1481 3819 ambiguitatem
1510 3743 1765 3800 elocutio-

170 3856 259 3912 nis
288 3852 588 3908 absolvere.
620 3847 888 3913 Quoniam
922 3845 974 3898 in
1002 3840 1370 3912 superioribus
1399 3836 1567 3892 multa
1606 3835 1764 3889 nobis

170 3961 272 4017 per
297 3943 580 3999 Dominum
605 3946 851 3993 nostrum
876 3933 1057 3988 Jesum
1083 3932 1358 3986 Christum
1384 3928 1620 3999 praestita
1643 3940 1763 3981 esse

171 4016 475 4109 perdocuit,
511 4040 569 4086 ut
605 4044 727 4085 cum
768 4026 896 4112 dicit
934 4022 1254 4094 jnstiﬁcatos
1287 4036 1384 4074 nos
1412 4034 1531 4074 esse
1560 4034 1627 4072 ex
1660 4016 1765 4070 ﬁde

172 4141 272 4199 per
298 4124 581 4178 Dominum
613 4109 856 4174 nostrum
874 4115 1056 4170 Jesum
1075 4112 1371 4183 Christum,
1396 4119 1451 4163 et
1472 4124 1565 4178 per
1587 4109 1761 4177 ipsum

174 4231 457 4275 accessum
488 4213 685 4268 habere
704 4212 768 4264 "in
799 4208 1029 4280 gratiam
1062 4206 1239 4267 istam,
1272 4218 1368 4273 per
1395 4203 1569 4272 ipsum
1599 4200 1761 4254 etiam

175 4307 396 4381 gloriari
434 4305 486 4359 in
526 4318 621 4372 spe
648 4284 833 4371 glorise
862 4298 954 4351 Dei
974 4314 988 4360 ;
1006 4295 1094 4349 —ad
1123 4296 1237 4348 haec
1266 4293 1444 4347 omnia
1476 4306 1594 4359 quae
1621 4289 1762 4343 dicta

176 4409 324 4465 sunt,
354 4397 545 4453 referri
573 4404 701 4465 puto
729 4393 922 4447 debere
942 4410 954 4443 :
978 4386 1100 4441 Non
1122 4385 1291 4440 solum
1316 4393 1509 4444 autem,
1536 4382 1640 4436 hoc
1660 4389 1761 4445 est,

177 4491 297 4547 Non
338 4488 510 4543 soluat
554 4486 677 4545 hoc,
708 4482 851 4552 quod
891 4492 1053 4547 supra
1092 4476 1238 4539 dixi;
1269 4474 1363 4528 sed
1400 4480 1454 4527 et
1492 4472 1590 4526 hoc
1621 4469 1763 4540 quod

178 4577 470 4655 gloriamur
506 4578 562 4630 in
606 4569 1025 4627 tribulationibus
1067 4566 1289 4629 nostris,
1336 4578 1431 4632 per
1476 4562 1759 4616 Dominum

178 4650 423 4729 nostrum
457 4668 640 4723 Jesum
684 4662 957 4718 Christum
995 4658 1275 4713 habemus.
1306 4652 1527 4707 Cmteris
1562 4650 1762 4704 etenim

179 4765 235 4820 in
267 4760 613 4818 tribulatione
640 4752 997 4811 tristantihus,
1038 4763 1136 4801 nos
1166 4745 1346 4816 gloria:
1373 4744 1539 4812 ipsius
1565 4741 1763 4794 virtute

182 4854 444 4919 roborati,
502 4852 555 4903 in
618 4822 1051 4901 tribulationibus
1103 4837 1418 4907 gloriamur.
1469 4832 1761 4888 Didicimus

182 4957 419 5014 namque
446 4952 638 4994 novam
667 4950 734 4989 ex
763 4930 1064 4987 eruditione
1104 4926 1285 4997 ipsius.
1314 4922 1667 4991 disciplinam,
1704 4930 1764 4973 ut

182 5011 665 5108 pertribulationes
685 5025 882 5079 bonum
905 5015 1173 5089 patientiae
1186 5016 1458 5085 capiamus
1475 5030 1487 5077 ;
1506 5011 1767 5065 habentes

184 5105 313 5184 vero
339 5122 610 5195 patientia:
628 5118 860 5179 bonum,
879 5110 1183 5182 probabiles
1210 5105 1516 5174 judicemur
1543 5120 1554 5155 ε
1587 5110 1639 5155 et
1672 5116 1768 5171 per

194 5194 500 5277 patientiam
529 5212 815 5268 multarum
848 5204 1249 5260 tribulationum
1266 5198 1496 5289 prpbati,
1515 5211 1664 5265 spem
1690 5194 1767 5247 fu-

197 5326 321 5365 .ura:
363 5326 393 5362 a
438 5307 547 5361 Deo
597 5296 1043 5357 remunerationis
1092 5294 1384 5348 habeamus
1413 5309 1424 5341 :
1452 5304 1570 5356 qua:
1620 5300 1763 5356 spes,

263 5400 312 5453 ia
343 5407 492 5453 certa
520 5402 576 5448 et
602 5406 727 5447 vera
763 5396 867 5451 est,
900 5402 1003 5440 non
1035 5382 1312 5439 confundit
1346 5388 1642 5450 sperantes.
1684 5377 1769 5431 Fi-

186 5490 310 5551 dem
347 5502 579 5555 namque
606 5493 661 5540 et
683 5496 831 5553 spem
862 5478 1206 5547 consequitur
1232 5474 1470 5531 charitas
1501 5472 1615 5531 Dei.
1647 5486 1765 5540 qua:

187 5583 430 5643 omnium
466 5577 637 5645 major
664 5582 778 5638 est,
808 5579 861 5625 et
889 5585 993 5623 non
1022 5567 1192 5622 solum
1225 5566 1392 5635 replet
1416 5573 1648 5617 mentem
1679 5577 1769 5616 no-

188 5685 381 5737 stram,
410 5669 505 5725 sed
532 5664 852 5731 etabundat
878 5676 940 5714 ac
971 5657 1287 5713 diﬁ‘unditur
1316 5657 1368 5710 in
1395 5653 1645 5709 cordibus
1670 5668 1766 5707 no—

190 5768 342 5829 stris,
372 5776 472 5831 pro
502 5774 568 5815 eo
588 5756 730 5824 quod
754 5769 859 5809 non
886 5739 1123 5805 humana
1152 5762 1181 5800 a
1207 5746 1361 5802 nobis
1391 5752 1507 5798 arte
1537 5742 1766 5810 acquiri-

1862 3275 2220 3352 indiﬂ‘erentia
2258 3294 2402 3343 esse,
2440 3280 2493 3333 id
2524 3288 2638 3342 est,
2677 3293 2851 3347 neque
2890 3280 3052 3353 bona,
3099 3293 3273 3348 neque
3311 3279 3451 3334 mala

1860 3369 2211 3435 nominanda,
2237 3378 2297 3423 ut
2320 3378 2447 3425 sunt
2470 3370 2688 3436 divitiae,
2708 3370 2915 3439 species
2938 3371 3204 3439 corporis,
3220 3380 3275 3426 et
3300 3369 3455 3426 forti-

1861 3460 2007 3519 tudo,
2039 3458 2123 3513 vel
2162 3460 2484 3529 proceritas,
2521 3469 2683 3529 atque
2721 3474 2783 3514 ea
2816 3474 2934 3528 qute
2976 3460 3451 3535 corporis‘usibus

1861 3548 2122 3603 serviunt.
2178 3546 2234 3603 Si
2283 3550 2404 3618 quis
2457 3549 2619 3620 igitur
2672 3544 3071 3605 distinctionem
3122 3549 3453 3607 diversitatis

1862 3638 2021 3707 hujus
2048 3640 2279 3709 ignorat,
2308 3649 2363 3693 et
2389 3640 2651 3711 gloriatur
2676 3641 2731 3695 in
2760 3641 2846 3695 his
2876 3656 2995 3711 quae
3030 3624 3134 3695 non
3171 3650 3297 3695 sunt
3321 3656 3452 3695 vere

1863 3728 2033 3793 bona,
2070 3743 2171 3783 nec
2205 3728 2270 3782 ad
2297 3730 2564 3784 virtutem‘
2583 3730 2747 3784 animi
2783 3730 3083 3800 pertinent,
3115 3729 3454 3800 culpabiliter

1864 3820 2151 3892 gloriatur.
2204 3820 2403 3877 Paulus
2440 3836 2567 3877 vero
2596 3823 2684 3890 qui
2726 3823 2777 3875 in
2810 3821 2894 3875 his
2918 3830 3037 3876 erat
3068 3822 3449 3891 peritissimus,

1864 3929 1988 3969 cum
2010 3913 2234 3967 dixisset
2256 3914 2381 3982 quia
2402 3912 2691 3983 gloriamur
2709 3913 2764 3965 in
2789 3910 3211 3966 tribulationibus
3237 3914 3452 3977 nostris,

1865 4020 1933 4060 ne
1962 4005 2101 4059 forte
2130 4012 2411 4071 putaretur
2440 4005 2494 4059 in
2526 4004 2687 4058 rebus
2718 4002 3145 4059 indiﬂerentibus
3177 4015 3232 4059 et
3260 4004 3454 4059 mediis

1866 4095 2108 4166 gloriari,
2134 4096 2308 4149 reddit
2334 4095 2595 4155 continuo
2624 4092 2910 4158 rationem,
2942 4102 2996 4146 et
3033 4092 3269 4147 ostendit
3311 4092 3453 4163 quod

1867 4188 2114 4259 gloriatio
2143 4202 2260 4242 sua.
2290 4200 2452 4255 quam
2480 4186 2533 4239 in
2565 4183 2999 4242 tribulationibus
3025 4183 3183 4238 habet
3203 4224 3217 4249 ,
3248 4184 3316 4237 ad
3346 4183 3455 4237 vir-

1870 4286 2008 4333 tutes
2045 4278 2209 4331 animi
2251 4277 2538 4346 pertineat.
2588 4275 2727 4331 Dicit
2765 4274 2944 4339 enim,
2990 4275 3115 4343 quia
3157 4273 3451 4339 tribulatio,

1867 4387 1965 4442 pro
2001 4386 2108 4441 qua
2151 4369 2367 4441 glorior,
2410 4368 2715 4438 patientiam
2746 4376 3009 4437 operatur,
3050 4366 3301 4437 patientia
3333 4382 3451 4419 vero

1868 4460 2254 4530 probationem,
2295 4458 2532 4528 probatio
2562 4472 2679 4511 vero
2700 4472 2873 4529 spem,
2906 4472 3018 4525 spes
3046 4471 3165 4509 vero
3194 4471 3297 4509 non
3330 4471 3453 4510 con-

1867 4550 2061 4620 fundit,
2096 4551 2221 4620 quia
2257 4549 2485 4603 charitas
2526 4546 2619 4600 Dei
2642 4547 2844 4615 ili/fusa
2873 4555 2947 4599 est
2988 4547 3045 4598 in
3075 4544 3317 4597 cordibus
3358 4561 3455 4599 no-

1866 4642 2010 4704 stris,
2050 4656 2141 4709 per
2180 4637 2431 4706 Spiritum
2472 4645 2709 4690 sanctum
2735 4649 2751 4686 :
2777 4643 2832 4690 et.
2866 4636 2920 4689 in
2944 4628 3043 4689 bis
3082 4634 3273 4689 edocet
3308 4634 3453 4703 quod

1867 4746 1963 4801 per
2006 4731 2356 4785 succedentes
2383 4726 2484 4781 sibi
2510 4727 2741 4781 virtutes
2768 4726 3017 4795 gloriatio
3045 4725 3451 4780 tribulationum

1867 4835 2035 4889 usque
2070 4819 2135 4874 ad
2174 4819 2345 4872 sancti
2384 4816 2618 4886 Spiritus
2654 4816 2861 4871 culmen
2898 4815 3169 4871 ascendat.
3203 4814 3357 4881 Quod
3394 4815 3449 4871 in

1866 4915 2113 4987 praesenti
2171 4912 2403 4981 capitulo
2457 4909 2742 4981 Apostolus
2792 4909 2954 4975 dicit,
3008 4908 3133 4978 quia
3183 4905 3450 4960 tribulatio

1864 5007 2169 5078 patientiam
2216 5013 2482 5075 operatur,
2532 5001 2579 5056 si
2638 5000 2952 5071 patientiam
3001 5012 3163 5053 unam
3215 5011 3335 5055 esse
3381 5010 3451 5051 ex

1867 5098 2029 5152 animi
2055 5096 2344 5149 virtutibus
2382 5101 2611 5156 constat,
2657 5090 2930 5147 tribulatio
2969 5089 3089 5145 sine
3130 5087 3292 5143 dubio
3330 5101 3452 5157 quae

1866 5189 2093 5243 virtutes
2120 5186 2283 5240 animi
2313 5184 2475 5255 parit,
2504 5197 2681 5254 neque
2708 5182 2868 5247 mala,
2902 5194 3077 5250 neque
3105 5176 3450 5245 indifferens,

1867 5280 1957 5335 sed
1989 5280 2127 5333 bona
2154 5277 2465 5348 appellanda
2490 5283 2591 5331 est.
2624 5274 2682 5328 In
2719 5281 2922 5327 tantum
2952 5280 3154 5335 autem,
3192 5270 3333 5324 sicut
3360 5282 3455 5324 suo

1865 5372 1963 5444 pra
1990 5374 2243 5438 diximus,
2282 5370 2542 5442 patientia
2576 5370 2748 5423 virtus
2784 5365 2949 5420 animi
2976 5363 3201 5419 dicenda
3235 5371 3351 5426 est,
3388 5375 3455 5417 us

1866 5479 1965 5537 per
2002 5464 2314 5534 patientiam
2374 5461 2516 5515 dicat
2564 5457 2935 5530 probationem
2989 5454 3159 5509 nostri
3206 5450 3353 5516 ﬁeri,
3392 5457 3452 5506 et

1865 5573 1962 5628 per
1989 5556 2353 5626 probationem
2386 5539 2539 5623 Spem
2566 5549 2709 5605 dari:
2740 5556 2859 5617 quae
2885 5546 3070 5615 utique
3099 5543 3364 5613 quoniam
3392 5541 3448 5594 in

1869 5649 1980 5702 Deo
2006 5650 2106 5701 sita
2135 5654 2245 5709 est,
2287 5644 2377 5713 qui
2407 5642 2663 5696 virtutum
2705 5638 2941 5692 omnium
2984 5642 3137 5704 pater
3180 5641 3296 5695 est,
3337 5644 3447 5683 non

1867 5737 2155 5793 confundit.
2182 5742 2509 5805 Sperantem.
2544 5729 2713 5785 Simul
2743 5727 2886 5783 enim
2908 5740 3029 5780 cum
3058 5737 3152 5793 spe
3177 5730 3233 5776 et
3265 5718 3446 5774 chari-
