3960 6318
554 359 688 417 15⁷1

1195 359 1255 415 Β.
1302 359 1555 416 ΗΑΒΑΝΙ
1595 358 1816 423 MAURI
1850 358 2168 420 ARCHIE‘P.
2210 357 2519 421 MOGUNT.
2550 358 2838 426 OPERUM
2876 359 3057 418 PARS
3089 363 3176 425 HI.

3693 368 3807 424 1371

552 475 679 533 tatis
702 472 1087 529 abundantiam
1112 480 1283 536 tenet,
1310 487 1428 540 quae
1452 472 1628 540 primo
1650 472 1791 535 loco,
1817 471 2140 540 quiamajor
2169 476 2217 543 Α
2245 478 2345 531 est.
2388 471 2539 540 lmpii
2598 485 2828 540 namque
2887 463 3104 527 eramus
3150 482 3469 543 antequam“
3487 486 3808 532 convertere—

550 569 786 622 omnium
842 568 1219 631 estrcharitas,
1268 566 1480 635 spiritui
1543 565 1843 635 copulatur.
1898 563 2051 630 Quod
2092 562 2139 616 si

550 660 672 728 quis
702 658 855 714 nobis
884 666 1152 720 occurrat,
1180 664 1235 709 et
1261 656 1404 710 dicat
1430 656 1667 715 medium
1697 648 1815 709 esse
1840 665 1895 715 et
1926 652 2135 709 inditi‘e—

548 765 676 805 rens
740 750 1181 811 tribulationem,
1247 750 1503 815 quoniam
1562 747 1800 815 quidem.
1836 745 2138 805 invenimus

548 842 713 900 etiam
727 842 900 895 malos
926 850 979 895 et
996 841 1198 910 impios
1224 834 1487 903 tribulari,
1504 851 1559 894 et
1583 855 1684 893 non
1713 838 1985 899 continuo,
2011 838 2135 906 quia

548 933 879 998 tribuiantur
915 947 1012 1000 pro
1052 931 1209 986 malis
1243 932 1453 987 actibus
1480 931 1609 991 suis,
1639 931 1815 985 .virtus
1842 928 2005 985 animi
2034 919 2132 1006 tri-

545 1025 750 1080 bulatio
775 1014 961 1079 eurum
996 1026 1291 1092 reputando
1336 1032 1455 1078 est:
1498 1023 1618 1075 vide
1654 1021 1695 1073 si
1741 1021 2008 1089 possimus
2032 1020 2136 1074 hoc

547 1115 708 1171 modo
757 1115 1109 1185 respondere,
1154 1116 1296 1186 quod
1328 1112 1617 1179 tribulatio
1662 1112 1877 1179 quidem
1922 1111 2137 1179 proprie

546 1196 858 1265 sanctorum
886 1216 999 1282 est,
1040 1210 1323 1277 impiorum
1366 1216 1547 1260 autem
1578 1214 1633 1257 et
1672 1203 1992 1271 itijustorum
2034 1204 2134 1257 tri-

543 1298 749 1352 bulatio
791 1297 995 1367 ﬂagella
1037 1298 1390 1368 appellentur.
1436 1296 1679 1365 Denique
1720 1297 1772 1351 iu
1812 1296 2019 1363 psalmo
2058 1296 2155 1348 sic'

544 1392 710 1455 dicit,
744 1392 927 1444 Multte
955 1391 1315 1451 tribulationes
1344 1390 1609 1458 justorum
1651 1386 1821 1457 (Psal.
1851 1390 2036 1455 xxw);
2069 1388 2136 1443 de

542 1481 662 1536 istis
692 1491 871 1535 autem
896 1483 991 1545 ait,
1021 1481 1191 1539 Multa
1212 1480 1419 1550 ﬂagella
1448 1481 1733 1549 peccatoris
1759 1478 1933 1548 (Psal.
1958 1480 2130 1551 xm).

542 1568 609 1625 Et
624 1569 870 1625 fortassis
887 1579 1165 1641 propterea
1182 1571 1457 1624 tribulatio
1475 1579 1528 1623 et
1553 1571 1799 1647 angustia
1827 1571 1893 1624 ad
1920 1578 2137 1625 sanctos

541 1662 799 1731 pertinet,
826 1663 948 1731 quia
979 1663 1075 1731 ipsi
1100 1671 1224 1716 sunt
1264 1662 1353 1730 qui
1379 1669 1583 1714 arctam
1607 1670 1662 1715 et
1680 1670 1968 1731 angustam
1991 1661 2135 1715 viam

536 1753 827 1817 incedunt,
867 1763 922 1807 et
951 1762 1236 1824 propterea
1266 1753 1510 1808 tribulari
1540 1754 1813 1824 dicuntur.
1853 1753 2001 1820 Quod
2035 1770 2133 1808 au-

2244 578 2364 619 mur
2421 565 2486 617 ad
2540 565 2743 629 Deum;
2798 560 2852 617 et
2905 563 3153 619 Christus
3208 565 3398 638 utique
3451 574 3676 620 mortem
3726 584 3810 637 pro

2244 653 2398 709 nobis
2442 664 2729 724 antequam
2777 656 3123 709 crederemus
3163 657 3417 723 excepit:
3457 656 3603 724 quod
3649 657 3813 725 procul

2243 747 2404 801 dubio
2445 763 2551 801 non
2577 745 2812 811 fecisset,
2846 746 2948 801 nisi
2990 736 3209 803 nimiam
3241 762 3367 816 erga
3409 762 3511 805 nos
3536 747 3810 811 habuisset,

2241 845 2295 889 et
2330 838 2852 895 abundantissimam
2898 838 3239 902 cliaritatem,
3282 837 3367 893 vel
3412 839 3530 905 ipse
3579 838 3814 895 Dominus

2242 930 2425 985 uester
2454 930 2611 985 Jesus
2640 929 2891 985 Christus
2918 930 3198 987 moriendo
3224 945 3323 998 pro
3352 929 3555 997 impiis,
3587 930 3667 981 vel
3692 930 3813 984 Deus

2242 1021 2403 1075 Pater
2432 1021 2766 1089 unigenitum
2806 1035 2963 1095 suum
2994 1035 3092 1087 pro
3135 1020 3419 1087 impiarum
3464 1019 3813 1087 redemptione

2241 1112 2521 1171 tradendo.
2557 1108 2783 1179 (Ambr.)
2816 1109 2872 1167 Si
2902 1125 3000 1177 pro
3041 1110 3332 1163 incredulis
3361 1126 3427 1164 ac
3468 1110 3564 1163 Dei
3605 1111 3815 1169 inimicis

2241 1200 2488 1256 Christus
2516 1200 2582 1254 ad
2613 1208 2821 1270 tempus
2846 1201 3006 1259 morti
3037 1216 3097 1254 se
3128 1200 3310 1265 dedit,
3340 1202 3405 1258 ad
3449 1211 3665 1269 tempus
3689 1205 3813 1257 enim

2242 1300 2484 1345 mortuus
2516 1299 2625 1353 cst,
2661 1292 2787 1359 quia
2818 1292 2976 1345 tertia
3006 1291 3092 1345 die
3124 1292 3451 1357 resurrexit,
3489 1303 3694 1361 quanto
3720 1310 3817 1347 ma-

2240 1384 2322 1453 gis
2349 1398 2468 1459 curn
2508 1384 2559 1435 in
2597 1382 2744 1437 illum
2774 1383 3049 1438 credimus
3080 1382 3296 1443 auxiliis
3326 1384 3439 1436 suis
3469 1384 3678 1436 muniet
3702 1388 3817 1439 nos?

2239 1474 2321 1527 Ad
2347 1474 2447 1535 hoc
2482 1473 2625 1529 enim
2658 1488 2756 1542 pro
2794 1473 2949 1529 nobis
2987 1483 3233 1528 mortuus
3267 1483 3381 1539 est,
3412 1486 3473 1528 ut
3497 1485 3555 1530 et
3592 1477 3746 1530 vitam
3773 1486 3819 1530 et

2239 1566 2465 1636 gloriam
2521 1566 2678 1620 nobis
2720 1565 3024 1634 acquireret
3058 1581 3071 1618 :
3110 1567 3292 1635 itaque
3346 1568 3391 1621 si
3449 1584 3550 1637 pro
3609 1570 3819 1625 utimiris

2239 1668 2485 1712 mortuus
2506 1668 2608 1721 est,
2633 1669 2891 1727 quantum
2922 1667 3139 1727 pratstet
3165 1660 3375 1723 amicis,
3404 1662 3565 1715 debet
3594 1662 3815 1731 intelligi.

2238 1749 2392 1817 Apud
2431 1749 2677 1802 homines
2701 1762 2849 1815 ergo,
2884 1748 2937 1802 id
2966 1750 3083 1811 est,
3116 1751 3413 1807 secundum
3455 1760 3666 1829 tempus
3701 1753 3818 1805 mori

541 1850 648 1902 tam
691 1845 857 1910 dixit,
896 1823 1023 1913 quia
1057 1846 1285 1899 charitas
1324 1846 1420 1898 Dei
1457 1823 1651 1915 diffusa
1695 1855 1769 1901 est
1806 1846 1861 1899 in
1896 1828 2139 1900 cordibus
2168 1853 2215 1913 Β
2244 1840 2390 1894 visus
2418 1848 2500 1894 est
2532 1857 2543 1892 :
2582 1839 2668 1893 ille
2698 1839 2842 1901 enim
2892 1837 3031 1907 apud
3064 1839 3267 1895 inferos
3299 1855 3397 1909 pro
3427 1823 3607 1896 salute
3634 1842 3819 1897 anima-

538 1938 766 2003 nostris,
806 1937 1115 2006 diligentius
1152 1937 1605 2016 considerandum
1669 1939 1752 1991 est
1809 1939 1861 1991 in
1901 1952 2132 2007 quorum

537 2027 792 2085 cordibus
822 2026 915 2080 Dei
950 2027 1191 2080 Charitas
1218 2026 1566 2087 diffundatur.
1605 2027 1716 2097 Ego
1747 2036 1877 2096 puto
1906 2028 2049 2096 quod
2070 2029 2133 2085 in

535 2116 775 2184 illorum,
805 2120 896 2188 qui
918 2118 1033 2187 jam
1060 2135 1165 2173 non
1196 2120 1399 2182 habent
1441 2119 1692 2187 spiritum
1723 2120 2000 2173 servitutis
2031 2120 2143 2177 ite--

538 2226 658 2265 rum
698 2211 752 2264 in
792 2212 1015 2274 timore,
1061 2211 1155 2265 sed
1194 2216 1254 2265 et
1302 2211 1518 2264 illorum
1572 2211 1626 2264 in
1678 2212 1871 2280 quibus
1903 2212 2135 2281 perfecta

537 2302 768 2355 Charitas
802 2302 945 2369 foras
976 2303 1132 2355 mittit
1169 2302 1409 2355 timorem
1447 2301 1497 2371 (Ι
1526 2301 1686 2361 .Luan.
1721 2302 1816 2373 ιν),
1857 2310 1911 2356 et
1935 2302 2134 2372 quibus

538 2392 760 2462 Spiritus
784 2394 1086 2462 adoptionis
1114 2394 1290 2457 datur,
1320 2394 1413 2462 qui
1449 2393 1643 2447 clamet
1675 2393 1727 2446 in
1756 2374 2009 2447 (ordibus
2039 2408 2133 2447 eo-

539 2500 682 2548 rum,
705 2484 851 2538 Abba
877 2483 1057 2539 Pater.
1094 2484 1209 2545 Non
1240 2494 1320 2539 est
1346 2501 1479 2556 ergo
1502 2483 1873 2553 cujuscunque
1898 2484 2134 2547 hominis

535 2577 641 2631 nisi
680 2576 939 2644 perfecti,
982 2586 1036 2633 et
1083 2577 1206 2631 talis
1244 2578 1418 2647 qualis
1459 2586 1580 2632 erat
1620 2577 1841 2641 Paulus,
1887 2577 1939 2629 in
1982 2577 2135 2645 cujus

536 2669 701 2725 corde
742 2668 1074 2722 diffundatur
1120 2671 1359 2725 Charitas
1408 2669 1504 2723 Dei
1534 2664 1651 2739 per
1698 2669 1957 2741 Spiritum
2006 2684 2135 2723 san-

537 2748 702 2813 ctum.
766 2758 872 2813 Sed
926 2767 979 2813 et
1040 2759 1170 2813 illud
1202 2762 1352 2827 mihi
1400 2760 1850 2814 considerandum
1898 2760 2132 2825 videtur,

534 2849 914 2907 utrumne-hic
943 2850 1265 2904 charitatem
1294 2850 1438 2903 illam
1469 2851 1612 2905 dicat
1632 2891 1644 2914 ,
1688 2865 1792 2919 qua
1823 2866 1921 2905 nos
1952 2849 2131 2917 diligi—

535 2957 656 2996 mus
700 2942 902 3005 Deum,
945 2957 1009 2996 au
1055 2941 1199 2997 illam
1229 2957 1333 3010 qua
1375 2940 1647 3010 diligimur
1678 2956 1707 2993 a
1744 2939 1854 2995 Deo
1882 2940 2131 2996 dilfusain

535 3050 657 3089 esse
689 3048 787 3102 per
822 3032 1082 3103 Spiritum
1112 3041 1355 3087 sanctum
1375 3033 1437 3085 in
1462 3032 1717 3091 cordibus
1745 3032 1974 3096 nostris;
2009 3040 2063 3085 et
2090 3033 2132 3086 si

535 3126 753 3196 quidem
789 3126 876 3179 illa
916 3126 1153 3183 Charitas
1184 3140 1288 3194 qua
1320 3125 1487 3179 Deum
1517 3124 1815 3194 diligimus,
1863 3124 2131 3195 inteliiga—

2240 1938 2366 1994 rum‘
2426 1931 2786 1991 irreverentes
2813 1971 2828 1995 ,
2876 1937 2930 1986 et
2973 1945 3204 1999 nequem
3264 1932 3494 2001 spiritus
3539 1932 3816 2001 judicabat.

2238 2024 2504 2099 Tempora
2536 2024 2587 2081 in
2615 2024 2816 2083 mundo
2847 2031 3002 2083 sunt.
3029 2024 3120 2081 ubi
3150 2023 3327 2093 oritur
3354 2034 3409 2080 et
3432 2024 3753 2091 occidit‘sol,
3776 2033 3820 2101 et

2236 2114 2361 2173 luna
2394 2117 2786 2191 incrementum
2839 2123 2894 2169 et
2924 2115 3330 2180 deu‘cmentum
3358 2114 3506 2185 facit,
3543 2125 3598 2170 et
3644 2115 3821 2170 dieset

2238 2223 2340 2270 uox
2391 2209 2444 2265 in
2492 2218 2634 2268 statu
2685 2222 2783 2263 suo
2825 2223 2931 2263 non
2977 2216 3371 2277 perseverant:
3419 2222 3507 2261 res
3542 2208 3685 2261 enim
3717 2223 3817 2276 qua

2236 2301 2463 2369 tempori
2493 2308 2547 2353 et
2575 2300 2719 2353 aetati
2751 2300 2991 2369 subjecta
3012 2308 3135 2354 est:
3175 2300 3454 2353 mutabilis
3485 2304 3700 2370 semper
3726 2310 3813 2354 est.

2237 2390 2373 2446 Huic
2415 2407 2543 2461 ergo
2586 2391 2811 2459 tempori
2843 2392 3090 2446 Christus
3133 2401 3379 2445 mortuus
3419 2400 3534 2456 est,
3584 2391 3707 2447 dunt
3735 2407 3816 2445 ex-

2238 2484 2402 2539 cessit
2436 2499 2466 2538 e
2494 2499 2742 2552 corpore.
2795 2482 2890 2537 Ubi
2923 2486 3104 2536 autem
3133 2490 3344 2552 tempus
3367 2497 3474 2536 non
3499 2490 3582 2536 est
3607 2494 3659 2537 et
3684 2492 3815 2545 tetas.

2238 2574 2307 2629 ibi
2340 2591 2445 2635 non
2474 2574 2643 2633 solum
2670 2575 2842 2638 vivus,
2876 2575 2970 2637 sed
2996 2584 3050 2628 et
3080 2574 3253 2629 victor
3280 2584 3655 2644 repertus-est.
3701 2574 3817 2629 Hinc

2237 2666 2405 2722 voluit
2456 2660 2707 2725 affectum
2750 2664 3048 2724 Salvatoris
3094 2679 3222 2735 erga
3272 2681 3373 2728 nos
3419 2667 3815 2731 commendare,

2238 2773 2360 2820 cum
2392 2758 2527 2822 dixit
2550 2776 2561 2809 :
2582 2756 2678 2810 Vix
2707 2773 2798 2827 pro
2826 2758 2974 2827 justo
3010 2757 3125 2827 quis
3152 2759 3376 2810 moritur
3400 2772 3418 2807 :
3456 2757 3706 2814 Christus
3733 2772 3818 2812 suo

2237 2857 2346 2903 tein
2386 2863 2483 2917 pro
2524 2847 2704 2916 impiis
2742 2856 2988 2905 mortuus
3016 2854 3128 2915 est,
3162 2845 3207 2898 si
3242 2845 3387 2899 enim
3431 2860 3529 2915 pro
3562 2845 3707 2914 justo
3744 2847 3817 2899 vix

2238 2940 2433 3008 aliquis
2463 2938 2715 3001 moritur,
2748 2953 2846 3006 pro
2896 2937 3097 3007 impiis,
3132 2938 3401 3006 quomodo
3429 2947 3607 3007 potest
3639 2938 3746 2991 ﬁeri
3771 2946 3817 2991 ut

2238 3029 2359 3097 quis
2388 3027 2683 3083 moriatur?
2712 3035 2766 3083 et
2796 3026 2846 3082 si
2875 3041 2973 3095 pro
3018 3027 3157 3079 bono
3186 3041 3295 3079 uno
3323 3025 3466 3080 forte
3491 3027 3685 3082 audeat
3712 3028 3815 3096 quis

2238 3118 2411 3183 mori,
2442 3126 2535 3173 aut
2573 3116 2711 3171 forte
2745 3132 2851 3175 non
2882 3115 3107 3183 audeat,
3137 3106 3262 3185 qnia
3299 3124 3590 3187 utrumque
3627 3116 3818 3172 ditlicile

534 3226 643 3285 tur,
674 3235 853 3275 sermo
885 3219 985 3272 iste
1015 3218 1313 3272 assertione
1346 3216 1546 3287 indiget
1577 3234 1587 3267 :
1624 3217 1667 3270 si
1709 3231 1859 3282 vero,
1887 3217 2019 3285 quia
2048 3217 2130 3271 di.-
2163 3203 2209 3266 C
2241 3223 2362 3262 esse
2390 3206 2693 3276 signiﬁcat,
2723 3205 3173 3275 quemadmodum
3217 3196 3396 3274 potest
3421 3205 3625 3269 videri,
3656 3216 3713 3258 ut
3739 3222 3819 3257 au~

533 3314 615 3367 xit
642 3311 869 3368 eliusam
899 3327 1019 3366 esse
1055 3310 1149 3364 Dei
1182 3309 1501 3363 charitatem
1536 3310 1589 3362 in
1621 3309 1874 3363 cordibus
1909 3308 2130 3373 nostris,

534 3405 637 3460 ista
658 3404 837 3471 potius
858 3400 1199 3471 intelligenda
1220 3400 1306 3462 sit,
1324 3414 1427 3468 qua
1444 3398 1719 3468 diiigimur
1732 3413 1761 3451 a
1779 3398 1911 3463 Deo,
1927 3406 2134 3452 certum

534 3505 619 3551 est
636 3496 779 3549 enim
797 3495 937 3563 quod
954 3494 1098 3547 vehit
1119 3506 1386 3548 summum
1404 3500 1459 3548 et
1480 3491 1776 3545 maximum
1793 3491 1994 3545 donum
2017 3506 2137 3545 san-

535 3589 607 3643 cti
625 3587 858 3655 Spiritus
879 3585 1201 3639 cbaritatem
1224 3591 1411 3652 ponat,
1426 3582 1567 3651 quod
1592 3581 1718 3635 velit
1740 3596 1962 3635 munere
1983 3583 2134 3650 prius

536 3687 788 3747 suscepto
830 3693 859 3729 a
896 3675 1026 3739 Deo,
1080 3689 1176 3744 per
1219 3675 1317 3727 hoc
1364 3674 1537 3741 ipsum
1585 3672 1807 3739 diligere
1848 3685 2134 3741 possumus

538 3771 705 3826 Deum
735 3767 875 3837 quod
904 3767 1178 3837 diligimur
1206 3781 1236 3820 ι
1263 3754 1392 3818 Deo.
1426 3762 1620 3833 (Cass.)
1663 3764 1899 3831 Denique
1926 3764 1976 3816 in
2011 3771 2131 3815 tan-

537 3870 651 3915 tum
680 3860 851 3913 virtus
887 3855 1476 3915 eharitatisextollitur
1498 3865 1559 3908 ut
1587 3870 1706 3909 eam
1748 3849 1936 3909 beatus
1966 3853 2131 3907 Joan-

536 3969 635 4008 nes
668 3950 941 4022 apostolus
967 3965 1073 4004 non
1102 3949 1273 4004 solum
1309 3948 1588 4013 Dei‘rem,
1634 3948 1726 4001 sed
1756 3948 1919 4001 etiam
1965 3948 2131 4001 Deum

538 4062 658 4101 esse
687 4044 998 4115 pronuntiet
1025 4044 1209 4096 dicens
1238 4060 1251 4093 :
1283 4041 1421 4093 Deus
1453 4040 1685 4094 charitas
1714 4050 1809 4105 est,
1835 4042 1921 4107 qui
1955 4052 2132 4094 manet

538 4138 592 4190 in
622 4137 874 4191 charitate
900 4137 957 4187 in
981 4134 1088 4186 Deo
1116 4142 1286 4185 manet
1316 4142 1361 4185 et
1384 4130 1524 4185 Deus
1553 4135 1605 4184 in
1635 4134 1746 4200 ipso
1774 4131 1825 4201 (Ι
1847 4130 2009 4184 Joau.
2032 4130 2128 4201 ιν).

540 4225 677 4279 Nam
709 4240 881 4293 usque
906 4224 1040 4278 adeo
1078 4222 1225 4276 illam
1258 4221 1494 4275 divinam
1525 4236 1645 4275 esse
1683 4222 2041 4290 perspicimus
2074 4228 2134 4273 ut

540 4320 671 4375 illud
715 4317 955 4387 Apostoli
1007 4315 1447 4369 manifestissime
1496 4315 1673 4383 vigere
1728 4308 2022 4367 sentiamus
2078 4312 2131 4365 in

539 4414 723 4478 nobis,
763 4412 1015 4481 quoniam
1047 4412 1274 4463 Charitas
1312 4411 1408 4462 Dei
1447 4410 1644 4479 diﬁ‘usa
1687 4418 1760 4463 est
1802 4410 1856 4463 in
1887 4408 2130 4462 cordibus

540 4491 731 4562 nostris
767 4523 859 4577 per
900 4505 1155 4575 Spiritum
1198 4513 1456 4567 sanctum,
1504 4503 1592 4573 qui
1638 4503 1793 4555 datus
1840 4511 1914 4555 est
1956 4502 2127 4553 nobis.

2241 3300 2361 3355 deat
2408 3298 2601 3366 aliquis
2649 3312 2747 3367 pro
2792 3296 3091 3353 multorum
3144 3295 3522 3367 impietatibus
3564 3297 3732 3362 mori;
3782 3298 3821 3349 si

2238 3390 2363 3459 quis
2391 3389 2534 3444 enim
2563 3403 2660 3457 pro
2676 3387 2846 3455 justo,
2878 3394 2973 3439 aut
2991 3387 3135 3446 bono
3156 3385 3297 3440 forte
3324 3387 3523 3440 audeat
3544 3388 3705 3449 mori,
3732 3374 3819 3441 tui-

2239 3482 2508 3542 seratione
2540 3481 2770 3548 quadam
2802 3478 3033 3541 illectus,
3066 3484 3160 3531 aut
3187 3474 3380 3531 atfectu
3409 3478 3677 3532 bonorum
3703 3492 3819 3546 ope.

2237 3588 2360 3635 mm
2390 3572 2535 3641 ejus;
2574 3586 2673 3641 pro
2702 3570 2880 3639 impiis
2910 3584 3038 3623 vero
3067 3574 3174 3624 non
3201 3568 3401 3632 solum,
3433 3569 3574 3639 quod
3611 3570 3820 3622 suadeat

2240 3667 2377 3725 mori
2447 3666 2631 3728 deest,
2678 3663 2775 3719 sed
2821 3670 2876 3717 et
2925 3662 3068 3730 quod
3117 3662 3171 3719 in
3232 3653 3503 3733 lacrynias
3556 3670 3817 3728 provocet.

2237 3757 2483 3818 Christus
2510 3764 2686 3811 autem
2720 3763 2965 3813 mortuus
2990 3761 3075 3807 est
3115 3768 3212 3822 pro
3242 3753 3609 3821 impietatibus
3651 3754 3817 3823 populi

2238 3851 2411 3907 adhuc
2435 3864 2550 3903 non
2580 3849 2685 3911 sui,
2716 3855 2776 3905 ut
2798 3847 2979 3905 omnia
3005 3862 3125 3916 quae
3149 3847 3383 3901 mundus
3410 3846 3598 3900 diliidit
3628 3845 3819 3901 faceret

2236 3944 2531 4000 credibilia.
2593 3942 2749 3995 Duos
2782 3956 2914 4011 ergo
2964 3938 3161 4011 gradus
3219 3938 3345 3995 fecit
3385 3918 3519 4009 justi
3566 3949 3619 3994 et
3669 3940 3815 4001 boni,

2237 4034 2484 4105 quamvis
2510 4043 2564 4087 et
2592 4032 2771 4101 justus
2804 4041 2861 4086 et
2902 4032 3073 4089 bonus
3107 4030 3367 4093 dicendus
3407 4031 3493 4092 sit,
3530 4040 3711 4084 tamen
3738 4046 3815 4100 εε-

2236 4142 2363 4181 nera
2413 4128 2527 4196 ipsa
2574 4126 2775 4196 posuit,
2824 4122 3031 4192 justum
3083 4123 3138 4179 in
3185 4123 3447 4177 exercitio
3494 4122 3812 4192 signiﬁcans,

2236 4220 2432 4272 bonum
2474 4233 2605 4272 vero
2652 4223 2843 4273 natura
2878 4214 2971 4281 qui
3013 4212 3358 4282 simplicitate
3402 4214 3661 4266 innocens
3697 4212 3816 4265 dici-

2238 4322 2353 4376 tur;
2396 4311 2537 4365 uude
2561 4310 2810 4375 quamvis
2838 4306 3092 4363 melioris
3127 4306 3306 4359 meriti
3331 4306 3423 4369 sit,
3456 4314 3714 4374 quantum
3754 4304 3815 4357 ad

2234 4404 2411 4459 locum
2459 4404 2621 4457 istum
2652 4401 2916 4471 pertinet,
2964 4398 3142 4467 justus
3189 4414 3352 4468 quam
3404 4399 3599 4463 bonus,
3644 4407 3812 4453 tamen

2242 4516 2259 4547 ι
2284 4512 2381 4566 pro
2409 4498 2569 4559 bono,
2597 4474 2787 4561 inquit,
2806 4492 2942 4545 forte
2960 4492 3153 4562 aliquis
3174 4492 3370 4545 audeat
3388 4491 3526 4545 mori
3546 4531 3559 4555 ,
3583 4510 3601 4541 ι
3623 4502 3682 4545 ιιι
3698 4491 3809 4558 quia

541 4597 693 4664 Quod
726 4596 829 4650 tale
859 4604 941 4650 est
961 4636 976 4657 ,
1010 4608 1071 4648 ac
1116 4594 1159 4648 si
1188 4594 1341 4653 dicat
1370 4593 1512 4662 quod
1545 4593 1686 4647 Deus
1712 4592 1933 4646 dimisus
1964 4600 2047 4646 est
2078 4592 2130 4643 in
2163 4588 2210 4646 D
2239 4589 2599 4643 miserabilior
2624 4602 2786 4642 causa
2818 4585 3135 4639 innocentia:
3169 4594 3253 4638 est
3288 4584 3354 4637 ad
3394 4585 3500 4638 hoc
3526 4584 3642 4652 cogi
3684 4583 3809 4638 forte

540 4690 793 4744 cordibus
821 4687 1043 4750 nostris,
1078 4701 1181 4759 per.
1202 4684 1460 4753 Spiritum
1487 4692 1730 4737 sanctum
1750 4725 1762 4746 ,
1794 4683 1884 4751 qui
1925 4681 2131 4736 habitat

542 4782 596 4835 in
644 4780 819 4842 nobis,
862 4777 954 4847 qui
999 4777 1315 4830 etiam.cuin
1360 4776 1666 4845 ignoremus
1703 4773 1829 4843 quid
1871 4774 2129 4827 debemus

540 4886 720 4935 orare,
760 4850 1197 4938 interpellatpro
1231 4867 1387 4921 nobis
1426 4867 1711 4936 gentilibus
1749 4865 2125 4919 inenarrabili-

539 4965 661 5018 bus.
680 4961 780 5028 Qui
797 4971 973 5013 autem
988 4958 1453 5022 scrutaturcorda,
1468 4959 1569 5012 scit
1584 4958 1709 5026 quid
1726 4956 2125 5026 desideretSpi-

543 5056 701 5116 ritus,
730 5052 987 5123 quoniam
1018 5050 1313 5104 secundum
1334 5051 1497 5103 Deum
1526 5049 1761 5117 postulat
1785 5062 1880 5115 pro
1898 5048 2121 5101 sanctis.

616 5144 812 5215 thuid
840 5146 977 5197 enim
1007 5142 1266 5205 Christus,
1309 5159 1425 5194 cum
1457 5142 1625 5197 adhuc
1665 5150 1958 5209 peccatores
1986 5159 2123 5195 csse-

544 5256 680 5302 mus,
708 5238 992 5292 secundum
1032 5246 1231 5303 tempus
1266 5252 1357 5303 pro
1395 5229 1566 5301 impiis
1603 5243 1843 5285 mortuus
1893 5244 1966 5285 est
2000 5247 2015 5282 :
2046 5233 2129 5287 vix

542 5332 679 5387 enim
706 5347 800 5401 pro
833 5332 981 5399 justo
1012 5330 1126 5399 quis
1153 5329 1413 5389 moritur;
1448 5344 1566 5378 nam
1598 5342 1691 5395 pro
1733 5326 1865 5378 bono
1908 5325 2129 5393 forsitan

540 5424 655 5497 quis
706 5422 900 5477 audeat
953 5422 1106 5473 mori.
1163 5418 1359 5489 (0rig.)
1416 5418 1631 5473 Plenius
1678 5418 1861 5470 volens
1908 5418 2132 5471 virtutes

546 5515 829 5572 cliaritatis
850 5514 1135 5568 ostendere
1173 5526 1333 5581 quam
1373 5510 1617 5565 diii‘usam
1663 5511 1713 5563 in
1748 5508 2001 5562 cordibus
2040 5523 2134 5561 no-

547 5607 676 5661 stris
705 5606 915 5659 dixerat
941 5620 1035 5673 per
1061 5602 1320 5671 Spiritum
1347 5614 1614 5664 sanctum,
1644 5601 1838 5669 quibus
1878 5600 1977 5653 hoc
2008 5615 2134 5653 cau-

550 5697 625 5750 sis
672 5690 967 5765 intelligere
1031 5696 1349 5750 deberemus
1411 5694 1684 5760 exposuit,
1735 5700 1789 5745 et
1836 5691 1989 5743 docet
2036 5706 2134 5744 nos

548 5786 691 5853 quod
720 5788 965 5843 Christus
994 5802 1099 5843 non
1138 5802 1235 5855 pro
1264 5784 1367 5855 piis
1402 5784 1496 5839 sed
1536 5798 1635 5853 pro
1675 5781 1854 5853 impiis
1892 5788 2134 5836 mortuus

2241 4680 2474 4749 aliquem
2530 4693 2687 4747 posse
2741 4675 3029 4745 significat.
3087 4675 3328 4742 Denique
3383 4683 3569 4741 optant
3632 4690 3809 4742 paren-

2240 4778 2319 4822 tes
2364 4785 2459 4837 pro
2512 4768 2667 4820 bonis
2709 4765 2829 4819 ﬁliis
2874 4766 3043 4827 mori,
3096 4780 3200 4817 non
3253 4764 3430 4818 dicam
3475 4780 3670 4819 uxores
3722 4780 3809 4833 pro

2237 4862 2392 4915 bonis
2424 4860 2634 4913 maritis
2664 4877 2675 4910 :
2707 4873 2830 4911 nam
2866 4858 2908 4910 si
2940 4858 3164 4910 velimus
3191 4856 3257 4910 d’e
3288 4857 3511 4909 bonoct
3534 4855 3682 4923 justo
3699 4872 3810 4925 pm—

2234 4968 2454 5024 ponere,
2484 4951 2773 5021 aliquando
2803 4949 3079 5003 meliorem
3103 4950 3310 5018 justum
3341 4949 3802 5017 deprehendimus.

2232 5038 2521 5114 aliquando
2559 5043 2972 5114 praeponendum
3018 5044 3246 5103 bonum;
3284 5042 3327 5096 si
3355 5043 3501 5096 enim
3525 5042 3675 5107 juxta
3720 5041 3803 5095 Dei

2231 5138 2400 5207 legem
2434 5137 2521 5205 qui
2566 5136 2745 5204 justus
2775 5146 2858 5189 est
2898 5134 3089 5187 melior
3129 5134 3268 5187 bono
3307 5145 3409 5195 est,
3460 5134 3552 5187 sed
3600 5133 3687 5187 illo
3722 5134 3799 5200 qui

2234 5229 2460 5283 necdum
2501 5216 2681 5283 secum
2724 5224 3004 5287 laboravit,
3049 5233 3109 5277 ut
3146 5224 3499 5299 amplificaret
3542 5236 3597 5276 se
3638 5222 3799 5281 bonis,

2234 5319 2494 5373 exercitio
2518 5318 2659 5370 enim
2688 5317 2882 5370 bonum
2915 5323 3117 5369 natura:
3141 5330 3253 5368 suae
3273 5313 3451 5382 justus
3489 5313 3797 5367 meliorahit.

2236 5412 2292 5466 Si
2321 5421 2498 5465 autem
2520 5410 2671 5479 juxta
2702 5410 2957 5463 mundum
2989 5408 3361 5477 fueritjustus,
3386 5406 3713 5475 praeponitur
3736 5403 3800 5457 illi

2236 5508 2406 5561 bonus
2430 5514 2650 5574 propter
2680 5503 3071 5564 innocentiam,
3106 5502 3230 5570 quia
3262 5496 3699 5567 hujusruodi'non
3728 5504 3802 5550 est

2235 5599 2350 5651 sine
2398 5597 2673 5665 impietate
2710 5593 2939 5664 justitia.
2988 5594 3170 5661 itaque
3206 5591 3383 5645 omnis
3436 5598 3625 5647 natura
3672 5589 3797 5640 bona

2236 5696 2351 5749 est,
2392 5686 2600 5757 justitia
2640 5694 2817 5739 autem
2861 5683 2993 5751 legis
3033 5684 3124 5738 Dei
3162 5681 3365 5735 fructus
3390 5688 3475 5736 est
3504 5686 3800 5747 competens

2237 5788 2471 5847 naturae,
2530 5766 2756 5846 ideoque
2804 5775 3015 5846 justitia
3072 5774 3284 5829 bonitas
3333 5780 3449 5841 est,
3500 5769 3641 5829 unde
3679 5762 3799 5837 justi
