3960 6354
250 422 388 483 ms

781 422 1325 481 ENARRATIONUM
1360 421 1432 479 IN
1464 421 1611 479 EPP.
1649 420 1855 479 PAULi
1890 420 2020 479 LIB.
2058 424 2146 483 HL
2187 456 2257 468 —
2389 425 2609 485 EPIBT.
2653 431 2746 486 ΑΒ
2786 428 2963 488 ROM.

3366 420 3520 491 tm

246 552 464 609 semper
485 538 819 608 appellantur
843 549 898 593 et
922 539 1070 595 boni.
1102 540 1216 594 Non
1246 550 1423 595 tamen
1440 554 1651 617 semper
1675 542 1823 603 boni,
1854 539 1906 599 Α
1932 546 2073 594 terra
2103 542 2211 594 vita
2241 502 2377 611 ejus,
2405 551 2459 597 et
2484 557 2581 611 pro
2609 545 2979 612 iniquitatibus
3006 540 3184 615 pepuli
3208 530 3400 599 ductus

239 630 425 703 justiz'
468 626 594 700 quia
634 647 737 686 non
778 642 996 703 pr0pter
1035 648 1197 702 opera
1238 642 1495 689 vocantur
1532 634 1690 701 beni,
1736 634 1829 689 sed

248 731 469 796 propter
499 724 861 778 innocentiam
887 744 897 777 :
920 724 1131 792 justitia
1162 726 1306 781 enim
1347 712 1584 796 perfecta
1613 733 1695 800 est
1734 727 1830 780 bo-

247 815 411 878 nitas,
434 813 766 883 dum'expiet
792 798 953 883 opere
987 825 1192 871 natura:
1221 810 1333 871 suae
1359 806 1522 892 bona.
1552 798 1824 887 (Hierom)

247 907 375 962 Duae
402 908 635 963 hmreses
657 924 721 962 ex
744 910 1029 975 occasione
1055 908 1212 975 hujus
1242 909 1533 963 testimonii
1555 907 1694 977 quod
1722 922 1826 961 non

246 1000 549 1069 intelligunt
580 990 792 1065 diverso
819 1000 1033 1068 quidem
1059 984 1264 1069 errore,
1293 1002 1387 1056 sed
1404 1004 1525 1081 pari
1556 1004 1828 1072 impietate

244 1088 641 1157 blasphemant.
682 1088 938 1153 Marcion,
982 1092 1072 1160 qui
1102 1091 1308 1160 justum
1338 1091 1505 1144 Deum
1537 1100 1591 1148 et
1618 1100 1827 1146 creato-

246 1191 359 1231 rem
391 1176 522 1249 legis
550 1177 676 1232 facit
702 1187 756 1233 et
784 1167 1188 1253 propbeiarum,
1216 1180 1415 1234 bonum
1442 1178 1621 1237 autem
1648 1180 1827 1235 Evan—

242 1268 366 1339 gelii
409 1276 463 1324 et
494 1270 894 1338 apostolorum,
942 1266 1093 1340 cujus
1137 1272 1250 1325 vult
1292 1268 1412 1326 esse
1453 1272 1647 1327 Filium
1674 1270 1839 1338 Cbri-y

241 1368 417 1423 stum,
453 1360 586 1415 duos
614 1358 907 1419 introducit
933 1362 1100 1426 Deos,
1134 1378 1298 1416 unum
1330 1355 1563 1433 justum,
1596 1366 1823 1420 alterum

239 1448 441 1504 bonum
471 1468 485 1505 :
511 1461 561 1506 et
607 1468 702 1521 pro
735 1453 883 1534 justo
908 1452 1125 1522 asserit,
1166 1454 1249 1508 vei
1277 1442 1465 1519 mullos,
1510 1457 1591 1513 vel
1625 1474 1824 1528 paucos

237 1544 493 1611 opetiisse
540 1533 792 1609 mortem,
834 1561 934 1615 pro
981 1547 1370 1615 bono-autem,
1517 1558 1620 1616 est,
1670 1562 1823 1619 patre

237 1631 476 1699 Christi,
534 1635 953 1703 innumerabiles
1002 1647 1269 1710 martyres
1298 1622 1590 1696 esstit‘isse.
1647 1641 1823 1697 Porro

234 1722 400 1779 Arius
440 1726 641 1795 justum
692 1726 759 1793 ad
804 1714 1079 1782 Christum
1125 1730 1307 1793 refert,
1358 1731 1423 1786 de
1468 1745 1575 1801 quo
1617 1724 1818 1801 dictum

234 1826 321 1870 est
351 1836 362 1869 :
403 1817 562 1883 Deus,
586 1820 845 1886 judicium
876 1830 1024 1877 tuum
1060 1825 1166 1893 regi
1195 1824 1288 1890 da,
1315 1833 1369 1887 et,
1384 1812 1646 1895 Justitiam
1674 1836 1817 1889 tuam

1932 632 2001 686 ad
2030 643 2279 698 mortem,
2311 642 2366 687 et
2386 636 2626 704 portavit
2651 644 2871 705 peccata
2898 640 3103 698 nostra,
3135 644 3189 689 et
3216 636 3406 691 tradita
3429 642 3512 693 est

1931 723 1983 778 in
2010 734 2183 779 morte
2213 720 2392 779 anima
2430 722 2591 792 illius,
2638 736 2693 781 et
2730 742 2851 781 eum
2896 727 3095 797 iniquis
3132 734 3510 800 reputasset,

1930 826 1994 871 ut
2017 832 2114 871 nos
2156 818 2349 887 impios
2388 827 2441 872 et
2480 820 2723 874 inlirmos
2750 828 2804 875 et
2833 828 3165 889 peccatores,
3196 820 3315 889 pios
3339 827 3393 873 et
3423 833 3509 874 ro-

1928 906 2135 973 bustos,
2164 915 2216 962 et
2235 909 2409 978 justas
2432 908 2654 964 facerm.
2680 910 2929 964 Nonnulli
2962 912 3032 965 ita
3061 908 3507 979 interpretantur,

1930 992 2091 1053 si‘iile
2114 1014 2209 1068 pro
2242 1000 2395 1057 nobis
2425 1001 2603 1069 impiis
2634 1012 2875 1055 mortuus
2904 1011 3003 1065 est,
3027 1010 3084 1056 et
3112 1002 3509 1071 peccatoribus,

1928 1098 2127 1158 quanto
2146 1092 2328 1162 magis
2358 1108 2456 1145 nos
2489 1093 2691 1161 absque
2723 1093 2826 1145 ulla
2860 1093 3208 1156 dubitatione,
3242 1110 3340 1163 pro
3363 1092 3514 1162 iusta

1928 1187 1983 1233 et
2012 1179 2158 1234 bono
2186 1181 2401 1237 Christo
2426 1183 2683 1237 debemus
2712 1184 3051 1239 occumbere.
3084 1181 3299 1243 Justts‘m
3329 1187 3508 1239 autem

1927 1278 1982 1325 et
2010 1271 2205 1326 bonum
2247 1288 2351 1328 non
2386 1276 2635 1340 putemus
2661 1288 2780 1328 esse
2808 1273 3080 1336 diversum
3098 1313 3112 1336 ,
3141 1285 3243 1326 nec
3273 1274 3507 1341 aliquam

1925 1363 2141 1431 proprie
2186 1360 2487 1432 signiﬁcare
2531 1379 2840 1432 personam,
2892 1363 2985 1418 sed
3031 1362 3272 1419 absolute
3306 1362 3509 1435 iustam

1927 1468 2060 1506 rem.
2106 1453 2385 1507 interdum
2434 1452 2628 1521 aliquis
2672 1445 2905 1521 inveniri
2949 1461 3158 1523 potest,
3206 1454 3297 1522 qui
3353 1460 3526 1509 suum’

1926 1543 2241 1614 sanguinem
2264 1542 2467 1597 tundat.
2484 1541 2683 1612 (θήρ.)
2699 1544 2793 1597 Εδι
2810 1544 3109 1599 amor-vita:
3124 1543 3281 1611 hujus
3306 1552 3506 1607 tantus,

1924 1644 1983 1689 ut
2018 1635 2179 1689 etiam
2214 1650 2336 1688 cum
2361 1634 2507 1703 iusta
2532 1650 2693 1689 causa
2715 1635 2903 1688 mortis
2916 1635 3211 1699 advenerit,
3238 1635 3325 1687 vix
3349 1651 3513 1689 unus-

1923 1712 2152 1795 quisque
2174 1726 2695 1795 mortem~patienter
2718 1726 2966 1781 accipiat.
2990 1725 3140 1793 Justa
3154 1736 3330 1781 autem
3346 1740 3527 1780 causa.

1924 1816 2115 1870 mortis
2144 1814 2377 1879 videtur,
2392 1830 2515 1869 cum
2532 1825 2738 1870 naturae
2755 1816 2870 1886 lege
2885 1815 3125 1870 defertur
3149 1826 3242 1871 :-ct
3262 1817 3509 1885 quamvis

230 1906 347 1975 [ilio
375 1912 506 1979 regis
536 1911 921 1991 (Putnam);
964 1924 1018 1968 et
1056 1915 1166 1991 ipse
1190 1918 1265 1970 de
1297 1932 1353 1995 se
1388 1894 1447 1971 in
1478 1918 1768 1998 Evangelio
1801 1937 1813 1971 :
1847 1894 1894 1953 Β
1913 1905 2119 1975 justum
2132 1908 2203 1962 sit
2228 1903 2535 1975 conditione
2549 1908 2911 1973 mortalitatis,
2931 1909 3209 1963 vixtattten
3233 1898 3509 1980 ampliaui-

232 1998 361 2052 Νοη
396 2003 532 2061 enim
574 1999 737 2073 Pater
772 2003 979 2072 judicat
1005 2023 1339 2084 quemquam,
1377 2008 1466 2061 sed
1495 2016 1645 2070 Omne
1661 2009 1815 2078 judi-

228 2090 369 2143 cium
399 2091 542 2163 dedit
568 2090 709 2150 Filio
740 2094 921 2165 (Joan.
947 2094 1023 2164 ν).
1049 2095 1115 2173 Et
1138 2112 1152 2154 :
1195 2115 1215 2146 ‹
1248 2111 1347 2173 ego
1371 2087 1512 2155 sicut
1540 2097 1719 2161 audio,
1744 2098 1815 2152 ita

219 2179 427 2273 iudico.
453 2200 470 2231 ι
488 2181 690 2236 Bonum
718 2193 897 2241 autem
915 2185 1339 2251 DeumPatrem,
1359 2188 1426 2241 de
1453 2203 1559 2273 quo
1584 2189 1697 2259 ipse
1728 2188 1816 2243 Fi-

225 2272 333 2326 lius
360 2274 644 2339 conﬁtetur
671 2292 691 2328 ε
722 2275 862 2358 Quid
900 2294 983 2331 me
1010 2279 1141 2343 dicis
1171 2278 1404 2355 bonum?
1439 2272 1586 2345 nemo
1616 2281 1811 2358 est-bo-

226 2378 326 2415 nus
358 2363 459 2416 nisi
499 2380 635 2417 unus
678 2364 819 2418 Deus
863 2363 1027 2419 Pater
1072 2364 1265 2437 (Marc.
1296 2360 1375 2439 x).‘
1423 2367 1665 2438 Cumque
1710 2370 1815 2437 huc

214 2467 401 2521 (usque
429 2452 777 2526 blasphemia?
812 2463 923 2521 suae
961 2456 1145 2511 devios
1183 2457 1346 2512 calles
1386 2452 1622 2529 potuerit
1661 2461 1813 2515 inve-

223 2540 366 2608 nire,
400 2542 454 2597 in
498 2546 950 2617 consequentibus
987 2542 1265 2628 impingit,
1310 2554 1364 2622 et
1404 2550 1630 2603 corruit.
1656 2548 1845 2617 -Quo—'

224 2633 388 2689 modo
429 2634 571 2695 enim
602 2650 702 2709 pro
730 2635 899 2692 Patre‘
921 2622 1049 2722 quis
1068 2622 1230 2703 audet
1255 2622 1426 2702 mori,
1473 2646 1526 2692 et
1555 2654 1653 2722 pro
1678 2637 1815 2706 Filio

222 2724 318 2777 vix
375 2725 626 2807 moritur,
682 2742 805 2805 cum
856 2715 1076 2811 propter
1126 2744 1319 2799 nomen
1376 2715 1576 2796 Christi
1634 2740 1814 2789 tantus

222 2824 525 2887 martyrum
552 2818 771 2902 sanguis
797 2817 996 2897 eii'usus
1034 2813 1139 2885 sit?
1171 2821 1273 2902 Qui
1303 2822 1465 2895 igitur
1498 2822 1815 2905 simpliciter

222 2904 371 2971 hunc
405 2906 633 2989 exponit
660 2904 856 2972 locum,
888 2908 991 2963 hoc
1017 2906 1195 2992 potest
1220 2910 1423 2976 dicere,
1455 2902 1614 2982 quod
1634 2902 1687 2967 in
1716 2928 1824 2977 ve-_

221 2998 329 3071 teri
365 2997 502 3083 lege,
540 2999 591 3055 in
625 3015 728 3069 qua
753 2997 961 3067 justitia
997 3002 1219 3075 est,'vix
1248 3004 1405 3074 pauci
1443 3004 1647 3086 inventi
1682 3004 1811 3072 sint,

219 3089 317 3158 qui
356 3104 509 3143 suum
552 3088 808 3144 fuderunt
851 3093 1187 3173 sanguinem,
1232 3094 1285 3149 in
1324 3110 1464 3149 novo
1504 3090 1681 3171 autem
1727 3095 1809 3149 in-

220 3188 546 3246 strumento,
592 3182 645 3259 in
676 3198 789 3252 quo
814 3184 1026 3239 bonitas
1053 3194 1167 3252 est,
1213 3196 1373 3256 atque
1404 3174 1688 3249 clementia
1724 3190 1809 3245 in-

1921 2010 2015 2057 tur.
2041 2002 2261 2057 animus
2282 2009 2491 2057 naturae
2511 2001 2716 2073 legibus
2739 2003 2948 2057 cedere.
2974 2002 3311 2059 Commendat
3334 2012 3521 2057 autem.

1917 2113 2067 2152 suam
2091 2078 2397 2149 charitatem
2413 2095 2549 2149 Deus
2574 2097 2626 2148 in
2650 2096 2815 2149 nobis.
2836 2094 3042 2165 (Δηὼ.)
3060 2095 3149 2149 Sic
3164 2095 3507 2149 commendat

1918 2190 2235 2243 citaritatem
2256 2202 2434 2247 suam,
2466 2188 2593 2247 dum,
2619 2188 2793 2241 adhuc
2823 2186 3059 2240 inimicis
3088 2186 3378 2243 benevolus
3397 2192 3500 2251 est,

1916 2289 1971 2334 et
1983 2281 2149 2334 mittit
2178 2279 2583 2349 quisaiveteos,
2612 2294 2736 2332 cum
2770 2279 2957 2347 utique
2984 2293 3089 2332 non
3121 2286 3452 2332 mereamur.

1986 2350 2249 2435 Quoniam
2273 2369 2319 2423 si
2340 2384 2458 2421 cum
2478 2356 2651 2421 adhuc
2675 2372 2972 2437 peceatores
2993 2384 3242 2431 essemus,
3268 2366 3506 2422 Christus

1914 2476 2009 2531 pro
2034 2460 2180 2514 nobis
2206 2469 2440 2512 mortuus
2466 2466 2561 2524 est,
2587 2458 2751 2511 multo
2778 2460 2943 2528 magis
2962 2458 3241 2528 justtﬁcati
3287 2475 3423 2515 nunc
3451 2451 3508 2511 in"

1916 2553 2167 2621 sanguine
2194 2553 2358 2621 ipsius
2386 2538 2527 2605 salvi
2562 2552 2759 2603 erimus
2798 2554 2861 2602 ab
2890 2551 2986 2602 ira
3026 2566 3118 2619 per
3154 2551 3345 2618 ipsum.
3393 2550 3505 2604 Hoc

1916 2638 2066 2707 dicﬁ,
2086 2626 2225 2713 quia
2250 2642 2423 2712 si‘pro
2449 2642 2829 2712 peccatoribus
2850 2642 3045 2694 Filium
3077 2658 3231 2696 suum
3256 2642 3502 2697 lieusocv

1916 2734 2019 2788 cidi
2044 2733 2319 2803 permisit,
2352 2733 2481 2803 quid
2505 2732 2665 2787 faciet
2689 2747 2785 2801 pro
2809 2730 3153 2799 iustiﬁcatis?
3185 2732 3287 2785 nisi
3326 2740 3505 2787 servet

1912 2840 2006 2880 eos
2020 2821 2087 2880 ab
2101 2826 2201 2889 ira,
2220 2826 2270 2880 id
2284 2833 2388 2889 est,
2404 2833 2548 2879 tutos
2563 2825 2678 2879 illos
2700 2833 2918 2893 praestet
2938 2824 3006 2877 ab
3021 2824 3266 2878 iliusione
3281 2823 3497 2889 diaboli,

1913 2923 1974 2968 ut
1994 2914 2169 2969 securi
2192 2914 2373 2969 sintin
2397 2913 2481 2969 die
2495 2912 2685 2982 iudicii
2707 2929 2828 2968 cum
2852 2914 3078 2983 coeperit
3097 2913 3332 2982 perﬁdos
3364 2910 3504 2972 ultio

1915 3005 2233 3061 devastare:
2266 3007 2521 3078 quoniam
2542 3006 2685 3060 enim
2729 3004 2938 3060 uanitas
2964 3006 3063 3059 Dei
3087 3004 3291 3058 nullum
3325 3007 3505 3075 petire

1915 3098 2047 3163 vult,
2070 3107 2298 3153 mortem
2312 3096 2864 3169 dignissimamdedit,
2885 3104 2943 3149 ut
2961 3094 3384 3166 intelligentibus
3406 3097 3510 3151 Dei“

1915 3189 2142 3259 gratiam
2174 3189 2316 3242 circa
2342 3202 2400 3240 se
2430 3188 2657 3241 adderet
2678 3184 2998 3254 dignitatem
3037 3192 3095 3241 et
3125 3184 3369 3252 gloriam,
3412 3186 3501 3239 in-

220 3255 605 3329 numerabiles
633 3275 911 3331 extiterint
948 3285 1233 3349 martyres.
1285 3255 1393 3333 Sed
1440 3296 1506 3334 ex
1555 3296 1619 3336 eo
1667 3282 1811 3352 quod
1838 3255 1884 3317 Ο
1913 3255 2079 3365 gratis
2106 3279 2408 3334 cumularet
2428 3293 2663 3356 pcenam.
2695 3276 2894 3346 ingrati
2918 3276 2972 3330 bi
3000 3286 3123 3330 sunt
3143 3259 3505 3345 qui,wa-

217 3364 421 3435 posuit,
451 3362 677 3423 forsitan
702 3367 823 3436 quis
853 3366 1016 3443 etiam
1053 3368 1248 3451 audeat
1285 3372 1442 3435 mori,
1485 3381 1538 3448 et
1579 3373 1811 3451 pendula

217 3454 391 3524 gradu
430 3456 750 3531 sententiam
795 3446 1148 3537 temperavit,
1195 3460 1435 3514 invenire
1476 3446 1633 3543 posse
1658 3446 1809 3535 nun:

216 3545 419 3609 nullos,
462 3546 551 3618 qui
595 3546 827 3617 audeant
869 3549 1009 3623 mori
1047 3564 1146 3618 pro
1190 3550 1500 3629 Evangelia,
1551 3557 1805 3623 ostendit,

216 3654 328 3693 non
360 3638 437 3692 sic
464 3638 981 3719 accipiendum,vsed
1007 3656 1070 3709 ex
1098 3627 1479 3717 superioribus
1509 3654 1562 3699 et
1590 3644 1809 3702 inferio-

214 3727 368 3783 ribus
395 3742 609 3799 sensum
631 3727 732 3797 loci
762 3724 924 3802 hujus
943 3729 1139 3793 debere
1171 3733 1423 3801 tractari;
1458 3734 1643 3803 (licens
1662 3737 1807 3792 enim

213 3817 415 3874 Paulus
444 3816 719 3905 apostolus
757 3834 814 3873 se
843 3820 1062 3890 gloriari
1098 3820 1149 3875 in
1183 3822 1641 3901 tribulationibus,
1681 3828 1806 3917 quia

214 3912 484 3968 tribulatio
514 3912 820 3981 patientiam
849 3923 1117 3987 operatur,
1144 3917 1395 3997 patientia
1420 3928 1595 3971 autem
1623 3912 1806 4005 proba-

213 4004 431 4066 tionem,
473 4002 709 4072 probatio
749 4019 911 4079 spem,
944 4021 1058 4073 spes
1086 4021 1203 4071 uero
1237 4023 1341 4071 non
1363 4002 1655 4077 confundit,
1688 4026 1807 4095 qua}

213 4111 284 4151 ex
310 4109 375 4147 eo
401 4102 604 4147 certam
633 4094 827 4151 habeat
847 4096 1281 4164 promissionem,
1303 4099 1425 4168 quia
1453 4100 1682 4154 charit‘as
1710 4094 1805 4161 Dei

212 4185 382 4254 eﬂusa
412 4193 486 4237 est
526 4184 577 4235 in
623 4184 865 4238 cordibus
906 4187 1097 4249 nostris
1121 4204 1215 4267 per
1247 4186 1503 4255 Spiritum
1542 4201 1799 4261 sanctum,

210 4279 302 4350 qui
334 4277 489 4329 datus
533 4285 606 4329 est
648 4275 815 4341 nobis,
860 4277 1153 4331 secundum
1192 4278 1320 4333 illud
1363 4282 1504 4349 quod
1544 4282 1684 4337 Deus
1724 4284 1804 4347 di.

211 4374 368 4421 xerat
398 4382 492 4439 per
522 4366 836 4436 prophetam
871 4384 881 4418 :
916 4366 1203 4435 Eﬂundam
1236 4368 1297 4421 de
1334 4370 1519 4443 spiritu
1560 4390 1673 4429 meo
1713 4392 1803 4428 su-

210 4476 303 4523 per
341 4475 541 4511 omnem
589 4458 800 4514 carnem
848 4457 979 4533 (Isti.
1021 4462 1188 4528 κων),
1234 4464 1463 4525 miratur
1506 4467 1800 4535 bonitatem

209 4548 435 4612 Christi,
467 4550 610 4634 quod
640 4564 738 4627 pro
769 4548 999 4617 infirmis
1032 4560 1085 4617 et
1118 4553 1320 4622 impiis,
1349 4563 1403 4608 et
1428 4559 1799 4633 peccatoribus

208 4640 352 4695 mori
391 4638 645 4703 voluerit,
685 4647 739 4701 et
779 4640 915 4707 mori
945 4651 1245 4711 opportuno
1284 4652 1545 4715 tempore,
1587 4648 1652 4707 de
1693 4665 1805 4719 qua

208 4729 327 4802 ipse
359 4729 489 4785 dicit
523 4747 533 4780 :
572 4728 819 4797 Tempore
856 4740 1144 4801 opportuno
1173 4735 1412 4789 awaudivi
1455 4746 1524 4801 te,
1553 4747 1601 4791 et
1631 4740 1684 4792 in
1716 4742 1800 4794 die

209 4823 399 4878 salutis
435 4822 723 4878 auxiliatus
762 4840 875 4880 sum
916 4828 992 4883 tui
1022 4825 1107 4894 (ll
1144 4827 1265 4880 Cor.
1292 4830 1399 4899 v1);
1441 4839 1495 4889 et
1532 4847 1744 4887 rursum
1782 4854 1793 4887 :

209 4914 348 4967 Ecce
381 4932 516 4983 nunc
548 4924 745 4991 tempus
776 4916 1108 4989 acceptabiie,
1150 4936 1265 4987 ecce
1305 4938 1442 4985 nunc
1474 4924 1583 4986 dies
1612 4924 1800 4991 salutis

211 5003 681 5075 (lbid.);quaudo
722 5020 908 5070 omnes
954 5021 1332 5085 peccaverunt,
1377 5002 1534 5085 simul
1580 5015 1794 5071 inutiles

211 5095 342 5153 facti
391 5099 693 5159 sunt,‘non
744 5096 842 5149 fuit
885 5098 977 5179 qui
1024 5098 1223 5165 faceret
1267 5102 1499 5164 bonum,
1546 5119 1649 5157 non
1698 5105 1797 5167 fuit

211 5202 385 5257 usque
413 5190 479 5241 ad
510 5204 675 5253 unum
702 5187 871 5264 (Psat.
906 5192 1021 5251 ut).
1050 5191 1379 5259 incredibilis
1406 5212 1533 5265 ergo
1560 5198 1792 5264 bonitas,

208 5289 269 5337 et
293 5278 527 5345 inaudita
558 5280 839 5338 clementia
876 5283 1013 5336 mori
1047 5299 1145 5353 pro
1176 5287 1370 5357 impiis.
1406 5288 1497 5343 Vix
1530 5292 1671 5352 cnim
1696 5308 1794 5373 pro

208 5369 357 5440 justo
411 5372 643 5441 aliquem
692 5379 743 5428 ct
795 5372 935 5434 bono
984 5390 1138 5432 suum
1188 5379 1500 5447 sanguinem
1547 5369 1793 5447 fundere,

213 5473 356 5518 tnctu
406 5467 596 5527 mortis
633 5473 855 5521 cunctos
888 5474 1140 5533 terrente.
1190 5468 1323 5535 Num
1357 5470 1581 5529 inveniri
1624 5475 1792 5527 inter-

214 5555 367 5615 dum,
403 5562 459 5609 ut
484 5554 677 5621 aliquis
713 5570 810 5625 pro
832 5554 976 5625 justo
1002 5566 1053 5609 ct
1079 5559 1218 5619 bono
1245 5560 1435 5623 audeat
1464 5562 1620 5623 mori.
1655 5561 1792 5629 Cha—

213 5642 347 5696 ritas
372 5649 551 5696 autcm
586 5642 678 5695 Dei
706 5659 864 5711 quam
896 5644 947 5699 in
980 5646 1132 5701 nobis
1170 5648 1355 5709 habuit
1394 5648 1517 5703 hinc
1556 5651 1791 5707 maxime

212 5732 594 5801 comprobatur
627 5736 787 5802 quod,
812 5751 932 5790 cum
964 5737 1137 5801 adhuc
1174 5747 1485 5807 peccatores
1524 5755 1789 5815 essemus,

212 5820 459 5879 Christus
499 5841 595 5896 pro
640 5826 791 5882 nobis
834 5837 1077 5885 mortuus
1115 5838 1216 5894 est,
1260 5840 1315 5885 et
1353 5830 1556 5886 sublata
1600 5842 1683 5889 est
1722 5835 1788 5889 de

1400 5960 1419 5995 \

1911 3371 2451 3436 cante,dissentiunt,
2485 3369 2579 3424 Bei
2608 3368 2834 3439 gratiam
2861 3368 3180 3430 abnuentes,
3211 3375 3275 3429 ut
3299 3368 3356 3421 in
3376 3383 3505 3436 pro:

1908 3465 2084 3533 posito
2113 3464 2317 3518 erroris
2360 3470 2415 3517 et
2463 3444 2814 3530 malignitatis
2856 3468 3226 3529 permaneant.
3279 3457 3499 3529 (θήρ.)

1908 3555 2022 3627 Non
2045 3567 2173 3625 puto
2194 3564 2324 3611 'sane
2371 3553 2517 3625 quod
2554 3554 2725 3609 otiosa
2756 3553 2826 3607 sit
2857 3553 2995 3622 apud
3016 3551 3238 3605 Paulum
3265 3538 3522 3605 varietas.

1910 3649 2009 3703 ista
2042 3644 2359 3712 verborum,
2404 3646 2545 3715 quod
2586 3644 2875 3715 aliquando
2912 3644 3177 3707 inﬁrmos,
3209 3643 3503 3713 aliquaue

1909 3740 2121 3809 impios,
2165 3739 2452 3809 aliquando
2490 3747 2803 3809 peccatores
2848 3726 3119 3799 nominat,
3168 3750 3265 3804 pro
3300 3724 3501 3804 quibus

1908 3830 2183 3891 Christum
2226 3839 2497 3885 mortuum
2529 3829 2693 3884 dicit:
2738 3837 2792 3882 et
2818 3826 3065 3896 quamvis
3094 3826 3400 3895 imperitum
3442 3841 3499 3881 se

1908 3918 2141 3975 fateatur
2188 3920 2242 3975 in
2287 3932 2564 3982 sermone,
2606 3933 2710 3971 non
2752 3925 2930 3969 tamen
2975 3917 3213 3971 arbitror
3251 3914 3398 3983 quod
3435 3916 3492 3969 in

1906 4009 1991 4065 his
2040 4009 2125 4081 ille
2168 4023 2263 4077 per
2308 4008 2667 4081 imperitiam,
2718 4006 2817 4060 sed
2840 4006 3017 4074 potius
3044 4019 3141 4075 per
3174 4005 3494 4075 ptoiuudam

1906 4080 2185 4152 scientiam
2202 4098 2511 4151 variaverit.
2535 4080 2639 4149 Per
2662 4092 2779 4149 haec
2809 4102 3041 4164 naque
3070 4094 3173 4148 tria
3192 4099 3496 4163 omne'pes—

1905 4189 2012 4243 cati
2046 4188 2316 4258 colligitur
2344 4203 2529 4258 genus.
2560 4186 2667 4239 Aut
2705 4187 2846 4241 enim
2898 4186 3152 4255 ignorans
3178 4188 3342 4240 Deum
3362 4188 3494 4255 quis

1904 4286 2090 4349 peccat
2120 4280 2180 4332 in
2204 4279 2457 4341 tenebris,
2506 4285 2561 4330 et
2608 4285 2831 4331 vocatur
2882 4276 3078 4343 impius
3111 4293 3132 4335 ε,
3158 4285 3250 4330 aut
3309 4277 3492 4331 volens

1903 4384 2124 4424 servare
2173 4369 2511 4433 mandatum,
2564 4367 2798 4422 vincitur
2843 4366 3139 4436 ﬂagiiitate
3176 4368 3389 4432 came,
3420 4352 3490 4423 et

1904 4460 2172 4533 illecebris
2209 4461 2495 4536 praesentis
2531 4460 2656 4513 vita:
2694 4446 2979 4527 decipitur,
3024 4468 3075 4513 et
3117 4459 3361 4513 inﬁrmus
3393 4470 3489 4533 api

1901 4554 2165 4622 pciiatur;
2195 4561 2288 4606 aut
2311 4552 2489 4625 sciens
2510 4551 2802 4619 volensque
2828 4551 3125 4604 contemnit
3150 4551 3486 4617 mandatum,

1903 4653 1955 4699 et
2002 4644 2115 4697 odit
2160 4642 2492 4711 disciplinam
2542 4642 2659 4704 Dei,
2697 4656 2759 4694 ac
2805 4641 3019 4709 proiicit
3047 4652 3323 4695 sermones
3374 4640 3488 4709 eius

1899 4745 2021 4804 post
2050 4751 2128 4798 se,
2153 4744 2205 4788 et
2234 4742 2482 4802 peccator
2512 4733 2836 4786 nominatur.
2869 4732 3045 4800 Atque
3077 4733 3146 4785 ita
3178 4732 3372 4787 Paulus
3396 4735 3487 4803 qui

1900 4842 1958 4881 se
1988 4827 2291 4895 imperitum
2312 4866 2325 4889 ,
2359 4834 2417 4877 ut
2454 4825 2704 4889 diximus,
2734 4824 2785 4876 in
2820 4840 3067 4877 sermone
3097 4823 3397 4893 pmﬁtetur,
3430 4826 3485 4896 in

1901 4918 2070 4971 tribus
2110 4917 2193 4987 his
2232 4915 2635 4981 diversitatibus
2673 4916 2943 4977 universa,
2980 4931 3079 4983 pro
3116 4914 3308 4983 quibus
3331 4916 3487 4969 Chri-

1897 5017 2011 5061 stus
2050 5007 2373 5075 prmdicatur
2412 5016 2653 5060 mortuus
2686 5021 2821 5067 csse,
2857 5006 3167 5073 complexus
3197 5015 3299 5059 est.
3330 5008 3482 5072 Quod

1897 5098 2250 5153 si'intertlum
2294 5098 2453 5151 etiam
2495 5098 2571 5157 bi,
2610 5099 2699 5164 qui
2744 5098 2842 5149 sub
2878 5096 2989 5165 lrge
3032 5107 3187 5157 sunt,
3219 5105 3273 5151 et
3316 5099 3481 5155 Deum

1896 5190 2072 5244 colere
2100 5190 2348 5244 videntur
2378 5189 2526 5258 impii
2554 5190 2610 5242 in
2642 5189 2938 5257 Scripturis
2972 5189 3165 5243 divinis
3202 5192 3481 5244 norninan-

1898 5292 2003 5343 tur,
2033 5282 2232 5336 idcirco
2256 5280 2397 5349 quod
2420 5280 2783 5349 relinquentes
2805 5280 2971 5335 Deum
2997 5294 3207 5350 patrum
3238 5298 3475 5351 suorum,

1894 5374 2027 5427 deos
2053 5375 2289 5441 gentium
2320 5372 2520 5427 colunt.
2550 5371 2705 5438 Quod
2732 5388 2860 5426 vero
2890 5373 3086 5428 Paulus
3112 5390 3170 5429 se
3199 5392 3319 5431 cum
3349 5392 3476 5446 pec—

1898 5464 2174 5517 catoribus
2220 5472 2489 5527 numerat,
2519 5464 2607 5529 qui
2652 5464 2703 5515 in
2744 5462 2861 5517 aliis
2897 5464 3026 5519 dicit
3067 5479 3085 5518 :
3130 5465 3243 5520 Hos
3287 5476 3478 5523 natura

1898 5555 2091 5621 Judtri,
2132 5566 2182 5619 et
2210 5570 2311 5609 non
2341 5573 2404 5610 ex
2432 5556 2665 5625 gentibus
2696 5566 2987 5624 peccatores
3016 5556 3155 5630 (Gai.
3189 5562 3269 5631 Il),
3301 5562 3478 5615 bumi‘

1896 5647 2063 5701 litatis
2088 5650 2204 5713 ejus
2230 5658 2312 5703 est
2336 5648 2545 5701 virtus:
2581 5648 2824 5700 imitatur
2850 5650 2989 5701 enim
3024 5650 3199 5711 illum,
3232 5654 3318 5721 qui
3351 5667 3474 5706 eum

1895 5749 2176 5819 peccatum,
2213 5744 2316 5795 non
2360 5740 2605 5804 Fecisset,
2649 5750 2925 5810 peccatum
2966 5757 3067 5810 pro
3108 5744 3261 5799 nobis
3301 5744 3478 5799 factus

1893 5844 2005 5902 est,
2044 5846 2097 5891 et
2137 5852 2259 5892 cum
2298 5830 2440 5892 Deus
2468 5844 2639 5899 esset,
2682 5836 2827 5890 inter
2854 5836 3102 5892 homines
3124 5846 3477 5893 conversatus
