3960 6330
501 335 643 393 1375

1164 338 1238 396 ’8.
1284 343 1534 398 RABANI
1573 343 1790 401 MAURI
1829 344 2150 402 ARCHIEP.
2194 347 2801 407 MOGUNT.0PERUM
2843 352 3020 407 PARS
3059 355 3144 408 lli.

3636 358 3759 416 1378

498 462 604 510 est.
633 453 974 510 Commendat
1011 472 1135 527 ergo
1163 473 1314 511 suam
1342 459 1646 512 charitatem
1671 458 1811 513 Deus
1838 461 1890 513 in
1920 460 2084 513 nobis.
2117 463 2166 522 Α
2194 476 2310 514 sum
2339 460 2616 518 Christum
2645 463 2934 519 Dominum
2972 476 3234 521 nostrum.
3279 468 3342 521 Si
3376 470 3538 534 enim,
3578 471 3754 541 inquit,

501 545 700 619 (Orig)
722 546 819 602 Hic
841 550 1187 614 commendat,
1220 550 1305 605 vel
1328 550 1616 606 conﬁrmat
1644 553 1980 624 intelligitur,
2004 555 2085 608 vel

499 637 795 693 amabilem
817 637 950 693 facit
991 653 1092 708 pro
1126 640 1400 697 beneﬁciis
1448 643 1723 710 praestitis.
1755 643 1907 710 Quod
1941 647 2085 699 enim

499 730 770 797 Christus,
800 747 924 787 cum
959 733 1133 788 adhuc
1157 741 1470 802 peccatores
1497 750 1762 800 essemus,
1801 752 1899 808 pro
1933 738 2087 793 nobis

499 832 748 880 mortuus
779 835 881 889 est,
913 839 1061 893 spem
1085 825 1240 879 nobis
1261 825 1352 882 dat
1373 828 1516 895 quod
1540 827 1708 882 multo
1729 829 1898 900 magis
1931 844 2027 883 nos
2055 845 2087 884 a

497 928 722 988 peccato
750 925 1009 987 purgatos
1035 924 1091 970 et
1122 916 1469 986 iustiﬁcatos,
1493 919 1560 972 ab
1589 919 1665 972 ira
1693 933 1812 987 qum
1844 921 2089 976 imminet

496 1007 876 1079 peccatoribus
916 1006 1146 1061 salvabit
1187 1022 1284 1077 per
1325 1008 1497 1078 ipsum
1532 1026 1543 1060 :
1587 1016 1642 1062 et
1680 1009 1772 1078 qui
1801 1010 2008 1068 alienos
2034 1023 2089 1068 et

498 1097 747 1153 inimicos
774 1097 1085 1164 itasdilexit,
1119 1107 1179 1153 ut
1202 1113 1300 1168 pro
1329 1097 1485 1152 nobis
1517 1097 1582 1152 ad
1613 1109 1842 1154 mortem
1869 1103 2085 1159 unicum

499 1206 659 1244 suum
684 1193 854 1254 daret,
872 1189 1044 1247 multo
1068 1190 1240 1261 magis
1268 1205 1394 1246 suos
1421 1189 1661 1258 eﬂ'ectos,
1689 1202 1746 1248 et
1775 1196 2088 1250 reconcilia-

497 1290 584 1339 tos
612 1284 714 1339 sibi
737 1293 992 1340 aeternam
1018 1284 1245 1338 salutem
1267 1283 1506 1338 donabit.
1534 1283 1703 1342 Multo
1724 1303 1866 1356 ergo,
1891 1288 2084 1358 inquit,

496 1375 663 1444 magis
685 1373 965 1445 justiﬁcati
986 1374 1202 1427 nuncin
1227 1373 1483 1442 sanguine
1504 1373 1637 1442 ejus,
1657 1372 1788 1427 salvi
1809 1375 2002 1430 erimus
2023 1377 2087 1430 ab

494 1466 577 1519 ira
597 1483 691 1536 per
709 1468 901 1536 ipsum.
943 1465 1001 1519 In
1023 1463 1396 1534 superioribus
1437 1464 1651 1532 quidem
1702 1463 1945 1519 dixerat:
1984 1467 2087 1520 Ju-

495 1555 712 1624 stiﬁcati
753 1557 915 1626 igitur
941 1571 1006 1609 ea:
1045 1555 1168 1624 ﬁde,
1192 1570 1373 1624 pacem
1401 1552 1686 1610 habeamus
1729 1554 1799 1607 ad
1823 1554 2013 1622 Deum,
2034 1565 2090 1612 et

497 1662 642 1700 nunc
684 1647 844 1709 dicit,
876 1645 1046 1699 Multo
1081 1645 1249 1715 magis
1277 1659 1415 1698 nunc
1436 1643 1720 1712 justificati
1752 1646 1806 1699 in
1835 1649 2090 1718 sanguine

494 1736 660 1808 ipsius
688 1736 818 1791 salvi
847 1737 1040 1790 erimus
1070 1736 1134 1788 ab
1162 1737 1243 1788 ira
1274 1751 1366 1805 per
1393 1735 1584 1804 ipsum.
1614 1735 1693 1789 Ex
1723 1751 1830 1805 quo
1855 1739 2093 1795 ostendit

2191 566 2307 602 cum
2337 551 2536 605 inimici
2565 569 2790 606 essemus
2813 555 3132 609 reconciliati
3162 573 3342 611 sumus
3366 559 3479 613 Deo
3507 577 3601 630 per
3631 579 3758 616 mor-

2189 649 2289 692 tem
2325 640 2424 708 ﬁlii
2450 641 2584 710 ejus,
2613 643 2778 696 multo
2803 646 2970 714 magis
3001 648 3325 702 reconciliati
3350 651 3484 704 salui
3503 655 3692 707 erimus
3710 656 3762 708 in

2189 731 2290 783 vita
2345 732 2531 800 ipsius,
2581 742 2638 788 et
2668 735 2892 805 reliqua.
2921 735 3117 809 (0rig.)
3149 739 3442 796 Evidenter
3469 748 3765 801 ostenditur

2189 836 2288 874 nos
2357 837 2477 878 esse
2541 825 2776 894 aliquam
2840 828 3228 896 substantiam,
3293 848 3415 901 qua:
3478 836 3764 891 secundum

2191 911 2558 968 diﬁinitionem
2622 914 2911 971 Marcionis
2978 917 3065 972 vel
3118 918 3386 976 Valentini
3454 925 3764 980 naturaliter

2191 1003 2408 1057 inimica
2469 1006 2538 1058 sit
2599 1005 2709 1060 Deo
2743 1024 2755 1057 :
2787 1008 3026 1076 alioquin
3066 1010 3110 1064 si
3168 1011 3310 1079 quod
3349 1013 3628 1068 inimicum
3667 1028 3761 1082 est,

2189 1100 2396 1147 natura:
2448 1103 2610 1158 esset,
2672 1103 2869 1150 etnon
2926 1097 3238 1153 voluntatis.
3278 1104 3764 1159 reconciliationem

2190 1185 2378 1253 utique
2421 1201 2527 1240 non
2575 1188 2819 1243 haberet.
2875 1189 2977 1245 Ubi
3027 1200 3209 1246 autem
3262 1209 3330 1248 ex
3376 1195 3600 1250 inimico
3654 1201 3766 1266 quis

2191 1276 2399 1331 amicus
2421 1276 2670 1343 efﬁcitur,
2702 1289 2907 1335 certum
2937 1292 3020 1336 est
3042 1283 3184 1352 quod
3208 1284 3334 1338 dum
3369 1301 3432 1339 ea
3453 1302 3619 1355 opera
3666 1290 3769 1359 agit

2193 1384 2314 1438 quas
2349 1385 2457 1424 non
2488 1380 2635 1425 amat
2665 1373 2828 1436 Deus,
2862 1375 3113 1429 inimicus
3143 1386 3226 1431 est
3256 1377 3378 1442 Dei,
3411 1388 3467 1433 et
3484 1383 3765 1450 unusquis-

2191 1474 2297 1528 que
2345 1467 2456 1513 tam
2505 1463 2685 1531 gravis
2730 1471 2786 1516 ct
2826 1473 2934 1527 tam
2981 1465 3194 1520 odibilis
3231 1465 3466 1522 efﬁcitur
3502 1470 3765 1535 inimicus,

2193 1567 2353 1621 quam
2371 1553 2981 1625 multiplicaveritopera
3006 1558 3303 1614 inimicitiis
3324 1561 3508 1630 uigna.
3535 1561 3668 1615 Sunt
3689 1579 3769 1616 er-

2193 1660 2260 1715 go
2276 1659 2541 1700 mensura:
2554 1655 2609 1699 et
2633 1648 2831 1717 gradus
2855 1648 3071 1716 quidam
3094 1649 3149 1700 in
3171 1648 3262 1702 bis
3278 1662 3622 1718 peccatorum
3646 1667 3769 1720 qua-

2191 1734 2344 1789 litate
2372 1736 2454 1790 vel
2482 1737 2784 1804 quantitale
2817 1738 3078 1802 distincti,
3115 1739 3207 1806 qui
3239 1739 3442 1795 inimici
3488 1753 3614 1795 sunt
3643 1742 3763 1797 Deo.

495 1828 640 1899 quod
673 1844 849 1898 neque
887 1828 1024 1884 ﬁdes
1062 1836 1246 1884 nostra
1294 1828 1411 1883 sine
1440 1827 1642 1893 Christi
1667 1831 1964 1901 sanguine;
1997 1847 2088 1887 ne-
2119 1815 2164 1873 Β
2193 1824 2348 1880 Unde
2383 1834 2439 1880 et
2465 1825 2555 1880 ille
2581 1827 2671 1896 qui
2704 1843 2865 1896 supra
2903 1843 3092 1883 omnes
3123 1831 3366 1898 peccavit
3398 1846 3429 1883 a
3456 1831 3621 1886 Paulo
3647 1833 3765 1887 ulti-

495 1935 602 1989 que
628 1921 848 1989 sanguis
872 1919 1073 1975 Christi
1099 1933 1198 1973 nos
1223 1919 1340 1973 sine
1366 1918 1470 1972 ﬁde
1501 1928 1684 1974 nostra
1709 1920 1988 1990 justiﬁcat,
2021 1938 2085 1977 ex

496 2016 726 2076 utroque
780 2017 960 2062 tamen
1014 1993 1185 2062 multo
1236 2008 1405 2080 magis
1451 2008 1669 2077 sanguis
1713 2009 1914 2066 Christi
1964 2027 2086 2078 nos,

493 2111 656 2168 quam
701 2096 834 2152 ﬁdes
876 2106 1062 2152 nostra
1096 2096 1381 2166 justiﬁcat.
1410 2097 1477 2151 Et
1516 2098 1636 2152 ideo
1681 2100 1813 2154 mihi
1855 2101 2083 2166 videtur,

493 2203 616 2244 cum
645 2190 698 2244 in
728 2190 1096 2259 superioribus
1120 2189 1443 2260 simpliciter
1462 2190 1681 2256 dixerit,
1706 2191 1996 2262 Justiﬁcati
2023 2212 2089 2250 ea:

491 2282 617 2352 ﬁde,
648 2283 736 2340 hic
764 2284 1053 2348 addidisse,
1077 2283 1250 2337 Multo
1279 2285 1449 2352 magis
1499 2301 1620 2353 ergo
1647 2303 1784 2340 nunc
1805 2288 2087 2356 justiﬁcati

491 2372 546 2427 in
590 2376 847 2445 sanguine
889 2375 1035 2445 ejus,
1079 2383 1139 2429 ut
1180 2377 1429 2440 doceret,
1472 2376 1600 2444 quia
1639 2378 1707 2432 ab
1750 2378 1829 2432 ira
1860 2388 2086 2435 ventura

491 2465 704 2522 etiamsi
734 2465 868 2522 ﬁdes
896 2475 1083 2524 nostra
1112 2481 1212 2522 nos
1246 2466 1418 2522 salvet
1440 2507 1454 2532 ,
1495 2468 1708 2522 etiamsi
1741 2484 1905 2539 opera
1927 2469 2088 2539 justi-

489 2556 612 2624 tim,
639 2572 806 2626 super
847 2557 965 2612 haec
1009 2566 1188 2613 tamen
1229 2558 1410 2612 omnia
1443 2557 1614 2611 multo
1660 2560 1832 2630 magis
1868 2562 2088 2632 sanguis

490 2645 691 2704 Christi
721 2649 901 2703 salvos
934 2656 1034 2703 nos
1062 2647 1227 2703 faciat
1252 2647 1321 2703 ab
1347 2649 1427 2701 ira
1456 2657 1703 2703 ventura.

563 2737 621 2794 Si
654 2742 792 2794 enim
836 2753 955 2794 cum
998 2740 1198 2793 inimict
1246 2757 1476 2794 essemus
1522 2740 1852 2795 reconciliati
1901 2760 2084 2819 sumus

490 2829 598 2886 Deo
627 2847 721 2901 per
755 2839 976 2884 mortem
998 2827 1129 2883 Filii
1171 2829 1301 2899 ejus,
1349 2830 1513 2882 multo
1557 2831 1723 2900 magis
1763 2833 2086 2895 reconciliati

489 2922 619 2977 salvi
651 2921 844 2976 erimus
877 2922 932 2974 in
961 2922 1064 2974 vita
1094 2921 1278 2992 ipsius.
1331 2919 1567 2991 (Ambr.)
1617 2919 1961 2978 Manifestum
2001 2934 2086 2981 est

490 3011 618 3081 quia
646 3012 712 3076 si,
753 3019 813 3065 ut
839 3011 1216 3065 reconciliaret
1242 3025 1341 3066 nos
1379 3011 1502 3074 sibi,
1545 3010 1688 3066 Deus
1715 3011 1910 3068 Filium
1925 3031 2080 3071 suum

491 3103 654 3157 morti
703 3102 953 3165 tradidit,
1008 3112 1212 3172 quanto
1251 3102 1424 3171 magis
1469 3101 1850 3162 reconciliatos
1905 3105 2082 3161 salvos

2194 1930 2314 1968 mus
2354 1915 2607 1971 inimicus
2635 1917 2997 1972 destruendus
3040 1931 3160 1973 esse
3202 1931 3536 1975 memoratur
3568 1940 3580 1973 :
3621 1938 3764 1978 versa

2190 2014 2368 2059 autem
2397 2007 2514 2062 vice
2543 2016 2598 2061 et
2623 2008 2814 2063 ordine
2840 2009 3002 2062 etiam
3030 2024 3124 2064 eos
3149 2011 3242 2078 qui
3284 2011 3616 2066 reconciliati
3651 2023 3768 2068 sunt

2189 2109 2287 2163 per
2317 2104 2543 2151 mortem
2583 2093 2678 2150 ﬁlii
2709 2095 2847 2164 ejus,
2879 2098 2933 2151 in
2975 2095 3167 2152 amicis
3198 2100 3386 2154 haberi
3416 2110 3629 2155 certum
3658 2111 3763 2168 est;

2189 2195 2243 2240 et
2284 2202 2404 2241 esse
2446 2187 2676 2257 aliquem
2722 2189 2796 2241 ita
2834 2199 3067 2243 amicum
3118 2191 3257 2243 sicut
3303 2190 3518 2260 Moyses
3566 2197 3764 2248 amicus

2191 2277 2284 2331 Dei
2312 2277 2610 2346 appellatus
2646 2286 2752 2341 est,
2793 2292 2914 2333 esse
2953 2293 3167 2348 quoque
3206 2280 3372 2345 alios,
3405 2283 3605 2351 quibus
3643 2285 3768 2339 dicit

2189 2373 2441 2430 Salvator
2473 2416 2487 2429 .
2534 2374 2659 2429 lam
2706 2391 2808 2429 non
2844 2376 3018 2429 dicam
3063 2393 3150 2429 vos
3197 2393 3390 2440 servos,
3437 2379 3528 2430 sed
3578 2381 3765 2434 amicos

2189 2464 2373 2537 (Joan.
2397 2466 2488 2537 xv)
2505 2508 2518 2531 ,
2544 2466 2708 2520 credo
2733 2474 2914 2520 autem
2937 2480 3055 2520 esse
3082 2465 3258 2521 adhuc
3287 2468 3458 2538 magis
3480 2467 3764 2522 familiares

2189 2556 2397 2626 aliquos
2437 2557 2491 2609 in
2529 2555 2840 2612 cmlestibus
2875 2557 3082 2612 amicos
3121 2558 3260 2626 apud
3301 2557 3490 2622 Deum,
3521 2561 3608 2613 vel
3655 2562 3762 2617 illos

2190 2647 2280 2717 qui
2322 2661 2540 2716 semper
2572 2646 2758 2700 vident
2789 2645 2982 2701 faciem
3011 2645 3143 2711 Dei,
3177 2647 3260 2700 vel
3296 2662 3390 2702 eos
3427 2649 3520 2717 qui
3557 2665 3763 2719 semper

2187 2739 2403 2796 adstant
2435 2738 2490 2791 in
2522 2746 2813 2808 conspectu
2840 2738 3100 2792 Altissimi
3127 2755 3139 2790 :
3169 2746 3230 2791 ut
3268 2740 3406 2794 sicut
3445 2756 3607 2811 supra
3637 2743 3765 2794 dixi-

2187 2844 2308 2884 mus
2337 2844 2458 2884 esse
2490 2831 2779 2899 quemdam
2801 2829 3153 2883 novissimum
3187 2830 3487 2896 inimicum,
3517 2835 3589 2885 ita
3613 2844 3666 2887 et
3697 2836 3760 2890 ibi

2187 2936 2284 2991 pro
2309 2921 2570 2974 virtutum
2589 2920 2810 2973 -meritis
2840 2919 3144 2974 habeantur
3169 2924 3364 2976 summi
3394 2923 3554 2993 aliqui
3588 2927 3758 2980 amici.

2186 3013 2318 3067 Cum
2352 3026 2481 3082 ergo
2506 3013 2580 3066 ita
2619 3012 2749 3077 sint,
2782 3013 2966 3066 nescio
2997 3012 3043 3065 si
3079 3012 3126 3065 is
3151 3013 3242 3081 qui
3275 3016 3454 3069 adhuc
3485 3026 3763 3085 permanet

2189 3103 2241 3156 in
2272 3101 2360 3157 his
2393 3103 2672 3177 operibus,
2709 3117 2828 3171 quas
2862 3103 2976 3157 odit
3007 3102 3172 3166 Deus,
3207 3113 3263 3158 et
3297 3121 3398 3174 pro
3424 3109 3620 3176 quibus
3669 3110 3764 3163 ini-

489 3190 653 3247 facict
691 3191 745 3246 in
782 3192 890 3246 vita
919 3193 1122 3261 ipsius?
1152 3190 1269 3246 Non
1301 3192 1443 3246 enim
1475 3193 1676 3262 poterit
1706 3194 1929 3250 minime
1958 3196 2081 3251 dili—
2110 3174 2152 3234 (δ
2187 3195 2405 3250 micitiae
2439 3174 2565 3250 sunt
2604 3197 2744 3248 inter
2777 3196 2942 3249 Deum
2991 3203 3046 3248 et
3078 3195 3347 3261 homines,
3389 3174 3760 3255 reconciliatus

489 3301 616 3355 gere
633 3286 858 3351 amicos,
885 3287 974 3355 qui
1001 3286 1223 3355 prodest
1252 3285 1502 3340 inimicis.
1523 3284 1579 3340 Si
1610 3285 1752 3339 enim
1783 3303 1929 3343 mors
1958 3288 2082 3344 Sai-

490 3379 694 3433 vatoris
722 3377 924 3447 profuit
955 3377 1112 3433 nobis
1133 3378 1309 3431 adhuc
1339 3377 1541 3447 impiis,
1572 3386 1775 3446 quanto
1799 3380 1970 3456 magis
1991 3379 2082 3449 ju-

489 3471 738 3527 stiﬁcatis
767 3471 873 3525 vita
916 3470 1106 3541 ipsius,
1156 3485 1280 3524 cum
1319 3470 1555 3541 resurgit
1581 3485 1612 3524 a
1658 3471 2081 3541 mortuis?quia

489 3564 632 3618 sicut
661 3577 807 3617 mors
834 3560 949 3629 ejus
987 3577 1016 3615 a
1045 3560 1257 3616 diabolo
1295 3575 1396 3615 nos
1431 3562 1595 3625 eruit,
1628 3562 1699 3615 ita
1730 3571 1788 3616 et
1817 3564 1928 3620 vita
1962 3563 2082 3634 ejus

489 3653 557 3707 de
575 3651 663 3706 die
677 3651 869 3719 judicii
896 3651 990 3706 Dei
1020 3654 1118 3705 nos
1145 3650 1413 3705 liberabit.
1451 3650 1634 3722 (Aug.)
1663 3651 1804 3722 Ergo
1833 3652 2080 3710 Christus

488 3757 588 3813 pro
619 3742 800 3811 impiis
839 3750 1086 3797 mortuus
1119 3752 1231 3805 est,
1273 3752 1328 3796 ct
1351 3743 1603 3801 Christus
1639 3745 1780 3799 Deus
1811 3755 1913 3810 est,
1940 3763 2078 3817 quo-

489 3831 652 3887 modo
692 3832 939 3902 regnavit
975 3832 1226 3886 iuventus
1267 3832 1456 3885 invita
1499 3833 1588 3886 Dei
1622 3831 1832 3900 justus,
1864 3837 2079 3904 quando

491 3938 558 3978 ne
579 3923 783 3993 periret
825 3932 998 3978 morte
1037 3924 1134 3977 Dei
1169 3922 1428 3993 quaesitus
1473 3934 1556 3978 est
1599 3925 1834 3992 impius?
1879 3927 1934 3980 in
1968 3928 2076 3982 vita

491 4014 636 4066 enim
659 4012 755 4066 Dei
781 4012 914 4066 salvi
952 4013 1179 4076 erimus,
1213 4013 1337 4081 quia
1377 4014 1428 4066 in
1461 4014 1572 4068 vita
1613 4024 1798 4070 nostra
1830 4018 2076 4084 periera-

490 4121 632 4161 mus.
687 4105 791 4167 Séd
832 4120 952 4159 cum
991 4106 1264 4170 audimus,
1306 4113 1361 4159 et
1399 4106 1565 4159 vitam
1605 4108 1699 4160 Dei
1745 4117 1799 4161 et
1843 4118 2074 4164 mortem

490 4199 606 4263 Dei,
643 4199 1016 4254 discernamus
1045 4200 1171 4267 quid
1201 4200 1341 4252 unde
1376 4200 1444 4252 sit.
1472 4219 1483 4252 :
1511 4203 1678 4254 vitam
1709 4203 1906 4272 quippe
1933 4214 2075 4259 attu-

490 4289 552 4342 lit
593 4289 768 4353 nobis,
799 4297 1029 4344 mortem
1058 4303 1189 4343 vero
1228 4288 1434 4356 accepit
1480 4304 1508 4341 a
1551 4290 1725 4356 nobis,
1760 4306 1861 4345 nec
1892 4300 2086 4348 tamen.

490 4396 589 4450 pro
630 4394 728 4432 suo
765 4379 978 4441 merito,
1019 4379 1111 4441 sed
1150 4393 1250 4447 pro
1286 4379 1458 4432 nobis.
1493 4377 1740 4451 Fuimus,
1794 4381 1988 4451 inquit,
2025 4394 2075 4437 et

491 4488 584 4524 nos
613 4481 802 4523 natura
826 4469 925 4538 ﬁlii
949 4471 1060 4533 ine,
1093 4470 1225 4522 sicut
1256 4478 1304 4522 et
1327 4471 1499 4522 cazteri
1532 4467 1746 4539 (Ephes.
1775 4471 1858 4540 ιι),
1889 4474 1942 4528 in
1971 4475 2072 4530 hac

491 4566 592 4629 ira,
641 4578 764 4617 cum
804 4571 986 4616 essent
1031 4562 1277 4616 homines
1320 4576 1417 4629 per
1455 4556 1717 4631 originale
1763 4573 2070 4632 peccatum,

490 4663 640 4708 tanto
685 4653 902 4723 gravius
946 4660 1001 4705 et
1046 4652 1402 4721 perniciosius
1464 4659 1685 4720 quanto'
1721 4652 1924 4720 majora
1988 4654 2071 4710 vel

489 4747 643 4816 plura
685 4745 906 4814 insuper
945 4742 1296 4806 addiderunt,
1341 4745 1680 4798 necessarius
1715 4755 1832 4798 erat
1868 4746 2071 4801 media-

491 4846 594 4898 tor.
628 4838 732 4891 hoc
772 4843 856 4890 est
893 4833 1292 4898 reconciliator,
1327 4834 1418 4902 qui
1455 4834 1595 4889 hanc
1633 4833 1772 4886 iram
1815 4834 2068 4889 sacrificii

491 4927 780 4999 singularis
807 4926 961 4996 cujus
985 4934 1142 4980 erant
1170 4927 1375 4985 umbrae
1415 4926 1597 4980 omnia
1631 4928 1898 4983 sacriﬁcia
1935 4930 2069 5001 legis

489 5032 545 5076 et
566 5021 966 5091 prophetarum,
995 5017 1266 5071 oblatione
1293 5018 1550 5086 placaret.
1566 5017 1700 5074 Cum
1726 5030 1904 5075 autem
1927 5021 2073 5077 Deus

489 5111 651 5169 irasci
694 5111 930 5175 dicitur,
980 5124 1087 5162 non
1137 5109 1253 5178 ejus
1297 5109 1633 5177 signiﬁcatur
1699 5112 2068 5179 perturbatio,

490 5204 667 5275 qualis
692 5210 775 5258 est
809 5202 865 5255 in
901 5201 1082 5255 animo
1121 5198 1404 5254 irascentis
1443 5200 1711 5266 hominis,
1744 5202 1839 5255 sed
1869 5216 1934 5255 ex
1969 5203 2072 5256 hu-

491 5298 674 5354 manis
722 5296 957 5368 motibus
1013 5293 1280 5347 translato
1325 5291 1582 5346 vocabulo
1630 5291 1868 5345 vindicta
1915 5291 2066 5358 ejus,

489 5404 609 5460 quae
649 5403 753 5442 non
795 5385 897 5440 nisi
935 5383 1080 5452 justa
1116 5392 1220 5449 est,
1264 5383 1360 5436 irae
1402 5397 1595 5436 nomen
1637 5384 1863 5451 accepit.
1914 5383 2064 5448 Quod

489 5497 618 5551 ergo
648 5494 745 5550 per
773 5477 1122 5532 Mediatorem
1159 5472 1574 5530 reconciliamur
1607 5473 1746 5538 Deo,
1778 5481 1834 5527 et
1870 5474 2065 5544 accipi-

493 5592 612 5632 mus
660 5572 918 5642 Spiritum
964 5577 1228 5630 sanctum,
1281 5575 1343 5620 ut
1379 5582 1446 5621 ex
1493 5565 1728 5620 inimicis
1772 5565 2068 5620 efﬁciamur

489 5668 617 5732 ﬁlii,
675 5673 917 5737 quotquot
960 5662 1096 5715 enim
1157 5658 1356 5728 Spiritu
1401 5656 1500 5710 Dei
1550 5665 1810 5727 aguntur,
1859 5657 1910 5710 lti
1967 5656 2066 5723 ﬁlii

492 5763 592 5820 Dei
644 5769 764 5825 sunt
813 5755 984 5825 (Rom.
1024 5752 1168 5821 vni),
1208 5752 1324 5806 haec
1369 5756 1455 5806 est
1497 5748 1669 5817 gratia
1711 5746 1806 5801 Dei
1844 5760 1941 5815 per
1976 5745 2066 5801 Je-

2186 3297 2306 3338 esse
2357 3284 2462 3338 Deo
2504 3299 2602 3354 per
2651 3285 2965 3354 sanguinem
3027 3284 3229 3340 Christi
3293 3290 3487 3342 merito
3535 3291 3760 3345 dicatur.

2184 3371 2464 3440 Quomodo
2506 3374 2650 3428 enim
2701 3375 3080 3429 reconciliatus
3109 3384 3212 3438 est,
3241 3377 3331 3446 qui
3364 3389 3442 3431 est
3484 3381 3763 3435 inimicus?

2182 3463 2382 3518 Paulus
2410 3478 2541 3534 ergo
2595 3465 2789 3518 merito
2818 3473 2875 3518 et
2903 3466 2969 3519 de
2994 3479 3052 3519 se
3083 3473 3137 3518 et
3174 3466 3277 3520 sibi
3315 3468 3579 3523 similibus
3610 3471 3759 3534 dicit,

2183 3556 2308 3625 quia
2336 3572 2456 3609 cum
2482 3555 2683 3608 inimici
2708 3571 2955 3619 essemus,
2987 3555 3310 3610 reconciliati
3338 3575 3522 3613 sumus
3544 3559 3652 3612 Deo
3676 3578 3763 3628 per

2181 3644 2488 3712 sanguinem
2512 3641 2642 3695 Filii
2663 3642 2798 3712 ejus.
2818 3642 3051 3698 Grandis
3078 3645 3252 3713 pudor
3277 3654 3380 3709 est,
3411 3649 3499 3701 ubi
3531 3648 3649 3702 talis
3677 3659 3760 3704 re-

2179 3732 2490 3787 conciliatio
2527 3732 2666 3787 facta
2707 3742 2811 3797 est,
2855 3734 2946 3787 ubi
2986 3733 3296 3788 inimicitias
3336 3737 3476 3790 inter
3505 3739 3671 3793 Deum
3708 3752 3760 3794 et

2179 3822 2427 3877 homines
2469 3837 2577 3876 non
2621 3836 2802 3877 sermo
2840 3824 3160 3892 peccatoris,
3205 3825 3299 3879 sed
3339 3830 3561 3895 sanguis
3591 3831 3759 3884 inter-

2179 3913 2411 3967 cessoris
2440 3913 2687 3979 absolvit,
2720 3915 2915 3967 iterum
2945 3929 3042 3967 nos
3070 3917 3312 3969 converti
3338 3918 3406 3971 ad
3433 3918 3758 3984 inimicitias,

2178 4009 2232 4055 ct
2261 4015 2420 4071 agere
2456 4016 2519 4055 ea
2569 4017 2688 4070 qua:
2717 4004 2829 4056 odit
2863 4003 2951 4057 ille
2979 4019 3138 4072 quem
3176 4006 3332 4061 nobis
3360 4023 3468 4061 non
3500 4009 3600 4064 nisi
3626 4011 3758 4064 εσυ-

2179 4093 2260 4146 sio
2289 4093 2566 4163 sanguinis
2595 4094 2734 4148 sacri
2765 4095 3228 4150 reconciliaverat.

2249 4184 2373 4237 Non
2398 4189 2566 4238 solum
2589 4197 2762 4241 autent
2783 4189 2899 4252 hoc,
2929 4189 3018 4242 sed
3038 4198 3085 4242 et
3112 4189 3407 4260 gloriamur
3431 4193 3484 4245 in
3512 4194 3636 4259 Deo,
3671 4214 3758 4264 per

2176 4272 2457 4328 Dominum
2497 4286 2731 4329 nostrum
2770 4277 2952 4330 Jesum
2991 4278 3291 4344 Christum,
3332 4298 3424 4348 per
3449 4300 3596 4349 quem
3625 4301 3756 4337 nunc

2177 4370 2653 4425 reconciliationem
2709 4370 3021 4439 accepimus.
3083 4369 3335 4443 (Ambr.)
3382 4372 3498 4426 Non
3552 4385 3752 4429 tantum

2174 4469 2274 4530 p'ro
2302 4466 2517 4528 accepta
2546 4459 2718 4513 salute
2748 4467 2802 4512 et
2828 4459 3116 4513 securitate
3145 4459 3256 4514 Deo
3292 4465 3494 4532 gratias
3527 4466 3755 4534 agendas

2175 4548 2366 4613 docet,
2418 4548 2511 4602 sed
2554 4547 2987 4618 et'gloriandum
3036 4563 3134 4617 per
3169 4547 3354 4603 Jesum
3381 4551 3653 4606 Christum
3703 4556 3750 4608 in

2176 4639 2306 4703 Deo,
2339 4639 2430 4708 qui
2469 4639 2719 4707 dignatus
2748 4647 2834 4693 est
2866 4653 2932 4691 ex
2975 4639 3154 4707 impiis
3184 4649 3237 4693 et
3265 4641 3502 4696 inimicis
3529 4645 3626 4697 dici
3656 4660 3751 4698 nos

2176 4746 2301 4784 suos
2327 4730 2556 4793 amicos,
2590 4738 2647 4782 ut
2675 4730 2857 4782 omnia
2904 4729 3166 4783 beneﬁcia
3196 4745 3295 4799 per
3322 4731 3591 4787 Christum
3623 4750 3750 4789 con—

2175 4832 2390 4878 secutos
2414 4837 2513 4877 nos
2525 4823 2873 4892 gaudeamus;
2889 4823 3083 4890 utquia
3103 4837 3198 4891 per
3214 4822 3390 4893 ipsum
3407 4827 3749 4895 cognovimus

2174 4915 2363 4976 Deum,
2398 4911 2691 4982 gloriantes
2706 4912 2758 4965 in
2772 4927 2859 4977 eo,
2892 4912 3179 4966 reddamus
3207 4913 3256 4967 ei
3288 4914 3748 4969 honoriﬁcentiam

2176 5022 2360 5077 parem
2385 5006 2493 5059 Deo
2516 5004 2687 5069 Patri,
2719 5004 2836 5071 ipso
2863 5002 2964 5056 sibi
2991 5003 3187 5055 idoneo
3217 5011 3353 5058 teste
3379 5007 3700 5073 praedicante
3730 5025 3742 5059 :

2176 5096 2247 5150 Ut
2295 5096 2659 5164 honoriﬁcent,
2701 5094 2898 5163 inquit,
2944 5091 3166 5156 Filium,
3210 5095 3344 5147 sicut
3399 5097 3742 5161 honoriﬁcam

2176 5189 2387 5243 Patrem
2410 5188 2588 5256 (Joan.
2623 5186 2700 5256 v).
2723 5184 2851 5239 Post
2872 5183 2965 5238 Dei
2987 5197 3114 5252 ergo
3137 5184 3316 5239 Patris
3335 5187 3744 5255 providentiam,

2174 5290 2227 5336 et
2266 5281 2464 5335 donum
2510 5278 2653 5348 quod
2698 5276 2845 5331 dedit
2889 5290 2987 5346 per
3013 5275 3314 5340 Christum,
3357 5284 3420 5328 ut
3463 5291 3743 5344 personam

2171 5372 2292 5426 Filii
2330 5366 2484 5425 nobis
2513 5376 2719 5438 gratam
2750 5366 2971 5430 faceret,
2998 5368 3122 5436 quia
3153 5383 3250 5437 per
3273 5367 3547 5422 Christum
3583 5385 3741 5423 unum

2175 5462 2437 5532 redempti
2454 5475 2640 5516 sumus
2661 5460 2731 5513 ab
2746 5474 2853 5512 uno
2873 5457 2982 5511 Deo
3005 5457 3184 5520 Patre,
3202 5457 3398 5525 adjecit
3425 5477 3437 5509 :
3465 5457 3742 5528 Propterea

2172 5558 2306 5611 sicut
2329 5570 2420 5625 per
2445 5567 2605 5606 unum
2639 5551 2895 5603 hominem
2930 5560 3198 5618 peccatum
3240 5549 3293 5601 in
3333 5549 3470 5601 hunc
3495 5551 3740 5602 mundum

2173 5649 2406 5712 intravit,
2429 5657 2476 5700 et
2497 5662 2589 5715 per
2606 5652 2871 5714 peccatum
2891 5658 3053 5706 mors,
3083 5651 3129 5694 et
3146 5642 3220 5694 sic
3249 5642 3302 5693 in
3324 5657 3498 5694 omnes
3515 5642 3741 5693 nomines

2173 5758 2314 5799 mors
2332 5735 2654 5808 pertransiit,
2677 5724 2730 5788 in
2755 5749 2856 5802 quo
2885 5748 3065 5787 omnes
3086 5743 3443 5801 peccaverunt.
3482 5731 3740 5793 Quoniam
