3960 6320
206 397 350 453 i377

704 440 717 459 ι
752 400 1299 461 ENARRATIONUM
1338 402 1406 457 1N
1444 403 1593 459 EPP.
1632 401 1841 457 PAULI
1875 401 2004 456 LIB.
2045 396 2240 458 ιιις-
2278 404 2346 460 ιΝ
2386 404 2607 461 EPIST.
2643 407 2736 461 AD
2774 405 2946 463 ROM.

3338 372 3507 461 1578'

204 509 461 579 superius
487 509 583 564 Dei
615 511 844 581 gratiam
884 529 982 584 per
1018 512 1295 569 Christum
1342 516 1525 571 datam
1558 515 1795 574 ostendit
1821 516 2041 586 Aeapud
2087 519 2428 587 temetipsum
2475 528 2829 590 pertractato,
2863 522 3007 595 unde
3046 522 3099 577 in
3138 523 3281 587 hunc
3322 539 3510 593 ιιηιιι-¹

206 600 509 653 secundum
547 600 792 656 ordinem
834 603 1110 669 veritatis,
1153 620 1296 660 nunc
1338 605 1511 675 ipsom
1550 607 1796 662 ordinem

209 691 373 745 unius
397 691 490 745 Dei
518 693 709 761 patris,
740 708 839 763 per
864 711 1029 748 unum
1054 693 1327 752 Christum
1351 698 1545 777 Filium
1561 701 1677 770 ejus
1699 700 1796 755 de-

210 778 406 843 clarat,
438 789 494 835 ut
520 783 643 852 quia
668 785 839 838 Adam
866 801 1026 849 unus,
1052 785 1104 839 id
1140 797 1244 854 est,
1267 785 1403 856 Eva,
1432 801 1489 846 et
1509 792 1625 862 ipsa
1651 793 1795 847 enim

208 869 385 925 Adam
422 882 523 936 est,
562 876 807 943 peccavit
852 867 907 930 in
949 878 1232 943 omnibus,
1254 879 1337 934 ita
1380 896 1521 937 unus
1548 882 1797 939 Christus

213 959 383 1017 Filius
409 962 503 1019 Dei
534 975 817 1034 peccatum
846 966 977 1022 vicit
1007 967 1061 1022 in
1101 970 1355 1023 omnibus
1384 988 1395 1023 :
1435 981 1491 1026 et
1516 974 1639 1042 quia
1673 989 1798 1044 pro-

211 1055 447 1122 positum
481 1058 671 1127 gratiae
703 1057 799 1113 Dei
837 1074 967 1130 erga
997 1075 1167 1131 genus
1200 1061 1495 1117 humanum
1537 1055 1838 1135 ostendit,',

214 1151 275 1197 ut
308 1144 422 1214 ipsa
453 1146 748 1215 primordia
780 1151 986 1218 peccati
1018 1152 1348 1219 ostenderet,
1377 1154 1447 1209 ab
1470 1155 1642 1210 Adam
1680 1172 1797 1212 caa-

209 1234 311 1301 pit,
344 1235 437 1305 qui
463 1237 697 1307 primum
728 1241 994 1308 peccavit,
1020 1251 1078 1296 ut
1095 1244 1491 1313 providentiam
1516 1247 1675 1301 unius
1706 1248 1796 1302 Dei

210 1338 310 1393 per
349 1340 525 1382 unum
551 1318 878 1385 reformasse
908 1332 1147 1399 doceret,
1181 1336 1324 1403 quod
1354 1350 1645 1404 perunum
1685 1336 1799 1393 fue-

213 1426 300 1470 rat
325 1408 572 1488 Alapsum,
609 1427 665 1475 et
701 1428 937 1476 tractum
980 1422 1033 1476 in
1076 1432 1334 1489 mortem.
1374 1425 1475 1483 Hic
1504 1440 1634 1499 ergo
1663 1446 1799 1485 unus

211 1516 316 1572 est,
348 1523 444 1578 per
474 1526 633 1579 quem
671 1512 896 1579 salvati,
928 1512 1071 1570 hanc
1116 1514 1197 1569 illi
1222 1502 1603 1586 reverentiam,
1635 1538 1797 1590 quam

217 1601 326 1681 Deo
377 1601 524 1657 Patri
550 1604 827 1671 debemus,
857 1606 974 1676 ipso
1020 1607 1275 1677 volente...
1304 1606 1443 1666 Dicit
1479 1613 1623 1667 enim
1655 1614 1807 1683 idem

213 1680 323 1746 alio
354 1692 469 1748 l‘oco
500 1693 675 1763 (Rom.
702 1699 854 1766 xrv)’:
890 1696 992 1762 Qui
1027 1694 1083 1752 in
1104 1690 1184 1754 liis
1212 1702 1364 1755 servit
1404 1700 1646 1767 Christo,
1677 1680 1825 1775 pla-li

209 1792 288 1835 cet
312 1782 458 1850 Deo;
500 1801 623 1840 cum
650 1786 912 1856 scriptum
940 1786 1007 1841 sit
1038 1808 1057 1843 ε
1097 1789 1379 1845 Dominum
1428 1793 1596 1847 Deum
1648 1803 1796 1849 tuum

1879 606 2024 662 dum
2079 608 2324 664 introivit
2367 620 2674 681 peccatum,
2722 620 2817 667 aut
2858 614 2950 669 ubi
2996 622 3118 669 erat
3162 615 3477 687 priusquam

1868 696 1985 751 hic
2029 697 2314 754 introiret?
2347 708 2443 754 aut
2479 701 2524 757 si
2560 703 2783 758 omnino
2820 714 2968 772 erat,
3004 706 3094 779 vel
3132 704 3317 762 sifuit
3352 715 3479 763 ante

1898 786 2067 855 illum,
2099 792 2168 846 ad
2191 806 2352 862 quem
2389 793 2588 849 dicitur
2614 793 2938 869 :.Usquequo
2964 800 3186 861 inventa:
3220 811 3344 854 sunt
3376 800 3478 854 ini-

1894 878 2118 947 quitates
2162 880 2217 932 in
2258 889 2329 946 te,
2378 890 2427 935 et
2464 894 2675 952 propter
2722 886 2819 940 hoc
2856 888 3062 958 aprojeci
3101 899 3150 943 te
3189 890 3245 943 in
3283 899 3480 945 terram
3558 913 3563 918 ·

1899 966 2113 1038 (Ezech.
2140 972 2321 1042 xvtu).
2366 971 2532 1029 Nobis
2578 959 2757 1046 autem
2797 977 2984 1039 dehis
3025 989 3259 1037 nonest
3301 991 3479 1039 tutum

1898 1056 2055 1125 plura
2083 1058 2541 1139 dissererehcum
2586 1064 2868 1123 videamus
2916 1060 3367 1138 Apostolum'vix
3412 1074 3481 1130 de

1900 1147 2125 1218 singulis
2171 1152 2287 1207 haec
2332 1155 2718 1223 perstrinxisse
2764 1161 3124 1229 sermonibus,
3174 1181 3267 1235 per
3313 1150 3501 1221 unum

1899 1239 2158 1295 hominem
2188 1256 2456 1313 peccatum
2491 1247 2722 1321 introivit
2756 1250 2813 1313 in
2848 1250 2987 1306 hunc
3008 1256 3284 1311 mundum.
3326 1244 3489 1313 Mun-‘

1901 1329 2002 1386 dus
2027 1341 2228 1399 autem,
2260 1344 2319 1389 ut
2345 1337 2603 1404 diximus,
2643 1327 3026 1413 intelligendus
3065 1353 3150 1401 est
3180 1347 3265 1402 vel
3296 1346 3457 1405 locus
3534 1342 3537 1347 ’

1902 1419 1956 1473 in
1994 1421 2385 1505 quo‘babitant
2416 1427 2682 1495 homines,
2714 1430 2799 1486 vel
2839 1441 3051 1489 terrena
3087 1445 3145 1491 et
3184 1441 3485 1510 corporalis
3516 1423 3518 1425 b

1900 1510 2032 1574 vita,
2061 1500 2113 1566 in
2144 1528 2248 1581 qua
2282 1530 2426 1569 mors
2457 1517 2619 1572 habet
2643 1519 2842 1587 locum,
2871 1521 2958 1578 cui
2976 1528 3223 1593 mundo,
3243 1500 3348 1586 hoc
3375 1542 3480 1597 est,

1902 1608 2132 1657 terrena:
2147 1604 2268 1658 vitae
2295 1606 2584 1664 cruciﬁxus
2606 1625 2665 1665 se
2694 1611 2883 1667 dicunt
2909 1617 3103 1683 sancti,
3132 1625 3189 1673 et
3216 1604 3479 1677 murtuos.

1902 1691 1971 1747 Et
2011 1712 2103 1766 per
2143 1711 2411 1766 peccatum
2443 1742 2459 1767 ,
2488 1702 2681 1773 inquit
2708 1745 2722 1770 ,
2774 1723 2962 1765 mors:
3017 1710 3105 1769 illa
3158 1713 3275 1768 sine
3323 1713 3486 1771 dubio

1902 1798 2066 1849 mors,
2088 1786 2154 1841 de
2182 1804 2289 1857 qua
2322 1800 2377 1844 et
2399 1790 2666 1864 Propheta
2698 1796 2995 1869 dicit,quia
3017 1803 3193 1856 anima
3219 1821 3336 1875 qua:
3358 1800 3483 1875 pec-

210 1873 545 1940 adorabis,et
569 1877 648 1930 illi
672 1879 772 1932 soli
790 1882 977 1934 servies
994 1864 1171 1953 (Deut.
1191 1885 1286 1956 Vl).
1319 1886 1377 1940 sa
1404 1889 1671 1958 ergosoli
1689 1890 1801 1945 Deo
1829 1885 1877 1944 Β
1905 1877 2095 1971 caverit
2122 1879 2233 1971 ipsa
2254 1883 2534 1960 morietur-
2567 1883 2673 1941 Sed
2695 1864 2975 1945 videant—lus
2997 1864 3268 1963 (ιιιοιηοάἷ)
3293 1864 3514 1951 ίιιόηι-Δ

210 1968 552 2022 serviendum
575 1970 723 2035 dicit,
755 1979 810 2025 et
834 1970 1051 2026 Christo
1076 1974 1281 2029 servire
1299 1980 1573 2047 praecepit,
1599 1980 1653 2033 in
1676 1982 1800 2057 uni.-

211 2066 324 2113 tate
342 2060 436 2113 Dei
454 2069 539 2115 est
551 2061 818 2127 Christus,
832 2078 935 2117 nec
948 2064 1133 2132 dispar
1144 2072 1236 2118 aut
1248 2066 1385 2121 alter
1405 2068 1567 2135 Deus,
1584 2070 1802 2138 quando

210 2163 339 2203 cum
385 2150 484 2205 soli
515 2150 623 2206 Deo
671 2153 1013 2208 serviendum
1061 2154 1147 2210 lex
1194 2168 1533 2224 commonet,
1581 2158 1801 2215 Christo

210 2227 458 2294 serviens
524 2241 634 2296 Deo
669 2243 887 2312 placere
933 2244 1165 2298 dicatur.
1213 2244 1414 2317 (0rig.)
1446 2247 1554 2303 Pro
1592 2250 1800 2305 viribus

209 2340 632 2395 convertamur,
687 2340 742 2409 et
802 2334 978 2402 primo
1034 2326 1316 2391 videamus
1372 2335 1655 2408 quomodo
1702 2354 1801 2409 per

209 2436 380 2475 unum
426 2423 698 2496 hominem
739 2415 1020 2495 peccatum
1066 2428 1313 2485 introivit
1362 2432 1414 2485 in
1457 2431 1600 2487 hunc
1643 2447 1800 2487 mun-

211 2510 364 2575 dum,
396 2519 452 2565 et
477 2528 573 2582 per
603 2502 885 2585 peccatum
922 2531 1087 2589 mors.
1136 2511 1409 2573 Fortassis
1435 2521 1582 2574 enim
1614 2516 1813 2591 requi-‘

210 2610 300 2656 rat
340 2601 564 2673 aliquis;
596 2604 641 2658 si
677 2615 809 2661 ante
835 2606 1006 2660 Adam
1048 2607 1245 2664 mulier
1282 2610 1549 2678 peccavit,
1592 2611 1660 2666 de
1696 2626 1800 2680 qua

217 2692 420 2750 dicitur
456 2695 582 2764 quia
616 2696 831 2753 seducta
871 2692 933 2752 in
970 2685 1378 2767 prevaricatione
1421 2702 1565 2771 facta
1606 2713 1719 2767 est;
1746 2711 1804 2756 et

212 2799 433 2841 rursum
456 2796 583 2842 ante
611 2788 787 2858 ipsum
814 2778 1058 2859 peccavit
1090 2806 1348 2861 serpens;
1377 2794 1628 2863 peccavit
1652 2794 1821 2848 enim

215 2886 343 2932 cum
393 2879 530 2933 dixit
576 2879 830 2935 mulieri:
862 2880 933 2935 Ut
954 2887 1079 2952 quid
1126 2884 1223 2938 hoc
1253 2884 1390 2938 dixit
1420 2885 1581 2949 Deus,
1615 2895 1673 2939 ut
1696 2900 1801 2940 non

210 2971 545 3026 manducetis
574 2973 639 3027 de
675 2975 817 3028 omni
859 2973 1000 3044 ligno
1041 2976 1321 3046 paradisi?
1357 2986 1413 3031 et
1443 2967 1637 3033 iterum
1670 2994 1820 3049 pecr

209 3062 379 3126 cavit,
416 3064 540 3117 eum
572 3063 714 3119 Deus
743 3065 979 3131 dixerat,
1009 3066 1135 3135 quia
1176 3084 1487 3145 quacunque
1513 3068 1599 3122 die
1640 3085 1796 3123 man-
1830 3134 1831 3137 η

210 3149 529 3205 ducaveritis
558 3158 627 3206 ex
659 3154 741 3219 eo,
774 3165 938 3208 morte
965 3157 1282 3222 moriemini,
1304 3167 1360 3221 et
1385 3158 1472 3235 ille
1500 3160 1703 3215 diceret
1730 3162 1799 3215 ad
1848 3156 1853 3224 ί
1904 3146 2093 3223 aculeo
2121 3173 2220 3215 8υο
2250 3160 2504 3232 (θευῖθυδ
2528 3167 2672 3222 enim
2701 3172 2893 3235 mortis
2921 3146 3241 3249 peccatum.)
3279 3166 3487 3250 tiepulsa
3530 3192 3533 3195 '

1906 1979 1995 2018 nes
2019 1954 2253 2023 homines
2282 1987 2375 2041 per
2395 1975 2602 2028 transiit
2629 1987 2790 2043 mors,
2820 1979 2877 2033 in
2917 1970 3021 2051 quo
3058 2000 3263 2050 omnes,
3286 1986 3484 2057 inquit,

1901 2070 2264 2125 peccaverunt.
2319 2062 2578 2131 Absoluta
2625 2071 2893 2137 sententia
2945 2068 3315 2143 pronuntiavit
3344 2079 3488 2151 Apo-
3573 2098 3577 2103 '

1905 2147 2076 2203 stolus
2109 2150 2162 2204 in
2194 2167 2385 2210 omnes
2409 2156 2653 2214 homines
2694 2166 3056 2231 pertransisse
3095 2180 3325 2226 mortem
3360 2147 3519 2242 νεά--

1904 2241 2010 2294 cati
2053 2242 2106 2295 in
2139 2258 2204 2299 eo
2254 2245 2308 2300 in
2336 2263 2443 2316 quo
2470 2264 2658 2306 onmes
2691 2259 3183 2337 peccarunt,'sicut
3226 2264 3284 2317 et
3318 2241 3478 2319 alibi:

1905 2333 2098 2390 Omnes
2133 2339 2270 2392 enim
2300 2356 2671 2411 peccaverunt,
2714 2357 2765 2400 et
2798 2360 2943 2419 egent
2979 2336 3159 2427 gratia
3183 2355 3283 2409 Dei
3305 2355 3483 2428 (Rom.

1905 2424 2010 2497 ιιι).
2042 2427 2113 2503 Et
2138 2428 2259 2485 ideo
2284 2432 2497 2490 etiamsi
2522 2437 2657 2493 Abel
2697 2438 2847 2495 illum
2890 2425 3097 2511 justum
3126 2424 3350 2516 dixeris,
3379 2429 3486 2507 non

1902 2525 2081 2585 potest
2107 2522 2525 2580 excusari.'Sed
2555 2543 2660 2583 non
2684 2525 2820 2600 opus
2846 2543 2930 2589 est
2959 2522 3083 2591 cum
3111 2539 3313 2610 ingenti
3344 2543 3488 2612 perir

1894 2607 2038 2662 culo.
2067 2610 2122 2663 in
2146 2610 2229 2666 his
2269 2613 2508 2686 singulos
2532 2633 2779 2702 quosque
2804 2638 3125 2682 enumerare
3151 2607 3485 2699 sanctorum,

1905 2710 2027 2752 cum
2048 2698 2279 2757 'suﬂiciat
2297 2716 2352 2760 et
2369 2705 2613 2775 Apostoli
2632 2698 2934 2782 sententia,
2958 2732 3077 2788 quae
3108 2731 3336 2791 mortem
3358 2724 3489 2791 dicit

1902 2787 1959 2843 in
1985 2786 2175 2847 omnes
2203 2794 2448 2852 homines
2492 2804 2874 2871 pertransisse,
2919 2786 3147 2866 etvillius
3195 2813 3286 2881 qui
3316 2795 3483 2870 dixit:

1905 2875 2076 2949 Nemo
2116 2884 2345 2939 mundus
2390 2904 2422 2940 a
2459 2880 2639 2945 sorde.
2661 2895 2868 2949 etiamsi
2895 2898 3162 2955 unusdiei
3190 2902 3351 2978 fuerit
3380 2906 3488 2978 vita

1900 2985 2035 3041 ejus.
2063 2971 2171 3027 Sed
2193 2974 2295 3030 ista
2318 2993 2462 3034 mors
2482 2984 2687 3049 peccati
2710 3001 2832 3054 qua:
2847 2988 2912 3050 in
2932 3004 3124 3047 omnes
3140 2972 3485 3068 pertransiit,

1902 3081 2026 3149 cum
2056 3071 2289 3125 venisset
2312 3075 2392 3127 .ad
2425 3073 2634 3144 Jesum,
2665 3090 2722 3136 et
2760 3091 3026 3141 tentasset
3061 3102 3184 3143 eum
3208 3092 3490 3159 perforare

209 3244 521 3308 mulierem,
549 3243 899 3316 Nequaquam
925 3257 1089 3321 morte
1121 3250 1437 3329 moriemini,
1468 3251 1559 3325 sed
1600 3251 1795 3305 sciebat
1824 3254 2004 3327 C-est,
2036 3254 2091 3301 et
2119 3250 2413 3307 confracta.
2454 3255 2572 3309 Vita
2618 3272 2764 3313 enim
2804 3243 2942 3329 erat,
2974 3274 3204 3333 etmors
3236 3250 3487 3327 necessa-
3534 3300 3535 3303 η

209 3331 356 3387 Deus
382 3373 397 3400 ,
449 3335 574 3404 quia
619 3340 928 3407 quacunque
976 3338 1062 3409 die
1090 3364 1091 3367 η
1120 3339 1562 3394 manducavcritis
1622 3357 1687 3394 ex
1736 3355 1828 3395 eo

210 3426 518 3494 aperientur
560 3427 701 3481 oculi
747 3431 901 3483 vestri
927 3473 944 3498 ,
987 3439 1035 3483 et
1080 3430 1227 3483 eritis
1266 3431 1399 3484 sicut
1445 3431 1550 3497 dii,»
1581 3431 1799 3486 scientes

211 3516 409 3570 bonum
437 3526 484 3571 et
508 3517 746 3582 malum;
788 3519 831 3573 si
862 3520 1003 3590 ergo
1029 3525 1154 3575 ante
1178 3520 1350 3574 Adam
1382 3520 1577 3575 mulier
1604 3536 1797 3590 pecca-

213 3606 315 3671 vit,
348 3616 404 3661 et
429 3617 556 3662 ante
592 3608 874 3663 mulierem
918 3624 1164 3679 serpens,
1192 3617 1249 3664 et
1289 3610 1343 3663 in
1385 3610 1490 3663 alio
1520 3609 1639 3665 loco
1666 3610 1801 3666 dicit

208 3698 520 3770 Apostolus,
544 3700 670 3769 quia
693 3700 861 3752 Adam
887 3716 991 3753 non
1023 3711 1097 3753 est
1120 3700 1385 3765 seductus,
1410 3700 1799 3777 mulier‘antem

209 3790 428 3844 seducta
467 3799 542 3844 est
587 3788 645 3860 (Ι
669 3788 709 3842 Τ
711 3791 802 3843 im.
835 3790 917 3861 ιι),
963 3791 1230 3860 quomodo
1276 3806 1374 3860 per
1415 3807 1581 3846 unum
1629 3792 1800 3847 homi-

212 3894 362 3945 nem,
399 3890 457 3934 et
496 3894 603 3936 non
648 3880 821 3950 magis
862 3896 959 3950 per
1000 3880 1166 3935 unam
1211 3881 1495 3936 mulierem
1531 3880 1801 3937 videbitur
1833 3957 1836 3959 Δ

212 3972 469 4028 introisse
496 3974 819 4042 peccatum?
842 3974 887 4026 A
911 3974 1135 4028 muliere
1154 3964 1298 4028 enim
1327 3975 1540 4029 initium
1569 3974 1797 4044 peccati,

209 4057 271 4116 et
297 4073 423 4117 ante
452 4064 734 4119 mulierem
768 4080 798 4118 a
825 4074 1093 4132 serpente,
1125 4066 1238 4119 sive
1267 4080 1298 4117 a
1328 4065 1563 4130 diabolo,
1600 4065 1669 4120 de
1693 4079 1800 4132 quo

214 4152 415 4209 dicitur
444 4155 498 4209 in
520 4154 833 4226 Evangelio,
861 4150 985 4225 quia
1018 4153 1107 4208 ille
1133 4154 1395 4208 homicida
1423 4166 1533 4209 erat
1558 4156 1623 4221 ab
1649 4154 1798 4209 initio

214 4245 401 4317 (lacn.
425 4248 565 4320 vnt).
596 4246 700 4303 Sed
731 4248 852 4302 vide
873 4248 935 4303 in
963 4246 1391 4329 his'Apostolum
1419 4257 1625 4304 naturae
1658 4249 1800 4304 ordio

215 4352 341 4395 nem
379 4340 637 4403 tenuisse,
670 4348 725 4395 et
754 4339 877 4393 ideo
905 4339 1161 4409 quoniam
1192 4339 1259 4394 de
1288 4348 1511 4409 peccato
1542 4340 1799 4409 loqueba-

215 4429 337 4492 tur,
386 4445 451 4483 ea:
485 4446 588 4499 quo
627 4446 769 4484 mors
810 4432 865 4483 in
896 4446 1079 4507 omnes
1117 4430 1351 4486 homines
1389 4434 1796 4501 pertransierat',

216 4523 617 4574 successionem
650 4518 989 4587 posteritatis
1015 4519 1441 4597 humanasquae
1484 4520 1608 4573 huic
1637 4519 1797 4585 morti

1905 3334 1987 3419 rio
2018 3338 2485 3399 exterminabatur
2508 3359 2538 3398 a
2566 3346 2705 3413 vita;
2759 3359 2813 3404 et
2842 3359 2972 3409 tunc
3008 3357 3077 3411 ad
3104 3371 3224 3412 eam
3254 3360 3483 3419 dicitur:

1905 3418 2007 3475 Ubi
2035 3433 2109 3477 est
2142 3442 2282 3481 mors
2321 3431 2535 3487 aculeus
2561 3444 2703 3501 tuus,
2729 3438 2818 3491 ubi
2849 3451 2925 3495 est
2944 3459 3085 3499 mors
3116 3448 3330 3504 victoria
3356 3460 3447 3505 tua
3466 3454 3491 3504 ?

1905 3510 1955 3581 (1
1982 3510 2104 3567 Cor.
2134 3519 2250 3585 xv.)
2295 3519 2501 3577 Idcirco
2543 3526 2688 3597 enim
2734 3528 2861 3596 quia
2921 3547 3080 3587 omne
3120 3536 3342 3605 vicerat,
3399 3540 3489 3596 hic

1902 3602 2101 3661 dicitur
2140 3610 2207 3663 ad
2252 3624 2394 3677 eam,
2438 3611 2537 3667 Ubi
2577 3626 2652 3670 est
2695 3635 2835 3675 mors
2876 3622 3091 3679 victoria
3131 3628 3263 3695 tua?
3291 3602 3398 3688 sed
3431 3643 3490 3688 ct

1903 3698 2044 3764 quod
2071 3711 2341 3768 peccatum
2370 3705 2585 3773 quidem
2617 3724 2726 3765 non
2748 3710 2886 3765 dixit
2920 3712 2974 3767 in
3000 3729 3188 3772 omnes
3218 3719 3486 3789 homines,

1906 3787 2002 3842 sed
2030 3789 2086 3842 in
2111 3792 2364 3845 mundum
2396 3794 2669 3863 introisse,
2700 3808 2928 3855 mortem
2955 3790 3084 3859 vero
3115 3821 3221 3863 non
3252 3808 3307 3864 in
3332 3787 3490 3878 muni-

1904 3879 2052 3942 dum,
2072 3880 2166 3934 sed
2194 3882 2249 3935 in
2275 3898 2450 3937 omnes
2473 3884 2729 3953 homines,
2751 3900 2931 3946 etnon
2964 3893 3236 3963 introisse,
3252 3901 3347 3954 sed
3371 3917 3491 3969 per-

1903 3962 2169 4031 transisse,
2225 3974 2502 4043 non‘puto
2528 4016 2543 4041 ,
2589 3980 2733 4047 quod
2780 3980 2983 4038 frustra
3029 3986 3131 4041 hac
3175 3962 3488 4046 diversitate

1904 4076 2033 4116 usus
2057 4062 2128 4116 sit
2145 4062 2363 4129 Paulus,
2392 4067 2626 4121 arbitror
2660 4072 2806 4139 quod
2831 4074 3088 4131 mundum
3123 4077 3213 4131 hic
3241 4086 3488 4138 terrenos

1904 4166 2169 4221 quosque,
2205 4163 2263 4210 et
2292 4152 2349 4209 'in
2386 4165 2602 4211 terrena
2640 4165 3052 4220 conversatione
3080 4180 3486 4235 permanentem
3522 4214 3528 4220 .

1903 4242 2182 4323 designet:
2221 4244 2466 4301 homines
2494 4263 2623 4302 vero
2651 4264 2744 4304 eos
2775 4234 2941 4318 dicat,
2980 4234 3091 4324 qui,
3098 4255 3212 4324 jam
3253 4273 3312 4313 se
3352 4261 3489 4316 inci-

1901 4336 2014 4405 piat
2046 4353 2360 4407 agnoscere,
2388 4348 2444 4393 et
2472 4341 2632 4405 scire,
2657 4343 2799 4411 quod
2829 4346 2896 4399 ad
2926 4346 3213 4417 imaginem
3240 4351 3336 4406 Dei
3359 4351 3487 4409 facti

1903 4437 2048 4482 sunt.
2080 4428 2137 4482 In
2168 4428 2289 4485 illos
2322 4446 2451 4501 ergo
2488 4433 2579 4501 qui
2622 4436 2860 4491 mundus,
2890 4437 3247 4507 appellantur,
3287 4441 3340 4496 id
3381 4452 3487 4511 est,

1905 4528 2170 4586 terrenos,
2204 4521 2437 4577 intrasse
2476 4522 2607 4578 dicit
2644 4537 2949 4595 peccatum,
2980 4539 3034 4584 et
3070 4547 3332 4601 nusquam
3369 4548 3489 4589 esse

215 4598 503 4665 succubuit
531 4626 596 4664 ex
632 4619 857 4680 peccato
882 4610 1138 4688 venienti,
1168 4626 1274 4665 non
1317 4610 1529 4665 mulieri
1558 4610 1798 4676 ascribit,
1836 4615 1882 4672 ι)
1906 4602 2110 4670 exitum
2136 4616 2318 4685 ponit;
2342 4616 2396 4670 in
2422 4632 2516 4671 eos
2544 4632 2692 4683 vero,
2717 4634 2852 4688 quos
2866 4620 2982 4687 jam
3011 4620 3259 4679 homines
3278 4625 3391 4679 νυιι
3411 4627 3489 4681 iu-

216 4703 313 4757 sed
346 4702 484 4757 viro.
514 4702 631 4756 Non
668 4703 813 4758 enim
861 4716 927 4756 ex
972 4681 1198 4757 muliere
1240 4704 1551 4771 posteritas,
1595 4701 1689 4755 sed
1732 4717 1798 4757 ex

182 4828 184 4831 -
214 4793 336 4848 viro
365 4775 691 4856 nominatur,
737 4792 879 4846 sicut
905 4793 1097 4861 et‘ipse
1122 4793 1409 4862 Apostolus
1439 4794 1494 4845 in
1521 4791 1641 4846 aliis
1669 4793 1801 4847 dicit

216 4882 272 4954 (Ι
295 4880 419 4937 Cor.
444 4884 522 4952 xl)
549 4899 563 4935 :
597 4880 722 4956 Non
749 4884 887 4935 enim
927 4864 1003 4935 est
1042 4884 1121 4935 vir
1144 4899 1208 4936 ea:
1221 4881 1459 4945 muliere,
1499 4884 1588 4936 sed
1612 4883 1801 4937 mulier

215 4991 283 5030 ea:
317 4975 461 5037 viro;
509 4981 564 5027 et
606 4972 829 5036 iterum,
857 4970 1004 5026 Sicut
1044 4973 1181 5026 enim
1222 4974 1412 5027 mulier
1448 4990 1512 5028 ex
1552 4976 1680 5039 viro,
1722 4975 1799 5028 ita

215 5074 265 5121 et
292 5066 370 5119 vir
396 5079 500 5118 non
530 5078 595 5116 ea:
627 5061 989 5127 muliereﬁed
1016 5078 1109 5132 per
1144 5063 1413 5118 mulierem
1440 5080 1458 5118 .°
1490 5072 1544 5119 et
1582 5064 1651 5118 ob
1694 5065 1797 5120 hoc

216 5156 467 5214 mortalis
488 5156 797 5226 posteritas,
826 5164 882 5209 et
911 5155 1209 5225 corporalis
1234 5158 1527 5235 successio,
1555 5158 1674 5213 viro
1701 5172 1800 5227 po—

217 5249 330 5303 tius
365 5236 631 5317 tanquam
686 5246 914 5311 auctori,
962 5256 1018 5301 et
1064 5262 1170 5302 non
1218 5248 1430 5302 mulieri
1485 5249 1795 5319 deputatur.

217 5339 458 5409 Require
486 5354 618 5394 sane
646 5339 915 5409 quomodo
939 5354 1037 5408 per
1066 5355 1230 5395 unum
1259 5342 1533 5396 hominem
1569 5343 1625 5397 in
1655 5344 1798 5399 hunc

216 5422 481 5489 mundum
526 5431 657 5485 dicit
704 5430 957 5486 introisse
1001 5441 1306 5500 peccatum,
1345 5440 1401 5487 et
1433 5442 1641 5487 certum
1692 5443 1799 5499 est,

217 5522 365 5593 quod
394 5522 484 5575 hic
509 5521 765 5575 mundum
798 5532 1070 5578 terrenum
1097 5523 1242 5586 hunc
1266 5524 1495 5593 appellet
1518 5524 1715 5590 locum,
1742 5526 1799 5579 in

126 5690 131 5694 ⁸
219 5633 332 5689 quo
377 5619 621 5673 homines
651 5618 915 5689 habitant,
946 5622 991 5676 si
1032 5622 1083 5675 in
1112 5620 1258 5676 nullo
1288 5622 1392 5687 alio
1412 5622 1531 5678 loco
1561 5623 1801 5678 introivit

219 5719 527 5781 peccatum,
550 5726 725 5780 neque
746 5712 799 5765 in
826 5712 930 5767 illis
951 5711 1083 5768 locis
1107 5712 1395 5777 invenitur,
1424 5714 1514 5768 ubi
1536 5714 1799 5783 spiritalia

222 5802 477 5871 nequitiae
526 5804 581 5859 in
624 5803 937 5861 ccelestibus
990 5806 1374 5869 nominantur;
1427 5807 1627 5865 sedet
1669 5806 1801 5863 illud

1869 4698 2091 4777 ~telligi,
2141 4705 2272 4761 dicit
2312 4708 2671 4775 pertransisse
2722 4710 3027 4778 peccatum,
3072 4713 3125 4768 id
3172 4724 3276 4779 est,
3320 4714 3489 4772 fuisse

1902 4798 2139 4869 quidem,
2171 4798 2266 4852 sed
2292 4813 2390 4867 per
2417 4800 2787 4868 paenitentiam
2817 4805 3186 4860 conversionis
3206 4806 3485 4875 depulsum

1903 4903 2045 4951 esse,
2078 4896 2135 4943 et
2162 4891 2526 4959 pertransisse
2560 4907 2661 4947 nec
2690 4893 2831 4947 ultra
2873 4894 2925 4947 in
2957 4895 3038 4950 eis
3067 4896 3301 4952 stetisse.
3334 4896 3487 4954 Unde

1902 4988 2126 5048 apparet
2166 4980 2221 5033 in
2258 4968 2453 5035 litteris
2487 4980 2638 5035 Pauli
2672 4997 2740 5037 ne
2771 4998 2931 5057 unam
2968 4986 3184 5054 quidem
3224 4987 3485 5059 syllabam

1906 5082 2130 5122 vacuam
2158 5070 2348 5124 sentiri
2384 5070 2580 5125 debere
2608 5060 2910 5143 mysteriis.
2957 5072 3183 5149 (Arabia)
3212 5078 3357 5134 Mors
3384 5096 3485 5135 au-

1880 5168 2012 5214 tem
2052 5161 2339 5217 dissolutio
2384 5164 2626 5232 corporis
2673 5174 2777 5232 est,
2809 5182 2930 5221 cum
2976 5170 3155 5223 anima
3201 5186 3231 5224 a
3258 5160 3487 5246 corpore

1903 5262 2204 5320 separatur.
2239 5253 2334 5307 Est
2361 5260 2416 5307 et
2442 5252 2546 5306 alia
2581 5269 2747 5321 mors,
2776 5271 2897 5325 qua:
2922 5259 3161 5313 secunda
3186 5260 3400 5326 dicitur,
3428 5262 3485 5316 in

1860 5418 1863 5419 ν
1902 5345 2145 5425 gehenna
2164 5385 2179 5409 ,
2210 5351 2370 5415 quam
2410 5362 2515 5400 non
2546 5356 2770 5415 peccato
2798 5349 2927 5404 Adae
2951 5351 3206 5419 patimur,
3235 5354 3328 5409 sed
3370 5354 3485 5423 ejus

1905 5436 2193 5492 occasione
2237 5437 2473 5507 propriis
2514 5438 2753 5507 peccatis
2799 5438 3120 5510 acquiritur,
3168 5458 3198 5497 a
3224 5460 3328 5514 qua
3355 5446 3485 5501 boni

1906 5524 2175 5580 immunes
2205 5536 2351 5590 sunt,
2386 5536 2592 5581 tantum
2615 5528 2756 5596 quod
2783 5530 2837 5583 in
2858 5529 3071 5586 inferno
3091 5534 3379 5598 erant,'sed
3394 5551 3484 5591 su-

1904 5605 2107 5685 periori
2123 5616 2276 5688 quasi
2300 5619 2351 5671 in
2381 5618 2547 5675 libera
2580 5618 2889 5694 [custodia],
2914 5624 3085 5693 quiad
3107 5626 3276 5682 caelos
3291 5642 3482 5684 ascen-

1905 5707 2034 5763 dere
2058 5725 2163 5765 non
2184 5716 2454 5780 poterant.
2476 5712 2752 5769 Sententia
2771 5717 2913 5771 enim
2943 5717 3266 5773 tenebantur
3283 5721 3407 5775 data
3429 5721 3483 5775 in

1903 5802 2097 5870 Adam,
2118 5804 2261 5873 quod
2292 5807 2706 5876 chirographum
2736 5809 2789 5864 in
2811 5809 3047 5865 decretis
3076 5819 3253 5868 morte
3279 5810 3482 5869 Christi
