3960 6364
395 400 401 404 _
476 312 616 375 4579

1148 304 1208 366 Β.
1250 297 1503 367 RABANI
1542 297 1764 366 MAURI
1799 300 2118 364 ARCHIEP.
2157 307 2465 365 MOGUNT.
2504 300 2788 364 OPERUM
2827 305 3005 360 PARS
3040 306 3128 361 ιιι.

3613 307 3739 360 ibist!

474 415 711 489 deléium
740 427 1163 485 est.'Sententia:
1201 434 1383 480 autem
1410 424 1614 480 decreti
1643 433 1788 489 sunt,
1819 429 1878 477 ut
1898 422 2059 476 unius
2089 416 2137 490 Ᾱ
2165 425 2366 480 homini
2406 423 2623 479 habenti
2661 423 2906 478 notitiam
2944 423 3225 486 creatoris,
3255 424 3427 476 vitam
3457 435 3607 474 suam
3641 419 3744 490 lege

475 522 708 578 hominis
734 534 930 588 corpus
962 518 1262 572 solveretur
1289 532 1450 587 super
1477 527 1700 582 terram,
1729 516 1908 570 anima
1934 529 2060 570 vero

472 610 928 680 vinculisinl’erm
960 612 1178 665 detenta
1209 610 1372 665 exitia
1402 615 1699 680 pateretur.

545 703 717 775 Usque
740 703 808 756 ad
832 702 996 773 legem
1029 702 1164 755 enim
1188 711 1457 769 peccatum
1488 709 1599 753 erat
1624 700 1688 753 in
1711 700 1810 751 hoc
1832 697 2060 750 mundo:

468 802 736 867 peccatum
773 805 947 847 autem
984 806 1087 846 non
1121 791 1480 861 imputabatur
1514 806 1629 844 cum
1664 789 1748 844 lea:
1773 806 1877 842 non
1905 797 2060 842 esset.

471 885 655 958 (ΑΗΒ.)
697 876 852 952 Quod
880 895 1060 938 autem
1096 884 1190 948 alt,
1219 897 1380 954 usque
1414 883 1482 936 ad
1506 881 1667 952 legem
1705 883 1842 934 enim
1881 888 2062 950 pecca-

471 986 581 1032 tum
617 977 672 1032 in
706 971 904 1030 mundo
925 976 1048 1045 fuit,
1081 968 1484 1050 intelligendum
1521 983 1625 1038 est,
1655 985 1937 1043 quousque
1971 985 2062 1025 ve-

471 1069 614 1126 niret
651 1069 856 1146 gratia;
905 1073 1093 1141 contra
1127 1073 1220 1122 eos
1246 1066 1448 1120 dictum
1479 1072 1580 1130 est,
1607 1065 1699 1133 qui
1728 1063 2065 1119 arbitrantur

468 1175 564 1232 per
588 1160 759 1232 legem
785 1145 984 1214 auferri
1009 1159 1248 1228 potuisse
1275 1165 1523 1228 peccata.
1544 1154 1684 1212 Dicit
1712 1165 1893 1211 antem
1919 1157 2062 1225 Apo-

468 1251 648 1307 stolus
667 1248 957 1305 manifesta
983 1263 1105 1304 esse
1132 1247 1480 1325 peccata‘per
1514 1249 1708 1320 legem,
1744 1262 1849 1303 non
1878 1257 2060 1302 autem

467 1335 671 1408 ablata,
699 1358 821 1398 cum
846 1342 996 1407 dicit,
1021 1341 1289 1412 peccatum
1329 1337 1642 1394 autemnon
1679 1339 2058 1408 imputabatur,

468 1449 587 1488 cum
621 1432 708 1487 lex
745 1450 849 1487 non
875 1441 1028 1486 esset.
1057 1425 1175 1486 Non
1215 1432 1358 1486 enim
1390 1431 1485 1494 ait,
1519 1417 1627 1483 nou
1660 1438 1799 1493 erat,
1831 1429 1926 1483 sed
1958 1431 2068 1482 non

467 1527 860 1591 imputabatur;
891 1538 1068 1595 neque
1112 1535 1235 1578 cum
1264 1521 1349 1577 lex’
1387 1522 1511 1578 data
1542 1529 1646 1587 est,
1675 1522 1913 1594 ablatum
1953 1527 2059 1584 est,

467 1618 562 1672 sed
590 1617 836 1686 deputari
866 1616 1060 1685 cmpi‘t,
1095 1611 1152 1668 id
1175 1624 1279 1679 est,
1307 1625 1590 1684 apparere.
1635 1613 1750 1668 Non
1787 1628 1918 1682 ergo
1961 1626 2062 1681 pu-

467 1715 643 1762 temus
690 1707 984 1776 usquead
1023 1704 1194 1777 le’gctn
1238 1707 1313 1760 lta
1362 1705 1567 1760 dictum
1611 1721 1731 1760 esse
1757 1705 1912 1774 quasi
1946 1704 2059 1774 jam

2165 517 2400 581 frenare,
2445 533 2511 570 ne
2547 515 2840 570 frustretur
2887 515 3090 585 agnitio
3121 531 3133 566 :
3162 515 3323 567 tertia
3352 527 3487 565 vero
3515 526 3636 580 pars
3669 519 3745 565 est

2172 613 2430 676 docibilis,
2448 612 2709 666 utnotitia
2727 610 2818 664 Dei
2835 610 3099 665 creatoris
3124 618 3178 662 et
3203 609 3518 676 exemplum
3549 620 3747 658 morum

2163 708 2374 763 caeteris
2422 708 2727 768 tradantur,
2755 714 2815 758 ut
2843 704 3055 759 discant
3099 701 3560 772 quemadmodum
3616 697 3746 767 apud

2163 793 2476 852 Creatorem
2528 793 2795 849 meritum-
2827 791 3127 848 collocatur
3173 807 3187 844 :
3241 791 3358 844 haec
3398 797 3483 843 est
3531 802 3657 840 vera
3695 794 3749 840 et

2163 883 2469 944 Christiana
2501 885 2804 954 prudentia.

2256 979 2361 1035 Sed
2405 980 2634 1045 regnavit
2678 995 2818 1031 mors
2879 976 2943 1030 ab
2987 972 3158 1029 Adam
3210 991 3374 1045 usque
3426 971 3496 1025 ad
3541 967 3747 1040 Moysen

2163 1072 2320 1126 etiam
2369 1071 2424 1124 in
2469 1087 2588 1133 eos,
2638 1069 2728 1139 qui
2753 1084 2857 1120 non
2882 1076 3222 1136 peccaverunt
3267 1066 3328 1143 in
3358 1062 3747 1117 similitudinem

2163 1145 2616 1233 pra'varirationis
2665 1158 2793 1212 Adaz
2843 1157 2933 1227 qui
2973 1163 3052 1210 est
3101 1156 3274 1224 forma
3327 1153 3514 1221 futuri.
3569 1149 3746 1220 (Aug)

2165 1256 2318 1324 Quod
2357 1265 2536 1310 autem
2584 1255 2679 1318 ait,
2727 1253 2816 1306 sed
2861 1253 3091 1323 regnavit
3135 1266 3273 1304 mors
3314 1249 3378 1302 ab
3402 1248 3576 1301 Adam
3597 1262 3751 1315 usque

2165 1349 2234 1403 ad
2264 1347 2502 1418 Moysen,
2525 1346 2571 1400 et
2603 1348 2658 1400 in
2679 1343 2782 1410 liis,
2804 1347 2893 1416 qui
2920 1361 3020 1397 non
3050 1351 3390 1414 peccaverunt
3425 1342 3482 1393 in
3512 1339 3748 1393 similitu-

2164 1437 2338 1492 dinem
2361 1433 2808 1507 praevaricationis
2822 1433 3019 1489 Adaz...
3037 1434 3085 1503 (ιι
3105 1425 3208 1486 Hic
3221 1433 3394 1485 minus
3417 1430 3616 1498 habet.)
3633 1427 3747 1482 Hec

2167 1539 2249 1583 est
2281 1526 2447 1581 futuri
2483 1518 2671 1580 'l‘orma
2700 1524 2894 1589 Adam,
2925 1524 2990 1577 de
3016 1538 3123 1592 qua
3169 1523 3419 1592 superius
3461 1519 3609 1588 loqui
3646 1531 3748 1572 coa-

2166 1626 2345 1687 perat,
2389 1625 2441 1672 et
2485 1618 2604 1688 eius
2645 1615 2857 1684 aliquas
2903 1595 3238 1668 dill'erentias
3275 1613 3631 1682 interponens
3675 1609 3744 1663 di-

2168 1711 2401 1765 stulerat
2431 1709 2676 1764 ordinem
2698 1749 2710 1771 ,
2746 1707 2812 1760 ad
2852 1721 3011 1775 quem
3045 1721 3187 1758 nunc
3237 1702 3512 1757 redeundo
3541 1698 3749 1755 conclu-

460 1797 567 1853 sub
610 1797 728 1868 lege
769 1807 875 1853 nou
919 1806 1063 1852 esset
1101 1805 1409 1866 peccatum,
1460 1796 1556 1852 sed
1593 1796 1672 1850 sie
1706 1795 1908 1850 dictum
1953 1801 2056 1860 est,

2168 1785 2480 1856 siti'dicens:
2510 1798 2698 1870 Itaque
2730 1800 2863 1853 sicut
2902 1813 2996 1867 per
3024 1796 3180 1849 unius
3218 1793 3466 1848 delictum
3490 1794 3545 1847 in
3585 1809 3747 1846 omnes

466 1902 631 1956 usque
671 1886 740 1940 ad
765 1885 966 1956 «legem,
1014 1891 1075 1940 ut
1118 1892 1289 1940 totum
1319 1885 1454 1955 legis
1502 1895 1714 1956 tempus
1742 1891 2063 1939 annum‘eret

467 1993 641 2048 usque
689 1978 758 2031 ad
798 1978 962 2032 tinem
1001 1977 1164 2046 legis,
1217 1978 1360 2046 quod
1391 1985 1474 2032 est
1503 1976 1773 2031 Christus.
1831 1974 2061 2047 (Ambr.)

464 2065 524 2121 1n
547 2067 718 2122 Adam
759 2079 954 2123 omnes
986 2067 1124 2122 dicit
1164 2067 1620 2137 peccassetsicut
1662 2081 1827 2135 supra
1858 2074 2064 2119 memo-

467 2156 605 2225 ravi,
637 2167 692 2214 et
719 2149 893 2229 usque
921 2159 989 2213 ad
1016 2158 1192 2229 legem
1220 2158 1400 2212 datam
1433 2170 1540 2211 non
1589 2156 1912 2226 imputatum
1941 2139 2064 2209 esse

467 2258 778 2322 peccatum,
828 2251 1090 2320 putabant
1142 2250 1287 2304 enim
1331 2259 1390 2304 se
1418 2232 1665 2303 homines
1706 2249 1847 2318 apud
1890 2249 2064 2302 Deum

471 2341 695 2410 impune
721 2353 976 2408 peccare,
1006 2341 1102 2394 sed
1133 2354 1239 2394 non
1286 2339 1428 2408 apud
1457 2339 1741 2394 homines:
1781 2353 1878 2393 nec
1917 2339 2062 2416 enim

470 2432 555 2486 lex
585 2430 847 2485 naturalis
876 2431 1090 2501 penitus
1126 2432 1501 2500 obtorpuerat,
1531 2430 1656 2500 quia
1693 2441 1800 2485 non
1845 2431 2074 2502 ignora-v

475 2526 606 2581 bant
643 2525 771 2595 quia
816 2525 962 2592 quod
987 2523 1100 2594 pati
1138 2522 1423 2588 nolebant,
1442 2521 1562 2575 aliis
1599 2518 1782 2574 facere
1825 2534 1932 2574 non
1970 2521 2066 2575 de-

468 2613 687 2669 bebant.
714 2612 852 2667 Nam
879 2627 1052 2682 usque
1077 2612 1212 2666 adeo
1243 2625 1349 2666 nou
1381 2612 1618 2680 ignotum
1648 2609 1751 2664 fuit
1783 2609 2064 2680 peccatdm

470 2705 614 2759 inter
641 2705 912 2770 homines,
948 2712 1015 2758 ut-
1039 2703 1208 2758 Iacob
1239 2719 1364 2757 cum
1403 2702 1544 2757 idola
1585 2701 1867 2771 suaapud
1914 2699 2061 2753 illum

474 2790 760 2866 quaereret
798 2809 954 2849 socer
976 2795 1093 2865 ejus
1120 2793 1328 2858 Laban,
1358 2795 1411 2847 in
1435 2807 1543 2864 quo
1571 2794 1852 2848 inventum
1876 2792 2064 2846 luisset

471 2887 698 2952 fui-uim,
754 2895 929 2941 morte
985 2887 1203 2956 dignum
1250 2875 1520 2954 judicaret
1577 2882 1730 2956 (Gen.
1764 2885 1971 2958 xui):
2009 2893 2065 2940 et

469 2976 690 3046 Joseph,
719 2976 1472 3047 quamvispercalumuiam,
1521 2966 1897 3045 tamenquasi
1941 2986 2063 3030 reus

471 3068 687 3149 clausus
724 3069 780 3122 in
809 3083 1030 3123 carcere
1075 3079 1199 3132 est;
1232 3077 1286 3122 et
1328 3069 1503 3138 pistor
1543 3078 1598 3122 et
1638 3052 1897 3138 pincerna
1925 3062 2064 3122 Pha-

2165 1890 2426 1957 homines,
2471 1901 2578 1946 etc.
2645 1887 2874 1960 (Aman)
2921 1887 3186 1954 Quoniam
3237 1901 3344 1940 non
3395 1884 3748 1953 imputabatur

2164 1992 2449 2057 peccatum
2468 1966 2784 2051 'antequam
2831 1981 2913 2036 lex
2975 1981 3196 2034 daretur
3225 1993 3322 2048 per
3350 1970 3591 2047 Moysen,
3621 1977 3741 2028 sicut

2165 2072 2298 2143 dixi,
2353 2066 2469 2147 ipsa
2514 2073 2885 2142 usurpationis
2935 2071 3257 2138 impunitate
3287 2068 3546 2136 regnabat
3592 2080 3745 2127 mors,

2165 2168 2344 2226 Sciens
2375 2143 2477 2222 sibi
2510 2166 2630 2220 illos
2661 2167 2904 2219 devotos.
2946 2161 3228 2231 Regnabat
3267 2174 3398 2227 ergo
3428 2171 3574 2210 mors
3611 2143 3748 2209 seen1

2150 2256 2330 2315 ‘ritate
2357 2255 2745 2313 dominationis
2774 2269 2908 2318 sum,
2953 2260 3064 2306 tam
3101 2251 3154 2304 in
3185 2251 3286 2303 bos
3323 2249 3414 2317 qui
3457 2247 3522 2300 ad
3554 2254 3749 2314 tempus

2165 2350 2489 2412 evadebant,
2521 2362 2684 2416 quam
2726 2347 2782 2399 in
2820 2345 2975 2406 istos,
3007 2343 3098 2411 qui
3129 2341 3296 2417 etiam
3324 2340 3414 2393 hic
3442 2352 3633 2409 poenas
3663 2337 3748 2390 da-

2164 2444 2299 2498 bant
2327 2457 2423 2511 pro
2455 2440 2612 2494 malis
2639 2426 3058 2508 operibus'suis.
3086 2433 3289 2489 Omnes
3318 2432 3464 2486 enim
3493 2447 3620 2485 suos
3642 2445 3748 2485 esse

2165 2529 2570 2600 videbat‘;lquia
2609 2529 2699 2600 qui
2745 2524 2871 2580 facit
2918 2534 3216 2587 neccatum,
3263 2539 3440 2576 servus
3468 2531 3541 2575 est
3566 2521 3748 2590 peccati

2168 2623 2349 2696 (Joan.
2368 2622 2485 2692 Vill)
2508 2638 2521 2686 ;
2561 2622 2782 2689 impune
2803 2618 2949 2671 enim
2977 2615 3169 2671 cedere
3197 2621 3450 2683 putantes
3477 2613 3645 2681 magis
3669 2611 3747 2665 de-

2165 2710 2662 2783 linquebant,circa
2684 2707 2797 2762 hmc
2811 2714 3228 2783 tamenqpeccata
3244 2703 3629 2774 promptiores,
3641 2715 3746 2770 qua

2167 2805 2404 2860 mundus
2444 2803 2599 2874 quasi
2647 2800 2792 2855 licita
2822 2799 3117 2854 nutriebat.
3172 2797 3291 2864 Quo
3320 2795 3466 2850 facto
3495 2793 3745 2863 gaudebat

2168 2905 2407 2958 satanas,
2440 2897 2667 2948 seCnrus
2717 2889 2860 2960 quod
2905 2904 3069 2944 causa
3095 2887 3225 2941 Adae
3279 2884 3529 2940 relictum
3578 2900 3608 2937 a
3649 2882 3745 2936 Deo

2167 2979 2441 3042 hominem
2494 2985 2549 3038 in
2583 2966 2982 3053 possessionem
3013 2977 3266 3035 habebat.
3308 2975 3589 3048 Regnabat
3633 2989 3745 3044 ergo

2167 3093 2315 3159 mor/5
2345 3078 2398 3132 in
2428 3091 2520 3132 eos
2542 3075 2644 3151 qui.
2679 3082 3020 3144 peccaverunt
3055 3072 3111 3124 in
3171 3068 3519 3124 similitudine
3563 3083 3746 3137 praera-

472 3145 655 3214 raonis
694 3159 763 3213 ob
798 3159 1052 3214 delictum
1083 3159 1330 3215 similiter
1359 3161 1505 3230 passi
1538 3169 1786 3216 suntzet
1824 3161 2060 3232 Moyses,

2169 3145 2442 3223 ricationis
2472 3145 2745 3234 Adagiqui
2783 3162 3074 3219 est.forma
3106 3159 3294 3224 futuri,
3324 3159 3469 3228 quod
3500 3145 3553 3211 in
3585 3157 3742 3227 subje-

470 3252 958 3323 occisoAEgyptio‘,
1003 3253 1282 3306 atterritus
1317 3254 1432 3323 lege
1465 3263 1568 3307 est.
1607 3251 1885 3319 Quomodo
1934 3269 2064 3325 ergo

470 3360 577 3400 non
618 3344 984 3413 imputabatur
1018 3353 1301 3413 peccatum
1339 3357 1460 3398 cum
1492 3344 1577 3397 lex
1609 3360 1716 3398 non
1750 3345 1929 3432 esset]?
1975 3354 2066 3400 aut

471 3436 741 3506 quomodo
758 3435 1154 3498 vindicabatur,
1176 3435 1277 3489 nisi
1296 3431 1380 3488 [ex
1401 3435 1666 3490 sciretur?
1679 3435 1789 3490 Lex
1804 3437 2066 3491 naturalis

461 3528 688 3598 semper
701 3536 804 3592 cst,
834 3542 933 3580 nec
955 3525 1305 3596 ignorabatur
1322 3525 1632 3594 aliquando,
1664 3528 1757 3581 sed
1773 3529 2068 3596 putabatur

472 3619 540 3674 ad
574 3627 782 3696 tempus
814 3626 1022 3670 tantum
1049 3617 1428 3671 auctoritatem
1455 3617 1677 3682 habere,
1703 3631 1804 3674 nec
1829 3627 1883 3672 et
1927 3611 2068 3688 apud

472 3710 643 3764 Deum
657 3724 777 3764 reos
804 3707 1013 3762 facere:
1035 3708 1385 3779 ignorabatur
1403 3709 1547 3762 enim
1578 3709 1702 3777 quia
1722 3707 2067 3778 judicaturus

473 3811 557 3856 est
579 3802 722 3862 Deus
745 3816 914 3873 genus
936 3802 1252 3861 humanum,
1270 3816 1332 3854 ac
1347 3801 1560 3869 perhoc
1582 3818 1687 3855 non
1703 3802 2069 3872 imputabatur

474 3903 778 3964 peccatum,
829 3893 980 3962 quasi
1013 3900 1294 3961 peccatum
1325 3907 1432 3945 non
1459 3893 1730 3963 cngnitum
1753 3902 1898 3947 esset
1927 3892 2069 3962 apud

477 3984 666 4046 Deum,
687 3984 1015 4036 incuriosum
1032 3984 1199 4037 Deum
1223 3992 1545 4036 asserentes.
1560 3983 1632 4036 At
1654 3984 1742 4037 ubi
1767 3992 1950 4038 autem
1982 3984 2068 4036 lcx

477 4073 602 4126 data
634 4080 715 4126 est
738 4087 835 4140 per
859 4063 1098 4140 Moysen,
1131 4071 1865 4126 rnanifesta-tumest'curare
1900 4072 2068 4126 Deum

476 4180 564 4220 res
587 4165 877 4228 humanas,
895 4147 1076 4217 et'non
1102 4163 1320 4232 impune
1335 4164 1572 4216 futurum
1593 4164 1697 4227 his,
1718 4165 1809 4231 qui
1827 4164 1967 4217 male
1983 4163 2067 4217 fa-

477 4259 701 4320 cientes,
715 4271 1032 4325 qnacunque
1049 4272 1115 4309 ex
1129 4271 1293 4309 causa
1312 4257 1363 4309 in
1383 4256 1637 4325 prtesenti
1654 4257 1908 4310 evadunt.
1933 4255 2069 4310 Nam

478 4352 663 4419 utique
676 4351 765 4418 qui
783 4351 923 4403 inter
936 4365 1012 4412 se,
1029 4347 1505 4418 magistrajustitia
1523 4348 1603 4402 vel
1617 4358 1831 4414 natura,
1849 4358 2070 4420 peccata

477 4457 584 4497 non
604 4439 771 4494 inulta
793 4441 1106 4502 censebant,
1129 4447 1332 4507 quanto
1355 4440 1522 4508 magis
1540 4441 1704 4494 Deum
1729 4456 1889 4508 quem
1918 4457 2070 4492 mun-

2169 3259 2272 3314 ctis
2317 3255 2760 3312 monstrabimus.
2812 3251 2998 3323 Itaque
3046 3269 3152 3308 non
3199 3253 3253 3305 in
3299 3265 3490 3305 omnes
3535 3237 3739 3304 mortem

2169 3363 2425 3418 regnasse
2456 3345 2804 3400 manifestum
2833 3353 2936 3410 est,
2968 3343 3094 3412 quia
3124 3340 3229 3396 nun
3258 3351 3617 3416 peccaverunt
3645 3355 3745 3393 om-

2168 3455 2264 3494 nes
2309 3440 2364 3493 in
2407 3434 2811 3492 similitudinem
2858 3418 3326 3504 praevaricationis
3365 3431 3516 3493 Adin,
3550 3421 3601 3484 id
3642 3438 3743 3495 est,

2169 3546 2276 3584 non
2303 3543 2495 3583 omnes
2517 3536 2828 3594 contempto
2853 3525 2963 3578 Deo
2998 3515 3382 3592 peccaverunt.
3425 3521 3528 3587 Qui
3582 3531 3744 3573 autem

2170 3628 2296 3676 sunt.
2323 3620 2436 3689 qui,
2479 3624 2787 3686 contempto
2819 3616 2929 3670 Deo
2955 3656 2970 3680 ,
2999 3622 3382 3685 peccaverunt,
3410 3613 3514 3667 nisi
3544 3613 3630 3681 qui
3661 3627 3744 3665 ue-

2169 3714 2342 3785 glecto
2381 3721 2625 3768 creatore
2667 3711 2975 3766 servierunt
3007 3718 3292 3774 creatura),
3333 3710 3462 3763 deos
3503 3709 3601 3762 sibi
3633 3723 3736 3762 cor.-

2171 3805 2456 3859 stituentes
2517 3818 2654 3872 quos
2684 3801 2924 3856 colerent
2967 3802 3034 3854 ad
3089 3801 3341 3870 injuriam
3386 3801 3528 3853 Dei?
3560 3799 3745 3854 Idcirco

2170 3895 2454 3950 laetabatur
2488 3895 2540 3948 in
2570 3895 2687 3947 istis
2725 3890 2990 3954 diabolus,
3017 3891 3141 3960 quia
3171 3891 3389 3944 videbat
3421 3891 3537 3943 illos
3581 3891 3744 3941 imita-

2171 3996 2319 4041 tores
2362 3986 2445 4040 sui
2473 3978 2714 4040 ctiectos.
2747 3983 2886 4049 Nam
2913 3995 2964 4038 et
3019 3976 3196 4036 Thare
3233 3992 3390 4052 pater
3417 3984 3658 4040 Abralne,
3701 3993 3747 4033 et

2170 4080 2406 4144 Nacltor,
2455 4088 2508 4133 et
2555 4071 2742 4132 Laban
2795 4078 3044 4146 proprios
3091 4075 3225 4130 deos
3277 4076 3380 4129 sibi
3419 4077 3745 4128 vindicabant

2173 4171 2325 4240 (Gen.
2369 4185 2421 4222 χι
2449 4186 2474 4233 ;_
2514 4167 2644 4222 Gen.
2697 4167 2880 4236 xxxv).
2915 4167 2981 4218 Et
3005 4173 3287 4234 peccatum
3313 4161 3440 4218 Adae
3482 4181 3584 4218 non
3609 4164 3745 4232 longe

2173 4269 2255 4314 est
2284 4261 2350 4313 ab
2380 4258 2676 4312 idololatria
2705 4275 2716 4308 :
2751 4256 3127 4325 praevaricavit
3162 4255 3305 4308 enim
3341 4270 3536 4323 putans
3569 4271 3625 4306 se
3659 4255 3740 4306 1η)-

2173 4351 2372 4404 minem
2416 4349 2658 4402 futurum
2691 4344 2878 4401 Deum.
2920 4346 3238 4399 ACstimavit
3268 4347 3414 4398 enim
3445 4347 3544 4399 hoc
3592 4345 3743 4414 magis

2145 4440 2512 4515 .profutnrum
2540 4440 2680 4507 quod
2722 4438 2968 4490 diabolus
3011 4436 3204 4498 suasit,
3238 4449 3398 4503 quam
3441 4436 3578 4503 quod
3621 4435 3743 4486 Dens

483 4537 534 4590 di
578 4534 821 4588 sciebant
847 4535 1115 4601 opiﬁcem,
1144 4534 1259 4586 haec
1277 4533 1668 4601 ’rcquisiturum
1709 4551 1815 4588 non
1865 4535 2066 4590 debue—
2097 4518 2147 4578 Ῑ)
2169 4533 2350 4604 jussit,
2373 4531 2560 4585 inloco
2576 4527 3742 4599 Deidiaboluntstatuens:u__mleetsnbjertus

478 4632 601 4679 rant
626 4622 910 4693 ignorare?
931 4623 1136 4691 Quippe
1162 4629 1285 4675 cum
1313 4622 1547 4678 Sodoma
1578 4634 1631 4678 et
1652 4623 1950 4678 Gomorrba
1975 4640 2074 4694 per

479 4719 653 4787 ignem
678 4715 997 4786 adjudicatte
1026 4715 1135 4768 sint
1159 4712 1426 4784 deperire,
1453 4717 1594 4784 quod
1621 4716 1819 4770 oblivio
1843 4725 2065 4779 texerat,

478 4803 690 4879 Moyses
726 4817 908 4862 autem
941 4817 1000 4861 ut
1039 4808 1282 4861 firmaret
1308 4809 1729 4877 Deumjudicem
1764 4808 1899 4873 fore,
1935 4809 2070 4863 scri-

477 4901 656 4958 bendo
707 4899 1090 4953 manifeStavit.
1136 4899 1243 4953 Sed
1289 4915 1418 4952 cum.
1456 4901 1821 4969 praetermisso
1849 4899 2063 4953 Deo.”-

479 5001 694 5064 gmenta
741 5000 1022 5060 coeperunt
1065 4992 1117 5043 in
1172 4992 1433 5045 honorem
1482 4993 1740 5059 recipere,
1788 4992 2064 5060 depravati

479 5092 680 5146 mente,
715 5095 922 5152 partem
950 5082 1082 5150 legis
1111 5083 1393 5147 naturalis,
1430 5093 1547 5150 qua:
1570 5083 1743 5150 prima
1774 5084 2068 5148 est,calca-

479 5183 693 5228 verunt.
728 5173 862 5238 Quia
902 5173 986 5225 lex
1032 5173 1295 5226 naturalis
1329 5182 1437 5224 tres
1476 5174 1637 5226 habet
1674 5183 1873 5241 partes,
1915 5174 2067 5242 cujus

482 5265 657 5336 prima
688 5265 811 5317 hac
845 5273 950 5326 est,
988 5273 1050 5316 ut-
1086 5265 1301 5332 agnitus
1349 5263 1643 5317 honoretur
1685 5276 1918 5328 creator,
1967 5281 2067 5320 nec

483 5358 599 5427 eius
626 5357 846 5411 claritas
881 5365 933 5409 et
961 5341 1216 5422 majestas
1257 5355 1414 5409 alicui
1448 5357 1511 5407 de
1547 5354 1809 5410 creaturis
1841 5348 2062 5426 depute-

484 5459 615 5506 tur:
653 5450 886 5505 secunda
941 5458 1117 5501 autem
1170 5461 1291 5517 pars
1334 5451 1420 5502 est
1452 5451 1683 5513 moralis,
1719 5452 1819 5504 boc
1865 5460 1966 5516 est,
2010 5463 2066 5506 ut

484 5539 628 5596 bene
651 5542 881 5605 vivatur,
922 5540 1184 5594 modestia
1216 5541 1548 5609 gubernante
1591 5559 1603 5593 :
1647 5545 1894 5612 congruit
1923 5544 2065 5599 enim

2174 4637 2256 4680 est
2279 4623 2511 4679 diabolo.
2547 4622 2814 4677 Similiter
2859 4629 2910 4674 et
2942 4620 2994 4673 bi
3050 4629 3395 4686 transgresso
3457 4619 3584 4681 Deo,
3633 4619 3739 4670 dum

2172 4729 2432 4774 creatura:
2481 4717 2744 4778 serviunt,
2795 4722 3020 4784 peccant
3069 4713 3229 4767 simili
3283 4713 3476 4774 modo,
3519 4728 3619 4765 non
3665 4725 3742 4762 eu-

2171 4816 2330 4880 dem;
2391 4813 2517 4883 quia
2574 4811 2869 4866 similitudo
2917 4793 3054 4864 solet
3117 4809 3317 4862 habere
3353 4808 3554 4876 aliquid
3605 4803 3740 4858 dissi-

2170 4909 2313 4964 mile.
2344 4906 2453 4960 Nec
2495 4905 2638 4958 enim
2685 4910 2863 4972 potest
2914 4902 3016 4954 dici
3050 4941 3062 4961 ,
3120 4901 3246 4968 quia
3293 4909 3348 4953 et
3412 4899 3465 4953 hi
3510 4900 3595 4967 qui
3623 4912 3738 4962 pra!-

2169 5008 2381 5068 ceptum
2439 5005 2764 5065 acceperunt
2819 5010 2923 5047 non
2985 4979 3177 5048 edendi
3232 4993 3298 5046 de
3342 4993 3556 5051 arbore,
3621 4991 3740 5042 sicut

2168 5092 2336 5145 Adam
2364 5089 2605 5153 fuerunt,
2623 5089 2710 5157 qui
2738 5095 3099 5156 peccaverunt
3127 5101 3230 5138 non
3257 5084 3608 5152 prmvaricato
3627 5081 3734 5143 Deo,

2170 5182 2260 5235 sed
2287 5182 2337 5233 in
2388 5181 2502 5249 lege
2553 5177 2808 5232 naturali.
2856 5175 2957 5242 Qui
3006 5175 3150 5228 enim
3197 5175 3485 5237 intellexit,
3537 5174 3642 5227 sive
3683 5184 3738 5225 ex

2172 5275 2392 5326 traduce
2422 5312 2435 5336 ,
2495 5272 2607 5324 sive
2665 5269 2863 5323 indicio
2915 5267 3296 5331 naturali,‘et
3345 5276 3626 5322 veneratus
3667 5271 3738 5315 est

2153 5365 2361 5426 ,Deum,
2416 5362 2542 5415 nulli
2595 5360 3056 5414 honoriﬁcentiam
3109 5359 3344 5412 nominis
3400 5374 3463 5412 ac
3511 5354 3732 5420 majesta-

2175 5455 2244 5508 tis
2269 5451 2386 5521 ejus
2416 5454 2755 5521 impertiens,
2790 5452 2833 5504 si
2859 5452 3122 5520 peccavit,
3155 5450 3278 5518 quia
3312 5447 3632 5517 impossibile
3668 5451 3734 5496 est

2175 5563 2280 5601 non
2311 5561 2560 5614 peccare,
2600 5547 2700 5600 sub
2732 5539 2842 5598 Deo
2871 5544 3138 5614 peccavit,
3159 5558 3264 5596 non
3301 5542 3352 5594 in
3386 5541 3572 5603 Deum,
3596 5550 3733 5607 queui

562 5690 584 5716 ιι
630 5676 1168 5752 Yid.“quarumdam
1197 5678 1617 5752 propositionum
1663 5692 1725 5732 ex
1771 5679 1940 5750 Epist.
1985 5682 2048 5735 ad
2084 5681 2241 5737 Rom.
2285 5679 2341 5735 S.
2395 5665 2674 5749 Augustini
2725 5677 3394 5752 expositkmem._nostraa
3446 5667 3730 5738 Patrologi-‘B

492 5757 622 5804 tum.
651 5745 865 5812 XXXV,
897 5746 997 5800 col.
1030 5747 1191 5810 ⁸2067,
1230 5745 1390 5800 2068.
1430 5745 1586 5800 Ευιτ.
