3960 6364
183 333 316 391 1581

713 330 1274 430 ἘΝΑΒΒᾼΤΙΟΝΠΜ
1310 337 1378 394 ΙΝ
1413 338 1564 394 ΕΡΡ.
1605 339 1816 398 PAULI
1854 340 1982 396 LIB.
2023 340 2107 395 Ill.
2175 370 2182 379 -

2252 341 2321 396 IN
2359 341 2578 399 EPIST.
2613 337 2708 399 AD
2743 343 2919 403 ROM.’
3306 341 3446 408 138$

181 456 412 526 iudicem
438 455 644 540 sensit:
673 454 903 523 ideoque
924 455 976 509 in
1005 456 1308 525 lmjusmodi
1350 473 1495 513 mors
1536 475 1641 512 non
1675 474 1762 513 re-
1790 463 1841 521 Α
1867 460 2098 512 tudinem
2150 457 2344 529 (Exod.
2395 460 2509 531 xx).
2551 462 2683 516 Data
2719 464 2882 533 igitur
2930 463 3013 516 lex
3053 472 3158 526 est,
3193 479 3260 520 ne
3297 481 3448 525 mors

181 545 366 618 gnavit
395 564 408 599 :
442 545 497 599 in
534 545 633 598 hos
681 547 1034 600 autemsicut
1073 548 1180 601 dixi
1227 551 1488 617 regnavit,
1538 552 1630 619 qui
1666 552 1766 605 sub

183 636 363 705 specie
407 635 672 688 idolorum
704 636 1010 690 servierunt
1041 637 1276 699 diabolo.
1302 638 1592 709 Propterea
1625 640 1768 710 quod

180 741 246 780 ex
299 726 354 780 in
413 729 743 787 auctoritate
790 744 898 783 non
955 737 1072 782 erat
1125 731 1483 801 promulgata,
1531 731 1767 800 judicem

179 817 348 874 Deum
380 822 698 888 prmsentire
738 821 1116 892 nequiverunt.
1167 821 1396 876 Maxima
1426 839 1553 893 pars
1584 822 1768 876 mundi

179 909 346 963 Deum
403 908 518 966 fore
565 925 687 966 esse
736 911 975 980 judicent
1023 910 1326 980 ignei-abat,
1382 912 1635 986 perpauci
1669 928 1769 966 au-

178 1009 286 1055 tem
317 1002 369 1054 in
411 1016 547 1070 quos
574 1016 681 1056 non
720 1003 966 1073 regnavit
996 1017 1172 1065 mors;
1225 1003 1277 1056 in
1309 1018 1445 1071 quos
1471 1013 1649 1057 autem
1686 1018 1770 1058 re-

177 1093 381 1163 gnavit,
416 1102 536 1163 post
573 1093 730 1147 istam
761 1102 1010 1155 mortem,
1039 1108 1158 1162 qua:
1178 1093 1353 1162 prima
1387 1092 1602 1157 dicitur,
1633 1110 1662 1146 a
1687 1110 1770 1148 se-

177 1168 353 1240 cunda
383 1186 594 1256 excepti
633 1195 763 1240 sunt
810 1187 878 1240 ad
909 1201 1123 1255 ptenam
1156 1195 1210 1240 et
1233 1185 1590 1256 perditionem
1623 1184 1768 1239 lutu-

178 1291 314 1331 ram:
332 1277 385 1330 iu
399 1293 534 1346 quos
551 1287 730 1331 autem
749 1291 854 1330 non
873 1277 1136 1347 regnavit,
1156 1281 1278 1345 quia
1293 1293 1397 1330 non
1414 1265 1772 1345 peccaverunt

177 1381 230 1420 ιιι
263 1366 674 1421 similitudinem
698 1367 1164 1436 przevaricationis
1179 1366 1327 1429 Adae,
1347 1367 1447 1422 sub
1467 1380 1563 1436 spe
1593 1383 1770 1422 reser-

180 1457 287 1513 vati
320 1467 444 1514 sunt
472 1460 724 1515 adventui
755 1458 1054 1513 Salvatoris
1083 1459 1136 1512 in
1173 1459 1548 1515 liberationem
1578 1475 1592 1513 :
1633 1460 1770 1514 sicut

177 1541 450 1619 tegiturde
471 1553 770 1617 Abraham,
791 1553 916 1621 quia
937 1552 1185 1622 quamvis
1200 1545 1339 1622 apud
1357 1551 1558 1608 inferos
1585 1551 1768 1618 fuerit,

178 1644 444 1698 discretus
504 1652 682 1697 tamen
725 1643 883 1713 longo
925 1641 1208 1698 intervallo
1255 1652 1358 1708 est,
1403 1646 1474 1697 ita
1527 1654 1584 1697 ut
1609 1645 1774 1699 chaos

178 1745 325 1789 esset
371 1736 561 1804 ingens
587 1735 729 1788 inter
750 1733 928 1801 justos
950 1744 1003 1788 et
1029 1743 1342 1805 peccatores
1373 1733 1522 1806 (Luc.
1548 1732 1682 1802 ενι).
1715 1731 1771 1786 Si

1870 563 2142 623 regnaret,
2172 561 2231 606 ut
2253 554 2467 609 abolitis
2495 556 2735 624 pectatis
2759 558 3050 626 prioribus,
3079 559 3167 611 uni
3201 559 3308 613 Deo
3354 561 3446 617 ob-

1869 649 2190 701 secundaret
2211 633 2380 717 genus
2410 649 2721 726 humanum.
2754 651 2903 706 Unde
2924 651 3029 705 alio
3057 651 3176 706 loco
3203 654 3346 706 idem
3367 654 3449 708 di—

1869 736 1943 790 cit
1959 736 2249 806 Apostolus
2285 755 2297 790 :
2348 737 2470 791 Non
2500 751 2671 809 regnet
2700 752 2967 810 peccatum
3001 743 3054 796 in
3098 751 3261 797 vestro
3309 749 3451 798 inor-

1869 827 1962 881 tali
2010 845 2242 895 corpore,
2279 839 2336 882 ut
2365 830 2616 884 obediatis
2672 834 2718 885 ei
2765 833 2940 903 (Rom.
2978 834 3105 906 'vr):
3147 851 3262 904 quo
3303 837 3450 891 dicto

1869 919 2103 972 ostendit
2125 920 2289 974 etiam
2317 936 2462 975 nunc
2484 937 2708 992 regnare
2753 934 3004 991 mortem,
3030 927 3075 981 si
3098 927 3186 981 lex
3209 937 3450 982 contem-

1872 1016 2046 1062 natur.
2079 1009 2217 1076 Quid
2245 1012 2388 1066 enim
2444 1028 2668 1084 regnum
2710 1017 2898 1070 mortis
2930 1027 3051 1090 est,
3084 1020 3184 1074 nisi
3216 1035 3337 1074 cum
3390 1020 3451 1073 tit

1875 1099 2268 1177 voluntasejns,
2294 1104 2419 1157 dum
2446 1104 2696 1184 imperat,
2715 1107 2781 1161 ad
2808 1108 3103 1178 perniciem
3125 1110 3447 1176 obedientis,

1873 1189 2246 1262 cujusimperii
2271 1196 2518 1251 voluntas
2547 1208 2803 1267 caputest
2823 1199 3163 1254 idololatriae?
3176 1202 3241 1255 Et
3263 1208 3442 1258 tamen

1874 1281 1952 1336 sic
1980 1285 2350 1351 praescribitur
2400 1287 2555 1342 nobis
2585 1290 2650 1343 de
2692 1290 2895 1346 Griecis
2945 1292 3250 1360 codicibus.
3297 1292 3452 1364 quasi

1873 1387 1978 1426 non
2008 1373 2107 1442 ipsi
2137 1375 2204 1427 ab
2231 1374 2461 1430 invicem
2510 1377 2813 1448 discrepent
2839 1399 2852 1434 :
2887 1384 3027 1451 quid
3059 1382 3190 1437 facit
3217 1385 3450 1439 studium

1875 1465 2291 1523 contemptionis
2318 1463 2748 1538 [contentionis].
2774 1468 2909 1534 Quia
2930 1473 3074 1525 enim
3089 1474 3305 1542 prepria
3332 1457 3473 1543 quis

1875 1554 2197 1608 auctoritate
2231 1554 2307 1607 uti
2334 1570 2439 1608 non
2469 1563 2653 1634 potest
2681 1559 2746 1610 ad
2773 1558 3074 1625 victoriam,
3103 1563 3267 1616 verba
3321 1565 3453 1633 legis

1877 1645 2160 1708 adulterat,
2195 1654 2254 1699 ut
2277 1662 2494 1702 sensum
2519 1664 2674 1703 suum
2705 1653 2859 1719 quasi
2880 1654 3040 1708 verba
3065 1654 3195 1725 legis
3222 1665 3451 1721 asserat;

1876 1747 1936 1789 ut
1971 1753 2075 1791 non
2105 1738 2262 1802 ratio,
2317 1740 2410 1794 sed
2444 1743 2742 1796 auctoritas
2792 1746 3147 1812 praescribere
3184 1747 3450 1802 videatur.

179 1825 516 1896 mterjustos
541 1834 595 1881 et
618 1818 932 1897 peccatores
972 1827 1138 1880 chaos
1170 1826 1360 1896 ingens
1387 1831 1527 1891 erat,
1568 1834 1772 1895 quanto
1804 1818 1850 1878 B
1881 1825 2105 1880 Constat
2163 1836 2344 1881 autem
2399 1829 2500 1884 hoc
2551 1845 2647 1899 per
2676 1835 2933 1902 quosdam
2970 1834 3192 1890 Latinos
3247 1838 3313 1892 de
3361 1853 3451 1894 ve-

179 1918 508 1988 magisinter
531 1918 744 1987 impios,
762 1906 990 1986 utjustis
1018 1925 1164 1972 esset
1191 1918 1530 1986 refrigerium
1560 1925 1614 1971 et
1643 1932 1767 1987 pec-

179 2008 454 2062 catoribus
472 2017 656 2072 matus,
689 2009 866 2076 impiis
894 2023 1021 2062 vero
1063 2009 1244 2074 ardor,
1279 2019 1336 2063 ut
1363 2019 1486 2062 ante
1509 2008 1768 2076 judicium

180 2099 307 2168 quid
330 2099 619 2167 unicuique
641 2099 858 2169 dignum
886 2107 1029 2154 esset
1053 2114 1156 2152 non
1189 2097 1424 2153 lateret?
1445 2100 1522 2153 Ac
1552 2115 1647 2168 per
1672 2099 1771 2154 hoc

180 2191 526 2260 regnabat'in
550 2207 644 2246 eos
676 2207 845 2255 mors,
879 2193 1002 2262 quia
1024 2193 1243 2246 videbat
1266 2207 1428 2262 opera
1456 2191 1767 2246 subtilitatis

179 2297 291 2337 suae
314 2281 607 2352 profecisse
627 2286 706 2340 eis
725 2286 791 2338 ad
808 2301 1021 2355 pot-nam
1036 2288 1188 2355 quasi
1217 2287 1472 2340 inimicis.
1494 2285 1606 2340 Non
1623 2287 1767 2340 enim

179 2379 339 2458 latuit
366 2378 514 2431 illum
542 2379 609 2432 ad
631 2379 731 2433 hoc
756 2378 1242 2451 factumbominem
1261 2382 1314 2433 in
1335 2379 1556 2444 mundo,
1587 2387 1643 2432 ut
1674 2380 1771 2432 im-

179 2468 393 2539 perium
422 2469 580 2523 unius
606 2468 698 2523 Dei
731 2469 1074 2538 praedicaret,
1103 2471 1244 2539 quod
1276 2472 1658 2540 praivaricatus
1687 2480 1771 2524 est

179 2560 433 2620 Satanas.
463 2559 542 2616 Ac
565 2563 610 2616 si
636 2565 689 2616 in
713 2561 903 2617 Graeco
929 2579 1035 2618 non
1068 2565 1142 2618 ita
1169 2574 1386 2619 cautum
1411 2565 1623 2619 dicatur
1651 2583 1663 2617 :
1691 2566 1769 2620 sic

179 2658 327 2711 enim
373 2655 574 2711 dicitur
598 2658 882 2726 scriptum,
935 2659 1098 2711 etiam
1137 2658 1190 2711 in
1215 2674 1309 2713 eos
1340 2674 1596 2729 regnasse
1626 2674 1770 2712 mor-

182 2757 315 2814 tem,
343 2748 434 2817 qui
467 2762 570 2802 non
599 2749 962 2819 peccaverunt
986 2751 1039 2803 in
1068 2750 1473 2816 similitudinem
1507 2752 1768 2822 praevari-

181 2841 416 2895 cationis
444 2840 592 2895 Adin.
610 2841 803 2896 Totum
831 2842 984 2896 enim
1005 2843 1089 2896 hic
1113 2843 1424 2912 complexus
1449 2844 1681 2917 videtur,
1713 2853 1772 2898 ut

180 2934 311 3004 quia
339 2949 507 2996 mors,
538 2934 590 2988 id
622 2943 705 2988 est
734 2935 1036 3001 dissolutio,
1066 2951 1163 3005 per
1205 2936 1463 2991 invidiam
1517 2937 1657 2991 facta
1689 2947 1781 2999 est

181 3025 407 3088 diaboli,
431 3033 485 3080 et
510 3026 563 3079 in
595 3041 689 3080 eos
709 3026 800 3094 qui
825 3041 929 3080 non
957 3035 1320 3096 peccaverunt
1348 3043 1604 3098 regnasse
1627 3043 1772 3081 mor-

185 3125 292 3171 tem
323 3117 486 3182 dicat,
534 3117 839 3170 moriuntur
870 3118 1036 3181 enim,
1067 3119 1209 3187 quod
1257 3117 1366 3170 voti
1411 3125 1495 3171 est
1534 3115 1767 3169 Satante.

181 3206 338 3275 Quod
385 3207 431 3261 si
477 3222 667 3262 verum
701 3214 868 3271 esset,
911 3221 1016 3260 non
1071 3209 1310 3275 oportuit
1337 3205 1443 3260 di'ci
1478 3225 1489 3259 :
1521 3205 1770 3274 Regnavit
1799 3178 1844 3240 Ο

182 3318 325 3355 mors
359 3303 423 3354 ab
470 3299 638 3353 Adam
669 3316 832 3374 usque
863 3300 931 3352 ad
977 3298 1212 3370 Moysen,
1243 3300 1286 3353 si
1318 3299 1384 3352 ab
1418 3299 1572 3352 initio
1604 3314 1773 3368 usque

184 3394 254 3447 ad
278 3393 439 3447 tinem
467 3399 656 3463 regnat
676 3392 731 3445 in
757 3405 946 3445 omnes
973 3406 986 3444 :
1032 3398 1124 3445 aut
1147 3391 1284 3445 forte
1311 3392 1510 3461 gradus
1540 3389 1685 3454 fecit,
1717 3402 1773 3444 ut

184 3487 254 3540 ab
304 3485 473 3543 Adam
512 3496 682 3552 usque
733 3483 800 3536 ad
848 3482 1066 3554 Moysen
1111 3483 1434 3553 regnaverit,
1461 3481 1772 3551 etaMoyse

185 3591 360 3645 usque
390 3577 457 3630 ad
487 3575 793 3639 Christum;
825 3589 854 3628 a
882 3573 1096 3630 Christo
1123 3590 1251 3630 vero
1296 3591 1466 3644 usque
1495 3575 1561 3628 ad
1588 3574 1769 3638 ﬁnem,

183 3666 338 3720 utad
372 3679 532 3733 quam
563 3663 847 3718 utilitatem
881 3665 996 3717 haec
1043 3663 1242 3717 locutio
1293 3663 1600 3732 proliceret,
1649 3676 1772 3715 cum

185 3771 287 3812 nec
301 3750 381 3810 sic
405 3754 906 3823 locutusprolietur.
928 3753 1070 3806 Dixit
1089 3753 1232 3806 enim
1261 3772 1271 3804 :
1294 3752 1370 3806 Ab
1395 3753 1564 3804 Adam
1589 3768 1773 3821 regna-

185 3847 256 3900 vit
288 3862 428 3898 mors
467 3861 627 3914 usque
654 3844 721 3896 ad
756 3843 990 3912 Moysen,
1021 3851 1244 3912 propter
1264 3843 1406 3911 quod
1420 3841 1505 3896 lex
1530 3854 1633 3896 non
1658 3849 1775 3894 erat

185 3934 558 3999 manifestata,
608 3942 666 3987 ut
694 3933 815 3986 data
847 3933 962 4003 lege
998 3934 1096 3987 sub
1121 3934 1443 3987 auctoritate
1491 3934 1608 4002 ejus
1631 3934 1774 3986 vive-

187 4038 328 4090 rent,
384 4015 618 4081 scientes
662 4024 787 4092 quid
833 4033 1107 4089 caverent,
1170 4015 1235 4079 ne
1283 4033 1535 4095 regnaret
1572 4026 1623 4076 in
1681 4037 1773 4076 eos

187 4136 356 4175 mors.
416 4121 582 4191 igitur
626 4120 716 4188 qui
771 4126 894 4173 ante
929 4119 1118 4190 -legem
1170 4120 1272 4173 hoc
1309 4120 1546 4173 servavit
1577 4123 1770 4171 natura

187 4215 324 4266 duce
364 4213 509 4282 quod
531 4220 716 4280 postea
747 4211 830 4265 lex
856 4211 1148 4276 mandavit,
1181 4211 1423 4279 nunquid
1450 4218 1624 4279 potest
1665 4210 1771 4263 dici

184 4309 315 4378 quia
363 4323 509 4360 mors
538 4307 782 4376 regnavit
825 4306 877 4358 in
909 4306 1064 4358 eum?
1117 4320 1242 4357 nam
1276 4303 1417 4356 vide.
1444 4303 1570 4373 quid
1600 4303 1664 4355 de
1708 4318 1772 4355 eo

184 4403 450 4469 scriptum
466 4399 536 4453 sit
566 4413 579 4450 :
612 4394 916 4461 Peccatum,
941 4397 1130 4467 inquit,
1153 4411 1253 4449 non
1278 4395 1634 4463 imputabatur
1655 4410 1770 4444 cum

184 4491 271 4544 lea:
297 4507 401 4543 non
428 4501 579 4553 esset,
615 4497 669 4542 et
691 4486 907 4555 adjecit,
941 4505 952 4539 :
984 4488 1071 4539 sed
1103 4487 1329 4555 regnavit
1353 4501 1490 4538 mors
1515 4485 1577 4536 ab
1603 4482 1772 4536 Adam

185 4599 353 4652 usque
385 4581 453 4633 ad
509 4580 739 4650 Moysen,
779 4595 842 4633 eo
874 4579 1056 4647 utique
1111 4586 1368 4645 tempore,
1409 4591 1514 4642 quo
1545 4573 1626 4626 lex
1665 4588 1772 4626 non

183 4686 346 4731 erat:
379 4687 433 4728 et
466 4675 736 4736 convenit,
769 4682 827 4725 ut
877 4672 1001 4740 quia
1063 4679 1348 4737 antequam
1403 4667 1487 4720 lex
1532 4666 1770 4729 daretur,

183 4782 339 4824 mors
366 4767 630 4836 regnavit,
668 4766 716 4816 in
749 4781 840 4816 eos
872 4776 1124 4832 regnasse
1147 4762 1378 4822 dicatur,
1427 4759 1514 4827 qui
1535 4771 1776 4825 peccare-

185 4871 312 4915 runt
341 4862 394 4913 in
416 4857 811 4912 similitudinem
826 4853 1269 4924 pra’raricationfs
1288 4851 1434 4912 Ada',
1456 4850 1594 4901 sicut
1609 4862 1773 4916 supra

186 4949 634 5006 memoravimus.
692 4946 841 4998 Sicut
873 4943 1016 4996 enim
1059 4951 1179 5010 post
1228 4941 1408 4993 datam
1459 4939 1626 5007 legem
1682 4937 1775 5005 qui

191 5045 558 5109 fornicationi,
592 5051 682 5094 aut
713 5042 868 5094 idolis
891 5039 1214 5099 servierunt,
1247 5044 1654 5088 contemnentes
1703 5032 1777 5084 le-

192 5134 529 5208 gislator'em,
578 5133 822 5200 regnavit
880 5131 932 5181 in
990 5145 1083 5182 eos
1133 5143 1310 5189 mors;
1361 5125 1430 5177 ita
1455 5135 1502 5176 et
1545 5132 1667 5175 ante
1697 5122 1776 5175 le-

190 5243 316 5299 gem
355 5225 446 5294 qui
496 5239 710 5277 sensum
748 5222 878 5291 legis
922 5228 1319 5290 prtesenserunt
1361 5215 1777 5271 lionorilicantes

191 5327 471 5375 auctorem
509 5313 643 5382 ejus,
672 5311 801 5365 non
855 5312 1038 5379 utique
1086 5311 1322 5378 regnavit
1351 5311 1400 5360 in
1461 5322 1552 5360 eus
1581 5323 1726 5360 mors
1762 5324 1772 5358 :

194 5415 482 5479 propterea
505 5405 650 5456 enim
677 5418 934 5471 regnasse
957 5401 1172 5462 dicitur,
1203 5400 1327 5468 quia
1357 5397 1593 5467 cognitio
1623 5398 1778 5449 unius

183 5490 294 5555 Dei
321 5507 610 5551 evanuerat
642 5496 693 5548 in
734 5494 913 5548 terris.
954 5492 1192 5560 Denique
1222 5493 1296 5546 sic
1321 5491 1482 5559 cmpit
1519 5490 1636 5542 data
1670 5489 1775 5540 lex:

200 5592 312 5661 Ego
327 5589 658 5656 sum,inquit,
671 5587 920 5640 Dominus
941 5586 1074 5638 Deus
1090 5585 1324 5654 tuus,qui
1338 5584 1491 5636 eduxi
1505 5593 1551 5634 te
1567 5583 1628 5634 de
1642 5592 1781 5633 terra

195 5679 520 5756 Λςρθσριῂάε
541 5678 692 5731 domo
717 5677 1014 5731 servitutis:
1048 5687 1311 5728 nunerum
1337 5674 1428 5728 tibi
1449 5671 1630 5724 diialii
1652 5688 1782 5739 prte-

196 5786 279 5833 ter
302 5793 402 5842 me,
427 5781 498 5829 .et‘
524 5786 628 5827 non
650 5771 809 5840 facies
834 5767 926 5822 tibi
954 5765 1176 5834 idolum,
1215 5781 1375 5835 neque
1401 5763 1564 5817 ullam
1595 5761 1781 5815 simili—

1803 4528 1851 4586 υ

1797 5731 1814 5740 ν

1877 1918 2080 1972 tet-ibus
2128 1917 2330 1973 Grmcis
2380 1921 2670 1977 translatos
2717 1925 3015 2000 codicibus,
3045 1943 3179 1997 quos
3206 1929 3458 1985 incorru-

1874 2020 1996 2080 ptos
2025 2011 2342 2080 simplicitas
2369 2025 2671 2084 temporum
2707 2018 2944 2071 servavit
2962 2028 3016 2072 et
3043 2023 3234 2088 probat
3259 2040 3271 2074 :
3303 2032 3448 2092 post-

1873 2120 2036 2174 quam
2066 2115 2245 2161 autem
2276 2122 2306 2160 a
2351 2109 2637 2162 concordia
2691 2110 2887 2165 animis
2935 2111 3346 2177 discedentibus,
3405 2123 3461 2170 et

1874 2194 2141 2249 hiereticis
2163 2192 2604 2264 perturbantibus
2626 2202 2863 2269 torqueri
2880 2183 3266 2270 quiestionibus
3283 2217 3460 2276 coepe-

1871 2294 2013 2347 runt,
2045 2286 2211 2340 multa
2245 2287 2524 2342 immutata
2553 2299 2675 2344 sunt
2707 2292 2774 2345 ad
2803 2306 3022 2347 sensum
3056 2295 3371 2358 humanum,
3401 2304 3461 2351 ut

1873 2377 1974 2430 hoc
2025 2379 2396 2432 contineretur
2424 2379 2480 2432 in
2511 2378 2707 2457 litteris
2732 2383 2874 2450 quod
2924 2384 3126 2438 homini
3159 2386 3454 2453 videretur;

1872 2466 2012 2519 unde
2033 2480 2086 2521 et
2120 2467 2217 2536 ipsi
2244 2465 2415 2521 δι’ιωί
2442 2469 2686 2524 diversos
2711 2472 2924 2528 codices
2966 2474 3185 2528 habent.
3217 2473 3330 2530 Hoc
3359 2491 3457 2530 au-

1875 2567 1981 2611 tem
2012 2572 2198 2612 verum
2253 2560 2512 2625 arbitror,
2547 2563 2761 2630 quando
2782 2571 2838 2616 et
2865 2564 3003 2618 ratio
3040 2574 3101 2618 et
3125 2565 3373 2630 historia,
3406 2574 3462 2621 et

1872 2650 2167 2703 auctoritas
2210 2651 2574 2705 observatur:
2630 2668 2752 2707 nam
2797 2654 2956 2710 hodie
3004 2670 3123 2725 qum
3171 2656 3224 2710 in
3253 2655 3462 2712 Latinis

1872 2743 2342 2811 reprehenduntur
2372 2745 2674 2810 codicibus,
2705 2747 2787 2800 sic
2812 2747 3162 2802 inveniuntur
3199 2763 3230 2802 a
3258 2751 3458 2804 veteri-

1873 2835 1972 2889 bus
1999 2837 2195 2904 posita,
2223 2837 2570 2901 'l‘ertulliano,
2599 2839 2897 2907 Victorino,
2930 2851 2986 2897 et
3017 2842 3306 2913 Cypriane.
3339 2844 3460 2898 Pri-

1874 2942 2020 2980 mum
2061 2929 2205 2981 enim
2254 2927 2308 2982 in
2349 2927 2530 2983 Judzea
2562 2931 2728 3000 ccepit
2751 2932 2955 2986 destrui
2986 2946 3212 3004 regnum
3247 2936 3457 3000 mortis,

1875 3020 2002 3087 quia
2039 3030 2192 3073 notus
2243 3021 2297 3073 in
2342 3021 2534 3074 Judwa
2573 3020 2715 3076 Deus
2750 3021 2925 3095 (Psal.
2953 3025 3151 3094 Luv);
3199 3036 3340 3082 nunc
3370 3043 3464 3082 au-

1878 3117 1983 3161 tem
2037 3110 2089 3161 in
2123 3111 2376 3164 omnibus
2425 3112 2675 3180 gentibus
2707 3115 2946 3182 quotidie
2975 3117 3290 3184 destrui'tur,
3333 3117 3460 3174 dum

1878 3219 2068 3274 magna
2091 3220 2155 3258 ex
2184 3213 2338 3273 parte
2361 3215 2432 3260 ex
2460 3205 2583 3260 filiis
2622 3207 2818 3261 diaboli
2845 3207 2980 3262 ﬁunt
3010 3209 3101 3270 lilii
3131 3209 3244 3264 Dei.
3276 3205 3462 3280 itaque

1878 3310 1983 3347 non
2011 3294 2061 3349 in
2091 3309 2280 3348 omnes
2304 3297 2549 3364 regnavit
2575 3305 2742 3362 mors,
2787 3299 2880 3352 sed
2913 3300 2965 3352 in
2999 3307 3092 3355 eos
3135 3301 3224 3371 qui
3272 3307 3462 3372 peccaé

1881 3393 2074 3439 verunt
2108 3385 2160 3437 in
2193 3384 2598 3439 similitudinem
2634 3388 3091 3454 praevaricationis
3139 3390 3290 3456 Adio,
3323 3393 3466 3450 sicut

1881 3489 2044 3546 supra
2099 3478 2416 3530 memoravi.
2469 3476 2661 3557 Adam"
2697 3486 2876 3533 autem
2929 3480 3049 3535 ideo
3084 3480 3258 3539 forma
3297 3481 3464 3540 tutori

1877 3579 1976 3633 est,
2007 3571 2132 3646 quia
2164 3571 2277 3640 jam
2333 3579 2460 3625 tunc
2499 3571 2551 3624 in
2596 3573 2854 3642 mysterio
2895 3573 3135 3630 decrevit
3163 3575 3332 3630 Deus
3368 3593 3464 3646 per

1877 3681 2042 3719 unum
2091 3641 2365 3720 Christum
2409 3641 2718 3731 emendare,
2761 3667 2903 3736 quod
2945 3684 3042 3737 per
3092 3678 3258 3722 unum
3289 3641 3462 3724 Adam

1878 3769 2158 3827 peccatum
2188 3767 2327 3826 erat,
2359 3758 2497 3812 sicut
2523 3756 2632 3812 dixi
2665 3757 2716 3811 in
2753 3757 3073 3829 Apocalypsi
3095 3757 3316 3814 JOan’nis
3335 3777 3464 3830 apo-

1879 3855 1998 3909 stoli
2050 3854 2233 3925 (Apoc.
2259 3854 2393 3926 xvii)
2438 3872 2449 3906 :
2484 3853 2685 3920 Agnus,
2728 3851 2918 3918 inquit,
2951 3851 3041 3918 qui
3082 3845 3283 3904 occisus
3323 3844 3396 3904 est
3429 3870 3464 3906 a

1877 3947 2247 4000 constitutione
2279 3943 2480 3998 mundi.
2524 3944 2706 4012 (Aug)
2743 3941 3026 4010 Apostolus
3079 3939 3342 4009 prolixius
3396 3943 3464 3996 de

1877 4033 2087 4086 duobus
2141 4031 2446 4084 hominibus
2497 4027 2735 4095 disputat
2780 4038 2885 4091 uno
2937 4027 3236 4095 eodemque
3289 4028 3464 4096 primo

1876 4122 2067 4185 Adam,
2119 4136 2214 4190 per
2272 4119 2424 4185 cujus
2494 4128 2789 4189 peccatum,
2829 4127 2882 4172 et
2933 4125 3158 4170 mortem
3205 4126 3462 4186 tanquam

1881 4213 2238 4267 hmreditariis
2270 4211 2424 4264 malis
2469 4211 2668 4279 posteri
2709 4211 2827 4279 ejus
2856 4209 3075 4278 obligati
3113 4217 3319 4262 Stimus.
3372 4209 3465 4262 Al-

1879 4319 1993 4360 tero
2037 4316 2216 4358 autem
2257 4304 2493 4359 secundo
2523 4303 2714 4366 A‘dam,
2747 4305 2838 4372 qui
2884 4319 2988 4357 non
3041 4306 3198 4356 homo
3233 4313 3462 4371 tantum,

1878 4398 1969 4451 sed
1998 4397 2158 4450 etiam
2187 4396 2328 4451 Deus
2354 4405 2455 4460 est,
2483 4411 2589 4463 quo
2615 4407 2712 4464 pro
2741 4395 2895 4449 nobis
2925 4395 3166 4448 solvente
3193 4395 3333 4464 qtiod
3360 4412 3466 4450 non

1877 4491 2130 4551 debebat,
2183 4504 2213 4540 a
2263 4487 2459 4541 debitis
2497 4487 2553 4539 et
2592 4485 2829 4554 paternis
2871 4494 2923 4537 et
2968 4485 3464 4561 propriis’liberati

1877 4597 2082 4638 sumus.
2120 4579 2352 4632 Proinde
2397 4592 2531 4645 quos
2586 4580 2807 4644 prbpter
2859 4591 3022 4627 unum
3063 4573 3208 4626 illum
3250 4575 3467 4627 tenebat

1877 4674 2123 4728 diabolus
2153 4660 2340 4724 omnes
2368 4684 2466 4737 per
2491 4668 2605 4737 ejus
2626 4667 2873 4718 vitiatam
2901 4665 3172 4718 carnalem
3205 4667 3464 4734 Concupi-

1863 4752 2135 4821 'scentiam
2165 4772 2471 4833 'generatos
2521 4759 2726 4828 justum
2776 4768 2878 4819 est,
2926 4768 2984 4809 ut
3046 4765 3266 4825 propter
3320 4759 3466 4811 hunc

1878 4873 2042 4912 unum
2087 4855 2320 4908 dimittat
2355 4866 2542 4905 onines
2572 4866 2668 4918 per
2696 4849 2862 4915 ipsius
2909 4846 3306 4900 immaculatam
3341 4863 3462 4917 gra-

1879 4949 2004 5002 tiam
2038 4953 2398 5016 regeneratus.
2431 4943 2487 4994 Si
2523 4938 2806 5009 Apostolus
2835 4938 3134 4990 imitatione
3159 4939 3257 4990 hoc
3301 4937 3460 4991 intel—

1881 5040 1967 5108 ligi
1993 5033 2244 5090 voluisset
2275 5051 2369 5104 per
2394 5032 2662 5086 diabolum
2690 5029 2867 5099 potius
2889 5039 3169 5098 peccatum
3214 5025 3266 5080 in
3303 5044 3460 5083 mun—

1881 5132 2004 5185 dum
2043 5130 2243 5182 intrare
2276 5127 2539 5180 dixisset:
2581 5123 2646 5175 de
2691 5122 2902 5176 diabolo
2955 5122 3148 5189 quippe
3203 5120 3463 5188 scriptum

1881 5233 1963 5276 est
1992 5241 2003 5272 :
2031 5219 2314 5273 imitantur
2357 5232 2498 5278 eum,
2551 5215 2641 5283 qui
2674 5223 2796 5266 sunt
2829 5228 2892 5265 ex
2935 5197 3086 5280 parte
3125 5213 3310 5296 ipsips.
3353 5209 3462 5264 Sed

1883 5313 2002 5364 ideo
2031 5325 2124 5377 per
2159 5321 2317 5360 unum
2352 5305 2620 5358 hominem
2653 5304 2805 5363 dixit,
2848 5318 2873 5351 ιι
2905 5317 3011 5369 quo
3063 5301 3338 5370 generatio
3375 5300 3464 5352 ho-

1886 5405 2089 5456 minum
2121 5399 2302 5468 erepit,
2324 5406 2378 5448 ut
2394 5394 2900 5464 pergenerationem
2923 5393 3140 5446 doceret
3162 5406 3280 5444 esse
3294 5388 3459 5459 origi-

1887 5494 2007 5548 nale
2039 5500 2340 5559 peccatum,
2375 5496 2592 5555 propter
2639 5485 2738 5537 hoc
2781 5485 2914 5536 sicut
2949 5499 3037 5553 per
3084 5498 3244 5534 unum
3296 5478 3462 5533 hom-i-

1887 5602 2002 5638 nem
2030 5584 2082 5636 in
2109 5585 2243 5634 hunc
2273 5580 2524 5632 mundum
2554 5587 2818 5647 peccatum
2849 5577 3077 5629 intravit.
3129 5584 3176 5626 et
3217 5590 3307 5642 per
3345 5581 3462 5640 pet-

1887 5686 2059 5728 catum
2092 5690 2248 5735 mors,
2284 5681 2330 5723 et
2374 5672 2444 5722 ita
2481 5671 2530 5722 in
2559 5686 2734 5721 omnes
2765 5668 2996 5720 homines
3025 5666 3343 5735 pertransiit,
3409 5664 3462 5714 in

1886 5782 1986 5837 quo
2039 5778 2213 5818 omnes
2297 5770 2656 5830 peccaverunt;
2730 5759 2868 5813 sicut
2913 5758 2981 5812 ab
3033 5756 3124 5811 illo
3197 5767 3312 5810 uno
3361 5752 3457 5806 lto-
