3960 6322
522 353 662 412 1885

1164 354 1228 411 Β.
1264 356 1518 412 RABANI
1554 350 1775 415 MAURI
1812 357 2132 441 ARCHIEP.
2172 354 2481 419 MOGUNT.
2523 357 2807 421 OPERUM
2844 364 3028 422 PARS
3062 365 3148 421 Ill.

3655 362 3795 421 1581»

519 490 687 557 mine,
719 501 797 549 sic
826 500 895 550 ab
941 494 1134 547 eodem
1163 502 1387 562 peccato
1423 476 1659 551 infantes
1694 496 1966 553 immunes
1984 511 2107 553 esse
2132 476 2183 536 Α
2210 475 2372 560 modo
2438 480 2613 548 ενδιία
2660 478 3100 534 ῧδτῖεῑίλθάίωίι
3146 494 3394 550 menum.
3456 493 3530 536 ιιθ
3571 494 3795 535 δυοηιω

518 597 631 655 nou
671 591 921 653 possunt,
968 584 1073 639 nisi
1118 582 1188 639 ab
1235 585 1358 657 ejus
1402 596 1555 642 reatu
1580 598 1679 656 per
1705 588 2108 660 Christibapti-

516 690 696 732 sinum
746 668 1106 731 resolvantur.
1154 676 1367 735 Utrum
1398 687 1698 748 peccatum,
1729 694 1799 734 an
1824 678 2009 746 'mors,
2036 695 2112 735 an.

517 758 831 836 utrumque,
868 781 965 837 per
1002 783 1192 824 omnes
1232 770 1483 835 homines
1504 767 1880 842 pertransisse
1900 773 2103 832 dictum

450 878 452 880 τ
517 855 597 936 sit
610 848 824 937 videtur
848 857 1201 927 ambiguum;
1232 860 1493 930 sedquod
1521 861 1716 918 horum
1739 864 1831 929 sit,
1860 879 1951 921 res
1988 866 2106 937 ipsa

518 942 628 1004 tam
658 936 849 1020 aperta
876 951 1231 1008 demonstrat.
1278 953 1415 1009 Nam
1438 956 1483 1010 si
1516 958 1801 1026 peceatum
1831 971 1936 1024 non
1984 936 2108 1026 per-

518 1040 822 1104 transisset,
846 1056 952 1096 non
986 1043 1165 1107 omnis
1190 1028 1372 1099 homo
1407 1059 1529 1099 cum
1565 1044 1683 1117 lege
1727 1046 1937 1116 peccati
1985 1062 2106 1118 qua:

498 1125 570 1180 in
597 1128 861 1204 membris
885 1139 972 1186 est
999 1141 1332 1201 nasceretur.
1358 1132 1415 1195 Si
1451 1148 1601 1190 mors
1627 1132 1735 1189 non
1772 1126 2110 1206 pertransis--
2184 1196 2185 1199 η

490 1217 615 1280 λδθι,
650 1230 757 1304 non
789 1232 981 1275 omnes
1006 1214 1268 1286 homines,
1311 1232 1572 1293 quantum
1611 1226 1872 1281 ad-istam
1910 1228 2102 1284 condi-

426 1348 429 1349 ν
515 1305 717 1371 tionem
754 1312 1062 1378 mortalium
1108 1315 1374 1387 pertinet,
1397 1328 1758 1391 morerentur.
1806 1318 1959 1385 Quod
2010 1335 2105 1374 au-

515 1404 622 1453 tem
659 1400 793 1477 dicit
823 1402 1135 1475 Apostolus,
1168 1405 1225 1483 in
1257 1420 1363 1475 quo
1408 1424 1592 1463 omnes
1630 1418 1993 1478 peccaverunt,
2046 1410 2101 1465 in

460 1530 466 1536 .
511 1503 621 1557 quo
662 1488 1003 1563 intelligitur,
1061 1493 1168 1549 nisi
1216 1495 1271 1550 in
1310 1497 1508 1562 Adam,
1557 1497 1611 1550 iu
1669 1510 1778 1568 quo
1807 1496 1919 1561 eos
1968 1500 2102 1555 dicit
2135 1497 2151 1513 ⁸

510 1578 727 1634 emori?
759 1580 889 1653 quia
929 1572 1045 1637 non
1084 1591 1204 1663 erat
1233 1572 1453 1652 "justum
1482 1585 1602 1642 sine
1647 1588 1876 1645 crimine
1922 1598 2103 1645 trans-

510 1673 591 1728 ire
617 1674 963 1766 supplicium.
1010 1668 1192 1746 Usque
1220 1677 1379 1733 enim.
1408 1680 1479 1745 ad
1502 1678 1674 1766 legem
1702 1690 1991 1750 peccatum
2040 1683 2100 1739 in
2144 1704 2159 1735 ν.

509 1759 717 1821 mundo
738 1764 841 1821 fuit
868 1784 882 1820 :
908 1782 1031 1843 pou
1059 1769 1199 1839 quia.
1232 1770 1488 1841 deinceps
1512 1771 1573 1826 in
1606 1761 1825 1831 nemine
1856 1772 1959 1829 fuit
1994 1775 2098 1829 hoc

508 1854 715 1911 dictum
741 1864 849 1923 est,
887 1857 987 1929 sed,
1026 1860 1155 1936 quia
1190 1854 1298 1917 non
1322 1870 1536 1932 poterat
1568 1874 1675 1934 per
1702 1863 1934 1937 litteram
1961 1865 2097 1936 legis

509 1946 732 2013 aulerri,
748 1938 892 2018 quod
916 1949 1031 2006 solo
1049 1945 1261 2020 poterat
1277 1952 1472 2027 spiritu
1492 1955 1710 2024 gratiae;
1727 1969 1795 2010 ne
1812 1955 2097 2025 quisquam

508 2047 640 2103 ergo
663 2036 836 2092 ﬁdens
878 2039 946 2094 de
979 2039 1201 2106 viribus,
1235 2056 1343 2096 non
1370 2043 1493 2119 dico
1520 2044 1841 2131 voluntatis,
1871 2047 1969 2101 sed
2002 2060 2099 2116 po-

480 2138 619 2182 .tius
648 2128 906 2185 vanitatis
938 2131 1072 2196 suae,
1108 2139 1327 2201 putaret
1341 2132 1513 2189 libero
1558 2128 1788 2209 arbitrio
1809 2134 1985 2208 legem
2007 2151 2118 2205 po-'

512 2219 682 2273 tuisse
706 2218 973 2287 sumsere,
1002 2230 1059 2276 et
1076 2220 1277 2277 Christi
1302 2224 1533 2294 gratiam
1558 2224 1853 2295 desideret,
1884 2225 2006 2282 ideo
2026 2227 2101 2281 ait
2141 2216 2143 2218 ’

506 2308 819 2379 Apostolus,
858 2326 1020 2381 usque
1062 2314 1200 2367 enim
1235 2312 1305 2374 ad
1328 2311 1498 2383 legem
1536 2308 1807 2384 peceatum
1828 2315 1884 2368 in
1902 2315 2099 2369 mundo

510 2398 612 2467 fuit
636 2411 654 2451 .'
683 2391 954 2469 peceatum
982 2409 1155 2454 autem
1179 2417 1281 2455 non
1307 2401 1679 2472 deputabatur,
1708 2419 1823 2467 cum
1868 2402 1954 2457 [ex
1994 2420 2098 2480 non

506 2500 661 2558 esset,
688 2478 798 2545 non
823 2490 983 2556 dixit,
1024 2506 1130 2547 non
1159 2480 1305 2561 erat,
1326 2490 1419 2547 sed
1447 2496 1551 2547 non
1574 2490 1942 2564 deputabatur,
1971 2478 2108 2565 quia.
2143 2527 2145 2529 ι

510 2577 601 2637 lex
625 2587 907 2646 nouerat,
934 2591 1053 2655 quaj
1075 2590 1335 2651 arguente
1358 2572 1846 2648 demonstraretur,
1872 2572 1987 2639 sive
2012 2583 2117 2651 lux,
2170 2654 2173 2655 ν

511 2669 741 2734 rationis
764 2669 820 2723 in
846 2667 1107 2739 parvulis,
1135 2659 1249 2724 sive
1285 2669 1376 2735 lex
1426 2670 1623 2726 litterae
1652 2671 1707 2725 in
1740 2673 1959 2741 populo.
1992 2671 2099 2727 Sed

508 2760 764 2830 regnauit,
815 2759 1010 2830 inquit,
1052 2775 1194 2814 mors
1221 2780 1223 2782 ·
1251 2760 1316 2812 ab
1354 2759 1521 2815 Adam
1566 2776 1729 2833 usque
1762 2756 2097 2830 adMoysen,

507 2850 635 2920 quia
660 2863 763 2905 nec
798 2848 887 2906 lex
910 2864 1008 2921 per
1035 2848 1256 2920 Moysen
1277 2849 1401 2905 data
1430 2850 1607 2919 potuit
1652 2864 1878 2925 regnum
1906 2852 2099 2906 mortis

506 2932 743 3005 auferre,
772 2940 914 3010 quod
934 2940 1049 3011 sola
1074 2940 1277 2996 Christi
1298 2942 1473 3013 gratia
1502 2941 1743 3007 abstulit.
1759 2942 1820 2997 lu
1849 2957 1984 3012 quos
2003 2959 2103 2998 au-e

510 3040 620 3086 tem
646 3032 959 3107 regnaverit
973 3016 1133 3087 vide:
1162 3032 1230 3087 Et
1252 3022 1455 3098 ineas,
1485 3034 1682 3107 inquit,
1722 3035 1815 3105 qui
1850 3050 1955 3088 non
1977 3050 2099 3105 psc-

507 3126 754 3175 eaverunt
782 3122 840 3174 in
865 3122 1268 3183 similitudinem
1308 3116 1754 3193 prauaricationis
1784 3124 1936 3178 Adw.
1989 3125 2097 3180 Re-

505 3210 693 3280 gnavit
732 3225 864 3283 ergo
892 3210 1030 3267 etin
1051 3226 1147 3267 eos
1171 3213 1269 3282 qui,
1302 3227 1410 3269 non
1456 3202 1846 3285 peccaverunt;
1873 3217 1965 3270 sed
1998 3230 2096 3271 cur

448 3370 450 3372 ν
506 3302 1085 3375 regnaveritostendit,
1108 3317 1237 3367 cum
1258 3304 1358 3369 ait,
1388 3304 1445 3357 in
1476 3303 1874 3362 similitudinem
1894 3321 2097 3375 prmad-
2132 3312 2135 3314 ’

506 3394 784 3466 ricationis
806 3393 957 3447 Adw.
993 3392 1112 3464 Iste
1138 3394 1282 3448 enim
1314 3402 1398 3449 est
1428 3393 1621 3455 melior
1656 3386 1965 3451 intellectus
1992 3396 2093 3451 ho-

506 3473 628 3542 rum
667 3472 978 3552 verborum,
1024 3492 1085 3539 ut
1112 3500 1238 3556 cum
1266 3474 1509 3551 dixisset,
1554 3485 1785 3555 regnavit
1819 3501 1993 3554 mors,
2045 3495 2096 3539 et

434 3558 448 3639 γ’
509 3575 567 3629 in
594 3590 683 3629 eos
712 3574 803 3646 qui
829 3590 936 3629 non
951 3584 1313 3652 peccaverunt,
1337 3568 1496 3647 quasi
1519 3590 1619 3633 nos
1635 3585 1897 3641 m0Vet‘et,
1927 3591 2096 3647 quare

508 3664 567 3724 in
594 3679 691 3721 eos
720 3663 1053 3741 regnaverit.
1080 3665 1173 3736 qui
1200 3680 1318 3720 non
1355 3669 1734 3737 peccaverunt,
1780 3666 2004 3747 adderet
2040 3668 2096 3720 in

506 3758 907 3829 similitudinem
925 3760 1375 3831 prma'ricationis
1392 3752 1542 3826 Adte,
1568 3760 1625 3816 id
1642 3769 1747 3826 est,
1772 3761 2111 3833 quiadnerat.
2146 3758 2149 3760 ’

509 3854 566 3919 iu
617 3846 809 3909 eorum
841 3853 1103 3909 membris
1125 3838 1424 3910 similitudo
1459 3855 1921 3925 praevaricationis
1942 3853 2091 3917 Adae.

508 3928 784 4017 Ροιθειόξ
802 3943 884 3998 sic
897 3943 1149 4023 intelligi,
1176 3936 1409 4016 regnauit
1428 3961 1578 4008 mors
1606 3946 1671 3999 ab
1714 3946 1889 4005 Adam
1931 3951 2098 4018 usque

510 4036 582 4091 ad
603 4034 847 4107 Moysen,
868 4045 925 4091 et
941 4036 999 4089 in
1015 4036 1106 4091 eos
1131 4038 1221 4107 qui
1240 4048 1703 4109 nonpeccaoerunt
1726 4040 1783 4093 in
1793 4037 2100 4111 similitudi—
2128 4039 2134 4045 “

512 4142 631 4181 nem
658 4114 1104 4197 prteuaricatianis
1151 4125 1304 4193 Adte,
1328 4127 1457 4197 quia
1498 4127 1556 4182 in
1580 4126 1811 4198 ‘seipsis,
1838 4143 1963 4183 cum
1984 4126 2099 4196 iam

510 4217 625 4275 uati
655 4212 982 4285 essent,nec
999 4203 1211 4282 ratioiie
1236 4212 1849 4289 adhucuttirentur,qua
1873 4216 1964 4273 ille
1982 4224 2097 4271 nte-‘-

476 4334 481 4338 -
512 4308 676 4365 batur
699 4307 915 4376 quando
940 4307 1202 4376 peccavit,
1253 4314 1360 4364 nec"
1398 4314 1745 4381 pmceptum‘
1761 4306 2101 4377 accepissent

511 4403 656 4472 quod
684 4402 775 4457 ille
797 4408 1166 4472 transgressus
1197 4408 1302 4467 est,
1334 4400 1429 4457 sed
1449 4401 1564 4457 solo
1583 4401 1830 4473 originali
1859 4402 1993 4471 vitio
2019 4400 2099 4456 te—

511 4484 773 4549 nerentur
813 4492 1080 4584 obstricti,
1106 4505 1205 4584 per
1223 4490 1738 4584 quod-eos‘re‘guum
1754 4482 1971 4584 mortis
1983 4501 2095 4584 tra-
2118 4525 2173 4584 Β

510 4583 666 4643 heret
692 4581 761 4636 ad
790 4581 1317 4645 condemnationem.
1355 4580 1511 4648 Quod
1558 4582 1783 4651 regnum
1818 4582 2009 4646 mortis
2036 4582 2107 4650 in.

515 4675 599 4730 eis
624 4682 835 4728 tantum
862 4687 971 4727 non
1000 4679 1085 4726 est
1110 4671 1204 4740 qui
1241 4670 1445 4726 Christi
1484 4671 1659 4743 gratia
1686 4670 1861 4736 renati
1886 4670 1955 4726 ad
1983 4671 2099 4741 ejus

510 4746 787 4835 pertinent
819 4774 1072 4831 regnum,
1099 4761 1354 4830 quoniam
1379 4775 1527 4815 mors
1554 4761 1881 4839 temporalis,
1908 4760 2101 4830 quam;

510 4854 598 4911 vis
623 4864 680 4910 et
708 4854 826 4925 ipsa
857 4854 924 4910 de
948 4853 1217 4924 originali
1243 4852 1439 4923 delicto
1465 4862 1759 4924 propagata
1784 4854 1874 4920 sit,
1899 4868 2100 4922 corpus

432 5001 436 5005 ,
513 4944 568 5000 in
596 4946 679 5001 eis
697 4945 993 5025 interemit,
1024 4945 1271 5001 animam
1285 4959 1418 5001 vero
1447 4944 1515 4999 ad
1554 4958 1746 5015 poenas
1771 4959 1879 5005 non
1907 4946 2109 5001 trahit.-

515 5032 619 5091 llbi
662 5034 835 5091 voluit
862 5048 1086 5106 regnum
1124 5036 1318 5099 mortis
1342 5032 1596 5104 intelligi,
1628 5044 1688 5091 ut
1717 5035 1898 5111 anima
1938 5051 2097 5093 reno-

480 5118 483 5121 λ
514 5120 638 5183 veta
688 5142 785 5199 per
815 5128 1045 5199 gratiam
1067 5126 1181 5197 iam
1209 5141 1318 5182 non
1345 5128 1609 5203 moriatur
1637 5127 1692 5182 in
1720 5128 2002 5197 'gehenna,
2038 5129 2095 5184 id

513 5231 620 5285 est,
646 5220 820 5281 avita
840 5219 936 5274 Dei
959 5225 1066 5274 non
1086 5219 1377 5283 alienatur,
1395 5232 1519 5273 non
1541 5225 1857 5289 separetur;
1890 5212 2094 5289 tempo-

518 5308 650 5375 I‘ali's
670 5320 853 5387 autem
871 5316 1019 5375 mors
1030 5310 1199 5368 etiam
1228 5312 1283 5367 in
1319 5312 1406 5366 his
1430 5312 1523 5382 qui
1565 5310 1767 5367 Christi
1804 5318 1979 5365 morte
2002 5312 2094 5390 re-

516 5400 815 5469 dimuntur,
838 5401 1177 5474 relinquatur
1196 5401 1421 5458 interim
1446 5402 1514 5458 ad
1551 5402 1990 5479 exercitationem
2030 5403 2094 5456 ll-

519 5488 629 5562 dei,
654 5482 713 5549 et
741 5480 968 5573 agonem
991 5496 1274 5565 praemis
1294 5491 1620 5564 luctaminis,
1648 5498 1843 5564 inquo
1861 5504 1918 5551 et
1942 5510 2091 5551 mar-

518 5591 668 5658 tyres
693 5593 1059 5657 certaverunt.
1090 5584 1418 5642 Assumatur
1459 5600 1591 5645 vero
1626 5598 1683 5644 et
1714 5588 1827 5659 ipsa
1855 5588 1911 5641 in
1937 5601 2094 5654 reno-
2127 5623 2136 5633 -

520 5678 737 5735 vatione
782 5678 1047 5749 corporis,
1097 5668 1263 5747 quam
1309 5680 1637 5735 resurrectio
1661 5679 1967 5750 pollicetur.
2015 5677 2093 5733 lbi

521 5760 667 5827 enim
693 5770 909 5831 uenitus
960 5766 1335 5827 absorbebitur
1378 5784 1527 5835 mors
1563 5768 1622 5825 in
2005 5766 2092 5825 cui

2211 565 2422 647 animas
2492 568 2561 622 ad
2615 572 2831 637 pmnas’
2862 570 3054 624 tartari
3104 571 3407 647 pertrahat.
3460 569 3614 639 Quod
3667 585 3800 627 vero

2209 646 2455 723 adiunxit
2505 658 2573 714 de
2635 659 2829 725 Adam,
2902 660 2991 731 qui
3039 649 3371 716 est-forma
3434 659 3621 716 futuri.
3684 660 3799 717 Ne-

2209 763 2315 817 que
2362 748 2467 802 hoc
2515 764 2625 803 uno
2674 751 2835 807 modo
2882 751 3218 823 intelligitur.
3249 752 3359 806 Aut
3405 753 3553 809 enim
3617 753 3801 810 forma

2207 839 2409 895 Christi
2440 844 2765 899 econtrario
2792 853 2899 908 est,
2930 853 2989 899 ut
3012 845 3469 916 quemadmodum
3498 846 3551 900 in
3575 845 3664 901 illo
3683 862 3802 901 om-

2207 935 2305 986 n'es
2326 932 2652 1000 moriuntur,
2677 935 2755 991 sic
2777 943 2834 991 et
2867 936 2921 989 in
2948 935 3165 992 Christo
3201 951 3393 992 omnes
3416 936 3799 1003 viviﬁcentur;

2206 1030 2261 1077 et
2311 1025 2583 1093 quomodo
2632 1041 2731 1096 per
2783 1026 2952 1097 ipsius
3003 1028 3427 1083 inobcdientiam
3480 1038 3802 1097 peccatores

2207 1116 2491 1187 constituti
2512 1126 2652 1186 sunt
2678 1117 2857 1183 multi,
2878 1119 2957 1172 sic
2977 1134 3075 1189 per
3100 1118 3304 1173 Christi
3322 1119 3801 1190 obedientiamju-

2206 1208 2276 1262 sti
2316 1209 2721 1263 constituantur
2777 1210 2949 1263 multi.
3017 1209 3126 1263 Aut
3177 1210 3403 1281 formam
3453 1209 3620 1265 futuri
3670 1227 3800 1266 eum

2184 1297 2360 1363 dixit,
2386 1298 2533 1366 quod
2581 1298 2696 1367 ipse
2737 1298 2993 1356 indixerit
3037 1299 3269 1355 formam
3310 1301 3504 1357 mortis
3561 1304 3800 1371 posteris

2204 1379 2339 1441 suis.
2366 1386 2461 1442 llle
2488 1396 2668 1442 tamen
2694 1397 2777 1444 est
2811 1389 3349 1460 melior-intellectus,
3382 1403 3443 1446 ut
3462 1406 3494 1446 e
3515 1393 3799 1446 contrario

2202 1475 2376 1557 forma
2397 1493 2519 1533 esse
2538 1480 2811 1544 credatur,
2838 1495 3002 1549 quam
3023 1481 3251 1536 multum
3273 1482 3625 1547 commendat
3653 1484 3797 1553 Apo—

2204 1568 2395 1623 stolus.
2420 1569 2662 1640 Denique
2686 1586 2758 1626 ne
2799 1558 3022 1627 omnino
3056 1588 3123 1628 ex
3173 1587 3329 1643 aequo
3376 1574 3435 1644 in
3480 1558 3585 1629 hac
3617 1574 3799 1629 forms

2202 1660 2392 1717 eadem
2417 1663 2687 1727 contraria
2708 1672 3081 1731 pensarentur,
3109 1664 3372 1735 adjungit,
3396 1673 3455 1719 et
3482 1666 3615 1719 dicit
3648 1684 3663 1719 :
3692 1665 3797 1720 Sed

2203 1764 2308 1805 non
2326 1751 2469 1805 sicut
2515 1750 2763 1816 delictum
2812 1753 2887 1806 ita
2930 1744 2979 1807 et
3015 1753 3251 1807 donatio.
3287 1751 3347 1809 Si
3372 1755 3511 1808 enim
3542 1754 3606 1807 ob
3636 1755 3797 1808 unius

2130 1829 2174 1888 Β
2201 1838 2449 1922 delictum
2484 1838 2639 1905 multi
2674 1851 2868 1895 mortui
2896 1855 3040 1907 sunt,
3067 1842 3233 1897 multo
3268 1830 3638 1914 gratia
3675 1843 3795 1907 Dei,

2196 1938 2250 1983 et
2291 1932 2510 1996 donum,
2552 1932 2609 1985 in
2650 1933 2822 2001 gratia
2866 1933 3021 1987 unius
3048 1934 3274 1988 hominis
3326 1932 3459 1988 Iesu
3510 1933 3715 1988 Christi
3743 1936 3798 1987 in

2199 2021 2392 2075 multos
2414 2015 2725 2089 abundabit,
2751 2034 2810 2078 ut
2840 2025 3170 2096 intelligatur
3196 2019 3304 2080 nun
3333 2027 3433 2081 bos
3454 2024 3635 2096 inagis
3659 2024 3799 2079 mul-

2201 2120 2306 2179 tos,
2348 2128 2471 2166 cum
2500 2114 2671 2184 iniqui
2696 2116 2865 2186 magis
2894 2115 3050 2170 multi
3075 2116 3206 2181 sint,
3235 2118 3327 2186 qui
3350 2103 3794 2191 damnabantur;

2201 2202 2300 2257 sed
2330 2205 2505 2273 magis
2526 2204 2843 2271 abundavit,
2868 2207 2998 2275 quia
3024 2203 3078 2260 in
3124 2207 3209 2267 his
3257 2208 3349 2284 qui
3386 2221 3484 2276 per
3512 2207 3795 2263 Christum

2202 2293 2547 2349 redimuntur
2561 2298 2930 2365 temporaliter
2942 2298 3085 2362 valet
3098 2296 3272 2357 forma
3300 2301 3493 2358 mortis
3519 2316 3585 2355 ex
3599 2302 3793 2367 Adam,

2172 2440 2175 2441 ν
2201 2384 2257 2438 in
2281 2397 2545 2442 aeternum
2571 2398 2753 2444 autem
2786 2388 2987 2445 valebit
3019 2390 3143 2445 vita:
3169 2390 3355 2446 forma
3364 2397 3463 2462 per
3486 2386 3791 2473 Christum;

2201 2478 2459 2543 Quamvis
2484 2494 2636 2548 ergo,
2676 2478 2870 2553 inquit,
2895 2479 3067 2535 Adam
3094 2480 3263 2537 futuri
3282 2482 3460 2538 forma
3480 2486 3571 2549 sit,
3605 2501 3638 2541 e
3665 2486 3796 2541 con-

2201 2569 2375 2625 trario’
2425 2570 2545 2639 plus
2578 2568 2781 2627 tamen
2836 2583 3060 2644 praeut
3126 2570 3375 2631 Christus
3432 2583 3789 2649 regenentis,

2199 2677 2362 2733 quam
2419 2662 2472 2715 in
2527 2663 2607 2719 eis
2658 2676 2911 2737 nocuerat
2950 2665 3039 2720 ille
3069 2669 3362 2735 generatis.
3392 2668 3597 2742 (θήῃ.)
3626 2672 3793 2744 igitur

2199 2760 2347 2809 mors
2370 2754 2577 2823 peccati
2606 2757 2853 2825 regnavit
2874 2755 2941 2811 ab
2964 2746 3140 2811 Adam
3163 2773 3332 2833 usque
3359 2760 3428 2814 ad
3462 2760 3707 2831 Moysen,
3738 2762 3791 2816 id

2198 2852 2303 2911 est,
2335 2849 2510 2927 usque
2533 2848 2602 2902 ad
2634 2833 2926 2927 adventum
2976 2848 3200 2908 Christi.
3250 2848 3462 2920 Moyses
3508 2855 3660 2906 enim
3704 2852 3787 2909 lex

2199 2925 2521 3009 appellatur,
2535 2946 2596 2993 .et
2614 2939 2725 3005 lex,
2749 2925 2891 2995 sicut
2916 2941 3176 3010 scriptum
3198 2951 3298 3008 est,
3332 2927 3505 3013 usque
3525 2945 3601 3000 ad
3628 2943 3789 2999 Joan—

2198 3030 2285 3085 nis
2306 3031 2633 3099 baptismum
2662 3031 2851 3086 habuit
2878 3030 3073 3087 locum'
3100 3048 3168 3088 ex
3195 3049 3302 3104 quo
3319 3035 3492 3104 cmpit
3508 3033 3671 3097 Iesus
3707 3020 3787 3089 ne-

2199 3137 2363 3193 gnum
2402 3122 2499 3178 Dei
2534 3111 2847 3202 praedicare.
2877 3118 2943 3178 Si
2959 3139 3105 3187 vero,
3132 3116 3195 3179 ut
3227 3125 3282 3179 in
3304 3108 3585 3182 nonnullis
3606 3120 3785 3182 eretu-

2198 3214 2439 3285 plarilius
2470 3214 2720 3282 habetur,
2746 3215 2909 3272 etiam
2938 3215 2996 3274 in
3033 3232 3128 3273 eos
3154 3218 3247 3288 qui
3274 3208 3398 3273 non
3420 3230 3785 3290 peccaverunt

2199 3305 2255 3369 in
2286 3304 2691 3361 similitudinem
2745 3308 3212 3375 praevaricationis
3248 3310 3401 3374 Adae,
3471 3316 3781 3376 morsista,

2197 3380 2378 3463 idest,
2419 3411 2541 3467 qua:
2594 3396 2666 3475 in.
2703 3383 2923 3452 infern'o‘
2969 3399 3185 3475 animas
3206 3400 3493 3465 detinebit,
3526 3418 3784 3472 regnasse

2197 3472 2859 3557 dicatur,_intelligimus,
2906 3498 2960 3546 et
2991 3472 3207 3551 sanctos
3252 3498 3499 3561 qumque
3527 3496 3632 3559 sub
3684 3496 3787 3549 ista

2198 3587 2374 3633 morte
2396 3578 2614 3632 etiamsi
2643 3592 2752 3633 non
2777 3578 3060 3649 peccandi,
3088 3589 3143 3635 at
3182 3566 3331 3638 certe
3365 3584 3647 3639 moriendi
3672 3585 3787 3656 lege

2198 3667 2463 3742 decidisse
2479 3684 2492 3721 :
2510 3666 2784 3726 Christum
2809 3685 2937 3727 vero
2963 3670 3167 3727 idcirco
3184 3672 3236 3726 in
3262 3672 3788 3741 utiernumdescen-

2198 3759 2363 3825 disse,
2392 3773 2502 3814 non
2525 3757 2698 3814 solum
2724 3768 2785 3813 ut
2815 3760 2930 3828 ipse
2947 3775 3053 3816 non
3080 3768 3359 3817 teneretur
3386 3777 3420 3816 ι
3445 3775 3655 3830 morte,
3690 3766 3789 3820 sed

2197 3858 2261 3906 ut
2285 3868 2380 3928 eos
2421 3855 2515 3925 qui
2548 3853 2683 3910 inibi
2729 3870 2838 3910 non
2885 3864 2993 3908 tam
3021 3848 3517 3931 pmvaricaqus,
3544 3867 3606 3912 ut
3650 3859 3790 3912 dixi-

2197 3959 2340 4009 mus,
2377 3945 2625 4009 crimine,
2650 3946 3109 4026 quam’morieudi
3146 3946 3459 4026 conditione
3506 3948 3785 4002 habelrtn-

2199 4032 2310 4101 tur,
2338 4034 2871 4101 abstraherethicut
2899 4038 3164 4113 scriptum
3185 4045 3290 4103 est,
3314 4039 3441 4116 quia
3469 4039 3637 4092 multa
3662 4056 3785 4093 cor-

2198 4142 2328 4198 pora
2353 4126 2723 4190 dormientium
2750 4136 3050 4182 sanctorum
3075 4137 3473 4181 resumerent
3503 4142 3623 4181 cum
3664 4128 3783 4200 illo,

2198 4223 2251 4269 et
2271 4204 2646 4285 ingressi-sunt
2666 4214 2734 4267 in
2759 4223 2993 4268 sanctam
3024 4215 3297 4269 civitatem
3324 4208 3542 4285 (Haut.
3585 4218 3783 4285 xxvii),

2199 4304 2255 4360 in
2282 4320 2391 4375 quo
2407 4313 2464 4370 et
2487 4307 2765 4376 prophetat
2797 4306 2963 4361 dicta'
2984 4306 3342 4376 coinplentur,
3374 4307 3572 4375 quibus
3608 4308 3688 4362 ait
3716 4310 3784 4361 de

2199 4396 2417 4452 Christo
2444 4413 2459 4453 :
2482 4392 2795 4473 -Asce'ndens
2822 4397 3076 4452 inultum
3100 4398 3360 4471 captivam
3382 4397 3539 4451 duxit
3563 4400 3783 4467 captis-i-

2200 4496 2358 4540 tatem
2388 4483 2561 4558 (Psal.
2584 4486 2754 4557 van)
2775 4503 2804 4561 ς,
2814 4496 2874 4542 et
2902 4488 3006 4543 hoc
3032 4489 3193 4548 modo
3208 4503 3307 4559 per
3324 4490 3781 4554 resurrectionem

2192 4574 2349 4633 suam
2396 4578 2588 4643 mortis
2617 4574 2834 4651 quidem
2858 4577 2973 4646 jam
3020 4593 3188 4648 regna
3214 4578 3505 4636 destruxit.
3540 4582 3692 4639 Unde
3723 4593 3782 4640 et

2196 4666 2567 4737 captivitatem
2596 4653 2859 4727 scribitur
2887 4669 3164 4735 liberasse,
3204 4668 3556 4740 ipsumveno
3601 4674 3779 4728 inimi-

2164 4774 2321 4829 cum
2366 4767 2436 4814 et
2489 4767 2817 4829 tyrannum;
2857 4758 3007 4827 cujus
3062 4774 3228 4836 regna
3289 4760 3555 4825 dissolvit,
3630 4765 3772 4823 audi.

2196 4852 2413 4919 quando
2430 4849 2579 4905 dicat
2591 4846 2879 4928 ApQStolus
2892 4838 3299 4916 destruendum.
3318 4850 3674 4917 Nouissimas,
3696 4855 3779 4907 in-

2200 4946 2341 5014 quit,
2366 4932 2609 4997 inimicus
2654 4940 2949 4997 destruetur
2969 4959 3108 5001 mors
3154 4942 3207 5015 (Ι
3236 4928 3498 5015 σονξιν).
3532 4945 3776 5015 Regnum

2198 5028 2331 5090 vero
2367 5033 2483 5104 jam
2521 5020 2718 5094 mortis
2745 5024 3102 5097 destructum,
3129 5024 3504 5104 etg‘captivitas
3532 5052 3655 5106 quae
3678 5038 3776 5093 sub

2198 5116 2273 5186 ea
2299 5128 2603 5195 tenebatur,
2627 5128 2853 5198 abducta
2892 5136 3004 5183 est.
3024 5127 3131 5183 Sed
3153 5129 3280 5199 quia
3300 5122 3699 5201 inimicus
3719 5139 3773 5185 et

2197 5231 2457 5294 tyrannus
2504 5220 2682 5276 adhuc
2714 5222 2767 5275 in
2809 5220 3105 5295 novissimo
3135 5228 3193 5276 et
3229 5222 3292 5276 in
3331 5221 3655 5279 ﬁne‘szculi
3685 5223 3772 5277 de-

2195 5312 2484 5379 struendus
2512 5318 2617 5375 est,
2644 5310 2844 5366 idcirco
2866 5311 3031 5366 etiam
3051 5325 3196 5376 nunc
3221 5311 3465 5367 videmus
3495 5326 3623 5367 eum
3668 5328 3768 5368 non

2195 5412 2307 5467 tam
2346 5416 2574 5473 regnare
2612 5416 2777 5469 quam
2822 5400 3157 5466 latrocinari,
3189 5401 3560 5472 etdepulsum
3607 5420 3768 5473 regno

2165 5508 2169 5512 ‘
2194 5505 2301 5562 per.
2314 5491 2530 5547 deserta
2556 5498 2612 5545 et
2637 5492 2754 5545 avia
2783 5490 3208 5555 circumeuntem
3232 5492 3474 5561 quaerere
3508 5492 3611 5548 sibi
3647 5494 3771 5550 ina-

2195 5584 2394 5639 delium
2434 5597 2675 5669 manum,
2705 5591 2763 5638 et
2799 5582 2927 5659 ideo
2954 5573 3225 5639 clamabat
3256 5566 3549 5652 Apostolus
3598 5602 3611 5639 :
3649 5586 3766 5649 Non

2195 5692 2317 5747 ergo
2345 5671 2521 5746 regnet
2546 5678 2815 5745 peccatum
2858 5676 2913 5729 in
2958 5686 3124 5730 vestro
3170 5677 3382 5746 mortali
3410 5694 3651 5748 corpore
3699 5679 3767 5733 ad
3794 5728 3797 5729 ν

2196 5757 2537 5821 obedientium
2558 5765 2831 5820 desideriis
2861 5766 2973 5836 ejus
2988 5765 3160 5837 (Rom.
3186 5765 3286 5837 vr).
3304 5765 3504 5822 Verum
3525 5770 3627 5831 nos
3644 5785 3740 5824 ραι
