3960 6342
173 410 320 465 1385

712 410 1256 467 ENARRATIONUM
1298 410 1362 463 IN
1402 410 1548 501 EDP.
1594 408 1793 463 PAULI
1835 407 1958 460 LIB.
1992 407 2073 460 ΙΙΙ.
2114 437 2182 447 -
2218 407 2281 459 IN
2330 406 2545 462 EPIST.
2589 410 2678 461 Al)
2717 407 2881 463 llOM.

3278 407 3415 464 1586

172 523 312 579 tenti
341 500 723 594 perstrinxisse
750 524 937 592 paucis
969 538 1031 578 ea
1058 540 1176 592 qua:
1202 500 1488 592 Apostolus
1534 522 1746 575 obtecta
1782 526 1820 581 Α
1853 520 2132 573 Manifestc
2186 520 2452 573 diversum
2506 533 2621 586 est,
2686 523 2806 590 quia
2865 537 2970 575 uno
3020 523 3146 579 Adm
3200 539 3419 593 peccato

174 630 301 671 esse
333 613 526 677 voluit,
545 604 825 683 sequentia
853 616 1207 683 requiramus.
1231 613 1445 667 Addidit
1469 625 1587 681 post
1620 614 1751 675 lucc,

175 706 269 775 qui
316 711 390 757 est
422 702 593 770 {arma
634 702 818 771 futuri.
848 704 1001 770 Quod
1031 704 1247 773 quidem
1281 703 1583 773 ambiguum
1625 701 1756 755 mihi

176 793 391 848 videtur
438 800 616 846 utrum
666 807 821 849 exeo
874 802 1113 862 tempore
1177 808 1283 863 quo
1335 794 1447 848 lucc
1490 793 1759 847 scribebat

177 881 477 953 Apostolus
502 882 672 937 Adam
701 883 867 939 futuri
906 884 1076 937 forma
1107 884 1324 945 dicilur,
1373 885 1510 952 quod
1538 892 1621 938 est
1663 899 1762 937 sze-

179 972 291 1026 culi
312 973 556 1037 venturi;
585 988 652 1027 an
692 989 723 1029 a
752 974 1062 1041 semetipso,
1088 974 1141 1027 id
1163 983 1263 1037 cst,
1289 975 1353 1027 ab
1379 974 1546 1027 Adam
1574 973 1759 1037 futuri,

179 1072 244 1117 ut
282 1064 333 1118 in
356 1064 573 1121 Christo
597 1065 918 1133 accipiatur,
944 1063 1086 1133 quod
1120 1072 1328 1134 tempus
1376 1064 1626 1134 Apostolo
1652 1065 1767 1118 haec

182 1156 445 1211 scribenti
486 1154 720 1208 futurum
760 1170 866 1209 non
898 1167 1034 1220 erat,
1073 1158 1163 1210 se!
1188 1156 1533 1225 pneteritum.
1570 1157 1767 1223 Quam-

179 1245 269 1299 vis
296 1252 351 1298 et
383 1244 436 1299 in
466 1243 571 1298 alio
602 1245 737 1308 loco,
770 1260 891 1299 cum
921 1245 986 1299 de
1020 1245 1187 1299 Adam
1220 1256 1275 1299 et
1302 1246 1411 1299 Eva
1439 1246 1765 1314 loqueretur,

182 1334 329 1389 idem
356 1333 643 1401 Apostolus
682 1334 879 1388 dixerit
912 1348 925 1387 :
955 1333 1012 1387 Μ
1016 1335 1258 1403 ystcrium
1284 1336 1379 1387 hoc
1401 1350 1644 1404 magnum
1670 1342 1767 1397 est,

182 1442 281 1495 ego
302 1434 476 1477 autem
504 1424 622 1477 dico
650 1424 705 1478 in
737 1422 944 1478 Christo
984 1433 1031 1477 et
1073 1426 1127 1476 in
1154 1424 1387 1478 Ecclesia
1416 1426 1431 1494 (
1458 1422 1648 1494 Ephes.
1690 1424 1767 1493 v),

184 1530 297 1584 quo
334 1511 546 1567 videtur
594 1515 697 1567 hoc
725 1516 896 1581 magis
946 1515 1100 1569 nobis
1148 1515 1217 1568 ad
1251 1515 1649 1584 intelligendum
1686 1512 1775 1568 de-

186 1602 358 1665 disse,
396 1603 539 1671 quod
579 1601 752 1655 forma
778 1602 940 1655 futuri
965 1602 1182 1657 dicatur
1213 1603 1385 1657 Adam
1417 1605 1469 1656 in
1521 1617 1587 1657 eo
1633 1601 1772 1672 quod

185 1693 409 1747 advenit
452 1691 703 1747 Christus
747 1694 814 1746 ad
844 1693 1139 1747 Ecclesium
1172 1693 1271 1747 sibi
1302 1694 1607 1747 sociandam
1639 1707 1652 1745 :
1686 1708 1776 1748 ne-

188 1782 308 1838 scio
343 1797 475 1836 sane
514 1782 784 1851 quomodo
830 1783 952 1852 quis
992 1784 1163 1851 possit
1196 1791 1251 1836 et
1282 1783 1775 1851 prmv'aricationcm

1857 611 2193 665 condemnati
2237 619 2397 675 sunt,
2445 612 2533 680 qui
2579 614 2631 667 in
2666 614 3066 669 similitudinem
3105 617 3421 685 praevarica-

1862 704 2023 757 tionis
2052 705 2168 771 ejus
2202 713 2560 772 peccaverunt
2602 722 2614 755 :
2648 705 2817 773 gratia
2849 720 2978 759 vero
3018 706 3110 759 Dei
3149 721 3243 774 per
3264 706 3419 761 Chri—

1860 804 1999 849 stum
2036 775 2149 847 non.
2172 810 2237 847 ex
2268 809 2374 846 uno
2411 794 2635 859 delicto,
2670 796 2760 848 sed
2796 811 2858 849 ex
2900 796 3083 849 multis
3110 795 3425 866 justilicavit

1862 883 2136 943 homines,
2169 882 2342 936 dando
2378 881 2480 935 illis
2513 884 2879 938 remissionem
2914 895 3277 954 peccatorum.
3314 886 3426 941 Hoc

1863 974 1927 1026 ad
1967 971 2419 1039 magniﬁcentiam
2460 974 2672 1042 pietatis
2709 974 2797 1026 Dei
2838 986 2890 1029 et
2928 976 3127 1031 Christi
3172 978 3421 1048 loquitur,

1863 1070 1925 1115 ut
1948 1078 2069 1115 cum
2101 1062 2295 1115 delicto
2331 1060 2460 1115 Adae
2498 1061 2646 1114 multi
2677 1070 2923 1117 tenentur
2947 1080 2973 1117 a
3002 1076 3170 1121 morte
3196 1069 3426 1122 secunda

1867 1150 2165 1204 in-inl‘erno
2201 1150 2474 1215 inferiori;
2508 1150 2707 1205 donum
2747 1161 2919 1206 tamen
2946 1156 3129 1223 gratiae
3155 1157 3269 1221 Dei,
3306 1174 3425 1212 cum

1862 1240 2065 1309 justum
2102 1248 2242 1293 esset
2287 1240 2447 1309 plecti
2490 1240 2637 1303 illos,
2682 1256 2785 1294 non
2833 1242 3001 1296 solum
3049 1245 3273 1312 ignoscit
3304 1247 3428 1308 illis,

1869 1328 1963 1382 sed
1992 1326 2273 1396 iustiﬁcat.
2311 1329 2491 1398 (Aug)
2532 1330 2723 1385 Dicant
2752 1332 3011 1396 haeretici,
3064 1336 3327 1402 quomodo
3366 1352 3432 1390 ex

1871 1434 1978 1473 uno
2006 1418 2200 1472 delicto
2226 1418 2279 1499 in
2313 1420 2835 1487 condemnationem,
2868 1424 2969 1476 nisi
2998 1425 3122 1491 quia
3149 1424 3342 1479 sullicit
3367 1426 3434 1479 ad

1872 1511 2373 1567 condemnationem
2416 1512 2577 1563 etiam
2627 1528 2787 1566 animi
2829 1513 3089 1583 originale
3135 1528 3433 1585 peccatum,

1873 1601 2017 1671 quod
2055 1602 2110 1655 in
2162 1615 2351 1655 omnes
2390 1600 2635 1655 homines
2686 1605 3013 1671 pertransiit.
3052 1605 3234 1661 Gratia
3285 1623 3435 1672 vero,

1876 1678 1996 1748 ideo
2024 1708 2093 1747 ex
2121 1691 2302 1745 multis
2346 1692 2554 1746 delictis
2585 1694 2638 1747 in
2671 1692 3130 1762 justiﬁeationcm,
3170 1701 3292 1767 quia
3335 1717 3439 1754 non

1878 1782 2049 1837 solum
2070 1796 2235 1835 unum
2269 1780 2397 1834 illud
2430 1782 2591 1836 solvit
2617 1768 2757 1852 quod
2813 1786 3146 1855 originaliter
3190 1790 3440 1854 trahitur,

186 1875 328 1943 ejus,
348 1884 416 1929 'et
439 1884 743 1945 peccatum,
773 1884 826 1929 et
858 1875 959 1929 hoc
992 1875 1135 1943 quod
1184 1889 1330 1929 mors
1367 1890 1463 1943 per
1496 1874 1668 1942 ipsum
1718 1874 1771 1927 in
1803 1882 1850 1941 Β
1880 1872 1974 1925 sed
2012 1872 2176 1925 etiam
2207 1877 2421 1935 cetera,
2455 1887 2572 1940 quae
2596 1873 2647 1925 in
2672 1890 2777 1928 uno
2809 1891 3019 1946 quoque
3054 1879 3267 1952 homine
3296 1889 3441 1935 motu

188 1982 384 2022 omnes
405 1967 652 2021 homines
671 1965 983 2035 pertransiit
1008 1966 1061 2019 in
1085 1966 1255 2020 forma
1280 1965 1481 2020 Christi
1512 1966 1772 2035 coaptari,

188 2072 262 2113 ne
289 2055 429 2111 forte
453 2065 506 2109 et
524 2056 835 2119 contrariis,
860 2064 917 2109 ut
943 2056 1083 2110 idem
1125 2056 1412 2125 Apostolus
1450 2056 1501 2109 in
1530 2056 1775 2125 superio-

190 2148 345 2202 ribus
366 2146 607 2217 exponit,
631 2161 754 2200 cum
781 2147 931 2213 dicit,
959 2147 1092 2201 sicut
1118 2147 1253 2200 enim
1294 2164 1385 2216 per
1427 2164 1585 2201 unum
1615 2147 1780 2200 homi-

192 2256 313 2294 nem
334 2254 496 2302 mors,
529 2239 604 2291 ita
627 2248 673 2291 et
697 2230 788 2308 per
811 2255 972 2291 unum
1005 2240 1316 2293 resurrectio
1343 2249 1699 2302 mortuorum;
1726 2246 1781 2292 et

192 2330 415 2394 iterum,
429 2332 560 2384 sicut
585 2332 722 2384 enim
736 2347 826 2401 per
845 2330 1245 2385 inobedientiam
1261 2333 1416 2385 unius
1430 2332 1652 2385 hominis
1668 2348 1780 2399 pec-

193 2432 399 2476 eatores
423 2422 692 2475 constituti
715 2433 834 2475 sunt
863 2421 1039 2488 multi,
1063 2423 1137 2477 ita
1160 2432 1207 2476 et
1242 2438 1334 2493 per
1362 2424 1519 2477 unius
1541 2422 1781 2476 obedien-

193 2512 327 2567 tiam
346 2513 482 2581 justi
536 2516 913 2567 constituentur
954 2514 1126 2568 multi.
1157 2514 1214 2569 Si
1255 2531 1384 2570 vero
1426 2516 1783 2586 intelligamus

194 2602 516 2673 Apostolum
546 2620 576 2657 a
606 2605 720 2659 suis
746 2606 1096 2674 temporibus,
1125 2607 1327 2675 quibus
1370 2606 1483 2660 hrec
1514 2606 1785 2661 scribebat

196 2693 403 2748 dixisse
425 2693 596 2748 Adam
622 2692 785 2747 futuri
805 2708 923 2749 esse
947 2694 1175 2748 formam
1199 2712 1213 2759 ;
1240 2697 1313 2749 ita
1335 2692 1507 2765 magis
1529 2695 1785 2765 intelligi-

196 2793 311 2851 tur,
327 2784 470 2853 quod
495 2784 635 2839 sicut
652 2784 703 2837 in
731 2785 829 2839 hoc
853 2786 1051 2839 saeculo
1072 2801 1219 2839 mors
1244 2786 1487 2856 regnavit
1508 2802 1603 2856 per
1622 2800 1784 2841 unum

195 2875 395 2938 Adam,
416 2884 470 2929 et
486 2874 713 2929 mortale
736 2874 985 2929 ell'c'ctum
1006 2885 1088 2929 est
1116 2892 1273 2930 omne
1295 2877 1568 2930 hominum
1597 2891 1782 2944 genus,

202 2967 284 3020 ita
311 2976 365 3021 et
390 2966 441 3019 in
480 2965 662 3020 futuro
690 2965 883 3020 sazculo
930 2967 1041 3020 vita
1082 2968 1327 3037 regnabit
1372 2983 1467 3037 per
1492 2968 1783 3031 Christum,

204 3066 265 3111 et
290 3055 695 3110 immortalitate
723 3056 1010 3111 donabitur
1047 3072 1207 3111 omne
1234 3058 1506 3111 hominum
1539 3071 1725 3124 genus.

277 3144 381 3200 Sed
430 3163 533 3200 non
591 3147 723 3200 sicut
773 3142 1038 3209 delictum,
1075 3148 1148 3199 ita
1202 3156 1256 3221 et
1299 3147 1517 3199 donum.
1555 3145 1789 3217 (Ambr.)

1878 1962 2108 2029 propria:
2142 1960 2434 2017 voluntatis
2468 1964 2753 2018 adduntur.
2796 1966 2853 2019 Si
2887 1968 3029 2020 enim
3054 1970 3123 2023 ob
3156 1970 3314 2024 unius
3346 1970 3441 2026 de-

1881 2058 2066 2112 lictum
2110 2072 2254 2112 mors
2301 2059 2544 2125 regnavit
2574 2073 2669 2127 per
2702 2075 2888 2125 unum,
2932 2062 3098 2121 multo
3133 2065 3299 2133 magis
3321 2065 3445 2133 quia

1881 2148 2265 2203 abundantiam
2293 2150 2479 2217 gratia:
2505 2158 2560 2202 et
2577 2150 2803 2217 iustitia:
2824 2152 3112 2221 accipiunt,
3142 2153 3196 2206 in
3222 2154 3327 2207 vita
3358 2170 3445 2209 rc~

1880 2240 2122 2308 gnabunt
2163 2254 2263 2309 per
2291 2240 2455 2293 unum
2502 2240 2681 2294 Jesum
2726 2241 3017 2298 Christum.
3048 2242 3109 2298 Si
3130 2245 3266 2299 enim
3294 2246 3446 2299 unius

1881 2330 2069 2382 delicto
2106 2345 2245 2381 mors
2275 2330 2502 2398 regnavit
2528 2346 2618 2399 per
2648 2332 3011 2399 unumAquo
3035 2332 3229 2387 delicto
3242 2333 3451 2403 parvuli

1881 2435 1979 2488 per
2000 2420 2321 2487 baptismum
2347 2420 2650 2488 expiantur,
2678 2419 2844 2475 multo
2869 2421 3035 2491 magis
3060 2421 3149 2490 qui
3179 2422 3456 2477 abundan-

1886 2512 2012 2565 tiam
2039 2511 2227 2579 gratia:
2253 2519 2307 2564 et
2332 2509 2555 2577 iustitia:
2591 2512 2893 2581 accipiunt,
2928 2512 2981 2565 in
3008 2514 3115 2566 vita
3157 2514 3458 2583 regnahunt

1883 2616 1981 2670 per
2002 2617 2165 2655 unum
2191 2600 2373 2655 Jcsum
2402 2601 2673 2656 Christum
2707 2602 2911 2657 ειιιυιιο
2960 2604 3129 2674 magis
3182 2605 3367 2674 utique
3403 2605 3456 2659 in

1886 2692 1995 2744 vita
2058 2692 2374 2761 regnabunt,
2419 2692 2544 2762 quia
2596 2700 2814 2747 interna:
2880 2693 3003 2747 vitze
3060 2709 3285 2763 regnum
3334 2696 3456 2761 erit,

1887 2797 2033 2836 mors
2091 2790 2273 2836 autem
2328 2783 2379 2836 in
2429 2783 2507 2837 eis
2560 2783 2922 2853 temporaliter
2987 2786 3197 2851 transit,
3242 2801 3347 2840 non
3407 2786 3463 2840 in

1886 2882 2146 2926 aeternum
2181 2873 2449 2927 transibit.
2496 2872 2662 2926 Multo
2714 2874 2878 2943 magis
2922 2874 3299 2929 abundantiam
3342 2891 3460 2946 gra-

1888 2964 1996 3026 tim,
2020 2971 2067 3015 et
2098 2961 2419 3026 donationis,
2443 2974 2489 3015 et
2509 2963 2735 3031 justitite
2780 2965 3119 3034 accipientes,
3169 2968 3222 3018 in
3251 2968 3354 3019 vita
3386 2983 3465 3018 re—

1890 3054 2119 3123 gnubunt
2144 3070 2235 3123 per
2255 3070 2417 3106 unum
2442 3052 2623 3105 Iesum
2645 3052 2930 3107 Christum.
2949 3056 3183 3125 (Anthr.)
3198 3055 3468 3111 Contuen-

1893 3144 2017 3196 dum
2066 3152 2147 3195 est
2191 3158 2354 3195 mmm
2388 3158 2506 3196 esse
2549 3156 2799 3206 sensum,
2838 3155 2893 3213 et
2941 3145 2991 3198 in
3033 3145 3175 3199 nullo
3210 3145 3465 3199 dilferre:

198 3237 434 3305 Propter
471 3238 614 3304 quod
649 3236 794 3291 enim
822 3235 1049 3290 formam
1076 3251 1197 3291 esse
1224 3220 1360 3290 dixit
1387 3237 1547 3290 unius
1585 3234 1789 3289 Christi
1817 3220 1864 3281 C
1898 3242 2124 3287 mortem
2153 3234 2296 3286 enim
2332 3233 2463 3286 dicit
2499 3248 2771 3303 regnasse,
2811 3250 2913 3287 non
2946 3250 3199 3303 regnare;
3232 3236 3353 3304 quia
3378 3236 3468 3305 qui

201 3343 373 3381 unum
392 3326 593 3391 Adam;
619 3341 684 3380 ne
708 3337 761 3380 et
782 3342 999 3381 causam
1020 3327 1143 3381 Adae
1164 3327 1321 3381 talem
1346 3328 1679 3397 signiﬁcasse
1700 3343 1797 3395 pu-

204 3423 435 3479 taretur,
452 3416 626 3484 qualis
644 3424 697 3468 et
711 3416 909 3470 Christi
935 3423 1037 3477 est,
1054 3414 1173 3470 ideo
1196 3416 1271 3469 ait
1290 3434 1302 3466 :
1322 3413 1423 3469 Sed
1442 3432 1542 3468 non
1558 3415 1691 3467 sicut
1712 3416 1801 3467 de-

203 3506 515 3570 lictum,‘ita
541 3516 587 3560 et
618 3508 843 3570 donum,
874 3507 999 3575 quia
1026 3508 1077 3560 in
1114 3523 1179 3561 eo
1201 3516 1404 3560 tantum
1432 3506 1602 3560 forma
1628 3506 1799 3560 Adam

204 3601 414 3656 Christi
438 3610 545 3665 est,
571 3600 694 3668 quia
714 3602 853 3669 quod
878 3615 1012 3653 unus
1034 3600 1293 3669 peccavit,
1316 3616 1453 3652 unus
1472 3598 1797 3653 emendavit.

285 3692 343 3746 Si
395 3693 532 3744 enim
578 3692 733 3743 unius
778 3690 964 3744 delicto
1002 3689 1151 3742 multi
1198 3691 1387 3742 mortui
1424 3700 1579 3752 sunt,
1637 3688 1801 3741 multo

209 3780 381 3849 magis
405 3780 578 3849 gratia
606 3777 726 3843 Dei,
772 3787 820 3831 et
859 3778 1054 3831 donum
1095 3779 1149 3830 in
1188 3779 1359 3847 gratia
1395 3778 1802 3831 unius'hominis

210 3873 344 3927 Jesu
368 3871 561 3924 Christi
590 3871 645 3923 in
686 3869 859 3939 plures
884 3870 1185 3923 abundavit.
1216 3868 1327 3922 Hoc
1363 3878 1467 3931 est,
1524 3870 1569 3922 si
1611 3870 1803 3925 delicto

210 3964 379 4017 unius
407 3962 560 4015 multi
592 3960 792 4013 mortui
813 3968 970 4022 sunt,
1005 3960 1278 4013 imitantes
1308 3959 1803 4028 praevaricationem

215 4056 367 4124 ejus;
400 4053 570 4121 magis
600 4051 770 4121 gratia
814 4052 905 4105 Dei
934 4060 989 4105 et
1028 4052 1225 4106 donum
1264 4053 1315 4104 in
1344 4052 1524 4119 plures
1562 4052 1803 4107 abunda-

214 4146 329 4208 vit,
372 4152 430 4197 ut
471 4142 844 4211 confugientes
888 4142 954 4195 ad
1010 4157 1086 4197 se.
1134 4141 1321 4196 Plures
1370 4144 1511 4195 enim
1576 4143 1805 4213 gratiam

217 4242 626 4304 consequuntur
656 4250 816 4304 quam
850 4234 1049 4288 mortui
1082 4245 1208 4288 sunt
1247 4234 1443 4289 delicto
1474 4235 1621 4287 Adae.
1656 4232 1807 4288 Unde

218 4324 566 4379 manifestum
604 4333 689 4379 est
737 4340 842 4379 non
900 4326 963 4378 de
1013 4326 1115 4379 hac
1149 4333 1342 4386 morte,
1388 4339 1507 4392 qua:
1556 4324 1805 4379 omnilms

218 4417 525 4472 communis
550 4424 654 4479 est,
678 4414 1041 4485 signiﬁcasse;
1081 4416 1208 4484 quia
1237 4430 1424 4470 omnes
1442 4417 1659 4470 omnino
1695 4430 1808 4468 mo-

221 4505 457 4569 riuntur,
480 4513 535 4559 et
554 4521 661 4559 non
688 4514 866 4559 tamen
888 4520 1077 4559 omnes
1108 4507 1333 4575 gratiam
1362 4514 1767 4573 consequuntur
1790 4522 1804 4561 :

222 4609 398 4663 neque
428 4601 656 4648 mortem
681 4593 735 4646 in
756 4608 943 4648 onmes
966 4609 1239 4663 regnasse,
1268 4595 1361 4649 sed
1382 4595 1435 4646 in
1465 4609 1558 4647 eos
1587 4593 1675 4661 qui
1714 4593 1809 4646 de-

223 4684 352 4737 licto
399 4682 528 4737 Adae
562 4684 759 4737 mortui
798 4694 943 4747 sunt,
970 4684 1323 4753 significatur,
1356 4698 1491 4752 quos
1535 4683 1585 4735 in
1625 4680 1812 4735 simili-

224 4774 469 4827 tudinem
500 4774 959 4842 prievaricationis
985 4774 1115 4827 Adae
1149 4774 1278 4827 dicit
1303 4788 1574 4841 peccasse.
1603 4770 1663 4824 lli
1688 4780 1815 4826 sunt

226 4879 363 4935 riuos
377 4862 507 4917 dicit
529 4864 583 4916 in
597 4864 758 4917 unius
780 4864 975 4916 delicto
992 4864 1186 4916 multos
1200 4871 1461 4924 mortuos,
1476 4862 1705 4930 gratiam
1718 4877 1813 4915 an-

228 4964 339 5010 tem
364 4952 459 5007 Dei
492 4952 543 5005 in
568 4952 749 5023 plures
771 4953 1074 5016 abundare;
1102 4952 1226 5020 quia
1246 4961 1299 5007 ct
1325 4953 1378 5006 in
1398 4953 1481 5007 his
1512 4952 1602 5021 qui
1624 4952 1816 5006 delicto

226 5044 360 5099 Adae
380 5040 577 5096 mortui
603 5042 871 5106 dicuntur,
894 5041 1141 5095 similiter
1161 5051 1467 5111 peccantes,
1495 5053 1550 5097 et
1565 5044 1617 5095 in
1632 5044 1713 5097 his
1726 5044 1816 5111 qui

229 5151 341 5192 non
373 5142 737 5203 peccaverunt
766 5135 819 5188 in
851 5135 951 5189 hac
978 5134 1106 5188 Adae.
1140 5135 1601 5204 praevaricationis
1628 5134 1817 5189 simili-

233 5226 423 5281 tudine
458 5226 553 5280 Dei
576 5228 747 5294 gratia
770 5227 1065 5281 abundavit
1088 5245 1100 5280 :
1123 5235 1347 5297 paterno
1376 5215 1554 5281 autem
1597 5237 1815 5296 peccato

235 5333 304 5375 ex
324 5317 421 5371 Dei
438 5316 703 5370 sententia
726 5325 880 5370 erant
903 5316 1044 5385 apud
1075 5315 1297 5379 inferos,
1316 5316 1489 5383 gratia
1522 5315 1611 5368 Dei
1648 5317 1815 5369 abun-

237 5408 387 5464 davit
422 5408 480 5461 in
506 5407 768 5462 descensu
814 5406 1148 5472 Salvatoris,
1185 5406 1437 5462 omnibus
1482 5407 1615 5458 dans
1644 5405 1815 5459 indul-

240 5499 638 5569 gentiam,cum
670 5496 940 5565 triumpho
965 5496 1190 5551 sublatis
1214 5498 1293 5551 eis
1322 5497 1375 5550 in
1403 5494 1618 5549 etelum.

315 5587 380 5640 Et
416 5604 521 5639 non
563 5588 693 5639 sicut
735 5604 824 5656 per
858 5603 1019 5639 unum
1045 5598 1331 5655 peccatum,
1368 5588 1443 5641 ita
1492 5598 1541 5639 et
1576 5586 1771 5639 donum
1796 5603 1815 5641 :

245 5694 367 5730 nam
408 5676 669 5744 judicium
706 5677 912 5746 quidem
951 5692 1016 5730 ea:
1060 5694 1164 5730 uno
1209 5679 1265 5732 in
1316 5678 1813 5743 condemnationem,

246 5769 444 5822 donum
483 5777 656 5820 autem
699 5784 762 5820 ea:
808 5766 983 5819 multis
1031 5767 1233 5821 delictis
1280 5769 1332 5821 in
1367 5768 1812 5835 justi/irationem.

690 5859 967 5917 PATRUL.
1003 5855 1165 5914 CXI.

1901 3332 2279 3387 intellexerunt
2310 3348 2405 3401 per
2430 3334 2600 3401 legem
2626 3332 2884 3400 judicium
2941 3333 3054 3395 Dei,
3110 3333 3302 3387 sublati
3349 3343 3473 3387 sunt

1902 3425 1968 3477 de
1997 3422 2111 3489 ejus
2138 3424 2379 3494 imperio.
2411 3424 2675 3493 Regnavit
2710 3432 2907 3486 autem,
2947 3424 3071 3491 quia
3100 3422 3214 3475 sine
3254 3422 3473 3475 manife-

1905 3514 2136 3567 statione
2171 3513 2303 3581 legis
2333 3514 2492 3567 timor
2520 3513 2610 3565 Dei
2643 3527 2746 3565 non
2789 3521 2903 3565 erat
2930 3511 2980 3563 in
3011 3512 3186 3564 terris.
3221 3510 3475 3577 Superior

1903 3619 2029 3673 ergo
2060 3620 2250 3657 sensus
2278 3613 2361 3658 est
2389 3612 2463 3661 ut,
2494 3603 2618 3671 quia
2648 3618 2795 3656 mors
2822 3602 3063 3670 regnavit
3093 3602 3159 3654 ab
3186 3602 3353 3653 Adam
3389 3617 3475 3655 us-

1904 3711 2009 3765 que
2032 3696 2099 3749 ad
2128 3694 2341 3764 Moysen
2373 3696 2425 3747 in
2449 3710 2541 3749 eos
2566 3696 2653 3763 qui
2700 3704 3055 3764 peccaverunt
3088 3695 3137 3747 in
3165 3694 3465 3747 similitudi-

1906 3802 2029 3839 nem
2084 3786 2543 3855 praevaricationis
2592 3785 2739 3849 Adzr,
2791 3786 2961 3840 multo
2994 3788 3161 3856 magis
3186 3788 3355 3853 gratia
3390 3796 3474 3841 re-

1908 3884 2033 3945 gnet
2060 3876 2385 3928 abundantia
2408 3874 2530 3929 doni
2570 3874 2661 3927 Dei
2692 3874 2743 3927 in
2780 3874 2939 3927 vitam
2971 3891 3067 3944 per
3104 3892 3264 3927 unum
3294 3875 3474 3930 Jcsum

1907 3965 2202 4019 Christum.
2240 3966 2295 4018 Si
2327 3965 2468 4018 enim
2507 3981 2651 4019 mors
2676 3966 2937 4033 regnavit,
2966 3980 3131 4032 quare
3177 3982 3277 4019 non
3310 3968 3477 4033 magis

1908 4054 2080 4123 gratia
2130 4062 2337 4122 regnet,
2362 4069 2478 4120 quae
2522 4052 2689 4106 nnIlto
2724 4055 2900 4122 plures
2921 4053 3201 4120 justilical,
3233 4072 3391 4124 quam
3422 4058 3476 4111 hi

1910 4154 2035 4198 sunt
2061 4145 2113 4197 in
2141 4159 2275 4211 quos
2298 4142 2539 4212 regnavit
2569 4159 2712 4197 mors
2740 4162 2751 4197 :
2779 4154 2979 4213 quanto
3002 4148 3171 4215 magis
3199 4150 3367 4217 gratia
3401 4165 3480 4203 re—

1912 4252 2076 4305 gnare
2091 4236 2356 4290 credenda
2385 4244 2487 4299 est,
2506 4252 2624 4303 qua:
2649 4232 2855 4289 confert
2873 4237 3037 4289 vitam
3060 4252 3154 4305 per
3174 4237 3474 4293 Christum!

1981 4327 2155 4396 Igitur
2197 4328 2328 4380 sicut
2358 4344 2449 4395 per
2486 4328 2639 4378 unius
2671 4326 2916 4379 delictum
2948 4327 3001 4380 in
3032 4344 3204 4380 omnes
3245 4329 3478 4381 homines

1911 4418 1965 4467 in
1991 4416 2468 4469 condemnationem
2487 4454 2501 4479 ,
2531 4418 2606 4468 sic
2630 4426 2678 4468 et
2702 4433 2794 4486 per
2820 4434 2974 4470 unius
2997 4418 3260 4486 justitiam
3292 4420 3345 4471 in
3372 4435 3479 4470 om-

1912 4525 2000 4561 nes
2035 4508 2265 4560 homines
2313 4508 2365 4560 in
2403 4508 2836 4576 justificationem
2880 4509 3011 4563 vine.
3059 4509 3171 4563 Hoc
3216 4520 3315 4574 est,
3345 4511 3483 4564 sicut

1912 4610 2009 4664 per
2041 4595 2197 4648 unius
2222 4595 2472 4648 delictum
2508 4610 2695 4649 omnes
2727 4596 3226 4652 condemnationem
3268 4613 3479 4650 meme-

1914 4692 2038 4736 runt
2083 4682 2329 4736 similiter
2393 4691 2709 4752 peccantes,
2754 4683 2826 4734 ita
2877 4691 2932 4736 et
2976 4672 3049 4736 ini
3070 4684 3276 4753 justitia
3323 4685 3482 4739 unius

1912 4787 2101 4826 omnes
2128 4757 2559 4841 justiﬁeahuntur
2588 4772 2884 4827 credentes.
2938 4774 2995 4828 Si
3021 4775 3111 4844 qui
3150 4785 3327 4830 autem
3355 4792 3483 4831 con-

1916 4863 2309 4917 demnationem
2354 4862 2492 4915 hanc
2542 4862 2845 4931 generalem
2890 4877 3011 4917 esse
3054 4872 3272 4931 putant,
3320 4866 3481 4921 simili

1919 4960 2075 5013 modo
2120 4968 2174 5009 et
2210 4955 2647 5022 justiﬁcationem
2695 4956 2995 5025 generalem
3045 4958 3327 5026 accipient.
3378 4958 3485 5013 Sed

1921 5064 2024 5102 non
2055 5055 2137 5101 est
2169 5061 2373 5109 verum,
2401 5046 2527 5114 quia
2550 5062 2655 5099 non
2679 5060 2865 5099 omnes
2893 5036 3137 5100 credunt.
3173 5046 3351 5119 (Aug.)
3381 5048 3486 5101 Ita-

1918 5151 2021 5205 que
2066 5135 2204 5189 sicut
2248 5150 2343 5203 per
2370 5134 2525 5187 unius
2560 5132 2808 5187 delictum
2838 5133 2892 5186 in
2920 5147 3106 5187 omnes
3133 5134 3375 5188 homines
3418 5136 3483 5188 ad

1920 5224 2417 5279 condemnationem
2436 5262 2450 5285 ,
2482 5223 2553 5274 ita
2586 5232 2640 5275 ct
2664 5237 2761 5289 per
2787 5222 2947 5275 unius
2966 5221 3401 5290 justiﬁeationem
3430 5224 3483 5277 in

1918 5336 2105 5375 omnes
2146 5320 2390 5374 homines
2417 5318 2480 5370 ad
2502 5316 2940 5384 jusdticationem
2984 5317 3105 5369 vita:
3150 5318 3322 5369 adhuc
3361 5332 3483 5383 per-

1920 5418 2179 5464 maneant
2221 5410 2275 5463 in
2320 5408 2556 5461 vanitate
2608 5406 2802 5459 mentis
2843 5419 2971 5469 suae,
3018 5413 3073 5457 et
3108 5404 3287 5457 dicant
3322 5419 3488 5456 unum

1923 5500 2195 5553 hominem
2241 5512 2345 5551 non
2375 5496 2719 5566 propaginem
2746 5492 3040 5560 traiecisse,
3068 5492 3161 5546 sed
3186 5490 3488 5559 exemplum

1923 5566 2216 5657 pnebuisse
2242 5587 2469 5657 peccati.
2494 5583 2770 5651 Quomodo
2792 5596 2921 5653 ergo
2940 5598 3036 5651 per
3056 5581 3212 5635 unius
3241 5580 3491 5635 delictum

1926 5680 1977 5732 in
1998 5693 2186 5731 omnes
2204 5676 2447 5731 homines
2468 5673 2534 5727 ad
2555 5673 3076 5731 condemnationem,
3102 5679 3157 5724 ct
3185 5686 3287 5723 non
3317 5669 3492 5736 potius

1924 5785 2019 5837 per
2054 5768 2217 5821 nmlta
2244 5782 2339 5821 sua
2368 5764 2585 5829 delicta,
2615 5763 2715 5817 nisi
2756 5762 2881 5831 quia
2920 5760 3133 5815 etiamsi
3163 5758 3287 5812 illml
3330 5774 3495 5813 unmu

2984 5850 3061 5910 Ιώ
