3960 6378
223 342 363 402 1389

214 472 385 529 gnum
407 459 699 530 est,gratia
731 472 1010 530 regnante,
1035 462 1172 516 sicut
1196 460 1390 516 diaboli
1409 475 1629 529 regnum
1658 468 1795 522 erat,
1829 461 1876 520 Α

213 558 442 622 peccato
491 560 764 620 regnante.
816 551 1008 606 Totum
1057 561 1236 606 tamen
1278 551 1347 605 ad
1397 549 1668 605 Christum
1717 565 1800 605 re-

216 641 348 707 fert,
381 652 437 698 ut
469 623 845 716 omnisgratia
893 646 988 700 Dei
1015 661 1046 700 a
1071 646 1286 701 Christo
1327 646 1582 701 discatur.
1615 645 1798 717 (Aug.)

218 731 375 800 Quod
409 746 538 788 vero
567 734 720 800 dicit,
745 735 828 790 (ex
853 745 1028 790 autem
1055 738 1386 802 subintravit,
1422 748 1476 791 ut
1509 739 1796 794 abundaret

212 823 488 891 detictum,
530 824 643 893 jam
675 837 780 879 non
823 826 1057 896 pertinet
1084 827 1153 880 ad
1193 827 1324 882 illtid
1373 828 1623 883 delictum
1652 827 1797 898 quod

216 917 453 970 trahitur
476 932 541 971 ex
563 917 754 979 Adam,
792 915 856 972 de
883 933 988 987 quo
1016 919 1262 987 superius
1288 918 1518 984 dicebat,
1548 933 1684 974 mors
1715 936 1796 973 re-

213 1007 387 1076 gnavit
414 1023 506 1076 per
533 1022 712 1060 unum.
743 1005 935 1077 Legem
961 1009 1177 1078 quippe
1218 1009 1331 1064 sive
1371 1009 1669 1064 naturalem
1707 1011 1790 1064 in-

213 1096 543 1166 telligamus,
573 1111 693 1166 qua:
721 1098 771 1150 in
796 1109 982 1152 eorum
1013 1108 1236 1168 apparet
1262 1100 1538 1163 aetatibus,
1573 1102 1660 1168 qui
1678 1100 1791 1168 jam

212 1187 424 1241 ratione
463 1188 543 1241 uti
570 1196 814 1258 possunt,
847 1190 960 1244 sive
988 1191 1371 1259 conscriptam,
1403 1205 1523 1260 qua!
1557 1191 1679 1245 data
1708 1200 1792 1247 est

210 1291 311 1348 per
349 1277 590 1347 Moysen,
621 1280 743 1348 quia
776 1294 871 1334 nec
898 1281 1074 1348 potuit
1103 1280 1214 1349 ipsa
1245 1281 1516 1334 viviticare
1555 1292 1609 1334 et
1662 1281 1784 1336 tibe-

211 1387 339 1428 rare
364 1388 392 1427 a
426 1373 541 1442 lege
583 1371 790 1442 peccati
831 1382 885 1428 et
926 1374 1113 1427 mortis
1155 1390 1274 1442 quae
1320 1382 1546 1428 tractata
1598 1383 1682 1429 est
1724 1391 1789 1430 ex

209 1463 406 1529 Adam,
433 1464 525 1519 sed
562 1464 734 1535 magis
756 1463 960 1519 addidit
982 1465 1442 1532 przevaricationis
1470 1474 1784 1536 augmenta:

209 1556 299 1610 ubi
330 1558 467 1609 enim
499 1571 600 1611 non
628 1567 701 1610 est
743 1556 845 1621 lex,
881 1573 971 1610 nec
1001 1556 1381 1626 prtevaricatio.
1430 1555 1785 1612 Prmvaricata

209 1660 341 1717 ergo
379 1645 497 1717 lege
535 1660 653 1716 qum
678 1647 730 1700 in
760 1647 1010 1716 paradiso
1051 1647 1176 1701 data
1215 1656 1313 1709 est,
1346 1649 1585 1702 nascitur
1628 1649 1786 1704 homo

209 1751 276 1791 ex
303 1736 472 1790 Adam
504 1750 628 1790 cum
669 1736 783 1807 lege
829 1736 1037 1806 peccati
1082 1744 1136 1790 et
1185 1736 1394 1800 mortis,
1427 1738 1491 1791 de
1520 1753 1624 1807 qua
1657 1739 1788 1792 diei-

750 346 1295 421 ENABRATIONUM
1335 346 1401 401 IN
1434 345 1578 401 EPP.
1618 344 1818 400 PAULI
1857 343 1982 400 LIB.
2024 345 2108 401 [ΙΙ.
2147 378 2216 388 ——
2251 347 2320 403 IN
2353 349 2568 406 EPIST.
2610 351 2906 428 AD’ROM.

3332 356 3469 412 i390

2505 462 2730 520 CAPUT
2773 464 2858 520 Vl.

1899 544 2145 603 Decl‘arat
2167 549 2523 627 Apostotusin
2553 557 2774 627 peccatis
2798 574 2901 612 non
2923 571 3033 613 esse
3063 559 3395 627 manendum,
3419 570 3467 616 et

2252 623 2392 692 quod
2413 623 2478 676 sit
2512 623 2734 679 sinuosa
2769 629 3108 697 operandam.

1972 720 2111 792 Quid
2151 743 2271 798 ergo
2315 729 2584 786 dicemus?
2621 737 3030 804 permdne’bimus
3059 741 3113 796 in
3145 755 3378 813 peccato,
3410 756 3468 802 ut

1895 819 2065 887 gratia
2097 817 2360 875 abundet?
2382 814 2546 877 Absit.
2578 822 2758 897 (Aug'.)
2781 818 2938 893 Quae
2973 839 3152 887 autem
3182 836 3258 890 ait
3288 853 3300 890 :
3328 835 3468 903 Quid

1895 909 2038 962 enim
2065 910 2336 967 dicemus?
2359 913 2776 984 permanebimus
2824 919 2878 972 in
2929 931 3165 992 peecato,
3197 936 3252 981 ut
3295 931 3466 999 gratia

1895 997 2160 1055 abundet!
2198 1003 2361 1058 Absit.
2403 1003 2510 1070 Qui
2551 1009 2745 1062 m'ortui
2786 1019 2964 1065 sumus
3005 1026 3210 1082 peccato
3257 997 3464 1089 quando

1894 1089 2195 1166 [quomodo]
2225 1097 2444 1151 vivemus
2469 1099 2522 1151 in
2553 1115 2634 1152 eo.
2676 1097 2775 1156 Hic
2816 1093 3054 1158 ostendit
3079 1105 3144 1160 de
3179 1107 3465 1176 praeteritis

1889 1183 2126 1250 peccatis
2150 1183 2349 1240 factum
2388 1202 2529 1254 esse,
2555 1198 2614 1243 ut
2655 1192 3005 1259 donarentur,
3033 1203 3087 1248 et
3112 1195 3168 1250 in
3190 1212 3255 1251 eo
3275 1209 3462 1268 super-

1891 1271 2191 1328 abundasse
2219 1277 2467 1346 gratiam,
2494 1286 2553 1332 ut
2579 1282 2848 1348 praeterita
2881 1293 3100 1353 peccata
3129 1286 3466 1344 dimitteren-

1890 1371 1994 1417 tur.
2018 1363 2158 1435 Ergo
2178 1366 2420 1436 quisquis
2440 1371 2615 1426 adhuc
2640 1374 2830 1441 quierit
2853 1385 3137 1447 augmenta
3154 1380 3383 1448 peccati,
3406 1391 3464 1436 ut

1889 1465 2236 1525 augmentum
2263 1461 2452 1530 gratiae
2474 1463 2696 1529 sentiat,
2721 1480 2827 1520 non
2849 1467 3098 1541 intelligit
3126 1471 3180 1527 id
3201 1487 3257 1527 se
3281 1487 3459 1543 agere,

1887 1549 1948 1597 ut
1969 1543 2103 1599 nihil
2129 1545 2182 1600 in
2209 1562 2273 1601 eo
2301 1550 2472 1619 gratia
2495 1561 2770 1621 operetur.
2804 1555 2949 1626 Opus
2978 1560 3120 1614 enim
3146 1564 3332 1633 gratiae
3355 1571 3459 1629 εει,

1887 1635 2253 1691 utuoriamur
2271 1649 2511 1708 peccato.
2537 1641 2762 1716 (Ambr.)
2781 1642 2894 1702 Hoc
2917 1656 3021 1715 est,
3051 1653 3291 1722 nunquid
3321 1669 3464 1710 sem-

1887 1736 1984 1795 per
2025 1730 2355 1797 peccandum
2381 1743 2479 1798 est,
2512 1742 2569 1789 ut
2613 1739 2811 1792 donum
2853 1741 2946 1795 Dei
2993 1740 3249 1809 abundet,
3276 1750 3461 1814 tegetis

209 1835 337 1881 tur:
370 1825 534 1881 Video
567 1828 727 1881 aliam
766 1827 927 1897 legem
955 1829 1011 1881 in
1041 1827 1282 1881 membris
1324 1829 1784 1898 meis‘repugnan-

1894 1825 2072 1870 nostra
2109 1829 2351 1888 peccata,
2374 1831 2433 1877 ut
2461 1839 2671 1896 semper
2708 1829 3076 1886 remissionem
3115 1843 3457 1904 peccatorum

209 1926 313 1971 tem
339 1917 440 1987 legi
473 1918 656 1971 mentis
687 1931 842 1979 mete,
877 1925 932 1972 et
959 1924 1152 1972 caetera
1185 1916 1357 1987 (Rom.
1391 1918 1518 1988 vn);
1547 1933 1665 1987 qutc
1709 1927 1790 1972 ta-

207 1998 334 2060 men
361 2007 465 2060 nisi
494 2005 634 2060 mala
677 2004 863 2076 postea
902 2007 1290 2061 consuetudine
1327 2008 1628 2070 roboretur,
1663 2005 1794 2062 faci-

205 2098 314 2152 lius
345 2097 604 2162 vincitur,
621 2108 732 2152 nun
758 2106 936 2151 tamen
963 2097 1078 2150 sine
1105 2096 1275 2166 gratia
1299 2095 1412 2149 Dei.
1444 2095 1582 2167 Lege
1612 2106 1792 2150 autem

208 2187 314 2243 alia
353 2188 725 2258 przevarieata,
747 2198 871 2257 quae
898 2192 978 2242 est
1014 2188 1068 2241 in
1092 2201 1196 2242 usu
1231 2187 1455 2241 rationis
1483 2187 1676 2241 anima:-
1703 2199 1794 2241 ra-

207 2279 446 2343 tionalis,
477 2279 710 2334 mactate
737 2278 971 2334 hominis
991 2277 1100 2347 jam
1118 2279 1328 2332 ratione
1346 2277 1564 2338 utentis,
1585 2293 1792 2347 prreva-

207 2367 474 2424 ricatores
495 2369 632 2423 fiunt
662 2381 854 2423 omnes
868 2379 1188 2438 peccatores
1213 2377 1391 2422 terrae.
1427 2367 1790 2423 Praevaricata

207 2473 342 2514 vero
365 2461 482 2531 lege
508 2459 673 2515 etiam
699 2460 788 2514 illa
816 2473 934 2528 qum
956 2460 1085 2534 data
1110 2468 1193 2514 est
1217 2473 1312 2528 per
1346 2459 1587 2530 Moysen,
1617 2461 1787 2514 multo

207 2551 442 2620 amplius
474 2553 708 2606 abundat
730 2551 1014 2605 delictum.
1047 2547 1158 2604 Lex
1202 2565 1330 2621 ergo
1382 2550 1707 2605 subintravit
1735 2560 1792 2606 ut

205 2643 507 2697 abundaret
549 2641 798 2696 delictum
827 2682 839 2705 ,
892 2640 1004 2695 sive
1057 2651 1177 2695 cum
1216 2641 1463 2695 homines
1512 2643 1788 2712 negligant

206 2734 351 2802 quod
381 2733 509 2786 dici't
531 2742 595 2787 ac
617 2731 791 2800 jubet,
819 2733 931 2786 sive
961 2741 1081 2785 eam
1109 2732 1175 2786 de
1203 2733 1313 2786 suis
1348 2732 1552 2787 viribus
1578 2748 1784 2802 prtesu-

207 2835 420 2881 mentes
450 2824 773 2894 adjutorium
804 2824 991 2894 gratiae
1018 2838 1120 2878 non
1159 2824 1468 2893 implorant,
1496 2834 1550 2878 et
1584 2825 1787 2879 addunt

207 2914 508 2973 inﬁrmitati
536 2915 861 2984 superbiam.
889 2913 1023 2968 Cum
1065 2923 1243 2967 autem
1275 2913 1562 2967 vocatione
1603 2912 1784 2967 divina

207 3004 514 3077 intéliign‘m
535 3007 616 3059 cui
641 3006 709 3058 sit
729 2994 1210 3074 ingemiscendum,
1237 3011 1289 3056 et
1315 3004 1566 3057 invocant
1592 3013 1713 3057 eum
1733 3004 1783 3056 in

207 3103 370 3166 qnam
415 3102 563 3148 recte
585 3090 836 3157 credunt,
868 3093 1106 3146 dicentes
1136 3109 1149 3145 :
1177 3089 1424 3144 Miserere
1464 3091 1586 3157 mei,
1621 3090 1780 3156 Deus,

1898 1919 2199 1978 sperantes,
2221 1915 2345 1984 quia
2371 1915 2508 1972 Deus
2545 1921 2665 1988 pius
2701 1931 2804 1988 est,
2831 1922 3031 1979 Christi
3063 1927 3292 1997 gratiam
3325 1943 3462 1997 prte-

1896 1999 2170 2057 feramus?
2197 2004 2312 2060 Non
2342 2008 2543 2078 utique.
2570 1997 2694 2066 ideo
2724 2012 3068 2073 enimnostri
3099 2017 3349 2075 misertus
3378 2029 3464 2076 est

1896 2084 2036 2150 Deus
2063 2110 2158 2166 per
2192 2097 2463 2154 Christum
2483 2143 2496 2167 ,
2525 2113 2581 2157 ut
2613 2103 2680 2159 de
2708 2117 2904 2162 caetero
2931 2097 3034 2163 non
3071 2121 3376 2180 peccantes,
3407 2124 3464 2169 et

1894 2189 2150 2242 meritum
2179 2190 2334 2245 nobis
2358 2201 2412 2246 et
2441 2194 2535 2247 Dei
2571 2196 2798 2264 gratiam
2827 2198 2878 2250 in
2910 2213 3010 2252 nos
3035 2191 3261 2269 regnare
3291 2200 3460 2256 facia-

1894 2285 2033 2330 mus.
2065 2275 2255 2332 Aufert
2281 2279 2424 2334 enim
2451 2294 2673 2351 regnum
2703 2286 2888 2355 gratias
2917 2285 3033 2354 Dei,
3057 2296 3112 2344 et
3141 2289 3306 2344 tradit
3331 2306 3461 2361 pec-

1891 2373 2036 2430 cato,
2070 2366 2160 2435 qui
2211 2365 2397 2423 rursus
2445 2372 2583 2426 redit
2632 2373 2699 2426 ad
2751 2383 2985 2431 veterem
3037 2377 3328 2447 hominem,
3359 2368 3490 2453 hoe'

1892 2459 2000 2520 εει,
2030 2448 2283 2512 θᾶιοὶῑυπι
2313 2460 2600 2528 przeteritze
2629 2463 2768 2517 vitae.
2792 2457 3010 2521 Duabus
3028 2469 3170 2524 enim
3195 2485 3260 2524 ex
3285 2448 3462 2528 causis

1891 2543 2314 2601 misericordiam
2345 2551 2669 2618 accepimus,
2699 2561 2757 2606 ut
2796 2561 2847 2607 et
2884 2555 3079 2609 diauoli
3112 2572 3334 2628 regnum
3361 2576 3458 2615 ex-

1891 2632 2229 2701 cluderetur,
2259 2645 2313 2691 et
2342 2636 2432 2692 Dei
2465 2639 2748 2710 imperium
2783 2642 3159 2711 ignorantibus
3196 2649 3457 2716 praedica-

1889 2732 2059 2790 retur,
2097 2734 2194 2795 per
2223 2728 2324 2782 hoc
2369 2730 2539 2799 ipsum
2583 2731 2838 2801 dignitate
2883 2735 3036 2791 nobis
3078 2739 3320 2806 quasita.
3355 2739 3462 2806 Qui

1888 2815 2022 2869 enim
2062 2820 2254 2872 mortui
2299 2829 2480 2873 sumus
2517 2833 2757 2892 peccato,
2804 2828 3060 2895 quomodo
3099 2829 3270 2883 adhuc
3318 2833 3453 2886 vive-

1889 2900 2003 2959 n‘ius
2035 2907 2090 2960 in
2131 2907 2263 2961 illo?
2309 2909 2419 2964 Hoc
2459 2912 2618 2978 dicit,
2663 2916 2914 2983 quoniam
2959 2917 3199 2972 viventes
3238 2931 3458 2988 peccato

1889 2996 2085 3049 mortui
2130 3012 2343 3053 eramus
2388 3003 2529 3070 apud
2574 3002 2739 3057 Deum
2771 3005 2896 3074 :qul
2940 3017 3126 3074 peccat
3155 3009 3297 3062 enim
3327 3011 3460 3065 vivit

1887 3093 2130 3154 peccato,
2163 3084 2300 3141 sicut
2343 3091 2433 3158 qui
2472 3108 2578 3146 non
2627 3104 2814 3161 peccat
2851 3096 2980 3150 vivit
3022 3096 3150 3152 Deo.
3188 3098 3456 3169 Superve-

205 3164 492 3239 secundm:
516 3189 757 3252 magnam
781 3181 1189 3236 misericordiam
1215 3190 1357 3247 tuam
1386 3181 1556 3249 (Psal.
1589 3179 1663 3248 1.).
1687 3181 1773 3245 Et,
1804 3164 1849 3226 C
1881 3174 2062 3228 niente
2087 3178 2226 3230 enim
2246 3179 2414 3246 gratia
2433 3179 2527 3234 Dei
2555 3196 2650 3249 per
2674 3181 3030 3249 Christum..el
3056 3202 3153 3241 nos
3175 3164 3452 3256 per—tidem

207 3270 324 3341 Ego
346 3272 475 3333 dixi,
501 3269 742 3334 Domine,
761 3270 1004 3322 miserere
1031 3268 1152 3331 mei,
1183 3285 1313 3320 sana
1344 3269 1574 3320 animam
1617 3284 1784 3322 meant

208 3361 457 3430 quoniam
480 3355 684 3429 peccavi
706 3357 806 3412 tibi
849 3356 1019 3427 (Paul.
1049 3358 1157 3427 XL).
1203 3356 1335 3411 Cttm
1366 3373 1492 3427 ergo
1519 3370 1575 3411 se
1625 3357 1784 3412 homo

210 3452 281 3506 id
309 3450 462 3504 iilrnn
497 3449 801 3504 extenderit
835 3458 887 3503 et
915 3450 992 3504 sic
1021 3449 1362 3519 ingemuerit,
1392 3449 1482 3501 ﬁet
1519 3450 1665 3518 quod
1702 3465 1785 3504 se-

210 3542 416 3610 quitur,
439 3538 525 3594 ttbi
547 3550 721 3594 autem
745 3540 1025 3594 abundavit
1051 3538 1316 3605 deiictut'n,
1348 3540 1785 3608 superabundavit

208 3631 404 3704 gm'tia,
430 3635 486 3687 et
507 3632 851 3686 dimittuntur
880 3622 1180 3701 ei‘peccata
1204 3630 1369 3685 multa
1386 3673 1400 3695 ,
1432 3636 1683 3701 quoniam
1712 3632 1789 3687 di-

209 3720 345 3778 lexit
374 3721 600 3777 multum
630 3719 778 3792 (Lac.
813 3723 908 3792 vn)
930 3763 944 3784 ,
973 3729 1027 3775 et
1051 3719 1365 3774 diﬁunditur
1394 3721 1447 3775 in
1477 3722 1636 3775 corde
1662 3722 1785 3776 cha-

211 3815 349 3869 ritas
396 3815 511 3879 Dei,
541 3813 684 3867 unde
732 3814 824 3866 ﬁat
869 3813 999 3882 legis
1047 3811 1340 3881 plenitudo,
1386 3821 1492 3866 non
1521 3825 1617 3881 per
1644 3812 1786 3866 vires

210 3910 422 3966 arbitrii
451 3908 588 3978 quod
612 3915 694 3962 est
718 3908 770 3961 in
796 3902 968 3969 nobis,
991 3905 1084 3961 sed
1108 3915 1209 3975 per
1253 3905 1512 3974 Spiritum
1543 3913 1791 3960 sanctum

212 4002 308 4073 qui
338 4002 493 4054 datus
531 4009 613 4054 est
644 3997 799 4053 nobis
819 4039 833 4063 ,
860 4006 914 4050 ut
942 3997 1376 4067 quemadmodum
1411 3998 1636 4066 regnavit
1667 4013 1785 4066 pec-

212 4101 390 4147 catum
416 4092 681 4151 inmorte,
710 4089 784 4141 sic
823 4096 868 4141 et
917 4087 1086 4156 gratia
1135 4095 1306 4155 regnet
1331 4095 1420 4153 per
1436 4086 1700 4155 justitiam
1734 4088 1788 4140 in

213 4187 372 4240 vitam
413 4194 681 4247 (eternam,
722 4197 814 4251 per
852 4179 1033 4233 Jesum
1074 4177 1336 4232 Christum
1377 4177 1657 4230 Dominum
1697 4195 1789 4230 no-

212 4286 400 4332 strum.
436 4273 610 4337 Modo,
636 4287 758 4326 cum
785 4271 1033 4332 dixisset,
1057 4279 1113 4321 ut
1141 4267 1578 4337 quemadmodum
1613 4283 1791 4336 regna-

214 4370 289 4423 vit
311 4375 576 4437 peccatum
606 4365 660 4415 in
688 4371 850 4413 morte
869 4401 882 4424 ,
915 4373 1018 4413 non
1045 4360 1120 4411 ait
1139 4398 1153 4422 ,
1179 4371 1277 4446 per
1303 4371 1464 4410 unum
1494 4356 1788 4446 hominem,

215 4467 311 4515 aut
348 4452 580 4528 primum
623 4451 913 4512 hominem,
944 4457 1036 4503 aut
1063 4460 1168 4517 per
1213 4444 1401 4509 Adam,
1429 4446 1551 4514 quia
1573 4446 1688 4515 jam
1717 4444 1790 4498 di-

215 4552 403 4610 Xerat,
447 4543 534 4596 ‘leb:
584 4538 890 4595 tubintravi‘t
935 4547 990 4590 ut
1035 4535 1322 4590 abundaret
1369 4532 1794 4601 delictum:qutc

218 4631 546 4693 abundantia
569 4641 684 4686 non
717 4630 953 4700 pertinet
989 4629 1056 4683 ad
1086 4627 1245 4697 primi
1273 4626 1507 4680 hominis
1545 4625 1794 4693 propagi-

209 4742 368 4792 nem,
395 4723 489 4779 sed
535 4721 601 4775 ad
645 4719 1071 4776 conversationis
1101 4720 1350 4771 humana:
1391 4714 1791 4783 praevaricatio-

216 4833 369 4880 nem,
399 4829 517 4885 qua:
546 4811 620 4866 iiii
649 4812 742 4865 uni
787 4809 1001 4873 delicto,
1030 4824 1138 4877 quo
1166 4808 1280 4862 solo
1321 4807 1565 4861 obstricti
1597 4816 1789 4860 tenen-

217 4918 313 4964 tur
335 4903 564 4959 infantes
582 4903 693 4971 jam
715 4901 769 4954 in
792 4893 1085 4968 majoribus
1103 4897 1348 4952 :etatibus
1369 4912 1435 4950 ex
1460 4895 1790 4950 abundantia

222 4994 524 5069 iniquitatis
548 4991 754 5060 adjecta
775 4998 876 5044 est.
904 4989 1008 5043 Sed
1028 4987 1280 5057 quoniam
1302 4987 1405 5040 hoc
1430 4994 1598 5040 totum
1629 4985 1791 5039 etiam

224 5085 368 5158 quod
398 5100 501 5138 non
533 5082 764 5151 pertinet
811 5081 876 5134 ad
920 5079 1059 5133 illius
1104 5079 1261 5133 unius
1295 5079 1475 5133 delicti
1506 5079 1792 5146 originem,

221 5188 406 5234 tamen
436 5173 624 5230 idonea
649 5171 732 5227 est
754 5169 959 5226 solvere
981 5173 1153 5239 gratia
1175 5170 1500 5235 Salvatoris;
1532 5172 1650 5226 ideo
1672 5188 1791 5224 eum

228 5269 471 5329 dixisset,
499 5268 573 5319 sic
603 5275 649 5318 et
689 5265 858 5334 gratia
903 5271 1074 5331 regnet
1118 5278 1207 5330 per
1237 5261 1500 5329 justitiam
1543 5261 1594 5313 in
1637 5261 1791 5314 vitam

225 5368 496 5419 cumam,
529 5355 751 5417 addidit,
784 5370 874 5422 per
896 5351 1076 5405 Jesum
1107 5351 1367 5404 Christum
1395 5350 1672 5404 Dominum
1698 5369 1792 5404 no-

227 5458 415 5506 atrum,
459 5441 666 5498 Nullius
711 5445 889 5510 itaque
927 5441 1417 5512 ar‘gurnentatiOnes
1464 5450 1646 5492 contra
1678 5441 1795 5494 haec

229 5514 524 5610 apostolica
556 5535 723 5590 verba
744 5533 1034 5601 impediant
1053 5533 1304 5600 parvulos
1325 5548 1352 5584 a
1377 5530 1565 5616 salute,
1582 5546 1698 5598 quze
1714 5537 1796 5584 est

235 5631 288 5685 in
317 5628 531 5683 Christo
565 5624 690 5679 Jesu
736 5624 959 5677 Domino
992 5632 1195 5687 nostro,
1226 5630 1373 5675 tanto
1399 5621 1568 5686 magis
1596 5634 1692 5687 pro
1717 5619 1795 5674 eis

233 5720 377 5785 loqui
410 5715 685 5778 debemus,
705 5720 902 5784 quanto
933 5713 1030 5782 ipsi
1055 5728 1148 5781 pro
1171 5728 1227 5767 se
1251 5711 1391 5780 loqui
1421 5726 1524 5764 non
1551 5718 1794 5777 possunt.

1889 3263 2103 3319 lavacro
2151 3264 2372 3336 spiritali
2417 3284 2784 3340 regenerante,
2809 3277 3068 3345 coepimus
3108 3278 3284 3334 vivere
3322 3280 3452 3344 Deo,

1891 3354 2085 3406 mortui
2115 3362 2291 3408 autem
2319 3372 2439 3412 esse
2461 3364 2701 3428 peccato,
2733 3363 2820 3429 qui
2852 3374 2934 3419 est
2959 3365 3221 3431 diabolus,
3252 3368 3354 3424 hoc
3376 3379 3461 3424 est

1889 3450 2070 3496 tamen
2100 3445 2233 3497 mori
2262 3455 2514 3514 peccato,
2544 3449 2756 3504 liberari
2781 3467 2811 3504 a
2842 3464 3088 3520 peccato,
3124 3452 3238 3510 fieri
3276 3467 3456 3513 autem

1890 3548 2105 3593 servum
2128 3535 2238 3589 Dei.
2256 3533 2647 3608 ltaque‘mortui
2666 3540 2774 3610 jam
2795 3552 3034 3613 peccato,
3051 3559 3157 3599 non
3175 3546 3457 3602 redeamus

1893 3623 1957 3677 ad
1988 3624 2124 3678 mala
2152 3627 2395 3694 pristina,
2421 3642 2486 3682 nc
2515 3630 2706 3683 iterum
2735 3629 2974 3687 vivamus
2998 3644 3238 3702 peccato,
3263 3646 3320 3690 et
3345 3653 3457 3692 mo-

1891 3713 2091 3770 rientes
2113 3716 2238 3778 Deo,
2257 3720 2453 3774 amissa
2467 3721 2744 3791 dignitate.
2762 3738 2972 3792 poenam
2987 3743 3145 3796 quam
3169 3721 3457 3797 evasimus,

1891 3803 2244 3861 incurramus.
2264 3806 2443 3878 (Aug.)
2459 3811 2532 3864 De
2548 3827 2648 3878 qua
2672 3827 2768 3879 per
2797 3829 2957 3867 unum
2978 3814 3245 3871 hominem
3262 3833 3456 3888 pcenae,

1891 3903 1946 3948 et
1969 3910 2066 3963 per
2091 3890 2255 3951 unum
2297 3899 2567 3954 hominem
2607 3902 2790 3972 gratim
2825 3919 2946 3958 cum
2990 3905 3198 3962 locutus
3245 3901 3456 3976 fuisset,

1892 3984 2080 4038 deinde
2109 3988 2247 4041 sacri
2269 3987 2602 4057 baptismatis
2629 3991 2679 4045 in
2708 4007 2868 4047 cruce
2889 3993 3090 4050 Christi
3116 3999 3314 4067 grande
3343 4015 3469 4071 my»

1893 4076 2117 4130 sterium
2138 4080 2550 4144 commendavit,
2574 4091 2638 4136 eo
2664 4083 2840 4148 modo,
2867 4090 2923 4137 ut
2943 4084 3299 4156 intelligamus
3328 4089 3460 4144 nihil

1894 4165 2036 4220 aliud
2083 4181 2203 4222 esse
2245 4166 2440 4223 Christi
2491 4170 2814 4239 baptismum
2859 4174 2960 4228 nisi
3015 4177 3202 4230 mortis
3252 4177 3454 4235 Christi

1895 4256 2313 4313 similitudinem.
2339 4258 2482 4314 Nihil
2506 4269 2683 4316 autem
2704 4260 2846 4318 aliud
2869 4275 3096 4321 mortem
3117 4265 3316 4325 Christi
3337 4287 3462 4328 cru-

1895 4348 2070 4415 ciﬁxi,
2129 4351 2233 4404 nisi
2284 4352 2616 4407 remissionis
2667 4355 2870 4433 peccati
2927 4353 3348 4426 similitudinem,
3401 4371 3459 4418 ut

1896 4442 2346 4510 quemadmodum
2372 4442 2425 4495 in
2454 4442 2550 4497 illo
2563 4457 2688 4498 vera
2712 4459 2858 4500 mors
2882 4443 3022 4501 'aeta
3047 4457 3147 4515 est,
3179 4449 3257 4506 sic
3283 4451 3337 4507 in
3366 4469 3459 4508 no-

1897 4532 1978 4588 bis
2002 4547 2130 4587 vera
2159 4533 2406 4588 remissio
2436 4541 2806 4602 peccatorum;
2839 4543 2895 4590 et
2919 4537 3366 4604 quemadmodum
3403 4544 3457 4596 in

1895 4624 1986 4680 illo
2014 4639 2140 4680 vera
2171 4623 2520 4686 resurrectio,
2557 4622 2628 4675 ita
2670 4621 2727 4678 in
2767 4621 2921 4677 nobis
2962 4632 3090 4680 vera
3121 4625 3454 4695 justiﬁcatio.

1893 4718 1985 4771 Ait
2013 4727 2141 4786 ergo
2165 4732 2178 4766 :
2206 4703 2343 4778 Quid
2385 4729 2505 4782 ergo
2536 4711 2807 4766 dicemus?
2833 4715 3244 4783 permanebimus
3267 4718 3322 4772 in
3342 4737 3457 4789 pec-

1893 4819 2026 4872 cato,
2059 4817 2113 4860 ut
2140 4807 2311 4876 gratia
2337 4805 2602 4858 abundet?
2628 4804 2847 4859 Dixerat
2885 4806 3028 4859 enim
3077 4809 3341 4880 superius,
3368 4813 3458 4867 ubi

1892 4899 2025 4953 enim
2067 4883 2343 4948 abundavit
2369 4903 2655 4963 peccatum,
2679 4883 3118 4962 superabundavit
3156 4900 3372 4970 gratia;
3405 4911 3459 4955 et

1895 4986 2012 5041 ideo
2047 4969 2396 5054 quzestiOnem
2424 4983 2522 5038 sibi
2550 4983 2661 5050 ipse
2688 4982 2985 5052 proposuit,
3020 4969 3199 5038 utrum
3237 4995 3459 5058 propter

1895 5073 2274 5128 abundantiam
2323 5072 2506 5142 gratia!
2553 5071 3007 5141 consequendam,
3038 5072 3092 5127 in
3136 5085 3358 5142 peccato
3387 5077 3458 5140 sit

1895 5164 2333 5234 permanendum.
2362 5149 2466 5215 sed
2494 5161 2790 5230 respondit,
2817 5160 2970 5224 absit,
2997 5169 3154 5230 athe
3188 5165 3413 5234 subjecit
3439 5181 3452 5218 :

1896 5255 1955 5311 Si
1970 5256 2159 5309 mortui
2181 5269 2356 5307 sumus
2376 5260 2603 5321 peccato,
2618 5249 2872 5321 quomodo
2890 5251 3110 5305 vivemus
3129 5251 3185 5304 in
3206 5270 3264 5306 eo
3281 5255 3307 5306 Ρ
3325 5255 3458 5308 nihil

1895 5347 1998 5401 dici
2027 5326 2198 5414 potuit
2223 5342 2436 5397 brevius
2461 5352 2514 5396 et
2541 5342 2763 5405 melius;
2795 5340 2920 5411 quid
2941 5342 3082 5394 enim
3108 5342 3261 5396 nobis
3285 5343 3456 5412 gratia

1894 5433 1991 5488 Dei
2039 5430 2219 5485 utilius
2264 5429 2472 5485 confert
2500 5431 2551 5482 in
2582 5431 2682 5483 hoc
2707 5429 2956 5498 praesenti
2997 5429 3193 5496 steculo
3220 5429 3459 5497 maligno

1897 5522 1999 5577 nisi
2029 5531 2086 5575 ut
2114 5522 2408 5575 moriamur
2435 5531 2671 5589 peccato,
2703 5534 2765 5574 ac
2795 5535 2888 5588 per
2903 5516 3007 5572 hoc
3036 5516 3133 5588 ipsi
3166 5520 3352 5588 gratim
3382 5519 3463 5572 iu-

1897 5613 2140 5668 venietur
2184 5612 2440 5683 ingratus,
2467 5611 2558 5680 qui
2609 5624 2827 5681 propter
2867 5609 3009 5663 illam
3051 5609 3166 5664 vult
3192 5610 3374 5662 vivere
3409 5608 3461 5661 in

1898 5713 2136 5776 peccato,
2161 5718 2255 5773 per
2279 5717 2436 5771 quam
2470 5701 2728 5755 morimur
2757 5708 2988 5770 peccato.
