3960 6360
432 361 565 421 1391

1050 357 1111 411 Β.
1142 352 1405 411 BABANI
1442 348 1663 406 MAURI
1702 347 2021 403 ARClllEP.
2061 344 2371 401 MOGUNT.
2412 340 2701 399 OPERUM
2738 337 2920 396 PARS
2955 339 3046 394 111.

3566 337 3709 390 1593

502 474 584 531 Au
631 476 882 544 ignoratis
930 467 1055 539 quia
1092 450 1399 538 quicunque
1444 452 1693 533 baptizati
1737 475 1915 513 sumus
1959 458 2014 512 in
2041 460 2095 519 Α
2117 456 2344 509 surrexit
2380 452 2617 531 Christus
2644 472 2677 507 a
2710 453 2929 507 mortuis
2957 468 3047 522 per
3070 450 3293 521 gloriam
3327 447 3533 510 Patris,
3562 451 3636 502 ita
3661 459 3707 500 et

433 566 642 620 Christo
664 564 812 627 .lesu,
828 563 882 615 in
904 569 1068 614 morte
1094 560 1256 627 ipsius
1283 554 1528 626 baptizati
1547 546 2016 621 sumus?(Ambr.)

435 655 549 710 Hoc
571 654 723 717 dicit,
754 659 815 705 ut
838 650 1075 704 sciamus
1102 646 1406 716 baptizatos
1431 658 1529 700 nos
1552 641 1664 712 jam
1693 656 1798 695 non
1822 639 2019 695 debere

435 746 681 816 peccare,
704 741 828 811 quia
852 753 976 794 cum
998 738 1357 808 baptizamur,
1377 733 1763 791 commorimur
1780 729 2015 786 Christo.

438 834 549 889 Hoc
581 841 663 887 est
690 832 744 884 in
788 838 964 892 morte
992 828 1162 898 ipsius
1189 826 1458 897 baptizari
1486 841 1500 891 ;
1530 824 1639 879 illic
1666 822 1812 876 enim
1836 820 2022 876 omnia

439 930 659 994 peccata
680 929 864 975 nostra
888 918 1211 981 moriuntur,
1231 915 1544 976 utinuovati
1560 912 1802 984 deposita
1824 910 2021 974 morte,

440 1026 724 1085 resurgere
751 1011 1033 1066 videamur
1082 1008 1151 1063 ad
1196 1008 1364 1062 vitam
1409 1007 1620 1068 renati,
1648 1011 1710 1058 ut
1753 1001 2025 1074 quomodo

439 1105 688 1161 Christus
736 1110 978 1158 mortuus
1018 1103 1241 1170 peccato
1272 1098 1599 1170 resurrexit,
1622 1095 1696 1149 ita
1722 1104 1777 1149 et
1802 1109 1901 1147 nos
1930 1107 2026 1163 per

442 1198 767 1267 baptismum
811 1209 961 1264 spem
1009 1183 1423 1247 resurrectionis
1466 1189 1781 1243 habeamus.
1816 1184 2028 1253 Baptis-

347 1343 349 1345 ,
444 1303 594 1342 mum
626 1287 805 1353 itaque
849 1298 994 1339 mors
1020 1283 1227 1352 peccati
1257 1290 1368 1344 est,
1396 1290 1455 1335 ut
1479 1280 1582 1333 alia
1610 1287 1867 1347 sequatur
1891 1275 2029 1330 uati-

446 1379 607 1444 vitas,
637 1392 757 1449 qua:
796 1375 1040 1445 corporis
1087 1382 1341 1429 manente
1386 1372 1721 1441 compagine,
1754 1368 2029 1425 hominem

448 1475 631 1523 mente
675 1467 928 1531 innovat,
959 1465 1170 1534 sepulta
1215 1463 1466 1523 omnium,
1497 1461 1760 1516 malorum
1813 1468 2029 1513 actuum

448 1565 737 1612 vetustate.
785 1553 1085 1625 Consepulti
1130 1555 1267 1607 enim
1310 1569 1491 1607 sumus
1523 1568 1640 1605 cum
1666 1549 1759 1603 illo
1785 1566 1876 1624 per
1901 1549 2030 1619 bap-

449 1648 664 1700 tismum
684 1647 739 1698 in
768 1653 1002 1708 mortem,
1029 1653 1082 1696 ut
1110 1643 1553 1713 quemadmodum
1587 1640 1826 1695 Christus
1858 1656 2033 1700 resur-

455 1737 585 1789 rexit
622 1753 654 1788 a
678 1735 898 1788 mortuis
927 1750 1021 1804 per
1048 1734 1291 1787 virtutem
1321 1732 1530 1797 Patris,
1555 1733 1631 1785 ita
1656 1742 1705 1785 et
1736 1748 1829 1785 nos
1856 1732 1911 1784 in
1937 1747 2035 1784 no—

2120 553 2214 603 'nos
2240 550 2296 602 in
2318 549 2543 603 novitate
2564 548 2681 602 vitae
2712 545 3057 608 ambulemus,
3086 554 3214 607 etc.,
3245 558 3421 613 usque
3444 543 3568 598 dum
3594 543 3673 597 ait
3693 560 3731 615 :7

2124 638 2276 704 Quod
2306 638 2443 691 enim
2471 645 2707 690 mortuus
2736 646 2810 689 est
2845 646 3053 705 peccato
3073 674 3086 698 ,
3118 645 3355 692 mortuus
3400 644 3475 687 est
3514 634 3711 696 semel;

2122 730 2259 803 quod
2288 740 2460 784 autem
2494 723 2633 793 vivit,
2665 728 2784 781 vivit
2808 726 2916 781 Deo
2939 742 2955 778 :
2980 728 3053 780 ita
3080 736 3128 779 et
3178 742 3267 779 vos
3301 727 3593 779 existimate
3623 742 3715 779 vos

2125 830 2356 875 mortuos
2400 835 2509 873 esse
2554 827 2795 888 peccato,
2826 817 2992 872 vivere
3033 825 3207 870 autem
3252 816 3361 869 Deo
3407 818 3464 869 in
3504 815 3716 870 Christo

2124 912 2271 967 Jesu.
2314 911 2452 965 Hinc
2480 911 2625 964 enim
2672 908 2905 979 probare
2953 916 3194 978 coeperat
3236 922 3341 960 non
3392 922 3514 961 esse
3558 906 3718 961 lmbis

2125 1003 2547 1073 permanendum
2573 1003 2627 1055 in
2654 1010 2905 1071 peccato,
2936 1008 2998 1054 ut
3043 1000 3215 1069 gratia
3244 1000 3516 1065 abundet,
3544 1009 3600 1054 ut
3633 999 3721 1055 di-

2127 1102 2281 1150 xerat
2302 1113 2320 1169 γε
2345 1093 2405 1149 Si
2432 1092 2625 1146 mortui
2671 1084 2852 1145 sumus
2900 1098 3138 1160 peccato,
3183 1091 3445 1159 quomodo
3490 1092 3719 1145 vivemus

2128 1186 2183 1240 in
2209 1202 2266 1239 eo
2283 1185 2307 1238 ?
2324 1185 2505 1253 Atque
2536 1192 2593 1237 ut
2610 1183 2918 1237 ostenderet
2939 1196 3039 1235 nos
3065 1190 3305 1234 mortuos
3325 1195 3447 1235 esse
3471 1190 3717 1251 peccato.

2131 1276 2434 1345 subjecerat
2469 1295 2481 1329 :
2521 1274 2603 1328 An
2649 1275 2928 1346 ignoratis,
2955 1275 3081 1344 quia
3126 1274 3422 1343 quicunque
3468 1274 3723 1342 baptisati

2131 1385 2308 1423 sumus
2339 1368 2396 1421 in
2436 1364 2641 1420 Christo
2669 1364 2819 1429 Jesu,
2846 1366 2902 1419 in
2942 1373 3107 1418 morte
3151 1364 3295 1418 illius
3345 1367 3596 1434 baptizati
3626 1382 3723 1419 su—

2134 1461 2289 1515 mus?
2314 1459 2406 1514 Sic
2447 1460 2627 1529 itaque
2660 1468 2828 1513 totum
2856 1457 3036 1512 locum
3078 1456 3243 1511 istum
3274 1456 3491 1523 clausit,
3523 1467 3580 1511 ut
3614 1472 3724 1512 cte-

2134 1555 2243 1624 pit;
2278 1560 2505 1607 mortem
2529 1551 2726 1621 quippe
2749 1549 2999 1627 Christus
3028 1548 3106 1603 sic
3132 1548 3448 1615 insinuavit,
3474 1558 3535 1602 ut
3559 1549 3724 1604 etiam

2137 1646 2311 1716 ipsum
2343 1653 2629 1698 mortuum‘
2645 1643 2850 1709 diceret
2874 1656 2995 1696 esse
3032 1652 3287 1711 peccato,
3318 1642 3407 1696 cui
3437 1657 3567 1697 vero
3586 1632 3723 1711 ’βεε-

2140 1743 2282 1801 cato,
2310 1735 2415 1790 nisi
2460 1733 2647 1789 carni?
2677 1733 2731 1786 in
2759 1746 2863 1801 qua
2890 1741 3013 1786 erat
3049 1747 3153 1786 non
3193 1740 3502 1802 peccatum,
3534 1732 3627 1786 sed
3656 1733 3729 1786 si-

455 1828 609 1880 vitate
636 1825 756 1877 vita:
798 1822 1141 1878 ambulemus.
1183 1822 1311 1878 Haec
1356 1822 1562 1887 dicens,
1589 1822 1753 1875 etiam
1789 1820 1930 1875 istud
1959 1819 2038 1873 si-
2067 1804 2114 1864 Β
2142 1826 2386 1881 militudo
2414 1823 2642 1894 peccati,
2686 1830 2741 1878 et
2767 1822 2890 1876 ideo
2928 1822 3144 1877 nomine
3185 1822 3451 1891 appellata
3492 1822 3724 1891 peccati.

456 1914 695 1988 gniﬁcat,
743 1914 886 1985 quod
938 1914 1171 1984 primum
1214 1921 1313 1977 est,
1367 1915 1493 1984 quia
1547 1912 1796 1968 Christus
1841 1925 2037 1980 corpus

458 2024 614 2064 suum
641 2023 673 2062 a
702 2006 930 2062 mortuis
976 2002 1263 2073 excitavit;
1308 2008 1421 2077 ipse
1456 2006 1599 2062 enim
1628 2007 1799 2059 virtus
1831 2012 1913 2059 est
1942 2004 2039 2059 Dei

458 2100 654 2167 Patris,
685 2100 825 2155 sicut
857 2098 993 2153 dixit
1019 2115 1031 2153 :
1060 2098 1255 2153 Solvite,
1282 2097 1528 2167 templum
1570 2097 1689 2161 hoc,
1711 2097 1834 2151 etin
1873 2095 2039 2148 tribus

458 2190 639 2244 diebus
676 2188 912 2243 excitabo
953 2186 1119 2253 illud;
1162 2188 1259 2241 hoc
1288 2198 1462 2243 autem
1508 2189 1708 2242 dicebat
1743 2188 1807 2241 de
1852 2184 2040 2256 templo

460 2282 690 2352 corporis
729 2281 813 2334 sui
852 2279 1033 2351 (Joan.
1066 2278 1160 2350 ιι);
1192 2286 1245 2332 ει
1266 2279 1391 2348 quia
1434 2277 1733 2339 resurrexit
1764 2277 1818 2330 in
1848 2291 2043 2329 novam

460 2371 628 2426 vitam
678 2386 798 2442 qua:
818 2368 929 2437 jam
977 2370 1115 2423 mori
1161 2369 1385 2423 nesciat.
1418 2367 1563 2421 Nova
1614 2376 1792 2421 autem
1823 2366 2040 2430 dicitur,

459 2458 585 2528 quia
606 2473 635 2512 a
657 2457 873 2513 Christo
895 2457 1022 2511 data
1042 2464 1141 2518 est,
1168 2472 1287 2526 quae
1308 2465 1389 2511 est
1409 2456 1688 2525 disciplina
1715 2456 2039 2511 Christiana.

462 2547 572 2602 Nos
598 2556 776 2602 autem
807 2546 1066 2617 baptizati
1092 2546 1393 2615 consepulti
1420 2561 1606 2600 sumus
1631 2546 1871 2610 Christo,
1900 2554 1957 2599 ut
1978 2545 2045 2601 de

463 2649 660 2695 caetero
706 2640 847 2693 hanc
883 2638 1049 2692 vitam
1101 2651 1411 2704 sequamur,
1440 2636 1495 2693 in
1523 2652 1630 2705 qua
1657 2634 1907 2689 Christus
1956 2650 2044 2692 re-

464 2732 720 2785 surrexit.
776 2729 1112 2799 Baptismum
1162 2729 1343 2797 itaque
1398 2726 1810 2781 resurrectionis
1852 2726 2046 2794 pignus

463 2827 569 2883 est,
600 2827 655 2873 et
688 2818 891 2888 imago;
922 2826 984 2871 ut
998 2816 1109 2883 jam
1140 2818 1191 2869 in
1224 2816 1505 2886 pratceptis
1530 2813 1733 2869 Christi
1768 2824 2048 2869 manentes

466 2910 535 2963 ad
564 2910 831 2977 praeterita
866 2909 1041 2963 denuo
1066 2923 1172 2963 non
1209 2907 1566 2962 revolvamur.
1588 2906 1689 2973 Qui
1716 2906 1857 2960 enim
1884 2904 2049 2959 mori-

465 3004 684 3072 turjam
708 3016 811 3055 non
839 3008 1023 3070 peccat
1049 3018 1061 3053 :
1087 3015 1232 3055 mors
1257 3000 1402 3054 enim
1427 2999 1549 3054 linis
1564 2998 1771 3069 peccati
1794 3006 1891 3051 est.
1913 2996 2049 3051 Nam

466 3091 587 3148 ideo
618 3108 713 3161 per
743 3105 936 3160 aquam
965 3090 1286 3159 celebratur,
1313 3100 1372 3143 ut
1390 3091 1529 3143 sicut
1550 3106 1685 3159 aqua
1708 3089 1896 3143 sordes
1924 3102 2046 3142 cor-

467 3158 841 3253 poris—abluit;
869 3183 941 3235 ita
967 3190 1021 3235 et
1053 3197 1150 3235 nos
1174 3158 1271 3251 per
1301 3158 1627 3250 baptismum
1650 3182 1718 3234 ab
1746 3180 1891 3234 omni
1921 3193 2046 3247 pec-
2074 3158 2118 3219 (ἶ

467 3284 590 3329 cato
614 3273 963 3344 spiritualiter
981 3282 1236 3341 purgatos
1250 3286 1347 3325 nos
1366 3281 1422 3326 et
1445 3273 1727 3325 innovatos
1741 3271 2046 3333 credamus,

468 3372 529 3419 ut
573 3364 715 3432 quad
766 3360 1101 3430 incorporale
1144 3368 1260 3427 est,
1293 3359 1633 3413 invisibiliter
1674 3357 1939 3411 abluatur.
1992 3356 2049 3410 Si

467 3444 607 3511 enim
636 3452 975 3522 complantati
1016 3467 1196 3505 sumus
1240 3449 1573 3504 similitudiri
1609 3450 1788 3501 mortis
1816 3448 1952 3516 ejus,
1979 3448 2052 3499 si-

469 3547 580 3603 mul
611 3556 659 3601 et
690 3532 1082 3615 resurrectionis
1121 3544 1334 3596 erimus.
1360 3540 1511 3594 Tunc
1541 3556 1639 3595 nos
1668 3538 1894 3593 feliciter
1924 3540 2052 3593 dicit

470 3652 629 3710 posse
654 3650 968 3704 resurgere,
995 3634 1040 3687 si
1063 3632 1402 3687 similitudini
1430 3630 1620 3685 mortis
1643 3630 1761 3699 ejus
1788 3628 2052 3685 fuerimus

473 3727 840 3799 complantati,
871 3726 924 3779 id
965 3734 1067 3788 est,
1106 3724 1152 3778 si
1191 3725 1243 3800 in
1283 3724 1552 3793 baptismo
1580 3723 1761 3777 omnia
1803 3722 1933 3775 vitia
1962 3722 2051 3775 de-

472 3830 763 3893 ponentes,
794 3820 848 3872 in
892 3830 1087 3871 novam
1126 3816 1291 3868 vitam
1333 3814 1603 3879 translati,
1628 3815 1694 3869 de
1720 3823 1915 3868 caetero
1946 3829 2050 3867 non

473 3924 789 3982 peccemus:
828 3922 924 3977 per
962 3900 1106 3976 quod
1152 3903 1311 3959 simul
1355 3912 1410 3958 et
1450 3904 1863 3958 resurrectionis
1914 3903 2055 3957 illius

476 4002 689 4059 similes’
748 3999 979 4063 erimus;
1038 3996 1332 4051 similitudo
1382 3996 1526 4050 enim
1592 3996 1782 4050 mortis
1824 3995 2055 4049 similem

477 4092 751 4167 praestabit
776 4092 1246 4152 resurrectionem,
1276 4088 1417 4157 quod
1442 4088 1497 4141 in
1526 4088 1748 4157 epistola
1780 4104 1873 4142 sua
1898 4087 2057 4142 Joan-

479 4202 575 4240 nes
628 4181 902 4254 apostolus
954 4188 1219 4235 memorat
1246 4179 1473 4233 dicens:
1516 4177 1724 4254 Scimus
1772 4181 1896 4248 quia
1939 4193 2058 4230 cum

482 4273 803 4344 apparuerit,
835 4268 1029 4324 similes
1076 4269 1125 4322 ei
1170 4267 1360 4322 erimus
1409 4266 1459 4338 (1
1486 4265 1648 4321 Joan.
1682 4267 1785 4337 ιιι),
1824 4268 1926 4322 hoc
1977 4275 2059 4322 cst

482 4360 841 4438 immortalem
876 4366 931 4411 et
961 4357 1251 4427 gloriosum
1294 4372 1594 4426 resurgere.
1629 4356 1738 4411 Nec
1773 4358 1913 4409 enim
1948 4358 2060 4411 hmc

480 4453 585 4506 erit
629 4437 947 4512 similitudo,
978 4454 1037 4499 ut
1082 4445 1214 4499 nihil
1255 4447 1449 4510 distet,
1480 4437 1604 4516 quia
1635 4448 1823 4501 similis
1855 4448 1960 4501 erit
2005 4447 2059 4500 in

482 4541 725 4610 corporis
770 4537 960 4609 gloria,
990 4551 1095 4591 non
1131 4536 1187 4591 in
1224 4536 1521 4592 divinitatis
1552 4547 1763 4591 natura.
1798 4538 1878 4591 An
1913 4542 2060 4609 igno—

484 4631 634 4695 ratis,
658 4628 849 4699 inquit,
881 4627 1129 4697 quoniam
1174 4627 1470 4696 quirunque
1514 4626 1776 4696 baptizati‘
1799 4645 1977 4681 sumus
2006 4631 2060 4682 in

486 4719 693 4773 Christo
713 4717 841 4771 Jesu
859 4756 873 4781 ,
900 4716 956 4768 in
978 4723 1140 4779 morte
1166 4715 1328 4783 ipsius
1357 4717 1605 4785 haptizati
1630 4718 1848 4769 sumus?
1875 4717 2059 4789 (Aug)

486 4808 543 4863 Si
587 4822 714 4877 ergo
742 4806 867 4859 hinc
896 4803 1230 4858 ostendimur
1266 4805 1463 4856 mortui
1511 4793 1629 4858 esse
1668 4814 1906 4874 peccato,
1938 4808 2061 4875 quia

486 4907 714 4954 mortem
743 4895 912 4966 ipsius
955 4893 1206 4963 baptizati
1240 4909 1445 4955 sumus,
1476 4894 1717 4961 profecto
1762 4905 1816 4949 et
1856 4896 2061 4964 parvuli

486 4991 577 5060 qui
608 4988 946 5058 haptizantur
974 4987 1027 5039 in
1056 4984 1295 5049 Christo,
1320 4994 1541 5053 peccato
1586 4988 1907 5049 moriuntur,
1939 4989 2063 5056 quia

489 5083 542 5134 in
574 5086 745 5132 morte
774 5077 939 5147 ipsius
980 5075 1356 5143 baptizantur:
1382 5073 1523 5127 nullo
1553 5075 1693 5128 enim
1725 5085 1951 5144 excepto
1980 5078 2063 5128 di-

488 5181 635 5225 ctum
661 5179 780 5223 est:
813 5168 1119 5235 Quicunque
1139 5166 1537 5234 ergobaptizati
1564 5182 1744 5218 sumus
1774 5167 1827 5217 in
1859 5166 2065 5221 Christo

489 5262 640 5323 Jesu,
674 5260 729 5311 in
755 5267 917 5310 morte
940 5256 1101 5326 ipsius
1124 5255 1369 5323 baptizati
1394 5272 1595 5319 sumus,
1622 5264 1676 5309 et
1716 5256 1835 5309 ideo
1863 5256 2065 5312 dictum

489 5362 606 5415 est,
632 5359 692 5403 ut
739 5350 1057 5418 probaretur
1107 5354 1346 5400 mortuos
1392 5362 1509 5401 esse
1554 5362 1651 5400 nos
1692 5348 2063 5416 peccatozcui

490 5450 669 5495 autem
714 5445 935 5507 peccato
982 5433 1191 5503 parvuli
1234 5436 1566 5490 renascendo
1607 5437 1930 5503 moriuntur,
1957 5439 2063 5494 nisi

493 5531 636 5599 quod
660 5526 929 5583 nascendo
965 5524 1281 5579 traxerunt?
1300 5538 1363 5578 ac
1388 5540 1486 5594 per
1512 5526 1615 5580 hoc
1635 5524 1799 5579 etiam
1824 5527 1890 5581 ad
1918 5528 2063 5597 ipsos

495 5621 727 5689 pertinet
755 5616 895 5687 quod
924 5615 1188 5683 sequitur,
1219 5615 1402 5669 dicens
1429 5633 1440 5667 :
1466 5614 1764 5685 Consepulti
1797 5620 1933 5671 enim
1976 5637 2063 5673 su-

498 5728 610 5764 mus
632 5709 709 5763 illi
739 5722 829 5777 per
868 5706 1177 5777 baptismum
1212 5708 1266 5759 iu
1297 5714 1601 5772 mortem,ut
1623 5709 2061 5778 quemadmodum

2086 4500 2137 4559 D

2139 1910 2448 1988 Baptizatus
2492 1916 2671 1985 itaque
2716 1914 2770 1968 in
2820 1921 3050 1968 mortem
3096 1912 3331 1976 Christi,
3366 1912 3421 1965 in
3467 1926 3574 1980 qua
3622 1926 3730 1966 non

2142 2010 2242 2068 soli
2276 2008 2530 2076 majores,
2560 2021 2747 2060 verum
2772 2005 2936 2059 etiam
2965 2001 3172 2073 parvuli
3215 2001 3586 2071 baptizautur;
3615 2002 3727 2054 ait:

2144 2101 2235 2157 Sic
2255 2110 2302 2155 et
2330 2117 2438 2164 vos,
2474 2097 2527 2151 id
2549 2105 2632 2153 est
2660 2095 3112 2166 quemadmodum
3142 2093 3412 2157 Christus,
3444 2094 3524 2148 sic
3550 2101 3605 2146 et
3633 2108 3731 2148 vos

2142 2195 2434 2252 existimate
2461 2210 2548 2248 vos
2571 2202 2804 2246 mortuos
2831 2207 2939 2245 esse
2967 2198 3198 2259 peccato,
3224 2190 3389 2243 vivere
3416 2196 3591 2241 autem
3622 2186 3732 2240 Deo

2144 2289 2198 2341 in
2227 2286 2433 2341 Christo
2463 2283 2610 2337 Jesu.
2648 2282 2918 2351 Quidquid
2949 2280 3112 2351 igitur
3139 2288 3347 2352 gestum
3374 2286 3459 2334 est
3487 2278 3543 2333 in
3570 2291 3736 2332 cruce

2144 2378 2365 2441 Christi,
2394 2378 2447 2430 in
2477 2376 2777 2445 sepultura,
2818 2374 2885 2427 in'
2902 2372 3321 2435 resurrectione,
3348 2372 3515 2433 tertio
3536 2372 3644 2433 die,
3679 2370 3735 2424 in

2146 2469 2464 2525 ascensione
2493 2466 2548 2520 in
2578 2465 2796 2528 coelum,
2828 2472 2884 2517 et
2916 2463 3104 2518 sedere
3131 2462 3197 2516 ad
3210 2462 3508 2517 dexteram
3532 2460 3732 2523 Patris.

2146 2563 2218 2617 ita
2250 2569 2458 2632 gestum
2488 2566 2589 2621 est,
2622 2566 2680 2611 ut
2706 2556 2791 2610 his
2817 2557 2979 2609 rebus
3006 2569 3112 2608 non
3140 2554 3369 2624 mystice
3413 2560 3624 2606 tantum
3653 2551 3737 2604 di-

2148 2652 2279 2713 ctis,
2311 2649 2404 2702 sed
2430 2647 2591 2700 etiam
2622 2644 2788 2715 gestis
2817 2642 3244 2713 conﬁguraretur
3278 2642 3387 2695 vita
3423 2640 3737 2694 Christiana

2148 2756 2267 2811 quae
2305 2740 2394 2793 hic
2423 2738 2646 2809 geritur.
2684 2734 2816 2789 Nam
2862 2745 3085 2804 propter
3113 2731 3228 2799 ejus
3268 2747 3487 2786 crucem
3528 2732 3736 2786 dictum

2148 2840 2230 2885 est
2260 2827 2522 2901 (Gal.v)‘.
2567 2826 2669 2891 Qui
2716 2836 2891 2879 autem
2942 2825 3066 2879 Jesu
3112 2823 3307 2877 Christi
3352 2832 3495 2887 sunt,
3523 2838 3735 2876 carnem

2150 2938 2301 2976 suam
2322 2922 2692 2988 crucifixerunt
2716 2936 2833 2972 cum
2854 2918 3184 2988 passionibus
3201 2926 3247 2970 et
3268 2914 3736 2985 concupiscentiis;

2150 3023 2369 3083 propter
2395 3013 2722 3081 sepulturam
2751 3029 2761 3063 :
2791 2998 2993 3079 Sepulti
3013 3012 3150 3062 enim
3180 3025 3363 3061 sumus
3386 3025 3506 3061 cum
3530 3007 3738 3062 Christo

2149 3119 2242 3172 per
2269 3102 2577 3172 baptismum
2608 3103 2661 3167 in
2700 3099 2952 3163 mbrtem;
2986 3108 3206 3169 pr0pter
3233 3098 3735 3155 resurrectionem:

2153 3186 2220 3242 Ut
2247 3189 2688 3259 quemadmodum
2721 3187 2960 3242 Christus
2996 3188 3277 3241 resurrexit
3321 3205 3355 3240 α
3385 3189 3610 3241 mortuis
3649 3205 3743 3257 per

2151 3280 2368 3349 gloriam
2417 3278 2616 3341 Patris,
2650 3280 2724 3330 ita
2764 3288 2810 3331 et
2852 3296 2945 3334 uos
2986 3280 3041 3332 in
3082 3279 3309 3332 novitate
3337 3280 3459 3333 vita:
3506 3280 3745 3333 ambule-

2151 3387 2300 3433 mus;
2330 3379 2551 3439 propter
2600 3370 2972 3423 ascensionem
3011 3369 3064 3422 in
3111 3367 3325 3431 coelum,
3357 3369 3653 3438 sedemque
3674 3369 3743 3423 ad

2151 3460 2426 3514 dexteram
2468 3460 2643 3513 Patris
2674 3477 2686 3512 :
2713 3458 2770 3513 Si
2800 3470 2970 3514 autem
3020 3460 3376 3514 resurrexistis
3417 3460 3477 3513 in
3507 3458 3739 3526 Christo,

2150 3567 2267 3621 qua:
2294 3568 2499 3603 sursum
2529 3558 2649 3602 sunt
2674 3551 2891 3620 quterite
2934 3549 3021 3602 ubi
3064 3547 3304 3603 Christus
3338 3558 3415 3602 est
3441 3548 3497 3600 in
3528 3548 3744 3603 dextera

2153 3642 2249 3695 Dei
2288 3640 2489 3703 sedens,
2517 3656 2631 3709 quae
2677 3656 2887 3693 sursum
2927 3647 3045 3693 sunt
3071 3638 3256 3707 sapite,
3289 3654 3397 3691 non
3422 3629 3543 3707 qua:
3587 3656 3737 3708 super

2154 3742 2368 3794 terram,
2395 3731 2586 3782 mortui
2628 3731 2766 3783 enim
2805 3730 2945 3793 estis,
2992 3736 3041 3781 et
3083 3726 3191 3781 vita
3228 3736 3399 3781 vestra
3433 3728 3745 3781 abscondita

2154 3830 2226 3874 est
2253 3837 2369 3873 cum
2395 3820 2600 3873 Christo
2624 3820 2679 3872 in
2706 3819 2838 3873 Deo.

2228 3913 2458 3968 Scientes
2485 3915 2580 3966 hoc
2607 3954 2625 3975 ,
2650 3913 2773 3983 quia
2800 3920 2945 3966 vetus
2974 3912 3128 3965 homo
3160 3920 3336 3965 noster
3372 3910 3535 3965 simul
3573 3912 3746 3965 cruci-

2152 4003 2295 4071 ﬁxus
2326 4012 2423 4067 est,
2458 4012 2510 4054 ut
2537 4002 2842 4055 destruatur
2880 4018 3067 4072 corpus
3101 4003 3331 4071 peccati,
3368 4012 3423 4054 ut
3454 4002 3597 4055 ultra
3633 4019 3737 4056 non

2156 4094 2440 4147 serviamus
2469 4102 2697 4161 peccato.
2716 4093 2868 4159 Quod
2891 4101 3071 4146 autem
3098 4093 3193 4156 ait,
3216 4092 3314 4145 hoc
3340 4094 3565 4145 scientes
3584 4134 3598 4154 ,
3621 4094 3744 4162 quia

2158 4192 2297 4235 vetus
2328 4183 2481 4234 homo
2516 4192 2686 4234 noster
2717 4183 2873 4237 simul
2901 4182 3186 4250 crucifixus
3215 4191 3311 4246 est,
3357 4191 3414 4234 ut
3465 4194 3745 4237 evacuetar

2158 4289 2345 4343 corpus
2374 4275 2590 4340 peccati.
2642 4272 2895 4348 Refertur
2936 4273 3003 4326 ad
3038 4273 3163 4328 illud
3208 4273 3350 4341 quod
3385 4288 3483 4342 per
3525 4271 3741 4343 Moysen

2160 4365 2361 4417 dictum
2388 4374 2470 4418 est
2496 4384 2507 4416 ε
2539 4364 2850 4418 Maledictus
2876 4366 3042 4419 cautis
3064 4366 3151 4433 qui
3174 4368 3226 4417 in
3253 4363 3397 4433 ligno
3422 4365 3742 4434 pependerit.

2162 4452 2376 4509 Veteris
2423 4454 2659 4509 hominis
2706 4453 2983 4508 cruciﬁxio
3020 4452 3322 4523 signiﬁcata
3353 4461 3438 4507 est
3482 4453 3541 4506 in
3580 4466 3741 4507 cruce

2166 4548 2407 4611 Domini,
2440 4547 2580 4600 sicut
2610 4548 2734 4600 novi
2764 4546 2999 4601 hominis
3036 4547 3357 4601 instauratio
3396 4546 3451 4601 in
3497 4562 3744 4602 resurre-

2163 4637 2339 4690 ctione
2369 4637 2579 4705 signata
2605 4644 2704 4690 est.
2741 4636 3081 4689 Manifestum
3119 4646 3201 4689 est
3228 4646 3410 4691 autem
3448 4639 3741 4693 secundum

2165 4744 2286 4782 eum
2313 4744 2408 4781 nos
2434 4742 2593 4796 agere
2616 4736 2850 4781 veterem
2874 4728 3145 4781 hominem
3174 4729 3264 4797 qui
3296 4729 3620 4785 maledictus
3638 4739 3743 4795 est,

2164 4826 2382 4884 propter
2408 4826 2707 4885 peccatum.
2748 4817 2811 4869 Et
2841 4818 2905 4870 de
2936 4817 3160 4871 Domino
3196 4814 3401 4872 dictum
3437 4834 3561 4874 esse
3589 4836 3745 4875 nemo

2167 4906 2406 4973 amhigit,
2437 4907 2575 4973 quod
2607 4916 2828 4973 peccata
2866 4915 3047 4959 nostra
3084 4908 3347 4974 portavit,
3381 4916 3438 4961 et
3464 4918 3743 4976 peccatum

2167 5011 2263 5063 pro
2291 4996 2445 5049 nobis
2481 4995 2673 5059 factus,
2703 5007 2758 5049 et
2789 4999 2853 5050 de
2878 5006 3102 5065 peccato
3132 4998 3517 5064 condemnavit
3546 5014 3743 5067 pecca-

2166 5094 2297 5137 tum.
2334 5085 2471 5150 Qllitl
2503 5086 2572 5137 sit
2612 5096 2789 5139 autem
2834 5102 3097 5140 evacuare
3142 5101 3337 5153 corpus
3378 5089 3589 5155 peccati
3634 5091 3745 5157 ipse

2167 5176 2447 5244 exposuit,
2473 5186 2527 5228 ut
2559 5186 2699 5228 ultra
2741 5192 2843 5229 non
2888 5178 3171 5231 serviamus
3211 5188 3423 5246 peccato
3444 5195 3461 5242 ;
3491 5188 3558 5231 et”
3583 5178 3743 5243 illud,

2168 5263 2308 5330 quod
2357 5264 2430 5316 ait
2450 5304 2463 5327 ,
2494 5265 2539 5316 si
2570 5264 2760 5316 mortui
2795 5280 2974 5317 sumus
3013 5280 3132 5317 cum
3161 5262 3399 5329 Christo,
3431 5265 3536 5319 hoc
3561 5274 3674 5327 est,
3699 5267 3746 5321 si

2170 5354 2413 5408 cruciﬁxi
2458 5371 2644 5408 sumus
2689 5372 2812 5408 cum
2855 5354 3090 5410 Christo.
3118 5356 3255 5409 Dicit
3291 5357 3436 5409 enim
3482 5356 3588 5412 alio
3626 5358 3747 5413 loco

2170 5443 2310 5515 (Gal.
2341 5446 2393 5516 v)
2421 5465 2432 5498 :
2456 5448 2546 5515 qui
2576 5456 2747 5499 autem
2777 5445 2971 5500 Christi
3012 5446 3141 5502 Iesu
3182 5457 3302 5501 sunt
3344 5465 3557 5503 carnem
3592 5468 3747 5505 suam

2170 5535 2538 5603 cruciﬁxerunt
2574 5551 2691 5588 cum
2729 5536 2861 5589 vitiis
2890 5546 2937 5589 et
2969 5538 3419 5607 concupiscentiis.
3461 5537 3577 5593 Non
3612 5556 3747 5611 ergo

2170 5624 2452 5678 Dotuinum
2500 5625 2777 5678 maledixit
2828 5626 3072 5697 Moyses,
3126 5628 3219 5681 sed
3262 5627 3389 5694 quid
3444 5631 3749 5685 ostenderit

2169 5716 2284 5785 ejus
2313 5716 2592 5770 crucilikio
2625 5708 2979 5786 prophetavit.
3025 5716 3279 5787 (Arnim)
3316 5717 3481 5773 Multa
3518 5719 3750 5777 innectit
