  <div class='ocr_page' id='page_1' title='image "/cluster/home/n/w/nwhite01/storage/ocr_20150623/111/uva.x000827067/704.png"; bbox 0 0 3960 6342; ppageno 0'>
   <div class='ocr_carea' id='block_1_1' title="bbox 208 434 350 487">
    <p class='ocr_par' dir='ltr' id='par_1_1' title="bbox 208 434 350 487">
     <span class='ocr_line' id='line_1_1' title="bbox 208 434 350 487; baseline 0 -1"><span class='ocrx_word' id='word_1_1' title='bbox 208 434 350 487; x_wconf 69' lang='grc'><strong>1395</strong></span> 
     </span>
    </p>
   </div>
   <div class='ocr_carea' id='block_1_2' title="bbox 739 415 1817 479">
    <p class='ocr_par' dir='ltr' id='par_1_2' title="bbox 739 418 1815 479">
     <span class='ocr_line' id='line_1_2' title="bbox 739 418 1815 479; baseline -0.007 0"><span class='ocrx_word' id='word_1_2' title='bbox 739 423 1280 479; x_wconf 74' lang='lat' dir='ltr'><strong>ENARRATIONUM</strong></span> <span class='ocrx_word' id='word_1_3' title='bbox 1320 421 1384 475; x_wconf 80' lang='lat' dir='ltr'><strong>IN</strong></span> <span class='ocrx_word' id='word_1_4' title='bbox 1423 422 1565 475; x_wconf 81' lang='lat' dir='ltr'><strong>EPP.</strong></span> <span class='ocrx_word' id='word_1_5' title='bbox 1608 418 1815 474; x_wconf 65' lang='lat' dir='ltr'><strong>PAULI</strong></span> 
     </span>
    </p>
   </div>
   <div class='ocr_carea' id='block_1_3' title="bbox 1918 415 2920 479">
    <p class='ocr_par' dir='ltr' id='par_1_3' title="bbox 1924 415 2920 474">
     <span class='ocr_line' id='line_1_3' title="bbox 1924 415 2920 474; baseline -0.002 -4"><span class='ocrx_word' id='word_1_6' title='bbox 1924 418 1983 472; x_wconf 86' lang='grc' dir='ltr'><strong>Β.</strong></span> <span class='ocrx_word' id='word_1_7' title='bbox 2024 418 2108 473; x_wconf 91' lang='lat' dir='ltr'><strong>Ill.</strong></span> <span class='ocrx_word' id='word_1_8' title='bbox 2148 444 2213 457; x_wconf 76' lang='lat'><strong>-~-</strong></span> <span class='ocrx_word' id='word_1_9' title='bbox 2254 417 2320 472; x_wconf 76' lang='grc' dir='ltr'><strong>[Ν</strong></span> <span class='ocrx_word' id='word_1_10' title='bbox 2362 415 2578 472; x_wconf 83' lang='lat' dir='ltr'><strong>EPIST.</strong></span> <span class='ocrx_word' id='word_1_11' title='bbox 2620 418 2710 472; x_wconf 78' lang='lat' dir='ltr'><strong>Al)</strong></span> <span class='ocrx_word' id='word_1_12' title='bbox 2750 416 2920 474; x_wconf 80' lang='lat' dir='ltr'><strong>ROM.</strong></span> 
     </span>
    </p>
   </div>
   <div class='ocr_carea' id='block_1_4' title="bbox 3318 409 3459 467">
    <p class='ocr_par' dir='ltr' id='par_1_4' title="bbox 3318 409 3459 467">
     <span class='ocr_line' id='line_1_4' title="bbox 3318 409 3459 467; baseline -0.007 0"><span class='ocrx_word' id='word_1_13' title='bbox 3318 409 3459 467; x_wconf 72' lang='grc'><strong>1394</strong></span> 
     </span>
    </p>
   </div>
   <div class='ocr_carea' id='block_1_5' title="bbox 206 520 3460 609">
    <p class='ocr_par' dir='ltr' id='par_1_5' title="bbox 206 520 3460 609">
     <span class='ocr_line' id='line_1_5' title="bbox 206 520 3460 609; baseline -0.008 -6"><span class='ocrx_word' id='word_1_14' title='bbox 206 559 263 603; x_wconf 89' lang='lat' dir='ltr'><strong>et</strong></span> <span class='ocrx_word' id='word_1_15' title='bbox 292 528 476 609; x_wconf 88' lang='lat' dir='ltr'><strong>iterat,</strong></span> <span class='ocrx_word' id='word_1_16' title='bbox 506 554 567 596; x_wconf 90' lang='lat' dir='ltr'><strong>ut</strong></span> <span class='ocrx_word' id='word_1_17' title='bbox 587 538 886 608; x_wconf 84' lang='lat' dir='ltr'><strong>baptizatos</strong></span> <span class='ocrx_word' id='word_1_18' title='bbox 916 539 1106 591; x_wconf 87' lang='lat' dir='ltr'><strong>doceat</strong></span> <span class='ocrx_word' id='word_1_19' title='bbox 1139 535 1251 603; x_wconf 88' lang='lat' dir='ltr'><strong>jam</strong></span> <span class='ocrx_word' id='word_1_20' title='bbox 1288 551 1392 589; x_wconf 87' lang='lat' dir='ltr'><strong>non</strong></span> <span class='ocrx_word' id='word_1_21' title='bbox 1423 536 1615 590; x_wconf 81' lang='lat' dir='ltr'><strong>debere</strong></span> <span class='ocrx_word' id='word_1_22' title='bbox 1656 548 1778 604; x_wconf 85' lang='lat' dir='ltr'><strong>pec-</strong></span> <span class='ocrx_word' id='word_1_23' title='bbox 1807 534 1857 594; x_wconf 86' lang='grc' dir='ltr'><strong>Α</strong></span> <span class='ocrx_word' id='word_1_24' title='bbox 1884 549 2092 602; x_wconf 79' lang='lat' dir='ltr'><strong>corpore</strong></span> <span class='ocrx_word' id='word_1_25' title='bbox 2127 527 2309 588; x_wconf 84' lang='lat' dir='ltr'><strong>mortis</strong></span> <span class='ocrx_word' id='word_1_26' title='bbox 2356 532 2512 599; x_wconf 77' lang='lat' dir='ltr'><strong>huius</strong></span> <span class='ocrx_word' id='word_1_27' title='bbox 2564 530 2736 602; x_wconf 81' lang='lat' dir='ltr'><strong>(Rom.</strong></span> <span class='ocrx_word' id='word_1_28' title='bbox 2766 530 2898 590; x_wconf 72' lang='lat' dir='ltr'><strong>viil.</strong></span> <span class='ocrx_word' id='word_1_29' title='bbox 2931 527 2999 583; x_wconf 83' lang='lat' dir='ltr'><strong>Et</strong></span> <span class='ocrx_word' id='word_1_30' title='bbox 3039 529 3233 582; x_wconf 88' lang='lat' dir='ltr'><strong>iterum</strong></span> <span class='ocrx_word' id='word_1_31' title='bbox 3274 520 3460 595; x_wconf 82' lang='lat' dir='ltr'><strong>corpus</strong></span> 
     </span>
    </p>
   </div>
   <div class='ocr_carea' id='block_1_6' title="bbox 209 622 1791 699">
    <p class='ocr_par' dir='ltr' id='par_1_6' title="bbox 209 622 1791 699">
     <span class='ocr_line' id='line_1_6' title="bbox 209 622 1791 699; baseline -0.009 -7"><span class='ocrx_word' id='word_1_32' title='bbox 209 651 358 699; x_wconf 89' lang='lat' dir='ltr'><strong>care,</strong></span> <span class='ocrx_word' id='word_1_33' title='bbox 390 632 623 687; x_wconf 77' lang='lat' dir='ltr'><strong>maxime</strong></span> <span class='ocrx_word' id='word_1_34' title='bbox 646 645 711 682; x_wconf 85' lang='lat' dir='ltr'><strong>ne</strong></span> <span class='ocrx_word' id='word_1_35' title='bbox 728 629 795 683; x_wconf 88' lang='lat' dir='ltr'><strong>ad</strong></span> <span class='ocrx_word' id='word_1_36' title='bbox 811 626 1168 681; x_wconf 87' lang='lat' dir='ltr'><strong>idololatriam</strong></span> <span class='ocrx_word' id='word_1_37' title='bbox 1189 633 1559 690; x_wconf 77' lang='lat' dir='ltr'><strong>revertantur;</strong></span> <span class='ocrx_word' id='word_1_38' title='bbox 1587 622 1791 694; x_wconf 83' lang='lat' dir='ltr'><strong>gravis-</strong></span> 
     </span>
    </p>
   </div>
   <div class='ocr_carea' id='block_1_7' title="bbox 214 715 1791 785">
    <p class='ocr_par' dir='ltr' id='par_1_7' title="bbox 214 715 1791 785">
     <span class='ocr_line' id='line_1_7' title="bbox 214 715 1791 785; baseline -0.008 -5"><span class='ocrx_word' id='word_1_39' title='bbox 214 726 411 782; x_wconf 86' lang='lat' dir='ltr'><strong>simum</strong></span> <span class='ocrx_word' id='word_1_40' title='bbox 443 721 588 774; x_wconf 91' lang='lat' dir='ltr'><strong>enim</strong></span> <span class='ocrx_word' id='word_1_41' title='bbox 612 718 843 781; x_wconf 87' lang='lat' dir='ltr'><strong>crimen,</strong></span> <span class='ocrx_word' id='word_1_42' title='bbox 874 724 928 771; x_wconf 94' lang='lat' dir='ltr'><strong>et</strong></span> <span class='ocrx_word' id='word_1_43' title='bbox 952 723 1114 785; x_wconf 88' lang='lat' dir='ltr'><strong>caput</strong></span> <span class='ocrx_word' id='word_1_44' title='bbox 1141 715 1303 770; x_wconf 90' lang='lat' dir='ltr'><strong>totius</strong></span> <span class='ocrx_word' id='word_1_45' title='bbox 1338 716 1539 770; x_wconf 89' lang='lat' dir='ltr'><strong>erroris</strong></span> <span class='ocrx_word' id='word_1_46' title='bbox 1570 722 1690 770; x_wconf 89' lang='lat' dir='ltr'><strong>est:</strong></span> <span class='ocrx_word' id='word_1_47' title='bbox 1724 728 1791 767; x_wconf 89' lang='lat' dir='ltr'><strong>ne</strong></span> 
     </span>
    </p>
   </div>
   <div class='ocr_carea' id='block_1_8' title="bbox 220 803 1793 884">
    <p class='ocr_par' dir='ltr' id='par_1_8' title="bbox 220 803 1793 884">
     <span class='ocr_line' id='line_1_8' title="bbox 220 803 1793 884; baseline -0.006 -18"><span class='ocrx_word' id='word_1_48' title='bbox 220 812 455 884; x_wconf 88' lang='lat' dir='ltr'><strong>perdant</strong></span> <span class='ocrx_word' id='word_1_49' title='bbox 481 809 708 879; x_wconf 83' lang='lat' dir='ltr'><strong>gratiam</strong></span> <span class='ocrx_word' id='word_1_50' title='bbox 745 815 1020 876; x_wconf 76' lang='lat' dir='ltr'><strong>acceptam</strong></span> <span class='ocrx_word' id='word_1_51' title='bbox 1042 820 1073 858; x_wconf 90' lang='lat' dir='ltr'><strong>a</strong></span> <span class='ocrx_word' id='word_1_52' title='bbox 1095 806 1207 860; x_wconf 92' lang='lat' dir='ltr'><strong>Deo</strong></span> <span class='ocrx_word' id='word_1_53' title='bbox 1237 821 1336 875; x_wconf 89' lang='lat' dir='ltr'><strong>per</strong></span> <span class='ocrx_word' id='word_1_54' title='bbox 1368 804 1661 860; x_wconf 75' lang='lat' dir='ltr'><strong>Christum.</strong></span> <span class='ocrx_word' id='word_1_55' title='bbox 1686 803 1793 858; x_wconf 56' lang='lat' dir='ltr'><strong>Hoc</strong></span> 
     </span>
    </p>
   </div>
   <div class='ocr_carea' id='block_1_9' title="bbox 216 890 1794 971">
    <p class='ocr_par' dir='ltr' id='par_1_9' title="bbox 216 890 1794 971">
     <span class='ocr_line' id='line_1_9' title="bbox 216 890 1794 971; baseline -0.007 -15"><span class='ocrx_word' id='word_1_56' title='bbox 216 902 417 956; x_wconf 83' lang='lat' dir='ltr'><strong>minem</strong></span> <span class='ocrx_word' id='word_1_57' title='bbox 462 914 589 971; x_wconf 88' lang='lat' dir='ltr'><strong>ergo</strong></span> <span class='ocrx_word' id='word_1_58' title='bbox 630 905 866 953; x_wconf 77' lang='lat' dir='ltr'><strong>veterem</strong></span> <span class='ocrx_word' id='word_1_59' title='bbox 908 890 1063 950; x_wconf 82' lang='lat' dir='ltr'><strong>actus</strong></span> <span class='ocrx_word' id='word_1_60' title='bbox 1115 895 1422 964; x_wconf 65' lang='lat' dir='ltr'><strong>praeteritos</strong></span> <span class='ocrx_word' id='word_1_61' title='bbox 1462 895 1623 957; x_wconf 89' lang='lat' dir='ltr'><strong>dicit,</strong></span> <span class='ocrx_word' id='word_1_62' title='bbox 1669 892 1794 963; x_wconf 85' lang='lat' dir='ltr'><strong>quia</strong></span> 
     </span>
    </p>
   </div>
   <div class='ocr_carea' id='block_1_10' title="bbox 222 982 1794 1056">
    <p class='ocr_par' dir='ltr' id='par_1_10' title="bbox 222 982 1794 1056">
     <span class='ocr_line' id='line_1_10' title="bbox 222 982 1794 1056; baseline -0.006 -12"><span class='ocrx_word' id='word_1_63' title='bbox 222 989 359 1044; x_wconf 80' lang='lat' dir='ltr'><strong>sicut</strong></span> <span class='ocrx_word' id='word_1_64' title='bbox 388 1004 559 1043; x_wconf 87' lang='lat' dir='ltr'><strong>novus</strong></span> <span class='ocrx_word' id='word_1_65' title='bbox 586 988 749 1041; x_wconf 91' lang='lat' dir='ltr'><strong>homo</strong></span> <span class='ocrx_word' id='word_1_66' title='bbox 776 1000 875 1056; x_wconf 90' lang='lat' dir='ltr'><strong>per</strong></span> <span class='ocrx_word' id='word_1_67' title='bbox 902 984 1059 1038; x_wconf 76' lang='lat' dir='ltr'><strong>iidem</strong></span> <span class='ocrx_word' id='word_1_68' title='bbox 1088 992 1144 1039; x_wconf 88' lang='lat' dir='ltr'><strong>et</strong></span> <span class='ocrx_word' id='word_1_69' title='bbox 1167 998 1359 1052; x_wconf 89' lang='lat' dir='ltr'><strong>puram</strong></span> <span class='ocrx_word' id='word_1_70' title='bbox 1380 982 1551 1036; x_wconf 82' lang='lat' dir='ltr'><strong>vitam</strong></span> <span class='ocrx_word' id='word_1_71' title='bbox 1576 983 1794 1047; x_wconf 87' lang='lat' dir='ltr'><strong>dicitur,</strong></span> 
     </span>
    </p>
   </div>
   <div class='ocr_carea' id='block_1_11' title="bbox 218 1073 1798 1145">
    <p class='ocr_par' dir='ltr' id='par_1_11' title="bbox 218 1073 1798 1145">
     <span class='ocr_line' id='line_1_11' title="bbox 218 1073 1798 1145; baseline -0.003 -12"><span class='ocrx_word' id='word_1_72' title='bbox 218 1079 294 1133; x_wconf 91' lang='lat' dir='ltr'><strong>ita</strong></span> <span class='ocrx_word' id='word_1_73' title='bbox 320 1086 546 1133; x_wconf 84' lang='lat' dir='ltr'><strong>etvetus</strong></span> <span class='ocrx_word' id='word_1_74' title='bbox 573 1077 732 1130; x_wconf 91' lang='lat' dir='ltr'><strong>homo</strong></span> <span class='ocrx_word' id='word_1_75' title='bbox 756 1090 853 1145; x_wconf 91' lang='lat' dir='ltr'><strong>per</strong></span> <span class='ocrx_word' id='word_1_76' title='bbox 874 1073 1222 1129; x_wconf 70' lang='lat' dir='ltr'><strong>difﬁdentiam</strong></span> <span class='ocrx_word' id='word_1_77' title='bbox 1243 1084 1297 1129; x_wconf 89' lang='lat' dir='ltr'><strong>et</strong></span> <span class='ocrx_word' id='word_1_78' title='bbox 1314 1074 1483 1128; x_wconf 76' lang='lat' dir='ltr'><strong>malos</strong></span> <span class='ocrx_word' id='word_1_79' title='bbox 1498 1082 1668 1128; x_wconf 88' lang='lat' dir='ltr'><strong>actus.</strong></span> <span class='ocrx_word' id='word_1_80' title='bbox 1690 1074 1798 1128; x_wconf 88' lang='lat' dir='ltr'><strong>Hos</strong></span> 
     </span>
    </p>
   </div>
   <div class='ocr_carea' id='block_1_12' title="bbox 219 1162 1799 1232">
    <p class='ocr_par' dir='ltr' id='par_1_12' title="bbox 219 1162 1799 1232">
     <span class='ocr_line' id='line_1_12' title="bbox 219 1162 1799 1232; baseline -0.004 -9"><span class='ocrx_word' id='word_1_81' title='bbox 219 1177 372 1223; x_wconf 90' lang='lat' dir='ltr'><strong>actus</strong></span> <span class='ocrx_word' id='word_1_82' title='bbox 400 1167 689 1222; x_wconf 80' lang='lat' dir='ltr'><strong>cruciﬁxos</strong></span> <span class='ocrx_word' id='word_1_83' title='bbox 716 1165 879 1230; x_wconf 90' lang='lat' dir='ltr'><strong>dicit,</strong></span> <span class='ocrx_word' id='word_1_84' title='bbox 905 1165 957 1219; x_wconf 92' lang='lat' dir='ltr'><strong>id</strong></span> <span class='ocrx_word' id='word_1_85' title='bbox 988 1174 1071 1219; x_wconf 89' lang='lat' dir='ltr'><strong>est</strong></span> <span class='ocrx_word' id='word_1_86' title='bbox 1100 1172 1341 1217; x_wconf 91' lang='lat' dir='ltr'><strong>mortuos</strong></span> <span class='ocrx_word' id='word_1_87' title='bbox 1361 1203 1376 1228; x_wconf 94' lang='lat'><strong>,</strong></span> <span class='ocrx_word' id='word_1_88' title='bbox 1399 1171 1459 1216; x_wconf 92' lang='lat' dir='ltr'><strong>ut</strong></span> <span class='ocrx_word' id='word_1_89' title='bbox 1486 1178 1682 1232; x_wconf 89' lang='lat' dir='ltr'><strong>corpus</strong></span> <span class='ocrx_word' id='word_1_90' title='bbox 1706 1162 1799 1217; x_wconf 86' lang='lat' dir='ltr'><strong>de-</strong></span> 
     </span>
    </p>
   </div>
   <div class='ocr_carea' id='block_1_13' title="bbox 219 1251 1799 1327">
    <p class='ocr_par' dir='ltr' id='par_1_13' title="bbox 219 1251 1799 1327">
     <span class='ocr_line' id='line_1_13' title="bbox 219 1251 1799 1327; baseline -0.004 -15"><span class='ocrx_word' id='word_1_91' title='bbox 219 1265 459 1313; x_wconf 84' lang='lat' dir='ltr'><strong>struatur</strong></span> <span class='ocrx_word' id='word_1_92' title='bbox 472 1256 699 1327; x_wconf 87' lang='lat' dir='ltr'><strong>peccati,</strong></span> <span class='ocrx_word' id='word_1_93' title='bbox 714 1255 855 1325; x_wconf 93' lang='lat' dir='ltr'><strong>quod</strong></span> <span class='ocrx_word' id='word_1_94' title='bbox 875 1264 956 1310; x_wconf 89' lang='lat' dir='ltr'><strong>est</strong></span> <span class='ocrx_word' id='word_1_95' title='bbox 983 1262 1177 1309; x_wconf 90' lang='lat' dir='ltr'><strong>cuncta</strong></span> <span class='ocrx_word' id='word_1_96' title='bbox 1201 1251 1641 1309; x_wconf 88' lang='lat' dir='ltr'><strong>crimina.0mnia</strong></span> <span class='ocrx_word' id='word_1_97' title='bbox 1655 1252 1799 1306; x_wconf 90' lang='lat' dir='ltr'><strong>enim</strong></span> 
     </span>
    </p>
   </div>
   <div class='ocr_carea' id='block_1_14' title="bbox 222 1343 1800 1417">
    <p class='ocr_par' dir='ltr' id='par_1_14' title="bbox 222 1343 1800 1417">
     <span class='ocr_line' id='line_1_14' title="bbox 222 1343 1800 1417; baseline -0.004 -14"><span class='ocrx_word' id='word_1_98' title='bbox 222 1355 447 1417; x_wconf 87' lang='lat' dir='ltr'><strong>peccata</strong></span> <span class='ocrx_word' id='word_1_99' title='bbox 470 1345 629 1401; x_wconf 88' lang='lat' dir='ltr'><strong>simul</strong></span> <span class='ocrx_word' id='word_1_100' title='bbox 660 1360 854 1416; x_wconf 90' lang='lat' dir='ltr'><strong>corpus</strong></span> <span class='ocrx_word' id='word_1_101' title='bbox 875 1344 1131 1414; x_wconf 84' lang='lat' dir='ltr'><strong>appellat,</strong></span> <span class='ocrx_word' id='word_1_102' title='bbox 1159 1344 1300 1414; x_wconf 91' lang='lat' dir='ltr'><strong>quod</strong></span> <span class='ocrx_word' id='word_1_103' title='bbox 1324 1344 1528 1398; x_wconf 88' lang='lat' dir='ltr'><strong>destrui</strong></span> <span class='ocrx_word' id='word_1_104' title='bbox 1554 1343 1685 1398; x_wconf 89' lang='lat' dir='ltr'><strong>dicit</strong></span> <span class='ocrx_word' id='word_1_105' title='bbox 1702 1358 1800 1413; x_wconf 91' lang='lat' dir='ltr'><strong>per</strong></span> 
     </span>
    </p>
   </div>
   <div class='ocr_carea' id='block_1_15' title="bbox 220 1427 1800 1507">
    <p class='ocr_par' dir='ltr' id='par_1_15' title="bbox 220 1427 1800 1507">
     <span class='ocr_line' id='line_1_15' title="bbox 220 1427 1800 1507; baseline -0.003 -16"><span class='ocrx_word' id='word_1_106' title='bbox 220 1437 419 1491; x_wconf 85' lang='lat' dir='ltr'><strong>bonam</strong></span> <span class='ocrx_word' id='word_1_107' title='bbox 447 1437 611 1489; x_wconf 90' lang='lat' dir='ltr'><strong>vitam</strong></span> <span class='ocrx_word' id='word_1_108' title='bbox 640 1443 693 1490; x_wconf 91' lang='lat' dir='ltr'><strong>et</strong></span> <span class='ocrx_word' id='word_1_109' title='bbox 718 1434 877 1489; x_wconf 79' lang='lat' dir='ltr'><strong>iidem</strong></span> <span class='ocrx_word' id='word_1_110' title='bbox 911 1433 1253 1507; x_wconf 85' lang='lat' dir='ltr'><strong>catholicam.</strong></span> <span class='ocrx_word' id='word_1_111' title='bbox 1290 1433 1472 1503; x_wconf 81' lang='lat' dir='ltr'><strong>(Aug.)</strong></span> <span class='ocrx_word' id='word_1_112' title='bbox 1507 1427 1800 1488; x_wconf 82' lang='lat' dir='ltr'><strong>Cruciiixio</strong></span> 
     </span>
    </p>
   </div>
   <div class='ocr_carea' id='block_1_16' title="bbox 220 1521 1803 1593">
    <p class='ocr_par' dir='ltr' id='par_1_16' title="bbox 220 1521 1803 1593">
     <span class='ocr_line' id='line_1_16' title="bbox 220 1521 1803 1593; baseline -0.001 -17"><span class='ocrx_word' id='word_1_113' title='bbox 220 1525 420 1593; x_wconf 80' lang='lat' dir='ltr'><strong>quippe</strong></span> <span class='ocrx_word' id='word_1_114' title='bbox 450 1524 723 1578; x_wconf 86' lang='lat' dir='ltr'><strong>interioris</strong></span> <span class='ocrx_word' id='word_1_115' title='bbox 752 1522 986 1577; x_wconf 87' lang='lat' dir='ltr'><strong>hominis</strong></span> <span class='ocrx_word' id='word_1_116' title='bbox 1022 1522 1353 1590; x_wconf 55' lang='lat' dir='ltr'><strong>paenitentiae</strong></span> <span class='ocrx_word' id='word_1_117' title='bbox 1391 1522 1606 1576; x_wconf 89' lang='lat' dir='ltr'><strong>dolores</strong></span> <span class='ocrx_word' id='word_1_118' title='bbox 1646 1521 1803 1576; x_wconf 90' lang='lat' dir='ltr'><strong>intel-</strong></span> 
     </span>
    </p>
   </div>
   <div class='ocr_carea' id='block_1_17' title="bbox 222 1614 1799 1686">
    <p class='ocr_par' dir='ltr' id='par_1_17' title="bbox 222 1614 1799 1686">
     <span class='ocr_line' id='line_1_17' title="bbox 222 1614 1799 1686; baseline 0 -18"><span class='ocrx_word' id='word_1_119' title='bbox 222 1614 484 1686; x_wconf 90' lang='lat' dir='ltr'><strong>liguntur,</strong></span> <span class='ocrx_word' id='word_1_120' title='bbox 512 1625 565 1670; x_wconf 93' lang='lat' dir='ltr'><strong>et</strong></span> <span class='ocrx_word' id='word_1_121' title='bbox 595 1615 937 1669; x_wconf 75' lang='lat' dir='ltr'><strong>continentia:</strong></span> <span class='ocrx_word' id='word_1_122' title='bbox 964 1614 1182 1683; x_wconf 88' lang='lat' dir='ltr'><strong>quidam</strong></span> <span class='ocrx_word' id='word_1_123' title='bbox 1225 1614 1456 1668; x_wconf 79' lang='lat' dir='ltr'><strong>salubris</strong></span> <span class='ocrx_word' id='word_1_124' title='bbox 1499 1615 1799 1678; x_wconf 86' lang='lat' dir='ltr'><strong>cruciatus,</strong></span> 
     </span>
    </p>
   </div>
   <div class='ocr_carea' id='block_1_18' title="bbox 222 1706 1801 1778">
    <p class='ocr_par' dir='ltr' id='par_1_18' title="bbox 222 1706 1801 1778">
     <span class='ocr_line' id='line_1_18' title="bbox 222 1706 1801 1778; baseline -0.002 -16"><span class='ocrx_word' id='word_1_125' title='bbox 222 1723 323 1778; x_wconf 86' lang='lat' dir='ltr'><strong>per</strong></span> <span class='ocrx_word' id='word_1_126' title='bbox 346 1722 506 1777; x_wconf 92' lang='lat' dir='ltr'><strong>quam</strong></span> <span class='ocrx_word' id='word_1_127' title='bbox 537 1715 767 1762; x_wconf 90' lang='lat' dir='ltr'><strong>mortem</strong></span> <span class='ocrx_word' id='word_1_128' title='bbox 792 1721 938 1760; x_wconf 87' lang='lat' dir='ltr'><strong>mors</strong></span> <span class='ocrx_word' id='word_1_129' title='bbox 967 1706 1258 1774; x_wconf 84' lang='lat' dir='ltr'><strong>impietatis</strong></span> <span class='ocrx_word' id='word_1_130' title='bbox 1284 1706 1591 1775; x_wconf 88' lang='lat' dir='ltr'><strong>perimitur,</strong></span> <span class='ocrx_word' id='word_1_131' title='bbox 1615 1706 1669 1760; x_wconf 91' lang='lat' dir='ltr'><strong>in</strong></span> <span class='ocrx_word' id='word_1_132' title='bbox 1699 1722 1801 1774; x_wconf 93' lang='lat' dir='ltr'><strong>qua</strong></span> 
     </span>
    </p>
   </div>
   <div class='ocr_carea' id='block_1_19' title="bbox 225 1798 1800 1870">
    <p class='ocr_par' dir='ltr' id='par_1_19' title="bbox 225 1798 1800 1870">
     <span class='ocr_line' id='line_1_19' title="bbox 225 1798 1800 1870; baseline -0.003 -15"><span class='ocrx_word' id='word_1_133' title='bbox 225 1816 334 1855; x_wconf 88' lang='lat' dir='ltr'><strong>non</strong></span> <span class='ocrx_word' id='word_1_134' title='bbox 365 1817 463 1855; x_wconf 88' lang='lat' dir='ltr'><strong>nos</strong></span> <span class='ocrx_word' id='word_1_135' title='bbox 495 1800 750 1870; x_wconf 89' lang='lat' dir='ltr'><strong>relinquit</strong></span> <span class='ocrx_word' id='word_1_136' title='bbox 777 1799 954 1863; x_wconf 88' lang='lat' dir='ltr'><strong>Deus,</strong></span> <span class='ocrx_word' id='word_1_137' title='bbox 996 1810 1051 1853; x_wconf 90' lang='lat' dir='ltr'><strong>et</strong></span> <span class='ocrx_word' id='word_1_138' title='bbox 1098 1798 1215 1851; x_wconf 84' lang='lat' dir='ltr'><strong>ideo</strong></span> <span class='ocrx_word' id='word_1_139' title='bbox 1252 1813 1348 1866; x_wconf 90' lang='lat' dir='ltr'><strong>per</strong></span> <span class='ocrx_word' id='word_1_140' title='bbox 1388 1798 1545 1851; x_wconf 83' lang='lat' dir='ltr'><strong>talem</strong></span> <span class='ocrx_word' id='word_1_141' title='bbox 1585 1812 1800 1851; x_wconf 85' lang='lat' dir='ltr'><strong>crucem</strong></span> 
     </span>
    </p>
   </div>
   <div class='ocr_carea' id='block_1_20' title="bbox 1892 612 3459 695">
    <p class='ocr_par' dir='ltr' id='par_1_20' title="bbox 1892 612 3459 695">
     <span class='ocr_line' id='line_1_20' title="bbox 1892 612 3459 695; baseline -0.006 -19"><span class='ocrx_word' id='word_1_142' title='bbox 1892 623 2200 695; x_wconf 81' lang='lat' dir='ltr'><strong>humilitatis</strong></span> <span class='ocrx_word' id='word_1_143' title='bbox 2218 632 2372 676; x_wconf 88' lang='lat' dir='ltr'><strong>vocat</strong></span> <span class='ocrx_word' id='word_1_144' title='bbox 2395 638 2588 692; x_wconf 89' lang='lat' dir='ltr'><strong>corpus</strong></span> <span class='ocrx_word' id='word_1_145' title='bbox 2609 629 2875 676; x_wconf 89' lang='lat' dir='ltr'><strong>nostrum.</strong></span> <span class='ocrx_word' id='word_1_146' title='bbox 2892 620 3000 676; x_wconf 85' lang='lat' dir='ltr'><strong>Sed</strong></span> <span class='ocrx_word' id='word_1_147' title='bbox 3020 626 3077 673; x_wconf 90' lang='lat' dir='ltr'><strong>et</strong></span> <span class='ocrx_word' id='word_1_148' title='bbox 3097 618 3161 673; x_wconf 93' lang='lat' dir='ltr'><strong>de</strong></span> <span class='ocrx_word' id='word_1_149' title='bbox 3176 612 3459 673; x_wconf 85' lang='lat' dir='ltr'><strong>Salvatore</strong></span> 
     </span>
    </p>
   </div>
   <div class='ocr_carea' id='block_1_21' title="bbox 1894 707 3461 785">
    <p class='ocr_par' dir='ltr' id='par_1_21' title="bbox 1894 707 3461 785">
     <span class='ocr_line' id='line_1_21' title="bbox 1894 707 3461 785; baseline -0.007 -15"><span class='ocrx_word' id='word_1_150' title='bbox 1894 715 2123 785; x_wconf 91' lang='lat' dir='ltr'><strong>quodam</strong></span> <span class='ocrx_word' id='word_1_151' title='bbox 2150 714 2267 768; x_wconf 91' lang='lat' dir='ltr'><strong>loco</strong></span> <span class='ocrx_word' id='word_1_152' title='bbox 2296 714 2452 777; x_wconf 89' lang='lat' dir='ltr'><strong>dicit,</strong></span> <span class='ocrx_word' id='word_1_153' title='bbox 2479 714 2604 782; x_wconf 88' lang='lat' dir='ltr'><strong>quia</strong></span> <span class='ocrx_word' id='word_1_154' title='bbox 2635 712 2843 765; x_wconf 82' lang='lat' dir='ltr'><strong>venerit</strong></span> <span class='ocrx_word' id='word_1_155' title='bbox 2872 711 2926 764; x_wconf 92' lang='lat' dir='ltr'><strong>in</strong></span> <span class='ocrx_word' id='word_1_156' title='bbox 2957 707 3308 766; x_wconf 89' lang='lat' dir='ltr'><strong>similitudine</strong></span> <span class='ocrx_word' id='word_1_157' title='bbox 3337 720 3461 760; x_wconf 89' lang='lat' dir='ltr'><strong>car-</strong></span> 
     </span>
    </p>
   </div>
   <div class='ocr_carea' id='block_1_22' title="bbox 1895 794 3464 876">
    <p class='ocr_par' dir='ltr' id='par_1_22' title="bbox 1895 794 3464 876">
     <span class='ocr_line' id='line_1_22' title="bbox 1895 794 3464 876; baseline -0.01 -15"><span class='ocrx_word' id='word_1_158' title='bbox 1895 807 1979 861; x_wconf 89' lang='lat' dir='ltr'><strong>nis</strong></span> <span class='ocrx_word' id='word_1_159' title='bbox 2019 804 2269 876; x_wconf 89' lang='lat' dir='ltr'><strong>peccati,</strong></span> <span class='ocrx_word' id='word_1_160' title='bbox 2312 812 2367 856; x_wconf 88' lang='lat' dir='ltr'><strong>ut</strong></span> <span class='ocrx_word' id='word_1_161' title='bbox 2414 803 2477 858; x_wconf 90' lang='lat' dir='ltr'><strong>de</strong></span> <span class='ocrx_word' id='word_1_162' title='bbox 2512 811 2734 873; x_wconf 88' lang='lat' dir='ltr'><strong>peccato</strong></span> <span class='ocrx_word' id='word_1_163' title='bbox 2760 801 3043 855; x_wconf 74' lang='lat' dir='ltr'><strong>danmaret</strong></span> <span class='ocrx_word' id='word_1_164' title='bbox 3082 802 3369 869; x_wconf 86' lang='lat' dir='ltr'><strong>peccatum</strong></span> <span class='ocrx_word' id='word_1_165' title='bbox 3409 794 3464 847; x_wconf 87' lang='lat' dir='ltr'><strong>in</strong></span> 
     </span>
    </p>
   </div>
   <div class='ocr_carea' id='block_1_23' title="bbox 1895 887 3468 963">
    <p class='ocr_par' dir='ltr' id='par_1_23' title="bbox 1895 887 3468 963">
     <span class='ocr_line' id='line_1_23' title="bbox 1895 887 3468 963; baseline -0.01 -12"><span class='ocrx_word' id='word_1_166' title='bbox 1895 912 2077 951; x_wconf 90' lang='lat' dir='ltr'><strong>carne.</strong></span> <span class='ocrx_word' id='word_1_167' title='bbox 2114 895 2169 949; x_wconf 89' lang='lat' dir='ltr'><strong>in</strong></span> <span class='ocrx_word' id='word_1_168' title='bbox 2215 907 2322 963; x_wconf 90' lang='lat' dir='ltr'><strong>quo</strong></span> <span class='ocrx_word' id='word_1_169' title='bbox 2365 892 2601 946; x_wconf 87' lang='lat' dir='ltr'><strong>ostendit</strong></span> <span class='ocrx_word' id='word_1_170' title='bbox 2636 891 2779 960; x_wconf 91' lang='lat' dir='ltr'><strong>quod</strong></span> <span class='ocrx_word' id='word_1_171' title='bbox 2828 899 3011 945; x_wconf 88' lang='lat' dir='ltr'><strong>nostra</strong></span> <span class='ocrx_word' id='word_1_172' title='bbox 3052 887 3271 961; x_wconf 84' lang='lat' dir='ltr'><strong>quidem</strong></span> <span class='ocrx_word' id='word_1_173' title='bbox 3315 898 3468 947; x_wconf 89' lang='lat' dir='ltr'><strong>caro,</strong></span> 
     </span>
    </p>
   </div>
   <div class='ocr_carea' id='block_1_24' title="bbox 1896 965 3465 1055">
    <p class='ocr_par' dir='ltr' id='par_1_24' title="bbox 1896 965 3465 1055">
     <span class='ocr_line' id='line_1_24' title="bbox 1896 965 3465 1055; baseline -0.009 -15"><span class='ocrx_word' id='word_1_174' title='bbox 1896 984 2105 1055; x_wconf 86' lang='lat' dir='ltr'><strong>peccati</strong></span> <span class='ocrx_word' id='word_1_175' title='bbox 2133 984 2203 1038; x_wconf 87' lang='lat' dir='ltr'><strong>sit</strong></span> <span class='ocrx_word' id='word_1_176' title='bbox 2230 997 2386 1047; x_wconf 89' lang='lat' dir='ltr'><strong>caro;</strong></span> <span class='ocrx_word' id='word_1_177' title='bbox 2411 978 2612 1037; x_wconf 84' lang='lat' dir='ltr'><strong>Christi</strong></span> <span class='ocrx_word' id='word_1_178' title='bbox 2636 988 2815 1033; x_wconf 87' lang='lat' dir='ltr'><strong>autem</strong></span> <span class='ocrx_word' id='word_1_179' title='bbox 2839 994 2965 1037; x_wconf 89' lang='lat' dir='ltr'><strong>caro</strong></span> <span class='ocrx_word' id='word_1_180' title='bbox 3000 976 3193 1032; x_wconf 89' lang='lat' dir='ltr'><strong>similis</strong></span> <span class='ocrx_word' id='word_1_181' title='bbox 3216 965 3288 1029; x_wconf 86' lang='lat' dir='ltr'><strong>sit</strong></span> <span class='ocrx_word' id='word_1_182' title='bbox 3312 974 3465 1030; x_wconf 84' lang='lat' dir='ltr'><strong>carni</strong></span> 
     </span>
    </p>
   </div>
   <div class='ocr_carea' id='block_1_25' title="bbox 1896 1063 3537 1146">
    <p class='ocr_par' dir='ltr' id='par_1_25' title="bbox 1896 1063 3537 1146">
     <span class='ocr_line' id='line_1_25' title="bbox 1896 1063 3537 1146; baseline -0.008 -16"><span class='ocrx_word' id='word_1_183' title='bbox 1896 1075 2122 1146; x_wconf 88' lang='lat' dir='ltr'><strong>peccati.</strong></span> <span class='ocrx_word' id='word_1_184' title='bbox 2153 1074 2267 1128; x_wconf 80' lang='lat' dir='ltr'><strong>Non</strong></span> <span class='ocrx_word' id='word_1_185' title='bbox 2292 1073 2438 1127; x_wconf 89' lang='lat' dir='ltr'><strong>enim</strong></span> <span class='ocrx_word' id='word_1_186' title='bbox 2470 1087 2535 1126; x_wconf 72' lang='lat' dir='ltr'><strong>ex</strong></span> <span class='ocrx_word' id='word_1_187' title='bbox 2569 1070 2773 1125; x_wconf 89' lang='lat' dir='ltr'><strong>semine</strong></span> <span class='ocrx_word' id='word_1_188' title='bbox 2817 1069 2918 1122; x_wconf 88' lang='lat' dir='ltr'><strong>viri</strong></span> <span class='ocrx_word' id='word_1_189' title='bbox 2945 1076 3200 1138; x_wconf 87' lang='lat' dir='ltr'><strong>concepta</strong></span> <span class='ocrx_word' id='word_1_190' title='bbox 3238 1073 3342 1131; x_wconf 88' lang='lat' dir='ltr'><strong>est,</strong></span> <span class='ocrx_word' id='word_1_191' title='bbox 3373 1063 3470 1119; x_wconf 87' lang='lat' dir='ltr'><strong>sed</strong></span> <span class='ocrx_word' id='word_1_192' title='bbox 3534 1130 3537 1131; x_wconf 17' lang='grc' dir='ltr'><em>ν</em></span> 
     </span>
    </p>
   </div>
   <div class='ocr_carea' id='block_1_26' title="bbox 1901 1150 3469 1233">
    <p class='ocr_par' dir='ltr' id='par_1_26' title="bbox 1901 1150 3469 1233">
     <span class='ocr_line' id='line_1_26' title="bbox 1901 1150 3469 1233; baseline -0.006 -12"><span class='ocrx_word' id='word_1_193' title='bbox 1901 1150 2120 1221; x_wconf 86' lang='lat' dir='ltr'><strong>sanctus</strong></span> <span class='ocrx_word' id='word_1_194' title='bbox 2139 1164 2373 1233; x_wconf 84' lang='lat' dir='ltr'><strong>Spiritus</strong></span> <span class='ocrx_word' id='word_1_195' title='bbox 2394 1162 2537 1217; x_wconf 90' lang='lat' dir='ltr'><strong>venit</strong></span> <span class='ocrx_word' id='word_1_196' title='bbox 2569 1176 2731 1230; x_wconf 81' lang='lat' dir='ltr'><strong>super</strong></span> <span class='ocrx_word' id='word_1_197' title='bbox 2760 1158 3008 1223; x_wconf 81' lang='lat' dir='ltr'><strong>Mariam,</strong></span> <span class='ocrx_word' id='word_1_198' title='bbox 3035 1168 3090 1213; x_wconf 91' lang='lat' dir='ltr'><strong>et</strong></span> <span class='ocrx_word' id='word_1_199' title='bbox 3107 1160 3281 1213; x_wconf 85' lang='lat' dir='ltr'><strong>virtus</strong></span> <span class='ocrx_word' id='word_1_200' title='bbox 3303 1155 3469 1212; x_wconf 84' lang='lat' dir='ltr'><strong>Altis—</strong></span> 
     </span>
    </p>
   </div>
   <div class='ocr_carea' id='block_1_27' title="bbox 1901 1245 3471 1321">
    <p class='ocr_par' dir='ltr' id='par_1_27' title="bbox 1901 1245 3471 1321">
     <span class='ocr_line' id='line_1_27' title="bbox 1901 1245 3471 1321; baseline -0.008 -10"><span class='ocrx_word' id='word_1_201' title='bbox 1901 1257 2023 1311; x_wconf 91' lang='lat' dir='ltr'><strong>simi</strong></span> <span class='ocrx_word' id='word_1_202' title='bbox 2046 1254 2390 1310; x_wconf 84' lang='lat' dir='ltr'><strong>obumbravit</strong></span> <span class='ocrx_word' id='word_1_203' title='bbox 2417 1254 2466 1308; x_wconf 90' lang='lat' dir='ltr'><strong>ei</strong></span> <span class='ocrx_word' id='word_1_204' title='bbox 2491 1262 2551 1307; x_wconf 92' lang='lat' dir='ltr'><strong>ut</strong></span> <span class='ocrx_word' id='word_1_205' title='bbox 2578 1250 2722 1321; x_wconf 91' lang='lat' dir='ltr'><strong>quod</strong></span> <span class='ocrx_word' id='word_1_206' title='bbox 2751 1251 3075 1305; x_wconf 90' lang='lat' dir='ltr'><strong>nascebatur</strong></span> <span class='ocrx_word' id='word_1_207' title='bbox 3103 1264 3171 1303; x_wconf 78' lang='lat' dir='ltr'><strong>ex</strong></span> <span class='ocrx_word' id='word_1_208' title='bbox 3193 1262 3281 1312; x_wconf 89' lang='lat' dir='ltr'><strong>ea,</strong></span> <span class='ocrx_word' id='word_1_209' title='bbox 3302 1245 3471 1300; x_wconf 85' lang='lat' dir='ltr'><strong>Filius</strong></span> 
     </span>
    </p>
   </div>
   <div class='ocr_carea' id='block_1_28' title="bbox 1873 1335 3474 1424">
    <p class='ocr_par' dir='ltr' id='par_1_28' title="bbox 1873 1335 3474 1424">
     <span class='ocr_line' id='line_1_28' title="bbox 1873 1335 3474 1424; baseline -0.007 -23"><span class='ocrx_word' id='word_1_210' title='bbox 1873 1354 2187 1424; x_wconf 75' lang='lat' dir='ltr'><strong>vocaretur</strong></span> <span class='ocrx_word' id='word_1_211' title='bbox 2217 1344 2445 1399; x_wconf 85' lang='lat' dir='ltr'><strong>Excelsi.</strong></span> <span class='ocrx_word' id='word_1_212' title='bbox 2486 1344 2579 1397; x_wconf 85' lang='lat' dir='ltr'><strong>Sic</strong></span> <span class='ocrx_word' id='word_1_213' title='bbox 2611 1358 2739 1417; x_wconf 83' lang='lat' dir='ltr'><strong>ergo</strong></span> <span class='ocrx_word' id='word_1_214' title='bbox 2777 1341 2976 1396; x_wconf 90' lang='lat' dir='ltr'><strong>Paulus</strong></span> <span class='ocrx_word' id='word_1_215' title='bbox 3015 1356 3113 1412; x_wconf 91' lang='lat' dir='ltr'><strong>per</strong></span> <span class='ocrx_word' id='word_1_216' title='bbox 3152 1335 3474 1393; x_wconf 70' lang='lat' dir='ltr'><strong>ineffabilem</strong></span> 
     </span>
    </p>
   </div>
   <div class='ocr_carea' id='block_1_29' title="bbox 1902 1427 3475 1505">
    <p class='ocr_par' dir='ltr' id='par_1_29' title="bbox 1902 1427 3475 1505">
     <span class='ocr_line' id='line_1_29' title="bbox 1902 1427 3475 1505; baseline -0.008 -12"><span class='ocrx_word' id='word_1_217' title='bbox 1902 1439 1996 1493; x_wconf 92' lang='lat' dir='ltr'><strong>Dei</strong></span> <span class='ocrx_word' id='word_1_218' title='bbox 2026 1435 2365 1505; x_wconf 83' lang='lat' dir='ltr'><strong>sapientiam,</strong></span> <span class='ocrx_word' id='word_1_219' title='bbox 2383 1449 2500 1503; x_wconf 83' lang='lat' dir='ltr'><strong>quae</strong></span> <span class='ocrx_word' id='word_1_220' title='bbox 2524 1435 2645 1487; x_wconf 87' lang='lat' dir='ltr'><strong>data</strong></span> <span class='ocrx_word' id='word_1_221' title='bbox 2662 1442 2744 1488; x_wconf 89' lang='lat' dir='ltr'><strong>est</strong></span> <span class='ocrx_word' id='word_1_222' title='bbox 2765 1434 2838 1499; x_wconf 91' lang='lat' dir='ltr'><strong>ei,</strong></span> <span class='ocrx_word' id='word_1_223' title='bbox 2857 1446 3112 1487; x_wconf 90' lang='lat' dir='ltr'><strong>arcanum</strong></span> <span class='ocrx_word' id='word_1_224' title='bbox 3134 1430 3323 1485; x_wconf 88' lang='lat' dir='ltr'><strong>nescio</strong></span> <span class='ocrx_word' id='word_1_225' title='bbox 3346 1427 3475 1498; x_wconf 86' lang='lat' dir='ltr'><strong>quid</strong></span> 
     </span>
    </p>
   </div>
   <div class='ocr_carea' id='block_1_30' title="bbox 1904 1510 3474 1594">
    <p class='ocr_par' dir='ltr' id='par_1_30' title="bbox 1904 1510 3474 1594">
     <span class='ocr_line' id='line_1_30' title="bbox 1904 1510 3474 1594; baseline -0.007 -12"><span class='ocrx_word' id='word_1_226' title='bbox 1904 1530 2118 1583; x_wconf 91' lang='lat' dir='ltr'><strong>intuens</strong></span> <span class='ocrx_word' id='word_1_227' title='bbox 2145 1536 2199 1581; x_wconf 92' lang='lat' dir='ltr'><strong>et</strong></span> <span class='ocrx_word' id='word_1_228' title='bbox 2228 1518 2562 1580; x_wconf 88' lang='lat' dir='ltr'><strong>reconditum</strong></span> <span class='ocrx_word' id='word_1_229' title='bbox 2582 1564 2597 1589; x_wconf 93' lang='lat'><strong>,</strong></span> <span class='ocrx_word' id='word_1_230' title='bbox 2630 1510 2823 1594; x_wconf 83' lang='lat' dir='ltr'><strong>corpus</strong></span> <span class='ocrx_word' id='word_1_231' title='bbox 2861 1520 3102 1578; x_wconf 89' lang='lat' dir='ltr'><strong>nostrum</strong></span> <span class='ocrx_word' id='word_1_232' title='bbox 3141 1523 3474 1590; x_wconf 45' lang='lat' dir='ltr'><strong>corp‘us‘pec-</strong></span> 
     </span>
    </p>
   </div>
   <div class='ocr_carea' id='block_1_31' title="bbox 1905 1612 3474 1688">
    <p class='ocr_par' dir='ltr' id='par_1_31' title="bbox 1905 1612 3474 1688">
     <span class='ocr_line' id='line_1_31' title="bbox 1905 1612 3474 1688; baseline -0.005 -15"><span class='ocrx_word' id='word_1_233' title='bbox 1905 1622 2008 1674; x_wconf 86' lang='lat' dir='ltr'><strong>cati</strong></span> <span class='ocrx_word' id='word_1_234' title='bbox 2026 1661 2040 1684; x_wconf 92' lang='lat'><strong>,</strong></span> <span class='ocrx_word' id='word_1_235' title='bbox 2068 1628 2120 1673; x_wconf 91' lang='lat' dir='ltr'><strong>et</strong></span> <span class='ocrx_word' id='word_1_236' title='bbox 2145 1636 2328 1688; x_wconf 81' lang='lat' dir='ltr'><strong>corpus</strong></span> <span class='ocrx_word' id='word_1_237' title='bbox 2357 1618 2567 1683; x_wconf 87' lang='lat' dir='ltr'><strong>mortis,</strong></span> <span class='ocrx_word' id='word_1_238' title='bbox 2592 1625 2645 1670; x_wconf 90' lang='lat' dir='ltr'><strong>et</strong></span> <span class='ocrx_word' id='word_1_239' title='bbox 2675 1633 2858 1686; x_wconf 84' lang='lat' dir='ltr'><strong>corpus</strong></span> <span class='ocrx_word' id='word_1_240' title='bbox 2889 1614 3196 1670; x_wconf 81' lang='lat' dir='ltr'><strong>humilitatis</strong></span> <span class='ocrx_word' id='word_1_241' title='bbox 3226 1612 3474 1683; x_wconf 82' lang='lat' dir='ltr'><strong>appellat.</strong></span> 
     </span>
    </p>
   </div>
   <div class='ocr_carea' id='block_1_32' title="bbox 1978 1704 3476 1780">
    <p class='ocr_par' dir='ltr' id='par_1_32' title="bbox 1978 1704 3476 1780">
     <span class='ocr_line' id='line_1_32' title="bbox 1978 1704 3476 1780; baseline -0.006 -16"><span class='ocrx_word' id='word_1_242' title='bbox 1978 1710 2037 1764; x_wconf 81' lang='lat' dir='ltr'><strong>St</strong></span> <span class='ocrx_word' id='word_1_243' title='bbox 2085 1720 2258 1763; x_wconf 85' lang='lat' dir='ltr'><strong>autem</strong></span> <span class='ocrx_word' id='word_1_244' title='bbox 2306 1708 2498 1762; x_wconf 81' lang='lat' dir='ltr'><strong>mortui</strong></span> <span class='ocrx_word' id='word_1_245' title='bbox 2552 1725 2736 1780; x_wconf 83' lang='lat' dir='ltr'><strong>sumus</strong></span> <span class='ocrx_word' id='word_1_246' title='bbox 2776 1724 2893 1761; x_wconf 89' lang='lat' dir='ltr'><strong>cum</strong></span> <span class='ocrx_word' id='word_1_247' title='bbox 2932 1707 3171 1770; x_wconf 78' lang='lat' dir='ltr'><strong>Christo,</strong></span> <span class='ocrx_word' id='word_1_248' title='bbox 3216 1704 3476 1759; x_wconf 80' lang='lat' dir='ltr'><strong>credimus</strong></span> 
     </span>
    </p>
   </div>
   <div class='ocr_carea' id='block_1_33' title="bbox 1906 1794 3479 1871">
    <p class='ocr_par' dir='ltr' id='par_1_33' title="bbox 1906 1794 3479 1871">
     <span class='ocr_line' id='line_1_33' title="bbox 1906 1794 3479 1871; baseline -0.004 -15"><span class='ocrx_word' id='word_1_249' title='bbox 1906 1802 2221 1871; x_wconf 85' lang='lat' dir='ltr'><strong>etiamquod</strong></span> <span class='ocrx_word' id='word_1_250' title='bbox 2252 1799 2409 1853; x_wconf 81' lang='lat' dir='ltr'><strong>simul</strong></span> <span class='ocrx_word' id='word_1_251' title='bbox 2436 1802 2656 1854; x_wconf 81' lang='lat' dir='ltr'><strong>riremus</strong></span> <span class='ocrx_word' id='word_1_252' title='bbox 2688 1817 2803 1853; x_wconf 84' lang='lat' dir='ltr'><strong>cum</strong></span> <span class='ocrx_word' id='word_1_253' title='bbox 2839 1799 2949 1852; x_wconf 85' lang='lat' dir='ltr'><strong>illo.</strong></span> <span class='ocrx_word' id='word_1_254' title='bbox 2978 1798 3212 1869; x_wconf 81' lang='lat' dir='ltr'><strong>(Ambr.)</strong></span> <span class='ocrx_word' id='word_1_255' title='bbox 3256 1794 3479 1850; x_wconf 81' lang='lat' dir='ltr'><strong>Manife-</strong></span> 
     </span>
    </p>
   </div>
   <div class='ocr_carea' id='block_1_34' title="bbox 235 1875 3483 1959">
    <p class='ocr_par' dir='ltr' id='par_1_34' title="bbox 235 1875 3483 1959">
     <span class='ocr_line' id='line_1_34' title="bbox 235 1875 3483 1959; baseline -0.002 -15"><span class='ocrx_word' id='word_1_256' title='bbox 235 1900 536 1945; x_wconf 86' lang='lat' dir='ltr'><strong>evacuatur</strong></span> <span class='ocrx_word' id='word_1_257' title='bbox 570 1905 766 1959; x_wconf 88' lang='lat' dir='ltr'><strong>corpus</strong></span> <span class='ocrx_word' id='word_1_258' title='bbox 795 1888 1033 1957; x_wconf 89' lang='lat' dir='ltr'><strong>peccati,</strong></span> <span class='ocrx_word' id='word_1_259' title='bbox 1066 1896 1125 1941; x_wconf 88' lang='lat' dir='ltr'><strong>ut</strong></span> <span class='ocrx_word' id='word_1_260' title='bbox 1157 1885 1267 1953; x_wconf 87' lang='lat' dir='ltr'><strong>jam</strong></span> <span class='ocrx_word' id='word_1_261' title='bbox 1311 1903 1415 1939; x_wconf 86' lang='lat' dir='ltr'><strong>non</strong></span> <span class='ocrx_word' id='word_1_262' title='bbox 1456 1887 1809 1940; x_wconf 71' lang='lat' dir='ltr'><strong>exhibeamus</strong></span> <span class='ocrx_word' id='word_1_263' title='bbox 1837 1875 1883 1932; x_wconf 80' lang='grc' dir='ltr'><strong>Β</strong></span> <span class='ocrx_word' id='word_1_264' title='bbox 1912 1900 2052 1945; x_wconf 88' lang='lat' dir='ltr'><strong>stum</strong></span> <span class='ocrx_word' id='word_1_265' title='bbox 2081 1886 2163 1944; x_wconf 77' lang='lat' dir='ltr'><strong>est</strong></span> <span class='ocrx_word' id='word_1_266' title='bbox 2193 1891 2289 1943; x_wconf 88' lang='lat' dir='ltr'><strong>hos</strong></span> <span class='ocrx_word' id='word_1_267' title='bbox 2317 1890 2652 1957; x_wconf 87' lang='lat' dir='ltr'><strong>quicarnem</strong></span> <span class='ocrx_word' id='word_1_268' title='bbox 2682 1888 3086 1950; x_wconf 76' lang='lat' dir='ltr'><strong>crucifixerunt,</strong></span> <span class='ocrx_word' id='word_1_269' title='bbox 3114 1885 3166 1940; x_wconf 89' lang='lat' dir='ltr'><strong>id</strong></span> <span class='ocrx_word' id='word_1_270' title='bbox 3193 1882 3296 1949; x_wconf 77' lang='lat' dir='ltr'><strong>est,</strong></span> <span class='ocrx_word' id='word_1_271' title='bbox 3324 1901 3483 1940; x_wconf 90' lang='lat' dir='ltr'><strong>mun-</strong></span> 
     </span>
    </p>
   </div>
   <div class='ocr_carea' id='block_1_35' title="bbox 225 1977 1813 2053">
    <p class='ocr_par' dir='ltr' id='par_1_35' title="bbox 225 1977 1813 2053">
     <span class='ocr_line' id='line_1_35' title="bbox 225 1977 1813 2053; baseline -0.004 -18"><span class='ocrx_word' id='word_1_272' title='bbox 225 1981 469 2036; x_wconf 86' lang='lat' dir='ltr'><strong>niembra</strong></span> <span class='ocrx_word' id='word_1_273' title='bbox 500 1990 705 2045; x_wconf 88' lang='lat' dir='ltr'><strong>nostra,</strong></span> <span class='ocrx_word' id='word_1_274' title='bbox 746 1995 896 2033; x_wconf 89' lang='lat' dir='ltr'><strong>arma</strong></span> <span class='ocrx_word' id='word_1_275' title='bbox 927 1978 1228 2053; x_wconf 85' lang='lat' dir='ltr'><strong>iniquitatis</strong></span> <span class='ocrx_word' id='word_1_276' title='bbox 1264 1985 1317 2030; x_wconf 94' lang='lat' dir='ltr'><strong>et</strong></span> <span class='ocrx_word' id='word_1_277' title='bbox 1345 1977 1574 2045; x_wconf 81' lang='lat' dir='ltr'><strong>peccati,</strong></span> <span class='ocrx_word' id='word_1_278' title='bbox 1603 1977 1727 2045; x_wconf 83' lang='lat' dir='ltr'><strong>quia</strong></span> <span class='ocrx_word' id='word_1_279' title='bbox 1758 1986 1813 2030; x_wconf 90' lang='lat' dir='ltr'><strong>et</strong></span> 
     </span>
    </p>
   </div>
   <div class='ocr_carea' id='block_1_36' title="bbox 226 2066 1811 2137">
    <p class='ocr_par' dir='ltr' id='par_1_36' title="bbox 226 2066 1811 2137">
     <span class='ocr_line' id='line_1_36' title="bbox 226 2066 1811 2137; baseline -0.004 -11"><span class='ocrx_word' id='word_1_280' title='bbox 226 2071 460 2126; x_wconf 87' lang='lat' dir='ltr'><strong>interior</strong></span> <span class='ocrx_word' id='word_1_281' title='bbox 482 2071 665 2124; x_wconf 90' lang='lat' dir='ltr'><strong>homo.</strong></span> <span class='ocrx_word' id='word_1_282' title='bbox 702 2068 758 2123; x_wconf 90' lang='lat' dir='ltr'><strong>Si</strong></span> <span class='ocrx_word' id='word_1_283' title='bbox 786 2069 971 2137; x_wconf 92' lang='lat' dir='ltr'><strong>utique</strong></span> <span class='ocrx_word' id='word_1_284' title='bbox 1004 2076 1293 2121; x_wconf 81' lang='lat' dir='ltr'><strong>renovatur</strong></span> <span class='ocrx_word' id='word_1_285' title='bbox 1331 2067 1396 2121; x_wconf 91' lang='lat' dir='ltr'><strong>de</strong></span> <span class='ocrx_word' id='word_1_286' title='bbox 1434 2067 1521 2120; x_wconf 88' lang='lat' dir='ltr'><strong>die</strong></span> <span class='ocrx_word' id='word_1_287' title='bbox 1552 2067 1605 2120; x_wconf 93' lang='lat' dir='ltr'><strong>in</strong></span> <span class='ocrx_word' id='word_1_288' title='bbox 1636 2066 1775 2120; x_wconf 92' lang='lat' dir='ltr'><strong>diem</strong></span> <span class='ocrx_word' id='word_1_289' title='bbox 1796 2105 1811 2131; x_wconf 93' lang='lat'><strong>,</strong></span> 
     </span>
    </p>
   </div>
   <div class='ocr_carea' id='block_1_37' title="bbox 226 2157 1814 2234">
    <p class='ocr_par' dir='ltr' id='par_1_37' title="bbox 226 2157 1814 2234">
     <span class='ocr_line' id='line_1_37' title="bbox 226 2157 1814 2234; baseline -0.004 -17"><span class='ocrx_word' id='word_1_290' title='bbox 226 2162 473 2234; x_wconf 81' lang='lat' dir='ltr'><strong>profecto</strong></span> <span class='ocrx_word' id='word_1_291' title='bbox 489 2170 643 2216; x_wconf 86' lang='lat' dir='ltr'><strong>vetus</strong></span> <span class='ocrx_word' id='word_1_292' title='bbox 658 2170 760 2226; x_wconf 89' lang='lat' dir='ltr'><strong>est,</strong></span> <span class='ocrx_word' id='word_1_293' title='bbox 780 2168 1068 2229; x_wconf 87' lang='lat' dir='ltr'><strong>antequam</strong></span> <span class='ocrx_word' id='word_1_294' title='bbox 1091 2166 1397 2212; x_wconf 85' lang='lat' dir='ltr'><strong>renovetur.</strong></span> <span class='ocrx_word' id='word_1_295' title='bbox 1414 2157 1562 2211; x_wconf 90' lang='lat' dir='ltr'><strong>intus</strong></span> <span class='ocrx_word' id='word_1_296' title='bbox 1583 2172 1814 2226; x_wconf 86' lang='lat' dir='ltr'><strong>namque</strong></span> 
     </span>
    </p>
   </div>
   <div class='ocr_carea' id='block_1_38' title="bbox 228 2244 1847 2322">
    <p class='ocr_par' dir='ltr' id='par_1_38' title="bbox 228 2244 1847 2322">
     <span class='ocr_line' id='line_1_38' title="bbox 228 2244 1847 2322; baseline -0.005 -16"><span class='ocrx_word' id='word_1_297' title='bbox 228 2254 431 2322; x_wconf 89' lang='lat' dir='ltr'><strong>agitur,</strong></span> <span class='ocrx_word' id='word_1_298' title='bbox 449 2251 589 2320; x_wconf 89' lang='lat' dir='ltr'><strong>quod</strong></span> <span class='ocrx_word' id='word_1_299' title='bbox 612 2251 753 2304; x_wconf 91' lang='lat' dir='ltr'><strong>idem</strong></span> <span class='ocrx_word' id='word_1_300' title='bbox 768 2249 1056 2317; x_wconf 78' lang='lat' dir='ltr'><strong>Apostolus</strong></span> <span class='ocrx_word' id='word_1_301' title='bbox 1078 2248 1209 2319; x_wconf 87' lang='lat' dir='ltr'><strong>dicit</strong></span> <span class='ocrx_word' id='word_1_302' title='bbox 1229 2247 1450 2319; x_wconf 85' lang='lat' dir='ltr'><strong>(Coloss.</strong></span> <span class='ocrx_word' id='word_1_303' title='bbox 1476 2246 1559 2315; x_wconf 87' lang='lat' dir='ltr'><strong>iu)</strong></span> <span class='ocrx_word' id='word_1_304' title='bbox 1582 2264 1594 2299; x_wconf 90' lang='lat'><strong>:</strong></span> <span class='ocrx_word' id='word_1_305' title='bbox 1622 2244 1813 2299; x_wconf 73' lang='lat' dir='ltr'><strong>Exuite</strong></span> <span class='ocrx_word' id='word_1_306' title='bbox 1844 2268 1847 2269; x_wconf 51' lang='grc' dir='ltr'><em>ν</em></span> 
     </span>
    </p>
   </div>
   <div class='ocr_carea' id='block_1_39' title="bbox 230 2336 1810 2407">
    <p class='ocr_par' dir='ltr' id='par_1_39' title="bbox 230 2336 1810 2407">
     <span class='ocr_line' id='line_1_39' title="bbox 230 2336 1810 2407; baseline -0.006 -10"><span class='ocrx_word' id='word_1_307' title='bbox 230 2360 323 2397; x_wconf 77' lang='lat' dir='ltr'><strong>vos</strong></span> <span class='ocrx_word' id='word_1_308' title='bbox 346 2350 560 2395; x_wconf 84' lang='lat' dir='ltr'><strong>veterem</strong></span> <span class='ocrx_word' id='word_1_309' title='bbox 578 2340 863 2401; x_wconf 72' lang='lat' dir='ltr'><strong>hominem,</strong></span> <span class='ocrx_word' id='word_1_310' title='bbox 893 2338 1035 2407; x_wconf 90' lang='lat' dir='ltr'><strong>quod</strong></span> <span class='ocrx_word' id='word_1_311' title='bbox 1062 2338 1135 2391; x_wconf 90' lang='lat' dir='ltr'><strong>ita</strong></span> <span class='ocrx_word' id='word_1_312' title='bbox 1158 2346 1548 2405; x_wconf 87' lang='lat' dir='ltr'><strong>consequenter</strong></span> <span class='ocrx_word' id='word_1_313' title='bbox 1567 2336 1810 2404; x_wconf 78' lang='lat' dir='ltr'><strong>exponit,</strong></span> 
     </span>
    </p>
   </div>
   <div class='ocr_carea' id='block_1_40' title="bbox 229 2426 1814 2502">
    <p class='ocr_par' dir='ltr' id='par_1_40' title="bbox 229 2426 1814 2502">
     <span class='ocr_line' id='line_1_40' title="bbox 229 2426 1814 2502; baseline -0.004 -18"><span class='ocrx_word' id='word_1_314' title='bbox 229 2440 551 2502; x_wconf 83' lang='lat' dir='ltr'><strong>quapropter</strong></span> <span class='ocrx_word' id='word_1_315' title='bbox 589 2430 900 2497; x_wconf 83' lang='lat' dir='ltr'><strong>deponentes</strong></span> <span class='ocrx_word' id='word_1_316' title='bbox 946 2428 1274 2481; x_wconf 85' lang='lat' dir='ltr'><strong>mendacium</strong></span> <span class='ocrx_word' id='word_1_317' title='bbox 1314 2426 1585 2497; x_wconf 79' lang='lat' dir='ltr'><strong>loquimini</strong></span> <span class='ocrx_word' id='word_1_318' title='bbox 1624 2426 1814 2479; x_wconf 84' lang='lat' dir='ltr'><strong>verita-</strong></span> 
     </span>
    </p>
   </div>
   <div class='ocr_carea' id='block_1_41' title="bbox 230 2518 1818 2587">
    <p class='ocr_par' dir='ltr' id='par_1_41' title="bbox 230 2518 1818 2587">
     <span class='ocr_line' id='line_1_41' title="bbox 230 2518 1818 2587; baseline -0.004 -12"><span class='ocrx_word' id='word_1_319' title='bbox 230 2529 358 2575; x_wconf 91' lang='lat' dir='ltr'><strong>tem.</strong></span> <span class='ocrx_word' id='word_1_320' title='bbox 391 2518 491 2575; x_wconf 88' lang='lat' dir='ltr'><strong>Ubi</strong></span> <span class='ocrx_word' id='word_1_321' title='bbox 521 2527 698 2574; x_wconf 89' lang='lat' dir='ltr'><strong>autem</strong></span> <span class='ocrx_word' id='word_1_322' title='bbox 726 2518 1013 2587; x_wconf 86' lang='lat' dir='ltr'><strong>deponitur</strong></span> <span class='ocrx_word' id='word_1_323' title='bbox 1037 2518 1397 2579; x_wconf 89' lang='lat' dir='ltr'><strong>mendacium,</strong></span> <span class='ocrx_word' id='word_1_324' title='bbox 1428 2518 1534 2570; x_wconf 91' lang='lat' dir='ltr'><strong>nisi</strong></span> <span class='ocrx_word' id='word_1_325' title='bbox 1568 2518 1732 2581; x_wconf 89' lang='lat' dir='ltr'><strong>intus,</strong></span> <span class='ocrx_word' id='word_1_326' title='bbox 1758 2523 1818 2569; x_wconf 92' lang='lat' dir='ltr'><strong>ut</strong></span> 
     </span>
    </p>
   </div>
   <div class='ocr_carea' id='block_1_42' title="bbox 232 2606 1818 2677">
    <p class='ocr_par' dir='ltr' id='par_1_42' title="bbox 232 2606 1818 2677">
     <span class='ocr_line' id='line_1_42' title="bbox 232 2606 1818 2677; baseline -0.003 -14"><span class='ocrx_word' id='word_1_327' title='bbox 232 2610 446 2665; x_wconf 86' lang='lat' dir='ltr'><strong>habitet</strong></span> <span class='ocrx_word' id='word_1_328' title='bbox 468 2611 522 2663; x_wconf 93' lang='lat' dir='ltr'><strong>in</strong></span> <span class='ocrx_word' id='word_1_329' title='bbox 557 2619 736 2664; x_wconf 88' lang='lat' dir='ltr'><strong>monte</strong></span> <span class='ocrx_word' id='word_1_330' title='bbox 765 2617 956 2661; x_wconf 88' lang='lat' dir='ltr'><strong>sancto</strong></span> <span class='ocrx_word' id='word_1_331' title='bbox 977 2608 1072 2661; x_wconf 89' lang='lat' dir='ltr'><strong>Dei</strong></span> <span class='ocrx_word' id='word_1_332' title='bbox 1095 2606 1273 2677; x_wconf 72' lang='lat' dir='ltr'><strong>(Psal.</strong></span> <span class='ocrx_word' id='word_1_333' title='bbox 1298 2606 1431 2677; x_wconf 74' lang='lat' dir='ltr'><strong>xxv),</strong></span> <span class='ocrx_word' id='word_1_334' title='bbox 1462 2607 1553 2675; x_wconf 91' lang='lat' dir='ltr'><strong>qui</strong></span> <span class='ocrx_word' id='word_1_335' title='bbox 1581 2606 1818 2676; x_wconf 86' lang='lat' dir='ltr'><strong>loquitur</strong></span> 
     </span>
    </p>
   </div>
   <div class='ocr_carea' id='block_1_43' title="bbox 233 2695 1818 2768">
    <p class='ocr_par' dir='ltr' id='par_1_43' title="bbox 233 2695 1818 2768">
     <span class='ocr_line' id='line_1_43' title="bbox 233 2695 1818 2768; baseline -0.002 -14"><span class='ocrx_word' id='word_1_336' title='bbox 233 2700 521 2755; x_wconf 81' lang='lat' dir='ltr'><strong>veritatem</strong></span> <span class='ocrx_word' id='word_1_337' title='bbox 550 2699 603 2753; x_wconf 90' lang='lat' dir='ltr'><strong>in</strong></span> <span class='ocrx_word' id='word_1_338' title='bbox 625 2697 789 2753; x_wconf 91' lang='lat' dir='ltr'><strong>corde</strong></span> <span class='ocrx_word' id='word_1_339' title='bbox 812 2712 929 2752; x_wconf 92' lang='lat' dir='ltr'><strong>suo.</strong></span> <span class='ocrx_word' id='word_1_340' title='bbox 958 2697 1156 2768; x_wconf 88' lang='lat' dir='ltr'><strong>(0rig.)</strong></span> <span class='ocrx_word' id='word_1_341' title='bbox 1182 2695 1288 2751; x_wconf 88' lang='lat' dir='ltr'><strong>Sed</strong></span> <span class='ocrx_word' id='word_1_342' title='bbox 1315 2697 1622 2767; x_wconf 83' lang='lat' dir='ltr'><strong>diligentius</strong></span> <span class='ocrx_word' id='word_1_343' title='bbox 1642 2698 1818 2752; x_wconf 92' lang='lat' dir='ltr'><strong>adhuc</strong></span> 
     </span>
    </p>
   </div>
   <div class='ocr_carea' id='block_1_44' title="bbox 228 2784 1814 2859">
    <p class='ocr_par' dir='ltr' id='par_1_44' title="bbox 228 2784 1814 2859">
     <span class='ocr_line' id='line_1_44' title="bbox 228 2784 1814 2859; baseline -0.003 -16"><span class='ocrx_word' id='word_1_344' title='bbox 228 2788 585 2859; x_wconf 77' lang='lat' dir='ltr'><strong>repetendum</strong></span> <span class='ocrx_word' id='word_1_345' title='bbox 606 2795 719 2849; x_wconf 88' lang='lat' dir='ltr'><strong>est,</strong></span> <span class='ocrx_word' id='word_1_346' title='bbox 751 2786 1020 2855; x_wconf 91' lang='lat' dir='ltr'><strong>quomodo</strong></span> <span class='ocrx_word' id='word_1_347' title='bbox 1046 2785 1241 2859; x_wconf 81' lang='lat' dir='ltr'><strong>dixerit</strong></span> <span class='ocrx_word' id='word_1_348' title='bbox 1275 2801 1461 2851; x_wconf 81' lang='lat' dir='ltr'><strong>corpus</strong></span> <span class='ocrx_word' id='word_1_349' title='bbox 1507 2786 1723 2852; x_wconf 78' lang='lat' dir='ltr'><strong>peccati.</strong></span> <span class='ocrx_word' id='word_1_350' title='bbox 1757 2784 1814 2839; x_wconf 91' lang='lat' dir='ltr'><strong>in</strong></span> 
     </span>
    </p>
   </div>
   <div class='ocr_carea' id='block_1_45' title="bbox 233 2878 1817 2952">
    <p class='ocr_par' dir='ltr' id='par_1_45' title="bbox 233 2878 1817 2952">
     <span class='ocr_line' id='line_1_45' title="bbox 233 2878 1817 2952; baseline -0.006 -14"><span class='ocrx_word' id='word_1_351' title='bbox 233 2897 346 2952; x_wconf 86' lang='lat' dir='ltr'><strong>quo</strong></span> <span class='ocrx_word' id='word_1_352' title='bbox 367 2881 556 2951; x_wconf 84' lang='lat' dir='ltr'><strong>duplex</strong></span> <span class='ocrx_word' id='word_1_353' title='bbox 585 2880 699 2935; x_wconf 90' lang='lat' dir='ltr'><strong>dari</strong></span> <span class='ocrx_word' id='word_1_354' title='bbox 723 2881 932 2934; x_wconf 88' lang='lat' dir='ltr'><strong>videtur</strong></span> <span class='ocrx_word' id='word_1_355' title='bbox 953 2878 1254 2933; x_wconf 85' lang='lat' dir='ltr'><strong>intellectus</strong></span> <span class='ocrx_word' id='word_1_356' title='bbox 1274 2919 1298 2942; x_wconf 82' lang='lat'><strong>,</strong></span> <span class='ocrx_word' id='word_1_357' title='bbox 1316 2878 1401 2932; x_wconf 89' lang='lat' dir='ltr'><strong>vel</strong></span> <span class='ocrx_word' id='word_1_358' title='bbox 1429 2879 1554 2948; x_wconf 90' lang='lat' dir='ltr'><strong>quia</strong></span> <span class='ocrx_word' id='word_1_359' title='bbox 1575 2885 1817 2931; x_wconf 90' lang='lat' dir='ltr'><strong>nostrum</strong></span> 
     </span>
    </p>
   </div>
   <div class='ocr_carea' id='block_1_46' title="bbox 236 2967 1816 3040">
    <p class='ocr_par' dir='ltr' id='par_1_46' title="bbox 236 2967 1816 3040">
     <span class='ocr_line' id='line_1_46' title="bbox 236 2967 1816 3040; baseline -0.004 -13"><span class='ocrx_word' id='word_1_360' title='bbox 236 2986 437 3040; x_wconf 88' lang='lat' dir='ltr'><strong>corpus</strong></span> <span class='ocrx_word' id='word_1_361' title='bbox 458 2969 667 3040; x_wconf 88' lang='lat' dir='ltr'><strong>peccati</strong></span> <span class='ocrx_word' id='word_1_362' title='bbox 693 2983 812 3023; x_wconf 89' lang='lat' dir='ltr'><strong>esse</strong></span> <span class='ocrx_word' id='word_1_363' title='bbox 838 2968 1035 3023; x_wconf 82' lang='lat' dir='ltr'><strong>dixerit</strong></span> <span class='ocrx_word' id='word_1_364' title='bbox 1072 2983 1299 3037; x_wconf 86' lang='lat' dir='ltr'><strong>corpus;</strong></span> <span class='ocrx_word' id='word_1_365' title='bbox 1337 2967 1421 3021; x_wconf 91' lang='lat' dir='ltr'><strong>vel</strong></span> <span class='ocrx_word' id='word_1_366' title='bbox 1451 2968 1572 3037; x_wconf 85' lang='lat' dir='ltr'><strong>quia</strong></span> <span class='ocrx_word' id='word_1_367' title='bbox 1610 2967 1816 3037; x_wconf 88' lang='lat' dir='ltr'><strong>peccati</strong></span> 
     </span>
    </p>
   </div>
   <div class='ocr_carea' id='block_1_47' title="bbox 237 3056 1855 3132">
    <p class='ocr_par' dir='ltr' id='par_1_47' title="bbox 237 3056 1855 3132">
     <span class='ocr_line' id='line_1_47' title="bbox 237 3056 1855 3132; baseline -0.004 -17"><span class='ocrx_word' id='word_1_368' title='bbox 237 3061 410 3132; x_wconf 80' lang='lat' dir='ltr'><strong>ipsius</strong></span> <span class='ocrx_word' id='word_1_369' title='bbox 457 3060 602 3114; x_wconf 86' lang='lat' dir='ltr'><strong>dicat</strong></span> <span class='ocrx_word' id='word_1_370' title='bbox 642 3073 762 3113; x_wconf 90' lang='lat' dir='ltr'><strong>esse</strong></span> <span class='ocrx_word' id='word_1_371' title='bbox 806 3058 1081 3128; x_wconf 90' lang='lat' dir='ltr'><strong>proprium</strong></span> <span class='ocrx_word' id='word_1_372' title='bbox 1135 3057 1350 3127; x_wconf 87' lang='lat' dir='ltr'><strong>aliquod</strong></span> <span class='ocrx_word' id='word_1_373' title='bbox 1395 3070 1619 3125; x_wconf 88' lang='lat' dir='ltr'><strong>corpus,</strong></span> <span class='ocrx_word' id='word_1_374' title='bbox 1678 3056 1855 3125; x_wconf 88' lang='lat' dir='ltr'><strong>quod.</strong></span> 
     </span>
    </p>
   </div>
   <div class='ocr_carea' id='block_1_48' title="bbox 238 3146 1822 3217">
    <p class='ocr_par' dir='ltr' id='par_1_48' title="bbox 238 3146 1822 3217">
     <span class='ocr_line' id='line_1_48' title="bbox 238 3146 1822 3217; baseline -0.005 -11"><span class='ocrx_word' id='word_1_375' title='bbox 238 3149 623 3206; x_wconf 80' lang='lat' dir='ltr'><strong>destruendum</strong></span> <span class='ocrx_word' id='word_1_376' title='bbox 651 3148 721 3202; x_wconf 90' lang='lat' dir='ltr'><strong>sit</strong></span> <span class='ocrx_word' id='word_1_377' title='bbox 749 3148 833 3201; x_wconf 88' lang='lat' dir='ltr'><strong>his</strong></span> <span class='ocrx_word' id='word_1_378' title='bbox 858 3147 949 3217; x_wconf 90' lang='lat' dir='ltr'><strong>qui</strong></span> <span class='ocrx_word' id='word_1_379' title='bbox 972 3162 1078 3201; x_wconf 92' lang='lat' dir='ltr'><strong>non</strong></span> <span class='ocrx_word' id='word_1_380' title='bbox 1097 3147 1292 3201; x_wconf 91' lang='lat' dir='ltr'><strong>debent</strong></span> <span class='ocrx_word' id='word_1_381' title='bbox 1314 3147 1453 3200; x_wconf 88' lang='lat' dir='ltr'><strong>ultra</strong></span> <span class='ocrx_word' id='word_1_382' title='bbox 1471 3146 1674 3199; x_wconf 82' lang='lat' dir='ltr'><strong>servire</strong></span> <span class='ocrx_word' id='word_1_383' title='bbox 1692 3160 1822 3213; x_wconf 86' lang='lat' dir='ltr'><strong>pec-</strong></span> 
     </span>
    </p>
   </div>
   <div class='ocr_carea' id='block_1_49' title="bbox 239 3218 1895 3307">
    <p class='ocr_par' dir='ltr' id='par_1_49' title="bbox 239 3218 1895 3307">
     <span class='ocr_line' id='line_1_49' title="bbox 239 3218 1895 3307; baseline -0.005 -11"><span class='ocrx_word' id='word_1_384' title='bbox 239 3249 384 3296; x_wconf 84' lang='lat' dir='ltr'><strong>cato.</strong></span> <span class='ocrx_word' id='word_1_385' title='bbox 418 3238 553 3306; x_wconf 85' lang='lat' dir='ltr'><strong>Quia</strong></span> <span class='ocrx_word' id='word_1_386' title='bbox 584 3254 713 3307; x_wconf 90' lang='lat' dir='ltr'><strong>ergo</strong></span> <span class='ocrx_word' id='word_1_387' title='bbox 745 3245 973 3305; x_wconf 87' lang='lat' dir='ltr'><strong>uterque</strong></span> <span class='ocrx_word' id='word_1_388' title='bbox 1003 3251 1196 3291; x_wconf 86' lang='lat' dir='ltr'><strong>sensus</strong></span> <span class='ocrx_word' id='word_1_389' title='bbox 1227 3237 1279 3290; x_wconf 93' lang='lat' dir='ltr'><strong>in</strong></span> <span class='ocrx_word' id='word_1_390' title='bbox 1309 3238 1411 3291; x_wconf 93' lang='lat' dir='ltr'><strong>hoc</strong></span> <span class='ocrx_word' id='word_1_391' title='bbox 1445 3235 1564 3289; x_wconf 92' lang='lat' dir='ltr'><strong>loco</strong></span> <span class='ocrx_word' id='word_1_392' title='bbox 1606 3232 1818 3289; x_wconf 88' lang='lat' dir='ltr'><strong>admitti</strong></span> <span class='ocrx_word' id='word_1_393' title='bbox 1848 3218 1895 3280; x_wconf 81' lang='lat' dir='ltr'><strong>C</strong></span> 
     </span>
    </p>
   </div>
   <div class='ocr_carea' id='block_1_50' title="bbox 238 3325 1819 3400">
    <p class='ocr_par' dir='ltr' id='par_1_50' title="bbox 238 3325 1819 3400">
     <span class='ocr_line' id='line_1_50' title="bbox 238 3325 1819 3400; baseline -0.005 -16"><span class='ocrx_word' id='word_1_394' title='bbox 238 3337 438 3400; x_wconf 83' lang='lat' dir='ltr'><strong>potest,</strong></span> <span class='ocrx_word' id='word_1_395' title='bbox 463 3329 529 3383; x_wconf 83' lang='lat' dir='ltr'><strong>de</strong></span> <span class='ocrx_word' id='word_1_396' title='bbox 566 3338 796 3396; x_wconf 90' lang='lat' dir='ltr'><strong>utroque</strong></span> <span class='ocrx_word' id='word_1_397' title='bbox 827 3326 955 3395; x_wconf 92' lang='lat' dir='ltr'><strong>quid</strong></span> <span class='ocrx_word' id='word_1_398' title='bbox 995 3326 1154 3381; x_wconf 90' lang='lat' dir='ltr'><strong>nobis</strong></span> <span class='ocrx_word' id='word_1_399' title='bbox 1182 3325 1432 3380; x_wconf 89' lang='lat' dir='ltr'><strong>videatur</strong></span> <span class='ocrx_word' id='word_1_400' title='bbox 1466 3336 1819 3392; x_wconf 81' lang='lat' dir='ltr'><strong>exponemus.</strong></span> 
     </span>
    </p>
   </div>
   <div class='ocr_carea' id='block_1_51' title="bbox 241 3413 1826 3489">
    <p class='ocr_par' dir='ltr' id='par_1_51' title="bbox 241 3413 1826 3489">
     <span class='ocr_line' id='line_1_51' title="bbox 241 3413 1826 3489; baseline -0.004 -14"><span class='ocrx_word' id='word_1_401' title='bbox 241 3420 456 3475; x_wconf 83' lang='lat' dir='ltr'><strong>Etenim</strong></span> <span class='ocrx_word' id='word_1_402' title='bbox 484 3419 528 3475; x_wconf 90' lang='lat' dir='ltr'><strong>si</strong></span> <span class='ocrx_word' id='word_1_403' title='bbox 552 3419 828 3489; x_wconf 90' lang='lat' dir='ltr'><strong>proprium</strong></span> <span class='ocrx_word' id='word_1_404' title='bbox 845 3431 1042 3487; x_wconf 89' lang='lat' dir='ltr'><strong>corpus</strong></span> <span class='ocrx_word' id='word_1_405' title='bbox 1066 3430 1329 3486; x_wconf 86' lang='lat' dir='ltr'><strong>ponamus</strong></span> <span class='ocrx_word' id='word_1_406' title='bbox 1356 3428 1476 3471; x_wconf 89' lang='lat' dir='ltr'><strong>esse</strong></span> <span class='ocrx_word' id='word_1_407' title='bbox 1494 3413 1722 3485; x_wconf 87' lang='lat' dir='ltr'><strong>peccati,</strong></span> <span class='ocrx_word' id='word_1_408' title='bbox 1746 3414 1826 3468; x_wconf 82' lang='lat' dir='ltr'><strong>vi-</strong></span> 
     </span>
    </p>
   </div>
   <div class='ocr_carea' id='block_1_52' title="bbox 243 3496 1826 3578">
    <p class='ocr_par' dir='ltr' id='par_1_52' title="bbox 243 3496 1826 3578">
     <span class='ocr_line' id='line_1_52' title="bbox 243 3496 1826 3578; baseline -0.004 -12"><span class='ocrx_word' id='word_1_409' title='bbox 243 3510 459 3566; x_wconf 91' lang='lat' dir='ltr'><strong>debitur</strong></span> <span class='ocrx_word' id='word_1_410' title='bbox 486 3507 629 3578; x_wconf 85' lang='lat' dir='ltr'><strong>quod</strong></span> <span class='ocrx_word' id='word_1_411' title='bbox 654 3508 793 3562; x_wconf 83' lang='lat' dir='ltr'><strong>sicut</strong></span> <span class='ocrx_word' id='word_1_412' title='bbox 819 3506 886 3561; x_wconf 90' lang='lat' dir='ltr'><strong>de</strong></span> <span class='ocrx_word' id='word_1_413' title='bbox 915 3506 999 3562; x_wconf 89' lang='lat' dir='ltr'><strong>his</strong></span> <span class='ocrx_word' id='word_1_414' title='bbox 1021 3507 1114 3577; x_wconf 91' lang='lat' dir='ltr'><strong>qui</strong></span> <span class='ocrx_word' id='word_1_415' title='bbox 1143 3506 1199 3560; x_wconf 92' lang='lat' dir='ltr'><strong>in</strong></span> <span class='ocrx_word' id='word_1_416' title='bbox 1223 3496 1417 3560; x_wconf 86' lang='lat' dir='ltr'><strong>novum</strong></span> <span class='ocrx_word' id='word_1_417' title='bbox 1441 3504 1715 3559; x_wconf 87' lang='lat' dir='ltr'><strong>hominem</strong></span> <span class='ocrx_word' id='word_1_418' title='bbox 1744 3519 1826 3560; x_wconf 87' lang='lat' dir='ltr'><strong>re-</strong></span> 
     </span>
    </p>
   </div>
   <div class='ocr_carea' id='block_1_53' title="bbox 241 3596 1824 3670">
    <p class='ocr_par' dir='ltr' id='par_1_53' title="bbox 241 3596 1824 3670">
     <span class='ocr_line' id='line_1_53' title="bbox 241 3596 1824 3670; baseline -0.001 -17"><span class='ocrx_word' id='word_1_419' title='bbox 241 3599 419 3670; x_wconf 86' lang='lat' dir='ltr'><strong>parati</strong></span> <span class='ocrx_word' id='word_1_420' title='bbox 441 3606 566 3653; x_wconf 90' lang='lat' dir='ltr'><strong>sunt</strong></span> <span class='ocrx_word' id='word_1_421' title='bbox 586 3598 786 3653; x_wconf 88' lang='lat' dir='ltr'><strong>dictum</strong></span> <span class='ocrx_word' id='word_1_422' title='bbox 813 3607 914 3663; x_wconf 90' lang='lat' dir='ltr'><strong>est,</strong></span> <span class='ocrx_word' id='word_1_423' title='bbox 937 3598 1061 3669; x_wconf 91' lang='lat' dir='ltr'><strong>quia</strong></span> <span class='ocrx_word' id='word_1_424' title='bbox 1090 3615 1176 3652; x_wconf 80' lang='lat' dir='ltr'><strong>vos</strong></span> <span class='ocrx_word' id='word_1_425' title='bbox 1191 3600 1311 3653; x_wconf 87' lang='lat' dir='ltr'><strong>estis</strong></span> <span class='ocrx_word' id='word_1_426' title='bbox 1338 3615 1524 3668; x_wconf 80' lang='lat' dir='ltr'><strong>corpus</strong></span> <span class='ocrx_word' id='word_1_427' title='bbox 1540 3596 1753 3663; x_wconf 81' lang='lat' dir='ltr'><strong>Christi,</strong></span> <span class='ocrx_word' id='word_1_428' title='bbox 1775 3606 1824 3651; x_wconf 91' lang='lat' dir='ltr'><strong>et</strong></span> 
     </span>
    </p>
   </div>
   <div class='ocr_carea' id='block_1_54' title="bbox 242 3688 1827 3761">
    <p class='ocr_par' dir='ltr' id='par_1_54' title="bbox 242 3688 1827 3761">
     <span class='ocr_line' id='line_1_54' title="bbox 242 3688 1827 3761; baseline 0.002 -17"><span class='ocrx_word' id='word_1_429' title='bbox 242 3689 475 3744; x_wconf 88' lang='lat' dir='ltr'><strong>membra</strong></span> <span class='ocrx_word' id='word_1_430' title='bbox 496 3706 559 3743; x_wconf 77' lang='lat' dir='ltr'><strong>ea:</strong></span> <span class='ocrx_word' id='word_1_431' title='bbox 578 3699 723 3759; x_wconf 87' lang='lat' dir='ltr'><strong>parte</strong></span> <span class='ocrx_word' id='word_1_432' title='bbox 743 3689 793 3761; x_wconf 84' lang='grc' dir='ltr'><strong>(Ι</strong></span> <span class='ocrx_word' id='word_1_433' title='bbox 809 3688 932 3744; x_wconf 85' lang='lat' dir='ltr'><strong>Cor.</strong></span> <span class='ocrx_word' id='word_1_434' title='bbox 950 3689 1069 3761; x_wconf 83' lang='lat' dir='ltr'><strong>xu),</strong></span> <span class='ocrx_word' id='word_1_435' title='bbox 1087 3692 1162 3745; x_wconf 90' lang='lat' dir='ltr'><strong>ita</strong></span> <span class='ocrx_word' id='word_1_436' title='bbox 1183 3691 1250 3746; x_wconf 91' lang='lat' dir='ltr'><strong>de</strong></span> <span class='ocrx_word' id='word_1_437' title='bbox 1266 3691 1350 3746; x_wconf 90' lang='lat' dir='ltr'><strong>his</strong></span> <span class='ocrx_word' id='word_1_438' title='bbox 1367 3692 1459 3761; x_wconf 88' lang='lat' dir='ltr'><strong>qui</strong></span> <span class='ocrx_word' id='word_1_439' title='bbox 1473 3699 1710 3747; x_wconf 82' lang='lat' dir='ltr'><strong>veterem</strong></span> <span class='ocrx_word' id='word_1_440' title='bbox 1729 3691 1827 3747; x_wconf 90' lang='lat' dir='ltr'><strong>bo-</strong></span> 
     </span>
    </p>
   </div>
   <div class='ocr_carea' id='block_1_55' title="bbox 242 3778 1826 3851">
    <p class='ocr_par' dir='ltr' id='par_1_55' title="bbox 242 3778 1826 3851">
     <span class='ocr_line' id='line_1_55' title="bbox 242 3778 1826 3851; baseline 0.001 -18"><span class='ocrx_word' id='word_1_441' title='bbox 242 3778 447 3833; x_wconf 86' lang='lat' dir='ltr'><strong>minem</strong></span> <span class='ocrx_word' id='word_1_442' title='bbox 482 3778 718 3851; x_wconf 79' lang='lat' dir='ltr'><strong>nondnm</strong></span> <span class='ocrx_word' id='word_1_443' title='bbox 744 3779 1159 3845; x_wconf 79' lang='lat' dir='ltr'><strong>cruciﬁxerunt,</strong></span> <span class='ocrx_word' id='word_1_444' title='bbox 1200 3780 1303 3835; x_wconf 91' lang='lat' dir='ltr'><strong>dici</strong></span> <span class='ocrx_word' id='word_1_445' title='bbox 1348 3796 1507 3851; x_wconf 84' lang='lat' dir='ltr'><strong>posse</strong></span> <span class='ocrx_word' id='word_1_446' title='bbox 1536 3780 1679 3850; x_wconf 91' lang='lat' dir='ltr'><strong>quod</strong></span> <span class='ocrx_word' id='word_1_447' title='bbox 1716 3780 1826 3835; x_wconf 89' lang='lat' dir='ltr'><strong>sint</strong></span> 
     </span>
    </p>
   </div>
   <div class='ocr_carea' id='block_1_56' title="bbox 244 3868 1828 3941">
    <p class='ocr_par' dir='ltr' id='par_1_56' title="bbox 244 3868 1828 3941">
     <span class='ocr_line' id='line_1_56' title="bbox 244 3868 1828 3941; baseline 0.004 -20"><span class='ocrx_word' id='word_1_448' title='bbox 244 3882 442 3937; x_wconf 89' lang='lat' dir='ltr'><strong>corpus</strong></span> <span class='ocrx_word' id='word_1_449' title='bbox 459 3868 665 3937; x_wconf 88' lang='lat' dir='ltr'><strong>peccati</strong></span> <span class='ocrx_word' id='word_1_450' title='bbox 690 3876 746 3922; x_wconf 89' lang='lat' dir='ltr'><strong>et</strong></span> <span class='ocrx_word' id='word_1_451' title='bbox 773 3871 1044 3933; x_wconf 84' lang='lat' dir='ltr'><strong>membra,</strong></span> <span class='ocrx_word' id='word_1_452' title='bbox 1079 3868 1231 3938; x_wconf 90' lang='lat' dir='ltr'><strong>cujus</strong></span> <span class='ocrx_word' id='word_1_453' title='bbox 1268 3879 1429 3940; x_wconf 90' lang='lat' dir='ltr'><strong>caput</strong></span> <span class='ocrx_word' id='word_1_454' title='bbox 1474 3871 1718 3941; x_wconf 90' lang='lat' dir='ltr'><strong>corporis</strong></span> <span class='ocrx_word' id='word_1_455' title='bbox 1756 3872 1828 3927; x_wconf 88' lang='lat' dir='ltr'><strong>sit</strong></span> 
     </span>
    </p>
   </div>
   <div class='ocr_carea' id='block_1_57' title="bbox 245 3954 1827 4029">
    <p class='ocr_par' dir='ltr' id='par_1_57' title="bbox 245 3954 1827 4029">
     <span class='ocr_line' id='line_1_57' title="bbox 245 3954 1827 4029; baseline 0.003 -18"><span class='ocrx_word' id='word_1_456' title='bbox 245 3954 512 4018; x_wconf 89' lang='lat' dir='ltr'><strong>diabolus,</strong></span> <span class='ocrx_word' id='word_1_457' title='bbox 543 3956 683 4010; x_wconf 87' lang='lat' dir='ltr'><strong>sicut</strong></span> <span class='ocrx_word' id='word_1_458' title='bbox 706 3954 955 4013; x_wconf 82' lang='lat' dir='ltr'><strong>Christus</strong></span> <span class='ocrx_word' id='word_1_459' title='bbox 990 3965 1151 4027; x_wconf 88' lang='lat' dir='ltr'><strong>caput</strong></span> <span class='ocrx_word' id='word_1_460' title='bbox 1187 3966 1271 4013; x_wconf 88' lang='lat' dir='ltr'><strong>est</strong></span> <span class='ocrx_word' id='word_1_461' title='bbox 1300 3960 1544 4029; x_wconf 90' lang='lat' dir='ltr'><strong>corporis</strong></span> <span class='ocrx_word' id='word_1_462' title='bbox 1564 3959 1827 4015; x_wconf 65' lang='lat' dir='ltr'><strong>Ecclesia</strong></span> 
     </span>
    </p>
   </div>
   <div class='ocr_carea' id='block_1_58' title="bbox 244 4048 1825 4123">
    <p class='ocr_par' dir='ltr' id='par_1_58' title="bbox 244 4048 1825 4123">
     <span class='ocr_line' id='line_1_58' title="bbox 244 4048 1825 4123; baseline 0.003 -21"><span class='ocrx_word' id='word_1_463' title='bbox 244 4063 356 4103; x_wconf 84' lang='lat' dir='ltr'><strong>non</strong></span> <span class='ocrx_word' id='word_1_464' title='bbox 395 4048 644 4104; x_wconf 87' lang='lat' dir='ltr'><strong>habentis</strong></span> <span class='ocrx_word' id='word_1_465' title='bbox 686 4048 951 4104; x_wconf 87' lang='lat' dir='ltr'><strong>maculam</strong></span> <span class='ocrx_word' id='word_1_466' title='bbox 995 4059 1087 4103; x_wconf 89' lang='lat' dir='ltr'><strong>aut</strong></span> <span class='ocrx_word' id='word_1_467' title='bbox 1125 4064 1311 4120; x_wconf 87' lang='lat' dir='ltr'><strong>rugam</strong></span> <span class='ocrx_word' id='word_1_468' title='bbox 1345 4050 1557 4121; x_wconf 80' lang='lat' dir='ltr'><strong>(Ephes.</strong></span> <span class='ocrx_word' id='word_1_469' title='bbox 1590 4051 1667 4123; x_wconf 93' lang='lat' dir='ltr'><strong>v).</strong></span> <span class='ocrx_word' id='word_1_470' title='bbox 1691 4051 1825 4107; x_wconf 88' lang='lat' dir='ltr'><strong>Pos-</strong></span> 
     </span>
    </p>
   </div>
   <div class='ocr_carea' id='block_1_59' title="bbox 246 4127 1827 4212">
    <p class='ocr_par' dir='ltr' id='par_1_59' title="bbox 246 4127 1827 4212">
     <span class='ocr_line' id='line_1_59' title="bbox 246 4127 1827 4212; baseline 0.002 -17"><span class='ocrx_word' id='word_1_471' title='bbox 246 4148 376 4195; x_wconf 83' lang='lat' dir='ltr'><strong>sunt</strong></span> <span class='ocrx_word' id='word_1_472' title='bbox 403 4148 586 4195; x_wconf 89' lang='lat' dir='ltr'><strong>autem</strong></span> <span class='ocrx_word' id='word_1_473' title='bbox 612 4127 851 4195; x_wconf 87' lang='lat' dir='ltr'><strong>membra</strong></span> <span class='ocrx_word' id='word_1_474' title='bbox 882 4156 949 4195; x_wconf 78' lang='lat' dir='ltr'><strong>ex</strong></span> <span class='ocrx_word' id='word_1_475' title='bbox 978 4141 1174 4210; x_wconf 89' lang='lat' dir='ltr'><strong>quibus</strong></span> <span class='ocrx_word' id='word_1_476' title='bbox 1216 4156 1412 4212; x_wconf 82' lang='lat' dir='ltr'><strong>corpus</strong></span> <span class='ocrx_word' id='word_1_477' title='bbox 1441 4144 1585 4198; x_wconf 88' lang='lat' dir='ltr'><strong>istud</strong></span> <span class='ocrx_word' id='word_1_478' title='bbox 1617 4143 1827 4212; x_wconf 89' lang='lat' dir='ltr'><strong>peccati</strong></span> 
     </span>
    </p>
   </div>
   <div class='ocr_carea' id='block_1_60' title="bbox 246 4230 1827 4302">
    <p class='ocr_par' dir='ltr' id='par_1_60' title="bbox 246 4230 1827 4302">
     <span class='ocr_line' id='line_1_60' title="bbox 246 4230 1827 4302; baseline 0.001 -17"><span class='ocrx_word' id='word_1_479' title='bbox 246 4238 495 4296; x_wconf 82' lang='lat' dir='ltr'><strong>constat,</strong></span> <span class='ocrx_word' id='word_1_480' title='bbox 528 4230 620 4284; x_wconf 88' lang='lat' dir='ltr'><strong>illa</strong></span> <span class='ocrx_word' id='word_1_481' title='bbox 661 4231 830 4285; x_wconf 89' lang='lat' dir='ltr'><strong>videri</strong></span> <span class='ocrx_word' id='word_1_482' title='bbox 863 4246 983 4301; x_wconf 70' lang='lat' dir='ltr'><strong>qua:</strong></span> <span class='ocrx_word' id='word_1_483' title='bbox 1018 4233 1265 4302; x_wconf 90' lang='lat' dir='ltr'><strong>superius</strong></span> <span class='ocrx_word' id='word_1_484' title='bbox 1308 4234 1646 4287; x_wconf 83' lang='lat' dir='ltr'><strong>enumeravit</strong></span> <span class='ocrx_word' id='word_1_485' title='bbox 1683 4234 1827 4301; x_wconf 89' lang='lat' dir='ltr'><strong>Apo-</strong></span> 
     </span>
    </p>
   </div>
   <div class='ocr_carea' id='block_1_61' title="bbox 248 4319 1826 4393">
    <p class='ocr_par' dir='ltr' id='par_1_61' title="bbox 248 4319 1826 4393">
     <span class='ocr_line' id='line_1_61' title="bbox 248 4319 1826 4393; baseline 0.003 -20"><span class='ocrx_word' id='word_1_486' title='bbox 248 4319 423 4374; x_wconf 86' lang='lat' dir='ltr'><strong>stolus</strong></span> <span class='ocrx_word' id='word_1_487' title='bbox 453 4320 698 4373; x_wconf 87' lang='lat' dir='ltr'><strong>membra</strong></span> <span class='ocrx_word' id='word_1_488' title='bbox 724 4334 844 4374; x_wconf 89' lang='lat' dir='ltr'><strong>esse</strong></span> <span class='ocrx_word' id='word_1_489' title='bbox 867 4334 1030 4393; x_wconf 87' lang='lat' dir='ltr'><strong>super</strong></span> <span class='ocrx_word' id='word_1_490' title='bbox 1054 4327 1275 4384; x_wconf 87' lang='lat' dir='ltr'><strong>terram,</strong></span> <span class='ocrx_word' id='word_1_491' title='bbox 1304 4321 1357 4375; x_wconf 88' lang='lat' dir='ltr'><strong>id</strong></span> <span class='ocrx_word' id='word_1_492' title='bbox 1385 4330 1489 4385; x_wconf 87' lang='lat' dir='ltr'><strong>est,</strong></span> <span class='ocrx_word' id='word_1_493' title='bbox 1523 4320 1826 4377; x_wconf 82' lang='lat' dir='ltr'><strong>fornicatio-</strong></span> 
     </span>
    </p>
   </div>
   <div class='ocr_carea' id='block_1_62' title="bbox 250 4406 1826 4477">
    <p class='ocr_par' dir='ltr' id='par_1_62' title="bbox 250 4406 1826 4477">
     <span class='ocr_line' id='line_1_62' title="bbox 250 4406 1826 4477; baseline 0.003 -16"><span class='ocrx_word' id='word_1_494' title='bbox 250 4422 397 4471; x_wconf 90' lang='lat' dir='ltr'><strong>nem,</strong></span> <span class='ocrx_word' id='word_1_495' title='bbox 434 4406 828 4463; x_wconf 88' lang='lat' dir='ltr'><strong>immunditiam</strong></span> <span class='ocrx_word' id='word_1_496' title='bbox 847 4449 862 4473; x_wconf 97' lang='lat'><strong>,</strong></span> <span class='ocrx_word' id='word_1_497' title='bbox 899 4408 1287 4477; x_wconf 86' lang='lat' dir='ltr'><strong>impudicitiam</strong></span> <span class='ocrx_word' id='word_1_498' title='bbox 1310 4448 1326 4475; x_wconf 91' lang='lat'><strong>,</strong></span> <span class='ocrx_word' id='word_1_499' title='bbox 1357 4411 1637 4466; x_wconf 87' lang='lat' dir='ltr'><strong>avaritiam</strong></span> <span class='ocrx_word' id='word_1_500' title='bbox 1658 4451 1673 4477; x_wconf 93' lang='lat'><strong>,</strong></span> <span class='ocrx_word' id='word_1_501' title='bbox 1698 4426 1826 4465; x_wconf 89' lang='lat' dir='ltr'><strong>eon-</strong></span> 
     </span>
    </p>
   </div>
   <div class='ocr_carea' id='block_1_63' title="bbox 253 4484 1825 4563">
    <p class='ocr_par' dir='ltr' id='par_1_63' title="bbox 253 4484 1825 4563">
     <span class='ocr_line' id='line_1_63' title="bbox 253 4484 1825 4563; baseline 0.004 -16"><span class='ocrx_word' id='word_1_502' title='bbox 253 4495 552 4550; x_wconf 88' lang='lat' dir='ltr'><strong>tentionem</strong></span> <span class='ocrx_word' id='word_1_503' title='bbox 571 4534 586 4559; x_wconf 94' lang='lat'><strong>,</strong></span> <span class='ocrx_word' id='word_1_504' title='bbox 609 4495 780 4559; x_wconf 86' lang='lat' dir='ltr'><strong>iram,</strong></span> <span class='ocrx_word' id='word_1_505' title='bbox 808 4495 982 4561; x_wconf 92' lang='lat' dir='ltr'><strong>dolos,</strong></span> <span class='ocrx_word' id='word_1_506' title='bbox 1016 4484 1195 4563; x_wconf 80' lang='lat' dir='ltr'><strong>rixas,</strong></span> <span class='ocrx_word' id='word_1_507' title='bbox 1231 4499 1623 4563; x_wconf 88' lang='lat' dir='ltr'><strong>dissensiones,</strong></span> <span class='ocrx_word' id='word_1_508' title='bbox 1654 4499 1825 4553; x_wconf 64' lang='lat' dir='ltr'><strong>haere-</strong></span> 
     </span>
    </p>
   </div>
   <div class='ocr_carea' id='block_1_64' title="bbox 251 4564 1901 4659">
    <p class='ocr_par' dir='ltr' id='par_1_64' title="bbox 251 4564 1901 4659">
     <span class='ocr_line' id='line_1_64' title="bbox 251 4564 1901 4659; baseline 0.002 -21"><span class='ocrx_word' id='word_1_509' title='bbox 251 4598 377 4649; x_wconf 84' lang='lat' dir='ltr'><strong>ses,</strong></span> <span class='ocrx_word' id='word_1_510' title='bbox 410 4574 699 4647; x_wconf 81' lang='lat' dir='ltr'><strong>invidiam,</strong></span> <span class='ocrx_word' id='word_1_511' title='bbox 726 4586 1152 4641; x_wconf 67' lang='lat' dir='ltr'><strong>comessationes</strong></span> <span class='ocrx_word' id='word_1_512' title='bbox 1182 4586 1235 4659; x_wconf 87' lang='lat' dir='ltr'><strong>(l</strong></span> <span class='ocrx_word' id='word_1_513' title='bbox 1266 4586 1387 4641; x_wconf 86' lang='lat' dir='ltr'><strong>Cor.</strong></span> <span class='ocrx_word' id='word_1_514' title='bbox 1418 4588 1527 4658; x_wconf 83' lang='lat' dir='ltr'><strong>Vl),</strong></span> <span class='ocrx_word' id='word_1_515' title='bbox 1554 4598 1611 4643; x_wconf 85' lang='lat' dir='ltr'><strong>et</strong></span> <span class='ocrx_word' id='word_1_516' title='bbox 1642 4589 1728 4643; x_wconf 91' lang='lat' dir='ltr'><strong>his</strong></span> <span class='ocrx_word' id='word_1_517' title='bbox 1757 4588 1825 4644; x_wconf 88' lang='lat' dir='ltr'><strong>si-</strong></span> <span class='ocrx_word' id='word_1_518' title='bbox 1848 4564 1901 4628; x_wconf 81' lang='lat' dir='ltr'><strong>D</strong></span> 
     </span>
    </p>
   </div>
   <div class='ocr_carea' id='block_1_65' title="bbox 251 4675 1825 4748">
    <p class='ocr_par' dir='ltr' id='par_1_65' title="bbox 251 4675 1825 4748">
     <span class='ocr_line' id='line_1_65' title="bbox 251 4675 1825 4748; baseline 0.002 -20"><span class='ocrx_word' id='word_1_519' title='bbox 251 4675 429 4729; x_wconf 88' lang='lat' dir='ltr'><strong>milia:</strong></span> <span class='ocrx_word' id='word_1_520' title='bbox 446 4690 514 4730; x_wconf 79' lang='lat' dir='ltr'><strong>ex</strong></span> <span class='ocrx_word' id='word_1_521' title='bbox 534 4675 725 4745; x_wconf 90' lang='lat' dir='ltr'><strong>quibus</strong></span> <span class='ocrx_word' id='word_1_522' title='bbox 747 4677 998 4732; x_wconf 90' lang='lat' dir='ltr'><strong>omnibus</strong></span> <span class='ocrx_word' id='word_1_523' title='bbox 1022 4678 1282 4732; x_wconf 83' lang='lat' dir='ltr'><strong>membris</strong></span> <span class='ocrx_word' id='word_1_524' title='bbox 1302 4678 1461 4748; x_wconf 82' lang='lat' dir='ltr'><strong>digne</strong></span> <span class='ocrx_word' id='word_1_525' title='bbox 1483 4678 1825 4733; x_wconf 87' lang='lat' dir='ltr'><strong>dicaturcor-</strong></span> 
     </span>
    </p>
   </div>
   <div class='ocr_carea' id='block_1_66' title="bbox 251 4766 1825 4835">
    <p class='ocr_par' dir='ltr' id='par_1_66' title="bbox 251 4766 1825 4835">
     <span class='ocr_line' id='line_1_66' title="bbox 251 4766 1825 4835; baseline 0.002 -16"><span class='ocrx_word' id='word_1_526' title='bbox 251 4779 355 4835; x_wconf 88' lang='lat' dir='ltr'><strong>pus</strong></span> <span class='ocrx_word' id='word_1_527' title='bbox 386 4766 591 4834; x_wconf 90' lang='lat' dir='ltr'><strong>peccati</strong></span> <span class='ocrx_word' id='word_1_528' title='bbox 644 4772 915 4831; x_wconf 89' lang='lat' dir='ltr'><strong>constare,</strong></span> <span class='ocrx_word' id='word_1_529' title='bbox 961 4775 1015 4821; x_wconf 92' lang='lat' dir='ltr'><strong>et</strong></span> <span class='ocrx_word' id='word_1_530' title='bbox 1051 4768 1153 4821; x_wconf 93' lang='lat' dir='ltr'><strong>hoc</strong></span> <span class='ocrx_word' id='word_1_531' title='bbox 1207 4782 1401 4835; x_wconf 88' lang='lat' dir='ltr'><strong>corpus</strong></span> <span class='ocrx_word' id='word_1_532' title='bbox 1453 4774 1608 4820; x_wconf 89' lang='lat' dir='ltr'><strong>vetus</strong></span> <span class='ocrx_word' id='word_1_533' title='bbox 1663 4767 1825 4822; x_wconf 92' lang='lat' dir='ltr'><strong>homo</strong></span> 
     </span>
    </p>
   </div>
   <div class='ocr_carea' id='block_1_67' title="bbox 250 4854 1822 4932">
    <p class='ocr_par' dir='ltr' id='par_1_67' title="bbox 250 4854 1822 4932">
     <span class='ocr_line' id='line_1_67' title="bbox 250 4854 1822 4932; baseline 0.001 -23"><span class='ocrx_word' id='word_1_534' title='bbox 250 4854 531 4925; x_wconf 82' lang='lat' dir='ltr'><strong>appellari.</strong></span> <span class='ocrx_word' id='word_1_535' title='bbox 565 4854 715 4921; x_wconf 86' lang='lat' dir='ltr'><strong>Quod</strong></span> <span class='ocrx_word' id='word_1_536' title='bbox 742 4858 787 4911; x_wconf 91' lang='lat' dir='ltr'><strong>si</strong></span> <span class='ocrx_word' id='word_1_537' title='bbox 816 4857 937 4932; x_wconf 87' lang='lat' dir='ltr'><strong>quis</strong></span> <span class='ocrx_word' id='word_1_538' title='bbox 962 4873 1060 4926; x_wconf 82' lang='lat' dir='ltr'><strong>per</strong></span> <span class='ocrx_word' id='word_1_539' title='bbox 1086 4870 1301 4910; x_wconf 90' lang='lat' dir='ltr'><strong>crucem</strong></span> <span class='ocrx_word' id='word_1_540' title='bbox 1322 4856 1520 4911; x_wconf 90' lang='lat' dir='ltr'><strong>Christi</strong></span> <span class='ocrx_word' id='word_1_541' title='bbox 1548 4858 1822 4923; x_wconf 86' lang='lat' dir='ltr'><strong>destruat,</strong></span> 
     </span>
    </p>
   </div>
   <div class='ocr_carea' id='block_1_68' title="bbox 253 4944 1829 5013">
    <p class='ocr_par' dir='ltr' id='par_1_68' title="bbox 253 4944 1829 5013">
     <span class='ocr_line' id='line_1_68' title="bbox 253 4944 1829 5013; baseline 0.003 -16"><span class='ocrx_word' id='word_1_542' title='bbox 253 4953 312 4997; x_wconf 88' lang='lat' dir='ltr'><strong>et</strong></span> <span class='ocrx_word' id='word_1_543' title='bbox 338 4944 612 4998; x_wconf 82' lang='lat' dir='ltr'><strong>innovum</strong></span> <span class='ocrx_word' id='word_1_544' title='bbox 634 4944 930 5009; x_wconf 87' lang='lat' dir='ltr'><strong>hominem,</strong></span> <span class='ocrx_word' id='word_1_545' title='bbox 958 4944 1049 5013; x_wconf 93' lang='lat' dir='ltr'><strong>qui</strong></span> <span class='ocrx_word' id='word_1_546' title='bbox 1077 4946 1367 4999; x_wconf 90' lang='lat' dir='ltr'><strong>secundum</strong></span> <span class='ocrx_word' id='word_1_547' title='bbox 1401 4944 1568 4999; x_wconf 90' lang='lat' dir='ltr'><strong>Deum</strong></span> <span class='ocrx_word' id='word_1_548' title='bbox 1611 4956 1829 5004; x_wconf 88' lang='lat' dir='ltr'><strong>creatus</strong></span> 
     </span>
    </p>
   </div>
   <div class='ocr_carea' id='block_1_69' title="bbox 252 5033 1826 5106">
    <p class='ocr_par' dir='ltr' id='par_1_69' title="bbox 252 5033 1826 5106">
     <span class='ocr_line' id='line_1_69' title="bbox 252 5033 1826 5106; baseline 0.004 -20"><span class='ocrx_word' id='word_1_549' title='bbox 252 5034 365 5096; x_wconf 83' lang='lat' dir='ltr'><strong>est,</strong></span> <span class='ocrx_word' id='word_1_550' title='bbox 386 5040 776 5099; x_wconf 84' lang='lat' dir='ltr'><strong>commutetur,</strong></span> <span class='ocrx_word' id='word_1_551' title='bbox 805 5033 944 5088; x_wconf 87' lang='lat' dir='ltr'><strong>ultra</strong></span> <span class='ocrx_word' id='word_1_552' title='bbox 976 5049 1083 5089; x_wconf 91' lang='lat' dir='ltr'><strong>non</strong></span> <span class='ocrx_word' id='word_1_553' title='bbox 1112 5035 1321 5089; x_wconf 90' lang='lat' dir='ltr'><strong>dicetur</strong></span> <span class='ocrx_word' id='word_1_554' title='bbox 1354 5035 1556 5089; x_wconf 87' lang='lat' dir='ltr'><strong>servire</strong></span> <span class='ocrx_word' id='word_1_555' title='bbox 1582 5047 1826 5106; x_wconf 88' lang='lat' dir='ltr'><strong>peccato,</strong></span> 
     </span>
    </p>
   </div>
   <div class='ocr_carea' id='block_1_70' title="bbox 257 5122 1825 5197">
    <p class='ocr_par' dir='ltr' id='par_1_70' title="bbox 257 5122 1825 5197">
     <span class='ocr_line' id='line_1_70' title="bbox 257 5122 1825 5197; baseline 0.004 -21"><span class='ocrx_word' id='word_1_556' title='bbox 257 5122 349 5177; x_wconf 90' lang='lat' dir='ltr'><strong>cui</strong></span> <span class='ocrx_word' id='word_1_557' title='bbox 376 5122 494 5179; x_wconf 83' lang='lat' dir='ltr'><strong>sine</strong></span> <span class='ocrx_word' id='word_1_558' title='bbox 525 5123 689 5179; x_wconf 88' lang='lat' dir='ltr'><strong>dubio</strong></span> <span class='ocrx_word' id='word_1_559' title='bbox 721 5125 921 5190; x_wconf 89' lang='lat' dir='ltr'><strong>servit,</strong></span> <span class='ocrx_word' id='word_1_560' title='bbox 947 5126 1183 5194; x_wconf 85' lang='lat' dir='ltr'><strong>quandiu</strong></span> <span class='ocrx_word' id='word_1_561' title='bbox 1220 5125 1378 5180; x_wconf 89' lang='lat' dir='ltr'><strong>alicui</strong></span> <span class='ocrx_word' id='word_1_562' title='bbox 1410 5126 1600 5180; x_wconf 90' lang='lat' dir='ltr'><strong>horum</strong></span> <span class='ocrx_word' id='word_1_563' title='bbox 1643 5127 1825 5197; x_wconf 88' lang='lat' dir='ltr'><strong>subja-</strong></span> 
     </span>
    </p>
   </div>
   <div class='ocr_carea' id='block_1_71' title="bbox 256 5214 1826 5290">
    <p class='ocr_par' dir='ltr' id='par_1_71' title="bbox 256 5214 1826 5290">
     <span class='ocr_line' id='line_1_71' title="bbox 256 5214 1826 5290; baseline 0.003 -23"><span class='ocrx_word' id='word_1_564' title='bbox 256 5220 348 5267; x_wconf 85' lang='lat' dir='ltr'><strong>oet</strong></span> <span class='ocrx_word' id='word_1_565' title='bbox 374 5226 494 5281; x_wconf 65' lang='lat' dir='ltr'><strong>quin</strong></span> <span class='ocrx_word' id='word_1_566' title='bbox 521 5228 682 5281; x_wconf 85' lang='lat' dir='ltr'><strong>supra</strong></span> <span class='ocrx_word' id='word_1_567' title='bbox 709 5215 1054 5282; x_wconf 77' lang='lat' dir='ltr'><strong>exposuimus</strong></span> <span class='ocrx_word' id='word_1_568' title='bbox 1088 5214 1329 5268; x_wconf 89' lang='lat' dir='ltr'><strong>membra</strong></span> <span class='ocrx_word' id='word_1_569' title='bbox 1354 5227 1475 5268; x_wconf 89' lang='lat' dir='ltr'><strong>esse</strong></span> <span class='ocrx_word' id='word_1_570' title='bbox 1498 5217 1729 5283; x_wconf 91' lang='lat' dir='ltr'><strong>peccati.</strong></span> <span class='ocrx_word' id='word_1_571' title='bbox 1768 5216 1826 5290; x_wconf 77' lang='lat' dir='ltr'><strong>Si</strong></span> 
     </span>
    </p>
   </div>
   <div class='ocr_carea' id='block_1_72' title="bbox 254 5304 1828 5377">
    <p class='ocr_par' dir='ltr' id='par_1_72' title="bbox 254 5304 1828 5377">
     <span class='ocr_line' id='line_1_72' title="bbox 254 5304 1828 5377; baseline 0.002 -19"><span class='ocrx_word' id='word_1_572' title='bbox 254 5318 390 5359; x_wconf 86' lang='lat' dir='ltr'><strong>vero</strong></span> <span class='ocrx_word' id='word_1_573' title='bbox 437 5305 608 5375; x_wconf 88' lang='lat' dir='ltr'><strong>magis</strong></span> <span class='ocrx_word' id='word_1_574' title='bbox 647 5318 841 5374; x_wconf 88' lang='lat' dir='ltr'><strong>corpus</strong></span> <span class='ocrx_word' id='word_1_575' title='bbox 882 5304 985 5359; x_wconf 90' lang='lat' dir='ltr'><strong>hoc</strong></span> <span class='ocrx_word' id='word_1_576' title='bbox 1032 5312 1271 5359; x_wconf 90' lang='lat' dir='ltr'><strong>nostrum</strong></span> <span class='ocrx_word' id='word_1_577' title='bbox 1322 5304 1524 5359; x_wconf 82' lang='lat' dir='ltr'><strong>dixisse</strong></span> <span class='ocrx_word' id='word_1_578' title='bbox 1566 5306 1828 5377; x_wconf 86' lang='lat' dir='ltr'><strong>intelliga-</strong></span> 
     </span>
    </p>
   </div>
   <div class='ocr_carea' id='block_1_73' title="bbox 258 5393 1827 5465">
    <p class='ocr_par' dir='ltr' id='par_1_73' title="bbox 258 5393 1827 5465">
     <span class='ocr_line' id='line_1_73' title="bbox 258 5393 1827 5465; baseline 0.001 -16"><span class='ocrx_word' id='word_1_579' title='bbox 258 5402 349 5449; x_wconf 89' lang='lat' dir='ltr'><strong>tur</strong></span> <span class='ocrx_word' id='word_1_580' title='bbox 390 5393 678 5464; x_wconf 84' lang='lat' dir='ltr'><strong>Apostolus</strong></span> <span class='ocrx_word' id='word_1_581' title='bbox 716 5408 909 5463; x_wconf 89' lang='lat' dir='ltr'><strong>corpus</strong></span> <span class='ocrx_word' id='word_1_582' title='bbox 951 5395 1179 5463; x_wconf 91' lang='lat' dir='ltr'><strong>peccati,</strong></span> <span class='ocrx_word' id='word_1_583' title='bbox 1216 5394 1510 5449; x_wconf 90' lang='lat' dir='ltr'><strong>secundum</strong></span> <span class='ocrx_word' id='word_1_584' title='bbox 1534 5394 1676 5449; x_wconf 90' lang='lat' dir='ltr'><strong>illam</strong></span> <span class='ocrx_word' id='word_1_585' title='bbox 1706 5412 1827 5465; x_wconf 92' lang='lat' dir='ltr'><strong>pro-</strong></span> 
     </span>
    </p>
   </div>
   <div class='ocr_carea' id='block_1_74' title="bbox 258 5485 1827 5555">
    <p class='ocr_par' dir='ltr' id='par_1_74' title="bbox 258 5485 1827 5555">
     <span class='ocr_line' id='line_1_74' title="bbox 258 5485 1827 5555; baseline 0.002 -17"><span class='ocrx_word' id='word_1_586' title='bbox 258 5485 404 5541; x_wconf 79' lang='lat' dir='ltr'><strong>fecto</strong></span> <span class='ocrx_word' id='word_1_587' title='bbox 458 5486 756 5555; x_wconf 88' lang='lat' dir='ltr'><strong>accipietur</strong></span> <span class='ocrx_word' id='word_1_588' title='bbox 802 5485 1243 5553; x_wconf 76' lang='lat' dir='ltr'><strong>intelligentiam,</strong></span> <span class='ocrx_word' id='word_1_589' title='bbox 1300 5501 1402 5554; x_wconf 89' lang='lat' dir='ltr'><strong>qua</strong></span> <span class='ocrx_word' id='word_1_590' title='bbox 1449 5495 1503 5540; x_wconf 90' lang='lat' dir='ltr'><strong>et</strong></span> <span class='ocrx_word' id='word_1_591' title='bbox 1549 5486 1713 5541; x_wconf 90' lang='lat' dir='ltr'><strong>David</strong></span> <span class='ocrx_word' id='word_1_592' title='bbox 1761 5488 1827 5541; x_wconf 91' lang='lat' dir='ltr'><strong>de</strong></span> 
     </span>
    </p>
   </div>
   <div class='ocr_carea' id='block_1_75' title="bbox 258 5574 1825 5646">
    <p class='ocr_par' dir='ltr' id='par_1_75' title="bbox 258 5574 1825 5646">
     <span class='ocr_line' id='line_1_75' title="bbox 258 5574 1825 5646; baseline 0.003 -19"><span class='ocrx_word' id='word_1_593' title='bbox 258 5574 553 5642; x_wconf 84' lang='lat' dir='ltr'><strong>semetipso</strong></span> <span class='ocrx_word' id='word_1_594' title='bbox 582 5574 731 5639; x_wconf 90' lang='lat' dir='ltr'><strong>dicit,</strong></span> <span class='ocrx_word' id='word_1_595' title='bbox 761 5574 887 5643; x_wconf 88' lang='lat' dir='ltr'><strong>quia</strong></span> <span class='ocrx_word' id='word_1_596' title='bbox 916 5577 969 5627; x_wconf 84' lang='lat' dir='ltr'><strong>in</strong></span> <span class='ocrx_word' id='word_1_597' title='bbox 992 5574 1351 5644; x_wconf 81' lang='lat' dir='ltr'><strong>iniquitatibus</strong></span> <span class='ocrx_word' id='word_1_598' title='bbox 1377 5586 1652 5646; x_wconf 81' lang='lat' dir='ltr'><strong>conceptus</strong></span> <span class='ocrx_word' id='word_1_599' title='bbox 1678 5594 1825 5644; x_wconf 83' lang='lat' dir='ltr'><strong>sum,</strong></span> 
     </span>
    </p>
   </div>
   <div class='ocr_carea' id='block_1_76' title="bbox 258 5663 1828 5737">
    <p class='ocr_par' dir='ltr' id='par_1_76' title="bbox 258 5663 1828 5737">
     <span class='ocr_line' id='line_1_76' title="bbox 258 5663 1828 5737; baseline 0.006 -21"><span class='ocrx_word' id='word_1_600' title='bbox 258 5663 387 5716; x_wconf 84' lang='lat' dir='ltr'><strong>etin</strong></span> <span class='ocrx_word' id='word_1_601' title='bbox 431 5664 652 5729; x_wconf 83' lang='lat' dir='ltr'><strong>peccatis</strong></span> <span class='ocrx_word' id='word_1_602' title='bbox 679 5665 904 5733; x_wconf 84' lang='lat' dir='ltr'><strong>concepit</strong></span> <span class='ocrx_word' id='word_1_603' title='bbox 935 5680 1016 5717; x_wconf 84' lang='lat' dir='ltr'><strong>me</strong></span> <span class='ocrx_word' id='word_1_604' title='bbox 1058 5675 1227 5719; x_wconf 77' lang='lat' dir='ltr'><strong>mater</strong></span> <span class='ocrx_word' id='word_1_605' title='bbox 1259 5683 1372 5719; x_wconf 89' lang='lat' dir='ltr'><strong>mea</strong></span> <span class='ocrx_word' id='word_1_606' title='bbox 1412 5664 1581 5737; x_wconf 85' lang='lat' dir='ltr'><strong>(Psal.</strong></span> <span class='ocrx_word' id='word_1_607' title='bbox 1618 5669 1687 5737; x_wconf 85' lang='lat' dir='ltr'><strong>L).</strong></span> <span class='ocrx_word' id='word_1_608' title='bbox 1720 5669 1828 5724; x_wconf 92' lang='lat' dir='ltr'><strong>Sed</strong></span> 
     </span>
    </p>
   </div>
   <div class='ocr_carea' id='block_1_77' title="bbox 259 5752 1827 5823">
    <p class='ocr_par' dir='ltr' id='par_1_77' title="bbox 259 5752 1827 5823">
     <span class='ocr_line' id='line_1_77' title="bbox 259 5752 1827 5823; baseline 0.008 -17"><span class='ocrx_word' id='word_1_609' title='bbox 259 5759 316 5806; x_wconf 87' lang='lat' dir='ltr'><strong>et</strong></span> <span class='ocrx_word' id='word_1_610' title='bbox 342 5752 457 5811; x_wconf 77' lang='lat' dir='ltr'><strong>ipse</strong></span> <span class='ocrx_word' id='word_1_611' title='bbox 482 5752 770 5821; x_wconf 82' lang='lat' dir='ltr'><strong>Apostolus</strong></span> <span class='ocrx_word' id='word_1_612' title='bbox 797 5756 850 5810; x_wconf 92' lang='lat' dir='ltr'><strong>iu</strong></span> <span class='ocrx_word' id='word_1_613' title='bbox 879 5756 999 5811; x_wconf 87' lang='lat' dir='ltr'><strong>aliis</strong></span> <span class='ocrx_word' id='word_1_614' title='bbox 1022 5756 1151 5812; x_wconf 88' lang='lat' dir='ltr'><strong>dicit</strong></span> <span class='ocrx_word' id='word_1_615' title='bbox 1175 5776 1187 5812; x_wconf 91' lang='lat'>:</span> <span class='ocrx_word' id='word_1_616' title='bbox 1215 5756 1345 5823; x_wconf 85' lang='lat' dir='ltr'><strong>Quis</strong></span> <span class='ocrx_word' id='word_1_617' title='bbox 1378 5775 1456 5813; x_wconf 89' lang='lat' dir='ltr'><strong>me</strong></span> <span class='ocrx_word' id='word_1_618' title='bbox 1485 5758 1721 5815; x_wconf 84' lang='lat' dir='ltr'><strong>liberabit</strong></span> <span class='ocrx_word' id='word_1_619' title='bbox 1762 5765 1827 5818; x_wconf 85' lang='lat' dir='ltr'><strong>de</strong></span> 
     </span>
    </p>
   </div>
   <div class='ocr_carea' id='block_1_78' title="bbox 1914 1968 3477 2047">
    <p class='ocr_par' dir='ltr' id='par_1_78' title="bbox 1914 1968 3477 2047">
     <span class='ocr_line' id='line_1_78' title="bbox 1914 1968 3477 2047; baseline -0.002 -12"><span class='ocrx_word' id='word_1_620' title='bbox 1914 1968 2190 2035; x_wconf 88' lang='lat' dir='ltr'><strong>dumcum</strong></span> <span class='ocrx_word' id='word_1_621' title='bbox 2215 1979 2357 2033; x_wconf 90' lang='lat' dir='ltr'><strong>vitiis</strong></span> <span class='ocrx_word' id='word_1_622' title='bbox 2375 1987 2429 2033; x_wconf 90' lang='lat' dir='ltr'><strong>et</strong></span> <span class='ocrx_word' id='word_1_623' title='bbox 2456 1972 2908 2047; x_wconf 90' lang='lat' dir='ltr'><strong>concupiscentiis</strong></span> <span class='ocrx_word' id='word_1_624' title='bbox 2930 1977 3069 2045; x_wconf 86' lang='lat' dir='ltr'><strong>ejus,</strong></span> <span class='ocrx_word' id='word_1_625' title='bbox 3096 1977 3230 2032; x_wconf 90' lang='lat' dir='ltr'><strong>mori</strong></span> <span class='ocrx_word' id='word_1_626' title='bbox 3258 1977 3477 2040; x_wconf 81' lang='lat' dir='ltr'><strong>mundo,</strong></span> 
     </span>
    </p>
   </div>
   <div class='ocr_carea' id='block_1_79' title="bbox 1912 2067 3482 2138">
    <p class='ocr_par' dir='ltr' id='par_1_79' title="bbox 1912 2067 3482 2138">
     <span class='ocr_line' id='line_1_79' title="bbox 1912 2067 3482 2138; baseline -0.001 -14"><span class='ocrx_word' id='word_1_627' title='bbox 1912 2078 1967 2124; x_wconf 91' lang='lat' dir='ltr'><strong>et</strong></span> <span class='ocrx_word' id='word_1_628' title='bbox 1993 2069 2251 2124; x_wconf 90' lang='lat' dir='ltr'><strong>commori</strong></span> <span class='ocrx_word' id='word_1_629' title='bbox 2275 2068 2506 2131; x_wconf 80' lang='lat' dir='ltr'><strong>Christo,</strong></span> <span class='ocrx_word' id='word_1_630' title='bbox 2533 2076 2748 2123; x_wconf 57' lang='lat' dir='ltr'><strong>aeternas</strong></span> <span class='ocrx_word' id='word_1_631' title='bbox 2779 2081 2993 2138; x_wconf 91' lang='lat' dir='ltr'><strong>quoque</strong></span> <span class='ocrx_word' id='word_1_632' title='bbox 3024 2067 3150 2123; x_wconf 76' lang='lat' dir='ltr'><strong>vita:</strong></span> <span class='ocrx_word' id='word_1_633' title='bbox 3174 2084 3237 2129; x_wconf 88' lang='lat' dir='ltr'><strong>ac</strong></span> <span class='ocrx_word' id='word_1_634' title='bbox 3260 2068 3482 2123; x_wconf 84' lang='lat' dir='ltr'><strong>salutari</strong></span> 
     </span>
    </p>
   </div>
   <div class='ocr_carea' id='block_1_80' title="bbox 1912 2158 3486 2231">
    <p class='ocr_par' dir='ltr' id='par_1_80' title="bbox 1912 2158 3486 2231">
     <span class='ocr_line' id='line_1_80' title="bbox 1912 2158 3486 2231; baseline -0.001 -15"><span class='ocrx_word' id='word_1_635' title='bbox 1912 2161 2283 2231; x_wconf 87' lang='lat' dir='ltr'><strong>coimaginari,</strong></span> <span class='ocrx_word' id='word_1_636' title='bbox 2312 2169 2371 2213; x_wconf 89' lang='lat' dir='ltr'><strong>ut</strong></span> <span class='ocrx_word' id='word_1_637' title='bbox 2396 2160 2579 2230; x_wconf 65' lang='lat' dir='ltr'><strong>gloriae</strong></span> <span class='ocrx_word' id='word_1_638' title='bbox 2602 2159 2801 2214; x_wconf 85' lang='lat' dir='ltr'><strong>Christi</strong></span> <span class='ocrx_word' id='word_1_639' title='bbox 2834 2160 3039 2214; x_wconf 89' lang='lat' dir='ltr'><strong>similes</strong></span> <span class='ocrx_word' id='word_1_640' title='bbox 3071 2158 3218 2215; x_wconf 77' lang='lat' dir='ltr'><strong>cilici-</strong></span> <span class='ocrx_word' id='word_1_641' title='bbox 3241 2175 3486 2215; x_wconf 83' lang='lat' dir='ltr'><strong>merean-</strong></span> 
     </span>
    </p>
   </div>
   <div class='ocr_carea' id='block_1_81' title="bbox 1914 2235 3485 2322">
    <p class='ocr_par' dir='ltr' id='par_1_81' title="bbox 1914 2235 3485 2322">
     <span class='ocr_line' id='line_1_81' title="bbox 1914 2235 3485 2322; baseline -0.001 -15"><span class='ocrx_word' id='word_1_642' title='bbox 1914 2262 2021 2307; x_wconf 89' lang='lat' dir='ltr'><strong>tur.</strong></span> <span class='ocrx_word' id='word_1_643' title='bbox 2074 2253 2217 2308; x_wconf 88' lang='lat' dir='ltr'><strong>Caro</strong></span> <span class='ocrx_word' id='word_1_644' title='bbox 2265 2266 2420 2317; x_wconf 87' lang='lat' dir='ltr'><strong>vero,</strong></span> <span class='ocrx_word' id='word_1_645' title='bbox 2466 2254 2518 2306; x_wconf 92' lang='lat' dir='ltr'><strong>id</strong></span> <span class='ocrx_word' id='word_1_646' title='bbox 2564 2261 2677 2317; x_wconf 90' lang='lat' dir='ltr'><strong>est,</strong></span> <span class='ocrx_word' id='word_1_647' title='bbox 2709 2256 2902 2321; x_wconf 88' lang='lat' dir='ltr'><strong>corpus</strong></span> <span class='ocrx_word' id='word_1_648' title='bbox 2943 2253 3023 2305; x_wconf 91' lang='lat' dir='ltr'><strong>sic</strong></span> <span class='ocrx_word' id='word_1_649' title='bbox 3054 2235 3485 2322; x_wconf 10' lang='lat' dir='ltr'><strong>eruciligituri,rsi</strong></span> 
     </span>
    </p>
   </div>
   <div class='ocr_carea' id='block_1_82' title="bbox 1914 2342 3482 2412">
    <p class='ocr_par' dir='ltr' id='par_1_82' title="bbox 1914 2342 3482 2412">
     <span class='ocr_line' id='line_1_82' title="bbox 1914 2342 3482 2412; baseline -0.001 -11"><span class='ocrx_word' id='word_1_650' title='bbox 1914 2345 2177 2401; x_wconf 90' lang='lat' dir='ltr'><strong>desideria</strong></span> <span class='ocrx_word' id='word_1_651' title='bbox 2205 2343 2321 2412; x_wconf 79' lang='lat' dir='ltr'><strong>ejus</strong></span> <span class='ocrx_word' id='word_1_652' title='bbox 2350 2343 2777 2412; x_wconf 56' lang='lat' dir='ltr'><strong>calcentur.‘quze</strong></span> <span class='ocrx_word' id='word_1_653' title='bbox 2801 2352 3051 2397; x_wconf 82' lang='lat' dir='ltr'><strong>manente</strong></span> <span class='ocrx_word' id='word_1_654' title='bbox 3077 2342 3129 2397; x_wconf 91' lang='lat' dir='ltr'><strong>in</strong></span> <span class='ocrx_word' id='word_1_655' title='bbox 3154 2356 3217 2401; x_wconf 85' lang='lat' dir='ltr'><strong>ea</strong></span> <span class='ocrx_word' id='word_1_656' title='bbox 3240 2351 3482 2412; x_wconf 83' lang='lat' dir='ltr'><strong>peccato.</strong></span> 
     </span>
    </p>
   </div>
   <div class='ocr_carea' id='block_1_83' title="bbox 1915 2433 3484 2506">
    <p class='ocr_par' dir='ltr' id='par_1_83' title="bbox 1915 2433 3484 2506">
     <span class='ocr_line' id='line_1_83' title="bbox 1915 2433 3484 2506; baseline -0.004 -12"><span class='ocrx_word' id='word_1_657' title='bbox 1915 2447 2169 2495; x_wconf 89' lang='lat' dir='ltr'><strong>creantur</strong></span> <span class='ocrx_word' id='word_1_658' title='bbox 2196 2454 2259 2492; x_wconf 75' lang='lat' dir='ltr'><strong>ex</strong></span> <span class='ocrx_word' id='word_1_659' title='bbox 2289 2436 2734 2506; x_wconf 60' lang='lat' dir='ltr'><strong>praevaricatione</strong></span> <span class='ocrx_word' id='word_1_660' title='bbox 2756 2434 3172 2505; x_wconf 87' lang='lat' dir='ltr'><strong>primihominis</strong></span> <span class='ocrx_word' id='word_1_661' title='bbox 3188 2443 3360 2504; x_wconf 72' lang='lat' dir='ltr'><strong>empta</strong></span> <span class='ocrx_word' id='word_1_662' title='bbox 3388 2450 3401 2487; x_wconf 91' lang='lat'><strong>:</strong></span> <span class='ocrx_word' id='word_1_663' title='bbox 3431 2433 3484 2487; x_wconf 92' lang='lat' dir='ltr'><strong>in</strong></span> 
     </span>
    </p>
   </div>
   <div class='ocr_carea' id='block_1_84' title="bbox 1915 2519 3485 2596">
    <p class='ocr_par' dir='ltr' id='par_1_84' title="bbox 1915 2519 3485 2596">
     <span class='ocr_line' id='line_1_84' title="bbox 1915 2519 3485 2596; baseline -0.005 -11"><span class='ocrx_word' id='word_1_664' title='bbox 1915 2546 2081 2594; x_wconf 81' lang='lat' dir='ltr'><strong>carne</strong></span> <span class='ocrx_word' id='word_1_665' title='bbox 2108 2519 2253 2585; x_wconf 84' lang='lat' dir='ltr'><strong>enim</strong></span> <span class='ocrx_word' id='word_1_666' title='bbox 2282 2527 2525 2584; x_wconf 88' lang='lat' dir='ltr'><strong>diabolus</strong></span> <span class='ocrx_word' id='word_1_667' title='bbox 2550 2524 2906 2596; x_wconf 74' lang='lat' dir='ltr'><strong>crucifigitur,</strong></span> <span class='ocrx_word' id='word_1_668' title='bbox 2940 2526 3053 2595; x_wconf 90' lang='lat' dir='ltr'><strong>ipse</strong></span> <span class='ocrx_word' id='word_1_669' title='bbox 3077 2524 3221 2579; x_wconf 90' lang='lat' dir='ltr'><strong>enim</strong></span> <span class='ocrx_word' id='word_1_670' title='bbox 3259 2531 3360 2589; x_wconf 86' lang='lat' dir='ltr'><strong>est,</strong></span> <span class='ocrx_word' id='word_1_671' title='bbox 3394 2522 3485 2592; x_wconf 91' lang='lat' dir='ltr'><strong>qui</strong></span> 
     </span>
    </p>
   </div>
   <div class='ocr_carea' id='block_1_85' title="bbox 1916 2613 3487 2693">
    <p class='ocr_par' dir='ltr' id='par_1_85' title="bbox 1916 2613 3487 2693">
     <span class='ocr_line' id='line_1_85' title="bbox 1916 2613 3487 2693; baseline -0.006 -17"><span class='ocrx_word' id='word_1_672' title='bbox 1916 2622 2052 2676; x_wconf 82' lang='lat' dir='ltr'><strong>fallit</strong></span> <span class='ocrx_word' id='word_1_673' title='bbox 2075 2637 2170 2693; x_wconf 88' lang='lat' dir='ltr'><strong>per</strong></span> <span class='ocrx_word' id='word_1_674' title='bbox 2195 2635 2446 2684; x_wconf 89' lang='lat' dir='ltr'><strong>carnem;</strong></span> <span class='ocrx_word' id='word_1_675' title='bbox 2472 2634 2600 2673; x_wconf 91' lang='lat' dir='ltr'><strong>caro</strong></span> <span class='ocrx_word' id='word_1_676' title='bbox 2618 2618 2761 2672; x_wconf 90' lang='lat' dir='ltr'><strong>enim</strong></span> <span class='ocrx_word' id='word_1_677' title='bbox 2790 2615 3081 2686; x_wconf 85' lang='lat' dir='ltr'><strong>aliquando</strong></span> <span class='ocrx_word' id='word_1_678' title='bbox 3100 2614 3353 2677; x_wconf 92' lang='lat' dir='ltr'><strong>mundus,</strong></span> <span class='ocrx_word' id='word_1_679' title='bbox 3384 2613 3487 2668; x_wconf 93' lang='lat' dir='ltr'><strong>hoc</strong></span> 
     </span>
    </p>
   </div>
   <div class='ocr_carea' id='block_1_86' title="bbox 1916 2701 3493 2777">
    <p class='ocr_par' dir='ltr' id='par_1_86' title="bbox 1916 2701 3493 2777">
     <span class='ocr_line' id='line_1_86' title="bbox 1916 2701 3493 2777; baseline -0.008 -9"><span class='ocrx_word' id='word_1_680' title='bbox 1916 2722 2019 2777; x_wconf 90' lang='lat' dir='ltr'><strong>est,</strong></span> <span class='ocrx_word' id='word_1_681' title='bbox 2052 2712 2345 2775; x_wconf 86' lang='lat' dir='ltr'><strong>elementa,</strong></span> <span class='ocrx_word' id='word_1_682' title='bbox 2380 2708 2669 2777; x_wconf 90' lang='lat' dir='ltr'><strong>aliquando</strong></span> <span class='ocrx_word' id='word_1_683' title='bbox 2698 2722 2828 2761; x_wconf 91' lang='lat' dir='ltr'><strong>vero</strong></span> <span class='ocrx_word' id='word_1_684' title='bbox 2850 2720 3045 2774; x_wconf 90' lang='lat' dir='ltr'><strong>corpus</strong></span> <span class='ocrx_word' id='word_1_685' title='bbox 3077 2702 3307 2758; x_wconf 87' lang='lat' dir='ltr'><strong>hominis</strong></span> <span class='ocrx_word' id='word_1_686' title='bbox 3337 2701 3493 2756; x_wconf 84' lang='lat' dir='ltr'><strong>intel-</strong></span> 
     </span>
    </p>
   </div>
   <div class='ocr_carea' id='block_1_87' title="bbox 1917 2790 3489 2875">
    <p class='ocr_par' dir='ltr' id='par_1_87' title="bbox 1917 2790 3489 2875">
     <span class='ocr_line' id='line_1_87' title="bbox 1917 2790 3489 2875; baseline -0.009 -17"><span class='ocrx_word' id='word_1_687' title='bbox 1917 2802 2217 2875; x_wconf 88' lang='lat' dir='ltr'><strong>ligitur,vel</strong></span> <span class='ocrx_word' id='word_1_688' title='bbox 2241 2802 2353 2871; x_wconf 82' lang='lat' dir='ltr'><strong>ipsa</strong></span> <span class='ocrx_word' id='word_1_689' title='bbox 2384 2800 2563 2855; x_wconf 88' lang='lat' dir='ltr'><strong>anima</strong></span> <span class='ocrx_word' id='word_1_690' title='bbox 2588 2808 2820 2867; x_wconf 88' lang='lat' dir='ltr'><strong>sequens</strong></span> <span class='ocrx_word' id='word_1_691' title='bbox 2840 2809 3097 2865; x_wconf 89' lang='lat' dir='ltr'><strong>corporea</strong></span> <span class='ocrx_word' id='word_1_692' title='bbox 3127 2792 3278 2848; x_wconf 90' lang='lat' dir='ltr'><strong>vitia.</strong></span> <span class='ocrx_word' id='word_1_693' title='bbox 3304 2790 3489 2846; x_wconf 82' lang='lat' dir='ltr'><strong>Scien-</strong></span> 
     </span>
    </p>
   </div>
   <div class='ocr_carea' id='block_1_88' title="bbox 1918 2876 3489 2963">
    <p class='ocr_par' dir='ltr' id='par_1_88' title="bbox 1918 2876 3489 2963">
     <span class='ocr_line' id='line_1_88' title="bbox 1918 2876 3489 2963; baseline -0.01 -16"><span class='ocrx_word' id='word_1_694' title='bbox 1918 2904 2003 2957; x_wconf 80' lang='lat' dir='ltr'><strong>tes</strong></span> <span class='ocrx_word' id='word_1_695' title='bbox 2022 2891 2161 2963; x_wconf 89' lang='lat' dir='ltr'><strong>quod</strong></span> <span class='ocrx_word' id='word_1_696' title='bbox 2191 2890 2429 2945; x_wconf 81' lang='lat' dir='ltr'><strong>Christus</strong></span> <span class='ocrx_word' id='word_1_697' title='bbox 2449 2904 2666 2959; x_wconf 84' lang='lat' dir='ltr'><strong>surgens</strong></span> <span class='ocrx_word' id='word_1_698' title='bbox 2697 2905 2728 2939; x_wconf 92' lang='lat' dir='ltr'><strong>a</strong></span> <span class='ocrx_word' id='word_1_699' title='bbox 2745 2876 2961 2939; x_wconf 85' lang='lat' dir='ltr'><strong>mortuis</strong></span> <span class='ocrx_word' id='word_1_700' title='bbox 2983 2884 3097 2953; x_wconf 84' lang='lat' dir='ltr'><strong>jam</strong></span> <span class='ocrx_word' id='word_1_701' title='bbox 3123 2898 3223 2935; x_wconf 85' lang='lat' dir='ltr'><strong>non</strong></span> <span class='ocrx_word' id='word_1_702' title='bbox 3246 2882 3489 2942; x_wconf 87' lang='lat' dir='ltr'><strong>moritur,</strong></span> 
     </span>
    </p>
   </div>
   <div class='ocr_carea' id='block_1_89' title="bbox 1919 2974 3491 3044">
    <p class='ocr_par' dir='ltr' id='par_1_89' title="bbox 1919 2974 3491 3044">
     <span class='ocr_line' id='line_1_89' title="bbox 1919 2974 3491 3044; baseline -0.01 -7"><span class='ocrx_word' id='word_1_703' title='bbox 1919 3001 2057 3037; x_wconf 88' lang='lat' dir='ltr'><strong>mors</strong></span> <span class='ocrx_word' id='word_1_704' title='bbox 2084 2980 2162 3035; x_wconf 89' lang='lat' dir='ltr'><strong>illi</strong></span> <span class='ocrx_word' id='word_1_705' title='bbox 2189 2980 2328 3034; x_wconf 90' lang='lat' dir='ltr'><strong>ultra</strong></span> <span class='ocrx_word' id='word_1_706' title='bbox 2350 2996 2454 3033; x_wconf 84' lang='lat' dir='ltr'><strong>non</strong></span> <span class='ocrx_word' id='word_1_707' title='bbox 2480 2977 2867 3032; x_wconf 86' lang='lat' dir='ltr'><strong>dominabitur:</strong></span> <span class='ocrx_word' id='word_1_708' title='bbox 2884 2974 3021 3044; x_wconf 88' lang='lat' dir='ltr'><strong>quod</strong></span> <span class='ocrx_word' id='word_1_709' title='bbox 3049 2981 3224 3026; x_wconf 87' lang='lat' dir='ltr'><strong>autem</strong></span> <span class='ocrx_word' id='word_1_710' title='bbox 3253 2978 3491 3033; x_wconf 80' lang='lat' dir='ltr'><strong>mortuus</strong></span> 
     </span>
    </p>
   </div>
   <div class='ocr_carea' id='block_1_90' title="bbox 1921 3060 3493 3143">
    <p class='ocr_par' dir='ltr' id='par_1_90' title="bbox 1921 3060 3493 3143">
     <span class='ocr_line' id='line_1_90' title="bbox 1921 3060 3493 3143; baseline -0.011 -15"><span class='ocrx_word' id='word_1_711' title='bbox 1921 3084 1997 3127; x_wconf 84' lang='lat' dir='ltr'><strong>est</strong></span> <span class='ocrx_word' id='word_1_712' title='bbox 2018 3081 2251 3143; x_wconf 84' lang='lat' dir='ltr'><strong>peccato,</strong></span> <span class='ocrx_word' id='word_1_713' title='bbox 2281 3078 2518 3124; x_wconf 86' lang='lat' dir='ltr'><strong>mortuus</strong></span> <span class='ocrx_word' id='word_1_714' title='bbox 2536 3078 2611 3121; x_wconf 83' lang='lat' dir='ltr'><strong>est</strong></span> <span class='ocrx_word' id='word_1_715' title='bbox 2640 3066 2818 3130; x_wconf 85' lang='lat' dir='ltr'><strong>semel;</strong></span> <span class='ocrx_word' id='word_1_716' title='bbox 2845 3064 2985 3135; x_wconf 84' lang='lat' dir='ltr'><strong>quod</strong></span> <span class='ocrx_word' id='word_1_717' title='bbox 3013 3072 3187 3117; x_wconf 86' lang='lat' dir='ltr'><strong>autem</strong></span> <span class='ocrx_word' id='word_1_718' title='bbox 3206 3061 3346 3126; x_wconf 77' lang='lat' dir='ltr'><strong>vivit,</strong></span> <span class='ocrx_word' id='word_1_719' title='bbox 3374 3060 3493 3117; x_wconf 78' lang='lat' dir='ltr'><strong>vivit</strong></span> 
     </span>
    </p>
   </div>
   <div class='ocr_carea' id='block_1_91' title="bbox 1921 3148 3589 3231">
    <p class='ocr_par' dir='ltr' id='par_1_91' title="bbox 1921 3148 3589 3231">
     <span class='ocr_line' id='line_1_91' title="bbox 1921 3148 3589 3231; baseline -0.01 -15"><span class='ocrx_word' id='word_1_720' title='bbox 1921 3162 2052 3215; x_wconf 89' lang='lat' dir='ltr'><strong>Deo.</strong></span> <span class='ocrx_word' id='word_1_721' title='bbox 2078 3160 2282 3231; x_wconf 67' lang='grc' dir='ltr'><strong>(αι-ες.)</strong></span> <span class='ocrx_word' id='word_1_722' title='bbox 2314 3158 2424 3214; x_wconf 81' lang='lat' dir='ltr'><strong>Nos</strong></span> <span class='ocrx_word' id='word_1_723' title='bbox 2449 3158 2594 3212; x_wconf 87' lang='lat' dir='ltr'><strong>enim</strong></span> <span class='ocrx_word' id='word_1_724' title='bbox 2615 3157 2740 3225; x_wconf 90' lang='lat' dir='ltr'><strong>quia</strong></span> <span class='ocrx_word' id='word_1_725' title='bbox 2767 3164 2821 3209; x_wconf 90' lang='lat' dir='ltr'><strong>et</strong></span> <span class='ocrx_word' id='word_1_726' title='bbox 2848 3168 2878 3207; x_wconf 89' lang='lat' dir='ltr'><strong>a</strong></span> <span class='ocrx_word' id='word_1_727' title='bbox 2910 3153 3020 3206; x_wconf 92' lang='lat' dir='ltr'><strong>Deo</strong></span> <span class='ocrx_word' id='word_1_728' title='bbox 3058 3159 3241 3206; x_wconf 89' lang='lat' dir='ltr'><strong>mente</strong></span> <span class='ocrx_word' id='word_1_729' title='bbox 3268 3148 3495 3203; x_wconf 80' lang='lat' dir='ltr'><strong>recessi-</strong></span> <span class='ocrx_word' id='word_1_730' title='bbox 3585 3223 3589 3225; x_wconf 12' lang='grc' dir='ltr'><strong>Α</strong></span> 
     </span>
    </p>
   </div>
   <div class='ocr_carea' id='block_1_92' title="bbox 1926 3238 3496 3317">
    <p class='ocr_par' dir='ltr' id='par_1_92' title="bbox 1926 3238 3496 3317">
     <span class='ocr_line' id='line_1_92' title="bbox 1926 3238 3496 3317; baseline -0.008 -12"><span class='ocrx_word' id='word_1_731' title='bbox 1926 3267 2069 3315; x_wconf 87' lang='lat' dir='ltr'><strong>inus,</strong></span> <span class='ocrx_word' id='word_1_732' title='bbox 2096 3259 2152 3304; x_wconf 89' lang='lat' dir='ltr'><strong>et</strong></span> <span class='ocrx_word' id='word_1_733' title='bbox 2179 3264 2343 3304; x_wconf 87' lang='lat' dir='ltr'><strong>carne</strong></span> <span class='ocrx_word' id='word_1_734' title='bbox 2372 3246 2437 3302; x_wconf 90' lang='lat' dir='ltr'><strong>ad</strong></span> <span class='ocrx_word' id='word_1_735' title='bbox 2465 3246 2740 3317; x_wconf 90' lang='lat' dir='ltr'><strong>pulverem</strong></span> <span class='ocrx_word' id='word_1_736' title='bbox 2771 3242 3039 3307; x_wconf 81' lang='lat' dir='ltr'><strong>redimus,</strong></span> <span class='ocrx_word' id='word_1_737' title='bbox 3065 3250 3120 3295; x_wconf 90' lang='lat' dir='ltr'><strong>et</strong></span> <span class='ocrx_word' id='word_1_738' title='bbox 3139 3254 3298 3311; x_wconf 78' lang='lat' dir='ltr'><strong>poma</strong></span> <span class='ocrx_word' id='word_1_739' title='bbox 3319 3238 3496 3310; x_wconf 73' lang='lat' dir='ltr'><strong>duplic</strong></span> 
     </span>
    </p>
   </div>
   <div class='ocr_carea' id='block_1_93' title="bbox 1922 3328 3499 3405">
    <p class='ocr_par' dir='ltr' id='par_1_93' title="bbox 1922 3328 3499 3405">
     <span class='ocr_line' id='line_1_93' title="bbox 1922 3328 3499 3405; baseline -0.006 -12"><span class='ocrx_word' id='word_1_740' title='bbox 1922 3338 2119 3394; x_wconf 86' lang='lat' dir='ltr'><strong>mortis</strong></span> <span class='ocrx_word' id='word_1_741' title='bbox 2145 3336 2516 3405; x_wconf 86' lang='lat' dir='ltr'><strong>astringimur,</strong></span> <span class='ocrx_word' id='word_1_742' title='bbox 2548 3328 2643 3389; x_wconf 66' lang='lat' dir='ltr'><strong>Sed</strong></span> <span class='ocrx_word' id='word_1_743' title='bbox 2669 3334 2817 3389; x_wconf 88' lang='lat' dir='ltr'><strong>venit</strong></span> <span class='ocrx_word' id='word_1_744' title='bbox 2844 3333 2913 3389; x_wconf 86' lang='lat' dir='ltr'><strong>ad</strong></span> <span class='ocrx_word' id='word_1_745' title='bbox 2939 3347 3070 3397; x_wconf 82' lang='lat' dir='ltr'><strong>nos,</strong></span> <span class='ocrx_word' id='word_1_746' title='bbox 3097 3330 3187 3402; x_wconf 92' lang='lat' dir='ltr'><strong>qui</strong></span> <span class='ocrx_word' id='word_1_747' title='bbox 3215 3344 3315 3401; x_wconf 90' lang='lat' dir='ltr'><strong>pro</strong></span> <span class='ocrx_word' id='word_1_748' title='bbox 3341 3328 3499 3384; x_wconf 81' lang='lat' dir='ltr'><strong>nabis</strong></span> 
     </span>
    </p>
   </div>
   <div class='ocr_carea' id='block_1_94' title="bbox 1926 3419 3494 3494">
    <p class='ocr_par' dir='ltr' id='par_1_94' title="bbox 1926 3419 3494 3494">
     <span class='ocr_line' id='line_1_94' title="bbox 1926 3419 3494 3494; baseline -0.005 -12"><span class='ocrx_word' id='word_1_749' title='bbox 1926 3429 2038 3484; x_wconf 86' lang='lat' dir='ltr'><strong>sola</strong></span> <span class='ocrx_word' id='word_1_750' title='bbox 2067 3441 2232 3482; x_wconf 89' lang='lat' dir='ltr'><strong>carne</strong></span> <span class='ocrx_word' id='word_1_751' title='bbox 2250 3434 2574 3490; x_wconf 89' lang='lat' dir='ltr'><strong>moreretur,</strong></span> <span class='ocrx_word' id='word_1_752' title='bbox 2600 3423 2693 3494; x_wconf 91' lang='lat' dir='ltr'><strong>qui</strong></span> <span class='ocrx_word' id='word_1_753' title='bbox 2722 3422 2971 3493; x_wconf 87' lang='lat' dir='ltr'><strong>simplam</strong></span> <span class='ocrx_word' id='word_1_754' title='bbox 3002 3436 3155 3477; x_wconf 91' lang='lat' dir='ltr'><strong>suam</strong></span> <span class='ocrx_word' id='word_1_755' title='bbox 3180 3419 3355 3490; x_wconf 77' lang='lat' dir='ltr'><strong>dupla:</strong></span> <span class='ocrx_word' id='word_1_756' title='bbox 3396 3434 3494 3474; x_wconf 89' lang='lat' dir='ltr'><strong>no-</strong></span> 
     </span>
    </p>
   </div>
   <div class='ocr_carea' id='block_1_95' title="bbox 1927 3509 3495 3585">
    <p class='ocr_par' dir='ltr' id='par_1_95' title="bbox 1927 3509 3495 3585">
     <span class='ocr_line' id='line_1_95' title="bbox 1927 3509 3495 3585; baseline -0.007 -11"><span class='ocrx_word' id='word_1_757' title='bbox 1927 3526 2057 3574; x_wconf 75' lang='lat' dir='ltr'><strong>stra:</strong></span> <span class='ocrx_word' id='word_1_758' title='bbox 2081 3514 2455 3585; x_wconf 85' lang='lat' dir='ltr'><strong>conjungeret,</strong></span> <span class='ocrx_word' id='word_1_759' title='bbox 2475 3522 2531 3569; x_wconf 87' lang='lat' dir='ltr'><strong>et</strong></span> <span class='ocrx_word' id='word_1_760' title='bbox 2554 3529 2656 3569; x_wconf 90' lang='lat' dir='ltr'><strong>nos</strong></span> <span class='ocrx_word' id='word_1_761' title='bbox 2675 3515 2747 3568; x_wconf 88' lang='lat' dir='ltr'><strong>ab</strong></span> <span class='ocrx_word' id='word_1_762' title='bbox 2765 3523 2992 3582; x_wconf 87' lang='lat' dir='ltr'><strong>utraque</strong></span> <span class='ocrx_word' id='word_1_763' title='bbox 3020 3521 3193 3566; x_wconf 92' lang='lat' dir='ltr'><strong>morte</strong></span> <span class='ocrx_word' id='word_1_764' title='bbox 3219 3509 3495 3575; x_wconf 81' lang='lat' dir='ltr'><strong>liberaret,</strong></span> 
     </span>
    </p>
   </div>
   <div class='ocr_carea' id='block_1_96' title="bbox 1926 3600 3499 3677">
    <p class='ocr_par' dir='ltr' id='par_1_96' title="bbox 1926 3600 3499 3677">
     <span class='ocr_line' id='line_1_96' title="bbox 1926 3600 3499 3677; baseline -0.008 -13"><span class='ocrx_word' id='word_1_765' title='bbox 1926 3610 1992 3664; x_wconf 91' lang='lat' dir='ltr'><strong>de</strong></span> <span class='ocrx_word' id='word_1_766' title='bbox 2018 3600 2123 3677; x_wconf 86' lang='lat' dir='ltr'><strong>qua</strong></span> <span class='ocrx_word' id='word_1_767' title='bbox 2150 3620 2247 3677; x_wconf 90' lang='lat' dir='ltr'><strong>per</strong></span> <span class='ocrx_word' id='word_1_768' title='bbox 2278 3602 2503 3659; x_wconf 89' lang='lat' dir='ltr'><strong>Paulum</strong></span> <span class='ocrx_word' id='word_1_769' title='bbox 2545 3603 2764 3668; x_wconf 91' lang='lat' dir='ltr'><strong>dicitur,</strong></span> <span class='ocrx_word' id='word_1_770' title='bbox 2807 3601 2951 3671; x_wconf 89' lang='lat' dir='ltr'><strong>quod</strong></span> <span class='ocrx_word' id='word_1_771' title='bbox 2995 3601 3084 3671; x_wconf 85' lang='lat' dir='ltr'><strong>qui</strong></span> <span class='ocrx_word' id='word_1_772' title='bbox 3133 3606 3370 3653; x_wconf 85' lang='lat' dir='ltr'><strong>mortuus</strong></span> <span class='ocrx_word' id='word_1_773' title='bbox 3422 3607 3499 3652; x_wconf 87' lang='lat' dir='ltr'><strong>est</strong></span> 
     </span>
    </p>
   </div>
   <div class='ocr_carea' id='block_1_97' title="bbox 1924 3687 3500 3769">
    <p class='ocr_par' dir='ltr' id='par_1_97' title="bbox 1924 3687 3500 3769">
     <span class='ocr_line' id='line_1_97' title="bbox 1924 3687 3500 3769; baseline -0.007 -18"><span class='ocrx_word' id='word_1_774' title='bbox 1924 3706 2133 3769; x_wconf 81' lang='lat' dir='ltr'><strong>peccato</strong></span> <span class='ocrx_word' id='word_1_775' title='bbox 2159 3704 2394 3749; x_wconf 87' lang='lat' dir='ltr'><strong>mortuus</strong></span> <span class='ocrx_word' id='word_1_776' title='bbox 2422 3702 2497 3748; x_wconf 83' lang='lat' dir='ltr'><strong>est</strong></span> <span class='ocrx_word' id='word_1_777' title='bbox 2527 3691 2705 3758; x_wconf 83' lang='lat' dir='ltr'><strong>semel,</strong></span> <span class='ocrx_word' id='word_1_778' title='bbox 2738 3700 2844 3746; x_wconf 88' lang='lat' dir='ltr'><strong>etc.</strong></span> <span class='ocrx_word' id='word_1_779' title='bbox 2877 3688 3104 3762; x_wconf 82' lang='lat' dir='ltr'><strong>(Ambr.)</strong></span> <span class='ocrx_word' id='word_1_780' title='bbox 3137 3687 3500 3743; x_wconf 87' lang='lat' dir='ltr'><strong>Securitatem</strong></span> 
     </span>
    </p>
   </div>
   <div class='ocr_carea' id='block_1_98' title="bbox 1925 3770 3502 3860">
    <p class='ocr_par' dir='ltr' id='par_1_98' title="bbox 1925 3770 3502 3860">
     <span class='ocr_line' id='line_1_98' title="bbox 1925 3770 3502 3860; baseline -0.006 -17"><span class='ocrx_word' id='word_1_781' title='bbox 1925 3785 2243 3843; x_wconf 60' lang='lat' dir='ltr'><strong>aeternitatis</strong></span> <span class='ocrx_word' id='word_1_782' title='bbox 2284 3786 2340 3840; x_wconf 90' lang='lat' dir='ltr'><strong>in</strong></span> <span class='ocrx_word' id='word_1_783' title='bbox 2376 3783 2774 3840; x_wconf 86' lang='lat' dir='ltr'><strong>resurrectione</strong></span> <span class='ocrx_word' id='word_1_784' title='bbox 2799 3770 3095 3860; x_wconf 87' lang='lat' dir='ltr'><strong>Salvatoris</strong></span> <span class='ocrx_word' id='word_1_785' title='bbox 3122 3780 3402 3855; x_wconf 81' lang='lat' dir='ltr'><strong>ostendit:</strong></span> <span class='ocrx_word' id='word_1_786' title='bbox 3432 3779 3502 3834; x_wconf 86' lang='lat' dir='ltr'><strong>ad</strong></span> 
     </span>
    </p>
   </div>
   <div class='ocr_carea' id='block_1_99' title="bbox 1925 3869 3498 3948">
    <p class='ocr_par' dir='ltr' id='par_1_99' title="bbox 1925 3869 3498 3948">
     <span class='ocr_line' id='line_1_99' title="bbox 1925 3869 3498 3948; baseline -0.007 -15"><span class='ocrx_word' id='word_1_787' title='bbox 1925 3893 2084 3948; x_wconf 91' lang='lat' dir='ltr'><strong>quam</strong></span> <span class='ocrx_word' id='word_1_788' title='bbox 2108 3877 2292 3932; x_wconf 90' lang='lat' dir='ltr'><strong>venire</strong></span> <span class='ocrx_word' id='word_1_789' title='bbox 2316 3875 2598 3946; x_wconf 89' lang='lat' dir='ltr'><strong>contingit,</strong></span> <span class='ocrx_word' id='word_1_790' title='bbox 2624 3874 2669 3929; x_wconf 89' lang='lat' dir='ltr'><strong>si</strong></span> <span class='ocrx_word' id='word_1_791' title='bbox 2692 3873 2928 3929; x_wconf 90' lang='lat' dir='ltr'><strong>melioris</strong></span> <span class='ocrx_word' id='word_1_792' title='bbox 2948 3873 3069 3926; x_wconf 70' lang='lat' dir='ltr'><strong>vitae</strong></span> <span class='ocrx_word' id='word_1_793' title='bbox 3088 3869 3251 3925; x_wconf 83' lang='lat' dir='ltr'><strong>fuerit</strong></span> <span class='ocrx_word' id='word_1_794' title='bbox 3275 3869 3498 3923; x_wconf 68' lang='lat' dir='ltr'><strong>aemula-</strong></span> 
     </span>
    </p>
   </div>
   <div class='ocr_carea' id='block_1_100' title="bbox 1926 3958 3498 4033">
    <p class='ocr_par' dir='ltr' id='par_1_100' title="bbox 1926 3958 3498 4033">
     <span class='ocr_line' id='line_1_100' title="bbox 1926 3958 3498 4033; baseline -0.008 -11"><span class='ocrx_word' id='word_1_795' title='bbox 1926 3969 2021 4022; x_wconf 92' lang='lat' dir='ltr'><strong>tio.</strong></span> <span class='ocrx_word' id='word_1_796' title='bbox 2056 3965 2157 4033; x_wconf 92' lang='lat' dir='ltr'><strong>Qui</strong></span> <span class='ocrx_word' id='word_1_797' title='bbox 2187 3966 2331 4021; x_wconf 92' lang='lat' dir='ltr'><strong>enim</strong></span> <span class='ocrx_word' id='word_1_798' title='bbox 2358 3965 2496 4020; x_wconf 87' lang='lat' dir='ltr'><strong>bene</strong></span> <span class='ocrx_word' id='word_1_799' title='bbox 2523 3962 2731 4033; x_wconf 85' lang='lat' dir='ltr'><strong>agendo</strong></span> <span class='ocrx_word' id='word_1_800' title='bbox 2760 3962 2888 4015; x_wconf 89' lang='lat' dir='ltr'><strong>vivit</strong></span> <span class='ocrx_word' id='word_1_801' title='bbox 2913 3961 3045 4025; x_wconf 87' lang='lat' dir='ltr'><strong>Deo,</strong></span> <span class='ocrx_word' id='word_1_802' title='bbox 3072 3960 3163 4015; x_wconf 88' lang='lat' dir='ltr'><strong>hic</strong></span> <span class='ocrx_word' id='word_1_803' title='bbox 3181 3972 3310 4013; x_wconf 89' lang='lat' dir='ltr'><strong>vere</strong></span> <span class='ocrx_word' id='word_1_804' title='bbox 3340 3958 3498 4023; x_wconf 89' lang='lat' dir='ltr'><strong>vivit,</strong></span> 
     </span>
    </p>
   </div>
   <div class='ocr_carea' id='block_1_101' title="bbox 1925 4047 3502 4127">
    <p class='ocr_par' dir='ltr' id='par_1_101' title="bbox 1925 4047 3502 4127">
     <span class='ocr_line' id='line_1_101' title="bbox 1925 4047 3502 4127; baseline -0.007 -16"><span class='ocrx_word' id='word_1_805' title='bbox 1925 4057 2051 4127; x_wconf 90' lang='lat' dir='ltr'><strong>quia</strong></span> <span class='ocrx_word' id='word_1_806' title='bbox 2107 4062 2363 4110; x_wconf 67' lang='lat' dir='ltr'><strong>aeternam</strong></span> <span class='ocrx_word' id='word_1_807' title='bbox 2407 4054 2573 4107; x_wconf 87' lang='lat' dir='ltr'><strong>vitam</strong></span> <span class='ocrx_word' id='word_1_808' title='bbox 2618 4053 2800 4108; x_wconf 85' lang='lat' dir='ltr'><strong>habet.</strong></span> <span class='ocrx_word' id='word_1_809' title='bbox 2828 4050 3062 4110; x_wconf 80' lang='lat' dir='ltr'><strong>Scieutes</strong></span> <span class='ocrx_word' id='word_1_810' title='bbox 3082 4090 3097 4115; x_wconf 93' lang='lat'><strong>,</strong></span> <span class='ocrx_word' id='word_1_811' title='bbox 3127 4049 3337 4118; x_wconf 89' lang='lat' dir='ltr'><strong>inquit,</strong></span> <span class='ocrx_word' id='word_1_812' title='bbox 3363 4047 3502 4119; x_wconf 86' lang='lat' dir='ltr'><strong>quod</strong></span> 
     </span>
    </p>
   </div>
   <div class='ocr_carea' id='block_1_102' title="bbox 1927 4132 3499 4213">
    <p class='ocr_par' dir='ltr' id='par_1_102' title="bbox 1927 4132 3499 4213">
     <span class='ocr_line' id='line_1_102' title="bbox 1927 4132 3499 4213; baseline -0.004 -15"><span class='ocrx_word' id='word_1_813' title='bbox 1927 4132 2466 4213; x_wconf 27' lang='lat' dir='ltr'><strong>Christus-resurgens</strong></span> <span class='ocrx_word' id='word_1_814' title='bbox 2489 4159 2521 4197; x_wconf 84' lang='grc' dir='ltr'><strong>ιι</strong></span> <span class='ocrx_word' id='word_1_815' title='bbox 2548 4142 2769 4195; x_wconf 84' lang='lat' dir='ltr'><strong>mortuis</strong></span> <span class='ocrx_word' id='word_1_816' title='bbox 2797 4140 2915 4211; x_wconf 85' lang='lat' dir='ltr'><strong>jam</strong></span> <span class='ocrx_word' id='word_1_817' title='bbox 2949 4155 3053 4193; x_wconf 84' lang='lat' dir='ltr'><strong>non</strong></span> <span class='ocrx_word' id='word_1_818' title='bbox 3089 4139 3332 4202; x_wconf 77' lang='lat' dir='ltr'><strong>moritur,</strong></span> <span class='ocrx_word' id='word_1_819' title='bbox 3358 4154 3499 4191; x_wconf 86' lang='lat' dir='ltr'><strong>mors</strong></span> 
     </span>
    </p>
   </div>
   <div class='ocr_carea' id='block_1_103' title="bbox 1925 4227 3503 4302">
    <p class='ocr_par' dir='ltr' id='par_1_103' title="bbox 1925 4227 3503 4302">
     <span class='ocr_line' id='line_1_103' title="bbox 1925 4227 3503 4302; baseline -0.006 -14"><span class='ocrx_word' id='word_1_820' title='bbox 1925 4234 2004 4289; x_wconf 89' lang='lat' dir='ltr'><strong>illi</strong></span> <span class='ocrx_word' id='word_1_821' title='bbox 2023 4234 2163 4288; x_wconf 89' lang='lat' dir='ltr'><strong>ultra</strong></span> <span class='ocrx_word' id='word_1_822' title='bbox 2190 4250 2293 4287; x_wconf 83' lang='lat' dir='ltr'><strong>non</strong></span> <span class='ocrx_word' id='word_1_823' title='bbox 2320 4232 2696 4287; x_wconf 84' lang='lat' dir='ltr'><strong>dominabitur.</strong></span> <span class='ocrx_word' id='word_1_824' title='bbox 2715 4227 2912 4302; x_wconf 69' lang='grc' dir='ltr'><strong>(θήρ.)</strong></span> <span class='ocrx_word' id='word_1_825' title='bbox 2930 4227 3165 4283; x_wconf 79' lang='lat' dir='ltr'><strong>Hocciue</strong></span> <span class='ocrx_word' id='word_1_826' title='bbox 3188 4241 3353 4281; x_wconf 91' lang='lat' dir='ltr'><strong>ausus</strong></span> <span class='ocrx_word' id='word_1_827' title='bbox 3374 4241 3452 4290; x_wconf 88' lang='lat' dir='ltr'><strong>es,</strong></span> <span class='ocrx_word' id='word_1_828' title='bbox 3468 4242 3503 4279; x_wconf 86' lang='grc' dir='ltr'>ο</span> 
     </span>
    </p>
   </div>
   <div class='ocr_carea' id='block_1_104' title="bbox 1924 4315 3504 4384">
    <p class='ocr_par' dir='ltr' id='par_1_104' title="bbox 1924 4315 3504 4384">
     <span class='ocr_line' id='line_1_104' title="bbox 1924 4315 3504 4384; baseline -0.005 -7"><span class='ocrx_word' id='word_1_829' title='bbox 1924 4324 2107 4384; x_wconf 87' lang='lat' dir='ltr'><strong>Paule,</strong></span> <span class='ocrx_word' id='word_1_830' title='bbox 2140 4324 2319 4377; x_wconf 91' lang='lat' dir='ltr'><strong>dicere</strong></span> <span class='ocrx_word' id='word_1_831' title='bbox 2352 4320 2417 4374; x_wconf 92' lang='lat' dir='ltr'><strong>de</strong></span> <span class='ocrx_word' id='word_1_832' title='bbox 2442 4320 2681 4383; x_wconf 88' lang='lat' dir='ltr'><strong>Christo,</strong></span> <span class='ocrx_word' id='word_1_833' title='bbox 2714 4316 2859 4372; x_wconf 82' lang='lat' dir='ltr'><strong>Mors</strong></span> <span class='ocrx_word' id='word_1_834' title='bbox 2884 4318 2930 4371; x_wconf 88' lang='lat' dir='ltr'><strong>ei</strong></span> <span class='ocrx_word' id='word_1_835' title='bbox 2966 4315 3107 4369; x_wconf 85' lang='lat' dir='ltr'><strong>ultra</strong></span> <span class='ocrx_word' id='word_1_836' title='bbox 3138 4331 3243 4369; x_wconf 81' lang='lat' dir='ltr'><strong>non</strong></span> <span class='ocrx_word' id='word_1_837' title='bbox 3263 4315 3504 4369; x_wconf 84' lang='lat' dir='ltr'><strong>domina-</strong></span> 
     </span>
    </p>
   </div>
   <div class='ocr_carea' id='block_1_105' title="bbox 1927 4406 3505 4485">
    <p class='ocr_par' dir='ltr' id='par_1_105' title="bbox 1927 4406 3505 4485">
     <span class='ocr_line' id='line_1_105' title="bbox 1927 4406 3505 4485; baseline -0.004 -19"><span class='ocrx_word' id='word_1_838' title='bbox 1927 4413 2084 4479; x_wconf 83' lang='lat' dir='ltr'><strong>bitur,</strong></span> <span class='ocrx_word' id='word_1_839' title='bbox 2113 4413 2265 4485; x_wconf 83' lang='lat' dir='ltr'><strong>quasi</strong></span> <span class='ocrx_word' id='word_1_840' title='bbox 2297 4411 2584 4481; x_wconf 88' lang='lat' dir='ltr'><strong>aliquando</strong></span> <span class='ocrx_word' id='word_1_841' title='bbox 2603 4409 2879 4465; x_wconf 89' lang='lat' dir='ltr'><strong>dominata</strong></span> <span class='ocrx_word' id='word_1_842' title='bbox 2906 4408 3013 4463; x_wconf 84' lang='lat' dir='ltr'><strong>sit?</strong></span> <span class='ocrx_word' id='word_1_843' title='bbox 3033 4406 3185 4476; x_wconf 89' lang='lat' dir='ltr'><strong>cujus</strong></span> <span class='ocrx_word' id='word_1_844' title='bbox 3201 4422 3307 4463; x_wconf 76' lang='lat' dir='ltr'><strong>vox</strong></span> <span class='ocrx_word' id='word_1_845' title='bbox 3330 4407 3505 4461; x_wconf 79' lang='lat' dir='ltr'><strong>Evan-</strong></span> 
     </span>
    </p>
   </div>
   <div class='ocr_carea' id='block_1_106' title="bbox 1927 4495 3503 4579">
    <p class='ocr_par' dir='ltr' id='par_1_106' title="bbox 1927 4495 3503 4579">
     <span class='ocr_line' id='line_1_106' title="bbox 1927 4495 3503 4579; baseline -0.003 -23"><span class='ocrx_word' id='word_1_846' title='bbox 1927 4502 2049 4579; x_wconf 86' lang='lat' dir='ltr'><strong>gelii</strong></span> <span class='ocrx_word' id='word_1_847' title='bbox 2078 4503 2251 4557; x_wconf 79' lang='lat' dir='ltr'><strong>fertur</strong></span> <span class='ocrx_word' id='word_1_848' title='bbox 2278 4517 2378 4571; x_wconf 89' lang='lat' dir='ltr'><strong>per</strong></span> <span class='ocrx_word' id='word_1_849' title='bbox 2412 4514 2572 4555; x_wconf 87' lang='lat' dir='ltr'><strong>omne</strong></span> <span class='ocrx_word' id='word_1_850' title='bbox 2614 4513 2811 4568; x_wconf 89' lang='lat' dir='ltr'><strong>corpus</strong></span> <span class='ocrx_word' id='word_1_851' title='bbox 2842 4496 3097 4554; x_wconf 68' lang='lat' dir='ltr'><strong>Ecclesia:</strong></span> <span class='ocrx_word' id='word_1_852' title='bbox 3136 4496 3255 4553; x_wconf 88' lang='lat' dir='ltr'><strong>luce</strong></span> <span class='ocrx_word' id='word_1_853' title='bbox 3280 4495 3503 4559; x_wconf 90' lang='lat' dir='ltr'><strong>clarior,</strong></span> 
     </span>
    </p>
   </div>
   <div class='ocr_carea' id='block_1_107' title="bbox 1928 4586 3503 4661">
    <p class='ocr_par' dir='ltr' id='par_1_107' title="bbox 1928 4586 3503 4661">
     <span class='ocr_line' id='line_1_107' title="bbox 1928 4586 3503 4661; baseline -0.004 -15"><span class='ocrx_word' id='word_1_854' title='bbox 1928 4607 2033 4661; x_wconf 91' lang='lat' dir='ltr'><strong>qua</strong></span> <span class='ocrx_word' id='word_1_855' title='bbox 2056 4592 2156 4646; x_wconf 86' lang='lat' dir='ltr'><strong>ait:</strong></span> <span class='ocrx_word' id='word_1_856' title='bbox 2177 4591 2345 4645; x_wconf 85' lang='lat' dir='ltr'><strong>Nemo</strong></span> <span class='ocrx_word' id='word_1_857' title='bbox 2368 4589 2500 4645; x_wconf 85' lang='lat' dir='ltr'><strong>tollit</strong></span> <span class='ocrx_word' id='word_1_858' title='bbox 2520 4607 2554 4644; x_wconf 88' lang='lat' dir='ltr'><strong>a</strong></span> <span class='ocrx_word' id='word_1_859' title='bbox 2581 4605 2664 4644; x_wconf 88' lang='lat' dir='ltr'><strong>me</strong></span> <span class='ocrx_word' id='word_1_860' title='bbox 2675 4589 2912 4642; x_wconf 78' lang='lat' dir='ltr'><strong>animum</strong></span> <span class='ocrx_word' id='word_1_861' title='bbox 2933 4586 3229 4652; x_wconf 83' lang='lat' dir='ltr'><strong>meam,sed</strong></span> <span class='ocrx_word' id='word_1_862' title='bbox 3251 4601 3345 4655; x_wconf 84' lang='lat' dir='ltr'><strong>ego</strong></span> <span class='ocrx_word' id='word_1_863' title='bbox 3364 4601 3503 4656; x_wconf 81' lang='lat' dir='ltr'><strong>pono</strong></span> 
     </span>
    </p>
   </div>
   <div class='ocr_carea' id='block_1_108' title="bbox 1926 4677 3504 4755">
    <p class='ocr_par' dir='ltr' id='par_1_108' title="bbox 1926 4677 3504 4755">
     <span class='ocr_line' id='line_1_108' title="bbox 1926 4677 3504 4755; baseline -0.004 -19"><span class='ocrx_word' id='word_1_864' title='bbox 1926 4699 2063 4746; x_wconf 88' lang='lat' dir='ltr'><strong>eam,</strong></span> <span class='ocrx_word' id='word_1_865' title='bbox 2094 4690 2143 4735; x_wconf 86' lang='lat' dir='ltr'><strong>et</strong></span> <span class='ocrx_word' id='word_1_866' title='bbox 2172 4688 2472 4751; x_wconf 85' lang='lat' dir='ltr'><strong>potestatem</strong></span> <span class='ocrx_word' id='word_1_867' title='bbox 2508 4677 2925 4755; x_wconf 79' lang='lat' dir='ltr'><strong>habeo&#39;pouendi</strong></span> <span class='ocrx_word' id='word_1_868' title='bbox 2957 4693 3073 4731; x_wconf 85' lang='lat' dir='ltr'><strong>eam</strong></span> <span class='ocrx_word' id='word_1_869' title='bbox 3091 4717 3107 4744; x_wconf 91' lang='lat'><strong>,</strong></span> <span class='ocrx_word' id='word_1_870' title='bbox 3127 4685 3176 4731; x_wconf 88' lang='lat' dir='ltr'><strong>et</strong></span> <span class='ocrx_word' id='word_1_871' title='bbox 3199 4684 3504 4746; x_wconf 80' lang='lat' dir='ltr'><strong>potestatem</strong></span> 
     </span>
    </p>
   </div>
   <div class='ocr_carea' id='block_1_109' title="bbox 1927 4768 3507 4843">
    <p class='ocr_par' dir='ltr' id='par_1_109' title="bbox 1927 4768 3507 4843">
     <span class='ocr_line' id='line_1_109' title="bbox 1927 4768 3507 4843; baseline -0.003 -17"><span class='ocrx_word' id='word_1_872' title='bbox 1927 4773 2090 4827; x_wconf 76' lang='lat' dir='ltr'><strong>habeo</strong></span> <span class='ocrx_word' id='word_1_873' title='bbox 2116 4773 2304 4825; x_wconf 87' lang='lat' dir='ltr'><strong>iterum</strong></span> <span class='ocrx_word' id='word_1_874' title='bbox 2321 4770 2560 4824; x_wconf 84' lang='lat' dir='ltr'><strong>sumendi</strong></span> <span class='ocrx_word' id='word_1_875' title='bbox 2587 4787 2701 4824; x_wconf 89' lang='lat' dir='ltr'><strong>eam</strong></span> <span class='ocrx_word' id='word_1_876' title='bbox 2730 4768 2913 4843; x_wconf 77' lang='lat' dir='ltr'><strong>(locis.</strong></span> <span class='ocrx_word' id='word_1_877' title='bbox 2936 4769 3016 4842; x_wconf 67' lang='grc' dir='ltr'><strong>χ).</strong></span> <span class='ocrx_word' id='word_1_878' title='bbox 3045 4768 3181 4826; x_wconf 83' lang='lat' dir='ltr'><strong>Huic</strong></span> <span class='ocrx_word' id='word_1_879' title='bbox 3206 4784 3336 4842; x_wconf 80' lang='lat' dir='ltr'><strong>ergo</strong></span> <span class='ocrx_word' id='word_1_880' title='bbox 3359 4784 3507 4823; x_wconf 90' lang='lat' dir='ltr'><strong>mor-</strong></span> 
     </span>
    </p>
   </div>
   <div class='ocr_carea' id='block_1_110' title="bbox 1930 4859 3504 4929">
    <p class='ocr_par' dir='ltr' id='par_1_110' title="bbox 1930 4859 3504 4929">
     <span class='ocr_line' id='line_1_110' title="bbox 1930 4859 3504 4929; baseline -0.003 -11"><span class='ocrx_word' id='word_1_881' title='bbox 1930 4872 2038 4918; x_wconf 90' lang='lat' dir='ltr'><strong>tem</strong></span> <span class='ocrx_word' id='word_1_882' title='bbox 2073 4862 2209 4916; x_wconf 75' lang='lat' dir='ltr'><strong>dicis</strong></span> <span class='ocrx_word' id='word_1_883' title='bbox 2243 4876 2363 4916; x_wconf 90' lang='lat' dir='ltr'><strong>esse</strong></span> <span class='ocrx_word' id='word_1_884' title='bbox 2403 4861 2771 4925; x_wconf 82' lang='lat' dir='ltr'><strong>dominatam,</strong></span> <span class='ocrx_word' id='word_1_885' title='bbox 2793 4860 2886 4929; x_wconf 90' lang='lat' dir='ltr'><strong>qui</strong></span> <span class='ocrx_word' id='word_1_886' title='bbox 2920 4860 3156 4914; x_wconf 87' lang='lat' dir='ltr'><strong>animam</strong></span> <span class='ocrx_word' id='word_1_887' title='bbox 3177 4859 3368 4929; x_wconf 84' lang='lat' dir='ltr'><strong>posuit</strong></span> <span class='ocrx_word' id='word_1_888' title='bbox 3395 4874 3504 4913; x_wconf 90' lang='lat' dir='ltr'><strong>non</strong></span> 
     </span>
    </p>
   </div>
   <div class='ocr_carea' id='block_1_111' title="bbox 1933 4948 3505 5020">
    <p class='ocr_par' dir='ltr' id='par_1_111' title="bbox 1933 4948 3505 5020">
     <span class='ocr_line' id='line_1_111' title="bbox 1933 4948 3505 5020; baseline -0.003 -13"><span class='ocrx_word' id='word_1_889' title='bbox 1933 4954 2104 5008; x_wconf 88' lang='lat' dir='ltr'><strong>solum</strong></span> <span class='ocrx_word' id='word_1_890' title='bbox 2132 4951 2425 5017; x_wconf 86' lang='lat' dir='ltr'><strong>voluntate,</strong></span> <span class='ocrx_word' id='word_1_891' title='bbox 2454 4950 2547 5007; x_wconf 89' lang='lat' dir='ltr'><strong>sed</strong></span> <span class='ocrx_word' id='word_1_892' title='bbox 2572 4959 2627 5005; x_wconf 91' lang='lat' dir='ltr'><strong>et</strong></span> <span class='ocrx_word' id='word_1_893' title='bbox 2652 4958 2916 5020; x_wconf 88' lang='lat' dir='ltr'><strong>potestate</strong></span> <span class='ocrx_word' id='word_1_894' title='bbox 2936 4949 3209 5020; x_wconf 71' lang='lat' dir='ltr'><strong>suscepit?</strong></span> <span class='ocrx_word' id='word_1_895' title='bbox 3243 4948 3335 5018; x_wconf 90' lang='lat' dir='ltr'><strong>qui</strong></span> <span class='ocrx_word' id='word_1_896' title='bbox 3359 4948 3505 5005; x_wconf 87' lang='lat' dir='ltr'><strong>solus</strong></span> 
     </span>
    </p>
   </div>
   <div class='ocr_carea' id='block_1_112' title="bbox 1930 5039 3503 5111">
    <p class='ocr_par' dir='ltr' id='par_1_112' title="bbox 1930 5039 3503 5111">
     <span class='ocr_line' id='line_1_112' title="bbox 1930 5039 3503 5111; baseline -0.002 -16"><span class='ocrx_word' id='word_1_897' title='bbox 1930 5040 2030 5095; x_wconf 83' lang='lat' dir='ltr'><strong>fuit</strong></span> <span class='ocrx_word' id='word_1_898' title='bbox 2073 5043 2210 5105; x_wconf 82' lang='lat' dir='ltr'><strong>inter</strong></span> <span class='ocrx_word' id='word_1_899' title='bbox 2234 5050 2467 5095; x_wconf 84' lang='lat' dir='ltr'><strong>mortuos</strong></span> <span class='ocrx_word' id='word_1_900' title='bbox 2494 5040 2643 5105; x_wconf 83' lang='lat' dir='ltr'><strong>liber,</strong></span> <span class='ocrx_word' id='word_1_901' title='bbox 2670 5048 2726 5095; x_wconf 89' lang='lat' dir='ltr'><strong>et</strong></span> <span class='ocrx_word' id='word_1_902' title='bbox 2746 5055 2905 5111; x_wconf 90' lang='lat' dir='ltr'><strong>quem</strong></span> <span class='ocrx_word' id='word_1_903' title='bbox 2947 5039 3120 5095; x_wconf 88' lang='lat' dir='ltr'><strong>solum</strong></span> <span class='ocrx_word' id='word_1_904' title='bbox 3144 5053 3292 5095; x_wconf 90' lang='lat' dir='ltr'><strong>mors</strong></span> <span class='ocrx_word' id='word_1_905' title='bbox 3316 5048 3503 5093; x_wconf 86' lang='lat' dir='ltr'><strong>tenere</strong></span> 
     </span>
    </p>
   </div>
   <div class='ocr_carea' id='block_1_113' title="bbox 1929 5128 3504 5202">
    <p class='ocr_par' dir='ltr' id='par_1_113' title="bbox 1929 5128 3504 5202">
     <span class='ocr_line' id='line_1_113' title="bbox 1929 5128 3504 5202; baseline -0.003 -16"><span class='ocrx_word' id='word_1_906' title='bbox 1929 5148 2034 5197; x_wconf 85' lang='lat' dir='ltr'><strong>non</strong></span> <span class='ocrx_word' id='word_1_907' title='bbox 2070 5132 2277 5202; x_wconf 84' lang='lat' dir='ltr'><strong>potuit?</strong></span> <span class='ocrx_word' id='word_1_908' title='bbox 2314 5130 2469 5196; x_wconf 53' lang='lat' dir='ltr'><strong>Haec,</strong></span> <span class='ocrx_word' id='word_1_909' title='bbox 2507 5140 2567 5185; x_wconf 91' lang='lat' dir='ltr'><strong>ut</strong></span> <span class='ocrx_word' id='word_1_910' title='bbox 2606 5131 2829 5200; x_wconf 91' lang='lat' dir='ltr'><strong>opinor,</strong></span> <span class='ocrx_word' id='word_1_911' title='bbox 2863 5138 2919 5185; x_wconf 90' lang='lat' dir='ltr'><strong>et</strong></span> <span class='ocrx_word' id='word_1_912' title='bbox 2951 5129 3038 5185; x_wconf 88' lang='lat' dir='ltr'><strong>his</strong></span> <span class='ocrx_word' id='word_1_913' title='bbox 3078 5128 3273 5187; x_wconf 83' lang='lat' dir='ltr'><strong>similia</strong></span> <span class='ocrx_word' id='word_1_914' title='bbox 3321 5143 3504 5183; x_wconf 90' lang='lat' dir='ltr'><strong>move-</strong></span> 
     </span>
    </p>
   </div>
   <div class='ocr_carea' id='block_1_114' title="bbox 1932 5211 3501 5292">
    <p class='ocr_par' dir='ltr' id='par_1_114' title="bbox 1932 5211 3501 5292">
     <span class='ocr_line' id='line_1_114' title="bbox 1932 5211 3501 5292; baseline -0.003 -13"><span class='ocrx_word' id='word_1_915' title='bbox 1932 5225 2068 5279; x_wconf 85' lang='lat' dir='ltr'><strong>bunt</strong></span> <span class='ocrx_word' id='word_1_916' title='bbox 2114 5223 2371 5279; x_wconf 84' lang='lat' dir='ltr'><strong>adversus</strong></span> <span class='ocrx_word' id='word_1_917' title='bbox 2414 5221 2638 5277; x_wconf 87' lang='lat' dir='ltr'><strong>Paulum</strong></span> <span class='ocrx_word' id='word_1_918' title='bbox 2686 5222 2741 5277; x_wconf 90' lang='lat' dir='ltr'><strong>hi</strong></span> <span class='ocrx_word' id='word_1_919' title='bbox 2790 5222 2880 5292; x_wconf 89' lang='lat' dir='ltr'><strong>qui</strong></span> <span class='ocrx_word' id='word_1_920' title='bbox 2930 5216 3115 5277; x_wconf 86' lang='lat' dir='ltr'><strong>tenero</strong></span> <span class='ocrx_word' id='word_1_921' title='bbox 3154 5235 3279 5291; x_wconf 84' lang='lat' dir='ltr'><strong>erga</strong></span> <span class='ocrx_word' id='word_1_922' title='bbox 3318 5211 3501 5275; x_wconf 82' lang='lat' dir='ltr'><strong>Jesum</strong></span> 
     </span>
    </p>
   </div>
   <div class='ocr_carea' id='block_1_115' title="bbox 1934 5310 3503 5382">
    <p class='ocr_par' dir='ltr' id='par_1_115' title="bbox 1934 5310 3503 5382">
     <span class='ocr_line' id='line_1_115' title="bbox 1934 5310 3503 5382; baseline -0.001 -13"><span class='ocrx_word' id='word_1_923' title='bbox 1934 5324 2059 5369; x_wconf 89' lang='lat' dir='ltr'><strong>sunt</strong></span> <span class='ocrx_word' id='word_1_924' title='bbox 2096 5313 2321 5379; x_wconf 78' lang='lat' dir='ltr'><strong>atl‘ectu,</strong></span> <span class='ocrx_word' id='word_1_925' title='bbox 2354 5322 2411 5369; x_wconf 90' lang='lat' dir='ltr'><strong>et</strong></span> <span class='ocrx_word' id='word_1_926' title='bbox 2449 5313 2582 5367; x_wconf 91' lang='lat' dir='ltr'><strong>nihil</strong></span> <span class='ocrx_word' id='word_1_927' title='bbox 2613 5314 2679 5368; x_wconf 87' lang='lat' dir='ltr'><strong>de</strong></span> <span class='ocrx_word' id='word_1_928' title='bbox 2711 5328 2777 5369; x_wconf 90' lang='lat' dir='ltr'><strong>eo</strong></span> <span class='ocrx_word' id='word_1_929' title='bbox 2803 5312 3034 5378; x_wconf 88' lang='lat' dir='ltr'><strong>humile,</strong></span> <span class='ocrx_word' id='word_1_930' title='bbox 3062 5310 3199 5367; x_wconf 87' lang='lat' dir='ltr'><strong>nihil</strong></span> <span class='ocrx_word' id='word_1_931' title='bbox 3226 5312 3503 5382; x_wconf 87' lang='lat' dir='ltr'><strong>indignum</strong></span> 
     </span>
    </p>
   </div>
   <div class='ocr_carea' id='block_1_116' title="bbox 1933 5387 3501 5473">
    <p class='ocr_par' dir='ltr' id='par_1_116' title="bbox 1933 5387 3501 5473">
     <span class='ocr_line' id='line_1_116' title="bbox 1933 5387 3501 5473; baseline 0.001 -17"><span class='ocrx_word' id='word_1_932' title='bbox 1933 5403 2209 5472; x_wconf 89' lang='lat' dir='ltr'><strong>patiuntur</strong></span> <span class='ocrx_word' id='word_1_933' title='bbox 2234 5402 2438 5457; x_wconf 89' lang='lat' dir='ltr'><strong>audire.</strong></span> <span class='ocrx_word' id='word_1_934' title='bbox 2475 5404 2660 5459; x_wconf 81' lang='lat' dir='ltr'><strong>Potest</strong></span> <span class='ocrx_word' id='word_1_935' title='bbox 2690 5417 2819 5473; x_wconf 88' lang='lat' dir='ltr'><strong>ergo</strong></span> <span class='ocrx_word' id='word_1_936' title='bbox 2844 5402 2965 5472; x_wconf 91' lang='lat' dir='ltr'><strong>quis</strong></span> <span class='ocrx_word' id='word_1_937' title='bbox 2989 5394 3419 5473; x_wconf 84' lang='lat' dir='ltr'><strong>compendiosius</strong></span> <span class='ocrx_word' id='word_1_938' title='bbox 3448 5387 3501 5457; x_wconf 86' lang='lat' dir='ltr'><strong>in</strong></span> 
     </span>
    </p>
   </div>
   <div class='ocr_carea' id='block_1_117' title="bbox 1934 5494 3508 5563">
    <p class='ocr_par' dir='ltr' id='par_1_117' title="bbox 1934 5494 3508 5563">
     <span class='ocr_line' id='line_1_117' title="bbox 1934 5494 3508 5563; baseline 0.001 -15"><span class='ocrx_word' id='word_1_939' title='bbox 1934 5495 2018 5548; x_wconf 89' lang='lat' dir='ltr'><strong>his</strong></span> <span class='ocrx_word' id='word_1_940' title='bbox 2050 5494 2229 5549; x_wconf 89' lang='lat' dir='ltr'><strong>dicere</strong></span> <span class='ocrx_word' id='word_1_941' title='bbox 2258 5494 2383 5563; x_wconf 88' lang='lat' dir='ltr'><strong>quia</strong></span> <span class='ocrx_word' id='word_1_942' title='bbox 2416 5494 2505 5549; x_wconf 91' lang='lat' dir='ltr'><strong>hic</strong></span> <span class='ocrx_word' id='word_1_943' title='bbox 2538 5504 2798 5559; x_wconf 90' lang='lat' dir='ltr'><strong>mortem,</strong></span> <span class='ocrx_word' id='word_1_944' title='bbox 2832 5509 3171 5550; x_wconf 88' lang='lat' dir='ltr'><strong>communem</strong></span> <span class='ocrx_word' id='word_1_945' title='bbox 3206 5496 3345 5549; x_wconf 86' lang='lat' dir='ltr'><strong>hanc</strong></span> <span class='ocrx_word' id='word_1_946' title='bbox 3375 5496 3508 5550; x_wconf 91' lang='lat' dir='ltr'><strong>dicit</strong></span> 
     </span>
    </p>
   </div>
   <div class='ocr_carea' id='block_1_118' title="bbox 1935 5585 3506 5655">
    <p class='ocr_par' dir='ltr' id='par_1_118' title="bbox 1935 5585 3506 5655">
     <span class='ocr_line' id='line_1_118' title="bbox 1935 5585 3506 5655; baseline 0 -15"><span class='ocrx_word' id='word_1_947' title='bbox 1935 5595 1988 5640; x_wconf 91' lang='lat' dir='ltr'><strong>et</strong></span> <span class='ocrx_word' id='word_1_948' title='bbox 2018 5586 2247 5640; x_wconf 86' lang='lat' dir='ltr'><strong>mediam</strong></span> <span class='ocrx_word' id='word_1_949' title='bbox 2285 5601 2386 5655; x_wconf 89' lang='lat' dir='ltr'><strong>qua</strong></span> <span class='ocrx_word' id='word_1_950' title='bbox 2436 5597 2668 5639; x_wconf 84' lang='lat' dir='ltr'><strong>mortuus</strong></span> <span class='ocrx_word' id='word_1_951' title='bbox 2717 5595 2822 5651; x_wconf 86' lang='lat' dir='ltr'><strong>est,</strong></span> <span class='ocrx_word' id='word_1_952' title='bbox 2868 5586 3009 5640; x_wconf 89' lang='lat' dir='ltr'><strong>sicut</strong></span> <span class='ocrx_word' id='word_1_953' title='bbox 3042 5586 3182 5640; x_wconf 88' lang='lat' dir='ltr'><strong>idem</strong></span> <span class='ocrx_word' id='word_1_954' title='bbox 3217 5585 3506 5654; x_wconf 81' lang='lat' dir='ltr'><strong>Apostolus</strong></span> 
     </span>
    </p>
   </div>
   <div class='ocr_carea' id='block_1_119' title="bbox 1935 5673 3509 5744">
    <p class='ocr_par' dir='ltr' id='par_1_119' title="bbox 1935 5673 3509 5744">
     <span class='ocr_line' id='line_1_119' title="bbox 1935 5673 3509 5744; baseline -0.001 -15"><span class='ocrx_word' id='word_1_955' title='bbox 1935 5676 2096 5739; x_wconf 89' lang='lat' dir='ltr'><strong>dicit,</strong></span> <span class='ocrx_word' id='word_1_956' title='bbox 2128 5676 2417 5729; x_wconf 88' lang='lat' dir='ltr'><strong>secundum</strong></span> <span class='ocrx_word' id='word_1_957' title='bbox 2451 5673 2792 5744; x_wconf 77' lang='lat' dir='ltr'><strong>Scripturas,</strong></span> <span class='ocrx_word' id='word_1_958' title='bbox 2836 5683 2891 5730; x_wconf 88' lang='lat' dir='ltr'><strong>et</strong></span> <span class='ocrx_word' id='word_1_959' title='bbox 2926 5674 3057 5727; x_wconf 90' lang='lat' dir='ltr'><strong>nihil</strong></span> <span class='ocrx_word' id='word_1_960' title='bbox 3092 5673 3386 5727; x_wconf 85' lang='lat' dir='ltr'><strong>absurdum</strong></span> <span class='ocrx_word' id='word_1_961' title='bbox 3431 5674 3509 5727; x_wconf 85' lang='lat' dir='ltr'><strong>vi-</strong></span> 
     </span>
    </p>
   </div>
   <div class='ocr_carea' id='block_1_120' title="bbox 1934 5764 3510 5843">
    <p class='ocr_par' dir='ltr' id='par_1_120' title="bbox 1934 5764 3510 5843">
     <span class='ocr_line' id='line_1_120' title="bbox 1934 5764 3510 5843; baseline -0.001 -24"><span class='ocrx_word' id='word_1_962' title='bbox 1934 5766 2078 5833; x_wconf 89' lang='lat' dir='ltr'><strong>deri,</strong></span> <span class='ocrx_word' id='word_1_963' title='bbox 2121 5768 2163 5822; x_wconf 90' lang='lat' dir='ltr'><strong>si</strong></span> <span class='ocrx_word' id='word_1_964' title='bbox 2196 5768 2255 5843; x_wconf 88' lang='lat' dir='ltr'><strong>is</strong></span> <span class='ocrx_word' id='word_1_965' title='bbox 2294 5766 2384 5836; x_wconf 91' lang='lat' dir='ltr'><strong>qui</strong></span> <span class='ocrx_word' id='word_1_966' title='bbox 2426 5764 2655 5823; x_wconf 78' lang='lat' dir='ltr'><strong>formam</strong></span> <span class='ocrx_word' id='word_1_967' title='bbox 2691 5768 2830 5823; x_wconf 88' lang='lat' dir='ltr'><strong>servi</strong></span> <span class='ocrx_word' id='word_1_968' title='bbox 2872 5774 3222 5833; x_wconf 85' lang='lat' dir='ltr'><strong>susceperat,</strong></span> <span class='ocrx_word' id='word_1_969' title='bbox 3261 5764 3510 5820; x_wconf 87' lang='lat' dir='ltr'><strong>domina-</strong></span> 
     </span>
    </p>
   </div>
  </div>
