3960 6320
513 414 652 471 1595

1143 411 1202 467 Β.
1244 411 1499 468 RABANI
1539 413 1758 470 MAURI
1796 413 2114 470 ARCHIEP.
2157 413 2467 471 MOGUNT.
2508 417 2791 474 OPERUM
2830 420 3006 474 PARS
3043 422 3129 475 lll.

3637 427 3769 480 l59ti

510 537 624 583 tum
670 527 952 597 pertulerit
1001 528 1222 594 mortis,
1268 543 1388 598 qua:
1429 529 1545 584 sine
1581 529 1743 586 dubio
1779 530 2088 609 dominatur
2117 534 2162 591 Α
2193 530 2407 600 tyranni
2434 532 2732 601 mortisque
2767 535 3022 602 patiatur.
3051 533 3173 587 "me
3206 547 3366 604 prout
3401 547 3681 609 potuimus
3705 541 3770 595 ad

508 618 761 675 omnibus
796 617 888 688 qui
937 617 991 672 in
1013 632 1176 673 carne
1198 619 1362 690 positi
1391 619 1492 691 sub
1526 620 1709 676 servili
1749 619 1919 675 forma
1946 606 2086 675 cen-

508 717 714 764 sentur.
759 708 908 763 Alius
962 723 1092 763 vero
1141 709 1234 778 qui
1277 709 1681 780 profundiorem
1727 711 1782 765 in
1813 711 1899 766 his
1931 710 2084 766 Pauli

2189 633 2273 684 ea,
2297 633 2414 688 quae
2437 620 2537 675 hoc
2559 621 2678 677 loco
2701 633 2970 678 commota
3000 634 3141 689 sunt,
3167 620 3431 694 diximus,
3455 637 3513 684 ut
3539 631 3767 686 manife-

2189 711 2338 789 stius:
2359 712 2683 768 claresceret
2719 716 2989 782 quomodo
3015 715 3180 770 semel
3233 715 3484 775 Christus
3512 731 3595 776 est
3620 736 3769 777 mor-

507 814 725 856 sensum
745 799 800 853 in
816 799 1017 854 virtute
1038 798 1274 870 Spiritus
1302 807 1604 866 contuetur,
1631 801 1774 857 dicet
1792 802 1917 872 quia
1938 818 2085 859 mors
2123 826 2151 840 η
2189 808 2315 856 tuus
2335 811 2576 870 peccato,
2595 815 2649 860 et
2669 804 2807 860 ultra
2824 805 2938 874 jam
2972 822 3076 861 non
3109 812 3361 875 moritur,
3389 822 3448 865 et
3478 814 3604 883 quia
3625 812 3770 883 quod

507 890 616 956 hic,
637 891 712 946 de
734 905 843 959 qua
861 889 1060 945 dicitur
1081 889 1225 960 quod
1251 890 1394 944 ultra
1419 905 1528 945 non
1548 891 1916 946 dominabitur
1933 892 2088 948 Chri-

504 988 608 1048 sto,
639 979 873 1050 ille-ipse
895 979 1273 1050 intelligendus
1315 989 1401 1034 est
1442 972 1765 1036 novisSimus
1802 983 2081 1050 inimicus,

504 1073 596 1142 qui
620 1071 851 1145 ﬁguram
870 1073 1061 1134 habuit
1091 1073 1193 1128 ceti
1227 1071 1373 1128 iuius
1399 1075 1492 1144 qui
1514 1074 1870 1130 absorbuerat
1889 1074 2083 1131 Jonam

503 1160 651 1233 (Jan.
679 1161 764 1233 ιι),
793 1163 861 1216 de
903 1178 1012 1233 quo
1054 1163 1107 1216 in
1134 1163 1234 1218 Job
1261 1164 1524 1234 scriptum
1548 1173 1650 1230 est,
1684 1165 1775 1219 sed
1801 1165 2080 1220 maledicat

499 1256 671 1323 illam,
699 1259 788 1328 qui
834 1257 1107 1312 maledixit
1138 1258 1243 1312 diei
1271 1257 1413 1330 (Job.
1438 1258 1542 1328 ιιι),
1575 1257 1664 1311 ille
1688 1253 1798 1327 qui
1829 1274 2082 1329 magnum

500 1354 678 1400 cetum
714 1354 1095 1421 perempturus
1129 1356 1231 1402 est.
1263 1347 1320 1402 In
1347 1363 1508 1416 quam
1541 1357 1792 1413 mortem,
1824 1358 2080 1418 tanquam

499 1437 665 1494 Jonas
691 1437 745 1493 in
781 1447 1021 1495 ventrem
1044 1441 1168 1503 ceti,
1193 1438 1440 1494 Christus
1463 1440 1743 1509 ingressus
1765 1450 1865 1506 est,
1884 1441 1938 1494 in
1959 1457 2082 1497 eum

498 1529 673 1586 locum
690 1531 898 1587 scilicet
918 1538 1076 1602 quem
1093 1533 1465 1604 Salvatoripse
1480 1550 1574 1588 cor
1588 1542 1745 1589 terrae
1762 1535 2080 1601 nominavit,

496 1622 551 1676 in
573 1638 682 1694 quo
693 1614 802 1679 tres
815 1625 930 1680 dies
945 1634 1001 1680 et
1021 1633 1132 1678 tres
1146 1633 1333 1680 noctes
1347 1625 1592 1695 exemplo
1603 1624 1752 1679 Jona:
1767 1641 2081 1684 mansurum

494 1729 618 1770 esse
633 1714 830 1771 Filium
850 1717 1086 1772 hominis
1107 1717 1255 1782 dicit,
1271 1725 1330 1770 ut
1347 1731 1440 1772 eos
1453 1716 1543 1785 qui
1565 1717 1697 1772 inibi
1719 1733 1748 1771 a
1766 1727 1939 1776 morte
1953 1718 2084 1773 deti-

497 1805 766 1860 nebantur
781 1807 1064 1862 eximeret.
1087 1807 1239 1874 Quod
1264 1816 1323 1861 ut
1350 1808 1525 1862 adhuc
1546 1808 1758 1878 planius
1795 1809 1966 1877 possit
1990 1809 2084 1864 ad-

2187 893 2338 960 vivit,
2368 895 2502 948 vivit
2524 895 2652 950 Deo.
2686 896 2882 953 Vivere
2896 908 3085 955 autem
3117 900 3229 956 Deo
3253 902 3327 957 ita
3359 903 3769 975 intelligendum

2186 993 2290 1048 est,
2322 986 2482 1055 quasi
2505 987 2720 1058 expleto
2749 1003 2814 1044 eo
2838 992 2983 1060 quod
3009 993 3063 1046 in
3090 992 3264 1047 forma
3289 993 3383 1061 Dei
3413 997 3624 1064 positus
3654 997 3770 1054 exi-

2185 1073 2783 1148 nanivitsemetipsum,
2818 1088 2874 1133 et
2906 1079 3138 1137 formam
3169 1084 3312 1138 servi
3341 1086 3581 1157 accepit,
3603 1095 3654 1141 et
3681 1088 3766 1142 fa-

2186 1173 2304 1220 ctus
2325 1175 2410 1222 est
2445 1166 2703 1226 obediens
2737 1188 2909 1242 usque
2932 1175 2998 1229 ad
3032 1187 3282 1243 mortem,
3315 1158 3533 1235 rursum
3557 1197 3768 1252 perma-

2185 1268 2313 1314 neat
2333 1260 2388 1313 in
2410 1263 2581 1315 forma
2606 1262 2699 1316 Dei
2721 1273 2882 1334 atque
2900 1267 3126 1336 aequalis
3146 1268 3316 1324 Patri.
3335 1270 3491 1328 Unde
3509 1275 3767 1331 etmerito

2185 1349 2242 1404 in
2271 1353 2725 1422 consequentibus
2752 1357 2921 1425 ponit.

2255 1441 2344 1495 Ita
2375 1452 2422 1496 et
2472 1459 2556 1496 vos
2587 1445 2876 1501 existimate
2903 1465 2988 1502 vos
3016 1450 3224 1520 quidem
3246 1462 3482 1508 mortuos
3514 1472 3624 1509 esse
3647 1473 3765 1525 pec-

2184 1537 2323 1594 cato,
2350 1530 2571 1584 viventes
2598 1542 2773 1586 autem
2803 1535 2913 1589 Deo
2944 1537 2996 1588 in
3028 1534 3235 1592 Christo
3263 1538 3394 1594 Jesu
3429 1541 3651 1597 Domino
3680 1560 3764 1597 ac»

2184 1627 2310 1672 stro.
2366 1619 2482 1685 Quo
2531 1622 2741 1708 scilicet
2793 1625 3093 1687 imitatione
3147 1627 3350 1692 Christi
3395 1644 3619 1707 peccato
3655 1649 3766 1688 mo-

2185 1710 2590 1775 riamur,’alieni
2624 1715 2787 1769 abeo
2819 1715 3014 1780 effecti,
3051 1726 3104 1773 et
3130 1718 3240 1774 Deo
3264 1722 3509 1777 vivamus
3537 1723 3765 1793 jungen-

2187 1809 2269 1858 tes
2314 1817 2412 1858 nos
2442 1804 2551 1870 illi,
2590 1815 2642 1859 et
2683 1823 2822 1862 unus
2858 1824 2982 1863 cum
3031 1810 3146 1879 ipso
3192 1813 3414 1883 spiritus
3452 1813 3600 1869 facti.
3649 1814 3763 1869 Non

493 1895 653 1961 verti,
683 1894 776 1951 tali
805 1891 1001 1953 iterum
1023 1898 1375 1956 similitudine
1414 1908 1648 1955 utemur.
1685 1901 1885 1971 Regem
1911 1917 2077 1971 pona-
2110 1877 2160 1939 Β
2185 1893 2301 1948 sine
2330 1909 2490 1949 causa
2519 1896 2634 1950 hazc
2660 1897 2812 1960 dixit,
2841 1900 3133 1954 existimate
3155 1919 3243 1956 vos
3267 1915 3503 1958 mortuos
3519 1923 3630 1959 esse
3654 1924 3764 1976 pec-

494 2001 616 2042 nlus
646 1988 880 2045 nobilem
909 2000 962 2044 et
985 1990 1216 2061 justum,
1245 1993 1531 2068 adversum
1553 1991 1811 2061 iniustum
1843 1992 2075 2062 aliquem

495 2087 795 2149 tyrannum
834 2081 908 2135 ita
940 2081 1136 2136 bellum
1177 2098 1368 2152 gerere
1395 2083 1694 2150 volentem,
1735 2100 1804 2139 ne
1843 2085 2076 2139 violento

493 2168 738 2222 videatur
770 2179 1106 2240 cruentoque
1135 2171 1331 2227 vicisse
1377 2171 1628 2227 conﬂictu
1650 2213 1665 2237 ,
1695 2173 1820 2241 quia
1855 2179 1911 2227 et
1936 2172 2077 2227 mili-

493 2268 676 2314 tantes
699 2259 804 2314 sub
825 2269 1058 2332 tyranno
1086 2262 1169 2316 sui
1199 2270 1374 2327 erant,
1404 2277 1540 2333 quos
1569 2279 1675 2318 non
1704 2263 1948 2334 perdere,
1980 2265 2076 2318 sed

491 2348 724 2404 liberare
765 2351 1034 2421 cupiebat.
1083 2352 1322 2407 Consilio
1369 2353 1535 2424 igitur
1575 2354 1798 2409 meliore
1833 2353 2075 2408 habitum

494 2440 660 2494 sumit
693 2456 882 2496 eorum
917 2443 1009 2521 qui
1042 2443 1180 2513 apud
1205 2451 1494 2514 tyrannum
1515 2452 1700 2510 erant,
1733 2452 1786 2498 et
1805 2444 1986 2515 specie
2017 2443 2077 2497 tit

495 2548 593 2603 per
622 2535 806 2591 omnia
841 2535 1034 2591 similis
1069 2535 1174 2602 eis,
1207 2535 1379 2590 donec
1407 2534 1506 2590 sub
1533 2536 1899 2591 dominatione
1925 2535 2075 2604 posi-

495 2632 583 2679 tus
625 2626 833 2696 tyranni
879 2641 973 2682 eos
1023 2626 1240 2697 quidem
1279 2626 1371 2697 qui
1405 2627 1452 2682 ei
1494 2627 1777 2696 parebant,
1827 2625 2078 2682 suaderet

497 2719 820 2786 abscedere,
861 2730 916 2776 et
944 2720 1010 2776 ad
1042 2736 1267 2792 regnum
1313 2720 1612 2791 legitimum
1660 2720 1949 2789 repedare,
1997 2720 2079 2789 ip-

497 2826 617 2865 sum
636 2797 764 2867 vero
781 2811 972 2868 fortem
994 2821 1235 2882 tempore
1254 2819 1560 2882 opportuno
1574 2809 1838 2881 alligaret,
1857 2819 1911 2865 et
1932 2819 2079 2880 pote

497 2908 668 2955 states
695 2901 811 2971 ejus
848 2915 913 2955 ac
950 2889 1295 2972 principatus.
1313 2909 1538 2956 exueret
1561 2940 1576 2966 ,
1619 2909 1674 2954 et
1703 2899 1942 2954 avulsam
1982 2914 2075 2967 ca-

495 2990 822 3061 ptivitatem,
859 3006 979 3060 quae
1015 2990 1084 3046 ab
1131 2995 1197 3047 eo
1230 2993 1536 3058 tenebatur,
1572 2991 1930 3046 abstraheret.
1964 2990 2078 3046 Hoc

497 3094 628 3149 ergo
647 3080 808 3137 modo
823 3081 986 3138 etiam
1003 3081 1251 3138 Christus
1271 3083 1548 3138 voluntate
1563 3082 1778 3151 quidem
1794 3083 2078 3137 exinanim't

499 3179 628 3228 tunc
652 3173 1002 3242 semetipsum,
1029 3182 1078 3228 et
1110 3173 1336 3243 formam
1362 3175 1495 3228 servi
1521 3175 1749 3244 accepit,
1780 3188 2076 3244 passusque

496 3270 582 3318 est
633 3264 968 3319 dominatum
1014 3248 1764 3338 tyranni,lfactus'obediens
1806 3283 1967 3337 usque
2005 3257 2074 3320 ad

494 3364 717 3410 mortem
739 3354 962 3429 (Philip.
989 3356 1075 3428 ιι),
1098 3373 1195 3427 per
1209 3373 1369 3426 quam
1394 3367 1623 3413 mortem
1647 3359 1912 3413 destruxit
1933 3367 2076 3422 eum,

498 3443 592 3513 qui
627 3445 861 3500 habebat
886 3447 1078 3502 mortis
1106 3447 1424 3517 imperium,
1455 3447 1509 3502 id
1543 3457 1658 3514 est,
1687 3448 1986 3514 diabolum,
2022 3457 2080 3503 ut

496 3535 756 3591 liberaret
783 3551 876 3592 eos
904 3537 996 3606 qui
1051 3540 1375 3595 tenebantur
1401 3556 1433 3594 a
1462 3549 1657 3595 morte.
1682 3538 1781 3594 Hic
1803 3541 1945 3596 enim
1968 3540 2080 3595 alli-

498 3635 625 3698 gato
651 3625 812 3693 forte,
834 3638 889 3684 et
912 3629 966 3683 in
988 3645 1149 3686 cruce
1169 3646 1262 3685 sua
1287 3632 1638 3701 triumphato,
1657 3633 1896 3701 perrexit
1915 3633 2078 3686 etiam

498 3717 557 3772 in
581 3716 802 3771 domum
828 3718 968 3788 ejus,
1001 3718 1055 3773 in
1088 3720 1306 3774 domum
1343 3721 1565 3786 mortis,
1604 3721 1656 3776 in
1689 3719 1959 3776 infernum
1981 3763 1995 3788 ,
2025 3730 2083 3777 et

504 3808 631 3863 inde
650 3822 774 3863 vasa
813 3807 930 3877 eius
959 3809 1201 3879 diripuit,
1232 3811 1290 3864 id
1315 3819 1418 3877 est,
1453 3811 1664 3864 animas
1693 3827 1828 3881 quas
1867 3813 2080 3866 tenebat

501 3902 796 3968 abstraxit;
821 3911 877 3958 et
895 3902 1042 3968 inde,
1061 3903 1356 3959 Ascendens
1381 3905 1436 3957 i'n
1452 3903 1637 3969 altum,
1661 3905 1913 3972 captivam
1931 3904 2081 3959 duxit

502 3994 852 4063 captivitatem
877 3992 1051 4065 (Psal.
1085 3994 1274 4066 van),
1301 4009 1395 4050 eos
1419 3994 1646 4062 scilicet,
1676 3995 1767 4064 qui
1794 4011 1914 4049 cum
1964 3996 2081 4065 ipso

503 4091 884 4147 surrexerunt,
918 4096 972 4140 et
998 4086 1226 4156 ingressi
1255 4093 1380 4140 sunt
1411 4094 1655 4141 sanctam
1681 4086 1960 4141 civitatem
1990 4085 2082 4140 εἰθ-

505 4173 739 4229 rusalem
770 4173 1064 4229 caelestem.
1087 4174 1239 4229 Unde
1261 4183 1408 4230 recte
1438 4174 1728 4244 Apostolus
1751 4175 1803 4228 in
1825 4174 2078 4244 praesenti

502 4266 622 4321 loco
679 4264 1028 4335 dicit,‘quia
1081 4259 1228 4319 ‘mors
1276 4268 1323 4322 ei
1375 4265 1515 4319 ultra
1572 4282 1675 4319 non
1729 4265 2084 4318 dominabitur

503 4357 590 4430 (II
615 4356 760 4412 Rom.
780 4373 855 4423 vr,
874 4357 966 4428 9);
994 4373 1101 4412 non
1126 4347 1432 4430 enimiultra
1462 4356 1611 4419 dabit
1642 4354 1987 4426 semetipsum
2027 4356 2083 4408 in

509 4449 930 4505 dominationem
976 4451 1223 4520 tyranni,
1259 4465 1432 4520 neque
1466 4449 1663 4504 iterum
1692 4447 1966 4505 exinaniet
1993 4462 2079 4512 se,

2180 1993 2317 2049 cato,
2349 1985 2493 2054 quod
2516 1986 2707 2041 melius
2735 1989 2952 2057 quidem
2979 1990 3032 2044 iri
3055 1990 3246 2046 Graeco
3269 1995 3520 2059 habetur,
3549 1996 3764 2064 cogitate

2180 2091 2266 2128 vos
2305 2086 2537 2132 mortuos
2572 2094 2681 2131 esse
2702 2090 2956 2148 pec-cate;
3003 2097 3090 2135 res
3133 2083 3309 2151 enirn,
3343 2085 3408 2140 de
3439 2103 3547 2156 qua
3589 2101 3763 2141 sermo

2178 2174 2281 2231 est,
2318 2166 2373 2220 in
2411 2169 2736 2237 cogitatione
2766 2172 2939 2241 magis
2985 2184 3040 2228 et
3079 2175 3287 2231 ratione
3328 2179 3604 2244 Subsistit,
3639 2180 3762 2249 quia

2178 2257 2485 2326 huiusmodi
2515 2276 2662 2315 mors
2689 2277 2797 2316 non
2838 2264 2892 2318 in
2919 2264 3144 2330 effectu,
3192 2268 3286 2321 sed
3337 2270 3390 2321 in
3439 2272 3764 2340 cogitatione

2177 2347 2422 2403 habenda
2453 2358 2553 2404 est.
2587 2350 2687 2418 Qui
2727 2353 2871 2407 enim
2901 2356 3100 2425 cogitat
3127 2365 3182 2411 et
3209 2359 3488 2414 existimat
3516 2362 3653 2431 apud
3682 2377 3766 2417 se-

2177 2438 2467 2508 metipsum
2483 2449 2756 2495 mortuum
2779 2456 2836 2497 se
2851 2459 2992 2510 esse,
3011 2460 3115 2499 non
3138 2455 3346 2516 peccat.
3373 2448 3534 2503 Verbi
3550 2454 3719 2520 gratia
3745 2469 3757 2504 :

2178 2531 2222 2586 si
2267 2548 2354 2586 me
2385 2535 2822 2603 concupiscentia
2852 2535 3094 2591 mulieris
3120 2539 3314 2603 trahat,
3350 2540 3396 2593 si
3445 2543 3687 2611 argenti,
3718 2543 3761 2597 si

2179 2622 2318 2687 auri,
2351 2624 2396 2677 si
2442 2625 2626 2694 prmdii
2673 2625 2937 2693 cupiditas
2964 2625 3172 2696 pulset,
3215 2637 3270 2683 et
3293 2644 3490 2700 ponam
3517 2635 3572 2685 in
3602 2633 3762 2688 corde

2179 2729 2301 2769 meo
2345 2715 2486 2784 quod
2542 2725 2790 2770 mortuus
2832 2717 2936 2771 sint
2966 2732 3090 2771 cum
3129 2717 3370 2787 Christo,
3413 2721 3558 2777 etde
3593 2731 3764 2780 morte

2177 2809 2427 2878 cogitem,
2476 2810 2838 2879 exstinguitur
2892 2811 3148 2885 continuo
3190 2816 3666 2884 concupiscentia,
3708 2822 3766 2873 et

2177 2904 2445 2978 eil‘ugatur
2488 2915 2790 2974 peccatum.
2823 2905 2929 2960 Aut
2957 2923 3001 2962 ει
3027 2909 3151 2964 odio
3178 2909 3263 2964 vel
3303 2912 3384 2964 ira
3411 2909 3764 2967 inﬂammatus

2178 2998 2246 3053 ad
2294 3013 2482 3053 necem
2533 3001 2773 3054 conciter
2818 3003 3019 3057 inimici
3068 3004 3206 3068 mei,
3235 3006 3280 3058 si
3327 3020 3415 3058 me
3461 3007 3764 3062 existimem

2178 3096 2446 3166 mortuum
2477 3096 2597 3144 esSe
2632 3105 2754 3144 cum
2808 3091 3045 3157 Christo,
3073 3101 3128 3146 et
3171 3095 3526 3160 cogitationes
3580 3084 3768 3155 mortis

2179 3194 2373 3249 ponam
2398 3181 2449 3234 in
2479 3182 2658 3263 animo
2685 3197 2805 3238 meo
2827 3225 2840 3247 ,
2874 3185 3237 3255 exstinguitur
3257 3187 3374 3242 sine
3405 3189 3568 3244 dubio
3593 3188 3764 3255 furor,

2181 3280 2360 3326 cessat
2393 3273 2493 3338 ira,
2536 3274 2717 3328 odium
2759 3276 3119 3346 conquiesdt,
3163 3269 3394 3346 peccato
3445 3296 3553 3335 non
3610 3282 3766 3336 datur

2179 3362 2361 3430 locus,
2404 3371 2459 3417 et
2503 3365 2604 3418 hoc
2645 3367 2803 3422 modo
2849 3376 3071 3436 peccato
3117 3369 3238 3438 quis
3278 3370 3416 3424 mori
3459 3372 3764 3436 invenitur,

2177 3458 2234 3507 et
2279 3451 2461 3506 vivere
2507 3450 2636 3507 Deo.
2686 3452 2794 3508 Sed
2843 3464 2898 3510 ct
2935 3455 3041 3512 hoc.
3079 3455 3222 3525 quod
3267 3456 3504 3533 addidit,
3547 3459 3769 3512 viventes

2179 3540 2291 3595 Deo
2339 3543 2393 3596 in
2441 3540 2651 3600 Christo
2701 3544 2863 3610 Jesu,
2899 3563 3004 3614 non
3050 3548 3185 3608 mihi
3232 3549 3448 3606 videtur
3483 3551 3764 3625 otiosum:

2179 3633 2354 3689 simile
2377 3635 2518 3690 enim
2549 3645 2683 3710 putq
2718 3653 2860 3703 esse,
2896 3640 3048 3708 quasi
3091 3639 3339 3706 dixisset,
3365 3641 3616 3700 viventes
3660 3641 3769 3696 Deo

2180 3727 2235 3782 in
2272 3727 2560 3800 sapientia,
2591 3728 2646 3782 in
2697 3724 2850 3798 pace,
2879 3730 2930 3783 in
2955 3720 3186 3798 iustitia,
3211 3729 3267 3785 in
3299 3712 3766 3793 sanctiﬁcatione,

2179 3833 2300 3887 quae
2341 3820 2523 3877 omnia
2573 3819 2823 3876 Christus
2871 3829 2974 3877 est.
3013 3821 3070 3875 ln
3101 3821 3186 3880 bis
3230 3835 3359 3891 ergo
3402 3823 3588 3876 vivere
3633 3821 3762 3882 Deo.

2181 3911 2285 3966 hoc
2324 3919 2439 3978 est,
2471 3910 2526 3976 in
2557 3910 2773 3973 Christo
2815 3909 2942 3966 Jesu
2981 3907 3162 3965 vivere
3190 3909 3320 3969 Deo.
3366 3909 3520 3977 Quod
3560 3911 3606 3965 si
3655 3911 3767 3964 sine

2175 3998 2408 4068 iustitia,
2459 4000 2575 4065 sine
2627 4014 2794 4072 pace,
2827 3999 2946 4055 sine
2973 3999 3402 4062 sanctiﬁcatione
3453 4000 3767 4067 caeterisque

2182 4089 2470 4148 virtutibus
2512 4104 2669 4153 nemo
2721 4090 2854 4148 vivit
2908 4091 3036 4156 Deo,
3062 4100 3271 4154 certum
3315 4099 3398 4148 est
3426 4091 3573 4164 quod
3613 4106 3770 4146 nemo

2181 4183 2330 4237 vivat
2356 4182 2472 4238 Deo
2495 4184 2601 4239 nisi
2632 4173 2687 4239 in
2712 4184 2932 4242 Christo
2952 4184 3098 4242 Jesu.
3141 4184 3373 4256 (Anum).
3392 4184 3488 4240 Sic
3509 4184 3762 4254 loquitur,

2181 4285 2242 4330 ut
2295 4276 2485 4332 doceat
2537 4290 2643 4357 non
2694 4277 2850 4332 aliter
2901 4277 3038 4332 mori
3073 4291 3232 4346 posse
3275 4284 3536 4348 peccato,
3585 4287 3640 4334 et
3663 4277 3766 4331 Deo

2154 4369 2394 4435 "vivere,
2433 4385 2595 4440 quam
2625 4379 2686 4425 ut
2721 4371 2776 4424 in
2815 4370 3032 4426 Christo
3072 4370 3144 4424 sit
3190 4369 3368 4426 omnis
3412 4384 3578 4438 Spes:
3611 4383 3764 4438 quem

2185 4459 2468 4518 Dominum
2500 4469 2743 4518 nostrum
2772 4461 3022 4533 appellat,
3044 4470 3105 4520 ut
3127 4460 3259 4518 nihil
3285 4461 3424 4532 legis
3441 4463 3517 4521 ad
3539 4461 3759 4517 salutem

510 4549 571 4594 ut
605 4539 834 4596 formam
861 4540 1002 4595 servi
1051 4535 1282 4617 accipiat
1320 4550 1374 4595 et
1401 4540 1496 4595 tiat
1519 4539 1776 4595 obediens
1806 4554 1975 4610 usque
2013 4540 2080 4594 ad
2110 4573 2160 4632 D
2186 4552 2431 4622 ρι-οῆρίβι
2457 4553 2843 4626 capessendam
2870 4555 2927 4610 in
2962 4552 3142 4609 ῖυιιπο
3166 4552 3386 4618 saeculo,
3417 4553 3636 4623 quando
3658 4566 3760 4607 non

509 4640 739 4686 mortem
766 4672 779 4697 ,
826 4646 894 4686 ne
926 4647 1138 4686 rursum
1189 4633 1241 4686 in
1294 4631 1463 4686 forma
1509 4631 1683 4697 servi,
1713 4631 1958 4701 quamvis
1986 4645 2080 4684 vo-

505 4718 715 4792 luntate
761 4728 817 4777 et
859 4737 965 4776 non
1005 4721 1328 4775 necessitate
1366 4719 1604 4788 positus,
1664 4717 2082 4773 dominationem

2173 4641 2342 4697 aliter
2367 4641 2476 4701 Deo
2501 4643 2716 4708 vivitur,
2744 4657 2904 4712 quam
2936 4657 3033 4711 per
3053 4641 3344 4700 Christum.

519 4838 3738 4869 Mm

1542 4911 2730 5092 LIBEWTUS.

932 5115 1280 5186 SEQUITUR
1312 5114 1537 5172 CAPUT
1575 5113 1662 5170 Vl.

584 5212 710 5268 Non
746 5226 866 5281 ergo
909 5218 1085 5279 segnet
1126 5189 1394 5277 peccatum
1430 5208 1486 5260 in
1516 5214 1682 5260 vestro
1727 5204 1938 5262 morin
1979 5223 2094 5260 cor-

510 5318 657 5372 pore,
690 5310 745 5354 ut
788 5298 1040 5361 obediatis
1087 5285 1514 5366 concupiscentiis
1557 5296 1693 5364 ejus.
1735 5293 1942 5366 (Greg.)
1973 5293 2092 5352 Non

511 5392 677 5456 enim,
703 5391 798 5457 ait,
841 5390 1089 5456 non.'sit,
1136 5389 1230 5446 sed
1283 5405 1386 5444 non
1433 5397 1622 5457 regnet,
1653 5388 1780 5457 quia
1824 5403 1930 5442 non
1971 5403 2089 5444 esse

514 5485 846 5552 nbngpotest,
870 5495 977 5546 non
1007 5487 1186 5542 autem
1218 5491 1443 5546 regnare
1465 5477 1519 5530 in
1547 5476 1799 5537 cordibus
1823 5476 2081 5532 bonorum

512 5550 711 5648 potest.
734 5573 867 5642 Quia
894 5587 1020 5644 ergo
1049 5571 1301 5643 quaelibet
1326 5569 1481 5638 culpa
1507 5582 1600 5623 cor
1625 5568 1864 5637 iniquum
1909 5567 2088 5638 pulsa-

517 5666 658 5722 verit
711 5664 968 5722 resistens
1023 5660 1152 5716 illud
1195 5675 1299 5715 non
1332 5661 1561 5724 invenit,
1590 5658 1684 5714 sed
1711 5674 1807 5713 suo
1851 5660 2089 5714 dominio

519 5754 835 5816 substernie.
892 5751 1118 5822 (Ambr.)
1173 5749 1392 5803 Mortale
1447 5764 1644 5818 corpus
1682 5759 1767 5804 est
1812 5764 1874 5803 ex
1923 5767 2086 5805 causa

519 5844 974 5905 praevaricationis
1023 5843 1181 5909 Αόω,
1223 5857 1289 5895 ex
1343 5839 1455 5894 ﬁde
1500 5845 1677 5896 autem
1732 5837 1931 5895 Christi
1979 5843 2089 5896 fore

2196 5115 2434 5172 creditus
2492 5112 2816 5169 immortale.
2875 5111 2946 5167 Ut
2993 5119 3174 5166 autem
3225 5113 3294 5166 ad
3352 5111 3758 5180 mmissionern

2194 5205 2337 5260 hanc
2379 5203 2642 5265 veniatur,
2691 5215 2798 5254 non
2844 5199 3200 5254 obcdiendum
3235 5200 3365 5254 dicit
3419 5208 3664 5270 peccato,
3694 5211 3758 5249 ne

2192 5303 2378 5365 regnet.
2404 5295 2460 5346 in
2488 5301 2673 5348 nostro
2694 5289 2905 5345 mortali
2926 5304 3150 5359 corpore
3179 5307 3190 5342 :
3221 5300 3411 5356 regnat
3438 5300 3614 5342 autem
3640 5287 3760 5340 dum

2191 5383 2445 5454 impenat.
2472 5382 2528 5436 Si
2561 5390 2734 5436 autem
2766 5397 2870 5435 non
2902 5389 3107 5450 regnat,
3138 5395 3242 5434 non
3281 5379 3552 5433 videbitur
3575 5390 3764 5445 corpus

2192 5476 2294 5530 hoc
2338 5489 2458 5529 esse
2498 5473 2741 5537 mortale,
2771 5472 2894 5541 quia
2924 5472 2981 5524 in
3018 5486 3112 5541 spe
3159 5471 3484 5528 aeternitatis
3519 5479 3618 5523 est.
3651 5467 3763 5520 Νυίι

2191 5574 2410 5636 propter
2431 5565 2834 5619 dissoiutionem
2865 5563 2999 5616 dixit
3026 5562 3249 5617 mortale
3279 5577 3498 5626 corpus,
3532 5561 3620 5614 sed
3645 5575 3764 5628 peo-

2193 5667 2312 5727 pter
2334 5670 2545 5724 poenam
2568 5656 2846 5722 gehennae,
2868 5661 2926 5704 ut
2946 5652 3034 5709 ille
3068 5649 3313 5705 mortalis
3335 5650 3566 5710 dicatur,
3595 5648 3681 5715 qui
3710 5647 3762 5698 in

2195 5750 2490 5818 gehennam
2524 5746 2812 5799 mittendus
2838 5753 2939 5806 est,
2968 5743 3093 5811 quia
3123 5740 3213 5808 qui
3240 5751 3464 5809 peccato
3493 5737 3766 5794 obediuut,

2198 5851 2424 5896 mortem
2445 5839 2733 5893 secundam
2756 5835 2948 5890 inferni
2980 5850 3087 5889 non
3111 5831 3363 5894 evadunt,
3391 5846 3418 5882 τι
3444 5843 3550 5899 qua
3581 5828 3766 5882 Salva-
