3960 6344
256 378 398 431 1597

794 381 1338 437 ENARRATIONUM
1377 380 1440 435 ΙΝ
1479 381 1624 436 ΕΡΡ.
1669 382 1870 437 PAULI
1904 382 2029 436 LlB.
2070 382 2157 436 IV.
2194 412 2262 420 —
2300 381 2365 435 1N
2402 380 2617 436 EPIST.
2658 380 2751 434 AD
2789 378 2954 435 ROM.

3375 375 3509 431 1398

252 501 343 547 tor
370 494 422 548 in
448 502 807 556 secredentes
829 499 1098 555 liberavit.
1131 500 1351 556 Mortale
1371 515 1499 571 ergo
1520 500 1701 554 dicens
1725 514 1838 553 cor-
1868 503 1918 561 Α
1945 499 2052 553 noli
2108 500 2237 553 dare
2283 514 2499 553 manum
2547 506 2639 551 aut
2674 497 2860 567 pedem
2909 496 2974 549 ad
3030 494 3347 547 feriendum.
3396 492 3510 547 Non

251 600 377 657 pus,
405 594 577 641 totum
619 588 893 645 hominem
921 591 1263 662 signiﬁcavit,
1304 592 1427 659 quia
1460 590 1552 660 qui
1582 590 1839 646 obcdiunt

252 689 499 750 peccato,
518 681 770 737 mortales
792 682 1043 739 dicuntur
1068 701 1080 735 :
1108 682 1295 736 Anima
1318 683 1473 748 enim,
1500 681 1690 751 inquit,
1722 696 1837 749 qua:

252 774 562 841 peccaverit,
593 773 705 843 ipsa
734 775 984 841 morietur
1011 772 1224 845 (Ezeclt.
1256 772 1433 843 xvtn),
1468 772 1520 826 id
1559 780 1662 835 est,
1698 779 1838 824 totus

255 862 437 917 homo.
472 862 639 920 Nemo
663 865 805 918 enim
839 864 955 919 sine
984 877 1205 932 corpore
1235 861 1584 934 judicabitur.
1618 857 1837 931 (0rig.)

253 952 388 1007 Illud
415 963 592 1016 tamen
630 955 866 1017 adverte,
898 955 1039 1023 quod
1064 957 1351 1009 ostendens
1374 953 1430 1008 in
1456 961 1640 1007 nostra
1661 961 1839 1021 potes-

255 1050 367 1097 tate
387 1044 642 1113 positum.
666 1052 725 1098 ut
749 1058 857 1099 non
880 1052 1067 1111 regnet
1092 1044 1145 1097 in
1168 1052 1353 1098 nostro
1377 1041 1588 1097 mortali
1616 1057 1839 1111 corpore

250 1140 569 1203 peccatum,
615 1143 943 1210 praeceptum
981 1135 1076 1190 dat
1108 1134 1400 1205 Apostolus.
1434 1133 1621 1187 dicens
1659 1152 1670 1186 :
1718 1132 1838 1185 Non

251 1239 375 1294 ergo
418 1234 589 1295 regnet
632 1235 897 1295 peccatum
943 1227 999 1279 in
1048 1234 1212 1279 vestro
1246 1224 1457 1277 mortali
1501 1240 1746 1293 corpore,
1772 1223 1839 1275 ad

252 1314 593 1368 obediendum
619 1315 890 1376 desideriis
919 1316 1068 1382 eius;
1101 1314 1199 1367 nisi
1227 1314 1369 1367 enim
1397 1322 1543 1368 esset
1566 1314 1618 1367 in
1657 1321 1840 1369 nostra

254 1411 524 1472 potestate
556 1413 617 1459 ut
645 1420 751 1458 non
779 1411 1032 1475 regnaret
1074 1404 1125 1457 in
1175 1405 1330 1458 nobis
1373 1412 1673 1475 peccatum,
1706 1418 1840 1473 prm-

252 1505 471 1565 ceptum
500 1495 685 1564 utique
726 1510 834 1549 non
876 1495 1130 1549 dedisset.
1180 1493 1459 1559 Quomodo
1512 1508 1641 1563 ergo
1670 1493 1841 1561 possi-

252 1584 361 1641 bile
385 1596 489 1651 est,
514 1596 574 1640 ut
596 1596 875 1657 peccatum
899 1587 952 1640 in
985 1602 1147 1641 carne
1174 1594 1359 1639 nostra
1394 1598 1497 1638 non
1526 1572 1754 1659 regnet?
1783 1582 1839 1636 Si

254 1676 515 1733 faciamus
542 1678 669 1732 illud
691 1680 833 1747 quod
857 1679 995 1733 idem
1019 1678 1305 1749 Apostolus
1328 1677 1457 1735 dicit
1485 1694 1496 1729 :
1524 1676 1841 1743 Mortiﬁcate

254 1769 486 1823 membra
521 1780 709 1834 vestra,
740 1787 856 1840 qua:
899 1780 1018 1823 sunt
1052 1787 1207 1837 super
1257 1778 1447 1822 terram
1478 1766 1701 1838 (Coloss.
1734 1765 1836 1835 ιιι).

1940 602 2185 665 surgeret
2229 593 2307 647 ira
2358 591 2458 647 ista
2489 589 2896 654 irrationabilis,
2930 587 3029 643 nisi
3065 596 3339 659 peccatum
3370 593 3513 639 esset

1941 687 1992 741 in
2024 687 2300 749 membris,
2328 685 2419 739 sed
2457 683 2580 738 tolle
2605 682 2679 737 illi
2712 698 2933 752 regnum
2960 722 2974 743 ,
3005 696 3110 735 non
3144 678 3339 732 habeat
3364 693 3512 731 arma

1940 777 2081 831 unde
2128 784 2315 830 contra
2362 785 2413 831 te
2464 782 2684 844 pugnet,
2708 773 2869 828 discit
2919 773 3079 827 etiam
3113 788 3218 826 non
3272 785 3507 841 surgere,

1940 882 2058 921 cum
2110 881 2262 925 arma
2312 880 2419 919 non
2458 866 2683 933 coeperit
2732 864 2974 919 invenire
3020 881 3032 916 :
3082 862 3199 917 Non
3229 862 3515 917 exhibeatis

1940 958 2167 1011 membra
2188 966 2357 1012 vestra
2382 973 2532 1009 arma
2562 956 2850 1025 iniquitatis
2893 970 3120 1026 peccato,
3154 956 3389 1023 alioquin
3420 940 3515 1008 toti

1941 1049 2135 1116 captivi
2158 1049 2329 1115 eritis,
2356 1056 2411 1103 et
2426 1063 2530 1102 non
2555 1048 2658 1102 erit
2681 1048 2882 1111 dicere,
2903 1056 3080 1100 mente
3096 1048 3271 1101 servio
3289 1046 3392 1116 legi
3416 1046 3513 1100 Dei

1942 1155 2063 1193 cum
2092 1140 2279 1194 essetis
2317 1140 2457 1195 servi
2492 1139 2719 1209 peccati,
2753 1137 2905 1193 liberi
2941 1137 3118 1191 fuistis
3140 1136 3379 1205 justitiae.
3413 1136 3514 1189 Sed

1941 1228 2170 1283 exhibete
2184 1246 2269 1284 vos
2288 1229 2419 1293 Deo,
2436 1238 2683 1298 tanquam
2706 1244 2769 1281 ex
2784 1228 3002 1281 mortuis
3020 1228 3255 1280 viventes.
3281 1225 3517 1296 (Ambr.)

1944 1319 2186 1385 Mortem,
2221 1320 2573 1389 ignorantiam
2601 1329 2654 1375 et
2687 1320 3051 1375 inﬁdelitatem
3085 1336 3207 1373 cum
3244 1320 3383 1373 mala
3410 1321 3519 1373 vita

1943 1410 2227 1481 signiﬁcat,
2263 1411 2387 1479 quia
2413 1410 2520 1463 vita
2549 1418 2630 1463 est
2669 1425 2991 1479 cognoscere
3020 1411 3189 1465 Deum
3234 1424 3329 1479 per
3371 1409 3522 1464 Chri-

1944 1510 2104 1556 stum.
2121 1500 2415 1568 Quiaenim
2437 1514 2595 1554 nemo
2622 1499 2735 1553 sine
2758 1508 2979 1570 parente
2994 1511 3169 1553 ortum
3192 1500 3356 1553 sumit
3377 1499 3517 1564 vitae,

1942 1594 2119 1646 omnia
2148 1603 2328 1648 autem
2350 1609 2379 1649 a
2405 1594 2514 1648 Deo
2537 1605 2654 1647 orta
2677 1602 2799 1649 sunt
2825 1593 2891 1647 ad
2918 1593 3080 1647 vitam
3102 1609 3195 1663 per
3215 1593 3517 1658 Christum;

1944 1685 2143 1740 ideirco
2184 1686 2276 1752 qui
2331 1700 2435 1738 non
2493 1685 2735 1754 agnoscit
2784 1694 3062 1754 parentem
3118 1684 3353 1738 omnium
3408 1698 3523 1737 esse

1943 1772 2111 1828 Deum
2129 1791 2221 1843 per
2238 1775 2510 1829 Christum
2528 1816 2543 1841 ,
2560 1776 2722 1830 vitam
2740 1775 2938 1831 habere
2954 1792 3058 1830 non
3074 1775 3291 1839 dicitur,
3308 1775 3407 1829 hoc
3422 1784 3519 1841 est,

253 1858 323 1913 Ει
343 1860 386 1914 εί
414 1878 433 1910 ί
454 1858 665 1929 semper
682 1867 908 1913 mortem
931 1858 1129 1913 Chiis“
1154 1859 1207 1912 ίη
1230 1872 1453 1926 corpore
1478 1865 1659 1910 "051m
1681 1875 1697 1906 ³
1734 1855 1839 1907 Cll"
1869 1855 1915 1912 Β
1945 1865 2021 1919 sic
2051 1865 2277 1919 habetur
2302 1880 2363 1919 ac
2385 1866 2428 1919 si
2452 1881 2557 1919 non
2586 1866 2655 1919 sit
2678 1884 2689 1918 :
2726 1866 2839 1936 ipse
2861 1867 3005 1919 enim
3036 1866 3380 1934 semetipsum
3408 1881 3526 1920 esse

254 1947 639 2003 cumieramus.
714 1947 933 2003 Certum
987 1963 1219 2016 namque
1274 1954 1375 2010 est,
1408 1946 1533 2014 quia
1573 1944 1663 1997 ubi
1696 1958 1842 1997 mors

254 2036 457 2091 Christi
473 2036 850 2092 circumfertur
871 2050 973 2091 non
992 2045 1166 2106 potest
1182 2050 1410 2105 regnare
1428 2042 1722 2104 peccatum.
1752 2034 1845 2087 Est

254 2128 401 2181 enim
431 2136 577 2181 tanta
598 2128 679 2181 vis
703 2128 883 2182 crucis
906 2127 1127 2191 Christi,
1156 2139 1214 2189 ut
1242 2128 1285 2180 si
1320 2136 1443 2179 ante
1468 2125 1653 2180 oculos
1678 2138 1844 2195 pona-

256 2224 366 2281 tur,
395 2216 523 2270 etin
555 2226 732 2271 mente
759 2216 987 2271 ﬁdeliter
1027 2219 1344 2282 retineatur,
1376 2218 1444 2270 ita
1472 2226 1531 2271 ut
1578 2216 1632 2270 in
1673 2216 1843 2285 ipsam

256 2314 490 2360 mortem
512 2305 716 2361 Christi
744 2306 983 2365 intentus
1007 2307 1193 2361 oculus
1213 2308 1413 2361 mentis
1433 2306 1677 2376 aspiciat,
1700 2305 1842 2358 nulla

257 2396 716 2465 concupiscentia,
781 2396 923 2451 nulla
978 2396 1171 2461 libido,
1226 2397 1404 2450 nullus
1463 2396 1645 2459 furor,
1698 2394 1844 2448 nulla

258 2500 521 2558 superare
548 2487 716 2557 possit
746 2487 975 2551 invidia,
1009 2488 1102 2542 sed
1153 2488 1409 2541 continuo
1441 2487 1506 2539 ad
1538 2486 1653 2555 ejus
1702 2499 1841 2554 prae-

258 2578 494 2633 sentiam
543 2586 683 2633 totus
716 2578 823 2643 ille,
857 2593 1014 2647 quem
1052 2593 1213 2647 supra
1258 2576 1694 2633 enumeravimus
1726 2588 1845 2644 pec-

258 2668 371 2723 cati
387 2676 441 2723 et
464 2668 642 2724 carnis
663 2667 878 2739 fugatur
898 2669 1199 2735 exercitus;
1226 2669 1400 2737 ipsum
1414 2683 1543 2722 vero
1562 2674 1843 2737 peccatum

260 2775 365 2817 nec
388 2761 653 2828 subsistit,
668 2762 863 2833 quippe
886 2777 1005 2816 cum
1032 2776 1131 2815 nec
1158 2760 1457 2814 substantia
1482 2758 1596 2826 ejus
1617 2772 1843 2826 usquam

260 2852 336 2909 sit
386 2851 490 2906 nisi
525 2852 579 2905 in
605 2866 766 2921 Opere
793 2860 847 2905 et
892 2852 1075 2921 gestis.
1129 2850 1366 2919 Requiro
1406 2856 1583 2902 autem
1620 2863 1715 2901 cur
1752 2848 1845 2901 ad-

262 2942 484 3007 diderit,
514 2942 571 2995 in
595 2957 807 3010 corpore
834 2932 996 2995 v'estro
1034 2940 1276 3004 mortali,
1324 2954 1446 2994 cum
1474 2940 1662 3006 utique
1698 2934 1844 2990 suﬁi-

261 3040 412 3088 ceret
442 3031 648 3097 dicere,
689 3046 795 3086 non
825 3046 952 3101 ergo
980 3038 1167 3101 regnet
1208 3036 1486 3098 peccatum
1533 3028 1588 3081 in
1624 3042 1847 3095 corpore

261 3131 464 3179 vestro.
501 3122 571 3179 Ut
596 3124 725 3193 quid
773 3123 985 3178 additur
1012 3130 1066 3177 et
1094 3123 1323 3185 mortali,
1356 3120 1510 3189 quasi
1534 3132 1664 3173 vero
1697 3118 1844 3172 dubi-

264 3224 405 3273 taret
432 3216 625 3286 aliquis
651 3231 848 3286 corpus
872 3230 991 3271 esse
1021 3214 1292 3271 mortale?
1321 3212 1429 3268 Sed
1455 3212 1587 3266 mihi
1612 3210 1843 3275 videtur,
1878 3200 1921 3262 C

264 3308 409 3377 quod
455 3323 559 3362 non
605 3308 720 3364 sine
772 3324 935 3363 causa
964 3307 1129 3361 etiam
1181 3305 1284 3360 hoc
1322 3302 1630 3357 addiderit:
1663 3300 1845 3355 admo-

267 3396 387 3451 nuit
426 3396 573 3455 enim
618 3413 714 3467 per
756 3398 878 3463 hoc,
904 3397 1175 3465 quomodo
1200 3395 1369 3465 possit
1397 3394 1451 3448 in
1485 3406 1711 3462 corpore
1739 3406 1847 3444 non

265 3504 495 3559 regnare
545 3498 860 3563 peccatum,
910 3489 1209 3544 secundum
1263 3487 1407 3557 quod
1450 3496 1504 3541 et
1556 3484 1683 3540 alibi
1733 3484 1847 3552 ipse

266 3580 506 3636 dixerat:
526 3580 727 3651 Corpus
739 3581 945 3651 quidem
960 3589 1221 3633 mortuum
1235 3574 1308 3633 est
1326 3587 1535 3648 propter
1550 3584 1843 3647 peccatum,

265 3674 481 3743 spiritus
508 3688 623 3727 vero
649 3673 751 3727 vita
773 3681 847 3728 est
862 3671 1369 3743 prOplerijustitiam‘.
1389 3668 1447 3723 Si
1467 3683 1596 3738 ergo
1612 3668 1847 3722 sciamus

266 3761 395 3832 quia
417 3776 610 3833 corpus
636 3771 883 3817 nostrum
915 3760 1227 3815 mortiﬁcari
1263 3768 1459 3830 potest,
1489 3765 1544 3812 et
1569 3764 1843 3811 mortuum

267 3867 389 3909 esse
417 3863 665 3923 peccato,
696 3863 873 3925 potest
916 3854 1031 3909 ﬁeri
1070 3862 1129 3908 ut
1178 3869 1283 3907 non
1310 3861 1496 3923 regnet
1524 3850 1577 3904 in
1608 3865 1671 3906 eo
1717 3864 1843 3919 pec-

268 3950 468 3998 catum.
502 3943 809 3999 Secundum
848 3946 952 3999 hoc
982 3960 1214 4016 namque
1240 3945 1330 4016 qui
1359 3951 1601 3997 mortuus
1628 3949 1740 4006 est,
1764 3940 1849 4009 ju-

267 4035 533 4093 stiﬁcatus
574 4037 772 4092 dicitur
802 4053 832 4095 a
882 4045 1122 4109 peccato.
1174 4035 1359 4104 Neque
1403 4035 1546 4088 enim
1604 4041 1847 4087 mortuus

269 4127 630 4203 concupiscit,
663 4137 755 4181 ant
794 4128 1066 4191 irascitur,
1100 4134 1192 4180 aut
1220 4124 1365 4185 furit,
1392 4133 1485 4177 aut
1514 4124 1697 4193 diripit
1722 4123 1849 4177 alie-

268 4232 361 4273 na.
395 4216 450 4271 Si
481 4232 609 4287 ergo
638 4218 705 4272 ab
734 4218 817 4272 his
844 4218 1095 4279 omnibus
1130 4214 1625 4286 concupiscentiam
1658 4227 1850 4282 corpo-

270 4307 351 4363 ris
378 4307 752 4376 reprimamus,
804 4315 1075 4361 mortuum
1110 4321 1228 4364 esse
1258 4314 1476 4375 peccato
1506 4302 1706 4357 dicitur
1737 4317 1851 4357 eor-

267 4414 391 4471 pus.
437 4398 504 4453 Et
549 4399 651 4454 hoc
700 4405 783 4453 est
817 4399 959 4469 quod
997 4398 1053 4451 in
1099 4398 1350 4469 praesenti
1404 4397 1523 4451 loco
1564 4394 1851 4465 Apostolus

269 4503 616 4544 eommonere
664 4488 877 4547 videtur
913 4488 1137 4557 adjectis
1182 4487 1363 4542 verbis
1404 4488 1519 4541 istis
1558 4487 1764 4552 dicens,
1796 4486 1850 4539 in

269 4593 487 4647 corpore
516 4584 679 4632 vestro
708 4576 927 4631 mortali.

346 4664 448 4721 Sed
480 4683 640 4736 neque
694 4667 977 4721 exhibeatis
1007 4666 1238 4720 membra
1272 4676 1437 4719 vestra
1483 4682 1631 4718 arma
1662 4665 1853 4735 iniqui-

270 4756 396 4809 tatis
455 4763 686 4824 peccato.
742 4756 985 4826 (Arnbr.)
1032 4755 1281 4811 Ostendit
1330 4756 1599 4810 diabolum
1656 4755 1855 4809 nostris

263 4846 464 4917 iaculis
520 4862 617 4901 nos
646 4862 991 4925 expugnare:
1020 4847 1233 4905 occasio
1271 4851 1412 4903 enim
1473 4849 1631 4902 datur
1657 4847 1731 4901 illi
1758 4863 1855 4917 per

272 4947 457 4996 nostra
504 4949 747 5008 peccata,
781 4949 839 4993 ut
866 4939 1145 4994 deserente
1179 4955 1276 4994 nos
1321 4940 1462 5003 Deo;
1498 4948 1717 5009 accepta
1762 4955 1857 5009 po.

274 5036 470 5083 testate
501 5027 688 5081 illudat
713 5037 767 5083 et
794 5028 1083 5083 mortiﬁcet
1110 5044 1226 5083 nos.
1256 5028 1380 5082 Ideo
1407 5028 1647 5082 membra
1670 5038 1856 5083 nostra

274 5124 345 5178 ab
394 5121 540 5176 omni
588 5135 750 5191 Opere
800 5121 1101 5191 iniquitatis
1146 5122 1424 5178 continere
1479 5122 1765 5185 debemus,
1797 5129 1858 5176 ut

276 5213 529 5267 inimicus
562 5221 743 5267 noster
767 5212 988 5275 inermis
1016 5214 1263 5267 inventus
1292 5213 1629 5281 subjiciatur.
1657 5213 1723 5267 Et
1750 5227 1857 5266 non

275 5302 413 5357 dixit
440 5319 451 5353 :
484 5304 733 5358 exhibete
762 5318 985 5371 corpora
1018 5314 1194 5359 vestra
1215 5344 1228 5369 ,
1264 5304 1356 5358 sed
1397 5304 1628 5356 membra
1656 5315 1854 5367 vestra;

279 5395 539 5449 membris
584 5397 723 5449 enim
769 5396 1030 5451 ministris
1071 5404 1302 5458 erratur,
1336 5410 1444 5447 non
1473 5377 1585 5448 toto
1608 5408 1854 5461 corpore.

283 5484 437 5542 Unde
485 5486 731 5554 superius
780 5502 885 5540 non
940 5486 1013 5539 ait
1073 5500 1175 5539 non
1225 5486 1324 5547 sit,
1362 5483 1457 5537 sed
1503 5499 1604 5536 non
1657 5493 1855 5550 regnet,

280 5574 519 5644 quandiu
551 5568 827 5643 peccatum
854 5591 1071 5630 necesse
1096 5585 1178 5629 est
1204 5591 1321 5630 esse
1370 5575 1421 5627 in
1451 5573 1710 5627 membris
1734 5572 1854 5631 tuis,

281 5667 475 5723 saltem
528 5667 600 5719 l‘lli
654 5684 873 5739 regnum
929 5669 1220 5731 auferatur,
1255 5686 1359 5723 non
1392 5668 1484 5721 fiat
1512 5667 1651 5735 quod
1675 5664 1857 5731 jubet;

284 5760 458 5831 surgit
490 5760 589 5826 ira,
620 5760 727 5817 noli
757 5763 884 5819 dare
906 5763 1001 5817 irae
1027 5762 1263 5831 linguam
1304 5761 1371 5816 ad
1406 5754 1859 5825 maledicendum,

1948 1962 2123 2024 negat,
2157 1956 2283 2009 dum
2312 1956 2427 2011 sine
2458 1966 2680 2026 parente
2732 1947 2857 2011 Deo
2897 1972 3016 2011 esse
3049 1972 3105 2011 se
3135 1965 3307 2025 putat.
3343 1956 3525 2026 itaque

1946 2045 2246 2114 ignorantia
2312 2054 2367 2099 et
2406 2047 2575 2114 turpis
2613 2029 2737 2100 vita.
2758 2062 2903 2105 mors
2951 2057 3066 2111 est;
3097 2045 3225 2099 vitia
3256 2061 3378 2100 eum
3422 2046 3524 2101 ista

1946 2143 2172 2190 mortem
2226 2134 2541 2203 acquirunt,
2591 2150 2698 2189 non
2746 2144 2978 2190 mortem
3032 2135 3170 2189 hanc
3212 2150 3333 2204 quae
3382 2149 3524 2187 com-

1947 2225 2125 2278 munis
2174 2233 2257 2279 est
2309 2227 2588 2290 omnibus,
2632 2226 2726 2282 sed
2776 2235 3004 2281 mortem
3049 2228 3337 2296 gehennae,
3390 2226 3529 2280 sicut

1946 2333 2106 2386 supra
2136 2320 2429 2372 memoravi
2458 2335 2472 2383 ;
2506 2327 2564 2373 ut
2594 2319 2829 2390 cognitio
2854 2319 3093 2389 parentis
3122 2319 3235 2383 Dei,
3260 2327 3314 2372 et
3341 2327 3526 2372 sancta

1947 2411 2283 2463 conversatio
2325 2411 2395 2463 sit
2450 2412 2579 2476 vita,
2617 2408 2743 2466 non
2768 2412 2881 2467 haec
2921 2427 3040 2481 quae
3088 2411 3300 2465 occasui
3340 2408 3521 2477 subja-

1948 2489 2054 2561 cet,
2106 2498 2199 2551 sed
2250 2498 2336 2551 illa
2385 2498 2551 2552 futuri
2609 2499 2807 2564 saeculi,
2860 2515 2979 2569 qua”:
3032 2507 3253 2555 vocatur
3297 2508 3520 2553 mterna.

1948 2585 2307 2652 Quamobrem
2352 2589 2582 2642 exhibete
2632 2605 2720 2642 vos
2750 2589 2883 2654 Deo,
2916 2590 3108 2659 inquit,
3140 2605 3300 2658 quem
3334 2604 3531 2660 cogno-

1947 2686 2159 2732 scentes
2210 2678 2512 2747 profecistis
2560 2672 2614 2734 iri
2663 2681 2913 2745 salutem,
2961 2690 3020 2735 ut
3068 2681 3360 2737 inhonesta
3407 2682 3530 2737 vitae

1949 2769 2343 2834 renuntiantes,
2365 2771 2557 2825 essetis
2579 2785 2645 2825 ex
2672 2772 2898 2827 mortuis
2925 2773 3182 2828 viventes.
3216 2773 3283 2825 Et
3302 2775 3529 2827 membra

1949 2868 2117 2910 vestra
2162 2876 2310 2912 arma
2345 2860 2569 2929 justitite
2618 2861 2747 2915 Deo.
2782 2861 2951 2916 Tanta
2981 2878 3079 2919 nos
3110 2863 3373 2918 modestia
3398 2880 3525 2918 eon-

1953 2949 2314 3006 versationem
2338 2960 2575 3005 nostram
2604 2952 2717 3007 vult
2740 2954 3059 3023 gubernare,
3084 2964 3143 3011 ut
3179 2963 3331 3011 actus
3360 2958 3532 3010 nostri

1948 3033 2172 3111 justitia:
2224 3043 2315 3097 Dei
2373 3044 2763 3114 proﬁcientes,
2815 3061 2922 3102 non
2971 3048 3257 3101 mundanae
3309 3047 3534 3115 justitiaz

1954 3128 2099 3199 (quia
2130 3132 2313 3187 mundi
2343 3131 2553 3201 justitia
2584 3135 2701 3189 sine
2744 3134 2848 3189 ﬁde
2890 3143 2972 3190 est
3015 3135 3236 3201 Christi,
3279 3137 3395 3191 sine
3425 3152 3530 3207 qua

1954 3234 2060 3274 non
2106 3221 2237 3285 vita,
2266 3222 2359 3277 sed
2383 3238 2531 3278 mors
2557 3223 2693 3296 est),
2726 3240 2877 3283 arma
2895 3227 3197 3295 praebemus
3229 3227 3304 3281 illi
3340 3230 3407 3283 ad
3436 3230 3530 3283 de-

1950 3310 2244 3368 fendendos
2271 3329 2388 3379 nos,
2412 3315 2497 3370 cui
2526 3330 2648 3370 eum
2676 3331 2827 3371 arma
2856 3332 2951 3387 per
2972 3333 3134 3387 opera
3162 3319 3301 3373 bona
3331 3322 3532 3389 prarbe-

1950 3417 2090 3466 mus,
2115 3402 2301 3470 dignos
2326 3418 2423 3459 nos
2451 3403 2677 3460 facimus
2706 3405 2947 3475 adjuvari
2968 3410 3034 3462 ab
3062 3424 3144 3475 ea,
3175 3410 3300 3479 quia
3323 3408 3534 3477 justitia

1950 3492 2047 3547 Dei
2076 3493 2324 3565 indignos
2354 3494 2602 3565 despicit.
2655 3494 2754 3552 Ubi
2781 3498 2925 3553 enim
2956 3499 3165 3568 justitia
3222 3500 3313 3553 Dei
3343 3499 3529 3564 fuerit,

1949 3582 2026 3638 ibi
2052 3584 2258 3639 habitat
2282 3582 2515 3655 Spiritus
2550 3596 2770 3643 sanctus
2808 3588 2875 3644 ad
2907 3589 3261 3659 adjuvandam
3292 3590 3533 3645 imbecil-

1950 3669 2159 3730 litatem
2212 3680 2488 3740 nostram;
2520 3676 2661 3731 sicut
2699 3672 2847 3733 enim
2888 3688 3111 3748 peccato
3152 3696 3302 3734 arma
3332 3683 3532 3750 prtebe-

1953 3778 2092 3827 mus,
2126 3779 2249 3818 cum
2298 3764 2436 3821 male
2460 3767 2668 3836 agimus
2697 3786 2710 3820 :
2742 3769 2817 3823 ita
2861 3776 2915 3824 et
2954 3770 3195 3839 justitite,
3240 3786 3360 3825 cum
3390 3780 3534 3826 recte

1952 3868 2255 3921 versamur,
2280 3857 2525 3911 membra
2551 3866 2738 3915 nostra
2763 3860 3125 3916 custodientes
3145 3862 3213 3917 ab
3243 3862 3389 3916 omni
3418 3872 3530 3917 tur-
3614 3864 3619 3869 ’

1950 3946 2215 4019 pitudine.
2270 3946 2489 4021 (0rig.)
2535 3949 2748 4006 Intuere
2796 3966 2893 4021 per
2950 3954 3159 4023 singula
3210 3955 3528 4025 sapientiam

1952 4036 2125 4103 Pauli,
2158 4039 2281 4107 quia
2321 4041 2640 4097 necessariis
2674 4042 3159 4113 discrepationibus
3201 4045 3387 4098 utitur.
3430 4044 3533 4101 Ubi

1955 4127 2085 4182 dicit
2107 4143 2255 4182 arma
2312 4144 2420 4183 non
2460 4146 2579 4185 esse
2625 4132 2910 4203 praebenda
2944 4142 3167 4204 peccato
3209 4134 3290 4187 vel
3336 4135 3535 4203 iniqui—

1955 4219 2076 4284 tati,
2108 4234 2213 4273 non
2237 4234 2353 4286 nos,
2381 4220 2474 4275 sed
2505 4222 2745 4275 membra
2785 4229 2968 4276 nostra
3012 4223 3161 4291 ponit
3190 4236 3203 4275 :
3235 4223 3324 4277 ubi
3352 4232 3529 4277 autem

1958 4308 2148 4362 suadet
2170 4320 2231 4361 ut
2264 4309 2375 4363 Deo
2404 4324 2502 4364 nos
2527 4310 2896 4375 exhibeamus,
2923 4327 3029 4368 non
3058 4323 3237 4367 autem
3267 4313 3529 4378 membra,

1956 4397 2082 4467 quia
2126 4413 2225 4452 nos
2272 4398 2415 4468 ipsos
2444 4400 2701 4455 exhibere
2725 4400 2841 4454 vult
2869 4400 2999 4465 Deo,
3027 4403 3127 4456 hoc
3167 4411 3269 4465 est,
3302 4402 3535 4458 animam

1956 4486 2043 4540 vel
2085 4488 2419 4557 propositum
2448 4498 2713 4555 nostrum,
2746 4500 2805 4545 ut
2854 4506 2973 4546 cum
3004 4492 3120 4562 pios
3167 4492 3411 4561 nosipsos
3444 4509 3538 4549 ex-

1956 4576 2311 4651 hibuerimus
2345 4579 2488 4645 Deo,
2534 4588 2588 4635 et
2636 4580 3021 4635 adhaeserimus
3078 4581 3160 4645 ei,
3193 4583 3267 4635 ita
3323 4583 3537 4637 demum

1960 4668 2123 4722 etiam
2149 4666 2392 4721 membra
2420 4676 2605 4721 nostra
2638 4666 2934 4724 efﬁciamus
2965 4686 3115 4724 arma
3145 4670 3369 4740 justitite
3405 4671 3532 4740 Deo.

1962 4756 2029 4809 Et
2066 4758 2109 4811 si
2141 4757 2352 4826 peccati
2387 4758 2879 4829 concupiscentiam
2918 4760 3301 4817 mortiﬁcemus
3336 4763 3388 4816 in
3419 4779 3539 4818 cor-

1961 4863 2091 4914 pore
2128 4856 2312 4903 nostro
2363 4850 2607 4916 mortali,
2654 4860 2709 4905 et
2752 4853 2805 4904 in
2850 4866 3013 4920 opere
3056 4852 3277 4921 justitia:
3336 4853 3542 4909 labore-

1964 4954 2123 5003 mus,
2199 4950 2358 5010 atque
2424 4943 2672 4997 omnibus
2740 4945 2941 5000 nostris
2999 4946 3257 5001 membris
3315 4946 3538 5015 justititc

1964 5031 2359 5097 ministremus,
2412 5031 2673 5086 efﬁcimur
2734 5044 2992 5103 tanquam
3066 5049 3131 5089 ex
3188 5037 3413 5089 mortuis
3458 5036 3540 5087 vi—

1963 5128 2166 5183 ventes,
2206 5128 2425 5189 peccato
2481 5122 2686 5177 scilicet
2741 5124 2936 5177 mortui
2992 5132 3047 5178 et
3082 5123 3304 5193 justitim
3358 5125 3541 5178 viven-

1964 5221 2061 5275 tes,
2114 5219 2169 5265 et
2220 5221 2615 5281 consequenter
2665 5214 2827 5267 etiam
2873 5215 3111 5268 membra
3168 5223 3351 5267 nostra
3410 5214 3541 5267 ﬁunt

1963 5317 2113 5355 arma
2155 5302 2377 5371 justitize
2416 5302 2544 5355 Deo.
2578 5301 2720 5357 Bene
2749 5312 2929 5367 autem
2975 5305 3346 5374 metaphoram
3386 5320 3543 5375 supc-

1964 5390 2075 5444 rius
2124 5392 2450 5461 propositam
2481 5394 2797 5458 eustodivit,
2831 5403 2888 5447 ut
2944 5394 3069 5465 quia
3106 5409 3330 5464 regnare
3388 5394 3537 5449 dixe—

1966 5495 2049 5539 rat
2083 5492 2362 5552 peccatum
2384 5525 2396 5548 ,
2434 5500 2584 5539 arma
2615 5486 2820 5555 peccati
2851 5486 3091 5543 membra
3125 5487 3445 5545 nominaret,
3486 5493 3540 5535 et

1965 5594 2177 5632 rursum
2196 5579 2300 5631 Deo
2315 5579 2426 5646 regi
2454 5594 2601 5631 ai'rna
2616 5578 2837 5645 justitia:
2860 5578 3051 5632 tierent
3072 5578 3313 5631 membra
3334 5583 3535 5628 nostra.

2040 5666 2317 5722 Peccatum
2344 5678 2514 5723 autem
2547 5669 2698 5721 vestri
2719 5670 2836 5737 jam
2870 5686 2973 5722 non
2999 5668 3386 5726 dominabitur,
3441 5678 3547 5714 non

1965 5754 2102 5811 enim
2129 5757 2220 5811 sub
2247 5756 2353 5826 lege
2391 5758 2543 5822 estis,
2579 5757 2665 5811 sed
2696 5757 2787 5812 sub
2824 5757 3015 5830 gratia.
3052 5755 3240 5825 (Aug)
3271 5750 3418 5821 Quod
3456 5764 3551 5809 tua
