3960 6392
404 359 428 414 1
438 360 543 415 599

1007 360 1065 413 Β.
1108 358 1361 414 RABANI
1398 357 1618 415 ΜΑυιιι
1656 356 1975 413 ARCHIEP.
2021 357 2326 414 MOCUNT.
2368 360 2652 418 OPERUM
2686 361 2865 445 PARS
2915 362 3003 418 lll.

3531 368 3556 418 1
3567 366 3676 419 ιιι)

403 486 513 532 tem
542 476 637 540 ait,
662 474 944 530 Peccatum
960 486 1149 529 'autem
1193 477 1246 531 in
1272 477 1412 531 vobis
1444 494 1545 532 non
1581 476 1937 531 dominabitur
1962 490 1980 527 :
2010 482 2063 540 Α
2088 475 2232 545 gigni
2276 489 2496 531 necesse
2547 486 2649 543 est,
2696 479 2788 547 qui
2839 478 3092 547 quoniam
3126 482 3369 534 concreti
3407 493 3516 533 non
3541 494 3675 549 po»-

403 584 507 623 non
526 566 663 622 enim
690 568 811 621 estis
840 567 935 620 sub
958 566 1087 638 lege,
1108 568 1198 622 sed
1220 568 1315 621 sub
1343 569 1534 637 gratia,
1566 569 1753 638 utique
1780 567 1846 623 ad
1874 576 1981 621 ter—

401 658 535 715 tium
552 658 947 729 illum‘gradum
969 662 1219 730 pertinet,
1235 661 1325 715 ubi
1359 662 1521 715 homo
1536 661 1646 731 jam
1674 667 1853 715 mente
1874 675 1985 714 ser-

399 750 477 804 vit
497 749 602 819 legi
627 747 744 816 Dei,
775 752 1023 821 quamvis
1053 766 1216 806 carne
1251 753 1453 806 serviat
1476 751 1579 822 legi
1608 750 1838 821 peccati.
1864 749 1982 805 Non

397 840 545 897 enim
555 839 779 896 obaudit
793 841 1059 897 desiderio
1072 832 1278 912 peCcati
1288 882 1302 906 ,
1322 842 1568 910 quamvis
1583 841 1649 895 ad
1673 841 1776 895 hoc
1789 839 1983 894 sollici-

398 938 518 985 tent
544 932 1017 1000 concupiscentiae.
1046 940 1100 985 et
1128 940 1423 1002 provocent
1449 932 1517 985 ad
1546 931 1977 994 consensionem,

358 1030 361 1031 '
395 1021 570 1078 donec
589 1020 893 1076 vivificetur
908 1022 1069 1077 etiam
1091 1038 1308 1092 corpus,
1324 1021 1745 1076 etabsorbeatur
1761 1037 1908 1076 mors
1924 1023 1978 1075 in

393 1113 621 1171 victoria
651 1113 701 1183 (Ι
728 1113 852 1190 Cor.
886 1114 997 1186 xv).
1022 1113 1157 1182 Quia
1190 1128 1318 1184 ergo
1349 1125 1454 1166 non
1485 1115 1861 1168 consentimus
1886 1112 1980 1167 de—

394 1204 610 1259 sideriis
630 1206 834 1275 pravis,
862 1205 912 1260 in
935 1205 1107 1276 gratia
1131 1219 1341 1268 sumus,
1365 1212 1421 1259 et
1443 1220 1547 1271 non
1572 1212 1763 1274 regnat
1788 1218 1979 1274 pecca-

398 1304 509 1348 tum
538 1296 592 1349 in
614 1311 841 1366 corpore
860 1306 1046 1350 nostro
1072 1296 1321 1362 mortali;
1347 1306 1402 1352 et
1419 1297 1639 1352 omnino
1661 1312 1727 1351 ex
1752 1297 1841 1349 illo
1860 1296 1977 1349 loco

392 1383 482 1438 ubi
510 1386 584 1438 ait
614 1404 626 1438 :
655 1385 757 1451 Qui
784 1387 975 1439 mortui
1003 1402 1185 1439 sumus
1211 1397 1444 1457 peccato,
1468 1387 1727 1456 quomodo
1754 1388 1975 1439 vivemus

390 1475 447 1526 in
476 1476 575 1528 eo?
599 1490 720 1530 eum
743 1477 1031 1542 describit,
1056 1480 1146 1547 qui
1180 1487 1264 1532 est
1289 1477 1388 1531 sub
1421 1478 1592 1546 gratia
1627 1477 1973 1531 constitutus.

392 1560 493 1617 Cui
538 1572 718 1618 autem
768 1566 1077 1620 dominatur
1123 1574 1427 1635 peccatum,
1466 1564 1712 1633 quamvis
1754 1574 1977 1632 peccato

393 1655 633 1719 resistat,
664 1656 837 1710 adhuc
871 1658 970 1712 sub
995 1656 1111 1725 lege
1139 1665 1239 1719 est,
1267 1671 1372 1710 non
1397 1656 1497 1710 sub
1522 1657 1714 1725 gratia.
1750 1655 1975 1724 (Ambr.)

393 1740 449 1796 Si
502 1745 795 1798 secundum
846 1757 1114 1815 praecepta
1145 1761 1264 1814 qua:
1313 1744 1422 1808 dat,
1466 1744 1820 1808 ambulemus,
1853 1757 1978 1812 pec-

2087 574 2213 621 sunt
2241 582 2347 620 non
2372 568 2529 639 egeri
2550 578 2712 637 atque
2737 571 2804 624 ab
2832 570 3004 639 ipsius
3032 578 3241 625 natura:
3272 571 3393 643 lege
3417 561 3674 641 propelli;

2085 655 2186 708 sub
2214 656 2497 710 occasione
2529 657 2897 727 cujuscunque
2940 660 3181 728 pruritus
3206 670 3372 731 atque
3402 660 3681 717 illusionil

2083 758 2409 818 emergunt:
2446 765 2698 804 escarum
2744 767 2870 806 vero
2900 753 3148 808 satietate
3175 754 3486 821 subtracta,
3529 770 3675 812 con-

2084 852 2316 907 sequens
2345 847 2430 894 est
2462 839 2581 896 illas
2610 857 2822 911 quoque
2866 843 3171 898 innnundas
3205 830 3507 915 egeStiones
3545 855 3677 898 tar-

2084 928 2203 982 dius
2251 930 2529 995 generari,
2563 938 2617 984 et
2650 932 2725 985 ita
2759 930 2847 996 fit,
2895 942 2955 986 ut
2992 934 3445 1005 quemadmodum
3490 934 3679 988 ﬂuxus

2080 1031 2288 1081 earum,
2332 1017 2405 1071 ita
2436 1018 2599 1071 etiam
2648 1018 2823 1073 illusio
2852 1020 3181 1075 dormientes
3209 1021 3289 1076 vel
3320 1023 3497 1076 rarius
3519 1063 3534 1087 ,
3576 1019 3674 1073 vel

2080 1108 2330 1165 subtilius
2360 1110 2638 1178 inquietat,
2689 1113 2815 1181 quia
2860 1127 2965 1164 non
3009 1111 3182 1165 solum
3206 1115 3413 1182 egestio
3441 1128 3507 1166 ex
3531 1113 3678 1166 ima-

2080 1201 2383 1268 ginatione,
2426 1201 2521 1254 sed
2574 1201 2886 1271 imaginatio
2934 1216 2999 1255 ex
3052 1202 3346 1272 egestionis
3388 1201 3675 1257 nimietate

2080 1292 2377 1347 descendit.
2437 1294 2777 1363 Quapropter
2822 1294 2867 1348 si
2922 1293 3166 1348 volumus
3226 1294 3295 1348 ab
3357 1293 3671 1347 illusionum

2081 1385 2306 1439 istarum
2349 1384 2617 1440 illecebris
2667 1385 3088 1447 liberari,omni
3135 1386 3335 1440 virtute
3383 1384 3537 1439 nobis
3582 1394 3675 1437 est

2081 1476 2391 1529 enitendum
2421 1496 2431 1529 :
2462 1476 2801 1545 primumyut
2829 1476 3199 1530 fornicationis
3228 1476 3483 1545 passione
3511 1472 3671 1529 devi-

2083 1574 2165 1641 cta
2190 1567 2343 1636 juxta
2370 1569 2587 1621 beatum
2612 1568 2949 1637 Apostolum,
2986 1585 3088 1621 non
3118 1578 3287 1636 regnet
3313 1576 3581 1637 peccatum
3612 1565 3671 1617 in

2084 1670 2258 1712 nostro
2295 1660 2505 1711 mortali
2534 1677 2769 1727 car-pore,
2813 1660 2880 1711 ad
2916 1659 3256 1711 obediendum
3300 1656 3673 1724 concupiscen-

2083 1751 2170 1803 tiis
2196 1750 2343 1819 ejus;
2372 1752 2629 1814 seCundo,
2664 1759 2723 1803 ut
2756 1752 2871 1818 ipso
2897 1763 3109 1818 quoque
3136 1749 3451 1802 illecebroso
3479 1760 3672 1815 corpo-

390 1840 571 1885 catum
622 1834 776 1887 nobis
819 1835 950 1889 dicit
988 1850 1093 1889 non
1146 1848 1305 1904 posse
1352 1824 1645 1897 dominari;
1696 1833 1780 1885 his
1812 1834 1976 1886 enim
2012 1828 2059 1888 B
2089 1842 2163 1894 ris
2187 1850 2335 1894 motu
2364 1841 2551 1895 sedato
2576 1840 2790 1908 penitus
2820 1854 2886 1893 ac
2930 1838 3125 1908 sopito,
3153 1854 3486 1909 nequaquam
3522 1836 3674 1891 exhi-

391 1922 730 1990 dominatur,
774 1925 864 1991 qui
911 1934 1155 1993 peccant.
1201 1923 1319 1978 Non
1360 1932 1539 1978 autem
1584 1926 1656 1976 ita
1698 1920 1979 1975 ambulan—

391 2022 501 2078 tes,
540 2023 599 2068 ut
627 2016 901 2085 praecipit,
932 2016 1031 2070 sub
1056 2015 1172 2085 lege
1209 2031 1398 2070 sumus
1435 2030 1448 2068 :
1482 2015 1527 2069 si
1552 2028 1681 2068 vero
1713 2028 1818 2066 non
1850 2025 1977 2080 pec-

390 2119 608 2170 cemus,
663 2122 769 2162 non
818 2122 1005 2161 sumus
1046 2108 1145 2161 sub
1188 2106 1341 2177 lege,
1388 2105 1481 2160 sed
1532 2105 1632 2159 sub
1670 2104 1861 2174 gratia.
1920 2100 1979 2155 Si

390 2206 571 2251 autem
612 2213 934 2267 peccemus,
989 2199 1254 2253 vcrtinmr
1302 2200 1402 2253 sub
1455 2199 1603 2268 lege,
1651 2208 1705 2251 et
1761 2196 1979 2266 incipiet

389 2289 563 2343 nostri
602 2290 864 2343 dominari
903 2301 1217 2359 peccatum,
1250 2291 1376 2359 quia
1401 2291 1490 2359 qui
1528 2290 1654 2357 facit
1689 2298 1973 2356 peccatum,

391 2396 566 2433 servus
607 2391 680 2432 est
716 2381 917 2449 peccati
952 2394 971 2431 .’
1013 2388 1067 2433 et
1112 2395 1333 2451 necesse
1372 2388 1456 2432 est
1502 2386 1559 2431 ut
1594 2379 1665 2432 sit
1702 2377 1799 2431 sub
1840 2376 1975 2445 lege,

390 2469 629 2538 quandiu
668 2470 895 2525 remissa
944 2485 1051 2523 non
1092 2470 1323 2539 accipit;
1365 2477 1646 2538 peccatum
1691 2469 1837 2521 enim
1878 2482 1977 2519 au—

390 2561 642 2616 ctoritate
687 2562 820 2632 legis
861 2577 1010 2615 reum
1060 2561 1192 2615 facit
1234 2570 1606 2631 peccatorem,
1650 2575 1715 2630 ac
1751 2557 1849 2629 per
1876 2558 1981 2611 hoc

390 2656 475 2709 cui
505 2655 629 2710 data
662 2656 914 2711 remissio
942 2663 1058 2718 est,
1096 2663 1151 2710 et
1197 2656 1433 2710 custodit
1462 2670 1519 2709 se
1540 2696 1553 2719 ,
1594 2668 1663 2707 ne
1689 2653 1755 2707 de
1783 2660 1979 2706 caetero

392 2742 614 2813 peccet,
645 2760 821 2814 neque
849 2755 1129 2815 peccatum
1171 2746 1220 2799 ei
1251 2744 1645 2806 dominabitur,
1677 2755 1851 2811 neque
1879 2740 1978 2794 sub

389 2836 505 2906 lege
548 2845 650 2890 est.
690 2836 877 2891 Cessat
918 2836 1063 2891 enim
1115 2836 1261 2890 circa
1307 2849 1430 2889 eum
1475 2833 1773 2887 auctoritas
1824 2830 1978 2902 legis,

390 2928 482 2997 qui
501 2928 762 2984 liberatus
790 2937 875 2984 est
895 2944 923 2983 a
955 2939 1200 2998 peccato,
1230 2942 1366 2997 quos
1390 2926 1534 2980 enim
1556 2941 1676 2980 reos
1698 2933 1845 2979 tenet
1870 2923 1978 2987 lex,

392 3020 575 3074 traditi
610 3028 737 3074 sunt
758 3019 844 3088 illi
888 3037 918 3073 a
959 3028 1199 3089 peccato.
1226 3016 1327 3084 Qui
1370 3031 1499 3088 ergo
1523 3016 1759 3086 peccatis
1788 3022 1981 3069 exutus

391 3121 505 3178 est,
535 3127 641 3167 non
678 3100 858 3181 potest
888 3126 1008 3167 esse
1041 3110 1141 3166 sub
1178 3110 1315 3181 lege.
1350 3108 1557 3180 (Orig).
1585 3108 1760 3162 Etiam
1790 3106 1878 3161 hic
1902 3105 1983 3158 in-

2089 1930 2298 1983 bemnus
2347 1930 2575 1983 membra
2622 1938 2822 1994 nostra,
2871 1946 3020 1982 arma
3075 1929 3365 1998 iniquitatis
3417 1937 3670 1996 peccato;

2087 2022 2270 2085 tertio,
2303 2029 2365 2075 ut
2390 2022 2886 2091 interiore’quoque
2914 2021 3131 2075 homine
3173 2029 3359 2073 nostro
3384 2020 3452 2073 ab
3484 2018 3569 2072 illa
3600 2018 3670 2071 li-

2084 2111 2282 2166 bidinis
2311 2111 2613 2166 titillatione
2637 2111 2964 2172 omnimodis
2988 2126 3051 2166 ac
3090 2110 3401 2164 medullitus
3435 2103 3670 2161 mortiﬁ-

2086 2184 2625 2266 cato,.ea:hibeamus
2653 2200 2762 2254 Deo
2816 2216 2908 2254 nos
2954 2209 3205 2268 tanquam
3242 2214 3308 2252 ex
3347 2198 3565 2250 mortuis
3595 2198 3673 2250 ri-

2086 2298 2276 2353 ventes,
2311 2299 2365 2343 et
2413 2288 2483 2341 ita
2521 2302 2619 2357 per
2647 2289 2790 2343 hunc
2818 2285 3119 2358 perfectum
3161 2284 3511 2358 [profectum]
3541 2301 3671 2355 per-

2084 2382 2362 2435 venientes
2380 2380 2447 2434 ad
2463 2387 2778 2450 perpetuam
2799 2379 3035 2449 quietem
3058 2378 3303 2446 corporis
3318 2377 3513 2440 nostri,
3527 2376 3677 2430 exhi-

2086 2474 2296 2528 beamus
2324 2476 2480 2529 etiam
2512 2476 2743 2527 membra
2774 2483 2954 2528 nostra
2986 2485 3135 2528 artua
3162 2473 3275 2543 jam
3300 2487 3407 2526 non
3438 2471 3673 2537 libidini,

2084 2565 2179 2620 sed
2217 2566 2442 2634 justitiw
2472 2566 2601 2619 Deo.
2642 2564 2698 2641 in
2744 2579 2852 2633 qua
2880 2565 3037 2619 nobis
3066 2563 3409 2627 castimoniae
3431 2562 3674 2631 puritate

2085 2653 2343 2719 fundatis,
2376 2663 2654 2725 peccatum
2694 2655 2747 2708 in
2777 2652 2931 2709 nobis
2963 2652 3077 2723 jam
3113 2668 3219 2707 non
3258 2651 3669 2729 dominabitur:

2085 2760 2193 2799 non
2228 2746 2370 2801 enim
2402 2762 2588 2801 sumus
2623 2748 2722 2800 sub
2753 2745 2903 2815 lege,
2956 2760 3078 2815 qua:
3103 2745 3229 2809 dum
3270 2745 3418 2799 licita
3449 2744 3671 2815 nuptia-

2086 2854 2204 2892 rum
2240 2838 2364 2907 jura
2400 2838 2763 2903 commendat,
2795 2838 2959 2892 etiam
3001 2837 3149 2891 illum
3179 2835 3333 2905 cujus
3362 2837 3672 2907 ministerio

2084 2944 2218 2998 opus
2240 2929 2441 2985 illicitas
2468 2929 2841 3007 fornicationis
2866 2928 3134 2998 expletur,
3158 2929 3212 2981 in
3240 2929 3443 2983 nostris
3464 2928 3673 2983 medul.

2086 3021 2152 3075 lis
2182 3021 2354 3075 nutrit
2384 3036 2447 3075 ac
2491 3028 2731 3076 reservat
2760 3022 3027 3085 ardorem,
3060 3022 3155 3076 sed
3204 3022 3304 3075 sub
3334 3022 3509 3092 gratia
3550 3035 3674 3091 qua

2087 3110 2214 3165 dum
2274 3112 2731 3181 incorruptionem
2781 3111 3106 3182 virginitatis
3158 3112 3444 3177 insinuat,
3503 3113 3669 3166 etiam

392 3214 544 3260 tuere
569 3205 766 3259 miram
792 3204 845 3258 in
866 3202 1109 3273 Apostoli
1133 3215 1381 3256 sermone
1402 3200 1517 3267 ejus
1536 3198 1825 3253 cautelam.
1847 3196 1982 3250 Cum
2011 3184 2056 3244 C
2091 3200 2249 3255 istum
2285 3202 2572 3257 innoxium
2602 3217 2667 3256 ac
2708 3202 3007 3271 simplicem
3036 3203 3281 3271 corporis
3327 3210 3536 3257 motum
3556 3242 3572 3267 ,
3614 3208 3672 3256 et

394 3303 462 3353 de
482 3299 640 3355 nobis
664 3299 1108 3369 loquitur,dicit:
1134 3294 1418 3351 Peccatum
1436 3290 1586 3349 vobis
1612 3309 1714 3345 non
1741 3290 1983 3344 domina-

394 3393 571 3456 bitur;
599 3407 720 3447 cum
754 3392 820 3446 de
852 3389 1131 3444 Salvatore
1159 3388 1489 3459 loqueretur,
1520 3399 1627 3439 non
1666 3381 1818 3443 dixit,
1850 3394 1978 3449 pec-

393 3464 581 3537 catum
596 3482 645 3535 ei
672 3496 777 3535 non
804 3480 1169 3535 dominabitur
1198 3479 1395 3549 (neque
1418 3476 1562 3531 enim
1586 3475 1660 3528 ita
1687 3472 1754 3527 de
1784 3484 1848 3525 eo
1874 3468 1981 3525 dici

334 3562 341 3572 .
395 3572 676 3645 decebat);
709 3574 801 3628 sed
838 3573 931 3637 ait,
960 3553 1176 3645 mors'ei
1230 3570 1371 3623 ultra
1422 3583 1523 3620 non
1572 3561 1980 3617 dominabitur:

395 3663 588 3718 mortis
618 3663 763 3717 enim
794 3662 848 3716 in
878 3676 944 3717 eo
970 3661 1070 3714 fuit
1094 3660 1265 3723 locus,
1296 3658 1505 3727 peccati
1536 3653 1735 3711 nullus.
1764 3653 1835 3706 At
1854 3665 1984 3705 con~

400 3761 479 3807 tra
504 3752 570 3805 de
594 3752 746 3807 nobis
762 3746 871 3809 nec
894 3750 1251 3806 conveniebat
1287 3748 1392 3803 dici
1442 3766 1455 3801 :
1499 3762 1647 3801 mors
1676 3743 1831 3830 vobis
1874 3756 1983 3796 non

398 3842 786 3907 dominabitur,
832 3842 936 3896 hoc
978 3842 1122 3917 enim
1157 3854 1349 3895 cavere
1390 3851 1497 3891 non
1537 3829 1847 3907 possumus,
1889 3829 1982 3885 sed

398 3943 668 4003 peccatum
705 3933 846 3987 vobis
886 3949 990 3986 non
1034 3930 1420 3993 dominabitur;
1466 3926 1612 3997 quod
1662 3926 1779 3981 sine
1822 3922 1985 3977 dubio

401 4024 566 4079 sciret
599 4024 773 4077 vitare
798 4037 898 4077 nos
924 4035 1104 4091 posse,
1136 4020 1433 4075 secundum
1474 4032 1539 4073 ea
1585 4030 1706 4087 quae
1735 4011 1985 4084 superius

402 4116 664 4180 diximus,
695 4116 740 4170 si
766 4114 1156 4170 mortiﬂcemus
1184 4110 1654 4182 concupiscentias
1693 4107 1894 4171 carnis,
1928 4105 1984 4159 in

400 4205 597 4273 quibus
638 4213 920 4275 peccatum
946 4212 1158 4273 poterat
1188 4202 1474 4257 dominari.
1516 4192 1806 4271 Pmpterea
1840 4196 1983 4253 enim

402 4295 700 4365 subiungit,
726 4313 831 4349 non
850 4297 986 4349 enim
1021 4295 1116 4349 sub
1153 4296 1260 4364 lege
1291 4295 1434 4359 estis,
1462 4296 1553 4348 sed
1579 4294 1672 4346 sub
1701 4292 1872 4362 gratia
1890 4332 1905 4356 ,
1931 4298 1988 4345 et

402 4386 685 4448 evidenter
705 4385 940 4441 ostendit
964 4400 1031 4439 ex
1056 4385 1169 4450 his,
1196 4400 1298 4439 nos
1322 4400 1431 4439 non
1466 4400 1589 4440 esse
1616 4384 1717 4439 sub
1744 4384 1859 4453 lege
1895 4382 1986 4435 illa

403 4492 565 4547 quam
588 4477 649 4543 jn
678 4476 936 4531 membris
962 4476 1189 4545 positam
1222 4491 1521 4546 repugnare
1546 4475 1677 4529 dicit
1704 4474 1808 4543 legi
1830 4488 1984 4528 men-

2088 3288 2257 3356 ipsius
2285 3304 2498 3359 quoque
2526 3290 2658 3344 liciti
2690 3290 2865 3345 coitus
2891 3291 3151 3345 interimit
3180 3290 3533 3361 voluptatem.

2159 3378 2299 3443 Quid
2314 3380 2473 3447 ergo?
2492 3396 2642 3449 pecco
2651 3380 2817 3434 bimus
2834 3422 2849 3447 ,
2870 3382 2997 3451 quia
3012 3398 3116 3435 non
3129 3398 3312 3435 sumus
3325 3383 3422 3435 sub
3435 3382 3564 3452 lege,
3579 3383 3670 3437 sed

2085 3470 2179 3523 sub
2208 3472 2419 3539 gratia?
2448 3471 2613 3526 Absit.
2631 3472 2866 3545 (Arnim)
2883 3473 3257 3541 Quoniam-lex
3284 3489 3316 3527 a
3341 3475 3453 3528 Deo
3473 3484 3576 3537 est,
3605 3488 3673 3528 ac

2087 3573 2182 3627 per
2208 3558 2310 3613 hoc
2339 3575 2407 3613 ne
2434 3558 2572 3615 forte
2591 3547 2972 3631 opponeretur,
3000 3562 3111 3631 ipse
3138 3562 3241 3616 sibi
3272 3563 3585 3631 proposuit:
3611 3561 3671 3619 Si

2048 3696 2051 3697 ν
2085 3665 2152 3705 ex
2166 3649 2276 3705 Deo
2291 3660 2392 3714 est,
2406 3651 2602 3720 inquit,
2622 3652 2730 3716 lex,
2747 3668 2851 3729 cur
2863 3668 2970 3707 non
2986 3653 3243 3708 debemus
3266 3668 3387 3725 esse
3407 3653 3508 3706 sub
3526 3651 3673 3721 lege?

2087 3739 2201 3795 Hoc
2230 3748 2459 3810 purgat,
2497 3756 2561 3795 ac
2598 3742 2757 3797 docet
2794 3758 2919 3797 cum
2944 3742 3040 3797 Dei
3069 3742 3377 3806 voluntate,
3406 3742 3497 3812 qui
3539 3741 3674 3810 legis

2088 3841 2278 3903 auctor
2301 3841 2405 3897 est,
2422 3848 2451 3886 a
2475 3831 2692 3889 Christo
2713 3848 2811 3889 nos
2832 3833 3089 3889 liberatos
3113 3833 3179 3887 de
3201 3831 3301 3887 sub
3324 3832 3462 3903 lege,
3483 3847 3673 3902 quam-

2087 3923 2169 3977 vis
2212 3924 2355 3977 enim
2397 3932 2544 3979 recte
2579 3923 2714 3978 data
2759 3924 2830 3978 sit
2871 3923 2959 3978 lex
3000 3923 3148 3995 (data
3196 3930 3279 3977 est
3314 3922 3495 3985 enim,
3531 3932 3593 3975 ut
3619 3930 3677 3976 et

2090 4028 2212 4067 reos
2252 4013 2561 4069 ostenderet
2601 4012 2743 4082 apud
2770 4012 2969 4075 Deum,
3011 4012 3102 4081 qui
3142 4008 3508 4080 peccaverunt
3549 4020 3675 4067 ante

2089 4102 2283 4173 legem,
2301 4099 2355 4158 et
2380 4104 2563 4157 timori
2584 4104 2826 4167 esset,ut
2848 4102 2915 4157 de
2938 4091 3134 4156 caetero
3157 4117 3265 4155 non
3288 4102 3630 4173 peccaretur)
3654 4120 3669 4156 :

2089 4195 2183 4249 sed
2211 4194 2336 4262 quia
2377 4192 2744 4247 imbecillitate
2774 4192 3104 4247 infirmitatis
3132 4208 3241 4248 suae
3269 4206 3443 4263 genus
3478 4193 3672 4251 huma-

2089 4300 2217 4339 num
2249 4299 2280 4338 a
2310 4284 2546 4353 peccatis
2576 4298 2635 4337 se
2669 4283 2911 4337 inhibere
2963 4296 3068 4336 non
3092 4282 3286 4350 potuit,
3332 4281 3537 4336 facmm
3579 4283 3675 4337 ob-

2090 4376 2312 4429 noxium
2340 4374 2528 4429 mortis
2552 4372 2779 4438 inferni;
2804 4372 3137 4440 motusDeus
3149 4372 3351 4440 pietate
3378 4371 3674 4439 clementiae

2091 4456 2223 4533 suae,
2234 4482 2341 4536 qua
2361 4473 2572 4535 semper
2585 4466 2823 4520 humano
2844 4464 3025 4535 generi
3048 4463 3318 4527 subvenit,
3333 4463 3569 4532 providit
3582 4477 3674 4532 per

406 4532 497 4631 tis,
529 4566 655 4635 quia
710 4567 801 4636 qui
860 4532 1149 4621 mortiﬁcat
1185 4532 1424 4621 membra
1477 4581 1594 4629 sua,
1651 4532 1860 4618 certum
1903 4573 1986 4618 est
2010 4532 2065 4591 D
2090 4557 2509 4627 Christum,qua
2530 4557 2739 4609 ratione
2754 4551 3183 4624 desperatisjatn
3204 4551 3668 4615 dareturmedela,

403 4658 549 4729 quod
579 4674 686 4713 non
717 4658 789 4713 sit
814 4658 917 4713 sub
960 4657 1076 4729 lege
1107 4660 1473 4713 membrorum
1492 4698 1507 4723 ,
1545 4657 1640 4711 sed
1669 4655 1771 4726 sub
1813 4656 1985 4724 gratia

404 4746 521 4803 Dei.
548 4747 625 4802 De
636 4748 741 4801 hac
768 4748 886 4818 lege
907 4757 963 4802 et
987 4748 1115 4805 alibi
1132 4748 1283 4812 dicit,
1304 4749 1447 4817 quia,
1479 4747 1639 4801 virtus
1653 4746 1853 4812 peccati
1880 4743 1984 4798 lex.

406 4837 466 4894 Si
491 4841 614 4909 quis
643 4855 769 4893 vero
798 4839 923 4893 velit
966 4840 1082 4895 haec
1125 4840 1369 4909 accipere
1396 4842 1462 4894 de
1483 4837 1816 4909 legeMoysi,
1859 4836 1986 4891 illud

406 4929 525 4983 sine
550 4928 712 4983 dubio
757 4929 920 4995 dicet,
949 4929 1091 4997 quod
1137 4944 1241 4983 non
1276 4944 1463 4984 sumus
1505 4928 1604 4983 sub
1648 4928 1763 4998 lege
1791 4926 1985 4981 litterae
2017 4937 2019 4939 ‘

408 5035 529 5089 quae
566 5011 809 5083 Occidit,
860 5020 954 5074 sed
998 5019 1102 5075 sub
1134 5020 1275 5091 'lege
1327 5021 1550 5089 spiritus
1595 5020 1687 5089 qui
1726 5018 1986 5083 vivificat,

409 5124 570 5178 quam
611 5108 699 5163 hic
738 5109 969 5178 gratiam
997 5108 1315 5163 nominavit.
1355 5107 1599 5180 (ΤΙιεοη.)
1628 5108 1695 5162 Ut
1723 5123 1853 5180 ergo
1892 5108 1992 5162 fal-

411 5199 497 5254 lax
542 5199 855 5270 imaginatio
886 5199 1240 5264 somniorum,
1263 5199 1487 5255 illectrix
1514 5188 1803 5269 egestionis
1825 5200 1996 5269 impu-

413 5305 509 5356 rae,
530 5288 614 5344 vel
642 5290 695 5345 in
722 5301 1062 5360 perpetuum,
1084 5290 1168 5344 vel
1195 5300 1340 5344 certe
1372 5290 1453 5359 (ut
1481 5290 1773 5344 secundum
1812 5289 1995 5343 humi-‘-

412 5382 600 5437 liorem
628 5382 741 5436 sive
763 5376 1103 5437 communem
1126 5381 1352 5436 dixerim
1377 5380 1595 5449 statum)
1619 5381 1781 5437 certis
1803 5378 1997 5432 mensi-

410 5474 515 5529 bus
534 5476 840 5543 ignoretur,
871 5481 995 5543 post
1017 5473 1163 5528 illam
1194 5473 1351 5527 fidem
1408 5461 1515 5541 qua
1543 5471 1609 5526 de
1632 5470 1726 5525 Dei
1747 5469 1994 5538 speciali-

412 5577 495 5621 ter
522 5569 693 5638 gratia
716 5567 968 5637 puritatis
1002 5568 1200 5623 donum
1215 5566 1419 5636 jugiter
1440 5581 1660 5636 sperare
1678 5562 1778 5618 nos
1797 5577 1994 5618 conve-

414 5660 513 5720 nit,
543 5673 681 5714 esca:
711 5668 979 5728 potusque
1008 5650 1095 5713 est
1129 5660 1381 5712 nimietas
1420 5654 1753 5725 castiganda,
1800 5654 1992 5706 horum

417 5766 650 5821 namque
677 5752 1033 5807 redundantia
1068 5752 1368 5806 istiusmodi
1393 5749 1648 5803 lnnnorcs
1672 5746 1992 5818 propensius

2088 4659 2148 4718 ut
2178 4649 2494 4723 remissione
2522 4656 2864 4717 peccatorum
2892 4651 3112 4714 accepta
3131 4683 3147 4708 ,
3182 4644 3323 4699 eruti
3356 4658 3388 4696 a
3413 4642 3531 4710 lege
3556 4657 3673 4711 qua:

2090 4741 2208 4795 illos
2220 4740 2451 4795 habebat
2463 4738 2742 4801 obnoxios,
2761 4745 2817 4793 et
2826 4736 3044 4792 relevati
3066 4744 3121 4789 et
3133 4733 3387 4803 reparati,
3403 4733 3517 4786 Deo
3532 4732 3675 4803 adju-

2091 4839 2252 4883 vante
2272 4843 2366 4898 per
2388 4827 2571 4892 fidem,
2596 4825 2743 4881 vitiis
2768 4840 2797 4879 ιι
2819 4824 3015 4895 quibus
3053 4823 3205 4893 prius
3229 4820 3439 4876 subacti
3466 4820 3676 4877 fuerant

2091 4930 2492 4993 repugnarent;
2526 4920 2752 4987 ideoque
2782 4932 2887 4972 non
2934 4915 3277 4985 peccavimus
3302 4912 3461 4983 quasi
3505 4911 3670 4981 legem

2092 5014 2187 5068 Dei
2219 5022 2553 5082 spernentes,
2574 5011 2670 5065 sed
2700 5005 2868 5079 ipsius
2897 5008 3054 5077 quasi
3090 5005 3485 5077 providentiam
3508 5002 3669 5057 sccuti

2094 5120 2281 5161 sumus
2306 5121 2401 5174 per
2430 5104 2723 5159 Christum.
2747 5101 2887 5167 Quid
2917 5099 3081 5169 ergo?
3109 5098 3299 5168 inquit,
3348 5096 3669 5160 peccabimus

2094 5198 2216 5267 quia
2238 5213 2342 5250 non
2367 5212 2548 5249 sumus
2571 5194 2667 5249 sub
2693 5192 2821 5262 lege,
2840 5191 2931 5255 sed
2944 5191 3046 5264 sub~
3061 5191 3231 5260 gratia
3250 5188 3275 5240 Ρ
3296 5186 3464 5240 Absit.
3483 5184 3667 5257 (Orig.)

2036 5290 2045 5291 “
2097 5285 2285 5342 Simile
2346 5285 2559 5339 videtur
2614 5283 2719 5337 hoc
2773 5281 2849 5335 illi
2905 5280 3071 5360 dicto,
3116 5276 3259 5349 quod
3288 5276 3539 5345 superius
3583 5289 3672 5327 ex-

2094 5378 2389 5448 posuimus,
2425 5374 2550 5443 quid
2577 5389 2696 5441 ergo
2723 5372 2983 5436 dicemus,
3012 5366 3431 5437 permanebimus
3459 5366 3513 5418 in
3556 5380 3669 5433 pec-

2096 5480 2233 5533 cato,
2258 5479 2320 5521 ut
2351 5467 2521 5537 gratia
2548 5462 2813 5519 abundet?
2837 5461 3002 5515 Absit.
3035 5460 3104 5513 Et
3128 5459 3248 5513 ideo
3275 5472 3385 5512 una
3414 5465 3575 5525 atque
3589 5470 3672 5509 ea-

2095 5567 2215 5621 dem
2244 5564 2457 5631 utrique
2477 5561 2596 5616 loco
2628 5557 2855 5621 sufliciat
2874 5555 3200 5625 explanatio.
3228 5551 3345 5609 Hoc
3372 5552 3552 5608 solum
3576 5557 3671 5611 est,

2097 5655 2238 5727 quod
2266 5654 2479 5713 videtur
2504 5650 2703 5704 habere
2726 5646 3108 5710 differentiam,
3133 5642 3277 5712 quod
3306 5643 3358 5695 in
3385 5635 3675 5729 superiori:

2096 5724 2198 5799 bus
2211 5742 2428 5805 dicitur,
2442 5739 2569 5810 quid
2581 5754 2701 5809 ergo
2718 5735 3171 5807 ?permanebimus
3187 5732 3240 5809 in
3254 5724 3510 5785 peccato?
3530 5724 3674 5798 quasi
