3960 6352
218 401 354 457 MOI

747 371 1291 466 ENARRASTIONUM
1327 411 1393 466 IN
1428 412 1572 468 EPP.
1615 416 1818 471 PAULI
1858 412 1982 475 LIB.
2022 422 2112 477 IV.
2146 455 2215 465 —-—
2251 427 2317 482 ΙΝ
2356 401 2573 488 EPIS'i‘.
2614 434 2707 488 AD
2743 432 2907 493 ROM.

3324 446 3462 503 Μῦς-³.

217 519 302 570 his
348 521 440 589 qui
474 520 710 575 nondum
736 514 1083 580 discesserint
1111 543 1139 579 a
1168 538 1389 597 peccato
1418 529 1522 585 diei
1553 531 1787 595 videtur,
1820 538 1867 593 Α
1895 546 2181 595 astrorum.
2215 542 2318 598 Sed
2350 548 2470 601 audi
2512 560 2753 617 apertam
2786 553 2935 608 Pauli
2965 559 3284 619 sententiam
3312 601 3327 625 ,
3358 578 3460 631 qua

214 627 286 665 ne
320 623 671 680 permaneant
698 613 750 666 in
775 630 861 679 eo,
891 617 943 669 in
965 632 1071 686 quo
1092 631 1209 672 esse
1240 618 1414 675 adhuc
1446 622 1789 687 videbantur;

216 701 310 754 hic
338 714 466 755 vero
508 712 761 772 tauquam
790 705 857 758 ab
885 706 967 759 his
995 708 1082 776 qui
1118 709 1228 777 jam
1248 710 1594 766 discesserint
1621 728 1649 765 a
1671 728 1793 782 pec-

213 798 359 854 cato,
387 786 502 844 ﬁeri
536 792 746 846 videtur
767 789 1133 866 interrogatio,
1154 808 1207 852 et
1228 800 1322 862 ibi,
1340 810 1398 853 ut
1416 803 1568 871 quasi
1598 802 1790 871 gratia,

213 898 337 950 qum
373 884 607 938 nondum
638 897 775 951 erat,
818 888 1147 955 abundaret;
1185 893 1272 945 hic
1310 904 1489 949 autem
1538 907 1789 966 tanquam

210 982 482 1039 praesente
518 974 631 1042 jam
655 978 826 1045 gratia
870 978 1014 1041 dicit,
1044 980 1166 1048 quia
1197 998 1307 1035 non
1339 1001 1516 1039 sumus
1540 988 1633 1040 sub
1660 987 1788 1057 lege,

209 1052 309 1115 sed
332 1063 425 1116 sub
466 1066 657 1133 gratia.
690 1066 913 1122 Nescitis
951 1070 1075 1140 quia
1104 1073 1188 1124 cui
1214 1074 1465 1130 exltibetis
1503 1094 1587 1131 vos
1616 1095 1788 1132 servos

209 1152 284 1203 ad
314 1152 653 1208 obediendum
671 1196 686 1221 ,
710 1158 841 1211 servi
880 1162 1000 1214 estis
1037 1162 1151 1230 ejus
1174 1164 1258 1217 cui
1279 1166 1497 1220 obeditis
1513 1208 1527 1231 ,
1552 1170 1655 1222 sive
1673 1155 1788 1229 pec-

209 1243 318 1294 cati
347 1242 400 1296 in
428 1256 665 1310 mortem,
700 1248 802 1302 sive
826 1236 1129 1305 obeditionis
1159 1255 1227 1307 ad
1252 1255 1516 1323 justitiam
1535 1258 1561 1311 7
1581 1257 1785 1329 (Δηὼ.)

208 1328 364 1385 Nunc
415 1348 482 1388 ne
518 1336 661 1390 aliud
686 1338 1020 1405 profitentes,
1068 1342 1211 1397 aliud
1258 1344 1539 1413 faciamus,
1568 1328 1623 1405 et
1661 1366 1783 1405 cum

206 1423 353 1479 servi
399 1422 495 1477 Dei
524 1426 771 1489 dicimur,
806 1431 971 1496 gestis
1011 1432 1381 1507 servidiaboli
1416 1437 1779 1506 inveniamur,

204 1523 505 1578 prmmonet
547 1524 602 1568 et
649 1517 926 1573 denuntiat
950 1521 1065 1588 ejus
1095 1540 1407 1581 nosservos
1444 1545 1580 1594 esse,
1633 1531 1783 1599 cujus

201 1610 258 1655 et
291 1602 621 1659 voluntatem
651 1610 925 1678 explemus
953 1616 1222 1683 operibus,
1252 1627 1305 1672 et
1334 1634 1439 1681 non
1470 1637 1659 1689 parum
1681 1625 1779 1679 0b-

200 1707 324 1749 esse
354 1694 521 1751 Deum
540 1688 791 1755 conﬁteri
820 1703 1123 1771 Dominum,
1152 1718 1207 1761 et
1238 1711 1445 1765 actibus
1471 1688 1682 1767 diabolo
1702 1713 1779 1766 fa-

200 1786 397 1841 mulari
433 1806 445 1842 :
477 1805 600 1843 nam
626 1792 727 1845 hoc
754 1793 879 1846 olim
927 1795 1072 1849 Deus
1094 1797 1311 1852 denotat
1342 1808 1395 1855 et
1423 1803 1778 1865 accusat,-di-

1897 630 2057 697 dicit,
2078 634 2163 688 cui
2191 649 2283 690 vos
2307 637 2571 694 exhibetis
2590 656 2794 697 servos
2820 646 2886 699 ad
2917 647 3295 717 obedientium,
3318 630 3462 708 servi
3552 670 3553 673 ‘

1893 720 2020 774 estis
2046 722 2130 776 cui
2157 724 2433 791 obedistis,
2463 728 2576 783 sive
2598 734 2824 798 peccati,
2858 735 2968 790 sive
2986 736 3231 805 justitire.

1962 810 2172 866 Gratias
2216 824 2387 869 autem
2430 817 2724 890 Deo,quod
2761 840 2880 877 cum
2902 825 3130 893 fuissetis
3169 832 3302 885 servi
3344 848 3463 901 pec-

1892 903 2014 962 cati.
2056 905 2298 959 obcdistis
2327 923 2389 959 ea:
2416 908 2568 962 corde
2594 910 2647 963 in
2677 929 2795 967 eam
2816 914 3039 983 formam
3071 918 3320 973 doctrinte
3338 910 3372 986 ,“
3405 922 3459 978 in

1884 979 1990 1063 qua
2012 997 2193 1049 traditi
2214 999 2353 1053 estis.
2371 995 2643 1055 Credentes
2661 979 2829 1058 autem
2846 1008 2907 1061 in
2926 1007 3209 1074 Christum,
3224 1013 3355 1065 servi
3374 1013 3459 1081 fa-

1890 1084 1960 1135 cti
1988 1102 2164 1140 sumus
2180 1088 2426 1157 justititv.
2452 1090 2828 1163 (Ambr.)Ejus
2856 1097 2998 1151 enim
3036 1099 3183 1154 servi
3202 1102 3452 1169 dicimur,

1889 1174 1972 1227 cui
2008 1176 2302 1234 obedimus.
2320 1178 2387 1234 Et
2415 1181 2540 1250 quia
2557 1182 2761 1252 justum
2791 1194 2875 1245 est
2896 1188 3113 1244 obedire
3138 1189 3351 1246 Christo
3374 1194 3459 1264 (et

1890 1263 2002 1333 ipse
2027 1268 2168 1320 enim
2193 1269 2397 1337 justitia
2428 1264 2529 1335 est,
2560 1281 2615 1325 et
2641 1290 2761 1343 quae
2803 1276 3075 1351 praecipit,
3102 1279 3244 1348 justa
3278 1281 3451 1350 sunt),

1888 1353 2086 1407 idcirco
2136 1357 2264 1410 dicit
2309 1373 2494 1414 servos
2522 1354 2635 1430 (nos
2676 1362 2843 1419 factos
2877 1366 3100 1435 justitiac
3150 1384 3211 1422 ex
3264 1372 3454 1435 corde,

1885 1458 1989 1498 non
2018 1460 2083 1499 ex
2110 1444 2256 1516 lege;
2276 1462 2340 1501 ex
2366 1449 2651 1515 voluntate,
2668 1470 2773 1508 non
2796 1470 2861 1509 ex
2885 1457 3098 1523 timore,
3116 1467 3175 1511 ut
3193 1458 3454 1528 professio

1884 1531 2066 1588 ucstra
2091 1537 2253 1589 animi
2271 1536 2472 1604 judicio
2493 1552 2787 1609 promatur.
2811 1544 2913 1599 Per
2932 1556 3178 1602 naturam
3204 1550 3347 1603 enim
3375 1551 3454 1606 in-

1884 1623 2023 1677 ducti
2041 1641 2224 1679 sumus
2249 1625 2314 1679 ad
2334 1626 2509 1693 (idem,
2528 1646 2633 1685 non
2652 1646 2748 1701 per
2767 1632 2959 1703 legem,
2980 1635 3032 1689 in
3051 1651 3155 1704 qua
3177 1638 3347 1704 forma
3362 1639 3456 1693 do-

1882 1714 2070 1767 ctrina:
2092 1717 2187 1769 Dei
2214 1717 2436 1786 imperio
2456 1719 2583 1782 facti
2608 1738 2812 1789 sumus,
2831 1727 2919 1795 qui
2936 1726 3090 1781 ﬁnxit
3110 1737 3377 1783 naturam.
3395 1729 3453 1786 Ιι

1881 1812 2072 1858 natura
2094 1807 2235 1859 enim
2268 1808 2545 1887 habemus,
2567 1822 2628 1867 ut
2650 1800 3044 1885 cognoscamus
3064 1836 3091 1872 a
3124 1835 3250 1889 quo,
3283 1830 3338 1876 et
3357 1837 3454 1891 per

198 1891 333 1931 cens
361 1896 373 1931 :
406 1878 558 1933 Plebs
583 1882 693 1934 lucc
721 1881 962 1952 [populus
988 1884 1092 1957 hic]
1123 1904 1201 1941 me
1235 1888 1385 1942 labiis
1424 1892 1663 1955 honorat,
1689 1909 1777 1946 cor
1804 1884 1854 1946 B
1883 1887 2067 1961 quem,
2093 1906 2148 1949 et
2175 1897 2226 1949 iu
2249 1914 2354 1966 quo
2378 1883 2562 1955 sumus
2590 1878 2773 1959 creati.
2810 1905 3004 1961 Forma
3033 1878 3164 1979 ergo
3193 1878 3451 1967 doctrinae

196 1979 373 2023 autem
402 1986 579 2050 eorum
610 1971 758 2041 longe
791 1984 863 2027 est
911 1993 941 2027 ιι
975 1993 1053 2028 me
1083 1977 1295 2045 (Matth.
1335 1996 1421 2044 xv,
1456 1980 1561 2035 Isa.
1600 1982 1771 2053 nix).

197 2058 269 2112 Et
314 2046 571 2117 Dominus
615 2064 688 2117 ait
716 2064 767 2116 in
808 2065 1094 2133 Evangelio
1125 2085 1136 2119 :
1188 2067 1356 2121 Nemo
1386 2080 1547 2139 potest
1578 2046 1775 2127 duobus

194 2150 423 2206 dominis
450 2157 641 2208 servire
672 2156 884 2226 (Matth.
915 2162 1012 2227 vi).
1044 2158 1111 2212 Et
1156 2159 1207 2212 in
1249 2160 1365 2229 lege
1394 2162 1594 2216 dictum
1637 2175 1720 2217 est
1757 2180 1771 2218 :

190 2239 340 2295 Deus
372 2259 473 2296 non
499 2244 766 2297 deridetur
796 2244 993 2315 (Galat,
1028 2248 1124 2316 Vt).
1144 2246 1337 2319 (Orig)
1371 2250 1482 2315 lloc
1513 2261 1596 2305 est
1620 2267 1770 2323 ergo,

192 2334 339 2403 quod
368 2335 416 2387 in
433 2337 539 2390 hoc
555 2336 672 2391 loco
687 2337 970 2407 Apostolus
992 2339 1167 2403 docet,
1184 2341 1306 2409 quia
1338 2336 1769 2413 unusquisquein

158 2456 161 2459 -
190 2438 360 2476 manu
390 2440 483 2477 sua
513 2415 692 2490 habet,
723 2420 783 2481 ct
806 2429 855 2480 in
885 2429 1090 2481 arbitrii
1122 2439 1405 2502 potestate,
1440 2441 1497 2486 ut
1532 2442 1623 2486 aut
1647 2449 1771 2503 pec-

190 2515 300 2569 cati
325 2530 511 2571 servus
531 2518 600 2571 sit
620 2527 712 2570 aut
733 2510 977 2586 justitirc.
995 2519 1075 2573 Ad
1096 2535 1470 2591 quamcunque
1485 2524 1627 2577 enim
1649 2540 1768 2596 par-

189 2613 301 2657 tem
334 2605 669 2659 inclinaverit
690 2608 1072 2673 obedientiam,
1104 2618 1158 2663 et
1188 2610 1486 2680 cuicunque
1510 2615 1646 2681 parti
1672 2630 1769 2684 pa-

188 2706 314 2746 rere
338 2692 587 2757 voluerit,
612 2695 728 2748 lucc
748 2695 850 2750 sibi
878 2704 999 2750 eum
1021 2697 1257 2752 vindicat
1284 2715 1518 2758 servum.
1552 2702 1606 2755 in
1637 2718 1765 2771 quo,

183 2792 255 2858 ut
273 2784 624 2852 dixi,absque
653 2785 755 2837 ulla
785 2789 1125 2843 cunctatione
1145 2789 1197 2842 in
1220 2790 1373 2844 nobis
1399 2804 1515 2845 esse
1531 2793 1766 2847 ostendit

184 2874 399 2928 arbitrii
447 2874 772 2946 libertatem.
811 2878 866 2931 in
908 2879 1063 2932 nobis
1118 2892 1349 2948 namque
1378 2890 1463 2934 est
1507 2882 1763 2936 exhibere

180 2964 546 3022 obedientiam
590 2977 849 3033 nostram,
892 2969 975 3022 vel
1017 2968 1309 3038 justitiam,
1359 2970 1449 3037 vel,
1487 2973 1764 3038 peccatum

183 3058 299 3130 [vel
318 3059 565 3128 justitiae,
597 3059 678 3113 vel
707 3058 973 3130 peccato].
1008 3059 1177 3114 Nemo
1204 3072 1381 3115 autem
1420 3070 1597 3130 potest
1634 3062 1767 3118 duo-.

178 3152 285 3206 bus
310 3152 469 3205 simul
498 3151 728 3206 dominis
756 3152 977 3216 servire,
1024 3158 1243 3220 peccato
1274 3162 1326 3205 et
1364 3150 1608 3218 iustitiae.
1656 3152 1765 3207 Aut

1877 1993 1978 2048 est,
1998 1984 2206 2060 iltzquod
2223 2004 2381 2057 quam
2408 1992 2621 2047 tradidit
2638 2010 2735 2049 nos
2754 1994 2978 2051 Creator
2994 2000 3328 2064 naturaliter,
3347 2001 3449 2057 hoc

1876 2074 1976 2137 est,
2014 2090 2173 2144 supra
2196 2077 2357 2131 dixit:
2376 2078 2483 2150 Ipsi
2507 2082 2605 2135 sibi
2635 2082 2719 2137 [ex
2758 2094 2899 2145 sunt.
2928 2086 3062 2142 Dum
3086 2089 3267 2148 vident
3291 2101 3449 2145 natu-

1877 2178 1950 2217 rae
1972 2179 2082 2218 suae
2101 2181 2240 2231 esse,
2255 2169 2396 2237 quod
2424 2158 2666 2237 credant,
2682 2182 2740 2229 ut
2760 2178 2899 2246 quod
2911 2174 3106 2233 Iudaeis
3135 2179 3216 2234 lex
3244 2188 3298 2236 et
3321 2194 3447 2251 pro-

1873 2253 2048 2321 pheta:
2077 2259 2435 2326 praedicarunt
2459 2262 2529 2316 tle
2553 2262 2788 2328 Christo,
2817 2266 2919 2323 hoc
2944 2270 3171 2341 gentiles
3196 2286 3262 2326 ex
3284 2274 3446 2329 corde

1873 2344 2173 2412 conﬁdant;
2199 2348 2323 2402 hinc
2344 2350 2509 2405 refert
2528 2355 2727 2424 gratias
2748 2355 2994 2425 Domino,
3018 2360 3141 2429 quia
3158 2377 3278 2416 cum
3296 2378 3445 2419 csse-

1872 2450 1993 2497 mus
2014 2439 2154 2491 servi
2177 2443 2381 2507 peccati
2417 2442 2770 2511 obedivimus,
2792 2463 2855 2502 ex
2882 2450 3049 2523 corde
3083 2450 3365 2509 credentes
3387 2454 3440 2507 in

1871 2524 2160 2592 Christum,
2193 2537 2251 2582 ut
2285 2532 2608 2589 serviremus
2632 2535 2759 2599 Deo,
2792 2552 2898 2591 non
2928 2554 3026 2608 per
3051 2540 3223 2609 legem
3248 2542 3439 2614 Moysi,

1871 2616 1963 2671 sed
1985 2632 2081 2685 per
2102 2617 2272 2689 legem
2294 2631 2515 2677 naturae.
2546 2622 2741 2695 (θήρ.)
2756 2624 2908 2693 Quod
2929 2629 3070 2682 enim
3094 2630 3223 2685 dicit
3243 2634 3441 2702 gratias

1869 2704 1998 2770 Deo,
2015 2710 2136 2777 quia
2158 2710 2332 2777 fuistis
2354 2713 2485 2765 servi
2504 2715 2717 2780 peccati,
2741 2717 2974 2790 ostendit.
2989 2733 3178 2773 omnes
3199 2721 3443 2778 homines

1865 2795 2040 2864 primo
2070 2798 2273 2853 servire
2301 2809 2550 2867 peccato;
2604 2803 2682 2857 sic
2706 2804 2847 2858 enim
2887 2807 3143 2876 scriptum
3168 2818 3268 2872 est,
3313 2811 3437 2879 quia

1865 2899 1970 2939 non
1998 2895 2079 2940 est
2101 2886 2275 2953 justus
2320 2905 2481 2960 super
2506 2901 2738 2959 terram,
2777 2896 2867 2967 qui
2918 2894 3081 2951 faciat
3124 2897 3345 2965 bonum,
3384 2908 3441 2954 et

1865 2988 1970 3028 non
2000 2978 2321 3044 peccaverit.
2358 2980 2538 3034 Primo
2567 2983 2709 3037 enim
2738 2999 2957 3039 necesse
2981 2994 3066 3039 est
3096 2986 3147 3040 in
3179 2988 3324 3041 omni
3346 2988 3439 3043 ho-

1864 3064 2011 3119 mine
2038 3064 2163 3119 illud
2192 3069 2468 3137 compleri,
2500 3072 2639 3139 quod
2666 3073 2923 3142 scriptum
2950 3083 3051 3138 est,
3077 3077 3169 3135 sed
3195 3078 3282 3130 ubi
3302 3080 3437 3133 venit

1863 3158 2189 3222 mandatum,
2215 3173 2478 3230 peccatum
2506 3165 2703 3219 revixit.
2725 3165 2835 3220 Hoc
2858 3182 2984 3221 vero
3005 3169 3146 3236 quod
3170 3171 3434 3246 sequitur,

176 3244 326 3296 enim
349 3259 515 3295 unum
540 3242 663 3297 odio
689 3242 927 3305 habebit,
951 3251 1231 3310 peccatum
1260 3240 1486 3308 scilicet,
1519 3252 1571 3299 et
1596 3244 1757 3296 alium
1787 3226 1832 3287 (ἶ
1864 3247 1930 3301 ad
1956 3262 2153 3316 paucos
2193 3226 2344 3314 dicit,
2390 3262 2449 3305 et
2491 3268 2583 3308 eos
2611 3254 2701 3323 qui
2730 3255 2840 3325 jam
2870 3242 3262 3323 emendantur,
3291 3261 3435 3328 quod

179 3334 409 3397 amabit,
427 3333 476 3387 id
491 3331 889 3401 est,justitiam;
915 3341 1008 3386 aut
1026 3347 1189 3387 unum
1213 3332 1465 3400 patietur,
1481 3343 1758 3401 peccatum

179 3421 464 3483 duntaxat,
487 3420 714 3473 etalium
730 3420 1070 3483 condemnet,
1089 3421 1140 3473 id
1155 3418 1553 3487 est,jusritiam.
1574 3420 1758 3476 Simile

180 3525 310 3580 ergo
334 3518 440 3574 est,
455 3518 510 3564 et
523 3511 663 3578 quod
681 3511 815 3563 dixit
840 3510 1156 3579 Apostolus:
1183 3510 1331 3565 Servi
1358 3514 1479 3566 estis
1518 3513 1632 3581 ejus
1674 3516 1758 3595 cui

180 3602 446 3664 obedistis,
460 3601 563 3653 sive
573 3603 790 3669 peccati,
806 3602 1127 3675 siv‘ejustitite
1144 3618 1160 3665 ;
1178 3602 1269 3658 sed
1283 3611 1334 3656 et
1350 3604 1514 3656 omnis
1529 3605 1618 3673 qui
1631 3604 1757 3673 facit

176 3701 467 3761 peccatum,
484 3707 659 3743 servus
674 3700 747 3743 est
761 3694 959 3760 peccati
973 3690 1152 3760 (Joan.
1170 3693 1307 3762 vui).
1324 3693 1403 3745 Ad
1422 3694 1521 3748 hoc
1540 3694 1759 3769 respicit

176 3784 429 3853 quamvis
449 3798 552 3837 non
578 3782 862 3852 adjecerit,
890 3793 944 3837 et
962 3788 1138 3839 omnis
1159 3787 1248 3855 qui
1270 3785 1457 3841 fecerit
1467 3786 1754 3857 justitiam,

174 3890 369 3930 servus
398 3884 481 3929 est
494 3875 735 3943 justitite.
764 3876 916 3941 Quod
937 3876 1182 3931 fortassis
1211 3884 1361 3947 putet
1388 3877 1523 3932 alius
1548 3879 1756 3935 idcirco
1784 3910 1789 3915 ’

172 3954 549 4031 subreliclum,
580 3977 640 4021 ut
663 3969 817 4037 quasi
845 3984 917 4023 ex
947 3970 1404 4037 consequentibus
1435 3971 1625 4025 debeat
1668 3972 1754 4025 in-

174 4058 367 4129 telligi.
414 4055 543 4112 Mihi
581 4066 759 4112 tamen
797 4059 1010 4112 videtur
1038 4058 1285 4113 consulto
1320 4074 1425 4113 non
1461 4060 1703 4115 additum
1737 4080 1751 4117 :

172 4166 355 4219 neque
384 4149 527 4204 enim
557 4149 909 4205 conveniebat
957 4152 1081 4216 dici,
1114 4152 1240 4220 quia
1278 4153 1455 4207 omnis
1492 4154 1582 4222 qui
1614 4153 1755 4209 facit

166 4236 474 4306 justitiam,
498 4253 684 4292 servus
710 4249 791 4292 est
821 4238 1061 4307 justitiae.
1100 4239 1235 4293 Nam
1266 4248 1319 4293 et
1350 4238 1493 4295 Deus
1522 4243 1635 4311 ipse
1676 4242 1756 4295 i‘ao

172 4330 251 4383 cit
272 4327 562 4395 justitiam,
598 4339 652 4382 et
679 4344 782 4381 non
826 4328 1025 4382 idcirco
1053 4343 1239 4382 servus
1264 4330 1489 4397 justitiac
1512 4330 1615 4385 dici
1660 4347 1754 4400 po-

159 4400 315 4484 etest,
335 4422 429 4474 sed
448 4419 669 4487 justitia:
698 4419 975 4487 Dominus.
1016 4418 1133 4473 Non
1161 4434 1307 4490 ergo,
1332 4420 1404 4474 ita
1432 4424 1629 4487 omnis,
1662 4423 1753 4492 qui

170 4512 307 4567 facit
329 4512 617 4581 justitiam,
650 4496 838 4567 servus
867 4520 949 4566 est
976 4512 1221 4582 justitite,
1250 4521 1309 4565 ut
1333 4513 1511 4567 omnis
1552 4512 1645 4581 qui
1672 4512 1753 4566 fa-

1829 4175 1832 4179 '
1858 4155 2017 4209 datur
2059 4173 2071 4209 ε

1864 3338 2035 3398 dicit:
2069 3337 2281 3394 Gratias
2304 3351 2476 3395 autem
2519 3342 2650 3407 Deo,
2690 3345 2812 3414 quia
2842 3345 3013 3414 fuistis
3054 3350 3185 3402 servi
3216 3352 3434 3418 peccati,

1862 3430 2105 3482 obedistis
2128 3439 2307 3484 autem
2334 3449 2397 3485 ex
2417 3434 2571 3487 corde
2598 3435 2654 3487 in
2677 3450 2790 3488 eam
2820 3436 3041 3503 formam
3068 3440 3339 3503 doctrinm,
3381 3442 3434 3499 in

1848 3532 2017 3587 quam
2046 3510 2225 3573 traditi
2249 3523 2388 3577 estis.
2424 3521 2578 3577 Servi
2598 3539 2728 3594 ergo
2766 3525 2964 3581 fuimus
2989 3518 3177 3583 Omnes
3204 3531 3432 3599 peccati,

1850 3608 1955 3664 sed
1996 3611 2085 3664 ubi
2133 3613 2328 3667 tradita
2370 3623 2451 3669 est
2494 3615 2645 3669 nobis
2671 3615 2840 3671 forma
2883 3618 3239 3684 doctrinm,ct
3282 3621 3427 3688 huic,

1863 3716 1966 3755 non
1994 3709 2292 3771 utcunque,
2341 3719 2515 3773 neque
2540 3706 2665 3763 solis
2706 3707 2905 3771 verbis,
2930 3709 3021 3763 sed
3051 3725 3117 3764 ex
3139 3712 3323 3777 corde,
3364 3726 3432 3768 ex

1860 3791 2061 3856 animo,
2104 3807 2170 3846 ex
2202 3800 2309 3846 tota
2342 3794 2622 3861 devotione
2649 3795 2907 3865 elegimus
2954 3799 3191 3865 obedire,
3232 3799 3430 3856 libera-

1860 3894 1983 3932 mur
2016 3896 2043 3933 a
2087 3882 2345 3936 servitute
2380 3884 2607 3952 peccati,
2645 3893 2698 3937 et
2722 3883 2981 3939 elﬁcimur
3022 3888 3426 3956 servijustitize.

1858 3967 2009 4035 Quod
2044 3980 2222 4024 autem
2252 3971 2407 4035 dixit,
2431 3973 2653 4040 formam
2679 3974 2951 4040 doctrinae,
2981 3976 3033 4030 in
3058 3994 3216 4047 quam
3246 3981 3429 4035 traditi

1856 4062 2000 4127 estis,
2026 4063 2404 4131 requirendum
2438 4074 2566 4134 puto
2618 4067 2885 4134 quomodo
2911 4070 3281 4139 unusquisque
3319 4082 3428 4127 tra-

2068 4142 2073 4208 ξ
2124 4148 2425 4209 invenimus
2470 4171 2701 4225 namque
2736 4158 2860 4228 quia
2891 4172 3003 4225 eos,
3033 4158 3141 4229 qui
3168 4178 3271 4215 non
3306 4176 3429 4232 pro-

1858 4248 1987 4301 bant
2010 4248 2173 4301 Deum
2202 4247 2399 4301 habere
2422 4248 2475 4301 in
2498 4247 2766 4314 notitiam,
2783 4251 2960 4305 tradat
2984 4251 3123 4305 Deus
3144 4255 3427 4309 secundum

1855 4338 2113 4390 desideria
2144 4338 2315 4391 cordis
2339 4354 2517 4390 eorum
2546 4339 2599 4390 in
2637 4340 3040 4404 immunditiam,
3084 4351 3138 4395 ut
3166 4353 3426 4399 contume-

1855 4427 1938 4479 liis
1982 4427 2207 4496 aﬂiciant
2249 4442 2468 4495 corpora
2510 4443 2605 4480 sua
2632 4428 2687 4479 in
2734 4430 3017 4498 semetipsis
3044 4429 3223 4500 (Rom.
3263 4432 3326 4502 ι),
3372 4442 3423 4489 et

1854 4516 1989 4571 alios
2012 4517 2100 4585 qui
2130 4526 2598 4570 commutaverunt
2622 4517 2843 4587 gloriam
2864 4519 3290 4588 incorruptibilis
3306 4522 3422 4588 Dei,

167 4602 249 4659 cit
277 4578 580 4673 peccatum,
605 4617 791 4657 servus
820 4610 901 4657 est
936 4578 1162 4671 peccati.
1191 4601 1322 4655 Nam
1351 4613 1403 4656 et
1429 4605 1541 4671 ipse
1570 4578 1749 4657 diabd
1778 4578 1829 4637 Ῑ)
1857 4607 2035 4660 tradat
2083 4606 2134 4659 in
2166 4606 2443 4674 passiones
2490 4607 2814 4676 ignominiae,
2866 4607 2932 4661 de
2962 4609 3157 4676 quibus
3196 4609 3250 4663 in
3292 4610 3425 4667 locis

168 4695 256 4749 lus
282 4695 399 4765 sine
426 4694 587 4748 dubio
611 4686 815 4763 peccati
853 4708 1042 4748 servus
1066 4703 1168 4755 est,
1199 4695 1391 4763 quippe
1426 4694 1517 4763 qui
1549 4678 1749 4749 disces—
1794 4702 1797 4705 λ

168 4786 243 4839 sit
271 4800 302 4838 a
328 4785 583 4838 servitute
602 4785 843 4854 justitite,
886 4793 941 4838 et
968 4786 1019 4837 iu
1049 4793 1338 4853 conspectu
1380 4785 1594 4839 Domini
1625 4799 1743 4839 om-

167 4875 466 4944 nipotentis
506 4874 804 4951 rebellavit,
849 4883 1133 4943 propterea
1186 4872 1452 4945 [propter]
1500 4874 1655 4942 quod
1690 4884 1743 4929 et

166 4973 415 5035 apostata
440 4963 735 5032 appellatus
765 4970 865 5017 est.
899 4962 1264 5033 Constatergo
1292 4978 1358 5015 ex
1378 4962 1461 5015 his
1486 4964 1748 5017 sermoni-

163 5056 270 5109 bus
294 5054 442 5121 Pauli
474 5054 668 5122 quibus
702 5053 850 5117 dicit,
877 5053 1004 5123 quia
1030 5053 1116 5106 cui
1150 5067 1247 5107 vos
1268 5053 1533 5107 exhibetis
1562 5068 1745 5109 servos

166 5145 236 5198 ad
259 5144 639 5209 obediendum,
663 5145 803 5198 servi
823 5145 955 5199 estis
979 5144 1066 5199 cui
1090 5144 1368 5207 obedistis,
1386 5141 1741 5213 sive‘peccati,

165 5236 280 5289 sive
322 5232 582 5300 justitize,
652 5235 775 5303 quia
839 5227 1034 5303 Sponte
1086 5241 1271 5287 nostra
1334 5234 1433 5302 ipsi
1492 5252 1590 5291 nos
1649 5253 1741 5291 ex-

164 5324 434 5386 hibemus,
470 5325 613 5377 nullo
672 5333 917 5395 cogente,
973 5324 1054 5379 vel
1102 5333 1324 5394 peccato
1378 5327 1617 5391 servire,
1657 5330 1739 5384 vel

158 5413 386 5483 iustitia:
434 5428 527 5483 per
552 5416 912 5469 obedientiam
961 5424 1237 5482 nostram;
1283 5424 1338 5470 et
1380 5416 1498 5470 ideo
1548 5419 1736 5474 horum

163 5520 381 5574 semper
411 5506 715 5559 meminisse
760 5506 1130 5569 debemus,‘ne
1183 5508 1370 5561 inanes
1405 5510 1652 5577 querelas
1684 5512 1736 5565 in

160 5602 371 5673 peccati
423 5601 766 5655 excusatione
811 5600 1296 5673 [excusationem]
1352 5603 1686 5673 proferam-us
1715 5650 1750 5685 ,Α

159 5690 290 5760 quia
320 5689 564 5743 diabolus
612 5690 752 5752 fecit,
806 5701 859 5742 ut
891 5702 1201 5758 peccatores
1247 5691 1605 5764 [peccaretur]
1643 5705 1732 5748 aut

164 5788 373 5838 natura:
402 5782 711 5845 necessitas,
763 5790 853 5835 aut
897 5781 1077 5836 fatalis
1118 5781 1374 5847 conditio,
1406 5794 1499 5838 aut
1543 5801 1732 5842 cursus

1854 4699 1986 4759 Suis,
2015 4708 2181 4766 prout
2212 4699 2500 4764 potuimus,
2534 4698 2786 4753 diximus.
2822 4698 3016 4754 Ethos
3041 4714 3169 4770 ergo
3204 4700 3294 4770 qui
3334 4717 3421 4757 se-

1853 4791 2125 4858 metipsos
2148 4789 2401 4842 exhibent
2446 4804 2628 4842 servos
2648 4788 2871 4857 justitite
2911 4804 3009 4857 per
3031 4789 3417 4857 obedientiam,

1805 4929 1807 4931 ,
1853 4883 1993 4936 Deus
2026 4878 2261 4942 tradidit,
2296 4890 2355 4931 ut
2385 4879 2750 4942 instituantur,
2781 4885 2837 4931 et
2877 4878 3186 4934 imbuantur
3228 4895 3419 4935 secun-

1847 4971 1970 5025 dum
2002 4968 2229 5025 formam
2256 4968 2511 5021 doctrina:
2525 4967 2763 5035 justitizc.
2799 4964 2975 5022 Movet
2998 4983 3086 5023 me
3110 4968 3271 5023 etiam
3294 4970 3415 5035 hoc,

1845 5060 1984 5130 quod
2011 5075 2115 5112 non
2147 5058 2298 5121 dixit,
2324 5056 2578 5111 obedistis
2598 5070 2663 5109 ex
2684 5055 2845 5111 corde
2863 5057 3137 5120 doctrinae,
3176 5058 3227 5112 in
3249 5074 3413 5128 quam

1844 5151 2023 5204 traditi
2050 5151 2203 5212 estis,
2236 5151 2327 5203 sed
2359 5150 2586 5203 formam
2611 5148 2865 5202 doctrina:
2902 5149 3099 5218 posuit.
3131 5147 3241 5203 Nec
3285 5158 3415 5218 puto

1843 5241 1987 5311 quod
2018 5257 2189 5294 unum
2239 5225 2357 5293 esse
2396 5239 2624 5293 senserit
2673 5237 2957 5308 Apostolus
3008 5238 3304 5293 doctrinam
3359 5246 3411 5293 et

1844 5331 2072 5386 formam
2099 5329 2400 5384 doctrinze:
2441 5330 2533 5383 sed
2573 5328 2704 5382 mihi
2743 5328 2968 5388 videtur
2995 5328 3137 5396 quod
3182 5327 3409 5382 formam

1845 5421 2100 5475 doctrina:
2151 5419 2328 5471 minus
2370 5433 2489 5471 esse
2526 5417 2729 5479 scierit,
2790 5430 2949 5484 quam
2993 5416 3163 5484 ipsam
3207 5415 3409 5470 doctri-

1844 5503 1985 5575 nam,
2017 5520 2071 5565 et
2108 5525 2249 5564 nunc
2274 5502 2487 5578 quidem
2514 5510 2563 5561 in
2599 5508 2845 5577 praesenti
2884 5507 3017 5572 vita,
3056 5506 3181 5560 dum
3212 5506 3264 5559 in
3290 5521 3411 5561 cor-

1840 5616 1971 5668 pore
2006 5616 2210 5664 sumus,
2268 5607 2322 5653 et
2368 5608 2617 5666 aggravat
2660 5608 2930 5651 terrenum
2976 5597 3079 5650 hoc
3130 5597 3411 5651 habitacu-

1839 5691 1945 5745 lum
1986 5706 2201 5746 sensum
2260 5690 2425 5743 multa
2463 5682 2785 5759 cogitantem
2841 5688 2995 5757 (Sap.
3041 5689 3149 5755 ix),
3181 5688 3408 5742 formam
3504 5722 3507 5723 ν

1835 5783 2092 5839 doctrinae
2130 5782 2406 5849 habemus,
2432 5797 2536 5837 non
2562 5782 2729 5851 ipsam
2752 5780 3073 5837 doctrinam.
3102 5779 3241 5833 sicut
3262 5777 3408 5845 idem
