3960 6330
503 385 529 444 l
538 385 641 442 Αροὸ

1175 384 1236 440 Β.
1276 383 1530 442 RABANI
1567 383 1784 441 MAURI
1821 383 2136 440 ARCHIEP.
2181 381 2486 440 MOGUNT.
2529 384 2814 440 OPERUM
2853 385 3030 442 PARS
3063 386 3150 442 Ill.

3645 389 3786 451 ηω

503 501 790 572 Apostolus
833 499 886 554 in
932 499 1054 554 aliis
1093 498 1225 554 dicit
1261 515 1274 552 :
1311 499 1465 553 Nunc
1507 509 1682 552 autem
1733 499 1964 553 videmus
1997 513 2089 566 per
2113 497 2168 557 Α
2193 493 2714 566 CircumSpiciebant
2741 498 2890 567 prius
2913 499 3054 553 oculi
3077 499 3383 568 mulierem,
3425 511 3522 556 aut
3547 503 3782 562 alienum

503 593 769 664 speculum
811 593 864 646 in
911 591 1186 662 wnigmate
1213 589 1263 662 (I
1288 587 1411 664 Cor.
1443 591 1585 660 xm).
1613 589 1732 660 Ipsa
1761 600 1940 644 autem
1987 589 2086 644 do-

504 663 678 739 ctrina
705 683 776 738 Sit
817 680 1019 750 (le-qua
1046 680 1264 746 dicitur,
1297 663 1420 733 lunc
1445 688 1618 735 autem
1643 680 1929 734 videbimus
1955 679 2090 749 facie

501 777 572 830 id
601 774 786 843 [aciem
813 771 1026 844 (Ibid.).
1061 771 1212 828 Unde
1235 779 1288 826 et
1320 771 1372 825 in
1395 773 1647 840 praesenti
1665 772 1772 826 vita
1795 782 1921 842 puto
1947 772 2090 840 quod

503 865 730 920 formam
768 869 930 932 atque
946 861 1189 915 umbram
1213 859 1472 914 virtutum
1495 847 1980 932 tenerepossimus,
2007 862 2088 930 ip-

505 967 594 1008 sas
615 968 746 1008 vero
767 951 992 1007 virtutes
1015 959 1142 1006 tunc
1165 965 1287 1004 cum
1315 951 1562 1006 venerint
1597 951 1684 1008 illa
1711 965 1830 1020 quae
1851 949 2090 1020 perfecta

505 1034 660 1105 sunt.
695 1045 762 1100 Et
785 1046 906 1100 ideo
930 1044 1107 1116 justus
1131 1061 1275 1100 nunc
1299 1043 1470 1114 magis
1488 1083 1504 1108 ,
1525 1051 1586 1096 ut
1607 1043 1740 1096 mihi
1773 1042 2006 1118 videtur,
2034 1041 2088 1094 in

504 1137 1014 1203 umbra'virtutum,
1052 1152 1212 1212 quam
1259 1137 1310 1190 in
1351 1134 1482 1204 ipsis
1523 1129 1814 1186 virtutibus
1843 1131 1994 1185 vivit.

573 1225 804 1294 Liberali
818 1242 992 1286 autem
1007 1247 1038 1283 a
1050 1237 1284 1300 peccato,
1299 1227 1426 1281 serui
1444 1225 1571 1296 facti
1593 1225 1714 1279 estis
1723 1224 1968 1294 justitiw.
1986 1222 2090 1276 Ex-

503 1317 698 1389 positio
725 1325 816 1374 est
839 1319 892 1374 in
933 1319 1015 1378 liis
1044 1334 1232 1376 eorum
1265 1333 1384 1402 qua:
1411 1315 1659 1386 superius
1698 1315 1934 1370 diximus
1969 1330 1983 1368 :
2033 1313 2092 1370 Si

505 1409 642 1464 enim
669 1409 808 1463 ultra
839 1399 948 1464 noni
986 1409 1225 1470 servietis
1261 1399 1502 1479 peccato,
1533 1419 1730 1468 certum
1758 1417 1830 1462 est
1862 1409 1984 1479 quia
2023 1406 2090 1459 li-

507 1497 670 1554 berati
700 1498 765 1556 ab
793 1515 851 1552 eo
883 1501 1016 1558 servi
1044 1499 1170 1568 facti
1197 1500 1320 1554 estis
1349 1499 1594 1572 justititc.
1631 1497 1738 1552 Sed
1773 1497 2088 1564 requiritur,

505 1587 628 1658 quis
656 1595 742 1644 est
765 1587 855 1658 qui
899 1589 1092 1644 liberat
1131 1604 1160 1642 a
1205 1585 1444 1658 peccato.
1497 1585 1624 1639 Sine
1664 1585 1823 1640 dubio
1850 1584 2094 1640 veritatis

507 1663 728 1752 agnitio.
759 1677 850 1733 Sic
876 1680 1020 1734 enim
1052 1678 1260 1732 dicebat
1291 1676 1449 1756 Iesus
1480 1675 1546 1742 ad
1579 1675 1817 1741 Judmos,
1851 1675 1942 1746 qui
1974 1689 2092 1730 cre-

506 1771 761 1846 diderunt
779 1771 829 1827 ei
856 1786 870 1824 :
903 1771 964 1826 Si
996 1771 1318 1825 credideritis
1351 1769 1500 1826 verba
1533 1786 1667 1833 meo,
1697 1769 1986 1839 agnoscetis
2009 1782 2092 1818 ue-

498 1835 738 1929 ritatem,
785 1871 834 1918 et
872 1865 1062 1923 veritas
1097 1862 1334 1916 liberabit
1372 1878 1462 1916 vos
1492 1860 1673 1933 (Joan.
1711 1835 1849 1932 vin).
1879 1859 2092 1914 Veritas
2121 1835 2172 1892 Β

506 1962 598 2014 est
618 1969 767 2024 ergo,
799 1968 918 2024 quae
954 1953 1152 2014 liberat
1178 1969 1208 2007 a
1235 1961 1474 2028 peccato,
1503 1963 1558 2007 et
1585 1951 1828 2007 veritatis
1867 1951 2090 2022 agnitio.

507 2041 726 2098 Certum
751 2051 832 2099 est
857 2050 1058 2108 autem,
1091 2043 1216 2114 quia
1243 2043 1420 2100 omnis
1459 2043 1550 2111 qui
1577 2042 1835 2096 liberatus
1875 2039 2036 2094 fuerit
2061 2056 2094 2094 a

507 2142 749 2204 peccato,
775 2131 1001 2201 iustitia:
1029 2133 1249 2192 serviat.
1280 2133 1436 2200 Quod
1464 2141 1644 2188 autem
1671 2131 1916 2196 dicimus,
1938 2130 2098 2202 justi-

509 2227 857 2296 tiaa‘serviat,
906 2227 1158 2298 quoniam
1183 2225 1392 2294 iustitia
1449 2241 1554 2280 una
1589 2233 1672 2280 est
1718 2239 1784 2278 ex
1836 2223 2094 2278 virtutum

511 2321 696 2398 choro,
730 2319 904 2375 simile
931 2327 1013 2394 est
1061 2333 1125 2378 ac
1151 2319 1196 2378 si
1227 2317 1554 2380 diceremus,
1586 2317 1711 2386 quia
1735 2315 1778 2370 si
1810 2315 1933 2386 quis
1958 2314 2095 2368 libe-

512 2418 663 2466 ratus
682 2397 824 2466 Vesta
838 2419 1082 2480 peccato,
1103 2401 1306 2466 serviet
1329 2409 1566 2472 veritati,
1587 2417 1640 2460 et
1661 2409 1860 2474 serviet
1883 2407 2098 2475 sapien-

510 2499 632 2565 tite,
663 2507 717 2558 et
746 2500 947 2558 serviet
985 2499 1300 2572 pudicitiae,
1335 2506 1388 2554 et
1433 2499 1632 2558 serviet
1656 2497 1864 2568 pietati.
1893 2496 2099 2554 Huma-

511 2605 635 2654 num
662 2591 777 2652 dico
806 2601 1016 2662 propter
1039 2590 1398 2660 inﬁrmitatem
1429 2591 1602 2644 carnis
1626 2599 1827 2644 vestrm.
1861 2586 2097 2660 (Ainbr.)

510 2681 649 2739 Dum
703 2682 1069 2758 inﬁrmitatem
1121 2683 1300 2738 carnis
1345 2689 1640 2748 memorat,
1673 2681 1851 2738 minus
1909 2695 1966 2736 se
2019 2679 2096 2734 si-

511 2771 728 2844 gniﬁcat
755 2773 974 2846 exigere-
999 2773 1068 2828 ab
1089 2773 1328 2838 homine,
1364 2788 1528 2842 quam
1553 2773 1772 2842 dignum
1810 2779 1911 2838 est,
1953 2771 2098 2828 circa

511 2862 606 2922 Dei
675 2863 962 2920 culturam.
1015 2863 1258 2939 Denique
1306 2861 1636 2938 subiniertur
1679 2880 1692 2916 :
1757 2861 1902 2918 Sicut
1960 2862 2096 2918 enim

510 2954 816 3010 exbibuistis
847 2953 1076 3010 membra
1101 2963 1270 3010 vestra
1298 2953 1490 3011 servire
1527 2952 1874 3008 immunditite
1911 2960 1958 3008 et
1998 2951 2100 3006 ini-

509 3047 701 3118 quitati
751 3045 820 3100 ad
863 3047 1189 3116 iniquitatem
1225 3060 1244 3098 .'
1295 3047 1370 3102 ita
1407 3063 1544 3100 nunc
1597 3045 1829 3100 exhibete
1868 3044 2098 3102 membra

511 3149 682 3196 uestra
737 3140 928 3194 seruire
963 3138 1188 3212 justititr
1245 3139 1302 3196 in
1352 3139 1841 3206 sanctiﬁcationem.
1888 3137 1960 3192 Ut
2000 3153 2096 3194 oc-

516 3230 792 3290 casionem
865 3229 1022 3284 nobis
1102 3227 1342 3284 auferret
1411 3229 1621 3284 timoris
1687 3227 1980 3286 accedendi
2035 3226 2104 3280 ad

515 3320 720 3388 fulvam,
780 3319 908 3390 quia
962 3319 1118 3388 quasi
1169 3313 1527 3390 importabilis
1591 3319 1746 3376 nobis
1805 3327 1861 3372 et
1911 3331 2104 3386 aspera

521 3397 820 3474 videretur,
849 3422 914 3463 ea
959 3422 1218 3470 mensura
1259 3423 1358 3464 nos
1407 3407 1611 3464 servire
1658 3407 1767 3464 Deo
1805 3406 2100 3478 praecepit,

515 3515 621 3573 qua
695 3501 848 3571 prius
913 3497 1308 3558 famulabamur
1372 3498 1584 3554 diabolo
1637 3513 1651 3550 :
1717 3513 1838 3552 cum
1921 3497 2104 3566 utique

511 3591 832 3665 propensius
851 3589 1070 3648 deberet
1109 3589 1301 3648 serviri
1328 3589 1438 3646 Deo
1459 3605 1620 3659 quam
1643 3589 1879 3654 diabolo,
1907 3591 2103 3660 quippe

515 3697 638 3742 cum
669 3682 758 3740 hic
805 3681 985 3748 salus,
1035 3681 1144 3738 illic
1183 3683 1457 3742 damnatio
1513 3690 1808 3750 operetur;
1863 3681 2101 3736 medicus

515 3783 698 3830 tamen
721 3771 979 3850 spiritalis
1009 3785 1116 3826 non
1139 3770 1261 3842 plus
1289 3786 1320 3825 a
1345 3772 1502 3834 nobis
1531 3771 1718 3840 exigit,
1737 3785 1804 3824 ne
1821 3771 1944 3824 dum
1969 3785 2102 3838 prae-

519 3873 672 3934 cepta
715 3865 871 3938 quasi
927 3865 1110 3936 gravia
1165 3863 1472 3934 fugeremus
1523 3865 1916 3938 perpendentes
1963 3865 2106 3918 inﬁr-

517 3955 766 4014 mitatem
813 3963 1088 4018 nostram,
1141 3969 1483 4016 maneremus
1539 3955 1596 4012 in
1649 3965 1840 4010 morte.
1903 3957 2100 4013 Eorum

515 4044 706 4115 procul
743 4043 905 4100 dubio
959 4045 1264 4115 inﬁrmitati
1323 4045 1566 4115 corporis
1617 4047 2098 4116 condescenditur,

518 4151 580 4192 ac
605 4137 646 4192 si
673 4137 754 4192 eis
802 4139 1046 4208 apertius
1070 4141 1360 4210 diceretur,
1395 4138 1452 4194 Si
1485 4156 1824 4212 nequaquam
1874 4143 2104 4214 amplius

515 4229 759 4298 potestis,
793 4228 980 4286 saltem
1013 4229 1154 4287 tales
1176 4239 1347 4306 estote
1377 4231 1430 4294 in
1459 4231 1640 4286 fructu
1679 4231 1940 4287 bonorum
1972 4248 2101 4302 ope-

517 4333 658 4383 rum,
695 4317 882 4387 quales
917 4317 1095 4376 fuistis
1127 4319 1324 4380 dudum
1369 4321 1424 4374 in
1469 4322 1684 4392 actione
1727 4323 2004 4386 vitiorum,
2035 4337 2103 4377 ne

517 4407 804 4463 debiliores
835 4423 928 4462 vos
957 4408 1154 4476 habeat
1181 4419 1368 4466 sancta
1399 4410 1622 4466 libertas
1653 4411 1706 4464 in
1739 4407 1914 4478 bonis,
1963 4427 2100 4482 quos

517 4499 574 4554 in
614 4513 777 4556 carne
823 4498 1028 4554 validos
1081 4499 1274 4554 habuit
1321 4516 1451 4556 usus
1501 4511 1732 4578 terrena:
1779 4501 2094 4558 voluntatis.

517 4586 716 4660 (Orig.)
741 4588 878 4656 Quid
908 4603 1044 4658 ergo
1077 4597 1186 4646 tam
1226 4591 1539 4656 humanum,
1571 4593 1672 4650 hoc
1701 4599 1802 4657 est,
1835 4593 1962 4660 quid
1991 4601 2098 4648 tam

517 4682 656 4746 leve,
671 4683 808 4754 quid
828 4689 937 4742 tam
952 4681 1068 4736 sine
1087 4697 1269 4746 onere,
1295 4691 1354 4742 et
1369 4683 1512 4752 quod
1531 4683 1670 4738 nulla
1689 4699 1910 4754 prorsus
1929 4687 2102 4756 possit

517 4775 700 4833 carnis
727 4773 1012 4832 infirmitas
1036 4777 1328 4831 excusare?
1365 4775 1536 4842 Sicut,
1571 4777 2101 4847 inquit,.e.rhibuistis

516 4869 750 4926 membra
763 4879 934 4924 vestra
945 4870 1134 4926 servire
1147 4869 1411 4940 iniquitati
1425 4871 1492 4924 ad
1507 4871 1856 4941 iniquitatem;
1873 4875 1947 4926 ita
1965 4891 2100 4928 nunc

517 4961 752 5018 exhibete
767 4960 1000 5016 membra
1023 4971 1125 5016 eest
1135 4979 1192 5016 ra
1213 4961 1634 5030 servirejustitite
1655 4964 1710 5016 in
1729 4963 2102 5032 sanctiﬁcatio-

517 5073 658 5113 uem.
674 5055 1024 5126 lngloriosum
1037 5057 1252 5125 quidem
1267 5063 1370 5120 est,
1383 5055 1526 5110 utita
1541 5057 1662 5124 quis
1675 5057 1983 5120 virtutibus,
2001 5057 2102 5114 sic-

517 5157 580 5204 ut
596 5147 742 5202 vitiis
753 5149 973 5202 serviat.
990 5145 1156 5204 Multo
1173 5147 1315 5204 enim
1339 5147 1567 5218 amplius
1586 5157 1641 5202 et
1663 5149 1827 5203 multo
1844 5150 2100 5206 intentius

519 5237 838 5294 honoranda
877 5237 1089 5308 justitia
1119 5247 1222 5292 est.
1263 5237 1368 5292 Sed
1389 5243 1515 5308 ego,
1559 5241 1752 5310 inquit,
1785 5243 2016 5296 humane
2047 5252 2100 5298 et

519 5331 880 5386 communiter
923 5343 1040 5398 ago,
1097 5329 1287 5384 eadem
1334 5331 1560 5398 postulo,
1615 5331 1810 5400 similia
1859 5334 2097 5401 requiro.

519 5419 730 5475 Dudum
755 5421 1048 5476 currebant
1071 5421 1232 5490 pedes
1255 5423 1415 5476 vestri
1451 5424 1518 5474 ad
1541 5423 1840 5476 daanonum
1869 5425 2058 5492 templa
2081 5441 2095 5490 ;

519 5525 664 5566 nunc
695 5519 1022 5566 concurrant
1047 5499 1114 5564 ad
1143 5511 1436 5566 Ecclesium
1479 5511 1592 5566 Dei.
1623 5515 1922 5568 Currebam
1951 5517 2100 5583 prius

519 5603 587 5656 ad
633 5603 1044 5666 eﬂ'undcndum;
1095 5619 1234 5656 nunc
1287 5607 1350 5658 ad
1401 5605 1734 5660 liberandum
1785 5609 2098 5674 sanguinem

521 5703 760 5746 currant.
803 5692 1268 5748 Protendcbantur
1299 5695 1448 5761 prius
1501 5711 1692 5751 manus
1729 5707 1786 5750 ut
1815 5697 1986 5750 aliena
2017 5701 2096 5754 di-

521 5781 778 5856 riperent,
807 5797 953 5842 nunc
981 5783 1372 5858 protenduntur
1427 5791 1484 5840 ut
1521 5785 1740 5858 propria
1781 5785 2094 5860 largiantur.

2127 4551 2180 4611 D

2193 588 2394 658 aliquid
2440 589 2506 642 ad
2567 590 3087 659 concupiscendum,
3141 607 3288 646 nunc
3338 593 3786 664 circumspiciunt

2191 693 2476 749 pauperes,
2529 678 2763 744 debiles,
2819 695 3018 750 egenos
3061 679 3128 734 ad
3166 681 3556 738 miserandum.
3607 686 3786 740 Aures

2193 771 2600 825 delectabantur
2629 771 2813 825 auditu
2839 787 2997 834 vano,
3021 771 3108 826 vel
3129 771 3394 826 bonorum
3419 775 3614 845 deroga
3625 777 3784 828 tioni-

2193 861 2328 926 bus;
2361 877 2504 916 nnnc
2527 869 2916 916 convertantur
2947 863 3014 916 ad
3045 863 3374 916 audiendum
3403 864 3628 918 verbum
3667 865 3780 930 Dei,

2196 955 2262 1009 ad
2295 955 2730 1022 explanationem
2758 954 2910 1026 legis,
2957 965 3012 1010 et
3039 956 3106 1011 ad
3153 955 3472 1026 capiendam
3505 959 3784 1028 sapientum

2197 1044 2553 1114 disciplinam.
2621 1045 2825 1115 Lingua
2877 1062 2998 1115 qua:
3044 1047 3328 1114 conviciis,
3371 1048 3684 1104 maledictis
3733 1057 3782 1102 et

2199 1137 2539 1207 turpiloquiis
2570 1146 2783 1192 assueta
2810 1147 2912 1200 est,
2951 1146 3300 1191 convertatur
3329 1155 3470 1194 nunc
3519 1141 3584 1194 ad
3619 1139 3783 1194 bene-

2197 1227 2480 1284 dicendum
2509 1228 2792 1283 Dominum
2821 1227 2874 1281 in
2899 1228 3046 1282 omni
3079 1235 3348 1298 tempore:
3369 1243 3680 1284 sermonem
3703 1245 3784 1284 sa-

2197 1335 2326 1373 num
2363 1317 2620 1388 proferat,
2649 1329 2705 1373 ct
2741 1320 3021 1374 honestum
3041 1359 3056 1384 ,
3086 1327 3146 1372 ut
3189 1319 3278 1373 det
3309 1319 3536 1390 gratiam
3563 1319 3787 1375 audien-

2202 1409 2363 1474 tibus,
2389 1420 2444 1464 et
2471 1410 2752 1464 veritatem
2785 1409 3036 1478 loquatur
3067 1425 3189 1464 cum
3231 1410 3478 1480 proximo
3513 1426 3632 1466 suo.
3683 1409 3786 1464 Sed

2197 1497 2328 1566 quid
2365 1513 2499 1568 Opus
2541 1507 2624 1551 est
2679 1499 2791 1552 lucc
2846 1498 3052 1569 singula
3097 1500 3388 1569 persequi,
3444 1515 3564 1554 cum
3601 1509 3786 1570 pateat

2197 1589 2360 1643 etiam
2385 1589 2501 1652 tibi,
2527 1588 2948 1658 uniuscujusque
2975 1589 3204 1643 membri
3231 1590 3612 1656 ministerium,
3645 1589 3784 1658 quod

2197 1677 2442 1732 exhibuit
2475 1678 2639 1742 vitiis,
2675 1686 2860 1748 aptare
2883 1679 3190 1744 virtutibus,
3223 1687 3274 1733 et
3298 1687 3480 1734 actum
3509 1693 3672 1747 quem
3693 1693 3786 1732 ex-

2199 1757 2374 1828 hibuit
2401 1769 2774 1833 immunditirc,
2811 1770 2874 1823 ad
2899 1769 3204 1824 castitatem
3237 1786 3382 1824 nunc
3413 1771 3788 1825 sanctiﬁcatio

2199 1875 2429 1928 nemque
2451 1861 2802 1914 convertere?
2827 1859 3048 1915 Videtur
3069 1876 3202 1915 sane
3227 1861 3316 1916 hic
3349 1861 3672 1931 injustitiam
3697 1879 3788 1934 pro

2197 1949 2448 2004 omnibus
2493 1949 2652 2004 simul
2697 1951 2986 2004 virtutibus
3037 1953 3366 2016 nominasse,
3433 1955 3574 2008 sicut
3623 1969 3790 2008 econ-

2197 2041 2368 2094 trario
2397 2028 2737 2110 iniquitatem
2763 2057 2860 2111 pro
2883 2041 3134 2097 omnibus
3155 2044 3314 2106 simul
3338 2045 3486 2098 vitiis
3519 2045 3788 2116 posuisse.

2195 2131 2416 2186 Addidit
2433 2132 2818 2200 sane,justiti-.e
2845 2134 2896 2184 in
2925 2133 3430 2198 sanctilicationem,
3449 2135 3792 2204 quodvideli-

2199 2229 2286 2276 cet
2309 2221 2574 2276 castitatis
2587 2232 2797 2292 partem
2813 2231 2870 2276 et
2883 2219 3206 2293 generaliter
3233 2241 3352 2278 cum
3377 2228 3608 2290 cmteris,
3627 2235 3686 2280 et
3699 2241 3790 2295 per

2199 2314 2544 2381 semetipsum
2588 2315 2892 2382 specialiter
2937 2319 3356 2374 commendaret.
3399 2318 3512 2384 Sed
3561 2331 3614 2375 ct
3661 2321 3790 2374 illud

2200 2403 2399 2474 aspice,
2431 2404 2573 2472 quod
2595 2404 2792 2472 ubique
2835 2421 2930 2474 per
2959 2405 3074 2460 haec
3103 2408 3316 2461 arbitrii
3359 2409 3668 2462 libertatem
3701 2409 3790 2462 de-

2199 2492 2394 2564 signat,
2429 2501 2482 2548 et
2519 2493 2752 2548 ostendit
2781 2509 3220 2565 unumquemque
3246 2497 3450 2552 habere
3475 2498 3528 2550 in
3569 2511 3666 2550 sua
3697 2511 3788 2567 po-

2200 2591 2415 2650 testate,
2459 2593 2518 2638 ut
2547 2601 2666 2655 qua:
2693 2595 2816 2640 ante
2853 2587 3122 2656 iniqui-tati
3153 2587 3218 2640 ad
3257 2589 3596 2658 iniquitatem
3622 2589 3792 2644 servi-

2201 2675 2275 2729 tia
2307 2675 2663 2744 dependebat,
2693 2677 2824 2740 lure,
2864 2693 3124 2734 converso
3157 2679 3208 2732 in
3253 2681 3443 2733 melius
3485 2679 3780 2750 proposito,

2193 2764 2419 2835 justitia:
2487 2769 3008 2840 sanctiﬁcationique
3071 2772 3358 2842 dependat,
3409 2775 3552 2842 quod
3599 2773 3786 2843 utique

2203 2857 2320 2914 ﬁeri
2357 2873 2464 2912 non
2501 2867 2703 2928 posset,
2747 2859 2790 2913 si
2830 2869 2922 2914 aut
2953 2855 3168 2936 natura,
3201 2872 3260 2915 ut
3287 2865 3610 2932 quibusdam
3635 2864 3784 2918 vide-

2203 2957 2314 3014 tur,
2343 2958 2685 3018 repugnaret,
2715 2961 2806 3004 aut
2831 2961 3100 3006 astrorum
3127 2967 3320 3006 cursus
3347 2953 3660 3008 obsisteret.

2274 3039 2404 3093 Cum
2426 3041 2560 3094 enim
2588 3043 2720 3096 servi
2741 3044 2918 3096 essetis
2939 3045 3160 3112 peccati,
3191 3043 3339 3096 liberi
3359 3046 3520 3098 eratis
3539 3045 3790 3113 justititr.

2209 3129 2442 3201 (Atnbr.)
2465 3131 2807 3186 Manifestum
2836 3143 2938 3197 est,
2967 3135 3088 3202 quia
3109 3135 3198 3203 qui
3223 3134 3362 3189 liber
3385 3147 3472 3190 est
3497 3153 3530 3190 a
3555 3137 3686 3202 Deo,
3713 3147 3796 3192 est

2211 3235 2400 3276 servus
2441 3225 2690 3292 peccati:
2729 3225 2852 3278 dum
2887 3213 3074 3294 peccat
3097 3227 3264 3290 enim,
3291 3227 3501 3282 recedit
3531 3243 3562 3281 a
3589 3229 3714 3292 Deo,
3743 3238 3796 3282 et

2211 3311 2272 3366 iit
2317 3315 2416 3370 sub
2464 3323 2709 3384 peccato.
2743 3315 2924 3388 (Aug.)
2973 3317 3199 3372 Liberos
3252 3318 3382 3377 dicit
3405 3317 3654 3388 justitiaa,
3687 3337 3796 3375 non

2209 3403 2486 3478 liberatos,
2517 3421 2544 3458 a
2573 3417 2796 3475 peccato
2847 3419 3024 3462 autem
3055 3425 3161 3464 non
3189 3409 3413 3474 liberos,
3461 3427 3529 3465 ne
3561 3411 3658 3465 sibi
3693 3413 3794 3467 hoc

2211 3496 2538 3564 tribuerent;
2571 3499 2665 3554 sed
2691 3500 3104 3571 vigilantissimc
3139 3502 3330 3557 maluit
3377 3504 3562 3560 dicere
3595 3504 3794 3560 libera-

2209 3595 2310 3652 tos,
2347 3588 2588 3644 referens
2619 3592 2720 3644 hoc
2772 3592 2838 3645 ad
2873 3591 3020 3645 illam
3069 3592 3281 3648 Domini
3333 3597 3658 3649 sententiam
3689 3611 3704 3648 :
3739 3595 3796 3650 Si

2209 3693 2293 3730 vos
2349 3675 2522 3731 Filius
2561 3679 2874 3746 liberaverit,
2913 3691 3038 3735 tunc
3062 3699 3176 3737 vere
3207 3683 3360 3736 liberi
3417 3686 3566 3738 eritis
3610 3684 3792 3754 (Iona.

2207 3765 2324 3838 vn).
2375 3767 2556 3823 Liberi
2607 3787 2734 3840 ergo
2769 3787 2796 3824 a
2825 3771 3036 3840 justitia
3069 3787 3174 3827 non
3227 3785 3372 3838 sunt,
3429 3775 3534 3830 nisi
3569 3777 3796 3830 arbitrio

2207 3858 2461 3924 liberati;
2503 3861 2658 3916 liberi
2721 3871 2900 3916 autem
2957 3879 2986 3916 a
3033 3873 3254 3934 peccato
3311 3881 3418 3920 non
3483 3867 3638 3930 ﬁunt,
3691 3869 3796 3922 nisi

2207 3951 2382 4022 gratia
2427 3951 2724 4006 Salvatoris
2765 3961 2986 4022 propter
3029 3955 3173 4026 quod
3226 3954 3568 4012 admirabilis
3606 3957 3796 4014 doctor

2213 4040 2376 4094 etiam
2429 4043 2588 4096 verba
2629 4043 2744 4112 ipsa
2771 4043 3047 4100 discrevit.
3080 4042 3278 4118 (0rig.)
3334 4045 3468 4100 Cum
3491 4049 3628 4106 enim
3659 4051 3792 4106 serti

2204 4131 2613 4200 essetis,inquit,
2628 4134 2846 4200 peccati,
2871 4133 3019 4186 liberi
3039 4133 3212 4203 fuistis
3225 4135 3476 4204 justitia’.
3504 4135 3636 4192 Cum
3661 4153 3794 4210 ergo

2207 4222 2330 4292 quis
2359 4231 2585 4291 peccato
2607 4223 2794 4282 servit,
2815 4222 3034 4290 iustitiae
3065 4223 3200 4277 liber
3230 4235 3335 4288 est,
3377 4227 3482 4296 hoc
3511 4235 3618 4293 est,
3661 4229 3792 4282 alie-

2203 4330 2304 4369 nus
2351 4329 2380 4366 a
2421 4313 2654 4384 justitia.
2711 4313 2809 4368 llic
2855 4315 2995 4368 enim
3039 4315 3264 4370 liberum
3327 4318 3562 4373 alienum
3629 4321 3780 4384 dicit,

2203 4413 2258 4460 et
2285 4413 2430 4460 recte
2457 4405 2694 4476 quidem.
2721 4404 2891 4460 Nemo
2909 4407 3052 4460 enim
3087 4415 3262 4476 potest
3287 4405 3516 4478 iustitiae
3545 4409 3700 4466 simul
3733 4419 3788 4468 et

2204 4503 2424 4564 peccato
2441 4495 2660 4558 servire,
2678 4496 2814 4549 sicut
2857 4505 2908 4549 et
2932 4477 3180 4550 Salvator
3201 4498 3359 4562 dixit,
3382 4501 3506 4570 quia
3533 4519 3674 4556 nemo
3699 4519 3790 4572 pe-

2209 4595 2301 4640 test
2343 4585 2544 4638 duobus
2572 4586 2795 4638 dominis
2832 4588 3021 4641 seruire
3067 4587 3286 4659 (Matth.
3327 4590 3424 4658 VI).
3455 4591 3560 4646 Sed
3597 4592 3660 4646 de
3693 4593 3780 4648 llis

2208 4677 2418 4748 plenius
2441 4691 2600 4746 supra
2627 4677 2877 4732 diximus.
2902 4677 3036 4734 lllud
3057 4697 3187 4736 sane
3217 4681 3514 4740 notandum
3539 4695 3638 4750 est,
3661 4699 3784 4742 esse

2209 4769 2520 4830 libertatem,
2567 4769 2920 4842 culpabilem,
2976 4783 3030 4830 et
3077 4773 3402 4829 laudabilem
3453 4776 3784 4832 servitutem.

2207 4861 2342 4923 Nam
2369 4863 2592 4918 liberum
2626 4867 2988 4936 essejustitize
3021 4866 3224 4922 crimen
3251 4877 3334 4922 est
3365 4882 3618 4922 :servum
3653 4883 3786 4923 vero

2209 4969 2326 5010 esse
2381 4955 2666 5012 laudabile.
2715 4957 2866 5024 Quod
2909 4967 3086 5014 autem
3133 4957 3264 5012 dicit
3301 4957 3531 5026 justititc
3573 4975 3784 5014 servum

2207 5047 2346 5112 ﬁeri,
2379 5049 2534 5104 simul
2567 5049 2799 5116 intellige
2828 5057 2882 5102 et
2913 5047 3210 5118 sapientiae,
3239 5057 3294 5102 et
3317 5049 3528 5118 pietati,
3559 5061 3610 5102 et
3633 5049 3788 5117 pudi—

2205 5141 2369 5206 citiae,
2399 5150 2453 5194 et
2499 5141 2748 5195 omnibus
2793 5157 2900 5196 una
2927 5140 3238 5206 virtutibus,
3285 5139 3428 5194 sicut
3461 5141 3782 5200 econtrario,

2207 5233 2296 5304 qui
2329 5241 2536 5302 peccat,
2570 5248 2756 5287 servus
2787 5241 2872 5286 cst
2897 5231 3056 5288 simul
3092 5241 3146 5286 et
3193 5233 3642 5302 concupiscentim
3669 5249 3786 5286 ma-

2206 5323 2291 5388 ιω,
2341 5332 2394 5378 et
2423 5325 2535 5388 irm,
2585 5331 2638 5376 ct
2687 5323 2905 5387 furoris,
2953 5333 3010 5376 et
3049 5322 3422 5391 impudicitiae,
3463 5331 3520 5384 et
3563 5323 3782 5392 rapinae.

2207 5425 2262 5470 et
2292 5415 2541 5470 omnibus
2580 5413 2740 5470 simul
2779 5413 2919 5468 vitiis
2958 5429 3020 5467 ac
3071 5413 3372 5468 sceleribus
3413 5415 3600 5468 servit.
3633 5413 3782 5468 Unde

2203 5509 2560 5578 nosmetipsos
2603 5520 2814 5576 semper
2841 5507 3108 5562 discutere
3157 5505 3420 5561 debemus
3455 5521 3554 5575 per
3581 5505 3780 5575 singula

2203 5617 2425 5674 qumque
2449 5617 2565 5672 quae
2585 5603 2840 5672 gerimus,
2871 5611 2925 5652 et
2951 5601 3002 5652 in
3027 5613 3354 5668 unoquoque
3385 5607 3510 5653 actu
3543 5599 3780 5653 conside-

2203 5711 2323 5750 rare
2363 5695 2576 5748 cuinam
2624 5693 2938 5754 serviamus,
2983 5695 3276 5760 peccaton'e
3323 5691 3393 5746 ad
3421 5689 3778 5762 iniquitatem,

2205 5802 2272 5840 an
2302 5785 2524 5854 iustitia:
2554 5785 2608 5840 in
2631 5781 3137 5840 sanctiﬁcationem.
