3960 6362
215 460 361 519 N05

748 455 1293 514 ENARRATIONUM
1329 456 1396 511 IN
1432 458 1577 513 EPP.
1618 458 1820 514 PAULI
1861 458 1985 514 LIB.
2025 460 2113 515 IV.
2158 491 2221 501 —
2258 459 2324 513 IN
2365 460 2582 560 EPIST;
2614 460 2704 515 AD
2738 461 2898 516 ΗΘΜ.

3330 464 3465 519 Ηοϐ

292 576 457 645 Quem
483 592 604 645 ergo
639 575 866 643 fructum
889 574 1144 628 habuistis
1168 582 1290 627 tunc
1330 575 1381 627 in
1406 574 1493 636 iis,
1518 574 1571 627 in
1601 575 1787 643 quibus
1816 577 1863 638 Α
1894 576 2099 639 scribit,
2146 576 2341 629 habetis
2382 576 2607 643 fructum
2654 587 2880 629 vestrum
2916 592 2970 628 in
3020 576 3468 647 sanctiﬁcatione;

217 689 357 728 nunc
405 667 744 726 erubescitis?
793 665 933 719 Nam
959 665 1079 733 ﬁnis
1112 666 1322 719 illorum
1352 682 1492 720 mors
1531 676 1626 719 est.
1660 665 1794 719 Fru-

214 772 365 819 ctum
412 769 467 817 et
516 760 780 814 bonorum
840 766 894 812 et
955 758 1217 810 malorum
1270 771 1390 811 esse
1438 756 1594 812 docet
1649 757 1795 811 Scri-

211 863 375 926 ptura
397 851 598 917 divina,
631 859 691 905 ut
732 851 847 920 ipse
890 848 1139 905 Salvator
1165 849 1221 903 in
1274 849 1577 921 Evangeliis
1618 851 1791 906 dicit:

212 946 323 999 Aut
344 944 503 1012 facite
529 944 764 996 arborem
802 943 1010 1005 bonam,
1054 950 1102 994 et
1142 941 1370 1010 fructum
1407 944 1521 1013 ejus
1567 946 1793 1008 bonum;

211 1016 308 1087 aut
335 1032 490 1101 facite
517 1032 757 1087 arborem
802 1032 1019 1094 malam,
1056 1041 1101 1084 et
1142 1032 1371 1100 fructum
1404 1032 1516 1101 ejus
1556 1035 1792 1087 malum:

212 1139 322 1176 non
350 1131 513 1192 potest
538 1122 695 1175 arbor
723 1124 858 1175 bona
898 1123 1127 1191 fructum
1161 1122 1361 1176 malum
1418 1123 1610 1191 facere,
1635 1141 1797 1195 neque

212 1214 375 1267 arbor
410 1212 553 1267 mala
591 1212 818 1282 fructum
874 1214 1063 1268 bonum
1099 1216 1269 1284 facere
1315 1216 1531 1287 (Matth.
1588 1218 1707 1287 vu).
1738 1218 1796 1272 In

212 1302 411 1371 quibus
439 1303 771 1374 propositum
801 1313 855 1358 et
912 1303 1162 1360 voluntas
1209 1306 1446 1363 hominis
1475 1306 1637 1361 arbor
1690 1306 1797 1361 dici

207 1392 428 1449 videtur
454 1393 537 1448 vel
559 1394 721 1457 bona,
751 1393 835 1448 vel
860 1394 1027 1456 mala,
1059 1392 1266 1449 fructus
1293 1411 1422 1456 vero
1461 1397 1579 1466 ejus
1606 1410 1794 1465 opera.

209 1484 272 1540 Si
296 1486 416 1556 quis
442 1485 605 1557 igitur
625 1492 905 1539 convertat
932 1486 1139 1541 animos
1164 1496 1219 1540 et
1239 1488 1577 1555 propositum
1600 1489 1666 1541 ad
1683 1488 1800 1557 jus-

210 1576 411 1641 titiam,
442 1576 713 1631 erubescit
733 1576 850 1630 sine
884 1576 1044 1629 dubio
1070 1586 1118 1629 et
1153 1578 1265 1643 ipse
1290 1592 1345 1630 se
1379 1586 1530 1631 notat
1562 1580 1625 1631 de
1649 1579 1796 1647 prio-

209 1668 365 1722 ribus
385 1668 695 1739 gestisquae
733 1668 843 1735 egit
872 1666 1081 1734 positus
1132 1667 1230 1721 sub
1260 1676 1502 1737 peccato,
1532 1669 1656 1738 quia
1677 1669 1797 1736 ﬁnis

208 1758 425 1812 illorum
445 1774 582 1811 mors
612 1768 707 1820 est,
726 1757 816 1811 sed
847 1758 1084 1825 requiro,
1109 1773 1227 1827 qua:
1255 1758 1434 1812 mors?
1453 1757 1671 1813 Certum
1693 1768 1794 1824 est,

1896 682 1990 736 per
2026 668 2167 737 quod
2197 666 2433 739 indicare
2473 667 2600 720 mihi
2649 667 2865 721 videtur
2920 668 3062 735 quod
3100 668 3305 724 fructus
3353 684 3485 727 mm.

1894 758 1995 823 lus,
2046 758 2256 814 fructus
2298 759 2691 813 erubescendos
2744 767 2796 813 et
2824 760 3185 828 posuitendus,
3224 776 3329 816 non
3385 764 3477 820 ea

1895 858 2079 904 noster
2100 849 2353 913 fructus.;
2384 865 2494 903 non
2524 851 2669 903 enim
2707 850 2897 904 malam
2925 850 2976 903 in
3019 851 3178 905 nobis
3218 851 3471 925 arborem

1896 940 2036 995 Deus
2082 939 2364 1009 plantavit,
2396 953 2514 1007 quae
2554 938 2723 993 malos
2759 939 2964 993 fructus
3000 940 3287 1009 proferret,
3331 942 3473 997 sicut

1896 1042 1951 1085 et
1978 1033 2090 1102 ipse
2119 1033 2249 1087 dicit
2271 1046 2369 1102 per
2398 1032 2713 1100 prophetam
2751 1049 2761 1083 :
2800 1031 2908 1100 Ego
2949 1032 3178 1100 plamai
3224 1043 3271 1087 te
3318 1035 3467 1088 vitem

1897 1124 2223 1192 fructiferam
2274 1133 2539 1193 totamque
2568 1126 2823 1187 feracem,
2852 1124 3110 1192 quomodo
3152 1142 3394 1179 conversa
3421 1143 3473 1180 es

1895 1216 1950 1268 in
1977 1206 2381 1269 amaritudinem
2404 1216 2520 1268 vitis
2550 1214 2777 1268 aliena?
2818 1214 2952 1283 (Isa.
2986 1214 3062 1283 ν.)
3094 1214 3322 1270 Fructus
3347 1230 3473 1286 ergo

1896 1287 2067 1362 malos
2090 1307 2302 1361 etiamsi
2329 1304 2619 1360 aﬂ‘eramus
2661 1320 2764 1357 non
2800 1313 2925 1359 sunt
2947 1305 3137 1367 nostri,
3168 1305 3263 1358 sed
3290 1304 3478 1373 alieni,

1896 1398 1951 1453 id
1998 1406 2097 1462 est,
2139 1398 2343 1466 peccati
2382 1396 2627 1450 :lructus
2666 1406 2843 1449 autem
2895 1396 3066 1448 bonos
3096 1396 3139 1448 si
3190 1393 3479 1451 aderamus

1896 1487 1951 1541 in
2007 1486 2459 1551 sanctiﬁcatione,
2520 1487 2690 1539 nostri
2735 1495 2857 1540 sunt
2896 1486 3118 1560 fructus.
3163 1486 3299 1542 Istos
3333 1486 3476 1541 enim

1901 1577 2106 1631 fructus
2136 1585 2193 1629 ut
2221 1574 2436 1630 all‘erret
2488 1576 2719 1630 humana
2755 1584 2945 1628 natura
2976 1592 3004 1628 a
3050 1575 3341 1631 Conditore
3377 1590 3475 1631 suo

1900 1668 2179 1737 suscepit:
2214 1683 2339 1721 nam
2394 1664 2467 1719 illi
2519 1666 2679 1720 alieni
2736 1682 2840 1720 non
2891 1676 3017 1719 sunt
3066 1667 3117 1720 in
3174 1669 3328 1722 nobis
3384 1684 3473 1722 se-

1898 1760 2085 1812 minati
2110 1774 2138 1811 a
2168 1758 2310 1812 Deo:
2339 1757 2427 1811 ubi
2459 1772 2588 1811 vero
2622 1757 2752 1811 dicit
2778 1758 2939 1811 vitam
2969 1766 3223 1812 aeternam
3250 1760 3317 1813 ad
3346 1758 3474 1815 illud

208 1849 338 1919 quia
361 1864 465 1915 non
489 1849 592 1905 ista
613 1848 1069 1919 communisznon
1094 1848 1235 1901 enim
1271 1850 1391 1917 quis
1418 1858 1541 1917 post
1564 1857 1793 1903 mortem
1899 1850 2262 1919 aspiciendum
2320 1856 2435 1913 est,
2490 1850 2630 1919 quod
2690 1850 2800 1918 ipse
2828 1850 3101 1925 Salvator
3138 1851 3273 1906 dixit
3303 1870 3315 1905 :
3348 1851 3478 1907 Haec

208 1940 549 1995 convertitur
591 1938 657 1993 ad
688 1936 977 2005 justitiam,
1009 1938 1091 2005 vel
1120 1954 1218 2009 pro
1250 1939 1389 1993 male
1411 1940 1575 2009 gestis
1604 1946 1797 2007 praete-
1826 1924 1879 1983 Β
1902 1948 1978 1995 est
2016 1942 2118 1992 vita
2150 1948 2344 1991 (eterna
2375 1948 2431 1990 ut
2476 1950 2790 2007 cognoscant
2832 1949 2880 1993 te
2918 1924 3087 1993 solum
3119 1957 3290 1995 verum
3312 1940 3479 1996 Deum

208 2029 335 2084 ritis
366 2029 673 2085 erubescit?
701 2030 829 2097 quid
884 2044 1011 2098 ergo
1038 2030 1155 2082 est?
1186 2029 1556 2097 nunquidnam
1593 2029 1801 2098 peccati

207 2120 445 2173 mortem
482 2120 660 2173 dicere
692 2120 933 2177 videtur?
965 2118 1223 2189 quoniam
1264 2118 1439 2175 anima
1475 2135 1591 2188 qua:
1625 2128 1801 2189 peccat

204 2215 324 2284 ipsa
355 2214 603 2268 morietur
649 2212 865 2282 (Ezech.
912 2212 1111 2281 mu)?
1149 2228 1215 2265 an
1244 2212 1372 2266 illud
1417 2212 1586 2281 magis
1624 2219 1800 2280 potest

206 2302 460 2373 intelligi,
487 2302 629 2370 quod
665 2302 822 2357 istam
846 2310 1075 2355 mortem
1098 2300 1261 2365 dicat,
1298 2316 1403 2369 qua
1430 2316 1553 2355 cum
1580 2302 1797 2355 Christo

204 2392 445 2462 peccatis
460 2391 743 2455 morimur,
760 2398 813 2445 et
834 2390 977 2445 vitiis
1001 2407 1064 2445 ac
1080 2390 1373 2445 sceleribus
1398 2390 1559 2446 ﬁnem
1581 2392 1793 2457 damus,

208 2490 270 2537 ut
294 2481 578 2551 Apostolus
603 2466 718 2535 litec
743 2481 943 2535 dixisse
971 2481 1235 2543 videatur,
1270 2480 1394 2549 quia
1421 2480 1543 2547 ﬁnis
1583 2479 1797 2533 illorum

204 2590 349 2627 mors
372 2574 485 2627 est?
506 2573 737 2643 (ΔΝΜ.)
766 2573 952 2626 Finem
974 2572 1110 2625 dixit
1133 2574 1335 2626 exitum
1359 2575 1483 2627 vitae
1504 2583 1557 2628 et
1580 2582 1795 2627 actuum

204 2663 300 2718 cui
322 2672 414 2717 aut
446 2678 623 2728 mors,
668 2672 761 2717 aut
788 2663 895 2716 vita
939 2662 1195 2717 succedit.
1238 2662 1345 2717 Sed
1383 2663 1484 2717 hoc
1511 2662 1627 2719 loco
1652 2677 1797 2717 mors

204 2752 422 2821 duplex,
451 2768 479 2807 a
507 2760 680 2806 morte
712 2754 855 2806 enim
889 2753 961 2805 ad
986 2762 1209 2809 mortem
1242 2753 1522 2807 transitur.

282 2844 440 2899 Nunc
492 2860 613 2901 vero
653 2844 857 2897 liberati
915 2862 944 2896 α
987 2854 1218 2912 peccato,
1273 2846 1407 2899 servi
1448 2853 1621 2897 autem
1663 2842 1791 2911 facti

206 2933 343 3000 Deo,
392 2933 591 2987 habetis
641 2935 869 3002 fructum
922 2945 1142 2991 vestrum
1192 2936 1247 2987 in
1292 2936 1788 3002 sanctiﬁcationem,

202 3022 363 3093 ﬁnem
402 3041 518 3079 vero
545 3024 702 3080 vitam
730 3036 996 3079 (eternam.
1048 3025 1159 3083 lloe
1210 3033 1320 3087 est,
1346 3026 1390 3077 si
1436 3035 1654 3093 accepta
1706 3039 1789 3077 re-

1904 2038 1950 2081 et
2017 2045 2169 2097 quem
2222 2027 2408 2082 misisti
2448 2028 2628 2081 Iesum
2673 2027 2933 2082 Christum
2980 2030 3165 2100 (Joan.
3214 2031 3369 2101 xvu).
3414 2029 3482 2085 Et

1905 2120 2104 2175 iterum
2128 2138 2139 2174 ;
2168 2120 2279 2189 Ego
2316 2136 2432 2173 sum
2460 2121 2559 2183 eia,
2586 2121 2775 2175 veritas
2804 2132 2849 2175 et
2873 2124 2977 2175 vita
3018 2122 3197 2192 (locum
3228 2122 3371 2192 xw);
3428 2129 3482 2177 et

1902 2210 2015 2277 ipse
2037 2209 2321 2278 Apostolus
2354 2212 2407 2264 in
2438 2210 2556 2264 aliis
2587 2212 2713 2265 dicit
2736 2212 2861 2279 quia
2892 2213 3157 2281 rapiemu-r
3178 2214 3233 2265 in
3257 2212 3477 2267 nubibus

1903 2301 2103 2353 obviam
2132 2299 2339 2353 Christo
2362 2303 2414 2353 in
2447 2318 2569 2354 aera
2596 2311 2641 2354 et
2666 2304 2739 2354 ita
2767 2319 2967 2371 semper
2991 2320 3105 2355 cum
3130 2302 3349 2354 Domino
3379 2302 3477 2354 eri-

1901 2406 2013 2442 mus
2062 2389 2113 2458 (I
2142 2389 2323 2443 Thess.
2350 2388 2445 2461 tv).
2493 2389 2643 2443 Sicut
2678 2405 2804 2458 ergo
2840 2406 3053 2459 semper
3097 2408 3218 2445 cum
3255 2391 3481 2447 Domino

1900 2481 2062 2534 ﬁnem
2089 2496 2195 2534 non
2225 2480 2408 2545 habet,
2433 2480 2507 2534 ita
2538 2489 2592 2534 et
2620 2480 2728 2534 vita
2750 2490 2948 2535 aeterna
2973 2482 3179 2535 nullum
3204 2482 3363 2537 ﬁnem
3388 2483 3483 2538 ha-

1897 2574 2024 2627 bere
2046 2573 2313 2628 credenda
2341 2582 2443 2627 est.

1968 2663 2239 2733 Stipendia
2262 2668 2396 2719 enim
2420 2667 2616 2734 peccati
2638 2682 2797 2719 mors.
2826 2662 3009 2717 Gratia
3042 2674 3215 2717 autem
3234 2665 3336 2718 ~Dei
3372 2666 3476 2720 vita

1895 2766 2089 2809 caterua
2114 2756 2166 2808 in
2192 2753 2397 2809 Christo
2424 2756 2549 2809 Jesu
2580 2755 2802 2809 Domino
2838 2766 3031 2808 nostro.
3068 2755 3299 2828 (Ambr.)
3328 2756 3471 2822 Quaa-

1900 2858 2046 2902 stum
2075 2849 2281 2917 peccati
2302 2858 2528 2902 mortem
2556 2848 2704 2909 dicit,
2729 2848 2853 2916 quia
2869 2862 2965 2915 per
2989 2856 3265 2916 peccatum
3292 2862 3437 2901 mors
3463 2867 3474 2902 ι

1894 2954 1958 2993 ac
2002 2954 2099 3007 per
2129 2940 2231 2993 hoc
2276 2939 2367 3007 qui
2414 2938 2481 3006 de
2509 2948 2703 2992 caetero
2754 2938 3028 2991 abstinent
3074 2952 3133 2991 se
3159 2951 3189 2992 a
3218 2936 3475 3005 peccatis,

1890 3030 2214 3098 stipendium
2246 3031 2516 3099 accipiunt
2541 3032 2707 3084 vltam
2736 3038 3021 3094 teternam;
3068 3029 3193 3099 quia
3240 3029 3329 3096 qui
3373 3042 3477 3082 non

202 3113 465 3168 missione
505 3121 874 3182 peccatorum,
918 3114 1175 3170 bonorum
1214 3121 1431 3170 actuum
1463 3113 1642 3168 aemuli
1675 3112 1789 3166 {ue-

1894 3109 2135 3190 peccaut,
2167 3121 2326 3175 alieni
2354 3131 2477 3175 sunt
2506 3136 2534 3174 a
2566 3130 2737 3175 morte
2766 3122 3019 3174 secunda.
3045 3118 3197 3173 Sicut
3220 3118 3363 3173 enim
3394 3132 3479 3173 se-

201 3192 401 3271 ΐίηίυε»
440 3204 787 3273 εοαυίτειηυε
827 3205 1193 3268 δαιλεῑίιθιθων
1235 3203 1397 3259 “item
1445 3220 1579 3258 vero
1621 3204 1787 3257 habe.
1835 3280 1847 3282 Α
1891 3223 2117 3282 quentes
2133 3222 2411 3282 peccatum
2440 3214 2997 3281 acquiruntmortem,
3024 3212 3099 3264 ita
3119 3221 3171 3266 et
3192 3196 3477 3281 sequentes

203 3294 408 3359 bimus.
446 3294 500 3349 id
540 3302 642 3357 est.
681 3294 908 3358 exitum.
939 3294 1103 3355 vitam
1138 3301 1495 3363 perpetuam;
1530 3310 1563 3347 ει
1611 3304 1787 3350 morte
1814 3280 1859 3342 (ἶ
1892 3280 2251 3376 gratiambei,
2282 3307 2332 3359 id
2358 3315 2457 3367 est,
2485 3280 2643 3359 ﬁdem
2658 3304 3022 3374 Christi,.qum
3051 3304 3213 3358 donat
3235 3280 3475 3374 peccata,

203 3383 354 3438 enim
404 3382 539 3448 hac,
574 3397 735 3452 quam
763 3384 925 3436 ﬁnem
976 3383 1140 3455 dixit,
1194 3384 1542 3439 transibimus
1591 3386 1789 3451 advi-

1894 3396 2166 3451 habehunt
2196 3397 2365 3449 vitam
2390 3405 2645 3449 mternam
2674 3404 2731 3448 ut
2774 3395 3037 3466 gaudeant
3072 3408 3129 3447 se
3166 3394 3230 3446 ad
3271 3401 3479 3462 tempus

202 3483 319 3529 tam
374 3491 493 3546 quae
542 3476 658 3532 sine
713 3476 818 3532 fure
859 3483 959 3534 est.
1020 3474 1202 3545 (Ληθ.)
1244 3476 1397 3530 Hunc
1448 3477 1500 3529 in
1548 3477 1787 3532 sanctiﬁ-
1892 3485 2135 3549 dissolvi,
2168 3483 2411 3555 iacientes
2445 3484 2583 3537 hanc
2622 3498 2683 3537 se
2713 3484 2876 3537 vitam
2908 3489 3316 3547 consecuturos,
3359 3495 3478 3550 qua:

203 3567 423 3623 catione
472 3566 727 3630 fructum,
778 3566 872 3636 qui
910 3565 1115 3620 fructus
1170 3568 1353 3640 procul
1394 3568 1556 3622 dubio
1600 3569 1781 3623 chari-
1893 3583 1948 3629 et
1978 3575 2122 3628 omni
2170 3576 2331 3630 ttedio
2365 3582 2566 3637 careat,
2608 3582 2660 3629 et
2698 3574 3091 3644 successionem
3126 3587 3231 3627 non
3256 3560 3472 3627 habeat.

202 3667 291 3714 tas
320 3667 404 3713 est
453 3668 613 3727 atque
663 3674 826 3727 opera
865 3658 980 3727 eius
1030 3658 1172 3712 nullo
1213 3660 1377 3714 modo.
1411 3660 1609 3714 habere
1660 3676 1789 3729 pos-
1856 3704 1868 3718 κ
1892 3664 2074 3735 (Aug.)
2104 3664 2254 3719 Unde
2281 3674 2333 3721 et
2360 3664 2528 3732 ipsam
2546 3665 2708 3717 vitam
2727 3673 3005 3728 aeternam,
3035 3678 3153 3733 quae
3171 3672 3474 3717 certe'merc

204 3767 395 3808 sumus
422 3768 453 3806 a
480 3752 657 3815 nobis,
691 3752 784 3807 sed
817 3752 1077 3807 habemus
1107 3766 1208 3819 per
1245 3749 1507 3819 Spiritum
1541 3760 1791 3807 sanctum

204 3845 305 3915 qui
351 3844 508 3900 datus
546 3851 627 3897 est
662 3842 855 3907 nobis;
893 3844 965 3899 de
1000 3844 1114 3911 ipso
1146 3842 1359 3912 quippe
1382 3842 1562 3896 t'ructu
1603 3843 1788 3910 loque-

202 3936 369 3999 batur
393 3934 647 4004 magister
677 3933 847 3999 Deus,
893 3934 1106 4001 quando
1138 3933 1450 4003 palmitibus
1480 3934 1535 3986 in
1574 3949 1631 3988 se
1671 3949 1788 3987 nsa-

190 4024 461 4086 ~ﬂentibus
509 4028 717 4083 dicebat
769 4044 782 4079 :
835 4026 959 4081 Sine
1020 4043 1100 4080 me
1157 4025 1287 4078 nihil
1353 4027 1561 4094 potestis
1618 4026 1787 4095 facem

204 4118 392 4189 (Jo’an.
420 4118 530 4188 xv).
566 4116 897 4181 —-Uabetis,
943 4118 1133 4185 inquit,
1175 4116 1402 4183 fructum
1443 4116 1685 4182 vestrum,
1734 4118 1787 4170 in

205 4205 647 4273 sanctificatione,
693 4206 847 4273 ﬁnem
896 4221 1011 4258 vero
1058 4206 1215 4259 vitam
1262 4200 1530 4259 aeternam.
1585 4205 1785 4276 (Orig.)

207 4294 445 4352 Fructus
480 4294 743 4350 fruetibus
774 4304 1054 4369 comparat
1089 4304 1143 4351 et
1175 4296 1381 4365 peccati
1420 4295 1638 4365 quidem
1677 4294 1786 4348 fru-

209 4399 335 4446 ctus
358 4404 457 4458 pro
480 4388 674 4459 quibus
696 4403 862 4455 nunc,
884 4387 986 4442 hoc
1014 4396 1115 4450 est,
1148 4395 1331 4456 postea
1384 4400 1543 4454 quam
1573 4386 1789 4440 liberati

212 4498 245 4538 a
266 4490 488 4552 peccato
516 4490 571 4534 et
596 4479 731 4533 servi
758 4478 884 4531 facti
914 4478 1045 4539 Deo,
1074 4477 1244 4532 sancti
1276 4477 1623 4541 erubescunt,
1668 4492 1787 4545 pro-

208 4571 424 4628 nuntiat
460 4578 631 4626 morte
660 4568 832 4633 ﬁniri;
876 4567 1080 4622 fructus
1119 4582 1246 4620 vero
1272 4566 1494 4633 justitize
1527 4568 1619 4636 qui
1664 4577 1809 4625 sunt,

210 4660 267 4717 in
306 4659 750 4722 sanctiﬁcatione,
790 4657 951 4712 ﬁnem
987 4659 1120 4712 dicit
1150 4658 1393 4727 accipere
1420 4660 1585 4712 vitam
1621 4668 1781 4715 teter-

206 4766 357 4808 naut.
392 4750 452 4807 lu
474 4764 583 4819 quo
622 4748 747 4805 illud
773 4750 945 4817 primo
986 4764 1091 4803 non
1116 4758 1199 4803 est
1224 4750 1597 4812 omittendum,
1642 4751 1784 4817 quod

208 4842 422 4901 fruetus
455 4840 669 4910 quidem
706 4854 825 4903 eos,
854 4855 952 4909 pro
987 4841 1181 4909 quibus
1217 4836 1776 4905 nunc'erubescimus,

210 4932 265 4986 in
300 4946 407 4999 quo
432 4930 562 4995 sint,
601 4928 772 4985 noluit
800 4930 1079 4983 nominare
1124 4948 1137 4982 :
1172 4944 1360 4983 eorum
1395 4944 1523 4985 vero
1548 4929 1781 4984 fructum

208 5021 303 5089 qui
367 5020 579 5078 liberati
615 5030 739 5077 sunt
789 5036 818 5073 a
872 5027 1122 5089 peccato,
1174 5029 1227 5073 et
1286 5021 1427 5075 servi
1484 5019 1610 5074 facti
1658 5022 1785 5074 lsunt

210 5110 348 5175 Deo,
395 5111 525 5167 dicit
574 5126 694 5168 esse
738 5114 791 5165 in
839 5112 1304 5167 sanctiﬁcatione:
1332 5112 1593 5166 bonorum
1637 5112 1782 5166 enim

209 5202 553 5272 frequentius
592 5216 755 5270 quam
798 5205 1060 5260 malorum
1106 5204 1349 5258 habenda
1389 5204 1649 5259 memoria
1679 5211 1781 5258 est.

216 5295 325 5351 Sed
368 5304 424 5353 et
480 5294 605 5351 illud
646 5294 818 5350 adhuc
866 5296 1261 5350 observandum
1325 5306 1476 5365 puto,
1530 5295 1784 5363 quoniam

213 5387 555 5445 collationem
583 5387 811 5441 dimitts
836 5387 1101 5445 fructuum
1126 5389 1389 5443 malorum
1412 5398 1464 5443 et
1513 5388 1785 5442 ﬂuctuum

214 5478 482 5533 bonorum
511 5478 702 5535 fecisse
749 5477 1080 5546 Apestolum,
1133 5481 1273 5547 quod
1323 5482 1395 5535 ibi
1430 5480 1643 5549 quidem
1689 5480 1777 5533 ubi

216 5568 281 5623 de
311 5566 465 5620 malis
496 5567 755 5622 fructibus
804 5568 1035 5631 dicebat,
1084 5585 1188 5623 non
1222 5571 1377 5635 dixit,
1420 5572 1649 5624 fructum
1694 5586 1783 5625 ve-

214 5667 390 5713 strum
437 5658 717 5721 habuistis,
772 5661 823 5712 in
853 5662 1242 5728 quibusmune
1291 5664 1631 5727 erubescitis,
1687 5665 1779 5719 sed

214 5750 351 5805 dixit
384 5770 395 5803 :
421 5768 570 5820 quem
606 5768 723 5819 ergo
753 5754 976 5820 fructum
1001 5756 1294 5809 habuistis?
1320 5760 1406 5811 ubi
1435 5775 1562 5813 vero
1595 5760 1660 5815 de
1688 5762 1780 5815 b0-

214 5841 305 5901 uis
332 5842 599 5899 fructibus
634 5845 784 5909 dicit,
836 5847 1072 5901 additum
1103 5860 1183 5904 est
1227 5860 1441 5905 vestrum
1470 5869 1484 5915 ;
1530 5854 1607 5907 sic
1636 5856 1775 5908 enim

1891 3770 1982 3809 ces
2011 3764 2090 3809 est
2123 3770 2343 3824 operum
2381 3754 2664 3817 bonorum,
2704 3755 2929 3824 gratiam
2956 3754 3046 3808 Dei
3072 3752 3302 3826 appellat
3328 3753 3467 3821 Apo-

1890 3844 2080 3900 stolus.
2112 3844 2459 3913 Stipendium,
2500 3845 2691 3913 inquit,
2726 3844 2921 3912 peccati
2953 3859 3111 3896 mors.
3149 3834 3337 3896 Gratia
3378 3859 3477 3896 au-

1872 3944 1991 3988 tem
2014 3934 2118 3987 Dei
2148 3944 2251 3987 vita
2282 3944 2498 3995 aeterna,
2524 3936 2575 3986 in
2610 3932 2816 4007 Christo
2851 3933 2977 3986 Iesu
3022 3932 3243 3985 Domino
3273 3942 3472 3986 nostra.

1892 4023 2229 4093 Stipendium
2266 4041 2371 4094 pro
2391 4040 2553 4093 apere
2580 4025 2779 4078 militia
2804 4024 3042 4078 debitum
3069 4024 3333 4088 redditur,
3360 4037 3467 4077 non

1891 4116 2140 4171 donatur.
2203 4098 2325 4170 Ideo
2364 4115 2498 4168 dixit
2534 4133 2544 4166 :
2583 4114 2895 4183 stipendium
2942 4114 3140 4183 peccati
3196 4130 3359 4178 mors,
3412 4121 3472 4167 ut

1890 4218 2120 4264 mortem
2142 4218 2364 4278 peccato
2394 4225 2497 4261 non
2530 4209 2803 4261 immerito
2849 4207 3074 4272 illatam,
3109 4207 3199 4261 sed
3225 4207 3462 4263 debitam

1889 4303 2309 4366 demonstraret;
2338 4301 2507 4371 gratia
2528 4308 2705 4353 autem
2732 4300 2832 4352 nisi
2849 4299 3016 4368 gratis
3039 4306 3139 4362 est,
3164 4298 3334 4366 gratia
3360 4311 3467 4350 non

1890 4404 1988 4447 est.
2024 4390 2427 4461 Intelligendum
2453 4400 2533 4443 est
2560 4391 2721 4458 igitur
2741 4389 2899 4443 etiam
2926 4389 3039 4458 ipsa
3065 4386 3295 4440 hominis
3325 4386 3465 4441 bona

1889 4484 2081 4537 merita
2111 4498 2228 4537 esse
2256 4483 2349 4536 Dei
2372 4498 2613 4544 munera,
2644 4482 2962 4551 quibuscum
2990 4482 3098 4534 vita
3122 4488 3319 4533 teterna
3344 4479 3470 4533 red-

1897 4575 2057 4629 ditur.
2093 4575 2219 4644 quid
2263 4573 2365 4627 nisi
2388 4573 2556 4642 gratia
2587 4588 2684 4641 pro
2728 4570 2897 4641 gratia
2940 4571 3210 4625 redditur?
3237 4569 3471 4639 (Αηὴὺν.)

1888 4664 1955 4718 Et
1985 4666 2087 4719 hoc
2116 4664 2313 4718 donum
2347 4680 2376 4716 ει
2402 4664 2507 4716 Deo
2536 4678 2631 4731 per
2669 4660 2942 4715 Christum
2971 4660 3126 4713 nobis
3150 4659 3335 4713 datum
3358 4659 3464 4714 Do-

1888 4754 2091 4807 minum
2144 4762 2386 4807 nostrum
2428 4761 2683 4813 testatur,
2724 4760 2781 4803 ut
2807 4752 2914 4804 Deo
2946 4749 3089 4804 Patri
3128 4752 3326 4821 gratias
3370 4766 3466 4821 per

1886 4844 2092 4899 nullum
2124 4844 2352 4897 alterum
2380 4844 2481 4896 nisi
2513 4856 2607 4909 per
2632 4841 2825 4894 Filium
2857 4841 2971 4909 ejus
2998 4857 3233 4911 agamus.
3267 4840 3463 4913 (οι-ἕρ.)

1888 4935 2033 4990 Bene
2061 4942 2235 4988 autem
2250 4934 2641 5001 metaphoram,
2684 4930 2733 4984 id
2775 4942 2875 4995 est,
2907 4932 3129 5000 ﬁguram
3162 4932 3365 4987 militia:
3396 4947 3461 4987 ex

1887 5025 2038 5079 initio
2061 5023 2389 5092 propositam
2428 5027 2629 5083 servat,
2663 5030 2720 5073 ut
2748 5019 3097 5074 militantibus
3124 5018 3223 5073 sub
3240 5030 3462 5088 peccato

1889 5132 2033 5187 rege,
2062 5118 2168 5171 imo
2198 5116 2372 5185 potius
2403 5114 2668 5185 tyrannidi
2700 5114 2813 5182 ejus
2836 5113 3169 5183 parentibus,
3196 5115 3459 5187 stipendia

1890 5207 2066 5263 debita
2098 5215 2323 5259 mortem
2376 5206 2517 5259 dicat
2555 5203 2777 5257 exsolvi.
2836 5204 3000 5257 Deum
3030 5219 3157 5259 vero
3197 5220 3300 5259 non
3343 5215 3457 5260 erat

1889 5272 2381 5371 dignunnmilitibiis
2406 5297 2515 5350 suis
2544 5295 2806 5363 stipendia
2822 5294 2971 5362 quasi
2992 5295 3225 5351 debitum
3242 5296 3457 5373 aliquod

1890 5392 2039 5453 dare,
2066 5390 2172 5459 sed;
2195 5391 2389 5443 donum
2418 5397 2469 5441 et
2491 5386 2741 5456 gratiam,
2773 5400 2889 5453 qua:
2920 5394 2999 5437 est
3028 5386 3136 5438 vita
3165 5393 3366 5440 aeterna
3404 5386 3457 5455 in

1891 5485 2105 5541 Christo
2125 5482 2249 5538 Jesu
2282 5482 2505 5537 Domino
2534 5487 2734 5533 nostro.
2754 5477 2863 5545 Ego
2885 5493 2989 5531 non
3015 5486 3143 5546 puto
3171 5480 3329 5532 etiam
3357 5480 3456 5536 hoc

1891 5591 2115 5631 vacuum
2142 5591 2280 5641 esse,
2304 5574 2442 5643 quod
2458 5573 2521 5625 ad
2546 5572 2704 5624 vitam
2729 5580 2978 5625 aeternam
3003 5569 3207 5627 addidit
3230 5573 3282 5624 in
3306 5569 3459 5625 Chri-

1888 5677 1967 5722 sto
2014 5668 2139 5720 Iesu
2191 5663 2413 5718 Domino
2467 5672 2683 5721 nostro;
2736 5658 2828 5713 sed
2870 5659 2994 5729 quia
3047 5658 3293 5715 fortassis
3331 5658 3456 5712 sciri

1888 5760 2053 5815 voluit
2104 5759 2244 5812 aliud
2286 5772 2401 5809 esse
2454 5756 2615 5806 vitam
2657 5762 2913 5805 aeternam
2962 5752 3165 5816 solum,
3225 5760 3279 5807 et
3315 5751 3458 5805 aliud

1886 5853 2051 5907 vitam
2107 5860 2363 5905 aeternam
2417 5848 2469 5903 in
2528 5845 2741 5901 Christo
2788 5843 2930 5900 Jesu.
2980 5842 3048 5899 Et
3088 5842 3334 5901 illienim
3363 5842 3457 5911 qui
