3960 6326
485 391 619 443 1407

1115 387 1174 443 Β.
1214 386 1464 443 RABANI
1504 387 1721 444 MAURI
1759 387 2077 442 ARCHIEP.
2119 382 2426 441 HOCUN'I‘.
2471 379 2757 441 OPERUM
2792 386 2970 441 PARS
3005 383 3088 439 Ill.

3616 383 3752 438 ίωυ

483 505 704 568 surgent
750 498 802 550 in
841 496 1215 552 confusionem
1269 508 1321 551 et
1382 499 1728 568 opprobrium
1786 500 2070 568 sempitcr—
2094 499 2145 559 Α
2171 498 2482 552 citamentis
2511 499 2830 567 quibusdam
2857 499 2920 551 ad
2954 501 3299 567 peccandum,
3336 517 3443 554 non
3467 500 3754 555 ubedimns

482 609 635 655 num,
676 591 951 646 habebunt
975 593 1193 661 quidem
1224 593 1392 645 vitam
1430 600 1706 658 mternam,
1740 606 1848 646 non
1883 601 2062 645 tamen

482 683 536 737 in
582 682 798 738 Christo
852 680 1004 747 Jesu,
1060 683 1153 737 sed
1207 683 1262 736 in
1318 682 1633 738 confusione
1674 691 1728 737 et
1774 680 2064 750 opprobrio

481 783 682 828 teterno
721 791 733 826 z
761 774 894 843 justi
953 789 1082 828 vero
1142 774 1233 843 qui
1280 785 1503 844 surgent
1561 775 1616 828 in
1690 774 1854 827 vitam
1908 783 2065 828 aeter-

482 881 606 918 nam
663 865 718 918 in
759 862 982 920 Christo
1023 864 1190 930 Jesu,
1243 867 1517 920 habebunt
1568 867 1732 920 vitam
1783 874 2060 920 aeternam.

480 955 769 1019 Peccatum
817 971 945 1025 ergo
992 957 1252 1024 militibus
1296 957 1446 1021 suis,
1498 958 1551 1010 in
1594 946 1788 1025 quibus
1851 968 2061 1029 regnat,

480 1045 746 1116 stipendia
817 1046 975 1114 digna
1051 1046 1278 1115 largitur
1357 1053 1605 1101 mortem.
1670 1029 1898 1101 Mortem
1971 1064 2066 1102 au-

481 1141 586 1188 tem
658 1134 885 1189 dicimus
941 1150 1050 1188 non
1119 1138 1258 1190 hanc
1325 1135 1691 1205 corporalem,
1747 1137 1841 1191 sed
1917 1138 2061 1192 illam

483 1225 546 1280 de
564 1242 668 1294 qua
690 1227 950 1296 scriptum
973 1237 1076 1288 est,
1093 1229 1217 1296 quia
1238 1231 1438 1292 anima,
1459 1244 1576 1297 qua:
1597 1238 1793 1298 peccat,
1816 1229 1929 1298 ipsa
1951 1246 2064 1282 mo-

484 1316 644 1368 rietur
674 1314 892 1386 (Ezech.
925 1317 1102 1386 xvm).

1093 1428 1319 1485 CAPUT
1350 1429 1460 1484 Vll.

479 1513 640 1570 Ponit
667 1517 947 1595 Apostolus
972 1522 1318 1595 cessationem
1355 1524 1479 1595 legis
1509 1525 1708 1587 ueteris,
1738 1542 1854 1595 qum
1878 1536 1952 1580 est
1979 1525 2063 1579 lca:

758 1591 962 1651 mortis,
993 1601 1040 1643 et
1068 1601 1257 1644 tractat
1286 1592 1348 1644 de
1370 1592 1477 1660 lege
1515 1591 1754 1660 spiritus.

551 1675 633 1728 An
648 1678 922 1746 ignoratis,
947 1679 1158 1747 fratres,
1194 1681 1472 1735 scientibus
1497 1683 1632 1735 enim
1661 1683 1821 1754 legem
1853 1685 2058 1756 loquor.

479 1765 715 1836 (Amen)
758 1767 827 1822 Ut
855 1768 1064 1824 animos
1110 1770 1324 1824 illorum
1368 1771 1543 1826 firmet
1585 1773 1639 1826 in
1692 1773 1934 1830 doctrina
1982 1776 2062 1831 di-

477 1856 623 1920 vina,
655 1858 901 1927 exemplo
941 1859 1188 1914 humanae
1215 1861 1350 1932 legis
1394 1863 1582 1928 utitur,
1618 1874 1679 1918 ut
1717 1880 1816 1934 per
1846 1874 2061 1922 terrena

481 1949 708 2002 suadeat
769 1951 1036 2016 ccelestia,
1097 1953 1236 2008 sicut
1297 1971 1327 2008 a
1385 1957 1569 2009 mundi
1615 1968 1868 2030 creatura,
1918 1960 2063 2015 Deus

481 2039 810 2106 agnoscitur,
843 2041 967 2108 quia
994 2042 1136 2095 enim
1163 2043 1318 2097 unius
1343 2053 1425 2097 est
1455 2053 1645 2120 totum,
1680 2045 1804 2101 licet
1834 2047 2062 2102 diversa:

479 2125 588 2183 sint
647 2145 752 2194 res,
803 2146 867 2185 ex
905 2131 1081 2200 aliqua
1114 2142 1294 2188 tamen
1332 2146 1485 2205 parte
1523 2136 1622 2191 sibi
1650 2137 1884 2192 invicem
1913 2138 2062 2192 simi-

483 2219 560 2274 les
588 2229 732 2274 sunt.
762 2219 953 2277 Sciunt
988 2224 1130 2278 enim
1161 2224 1330 2297 legem
1363 2226 1613 2290 Romani,
1649 2228 1777 2296 quia
1804 2243 1908 2282 non
1936 2237 2062 2283 sunt

478 2311 720 2378 barbari,
767 2317 861 2370 sed
890 2318 1416 2386 comprehenderunt
1446 2319 1741 2373 naturalem
1770 2320 2059 2390 justitiam,

478 2403 676 2471 partim
706 2419 768 2458 ex
795 2405 1020 2470 Graecis,
1052 2407 1192 2460 sicut
1222 2416 1277 2462 et
1297 2407 1467 2462 Grazci
1488 2425 1556 2483 ex
1583 2410 1842 2465 Hebrazis.
1868 2410 2061 2477 Quatu-

479 2495 561 2548 vis
600 2496 745 2549 enim
793 2506 916 2550 ante
947 2497 1163 2569 Moysen
1216 2515 1319 2553 non
1348 2501 1563 2555 latuerit
1617 2503 1724 2568 lex,
1775 2504 1868 2557 sed
1918 2505 2050 2558 ordo

481 2598 588 2636 non
629 2592 750 2637 erat
778 2599 950 2652 neque
988 2588 1305 2642 auctoritas.
1343 2589 1474 2643 Nam
1525 2589 1670 2661 leges
1699 2591 1958 2646 Romanis
1993 2606 2060 2646 ex

481 2672 708 2728 Athenis
733 2674 953 2742 perlata:
982 2686 1124 2730 sunt.
1152 2677 1266 2732 Non
1311 2680 1679 2750 ignorantibus
1730 2697 1858 2753 ergo
1889 2682 2059 2752 legem

483 2762 612 2818 dicit
656 2782 666 2816 :
720 2765 860 2830 Quia
895 2765 979 2819 lea:
1024 2767 1328 2822 dominatur
1363 2771 1578 2835 homini,
1607 2781 1802 2841 quanto
1835 2783 2084 2842 tempore

481 2856 620 2909 vivit.
651 2856 766 2910 Non
795 2867 878 2912 est
913 2860 1180 2914 occultum
1207 2877 1420 2916 omnem
1466 2863 1629 2917 vitam
1676 2865 1908 2918 hominis
1940 2879 2060 2918 esse

482 2946 582 2999 sub
606 2945 718 3017 lege
766 2957 996 3014 naturae,
1024 2966 1144 3019 qua:
1174 2951 1297 3006 data
1335 2961 1417 3006 est
1444 2955 1642 3008 mundo
1669 2973 1680 3007 :
1715 2956 1829 3009 haec
1854 2954 1937 3008 lex
1965 2970 2059 3024 ge—

486 3036 687 3090 neralis
741 3047 844 3092 est.
897 3038 1049 3094 Nunc
1099 3056 1228 3094 vero
1271 3041 1431 3094 aliam
1479 3044 1729 3112 proponit
1775 3044 2060 3112 specialem

485 3126 755 3199 (quamvis
781 3138 835 3185 et
865 3132 978 3199 ipsa
1015 3131 1280 3200 generalis
1307 3142 1408 3196 est,
1441 3133 1533 3186 sed
1565 3134 1690 3188 dum
1726 3149 1832 3188 non
1861 3135 2058 3202 recipi-

483 3226 572 3272 tur
601 3220 668 3273 ab
694 3220 1021 3284 hominibus,
1063 3220 1123 3273 fit
1160 3221 1457 3292 specialis),
1485 3237 1582 3290 per
1612 3238 1770 3292 quam
1797 3222 1909 3276 vult
1934 3239 2062 3294 pro-

483 3307 614 3362 bare
645 3310 994 3364 assertionem
1022 3325 1197 3376 suam,
1235 3312 1496 3381 gradatim
1522 3313 1666 3366 enim
1697 3312 1809 3367 vult
1851 3313 2063 3368 tradere

486 3398 809 3463 veritatem;
831 3401 960 3454 dicit
982 3414 1109 3470 ergo
1143 3419 1155 3456 :
1189 3400 1330 3454 Nam
1360 3419 1474 3473 qua:
1501 3404 1594 3457 sub
1618 3404 1728 3457 viro
1757 3413 1831 3457 est
1852 3403 2061 3470 mulier,

489 3489 683 3542 vivente
729 3491 859 3550 viro,
903 3490 1120 3562 alligata
1158 3502 1233 3546 est
1257 3492 1358 3562 legi
1399 3493 1532 3557 viri;
1580 3494 1717 3564 quod
1751 3495 1795 3548 si
1829 3505 2065 3548 mortuus

491 3578 648 3647 fuerit
693 3581 771 3633 vir
796 3581 930 3650 ejus,
977 3582 1149 3636 soluta
1189 3594 1262 3637 est
1289 3602 1319 3637 a
1354 3584 1462 3654 lege
1493 3585 1632 3648 viri;
1664 3585 1824 3655 igitur
1870 3585 2064 3640 vivente

487 3667 599 3721 viro
631 3668 899 3722 vocabitur
936 3671 1196 3736 adultera,
1238 3673 1282 3725 si
1313 3672 1470 3742 fuerit
1513 3675 1703 3742 juncta
1738 3673 1889 3728 alteri
1931 3674 2061 3728 viro.

493 3756 678 3829 (Aug.)
731 3760 883 3827 Quod
924 3771 1104 3818 autem
1152 3764 1285 3820 dicit
1328 3784 1340 3819 :
1391 3764 1584 3819 Mulier
1625 3767 1761 3820 enim
1794 3767 1888 3820 sub
1932 3769 2064 3833 viro,

492 3852 602 3906 vivo
629 3854 838 3916 marito,
847 3853 1034 3922 juncta
1055 3865 1129 3908 est
1159 3854 1278 3925 legi,
1295 3856 1341 3908 si
1365 3865 1537 3908 autem
1561 3865 1797 3910 mortuus
1815 3856 1974 3925 fuerit
1991 3858 2068 3911 vir

493 3940 608 4010 ejus
626 3982 640 4005 ,
671 3954 923 3996 evacuata
946 3953 1024 3997 est
1052 3961 1083 3996 a
1110 3943 1219 4015 lege
1245 3945 1361 4009 viri,
1396 3955 1450 3999 et
1475 3956 1688 4000 caetera.
1715 3946 2069 4002 Animadver-

495 4029 714 4084 tendum
737 4041 821 4085 est
850 4032 1023 4089 istam.
1038 4033 1440 4088 similitudinem
1464 4033 1516 4088 in
1538 4034 1640 4089 hoc
1664 4033 1880 4089 dili'erre
1915 4037 1982 4090 ab
2002 4050 2066 4090 ea

497 4136 557 4175 re
584 4131 805 4191 propter
837 4139 998 4192 quam
1039 4126 1278 4180 adhibita
1304 4134 1420 4189 est,
1459 4126 1600 4195 quod
1623 4126 1712 4181 hic
1741 4127 1914 4181 virum
1940 4127 2070 4182 dicit

496 4213 668 4278 mori,
702 4221 759 4267 et
797 4213 988 4268 mulier
1029 4215 1194 4270 nubat
1233 4215 1316 4268 cui
1353 4215 1527 4280 volet,
1558 4215 1783 4271 liberata
1816 4218 2001 4286 utique
2038 4232 2069 4271 a

496 4299 612 4371 lege
633 4303 769 4368 viri;
800 4304 871 4358 ibi
900 4314 1081 4358 autem
1115 4305 1404 4360 constituet
1429 4306 1663 4359 animam
1697 4307 1853 4376 quasi
1884 4307 2072 4361 mulie-

501 4406 615 4445 rem
638 4432 653 4453 .
675 4393 849 4446 virum
871 4402 1048 4448 autem
1077 4396 1228 4465 quasi
1256 4397 1534 4464 passiones
1561 4407 1925 4466 peccatorum,
1951 4414 2072 4468 qum

499 4489 794 4549 operantur
819 4481 873 4535 in
901 4483 1180 4548 membris,
1209 4494 1270 4536 ut
1317 4484 1549 4539 fructum
1589 4484 1766 4539 ferant
1804 4487 1986 4550 morti,
2017 4487 2070 4540 id

502 4580 604 4634 est,
633 4582 692 4625 ut
713 4571 803 4624 tali
829 4572 1076 4644 conjugio
1102 4573 1281 4641 proles
1303 4573 1460 4643 digna
1487 4583 1756 4638 nascatur,
1773 4583 1825 4628 et
1851 4575 1935 4628 lex
1954 4591 2072 4644 quae

500 4663 624 4718 data
664 4670 745 4716 est
775 4677 878 4715 non
911 4663 976 4715 ad
1005 4662 1350 4718 auferendum
1383 4674 1685 4734 peccatum,
1715 4664 1798 4718 vel
1843 4666 1909 4720 ad
1942 4665 2074 4720 libe-

501 4753 766 4806 rationem
803 4768 833 4804 a
865 4761 1108 4819 peccato,
1141 4754 1234 4806 sed
1266 4753 1331 4806 ad
1362 4754 1752 4808 ostendendum
1791 4765 2070 4824 peccatum

502 4852 627 4896 ante
669 4843 917 4913 gratiam,
955 4858 1052 4913 per
1107 4845 1249 4912 quod
1297 4844 1497 4899 factum
1549 4855 1652 4910 est,
1702 4855 1762 4899 ut
1808 4847 1907 4900 sub
1957 4847 2073 4916 lege

501 4932 661 5002 positi
715 4932 1103 4987 vehementiori
1171 4933 1432 4988 desiderio
1497 4933 1769 5002 peccandi
1823 4949 2074 5004 raperen-

505 5032 611 5085 tur,
656 5031 710 5077 et
747 5022 977 5090 amplius
1033 5023 1203 5076 etiam.
1246 5024 1688 5091 pmvaricatione
1738 5033 2022 5092 peccarent
2056 5041 2070 5078 :

504 5126 625 5165 cum
653 5127 781 5182 ergo
815 5120 870 5166 et
900 5111 984 5167 ibi
1039 5113 1140 5164 tria
1185 5112 1322 5176 sint,
1359 5114 1536 5166 anima
1569 5120 1825 5181 tanquam
1860 5113 2071 5178 mulier,

471 5203 473 5206 ⁴
503 5203 782 5272 passiones
811 5211 1152 5272 peccatorum
1187 5209 1442 5271 tanquam
1480 5203 1582 5268 vir,
1629 5213 1684 5257 et
1706 5204 1788 5256 lex
1820 5212 2072 5271 tauquam

506 5294 592 5347 lex
636 5295 767 5360 viri;
814 5311 919 5348 non
960 5295 1032 5348 ibi
1079 5294 1316 5363 peccatis
1357 5297 1612 5361 mortuis,
1661 5303 1914 5364 tanquam
1957 5295 2076 5347 viro

508 5395 744 5448 mortuo,
772 5385 987 5438 liberari
1025 5386 1259 5438 animam
1289 5385 1436 5448 dicit,
1473 5386 1564 5439 sed
1629 5386 1798 5455 ipsam
1841 5387 2075 5438 animam

508 5475 646 5529 mori
672 5483 919 5544 peccato,
945 5483 1001 5529 et
1041 5476 1252 5529 liberari
1283 5493 1310 5528 a
1340 5476 1475 5544 lege,
1500 5485 1560 5528 ut
1594 5477 1663 5530 sit
1701 5476 1920 5530 alterius
1955 5477 2076 5538 viri,

512 5565 563 5619 id
601 5574 685 5619 est
720 5565 957 5630 Christi,
1007 5580 1128 5618 cum
1167 5576 1374 5619 mortua
1421 5565 1582 5620 fuerit
1612 5577 1857 5634 peccato,
1893 5577 2080 5636 quamv

512 5655 596 5710 vis
643 5655 816 5710 adhuc
859 5655 1012 5725 quasi
1065 5655 1277 5709 vivente
1335 5658 1450 5725 ipso
1499 5667 1757 5726 peccato;
1813 5659 1954 5726 quod
2003 5657 2079 5720 fit,

514 5760 638 5802 cum
687 5745 863 5801 adhuc
891 5746 1233 5801 manentibus
1282 5747 1336 5800 in
1369 5747 1522 5803 nobis
1569 5748 1878 5814 desideriis,
1915 5757 1969 5801 et
1995 5747 2081 5801 in-

2167 597 2377 662 tamen,
2418 603 2590 658 neque
2633 588 3030 654 consentimus,
3073 598 3252 642 mente
3299 591 3604 645 servientes
3651 586 3758 659 legi

2164 678 2294 740 Dei,
2343 679 2469 748 quia
2531 680 2729 733 mortui
2790 695 2978 733 sumus
3029 687 3272 747 peccato.
3331 679 3597 734 Morietur
3661 688 3759 732 au-

2164 777 2271 823 tem
2307 779 2360 823 et
2400 779 2703 838 peccatum,
2760 786 2880 823 cum
2917 769 3230 825 reformatio
3268 774 3516 841 corporis
3561 774 3619 828 in
3673 787 3759 826 re-

2164 862 2496 915 surrectione
2522 860 2662 915 facta
2699 861 2875 922 fuerit,
2909 863 2972 916 de
3000 879 3103 930 qua
3125 871 3249 932 post
3274 863 3424 926 dicit,
3454 862 3756 930 Viviﬁcubit

2163 961 2212 1006 et
2233 951 2478 1004 mortalia
2503 969 2724 1019 corpora
2771 963 2942 1007 vestra
2999 963 3207 1022 propter
3248 952 3506 1022 Spiritum
3536 970 3757 1007 manen-

2164 1051 2264 1095 tem
2315 1044 2368 1095 in
2407 1043 2566 1096 vobis.
2619 1043 2850 1113 (Ambr.)
2905 1043 3027 1097 Haec
3073 1044 3158 1099 lex
3202 1045 3266 1099 de
3301 1046 3592 1115 Evangelio
3635 1053 3752 1109 est,

2164 1148 2271 1186 non
2311 1149 2374 1187 ex
2429 1133 2628 1203 Moyse,
2676 1150 2848 1203 neque
2889 1151 2949 1189 ex
2992 1134 3202 1202 justitia
3257 1147 3495 1192 terrena.
3526 1137 3755 1208 Aliquid

2133 1235 2313 1292 .ergo,
2350 1221 2482 1276 duce
2521 1231 2738 1287 natura,
2764 1222 2964 1290 aliquid
2997 1236 3059 1275 ex
3101 1223 3215 1292 lege
3256 1224 3425 1294 Moysi
3466 1226 3755 1280 addiscen-

2165 1320 2266 1375 tes,
2296 1310 2516 1380 perfecti
2557 1311 2684 1365 facti
2725 1320 2850 1365 sunt
2888 1327 2984 1380 per
3017 1312 3360 1380 Evangelium
3389 1315 3611 1369 Christi.
3659 1314 3756 1371 Se-

2164 1404 2345 1470 quenti
2409 1419 2537 1476 ergo
2588 1405 2832 1472 exemplo
2881 1407 3118 1474 apertius
3172 1407 3360 1462 suadet
3425 1409 3757 1466 Christiani-

2165 1509 2338 1547 smum
2395 1504 2614 1548 exutum
2645 1511 2765 1549 esse
2797 1511 2825 1548 a
2864 1495 2978 1564 lege
3026 1496 3312 1567 factorum,
3343 1515 3448 1552 non
3485 1501 3551 1554 ab
3595 1491 3754 1554 omni

2164 1586 2312 1656 lege;
2342 1603 2442 1642 nec
2472 1588 2613 1641 ultra
2640 1589 2754 1658 jam
2800 1589 3051 1657 expedire
3082 1605 3202 1643 esse
3233 1592 3330 1644 sub
3359 1590 3497 1660 lege,
3528 1607 3595 1645 ne
3632 1607 3748 1662 gra-

2164 1677 2294 1730 tiam
2337 1676 2429 1732 Dei
2483 1688 2706 1733 evacuet
2739 1694 2990 1733 reversus
3035 1681 3131 1732 sub
3182 1680 3373 1749 legem,
3407 1681 3534 1749 quia
3570 1681 3749 1750 gratia

2163 1769 2259 1824 Dei
2301 1770 2551 1824 liberavit
2601 1770 2872 1825 hominem
2915 1787 2945 1823 a
2995 1769 3140 1841 lege,
3191 1781 3251 1825 ut
3301 1772 3522 1840 spiritu,
3573 1773 3628 1826 id
3668 1779 3752 1832 est

2166 1873 2366 1928 mente,
2398 1867 2598 1919 serviat
2619 1865 2745 1919 Deo.
2781 1864 3094 1918 Sicutenim
3124 1865 3338 1928 mulier,
3366 1874 3575 1918 mortuo
3601 1865 3746 1928 viro,

2165 1953 2392 2008 liberata
2445 1963 2528 2008 est
2567 1970 2596 2008 a
2626 1954 2742 2025 lege
2780 1954 2917 2020 viri,
2961 1969 3068 2008 nou
3098 1970 3128 2007 a
3157 1955 3275 2024 lege
3311 1963 3515 2008 natura:
3547 1972 3559 2008 :
3591 1956 3669 2008 ita
3695 1962 3750 2009 et

2165 2045 2218 2098 hi
2251 2045 2342 2114 qui
2368 2046 2539 2116 gratia
2568 2046 2660 2100 Dei
2686 2046 2896 2100 liberati
2926 2062 2958 2100 a
2978 2045 3095 2118 lege
3119 2056 3266 2112 sunt,
3296 2064 3324 2100 a
3353 2063 3455 2115 qua
3482 2048 3748 2102 teneban-

2166 2146 2253 2190 tur
2275 2138 2392 2202 rei,
2424 2146 2482 2191 ut
2516 2148 2728 2194 mortua
2761 2139 2867 2194 illis
2904 2139 3010 2204 sit,
3041 2147 3100 2192 ut
3121 2138 3534 2194 Christianismo
3573 2138 3749 2208 juncti

2163 2242 2270 2280 non
2325 2228 2434 2282 sint
2477 2229 2723 2282 adulteri.
2796 2228 2851 2282 Si
2906 2230 3048 2283 enim
3095 2229 3179 2282 lex
3234 2230 3372 2297 apud
3425 2231 3545 2284 illos
3589 2231 3747 2293 vivit,

2165 2316 2390 2370 adulteri
2417 2327 2575 2383 sunt,
2601 2326 2657 2372 et
2683 2318 2815 2371 nihil
2844 2318 2946 2373 illis
2971 2319 3211 2388 proderit
3239 2319 3582 2374 Christianos
3612 2320 3745 2385 dici”,

2165 2403 2288 2473 quia
2335 2405 2554 2462 obnoxii
2611 2416 2771 2460 erunt
2827 2405 3038 2460 ultioni.
3092 2407 3204 2461 Nec
3253 2408 3398 2462 enim
3460 2409 3595 2478 legis
3642 2410 3748 2464 erit

2169 2494 2402 2559 adulter,
2459 2495 2552 2549 sed
2609 2495 2912 2565 Evangelii,
2968 2497 3059 2564 qui
3105 2507 3317 2552 mortua
3360 2497 3477 2568 lege
3527 2499 3750 2567 junctus

2165 2585 2484 2656 Evangelio,
2531 2595 2654 2655 post
2685 2583 2822 2640 redit
2857 2587 2923 2639 ad
2949 2587 3118 2656 legem
3155 2607 3166 2640 :
3197 2599 3409 2642 mortua
3452 2590 3594 2643 enim
3659 2588 3748 2644 lex

2165 2670 2382 2734 dicitur,
2436 2671 2649 2740 quando
2677 2685 2838 2741 quem
2891 2673 3107 2725 tenebat
3144 2687 3320 2737 reum,
3369 2673 3610 2740 ignotum
3663 2681 3748 2729 est

2163 2760 2242 2824 ei,
2275 2761 2594 2814 auctoritate
2621 2761 2755 2831 legis
2776 2767 3043 2815 cessante.
3077 2759 3231 2825 Quod
3262 2762 3306 2813 si
3332 2771 3570 2815 mortuus
3587 2761 3745 2832 fuerit

2163 2850 2241 2902 vir
2263 2849 2408 2918 ejus,
2431 2849 2651 2904 liberata
2671 2860 2745 2904 est
2784 2868 2816 2904 a
2860 2850 2970 2920 lege
3001 2852 3129 2915 viri;
3160 2863 3216 2904 ut
3244 2868 3346 2904 non
3385 2853 3453 2905 sit
3482 2853 3744 2919 adultera,

2155 2942 2342 3011 juncta
2372 2943 2416 2996 si
2441 2943 2596 3011 fuerit
2621 2942 2773 2997 alteri
2793 2944 2920 2996 viro.
2950 2941 3153 2996 Sublati
3183 2959 3213 2996 a
3237 2943 3352 3014 lege
3371 2984 3385 3007 ,
3414 2955 3635 3014 accepta
3663 2960 3746 2997 re-

2164 3031 2422 3086 missione
2447 3041 2788 3100 peccatorum
2807 3073 2822 3097 ,
2852 3041 2906 3086 et
2928 3033 3098 3102 juncti
3135 3031 3457 3102 Evangelia,
3482 3050 3588 3087 non
3619 3044 3746 3090 sunt

2166 3123 2392 3176 adulteri
2416 3123 2567 3192 legis,
2608 3124 2734 3192 quia
2766 3131 2975 3178 mortua
3005 3124 3146 3192 apud
3178 3123 3298 3179 illos
3338 3133 3442 3178 est.
3478 3124 3534 3179 Si
3563 3136 3744 3180 autem

2089 3193 2134 3254 (ἶ
2166 3220 2446 3266 servantes
2498 3212 2708 3283 legem,
2757 3212 3017 3267 accedere
3060 3228 3117 3267 se.
3143 3223 3338 3283 putant
3383 3213 3448 3267 ad
3499 3213 3745 3282 Evange-

2167 3301 2316 3365 lium,
2350 3304 2430 3355 rei
2459 3309 2617 3355 erunt
2643 3312 2699 3357 et
2725 3301 2974 3366 adulteri,
3009 3303 3130 3371 quia
3163 3305 3281 3357 viva
3311 3303 3425 3373 lege
3447 3303 3742 3371 junxerunt

2166 3405 2224 3445 se
2253 3391 2398 3456 fidei,
2425 3401 2481 3447 et
2514 3401 2676 3447 erunt
2702 3393 2755 3446 in
2785 3402 3013 3463 utraque
3035 3395 3288 3449 adulteri.
3328 3394 3524 3467 (Orig)
3557 3397 3746 3452 Scien-

2166 3482 2310 3536 t'ibus
2348 3497 2478 3552 ergo
2527 3483 2700 3555 legem
2749 3484 2985 3553 loquitur
3019 3485 3230 3549 Paulus,
3277 3487 3330 3541 id
3370 3503 3476 3553 est,
3525 3488 3748 3543 scienti-

2164 3570 2266 3626 bus
2319 3586 2439 3640 quae
2489 3573 2560 3626 sit
2604 3573 2660 3627 in
2709 3572 2823 3643 lege
2879 3582 3119 3630 vetustas
3167 3575 3361 3629 littera:
3413 3586 3468 3630 et
3531 3578 3748 3632 novitas

2168 3661 2402 3732 Spiritus
2437 3681 2448 3716 :
2483 3664 2622 3732 quod
2685 3663 2776 3733 qui
2827 3665 2964 3720 bene
3012 3666 3146 3731 scit,
3193 3665 3343 3719 novit
3392 3666 3510 3720 sine
3561 3667 3745 3731 dubio,

2168 3754 2294 3823 quia
2322 3754 2394 3808 ita
2443 3754 2527 3810 lex
2571 3755 2880 3810 dominatur
2917 3757 3140 3821 homini,
3185 3756 3423 3826 quandiu
3473 3757 3627 3820 vivit,
3675 3756 3745 3812 si-

2170 3855 2263 3903 cut
2285 3849 2370 3902 vir
2397 3847 2631 3914 mulieri,
2655 3858 2709 3902 et
2731 3849 2879 3904 sicut
2921 3859 3094 3904 morte
3121 3849 3224 3903 viri
3263 3848 3526 3904 liberatur
3551 3849 3749 3905 mulier

2170 3953 2202 3992 a
2225 3938 2341 4007 lege
2366 3937 2616 4010 conjugii.
2640 3947 2694 3993 et
2721 3939 2961 3994 sociandi
2993 3955 3051 3994 se
3081 3939 3197 3995 viro
3222 3939 3312 3994 alii
3343 3941 3542 4009 accipit
3582 3940 3747 3995 liberh

2169 4035 2334 4084 tatem
2360 4046 2372 4080 :
2401 4029 2474 4083 ita
2496 4037 2552 4083 et
2575 4030 2752 4083 anima
2790 4030 2942 4100 cujus
2964 4029 3051 4083 vir
3078 4029 3164 4084 lex
3196 4039 3298 4094 est,
3329 4045 3454 4086 cum
3500 4040 3745 4085 vetusta-

2170 4128 2278 4175 tem
2319 4119 2516 4175 litterte
2552 4121 2604 4174 in
2633 4121 2749 4192 lege
2775 4117 3209 4192 deprehenderit,
3248 4125 3375 4193 quia
3420 4125 3567 4194 quod
3598 4134 3746 4180 vete-

2173 4211 2338 4267 rascit
2382 4226 2548 4281 prope
2612 4213 2992 4267 exterminium
3021 4223 3124 4278 est,
3172 4213 3338 4268 veluti
3381 4224 3596 4269 mortua
3645 4215 3746 4270 sibi

2171 4301 2286 4372 lege
2323 4302 2618 4356 secundum
2644 4301 2898 4366 litteram,
2931 4301 3126 4371 accipit
3151 4302 3478 4374 potestatem
3507 4302 3746 4358 nubendi

2174 4392 2265 4445 alii
2310 4392 2444 4456 viro,
2491 4393 2583 4461 qui
2630 4402 2715 4447 est
2765 4391 2986 4461 spiritus
3045 4391 3183 4463 legis
3230 4410 3244 4446 :
3297 4393 3518 4463 spiritus
3563 4402 3745 4448 autem

2176 4480 2438 4534 Dominus
2465 4489 2568 4534 est.
2598 4479 2754 4546 Quod
2793 4488 2974 4533 autem
3003 4480 3152 4546 dicit,
3182 4479 3291 4535 Lex
3325 4481 3636 4535 dominatur
3657 4482 3750 4535 Ito-

2101 4544 2152 4605 D
2174 4569 2324 4632 mini,
2353 4579 2547 4638 quanto
2569 4544 2796 4636 teinpore
2823 4568 2961 4630 vivit,
2997 4582 3103 4622 non
3133 4544 3202 4624 ad
3231 4570 3525 4635 hominem,
3555 4571 3648 4625 sed
3677 4570 3743 4625 ad

2175 4660 2346 4730 legem
2410 4659 2684 4713 refertur:
2733 4661 2837 4714 hoc
2886 4661 3029 4714 enim
3085 4669 3140 4714 et
3195 4661 3250 4714 in
3293 4664 3748 4730 consequentibus

2138 4804 2140 4807 .
2177 4750 2398 4813 indicat,
2447 4749 2537 4802 ubi
2581 4749 2728 4811 dicit,
2773 4749 2987 4803 vivente
3013 4748 3131 4803 viro
3160 4748 3377 4819 alligata
3426 4743 3511 4804 est
3536 4750 3661 4822 legi,
3693 4760 3751 4805 et

2178 4843 2346 4911 ipsius
2382 4841 2614 4911 exempli
2658 4834 2799 4910 quod
2848 4851 3182 4912 assumptum
3219 4851 3303 4896 est
3347 4841 3563 4911 plenius
3604 4842 3743 4898 idem

2175 4933 2309 4986 ordo
2355 4932 2613 4996 declarat,
2666 4932 2836 5004 legem
2878 4933 3021 4986 enim
3060 4932 3179 4987 loco
3215 4934 3319 4988 viri
3347 4934 3546 5004 posuit,
3595 4943 3650 4989 et
3679 4934 3745 4988 de

2177 5023 2290 5092 ipsa
2323 5022 2453 5076 dicit
2489 5040 2501 5074 :
2537 5020 2596 5076 Si
2630 5031 2803 5075 autem
2825 5031 3059 5074 mortuus
3079 5021 3242 5090 fuerit
3277 5023 3373 5086 vir,
3407 5024 3582 5076 soluta
3611 5032 3684 5074 est
3712 5037 3744 5073 ι

2175 5114 2283 5184 lege
2305 5116 2419 5168 viri.
2447 5113 2575 5181 Quae
2601 5122 2773 5167 tamen
2800 5114 2843 5165 si
2875 5113 2940 5167 de
2966 5112 3245 5183 apostolis,
3263 5112 3347 5168 vel
3366 5113 3432 5168 de
3459 5112 3546 5167 his
3564 5112 3655 5182 qui
3679 5126 3744 5167 ex

2178 5207 2590 5262 circumcisione
2615 5207 2984 5270 crediderunt,
3019 5206 3160 5259 dicta
3194 5205 3585 5275 intelligantur,
3616 5203 3747 5258 nihil

2179 5297 2600 5352 coritmovebitur
2630 5295 2973 5365 quaestionis;
3009 5293 3213 5349 clarum
3239 5309 3475 5363 namque
3503 5300 3588 5349 est
3609 5291 3746 5364 quod

2180 5387 2234 5440 hi
2265 5386 2433 5456 legem
2460 5386 2606 5438 velut
2625 5385 2797 5438 virum
2827 5384 3149 5450 habuerunt,
3177 5385 3276 5439 sub
3308 5382 3462 5452 cujus
3482 5391 3748 5454 potestate

2181 5478 2451 5530 vivebant.
2499 5473 2602 5529 Sed
2626 5476 2713 5528 ubi
2747 5474 3182 5544 venitplenitudo
3208 5484 3534 5542 temporum.
3563 5473 3647 5526 lex
3673 5473 3749 5525 in-

2183 5566 2386 5620 firmari
2425 5565 2588 5632 cmpit
2624 5564 2678 5616 in
2730 5578 2910 5628 carne,
2943 5572 2997 5617 et
3041 5562 3414 5616 infirmitatem
3455 5576 3601 5615 mors
3633 5575 3751 5614 cou-

2184 5663 2366 5712 secuta
2402 5664 2508 5718 est,
2559 5663 2614 5708 et
2639 5656 2683 5706 si
2712 5653 2800 5720 qui
2829 5653 2927 5706 sub
2968 5660 3234 5722 potestate
3281 5651 3384 5704 viri
3421 5649 3581 5718 hujus
3606 5651 3751 5704 vixe—

2185 5753 2307 5800 rant
2350 5753 2606 5813 tanquam
2641 5742 2852 5808 mulier,
2901 5750 3114 5798 mortua
3162 5743 3344 5799 littera
3396 5741 3616 5810 spiritui
3660 5755 3753 5796 nu-
