3960 6334
174 356 323 417 “09

667 320 671 322 ν
716 359 1265 420 ENARRATIONUM
1302 358 1370 417 IN
1408 358 1558 417 EPP.
1595 354 1804 417 psum
1835 354 1965 414 ua.
2004 354 2093 415 iv.
2133 383 2206 400 -
2229 356 2298 415 IN
2326 357 2544 417 EPIST.
2580 360 2673 417 AD
2710 359 2878 418 non.

3296 320 3437 424 nm

176 472 315 532 bunt
360 465 581 533 Christo
630 474 934 531 credentes.
980 473 1044 529 lli
1093 489 1224 528 vero
1248 471 1353 543 qui
1394 487 1462 526 ex
1511 466 2010 544 gentibu‘sAnullo
2075 486 2272 543 genere
2328 472 2510 528 vivere
2577 474 2628 529 ei
2696 475 2854 531 debet
2908 488 3153 533 vetustas
3204 479 3435 551 litterze,

175 566 411 625 Domino
470 566 845 631 crediderunt,
904 581 1011 621 non
1076 564 1403 618 videbuntur
1447 560 1548 616 sub
1598 559 1760 629 hujus

173 664 300 727 viri,
336 663 388 717 id
417 669 525 723 est,
552 659 651 715 sub
678 658 811 730 legis
833 666 1099 729 potestate
1126 657 1348 721 vixisse,
1384 670 1485 710 nec
1509 654 1761 710 habuisse

172 753 353 805 virum
388 739 524 819 legis
559 764 881 803 sermonem.
923 746 1313 802 Testimonium
1370 756 1551 802 autem
1602 744 1761 815 hujus

173 839 280 903 rei,
311 836 366 891 id
406 846 510 903 est,
542 837 683 908 quod
712 836 902 908 hi-qui
930 852 995 891 ex
1036 834 1451 891 circumcisione
1486 840 1613 888 sunt
1663 832 1763 887 sub

170 930 300 989 viro
334 926 567 994 fuerint,
613 929 669 983 hi
719 936 901 983 autem
947 927 1039 996 qui
1080 942 1148 981 ex
1185 926 1437 996 gentibus
1464 927 1583 981 sine
1619 927 1759 990 viro,

171 1018 345 1078 Isaias
369 1018 641 1075 clamabat
681 1008 867 1073 dicens
894 1035 907 1069 :
938 1015 1147 1071 Laetare
1171 1016 1365 1069 sterilis
1386 1033 1504 1086 quae
1530 1033 1635 1071 non
1664 1033 1761 1086 pa-

170 1108 256 1167 ris
276 1121 298 1163 :
326 1106 546 1178 erumpe
573 1116 620 1161 et
661 1106 855 1172 clama,
878 1122 994 1177 qua:
1026 1123 1129 1161 non
1161 1107 1394 1176 parturis
1417 1120 1435 1158 :
1464 1107 1591 1177 quia
1609 1106 1764 1161 multi

170 1200 278 1272 ﬁlii
304 1199 546 1264 desertis,
572 1200 739 1270 magis
766 1216 925 1269 quam
949 1198 1061 1268 ejus
1096 1214 1214 1269 qua
1233 1198 1385 1252 habet
1425 1199 1594 1252 virum
1623 1197 1759 1268 (Isa.

170 1306 267 1347 uv
286 1292 322 1356 ).
363 1289 560 1345 Multos
590 1288 731 1345 ﬁlios
758 1289 942 1345 dicens
972 1278 1222 1352 desertae,
1253 1288 1427 1360 magis
1451 1304 1613 1359 quam
1645 1287 1762 1357 ejus

170 1393 299 1450 qua:
334 1380 509 1435 habet
540 1378 741 1443 virum,
777 1380 904 1447 quia
958 1376 1128 1432 multo
1172 1377 1355 1447 plures
1410 1394 1477 1433 ex
1510 1380 1761 1451 gentibus

170 1485 341 1540 quam
398 1485 466 1525 ex
513 1469 926 1525 circumcisione
976 1469 1346 1535 crediderunt,
1413 1479 1468 1527 et
1529 1471 1766 1526 ostendit

171 1571 298 1612 eam
324 1573 445 1629 qua:
481 1557 644 1615 habet
670 1558 879 1623 virum,
908 1572 1234 1629 synagogam
1277 1572 1395 1613 esse
1438 1574 1558 1628 quas
1602 1559 1767 1615 habet

170 1649 383 1722 legem;
416 1650 689 1704 desertam
726 1658 861 1705 vero
882 1688 897 1714 ,
925 1660 980 1703 et
1000 1663 1190 1719 vagam
1208 1689 1223 1714 ,
1247 1662 1312 1703 ac
1338 1647 1455 1702 sine
1493 1648 1602 1702 ulla
1630 1648 1764 1719 legis

170 1750 450 1815 potestate
476 1740 750 1797 viventem
772 1783 788 1808 ,
819 1740 1062 1811 gentium
1093 1738 1527 1804 multitudinem,
1558 1755 1679 1808 quas
1709 1749 1766 1795 et

1866 577 1984 631 qua
2037 572 2121 618 est
2180 565 2335 633 quasi
2393 566 2541 633 prior
2586 566 2691 630 vir,
2743 583 2812 622 ne
2866 566 3006 624 forte
3054 570 3100 623 si
3151 570 3302 625 illum
3344 573 3440 627 ha-

1864 652 1989 707 beat
2026 652 2081 708 iri
2123 669 2184 708 se
2235 654 2529 711 viventem.
2575 653 2835 711 elliciatur
2882 658 3145 725 adultam,
3202 676 3322 731 qua:
3366 663 3441 720 ita

1865 744 2109 799 secundo»
2157 746 2359 800 sociata
2410 754 2515 810 est,
2580 754 2637 799 ut
2695 748 2743 800 ei
2787 749 2961 805 adhuc
3008 752 3215 807 viveret
3270 754 3440 823 prior.

1866 836 1983 892 Hoc
2003 846 2108 903 est,
2144 839 2291 908 quod
2321 852 2417 908 per
2463 839 2620 893 aliam
2661 838 2906 908 ﬁguram,
2948 853 3002 897 et
3047 845 3099 897 in
3140 847 3442 916 superiori-

1866 928 1964 982 bus
1987 928 2146 993 dixit,
2175 928 2301 999 quia
2330 929 2463 982 mori
2491 930 2642 997 prius
2667 938 2911 1003 oportet,
2929 941 2984 986 et
3014 932 3085 988 ita
3114 937 3439 1008 consepeliri

1865 1016 2103 1073 Christo.

1937 1107 2143 1180 Itaque,
2172 1111 2360 1180 fratres
2382 1115 2504 1176 mei,
2528 1120 2575 1165 et
2605 1129 2690 1166 vos
2717 1113 2910 1167 mortui
2938 1115 3059 1169 estis
3088 1114 3186 1185 legs
3213 1134 3305 1188 per
3330 1134 3446 1173 cor-

1863 1214 1961 1269 pus
1990 1197 2203 1265 Christi,
2228 1210 2283 1254 ut
2310 1202 2424 1256 sitis
2450 1202 2666 1257 alterius
2695 1204 2785 1273 qui
2807 1219 2871 1257 ea:
2892 1206 3111 1271 mortuis
3140 1211 3442 1274 resurrexit,

1866 1304 1924 1341 ut
1952 1289 2285 1357 fructicemus
2316 1291 2446 1344 Deo.
2487 1291 2673 1362 (Aug)
2715 1291 2824 1346 Cur
2869 1294 3074 1347 mortui
3113 1310 3298 1351 sumus
3338 1296 3445 1367 legi

1864 1390 1961 1446 per
1985 1392 2178 1446 corpus
2205 1376 2429 1442 Christi,
2463 1380 2507 1432 si
2534 1379 2671 1433 bona
2700 1391 2785 1435 est
2810 1381 2929 1435 lex?
2966 1383 3106 1452 quia.
3130 1385 3329 1439 mortui
3358 1402 3449 1439 su-

1864 1484 1985 1525 mus
2010 1470 2113 1540 legi
2144 1471 2462 1535 dominanti,
2496 1472 2707 1527 liberati
2730 1476 2797 1528 ab
2821 1492 2885 1531 ea
2917 1476 3144 1544 affectu,
3173 1494 3336 1549 quam
3360 1480 3448 1536 lex

1863 1558 2019 1628 punit
2043 1568 2099 1613 et
2120 1560 2358 1639 damnat,
2389 1562 2641 1616 usitatius
2671 1562 2814 1617 enim
2840 1576 3063 1622 vocatur
3094 1567 3199 1633 lex,
3228 1570 3445 1639 quando

1864 1648 2189 1721 dominatur,
2220 1660 2273 1706 et
2305 1660 2503 1718 terret,
2540 1660 2595 1707 et
2622 1653 2895 1720 vindicat,
2934 1665 3097 1727 atque
3128 1658 3269 1715 idem
3305 1677 3445 1731 pra:-

1866 1750 2083 1811 ceptum
2118 1742 2432 1798 timentibus
2471 1743 2557 1798 lex
2596 1755 2711 1808 est,
2760 1749 3064 1804 amantibus
3091 1753 3287 1821 gratia.
3318 1752 3448 1809 inde

173 1831 381 1901 sterilis
400 1839 520 1886 erat
543 1830 742 1887 nullius
784 1830 1007 1902 legitimi
1035 1829 1197 1885 verbi.
1213 1828 1497 1900 proferens
1520 1845 1761 1901 germen.
1798 1823 1843 1883 Β
1868 1840 1953 1886 est
1982 1831 2107 1885 illud
2134 1832 2186 1885 in
2219 1832 2503 1903 Evangelio
2528 1852 2541 1887 :
2567 1832 2675 1889 Lex
2698 1853 2790 1905 per
2819 1836 3037 1908 Moysen
3058 1841 3184 1895 data
3210 1852 3306 1904 est,
3330 1860 3450 1913 gra-

176 1919 409 1976 Ponitur
445 1935 576 1991 ergo
622 1919 677 1974 in
720 1919 806 1974 his
849 1919 919 1973 ab
976 1918 1237 1989 Apostolo
1289 1920 1471 1985 homo,
1527 1920 1620 1990 qui
1666 1920 1765 1975 sub

172 2010 297 2082 lege
331 2012 489 2075 vivit,
536 2022 793 2082 tanquam
837 2011 1029 2067 mulier
1052 2027 1174 2083 quae
1221 2013 1321 2067 sub
1350 2012 1469 2067 viro
1511 2022 1633 2079 est;
1681 2015 1767 2067 vi-

172 2118 301 2159 rum
351 2112 533 2158 autem
572 2102 726 2174 ponit
763 2117 1077 2177 sermonem
1119 2102 1274 2174 legis,
1314 2099 1438 2174 qua:
1469 2112 1647 2158 tamen
1688 2105 1767 2159 vi-

169 2207 298 2248 rum
320 2192 607 2249 mortalem
644 2193 798 2258 dicit,
827 2193 921 2264 qui
941 2202 1027 2249 est
1050 2191 1348 2249 secundum
1372 2193 1610 2249 litteram
1648 2210 1766 2250 ser-

169 2301 267 2343 mo
314 2286 465 2358 legis.
509 2284 616 2342 Sed
660 2286 707 2342 is
762 2286 1034 2357 quomodo
1089 2286 1161 2341 sit
1191 2287 1767 2363 mortuusperviden-

172 2378 305 2433 dum
332 2385 433 2432 est.
458 2377 646 2432 Potest
664 2374 889 2448 quidem
921 2377 1085 2431 etiam
1129 2377 1261 2431 mihi
1295 2377 1466 2434 videri
1500 2385 1764 2444 mortuus,

173 2484 303 2525 cum
332 2467 590 2538 spiritalis
624 2468 981 2540 intelligentia
1007 2468 1266 2533 excludit,
1299 2476 1354 2524 et
1392 2470 1537 2525 velut
1576 2470 1765 2525 interi-

177 2560 282 2615 mit
305 2559 668 2629 corporalem,
705 2568 762 2615 et
789 2558 1030 2615 ostendit
1054 2559 1426 2630 refugiendam
1470 2573 1591 2615 esse
1625 2561 1772 2615 occi-

176 2647 397 2705 dentem
439 2648 695 2712 litteram,
734 2657 789 2703 et
827 2658 1142 2716 sequentem
1172 2646 1551 2721 [sequendum]
1595 2649 1769 2716 vivitis-

174 2745 394 2793 cautem
450 2737 719 2807 spiritum.
764 2735 871 2793 Sed
918 2746 975 2793 et
1015 2738 1119 2794 hoc
1152 2739 1314 2793 modo
1362 2747 1607 2817 mortuus
1647 2754 1768 2795 esse

172 2826 267 2883 hic
316 2827 401 2882 vir
433 2828 741 2884 evidentius
768 2827 1173 2898 approbabitur.
1206 2827 1417 2882 Etenim
1462 2828 1547 2883 lex
1596 2829 1768 2884 donec

170 2917 425 2973 umbram
462 2918 689 2988 gerebat
713 2916 1021 2973 futurorum
1045 2918 1329 2982 bonorum,
1381 2926 1436 2973 et
1460 2919 1515 2973 in
1545 2917 1766 2974 Jerusa-

170 3007 281 3063 lem
308 3016 525 3063 terrena
576 3008 812 3064 caelestis
839 3008 1066 3064 culturae
1092 3019 1253 3081 typus
1296 3021 1350 3064 et
1381 3009 1560 3081 imago
1607 3024 1766 3078 gere-

170 3100 358 3165 batur,
388 3109 443 3155 et
472 3100 642 3156 altare
679 3100 930 3155 manebat
970 3115 1034 3155 ac
1074 3101 1457 3166 sacerdotium,
1489 3116 1668 3157 sermo
1694 3101 1769 3155 le-

172 3191 279 3262 gis,
311 3189 493 3244 littera
512 3189 790 3255 videlicet,
810 3190 991 3245 vivere
1013 3191 1317 3245 videbatur.
1346 3190 1593 3246 Nondum
1618 3192 1766 3246 enim

175 3278 465 3334 introierat
498 3280 553 3333 in
582 3288 769 3333 sancta
795 3294 901 3333 non
934 3278 1240 3339 manufacta
1263 3278 1530 3343 Christus,
1563 3295 1664 3335 nec
1684 3296 1768 3335 ac-

175 3377 423 3426 cesserat
460 3371 527 3425 ad
550 3370 794 3425 velamen
825 3370 1071 3435 interius,
1091 3369 1233 3439 quod
1260 3369 1327 3425 ad
1354 3367 1607 3424 Hebraeos
1634 3369 1768 3425 scri-

173 3460 314 3516 bens
342 3459 637 3529 Apostolus
686 3473 907 3515 carnem
949 3459 1154 3515 Christi
1203 3474 1324 3513 esse
1381 3459 1768 3527 interpretatur

176 3546 367 3623 (Hebr.
408 3550 485 3621 χ).
517 3550 618 3606 Ubi
638 3549 1027 3613 vero,Vetium
1054 3564 1177 3603 caro
1198 3548 1396 3618 factum
1418 3558 1514 3613 est,
1541 3558 1587 3601 et
1618 3548 1768 3602 habi-

175 3641 307 3696 tavit
341 3640 393 3694 in
438 3640 585 3695 nobis
625 3639 806 3711 (Joan.
846 3639 909 3713 ι),
945 3656 976 3694 a
1013 3638 1301 3709 praesentia
1327 3637 1445 3709 ejus
1465 3637 1765 3694 Jerusalem

176 3740 399 3787 terrena
420 3746 544 3786 cum
567 3730 765 3802 templo
791 3738 845 3786 et
873 3731 1050 3795 altari,
1068 3739 1228 3801 atqde
1260 3730 1512 3786 omnibus
1535 3746 1655 3800 quae
1690 3730 1764 3786 ibi

178 3823 508 3895 gerebantur
552 3838 741 3879 eversa
792 3830 895 3878 est.
947 3820 1099 3877 Tunc
1144 3829 1395 3877 mortuus
1425 3821 1510 3895 vir
1530 3820 1669 3890 ejus;
1708 3819 1763 3874 id

175 3894 299 3981 est,
347 3914 643 3971 secundum
687 3912 929 3967 litteram
973 3911 1080 3966 lex.
1130 3911 1213 3965 An
1264 3926 1371 3965 non
1408 3894 1532 3980 jure
1569 3910 1767 3965 dicitur

178 4004 238 4060 in
266 4006 371 4061 hac
421 4011 573 4075 parte
612 4010 859 4058 mortuus
902 4016 1079 4058 sermo
1107 4000 1261 4072 legis,
1295 4002 1381 4056 cui
1416 4000 1562 4055 nulla
1597 4001 1766 4056 sacri-

176 4093 327 4158 ficia,
358 4093 563 4148 nullum
587 4090 974 4155 sacerdotium,
1006 4090 1149 4144 nulla
1174 4089 1399 4145 Levitici
1425 4091 1636 4146 ordinis
1666 4092 1767 4145 mi-

177 4184 407 4239 nisteria
444 4182 793 4238 deferuntur?
822 4180 1158 4238 Homicidam
1193 4168 1389 4251 punire
1420 4197 1525 4237 non
1558 4192 1761 4251 potest,

176 4294 283 4335 nec
328 4274 629 4332 adulteram
696 4276 969 4347 lapidare;
1026 4274 1142 4330 hare
1189 4275 1332 4328 enim
1375 4274 1474 4329 sibi
1531 4276 1765 4330 vindicat

177 4371 552 4427 Romanorum
603 4375 860 4439 potestas,
899 4375 954 4421 et
1001 4366 1215 4421 dubitas
1254 4366 1430 4421 adhuc
1463 4367 1508 4421 si
1552 4375 1763 4421 mortua

176 4462 254 4519 sit
299 4453 596 4517 secundum
633 4459 869 4514 litteram
908 4457 1036 4512 lex?
1092 4457 1200 4513 'l‘er
1228 4458 1283 4511 in
1323 4472 1465 4513 anno
1501 4473 1763 4529 apparere

178 4551 413 4609 Domino
460 4549 638 4604 omnis
692 4547 965 4603 masculus
1028 4562 1136 4602 non
1189 4547 1473 4612 ascendit;
1528 4549 1644 4603 ovis
1707 4549 1762 4604 in

177 4642 477 4699 festivitate
496 4640 719 4696 Pascha:
756 4641 811 4695 in
852 4640 1070 4694 civitate
1098 4655 1259 4709 quam
1292 4639 1519 4710 elegisse
1547 4650 1768 4710 putatur

178 4736 443 4791 Dominus
489 4735 631 4788 Deus
678 4732 821 4788 nulla
846 4730 1143 4799 iugulatur,
1192 4731 1447 4799 manipuli
1498 4732 1765 4800 primitia-

178 4840 305 4881 rutn
337 4838 441 4878 non
468 4820 786 4886 offeruntur,
818 4821 961 4875 nulla
1004 4820 1311 4874 celebratur
1353 4818 1587 4884 oblatio;
1619 4821 1764 4875 nulla

179 4916 357 4987 lepra,
406 4912 551 4967 nulla
598 4910 844 4981 expiatur
875 4909 1239 4964 immunditia’.
1273 4908 1339 4961 Et
1382 4907 1617 4962 dubitari
1666 4924 1768 4978 p0-

183 5013 294 5062 test
341 5005 398 5059 in
432 5002 517 5058 bis
544 5002 797 5057 omnibus
830 5009 1097 5055 mortuam
1139 5014 1260 5054 esse
1303 4998 1537 5053 litteram
1589 4998 1766 5069 legis?

181 5097 324 5153 Cum
351 5109 483 5168 ergo
509 5093 768 5151 claruerit
816 5108 912 5163 per
937 5093 1052 5147 haec
1080 5090 1271 5151 omnia
1326 5098 1597 5144 mortuum
1646 5107 1767 5147 esse

184 5188 369 5242 virum
410 5186 669 5257 priorem,
708 5184 851 5239 nulla
880 5180 1260 5253 praevaricatio
1287 5188 1370 5235 est
1400 5178 1617 5236 Christo
1649 5191 1767 5236 tan-

185 5294 353 5351 quam
387 5279 504 5331 viro
537 5277 691 5331 alteri
727 5274 947 5340 sociari,
987 5274 1130 5329 sicut
1173 5271 1392 5357 mulieri
1426 5272 1632 5328 crimen
1659 5288 1766 5328 non

186 5378 274 5425 est
317 5369 383 5433 si,
414 5369 531 5421 viro
559 5366 739 5436 priore
779 5364 1054 5430 defuncto,
1080 5362 1337 5431 suscipiat
1364 5363 1599 5417 secunda
1632 5379 1762 5418 con-

188 5460 380 5522 nubia,
429 5466 483 5511 et
530 5443 815 5527 propterea
863 5455 1014 5518 dicit,
1075 5456 1236 5524 igitur
1274 5455 1468 5508 vivente
1529 5457 1641 5509 viro
1680 5473 1765 5510 co-

189 5547 583 5620 gnominabitur
614 5545 874 5610 adultera,
920 5545 965 5599 si
1016 5546 1175 5613 fuerit
1221 5562 1340 5598 cum
1382 5546 1488 5600 alio
1520 5549 1655 5613 viro,
1706 5557 1767 5603 ut

190 5637 449 5693 ostendat
476 5638 603 5705 quia
649 5644 705 5691 et
750 5635 931 5689 anima
980 5635 1236 5698 hominis,
1280 5634 1327 5689 si
1360 5634 1472 5704 jam
1515 5638 1663 5691 venit
1699 5637 1767 5692 ad

192 5730 494 5794 Christum,
517 5736 572 5783 et
593 5727 811 5784 Christo
838 5726 984 5782 velut
1008 5727 1244 5785 secundo
1272 5727 1390 5781 viro
1430 5728 1633 5782 sociata
1663 5736 1766 5795 eSt,

1869 1924 1943 1975 tia
1964 1933 2011 1976 et
2040 1925 2227 1978 veritas
2255 1942 2346 1995 per
2376 1924 2854 1992 Jesum‘Christum
2891 1930 3034 2000 facta
3062 1944 3137 1988 est
3166 1933 3347 2005 (Joan.
3374 1938 3446 2006 1);

1868 2016 2054 2071 eadem
2065 2017 2265 2097 quippe
2280 2017 2365 2073 lex
2380 2030 2499 2087 quae
2512 2032 2607 2089 per
2622 2018 2835 2090 Moysen
2852 2022 2974 2077 data
2991 2032 3096 2089 est,
3116 2033 3175 2079 ut
3196 2024 3452 2081 formida-

1871 2113 2039 2167 retur,
2062 2107 2235 2175 gratia
2259 2115 2313 2169 et
2334 2108 2536 2162 veritas
2557 2122 2653 2177 per
2677 2108 2859 2164 Iesum
2882 2110 3153 2168 Christum
3179 2113 3319 2170 facta
3343 2125 3446 2181 est,

1873 2202 1931 2248 ut
1958 2195 2303 2263 impleretur.-
2324 2197 2415 2252 Sic
2444 2214 2573 2267 ergo
2599 2194 2803 2253 dictum
2833 2209 2934 2268 est,
2959 2206 3152 2257 mortui
3180 2206 3302 2260 estis
3324 2205 3448 2275 legi,

1871 2301 1935 2340 ac
1964 2286 2009 2340 si
2041 2285 2314 2341 diceretur
2353 2288 2552 2342 mortui
2587 2289 2720 2345 estis
2754 2290 3016 2360 supplicio
3036 2293 3176 2364 legis
3204 2309 3303 2364 per
3332 2312 3453 2351 cor-

1869 2390 1969 2444 pus
1998 2373 2236 2439 Christi,
2274 2391 2372 2444 per
2399 2379 2541 2446 quod
2581 2387 2709 2432 sunt
2737 2380 2929 2435 delicta
2948 2382 3193 2450 donata,
3223 2401 3345 2455 qute
3371 2385 3452 2440 le-

1869 2464 2055 2532 gitimo
2105 2467 2379 2536 supplicio.
2404 2469 2865 2540 constringebant.
2909 2470 3137 2547 (Amb’r.)
3184 2475 3450 2543 Quoniam

1871 2552 2120 2609 Salvator
2150 2572 2347 2627 corpus
2390 2574 2545 2613 suum
2585 2559 2802 2615 diabolo
2832 2548 3148 2634 crucifigere
3180 2569 3452 2637 permisit,

1871 2644 2049 2700 sciens
2086 2662 2207 2701 esse
2248 2663 2344 2717 pro
2378 2648 2533 2703 nobis
2568 2660 2623 2703 et
2662 2658 2851 2705 contra
2892 2652 3076 2718 illum;
3118 2655 3328 2729 idcirco.
3358 2673 3457 2726 per

1870 2750 2064 2805 corpus
2089 2737 2289 2791 Christi
2315 2737 2491 2792 salvos
2523 2753 2622 2793 nos
2648 2739 2779 2794 dicit
2805 2740 2996 2796 factos.
3025 2742 3158 2798 Mori
3181 2745 3324 2799 enim
3351 2745 3455 2817 legi

1870 2825 2051 2881 vivere
2093 2835 2177 2881 est
2210 2827 2321 2883 Deo
2355 2846 2367 2881 :
2398 2829 2521 2896 quia
2551 2829 2634 2882 lex
2666 2830 3033 2887 dominabitur
3056 2836 3452 2902 peccatoribus.

1869 2914 1966 2970 Cui
1998 2932 2128 2989 ergo
2154 2919 2498 2986 dimittuntur
2526 2930 2767 2991 peccata,
2799 2925 3028 2979 moritur
3057 2926 3159 2997 legi
3185 2968 3199 2993 ,
3240 2929 3345 2984 hoc
3374 2937 3459 2984 est

1870 3007 2089 3062 liberari
2118 3025 2147 3061 a
2173 3009 2308 3079 lege.
2334 3009 2518 3081 Itaque
2544 3027 2641 3080 per
2663 3028 2860 3082 corpus
2887 3012 3089 3069 Christi
3118 3017 3220 3071 hoc
3262 3033 3456 3075 conse-

1870 3098 2090 3167 quimur
2116 3098 2435 3154 beneﬁcium
2469 3120 2479 3153 :
2514 3101 2735 3156 tradens
2758 3102 2901 3169 enim
2931 3116 3130 3173 corpus
3158 3120 3315 3161 suum
3342 3106 3458 3162 Sal-

1869 3196 2025 3241 vator
2051 3197 2279 3243 mortem
2314 3190 2474 3253 vicit,
2516 3199 2570 3246 et
2604 3202 2882 3260 peccatum
2917 3195 3224 3259 damnavit,
3257 3196 3310 3250 in
3340 3198 3456 3267 ipso

1868 3278 2010 3331 enim
2046 3278 2289 3346 peccavit
2318 3279 2585 3344 diabolus,
2616 3296 2737 3335 cum
2765 3281 2915 3335 illum
2940 3282 3281 3341 innocentem
3307 3288 3455 3343 occi-

1870 3368 1979 3435 dit,
2006 3370 2097 3439 qui
2132 3378 2413 3439 peccatum
2457 3372 2678 3427 omnino
2715 3374 2947 3429 nesciret
2985 3393 2998 3429 :
3037 3390 3159 3430 cum
3184 3378 3330 3432 enim
3351 3380 3453 3434 ho-

1870 3458 2067 3513 minem
2095 3459 2198 3513 sibi
2226 3460 2433 3529 peccati
2466 3476 2629 3517 causa
2657 3462 2992 3529 defenderet,
3020 3465 3269 3523 inventus
3298 3478 3379 3523 est
3403 3470 3457 3525 in

1869 3564 1933 3627 eo
1962 3564 2106 3612 reus,
2134 3550 2186 3602 in
2215 3566 2322 3619 quo
2349 3552 2657 3607 accusabat.
2691 3552 2827 3608 Hinc
2852 3553 3054 3609 factum
3078 3566 3163 3611 est
3188 3566 3247 3611 ut
3267 3574 3456 3616 omnes

1868 3638 2153 3694 credentes
2177 3640 2231 3693 in
2257 3640 2533 3697 Christum
2563 3650 2825 3697 eruantur
2850 3660 2882 3697 a
2912 3645 3048 3715 lege,
3082 3647 3295 3702 sublato
3326 3664 3453 3719 pec-

1868 3737 2019 3793 cato,
2046 3731 2175 3798 quia
2215 3731 2417 3786 victum
2442 3741 2723 3802 peccatum
2746 3774 2761 3798 ,
2789 3723 3033 3803 quod-est
3053 3734 3299 3793 diabolus
3315 3779 3329 3803 ,
3354 3755 3453 3808 per

1867 3836 2064 3891 corpus
2094 3821 2296 3879 Christi
2325 3840 2431 3879 non
2456 3825 2620 3880 habet
2641 3827 3016 3882 auctoritatem
3046 3829 3099 3882 in
3128 3844 3223 3885 eos
3258 3833 3348 3901 qui
3388 3835 3454 3889 ad

1867 3914 2015 3969 illum
2059 3910 2365 3985 pertinent,
2411 3934 2442 3971 a
2483 3934 2592 3988 quo
2632 3919 2806 3972 victus
2852 3927 2954 3974 est.
2988 3920 3124 3974 Dum
3169 3923 3314 3976 enim
3346 3939 3453 3979 non

1865 4015 2054 4079 peccat
2101 4016 2157 4061 et
2194 4008 2463 4063 occiditur
2503 4009 2657 4078 quasi
2701 4024 2853 4074 reus,
2894 4010 3023 4065 vicit
3068 4023 3348 4079 peccatum
3388 4016 3454 4070 de

1866 4104 2118 4168 peccato,
2143 4096 2246 4151 hoc
2269 4106 2351 4153 est
2381 4097 2653 4153 diabolum
2687 4098 2906 4167 proprio
2935 4113 3189 4169 peccato,
3221 4103 3365 4172 quod
3402 4104 3455 4158 in

1866 4204 1931 4243 eo
1953 4188 2191 4251 admisit,
2222 4188 2517 4251 damnavit,
2544 4197 2599 4243 et
2625 4190 3043 4258 chirographum
3067 4192 3207 4260 quod
3235 4203 3458 4261 peccato

1864 4278 1993 4332 Atla:
2019 4278 2296 4332 decretum
2317 4286 2454 4339 erat,
2486 4277 2698 4339 delevit,
2725 4280 2939 4346 quando
2964 4277 3037 4333 ab'
3060 4279 3250 4336 inferis
3275 4296 3454 4336 resur—

1865 4366 2024 4429 rexit,
2059 4366 2183 4420 data
2216 4364 2522 4433 hujusmodi
2550 4365 2721 4421 forma
2763 4368 3110 4429 credentibus
3149 4370 3286 4435 sibi,
3331 4380 3390 4425 ut
3424 4388 3456 4427 a

1865 4466 2037 4511 morte
2064 4457 2297 4511 secunda
2324 4445 2494 4511 teneri
2517 4472 2622 4512 non
2651 4466 2891 4527 possent.
2930 4459 3008 4513 Ac
3035 4474 3131 4528 per
3164 4460 3267 4516 boc
3309 4478 3455 4518 mor-

1870 4546 1947 4600 tui
1972 4562 2159 4601 sumus
2184 4546 2286 4615 legi
2309 4561 2405 4616 per
2426 4562 2624 4616 corpus
2643 4547 2844 4602 Christi
2871 4567 2885 4602 :
2912 4550 3002 4619 qui
3024 4551 3168 4605 enim
3188 4551 3291 4621 legi
3317 4570 3455 4608 mor-

1869 4646 1994 4692 tuus
2024 4628 2345 4701 nonfuerit,
2378 4654 2504 4693 reus
2530 4649 2629 4703 est,
2662 4648 2718 4693 et
2745 4640 2835 4709 qui
2869 4657 2992 4696 reus
3016 4652 3127 4707 est,
3160 4648 3451 4703 secundam

1870 4738 2097 4784 mortem
2124 4730 2355 4795 evadere
2381 4745 2488 4785 non
2515 4738 2711 4797 potest.
2737 4730 2935 4803 (0rig.)
2966 4732 3126 4789 Vides
3163 4742 3449 4805 quomodo,

1872 4823 1997 4877 licet
2031 4822 2325 4892 ﬁgurarum
2354 4822 2643 4877 diversitas
2673 4823 2952 4889 videatur,
2982 4827 3048 4878 ad
3079 4843 3243 4881 unum
3272 4838 3453 4885 tamen

1871 4927 2084 4968 sensum
2114 4920 2308 4966 cuncta
2340 4916 2682 4989 revocantur.
2715 4911 2850 4966 Nam
2889 4922 2944 4968 et
2979 4916 3122 4985 quod
3157 4916 3329 4988 legem
3360 4936 3455 4976 no-

1874 5003 1955 5057 bis
1999 5012 2267 5055 mortuam
2310 5002 2464 5064 dicit,
2489 5002 2589 5055 hoc
2621 5002 2762 5055 idem
2794 5002 3274 5077 videtur-intelligi,
3312 5009 3455 5076 quod

1872 5105 1925 5149 et
1981 5110 2081 5149 nos
2136 5094 2332 5148 mortui
2377 5098 2560 5149 samus
2610 5094 2712 5165 legi
2753 5110 2849 5164 per
2898 5111 3095 5167 corpus
3126 5097 3349 5165 Christi,
3400 5117 3454 5155 in

1870 5202 1978 5256 quo
2024 5201 2252 5254 corpore
2310 5187 2622 5255 iniquitates
2683 5196 2900 5244 nostras
2953 5190 3099 5254 tulit,
3142 5201 3196 5245 et
3230 5201 3451 5260 peccata

1872 5284 2061 5331 nostra
2085 5276 2322 5347 portavit
2351 5275 2485 5347 (Isa.
2518 5276 2636 5341 Llli)
2655 5317 2671 5342 ,
2701 5286 2755 5331 et
2782 5277 2834 5332 in
2871 5294 2977 5347 quo
3006 5281 3155 5334 emit
3185 5281 3456 5351 principa—

1876 5375 1962 5421 tus
1989 5374 2041 5421 et
2062 5375 2375 5435 potestates,
2400 5366 2736 5435 triumphans
2760 5358 2854 5421 eos
2877 5368 2929 5421 in
2953 5369 3261 5440 semetipso.
3281 5370 3455 5425 Festi-

1874 5458 2111 5511 nandum
2154 5465 2391 5525 estergo
2436 5456 2510 5509 ad.
2547 5455 2673 5508 istas
2719 5455 2984 5510 secundas
3029 5459 3245 5526 nuptias
3271 5497 3286 5522 ,
3333 5472 3455 5526 quae

1876 5547 2144 5602 beatiores
2172 5553 2297 5599 sunt
2325 5544 2489 5599 multo
2530 5559 2691 5613 quam
2723 5544 2929 5613 primae.
2972 5544 3042 5599 Et
3077 5547 3201 5601 vide
3234 5547 3278 5601 si
3319 5545 3457 5604 forte

1870 5634 1985 5704 jam
2025 5645 2137 5689 tum
2180 5636 2264 5691 lex
2299 5633 2434 5695 tale,
2465 5634 2646 5687 nescio
2676 5633 2838 5703 quid,
2870 5632 3230 5689 adumbrabat
3269 5636 3324 5689 in
3364 5647 3454 5698 eo,

1876 5741 1997 5781 cum
2020 5726 2242 5799 jubebat
2267 5734 2327 5781 ut
2369 5722 2587 5789 mulier,
2631 5732 2843 5779 mortuo
2871 5724 3063 5794 priore
3089 5724 3223 5788 viro,
3254 5722 3320 5777 de
3347 5736 3457 5789 quo
