3960 6320
494 274 629 333 “li

1096 264 1159 321 Β.
1197 263 1453 321 ΒΑΒΑΝι
1492 262 1712 320 MAURI
1748 258 2067 317 ARCHlEP.
2104 257 2413 316 MOGUNT.
2448 256 2740 314 OPERUM
2775 257 2955 313 PARS
2992 258 3079 315 Ill.

3612 255 3747 314 ibi!

495 402 680 446 semen
703 399 807 441 non
830 389 1145 452 susceperat
1178 380 1324 451 (talis
1344 379 1487 431 enim
1531 378 1705 431 fuerat
1726 376 1818 446 qui
1842 374 2079 429 fructum
2107 380 2156 441 Α
2183 383 2365 429 autem
2392 376 2583 429 mortis
2610 376 2729 430 ideo
2760 373 2904 429 dicta
2934 384 3038 451 est,
3070 375 3195 445 quia
3219 376 3374 446 punit
3404 388 3546 433 reos.
3568 379 3748 434 mortl-

498 496 606 538 non
621 485 803 549 posset
824 472 1061 542 afferre),
1090 470 1373 539 iuberetur
1414 467 1569 522 fratri
1589 468 1703 537 ejus
1719 466 1953 531 nubere;
1979 464 2081 519 fra-

501 581 588 630 ter
608 572 750 627 enim
773 570 983 623 videtin~
1006 564 1140 633 legis
1166 564 1359 617 littera:
1380 559 1673 615 secundum
1697 558 1945 627 spiritum
1971 557 2081 621 lex,

504 673 563 721 ut
582 665 651 720 de
682 664 797 733 ipso
820 657 994 729 magis
1016 656 1209 712 mulier
1232 652 1425 709 afferat
1446 652 1671 707 fructus.
1700 651 1807 705 Sed
1833 651 1949 706 haec
1972 649 2085 718 ple-

503 756 627 812 nius
667 752 722 806 in
750 751 884 806 locis
912 748 1023 803 suis
1048 746 1416 816 requirentur.
1446 744 1597 798 Nunc
1630 750 1833 807 autem,
1863 750 1921 795 ut
1948 740 2087 794 dixi-

502 860 646 910 mus,
676 842 826 914 prius
858 838 1195 896 moriendum
1244 844 1327 892 est
1369 836 1474 905 legi
1501 835 1717 900 litterae,
1745 840 1804 886 ut
1843 831 1923 887 sic
1959 846 2086 886 con-

498 933 651 1006 jungi
680 933 949 1004 possimus
979 930 1225 994 Christo,
1271 927 1363 996 qui
1395 941 1462 981 ex
1507 924 1733 979 mortuis
1762 914 2086 976 resurrexit.

577 1024 709 1079 Cum
738 1022 874 1077 enim
896 1036 1123 1074 essemus
1159 1019 1215 1071 iu
1248 1032 1434 1079 carne,
1470 1013 1733 1084 passiones
1759 1019 2089 1082 peccatorum

506 1129 621 1187 qua:
649 1127 741 1181 per
762 1108 923 1179 legem
944 1116 1084 1173 sunt,
1112 1106 1459 1176 operabantur
1478 1104 1532 1156 in
1557 1101 1798 1156 membris
1823 1099 2013 1154 nostris
2036 1108 2091 1151 ut

507 1200 885 1274 fructiﬁcarent
907 1200 1080 1254 morti.
1107 1195 1286 1267 (Aug)
1312 1194 1449 1259 Quid
1462 1200 1551 1247 est
1573 1206 1702 1262 ergo
1726 1207 1840 1244 cum
1864 1204 2090 1243 essemus

510 1294 567 1349 in
600 1309 786 1357 carne,
819 1290 923 1346 nisi
954 1304 1076 1344 cum
1106 1288 1173 1341 de
1206 1300 1370 1340 carne
1396 1282 1879 1354 praesumeremus?
1906 1281 1957 1335 id
1987 1288 2091 1344 est,

514 1385 580 1439 de
606 1384 761 1438 nobis
790 1382 1203 1444 conﬁderemus,
1236 1376 1443 1431 homini
1467 1374 1610 1429 enim
1647 1374 1849 1427 dictum
1884 1380 1997 1436 est,
2036 1378 2095 1424 ut

512 1473 579 1529 de
604 1448 916 1529 hominibus
944 1470 1274 1525 dictum'est:
1300 1464 1503 1519 Videbit
1529 1462 1695 1517 omnis
1718 1477 1840 1515 caro
1864 1460 2095 1514 salutare

519 1564 632 1620 Dei.
664 1564 805 1632 Quid
824 1570 913 1618 est
942 1561 1129 1616 videbit
1168 1560 1334 1613 omnis
1364 1572 1516 1619 caro,
1556 1554 1658 1609 nisi
1700 1553 1897 1608 videbit
1922 1553 2097 1607 omnis

513 1657 675 1711 homo
693 1656 715 1708 ?
736 1654 879 1724 Ergo
907 1668 1025 1705 cum
1056 1634 1282 1705 essemus
1310 1650 1362 1701 in
1390 1663 1568 1712 carne,
1604 1644 1658 1699 id
1684 1652 1786 1711 est,
1818 1644 1873 1698 in
1898 1658 2098 1697 concu-

2184 465 2310 522 fleat
2331 476 2509 521 autem
2530 477 2843 538 peccatores
2869 486 2881 520 :
2911 483 3017 521 non
3036 483 3166 538 ergo
3189 468 3332 542 gnala
3354 477 3459 533 est,
3483 469 3574 523 sed
3590 468 3750 537 justa.

2184 557 2439 625 Quamvis
2460 560 2603 612 enim
2630 558 2829 612 malum
2849 559 2918 612 sit
2941 557 3290 626 patientibus,
3310 560 3455 627 quod
3481 557 3704 613 infertur
3728 576 3756 615 ι

2184 647 2323 719 lege,
2352 649 2451 705 sed
2479 649 2567 703 illa
2604 631 2709 703 non
2742 658 2825 703 est
2856 649 3044 713 mala;
3074 648 3209 715 quia
3236 650 3381 718 juste
3410 648 3573 705 infert
3607 652 3755 704 iram.

2186 741 2371 811 itaque
2398 758 2503 796 non
2534 741 2675 794 mala
2704 750 2787 795 est
2826 741 3219 810 peccatoribus,
3266 742 3361 795 sed
3399 740 3565 807 iusta,
3614 743 3760 798 bonis

2188 846 2319 886 vero
2346 830 2603 900 spiritalis
2644 839 2745 885 est.
2793 828 2924 902 Quis
2950 830 3095 884 enim
3134 830 3362 899 dubitet,
3379 830 3620 899 spiritale
3648 848 3760 887 esse

2188 923 2475 992 prohibere
2502 921 2769 991 peccare?
2805 920 2913 975 Sed
2941 921 3066 989 quia
3104 921 3208 975 hoc
3234 935 3342 975 non
3375 921 3553 991 potuit
3579 932 3639 973 ut
3660 923 3761 975 sal-

2190 1011 2634 1085 varetghominem
2658 1012 2983 1065 remittendo
3001 1020 3243 1079 peccata,
3266 1011 3353 1066 lex
3394 1010 3521 1066 ﬁdei
3549 1012 3669 1066 data
3690 1022 3764 1066 est

2192 1116 2311 1173 quae
2338 1102 2623 1157 credentes
2644 1100 2907 1155 liberaret
2934 1100 2965 1153 ἐι
2990 1099 3229 1153 dominio
3262 1100 3428 1169 legis,
3470 1110 3529 1153 ut
3552 1108 3766 1170 possent

2195 1208 2447 1265 reparare
2477 1208 2535 1247 sc
2565 1192 2631 1267 ad
2662 1192 2850 1255 vitam,
2885 1206 3021 1261 quos
3039 1190 3125 1245 lex
3156 1189 3374 1245 tenebat
3404 1202 3525 1244 reos
3560 1192 3762 1244 mortis.

2193 1289 2326 1359 Ipsus
2348 1286 2592 1350 enimlex
2615 1285 2807 1339 mortis
2829 1291 2931 1349 est,
2960 1284 3157 1353 quibus
3179 1284 3588 1352 iram‘werttur
3616 1298 3763 1338 causa

2196 1376 2421 1449 peccati.
2449 1375 2648 1446 (0rig.)
2680 1376 2865 1429 Potest
2892 1384 3072 1429 autem
3100 1374 3220 1429 ﬁeri
3251 1384 3311 1429 ut
3343 1376 3446 1429 hoc
3476 1390 3580 1429 non
3608 1374 3767 1429 solum

2197 1472 2263 1527 de
2282 1471 2397 1541 lege
2420 1469 2747 1538 Moysi,qu:e
2781 1479 2863 1523 est
2891 1468 3184 1522 secundum
3204 1468 3468 1531 litteram,
3494 1468 3765 1529 sentiatur,

2197 1567 2289 1620 sed
2313 1565 2379 1619 de
2395 1564 2546 1619 omni
2588 1563 2825 1627 nomine,
2861 1560 3117 1629 quoniam
3156 1567 3367 1614 certum
3390 1558 3644 1627 estquod
3667 1558 3769 1626 qui-

2198 1658 2516 1727 bnscunque
2546 1653 2829 1717 institutis,
2864 1653 3271 1721 quibuscumque
3304 1650 3549 1704 moribus
3568 1649 3769 1718 agitur,

511 1743 791 1815 piscentiis
814 1742 1000 1797 carnis
1022 1754 1393 1803 versaremur,
1426 1746 1480 1791 et
1514 1738 1585 1791 ibi
1616 1745 1780 1791 totam
1820 1750 1967 1805 spem
2003 1750 2097 1789 no-

2212 1750 2355 1821 quasi
2384 1750 2481 1803 sub
2510 1748 2627 1816 iege
2659 1747 2762 1799 hac
2787 1760 2891 1815 qua
2917 1744 3086 1798 utitur
3108 1744 3293 1797 vivere
3320 1740 3627 1796 credendus
3656 1746 3767 1794 est:

513 1824 682 1891 stram
714 1844 967 1904 tanquam
998 1833 1050 1886 in
1089 1832 1242 1889 nobis
1278 1844 1631 1899 poneremus,
1655 1828 1940 1898 passiones
1974 1840 2097 1897 pec-

517 1934 760 1981 catorum
793 1938 912 1993 quae
940 1935 1035 1991 per
1080 1921 1253 1991 legem
1286 1929 1424 1973 sunt
1457 1927 1649 1982 auctae,
1678 1926 1803 1972 sunt
1829 1918 1969 1971 enim
2002 1932 2098 1987 per

518 2016 689 2087 legem
707 2031 718 2068 :
736 2011 1072 2085 prohibendo
1100 2026 1335 2079 namque
1354 2008 1599 2063 fecerunt
1622 2008 1752 2077 legis
1772 2007 2096 2077 prtevarieas

514 2116 685 2161 torem
705 2145 718 2170 ,
752 2104 878 2175 quia
918 2102 1005 2156 ille
1032 2101 1122 2171 qui
1152 2101 1532 2171 praevaricator
1566 2108 1648 2153 est
1664 2099 1849 2163 factus
1871 2138 1886 2162 ,
1931 2098 2101 2153 Deum

514 2216 623 2257 non
646 2194 1174 2262 habuitadjutonem.
1202 2194 1576 2263 Operabantur
1598 2207 1726 2261 ergo
1757 2193 1809 2245 in
1843 2191 2103 2246 membris

517 2289 741 2353 nostris,
773 2296 834 2340 ut
865 2287 1097 2340 fructum
1130 2278 1353 2348 ferrent,
1386 2285 1477 2338 sed
1508 2284 1591 2337 cui
1632 2284 1733 2338 nisi
1772 2284 1951 2338 morti.
1983 2282 2100 2337 Noli

517 2394 647 2449 ergo
687 2394 805 2433 esse
834 2378 891 2431 in
930 2392 1125 2441 carne,
1156 2376 1209 2429 in
1240 2376 1432 2444 spiritu
1461 2383 1597 2429 esto.
1628 2374 1765 2441 Quid
1794 2383 1876 2427 est
1909 2374 1959 2427 in
1994 2373 2104 2442 spi-

520 2469 627 2523 ritu
656 2466 808 2523 esto?
839 2467 890 2519 in
916 2467 1031 2520 Deo
1055 2480 1204 2534 spem
1227 2478 1383 2533 pone.
1416 2462 1642 2534 (Ambr.)
1669 2462 1836 2534 Igitur
1856 2463 1917 2517 in
1942 2478 2105 2518 carne

514 2574 660 2629 esse,
694 2557 993 2615 multifarie
1024 2556 1336 2626 intelligitur
1369 2573 1379 2607 :
1416 2570 1547 2609 nam
1582 2555 1759 2608 omnis
1800 2554 2107 2608 incredulus

518 2648 577 2703 in
603 2662 767 2703 carne
802 2654 902 2709 est,
931 2646 987 2699 id
1018 2653 1098 2699 est
1130 2644 1388 2709 carnalis,
1420 2653 1474 2697 et
1499 2643 1835 2697 Christianus
1864 2642 1963 2697 sub
1988 2643 2107 2712 lege

520 2740 709 2794 vivens
758 2740 811 2793 in
860 2752 1022 2792 carne
1067 2743 1179 2800 est,
1224 2744 1277 2789 et
1316 2736 1406 2803 qui
1454 2736 1519 2787 de
1550 2734 1864 2787 hominibus
1906 2734 2106 2802 aliquid

518 2839 736 2903 sperat,
768 2831 821 2883 in
850 2842 1015 2883 carne
1044 2830 1159 2891 est‘,
1186 2835 1238 2879 et
1268 2828 1313 2880 si
1334 2814 1461 2895 quis
1500 2825 1841 2903 Christianus
1870 2825 2107 2879 luxurio-

522 2900 638 2989 sam
667 2922 829 2977 habet
857 2920 1042 2983 vitam,
1079 2918 1130 2971 in
1162 2932 1325 2971 carne
1353 2925 1428 2971 est
1448 2958 1463 2981 ,
1494 2926 1547 2971 et
1573 2917 1663 2987 qui
1694 2900 1841 2989 male.
1862 2917 2109 2987 intelligit

525 3015 800 3071 Christum
829 3012 882 3065 in
914 3025 1076 3064 carne
1098 3020 1195 3064 est.
1223 3010 1335 3063 lloe
1356 3010 1470 3063 loco
1501 3018 1681 3063 tamen
1711 3010 1766 3063 in
1794 3025 1957 3063 carne
1984 3025 2106 3064 esse

2202 1844 2287 1897 cui
2317 1842 2501 1910 utique
2528 1840 2611 1893 vel
2636 1840 2753 1908 ipse
2780 1838 2917 1891 mori
2943 1836 3138 1899 debet,
3166 1834 3246 1887 vel
3285 1835 3399 1903 ipsa
3426 1832 3526 1897 illi,
3556 1846 3622 1885 ne
3644 1830 3772 1884 forte

2201 1934 2299 1999 sub
2324 1932 2429 1986 alio
2448 1932 2568 1985 viro
2596 1930 2770 1999 posita
2799 1928 2979 1981 anima
3007 1926 3073 1981 ad
3101 1924 3377 1981 Christum
3406 1923 3652 1984 veniens,
3678 1935 3773 1975 non

2202 2034 2310 2079 tam
2347 2024 2562 2094 nuptias
2588 2023 2715 2092 eius
2743 2021 2930 2083 adire,
2966 2033 3135 2089 qustu
3158 2015 3409 2070 adultam
3436 2012 3573 2069 elici
3602 2013 3772 2066 vides-

2202 2124 2321 2181 tur;
2353 2115 2547 2184 quippe
2574 2112 2623 2165 si
2649 2109 2849 2180 prioris
2876 2109 3049 2162 adhuc
3076 2106 3179 2159 viri
3205 2102 3417 2174 legibus
3449 2102 3602 2155 vivit.
3637 2098 3775 2165 Quod

2202 2214 2382 2259 tamen
2413 2200 2705 2271 Apostolus
2730 2199 2837 2251 alia
2864 2211 3082 2249 rursum
3104 2193 3276 2262 ﬁgura
3300 2192 3370 2245 ad
3387 2190 3643 2245 eundem
3669 2202 3779 2242 sen-

2202 2312 2323 2353 sum
2366 2292 2756 2363 explanationis
2793 2289 3027 2344 adducit.
3059 2286 3195 2341 Cum
3221 2286 3368 2340 enim
3402 2284 3457 2337 in
3490 2282 3777 2351 superiori-

2203 2387 2305 2441 bus
2328 2384 2398 2438 de
2432 2383 2548 2452 iuge
2585 2381 2779 2434 littera:
2816 2379 3176 2446 disputasset,
3206 2374 3351 2443 quod
3388 2373 3576 2440 utique
3604 2370 3668 2424 ad
3696 2386 3782 2425 eos

2204 2465 2480 2532 videretur
2511 2480 2717 2526 tantum
2746 2469 2841 2538 qui
2876 2483 2944 2522 ex
2986 2466 3407 2521 oirctmu'sione
3447 2461 3777 2517 crediderant

2205 2567 2495 2639 pertiere,
2521 2580 2663 2617 nunc
2688 2562 2870 2615 latenti
2895 2559 3126 2629 quadam
3152 2557 3509 2612 conversione
3534 2554 3712 2609 carnis
3732 2562 3783 2607 et

2210 2661 2462 2714 vitiorum
2486 2655 2717 2711 discutit
2754 2654 2948 2722 legem,
2978 2652 3046 2705 ob
3073 2650 3126 2704 id
3158 2651 3277 2703 sine
3301 2648 3485 2707 dubio,
3518 2646 3603 2700 vel
3630 2646 3781 2699 etiam

2208 2750 2273 2804 ad
2299 2756 2523 2803 cancros
2554 2744 2823 2806 homines,
2848 2751 2901 2795 et
2921 2754 3145 2794 noneos
3164 2738 3333 2801 solos,
3356 2736 3454 2805 qui
3476 2751 3548 2790 ex
3571 2734 3785 2789 cirum-

2210 2841 2413 2911 cisiqme
2450 2845 2593 2897 sunt,
2636 2841 2903 2888 tractatus
2926 2831 3035 2898 istc
3065 2828 3339 2898 pertinent
3374 2825 3676 2879 vida-em.
3698 2822 3787 2876 Ait

2211 2944 2363 2999 ergo,
2394 2941 2510 2980 cum
2532 2938 2759 2977 essemus
2796 2922 2851 2973 in
2896 2934 3069 2972 eam.
3094 2917 3161 2970 Et
3183 2916 3407 2985 quidem
3438 2922 3698 2983 quantum
3721 2914 3786 2965 ad

2213 3035 2326 3073 rem
2354 3024 2599 3087 spectat,
2648 3014 2702 3066 in
2747 3025 2909 3066 carne
2949 3006 3135 3077 utique
3164 3006 3373 3076 positus
3402 3004 3505 3058 ima
3546 3003 3786 3057 dicdaat:

527 3105 606 3161 sic
636 3100 1014 3170 intelligemus,
1044 3099 1168 3166 quia
1211 3107 1333 3151 ante
1374 3098 1531 3150 tidem
1578 3098 1631 3150 in
1671 3112 1834 3150 carne
1870 3111 2105 3162 eramus,
2137 3084 2182 3147 C
2215 3112 2306 3167 aed
2332 3084 2454 3163 οιξηι
2479 3107 2533 3160 in
2558 3118 2724 3160 came
2742 3117 3012 3164 essemus,
3055 3100 3157 3154 hoc
3205 3107 3305 3162 εει,
3346 3112 3470 3152 cum
3506 3096 3790 3151 mundum

529 3196 628 3251 sub
654 3200 885 3263 peccato
910 3191 1053 3246 enim
1082 3192 1392 3245 vivebamus
1412 3230 1425 3252 ,
1459 3190 1560 3244 hoc
1593 3187 1673 3243 es't
1713 3188 1955 3243 carnales
1987 3202 2113 3242 sen-

529 3300 621 3341 sus
634 3290 938 3352 sequentes,
961 3280 1107 3334 vitiis
1121 3289 1176 3333 et
1199 3280 1436 3348 peccatis
1462 3279 1891 3347 subjacebamus.
1912 3275 2117 3331 Sensus

531 3384 711 3430 autem
740 3372 918 3428 carnis
942 3379 1047 3433 est,
1085 3386 1191 3424 non
1223 3370 1441 3425 credere
1466 3368 1746 3439 spiritalia,
1776 3368 1828 3421 id
1857 3377 1970 3431 est,
2001 3369 2117 3422 sine

532 3464 913 3523 commixtione
927 3463 1029 3516 viri
1042 3462 1301 3532 virginem
1320 3461 1610 3530 peperisse,
1629 3469 1681 3513 et
1694 3472 1757 3512 ex
1774 3474 1910 3529 aqua
1927 3468 1981 3512 et
1999 3457 2118 3529 Spi-

546 3556 649 3610 ritu
691 3562 877 3610 sancto
916 3553 1190 3611 hominem
1236 3553 1409 3605 denuo
1439 3552 1618 3615 nasci,
1652 3560 1705 3604 et
1738 3551 1966 3605 solutam
2004 3550 2121 3603 ani.

540 3661 689 3702 tuam
708 3661 739 3700 a
766 3644 955 3716 copula
981 3643 1161 3699 carnis
1182 3658 1376 3697 rursus
1400 3642 1453 3695 in
1478 3656 1643 3695 carne
1669 3656 1907 3711 surgere.
1933 3642 2009 3694 De
2036 3640 2120 3695 his

541 3736 806 3804 difﬁdens,
842 3739 897 3792 in
928 3750 1091 3791 carne
1129 3743 1232 3799 est,
1267 3734 1391 3788 hinc
1420 3753 1430 3785 :
1477 3732 1637 3798 Vitia,
1666 3734 1769 3799 ait,
1794 3742 2120 3802 peccatorum

548 3847 664 3901 qua:
699 3846 789 3901 per
828 3828 987 3899 legem
1042 3825 1417 3891 ostenduntur,
1468 3825 1815 3893 operabantur
1866 3825 1921 3878 in
1970 3840 2124 3877 mem-

545 3918 653 3976 bris
713 3920 950 3981 nostris,
1006 3927 1061 3970 tu
1108 3916 1485 3985 fructiﬁcarent
1554 3916 1723 3968 morti.
1783 3914 2122 3970 Manifestum

541 4021 649 4076 est,
680 4013 806 4082 quia
832 4012 923 4081 qui
950 4007 1249 4063 non'credit
1277 4008 1375 4062 sub
1404 4015 1626 4076 peccato
1644 4007 1777 4077 agit,
1803 4016 1858 4061 et
1880 4008 2125 4077 captivus

544 4102 777 4157 trahitur
828 4100 897 4153 ad
944 4098 1073 4153 vitia
1138 4096 1502 4161 admittenda,
1556 4106 1613 4149 ut
1670 4095 1917 4151 fructum.
1963 4096 2127 4151 faciat

540 4190 705 4247 morti
735 4188 1006 4253 secundze,
1035 4187 1241 4240 lucrum
1274 4186 1416 4239 enim
1464 4194 1589 4240 tunc
1627 4185 1753 4240 iacit
1790 4202 1967 4251 mors,
2000 4200 2126 4240 eum

536 4289 818 4359 peccatur.
843 4278 900 4333 lu
926 4275 1187 4333 membris
1220 4284 1399 4333 tamen
1421 4276 1557 4330 dicit
1588 4276 1713 4329 vitia
1744 4275 1979 4345 operari,
2014 4291 2124 4330 non

544 4374 597 4427 in
628 4384 885 4439 corpore,
924 4382 992 4422 ne
1029 4367 1246 4421 occasio
1282 4376 1425 4421 esset
1444 4366 1581 4421 male
1615 4368 1969 4423 tractamibus
1989 4384 2121 4423 cor-

2216 3216 2439 3257 carnetn
2463 3199 2787 3259 viveremus,
2811 3194 2941 3249 vitia
2982 3199 3326 3261 peccatorum
3358 3202 3477 3256 qua:
3500 3201 3599 3255 per
3628 3187 3791 3253 lqem

2218 3301 2392 3357 erant,
2429 3288 2799 3360 «sperabantur
2823 3286 2879 3339 in
2905 3283 3163 3339 membris
3185 3281 3402 3336 nostris.
3424 3280 3687 3346 Quaenam
3715 3278 3792 3330 lex

2218 3384 2323 3438 ista
2351 3390 2435 3437 est
2454 3392 2742 3450 perquam
2768 3376 2895 3429 vitia
2926 3380 3148 3443 peccata
3180 3370 3513 3440 operantur?
3552 3366 3797 3435 Nunquid

2218 3475 2305 3528 lex
2338 3471 2536 3541 Moysi,
2567 3467 2778 3523 etiamsi
2806 3465 3099 3520 secundum
3132 3464 3367 3517 litteram
3393 3461 3796 3523 observaretur,

2220 3566 2349 3619 vitia
2394 3567 2619 3631 generat
2654 3566 3001 3627 peccatorum
3016 3556 3043 3608 -ἳ
3078 3553 3182 3609 Sed
3208 3555 3263 3607 in
3306 3562 3493 3622 spem
3525 3560 3626 3616 est,
3660 3550 3798 3619 quod

2223 3656 2370 3709 illam
2422 3654 2570 3707 dicat
2620 3650 2791 3719 legem
2849 3649 2902 3701 in
2935 3646 3215 3708 membris,
3261 3658 3380 3712 quae
3430 3643 3649 3697 resistat
3700 3641 3798 3711 legi

2223 3746 2440 3807 mentis,
2487 3745 2552 3797 de
2588 3757 2693 3811 qua
2722 3750 2775 3795 et
2816 3748 2945 3793 ante
2967 3736 3344 3807 tractavinms,
3401 3736 3670 3804 quomodo
3716 3734 3797 3786 lex

2221 3833 2598 3895 subintroivit,
2632 3838 2690 3884 ut
2716 3829 3016 3884 abundaret
3053 3832 3352 3895 peceatum.
3382 3824 3502 3893 Ipsa
3548 3838 3676 3893 ergo
3719 3824 3797 3875 lex

2222 3932 2335 3988 est,
2372 3938 2493 3991 qua:
2522 3920 2649 3974 facit
2668 3920 2720 3973 in
2765 3918 2849 3972 his
2886 3920 2978 3985 qui
3016 3916 3312 3971 secundum
3344 3928 3562 3969 carnem
3593 3916 3796 3976 vivunt,

2224 4013 2354 4068 vitia
2387 4018 2729 4081 peccatorum
2755 4007 3046 4069 abundare,
3078 4014 3139 4060 ut
3158 4003 3488 4060 fructiﬁcent
3512 4004 3695 4058 morti.
3723 4005 3797 4057 Ad

2226 4105 2329 4159 hoc
2368 4116 2603 4171 namque
2644 4106 2727 4153 est
2756 4098 2842 4151 iila
2867 4098 2951 4150 lex
2982 4098 3035 4150 in
3066 4097 3325 4151 membris
3356 4096 3585 4159 nostris,
3614 4105 3675 4149 ut
3714 4112 3797 4150 re-

2227 4202 2424 4249 srstens
2452 4191 2735 4245 adversum
2769 4187 2940 4257 legem
2967 4187 3191 4251 mentis,
3231 4187 3474 4256 captivos
3507 4200 3607 4239 nos
3645 4186 3801 4240 ducat

2224 4296 2470 4357 peccato,
2492 4291 2545 4338 et
2575 4284 2675 4337 hos
2695 4281 2905 4335 fruetus
2928 4278 3118 4334 oﬂ‘erat
3134 4279 3321 4332 morti.
3344 4276 3506 4331 Nunc
3530 4286 3701 4331 autem
3724 4296 3798 4331 ιο-

2154 4415 2203 4476 D
2228 4377 2324 4431 luti
2354 4391 2593 4440 sumusa
2617 4373 2724 4441 tege
2745 4372 2957 4434 νωτιιὶ,
2984 4371 3039 4423 in
3053 4386 3162 4439 qua
3190 4368 3582 4429 detinebmr;
3608 4370 3678 4422 ab
3704 4369 3798 4421 hac

543 4477 679 4531 pus,
717 4458 840 4527 quia
880 4458 935 4511 iu
984 4456 1297 4525 maliloquio
1335 4457 1513 4526 lingua
1556 4459 1829 4525 arguitur,
1876 4460 1930 4512 in
1976 4458 2121 4513 furto
2154 4456 2199 4476 ν
2226 4482 2354 4536 ergo
2382 4466 2497 4534 lege
2523 4477 2668 4523 nunc
2688 4461 2849 4515 soluti
2874 4474 3087 4524 sumus;
3115 4476 3275 4524 nunc,
3290 4460 3544 4527 quando?
3572 4461 3687 4513 sine
3715 4461 3799 4511 dn-

545 4565 736 4606 manus
761 4546 1072 4617 corripitur,
1097 4554 1150 4599 et
1173 4548 1225 4600 in
1254 4546 1621 4601 dissimulante
1650 4562 1806 4601 aures
1837 4548 2120 4617 increpan-

549 4651 667 4703 tur,
693 4647 748 4692 et
774 4639 847 4690 ita
876 4637 926 4691 in
957 4637 1337 4705 cazteris,qua3
1364 4638 1610 4706 quamvis
1632 4639 1695 4691 de
1718 4638 1881 4692 corde
1906 4645 2122 4703 exeant,

550 4732 915 4799 membrorum
963 4736 1141 4782 tamen
1187 4729 1486 4783 ministerio
1524 4729 1807 4797 explentur
1849 4728 2121 4797 operibus.

550 4820 852 4889 Disputatio
871 4820 994 4873 hate
1033 4820 1199 4889 tangit
1228 4817 1442 4873 Iudaeos
1480 4827 1533 4871 et
1580 4834 1671 4873 eos
1712 4820 1803 4888 qui
1834 4820 2124 4874 Christiani

552 4911 800 4969 dicuntur
816 4915 874 4961 et
907 4906 1005 4960 sub
1026 4907 1141 4976 lege
1165 4907 1353 4961 volunt
1382 4908 1582 4969 vivere,
1626 4917 1683 4960 ut
1708 4908 1974 4963 discentes
2019 4924 2131 4962 car-

552 4997 700 5052 nales
729 5011 787 5049 se
816 5010 953 5057 esse,
990 4996 1240 5050 recedant
1275 5011 1304 5048 a
1338 4996 1472 5064 lege.
1514 4996 1651 5059 Vitia
1684 5006 1860 5049 tamen
1887 5005 2132 5065 peccato-

556 5102 695 5150 rum,
714 5100 832 5157 quae
850 5084 1114 5138 dominari
1132 5086 1185 5137 in
1200 5100 1362 5138 carne
1379 5087 1659 5157 agentibus
1677 5086 1822 5148 dicit,
1854 5086 2133 5155 perlegetu

555 5170 785 5239 ostendi,
814 5173 917 5228 non
938 5189 1039 5242 per
1066 5174 1236 5243 legem
1275 5174 1386 5226 fieri
1418 5176 1748 5227 demonstrat
1772 5190 1784 5226 :
1811 5175 1967 5227 index
1991 5176 2133 5228 enim

558 5265 763 5334 peccati
789 5264 873 5317 lex
893 5274 994 5328 est,
1024 5279 1127 5316 non
1148 5263 1398 5333 genitrix,
1430 5278 1549 5317 reos
1574 5265 1777 5317 faciens
1806 5273 2135 5331 peccatores.

634 5351 789 5404 Nunc
822 5362 994 5404 autem
1023 5351 1177 5404 soluti
1208 5368 1387 5404 sumus
1415 5370 1446 5403 ιι
1482 5352 1588 5420 lege
1618 5353 1797 5405 mortis
1828 5354 1881 5404 in
1908 5368 2011 5421 qua
2042 5353 2133 5405 de-

562 5448 873 5503 tinebamur.
918 5445 1088 5500 Soluti
1123 5462 1305 5500 sumus
1348 5462 1375 5499 a
1420 5446 1553 5515 lege,
1600 5447 1723 5500 dum
1766 5447 2133 5500 remissionem

568 5548 906 5610 peccatorum
940 5536 1247 5606 accepimus
1278 5555 1289 5588 ε
1325 5553 1430 5592 non
1467 5538 1626 5591 habet
1655 5537 1797 5591 enim
1836 5537 1887 5589 in
1918 5552 2014 5591 nos
2040 5553 2135 5607 po-

568 5636 838 5695 teStatem,
854 5628 1031 5684 inﬁdis
1046 5628 1192 5685 enim
1217 5635 1269 5681 et
1291 5630 1660 5698 peccatoribus
1676 5629 2000 5684 dominatur.
2024 5629 2133 5686 Lex

2230 4554 2319 4611 bio
2347 4568 2470 4608 cum
2494 4550 2713 4606 Christo
2740 4550 2938 4604 mortui
2960 4563 3151 4604 sums
3169 4590 3184 4614 ,
3207 4556 3268 4603 et
3292 4550 3592 4619 consepulti
3618 4550 3671 4602 ei
3708 4564 3799 4619 per

2230 4644 2578 4713 baptismum,
2611 4649 2665 4695 et
2694 4640 2934 4695 cruciﬁxi
2959 4655 3083 4694 cum
3114 4640 3265 4708 ipso,
3294 4647 3353 4693 et
3379 4640 3502 4694 ideo
3529 4639 3689 4703 dicit,
3716 4657 3797 4693 so—

2234 4735 2329 4789 luti
2351 4750 2530 4788 sumus
2558 4750 2588 4785 a
2614 4730 2725 4800 lege
2744 4730 2955 4784 mortui.
2981 4728 3098 4783 Nisi
3114 4726 3265 4784 enim
3288 4729 3413 4797 quis
3434 4738 3678 4783 mort-us
3699 4728 3799 4784 foe

2235 4824 2305 4877 rit
2336 4836 2456 4875 cum
2486 4819 2720 4883 Christo,
2749 4819 2816 4872 ab
2844 4818 2948 4873 ista
2978 4817 3226 4887 logenon
3248 4817 3493 4872 solvitur.
3521 4816 3646 4871 Scio
3672 4826 3726 4870 et
3750 4818 3797 4871 in

2233 4910 2354 4965 aliis
2368 4908 2768 4979 exemplaribus
2785 4908 3075 4976 scriptum:
3093 4908 3138 4961 Α
3157 4908 3268 4977 lege
3291 4910 3495 4973 mortis,
3511 4909 3565 4961 in
3589 4926 3689 4977 qua
3718 4912 3799 4961 de-

2234 5002 2557 5067 tinebantur;
2594 5001 2686 5055 sed
2709 5000 2841 5063 hoc,
2880 4999 2931 5053 id
2961 5006 3075 5063 est,
3104 5002 3297 5053 mortui
3314 5039 3330 5065 ,
3360 5008 3416 5055 et
3442 5001 3623 5055 verius
3640 5010 3699 5053 et
3724 5015 3799 5053 re-

2236 5091 2376 5145 ctius
2430 5090 2644 5159 legitur.
2685 5089 2837 5155 Quod
2885 5103 3011 5143 vero
3056 5088 3267 5143 addidit
3327 5090 3381 5142 in
3410 5089 3795 5144 conchtsione:

2237 5179 2323 5232 Ita
2378 5189 2430 5232 ut
2492 5181 2775 5233 serviamus
2817 5178 2879 5231 in
2937 5178 3160 5233 novitate
3210 5177 3459 5246 spiritus,
3511 5187 3559 5230 et
3614 5194 3710 5229 non
3753 5180 3798 5229 in

2240 5279 2484 5325 vetustate
2522 5269 2728 5334 littera’,
2759 5267 2900 5337 quod
2930 5268 3045 5321 sine
3069 5266 3229 5321 dubio
3257 5267 3323 5323 de
3361 5267 3479 5337 lege
3507 5267 3696 5321 litterae
3724 5267 3798 5319 di-

2239 5368 2383 5415 ctum
2416 5360 2650 5423 videtur,
2679 5358 2783 5412 hoc
2810 5356 2968 5410 modo
2990 5364 3379 5425 consequenter
3406 5355 3698 5425 intelligere
3721 5370 3801 5424 po-

2240 5456 2433 5503 terant.
2467 5447 2535 5499 'ln
2569 5462 2733 5501 carne
2766 5445 2979 5514 quidem
3008 5445 3167 5515 positi
3189 5451 3242 5501 et
3276 5446 3575 5499 secundum
3598 5460 3801 5501 Carnem

2240 5539 2498 5600 viventes,
2525 5546 2745 5605 propter
2764 5544 3106 5604 peccatorum
3132 5536 3279 5597 vitia,
3304 5527 3426 5602 qua:
3450 5535 3537 5591 lex
3561 5536 3666 5599 illa,
3696 5553 3801 5604 quae

2239 5639 2357 5686 erat
2381 5630 2433 5685 in
2460 5628 2717 5685 membris
2746 5628 2962 5693 nostris,
2988 5627 3166 5681 alebat
3185 5635 3244 5680 ut
3264 5626 3656 5683 fructiﬁcarent
3673 5641 3801 5681 moro
