3960 6360
205 346 351 404 Ml?)

740 347 1289 405 ENARRATIONUM
1333 346 1398 400 IN
1436 346 1584 401 EPP.
1624 340 1831 398 PAULI
1869 340 1994 396 LIB.
2033 341 2122 398 IV.
2164 373 2231 383 --
2269 343 2336 399 IN
2377 343 2597 402 EPIST.
2638 345 2730 400 AD
2759 342 2928 402 ROM.

3332 339 3470 398 HM»

203 462 269 525 ti,
301 476 408 517 non
438 468 751 530 poteramus
779 461 984 516 servire
1026 461 1080 514 in
1107 461 1350 515 novitate
1387 457 1608 527 spiritus
1629 497 1641 521 ,
1673 455 1798 509 dum
1830 462 1875 519 Α
1905 452 2169 519 Quoniam
2197 453 2369 524 legem
2400 457 2590 510 mortis
2615 457 2755 510 hanc
2785 456 2949 520 dicit,
2977 465 3033 508 et
3056 462 3240 508 erutos
3277 469 3374 509 nos
3413 456 3482 511 ab

209 551 404 606 illalex
430 551 794 605 membrorum
844 551 1058 606 vivebat
1106 553 1160 605 in
1197 550 1372 613 nobis,
1410 550 1518 602 imo
1548 549 1672 602 dum
1701 562 1797 601 nos

209 644 504 700 secundum
540 641 682 696 illam
719 641 888 713 legem
910 643 1243 697 vivebamus.
1270 641 1370 696 Ubi
1404 655 1532 695 vero
1556 639 1801 693 Christus

207 747 309 804 pro
363 731 519 786 nobis
576 741 822 787 mortuus
864 740 975 797 est,
1028 739 1084 786 et
1126 747 1223 787 nos
1278 747 1398 786 cum
1449 731 1566 801 ipso
1601 727 1800 783 mortui

207 839 397 880 sumus
410 833 655 894 peccato,
673 834 727 879 et
752 825 963 879 liberati
983 839 1172 879 sumus
1195 840 1292 902 per
1308 824 1481 892 ipsum
1499 839 1527 877 a
1542 822 1657 894 lege
1682 835 1804 890 pec-

207 915 341 978 cati,
373 915 427 969 in
457 929 560 983 qua
585 915 982 980 detinebamur,
1006 927 1294 984 possumus
1317 915 1434 982 jam
1465 915 1671 969 servire
1687 912 1799 983 legi

114 1053 119 1066 .
208 1009 336 1074 Dei;
367 1009 574 1064 servire
601 1018 780 1062 autem
812 1009 864 1062 in
895 1009 1130 1063 novitate
1159 1009 1380 1078 spiritus
1410 1016 1464 1062 et
1495 1023 1600 1062 non
1628 1007 1679 1061 in
1711 1020 1804 1060 ve-

207 1107 410 1153 tustate
455 1099 667 1153 littertc.
709 1097 824 1153 Non
852 1099 996 1153 enim
1027 1099 1232 1153 idcirco
1277 1114 1372 1153 nos
1413 1095 1658 1153 Christus
1704 1099 1801 1153 ab-

205 1189 406 1243 straxit
434 1204 464 1242 a
488 1188 606 1260 lege
633 1189 840 1259 peccati
863 1230 875 1254 ,
900 1198 956 1244 ut
979 1190 1232 1244 vetustati
1261 1189 1452 1243 litterze
1481 1189 1799 1252 serviamus,

209 1279 264 1334 id
296 1288 401 1345 est,
425 1290 488 1335 ut
509 1281 979 1337 circumcisionem
1003 1283 1355 1352 recipiamus,
1386 1291 1438 1337 et
1463 1284 1686 1338 sabbata
1718 1281 1802 1336 vel

207 1384 406 1429 caetera
451 1389 569 1443 quae
602 1382 846 1429 vetustas
885 1375 1019 1444 legis
1058 1375 1254 1428 litterre
1295 1376 1565 1440 continet;
1605 1374 1699 1428 sed
1747 1382 1805 1428 ut

209 1463 383 1535 legem
415 1464 510 1518 Dei
539 1465 594 1517 in
624 1465 848 1534 spiritus
890 1465 1130 1519 novitate
1167 1480 1472 1529 servemus,
1507 1467 1561 1520 id
1589 1476 1700 1529 est,
1735 1477 1800 1518 ex

209 1555 465 1610 onmibus
489 1570 608 1625 qua:
634 1555 686 1608 in
713 1571 779 1611 ea
812 1557 1011 1626 scripta
1040 1569 1198 1621 sunt,
1237 1557 1534 1628 spiritalem
1585 1571 1800 1612 sensum

208 1641 415 1712 Spiritu
443 1644 679 1699 donante
705 1646 998 1716 capiamus,
1027 1647 1166 1701 sicut
1187 1657 1241 1702 et
1273 1648 1410 1702 idem
1439 1649 1724 1718 Apostolus
1747 1648 1802 1701 in

205 1734 331 1789 aliis
360 1735 512 1801 dicit,
550 1739 692 1805 quod
716 1737 959 1794 velamen
982 1747 1064 1793 est
1078 1741 1314 1808 positum
1348 1741 1398 1793 in
1434 1740 1570 1796 facie
1594 1741 1796 1814 Moysi;

1901 559 1964 599 ea
2003 543 2336 612 gratulatur,
2378 553 2434 599 et
2474 545 2526 600 in
2572 547 2663 601 illa
2694 547 2806 602 Deo
2834 547 3039 601 servire
3066 553 3254 614 negat,
3282 560 3350 599 ne
3377 545 3485 600 ini-

1901 644 2061 707 quam
2089 638 2231 693 hanc
2260 653 2507 694 asserere
2539 649 2843 708 putaretur,
2877 641 2978 694 hoc
3001 647 3203 710 purgat
3245 655 3366 693 cum
3409 637 3492 695 di-

1901 728 1974 782 cit
2007 746 2018 780 :
2047 727 2214 782 Absit.
2247 728 2348 784 Sed
2371 740 2637 798 peccatum
2666 747 2766 784 non
2795 732 3031 801 cognovi,
3062 731 3162 785 nisi
3181 746 3274 801 per
3299 730 3482 801 legem.

1901 816 2017 872 Non
2044 835 2172 890 ergo
2196 828 2475 889 peccatqu
2506 829 2588 874 est
2616 819 2722 885 lex,
2749 820 2842 874 sed
2867 821 3024 875 index
3048 821 3254 892 peccati
3279 841 3290 876 :
3315 832 3493 877 osten-

1903 911 1979 965 dit
2002 913 2145 966 enim
2170 921 2224 967 et
2245 928 2363 982 qua:
2385 914 2624 970 latebant
2646 907 2891 983 peccata,
2915 923 2965 969 et
2987 915 3112 984 quia
3136 932 3240 970 non
3268 916 3490 984 impune

1903 1002 2082 1060 futura
2115 1013 2297 1064 essent
2316 1007 2454 1076 apud
2470 1006 2659 1061 Deum.
2681 1006 2798 1072 Quo
2815 1015 3108 1075 comperto.
3127 1008 3292 1063 hoino
3318 1008 3492 1064 factus

1903 1100 1986 1147 est
2014 1109 2156 1148 reus.
2190 1095 2372 1165 (Aug.)
2399 1096 2578 1162 Quare
2602 1095 2920 1168 intelligitur
2971 1097 3143 1167 legem
3171 1099 3237 1152 ad
3265 1100 3367 1154 hoc
3395 1099 3488 1154 da-

1905 1193 2011 1237 tam
2057 1199 2197 1249 esse,
2235 1200 2342 1242 non
2388 1194 2446 1239 ut
2493 1196 2770 1255 peccatum
2821 1186 3149 1240 insereretur
3174 1227 3188 1252 ,
3223 1202 3398 1258 neque
3433 1199 3491 1244 ut

1903 1274 2324 1345 exstirparetur,
2381 1279 2476 1330 sed
2522 1285 2730 1330 tantum
2758 1285 2817 1330 ut
2845 1277 3307 1332 demonstraretur
3351 1280 3493 1347 quod

1905 1366 2140 1419 animam
2170 1366 2460 1419 humanam
2489 1368 2641 1435 qua'si
2671 1368 2736 1428 de
2763 1358 3070 1424 innocentia
3090 1383 3345 1424 securam
3373 1369 3487 1439 ipsa

1906 1454 2115 1524 peccati
2148 1455 2611 1509 demonstratione
2637 1471 2784 1510 ream
2811 1456 3029 1522 faceret,
3064 1459 3271 1529 utquia
3306 1476 3496 1529 pecca-

1905 1557 2015 1602 tum
2048 1549 2165 1602 sine
2187 1548 2359 1618 gratia
2388 1547 2481 1602 Dei
2515 1548 2653 1608 vinci
2685 1564 2788 1603 non
2816 1551 3001 1618 possit,
3028 1552 3140 1621 ipsa
3165 1561 3354 1607 reatus
3382 1552 3489 1607 sol-

1904 1637 2299 1692 licitudincad
2343 1640 2744 1708 percipiendam
2787 1643 3016 1711 gratiam
3062 1653 3488 1698 converteretur.

1906 1728 2089 1796 Itaque
2104 1745 2214 1781 non
2244 1730 2637 1800 ait,peccatum
2664 1747 2768 1814 non
2795 1731 2897 1787 feci
2919 1733 3028 1789 nisi
3051 1748 3152 1802 per
3180 1734 3372 1805 legem,
3400 1736 3495 1790 sed

206 1840 332 1881 cum
362 1835 541 1882 autem
573 1841 866 1884 conversus
894 1829 1061 1885 fuerit
1090 1831 1211 1900 quis
1255 1832 1321 1885 ad
1367 1831 1675 1898 Dominum,
1708 1849 1791 1888 an-

1902 1829 2170 1889 peccatum
2210 1836 2315 1872 non
2357 1821 2567 1889 cognovi
2606 1823 2706 1876 nisi
2734 1807 2825 1894 per
2849 1823 3014 1894 legem
3045 1838 3061 1874 :
3087 1826 3230 1880 unde
3269 1837 3494 1897 apparet

204 1917 416 1973 feratur
437 1919 679 1972 velamen
710 1937 720 1971 :
752 1919 1009 1973 Dominus
1041 1921 1176 1972 enim
1206 1923 1420 1989 spiritus
1443 1932 1517 1975 est
1550 1937 1567 1974 :
1598 1922 1684 1976 ubi
1710 1941 1804 1977 an—

205 2015 309 2059 tem
339 2007 553 2075 spiritus
588 2005 830 2070 Domini,
859 2005 936 2059 ibi
973 2006 1184 2061 libertas
1217 2007 1300 2079 (Η
1337 2009 1458 2062 Cor.
1495 2012 1601 2078 nt).
1646 2009 1806 2065 Novi-

209 2105 378 2150 talem
419 2112 551 2150 sane
579 2097 803 2167 spiritus
831 2097 945 2151 scio
975 2099 1234 2167 quosdam
1263 2099 1408 2153 male
1448 2100 1806 2171 intell-igentes

205 2185 335 2239 illuc
362 2186 610 2250 traxisse,
642 2194 700 2238 ut
731 2185 974 2242 dicerent
997 2203 1198 2241 novum
1229 2205 1348 2243 esse
1371 2188 1652 2259 Spiritum,
1679 2199 1800 2244 tan-

203 2291 367 2345 quam
393 2275 485 2346 qui
513 2287 638 2330 ante
662 2292 768 2330 non
799 2276 962 2332 fuerit
982 2319 997 2342 ,
1043 2293 1144 2333 nec
1182 2280 1455 2334 veteribus
1485 2280 1799 2346 innotuerit,

204 2375 262 2422 et
288 2369 536 2421 nesciunt
565 2381 622 2420 se
664 2368 717 2420 in
762 2368 865 2422 hoc
902 2369 1218 2438 gravissime
1245 2370 1652 2439 blasphemare;
1689 2371 1804 2440 ipse

203 2459 352 2512 enim
386 2459 619 2527 Spiritus
650 2469 734 2513 est
772 2460 822 2512 in
864 2460 1010 2529 lege,
1052 2461 1166 2529 ipsc
1213 2462 1266 2514 in
1312 2461 1599 2531 Evangelia
1626 2503 1640 2527 ,
1687 2463 1802 2533 ipse

185 2563 422 2618 semper
443 2564 565 2603 cum
593 2548 755 2604 Patre
776 2559 832 2604 et
857 2549 991 2604 Filio
1014 2560 1116 2615 est,
1140 2558 1195 2604 et
1219 2566 1436 2621 semper
1461 2561 1560 2615 est,
1584 2564 1637 2607 et
1661 2564 1796 2619 erat,

200 2646 264 2695 et
289 2640 395 2694 erit
418 2640 558 2694 sicut
581 2639 740 2693 Pater
765 2648 820 2694 et
841 2640 1028 2693 Filius.
1059 2641 1176 2694 Non
1201 2655 1332 2710 ergo
1359 2643 1470 2710 ipse
1499 2658 1668 2697 novus
1692 2652 1796 2708 est,

201 2730 303 2788 sed
334 2733 618 2787 credentes
641 2731 884 2795 innovat,
919 2744 1038 2785 cum
1064 2747 1156 2786 eos
1182 2747 1210 2785 a
1240 2734 1512 2786 veteribus
1541 2734 1701 2788 malis
1730 2735 1796 2787 ad

202 2819 591 2875 uovamvitam
619 2826 673 2872 et
697 2831 896 2872 novam
925 2818 1324 2872 observantiam
1352 2819 1550 2874 Christi
1581 2821 1796 2891 religio-

201 2909 295 2964 nis
330 2909 570 2972 adducit,
596 2916 650 2961 et
679 2908 946 2978 spiritales
967 2923 1031 2962 ex
1061 2909 1540 2963 ramalibusfaeit.
1568 2912 1794 2983 (Ambr.)

200 2996 314 3052 Lex
352 3008 509 3052 vetus
538 3011 643 3052 non
678 2997 928 3050 criminis
963 2997 1149 3064 utique
1181 3011 1375 3051 nomen
1404 3007 1504 3061 est,
1535 2999 1628 3052 scd
1651 3006 1791 3051 tem-

195 3085 350 3155 poris
378 3085 462 3139 vel
485 3086 664 3155 aetatis
699 3103 710 3138 :
746 3086 922 3140 senuit
948 3087 1091 3139 enim
1117 3087 1243 3154 quia
1275 3089 1523 3141 cessavit.
1553 3088 1662 3141 Lex
1696 3104 1792 3142 au-

1908 1909 2399 1977 coneupiscentiatn
2429 1926 2525 1978 per
2548 1910 2716 1981 legam
2739 1927 2856 1966 non
2886 1914 3130 1980 insitam,
3155 1915 3248 1971 sed
3272 1917 3496 1971 demon-

1907 2009 2131 2054 stratam
2166 2019 2176 2052 :
2211 2016 2548 2070 mnsaquens
2585 2012 2764 2056 autem
2795 2013 2944 2068 erat,
2980 2014 3045 2060 ut
3071 2006 3337 2076 quoniam
3367 2023 3496 2063 non-

1905 2091 2030 2147 dum
2059 2087 2277 2160 acccp‘ta
2314 2094 2487 2161 gratia
2525 2096 2975 2165 concupiscentia:
2999 2089 3176 2155 resisti
3206 2115 3311 2154 non
3349 2110 3497 2170 pote-

1904 2189 2010 2243 rat,
2040 2189 2330 2250 augeretur
2364 2183 2526 2236 etiam
2545 2224 2557 2247 ,
2586 2184 2710 2252 quia
2740 2185 2974 2255 majores
3013 2188 3158 2243 vires
3184 2187 3347 2244 habet
3368 2206 3498 2246 con-

1904 2272 2236 2339 cupiscentia
2286 2273 2513 2326 crimine
2557 2275 3016 2342 praevaricationis
3064 2277 3335 2345 adjuncto,
3369 2294 3490 2334 cum

1905 2360 2068 2414 etiam
2114 2375 2219 2414 non
2256 2360 2426 2430 legem
2457 2361 2620 2426 facit,
2658 2379 2819 2432 quam
2851 2365 2894 2420 si
2919 2365 3067 2419 nulla
3099 2365 3214 2438 lae
3241 2368 3496 2436 prohibe—

1903 2459 2072 2504 retur.
2104 2449 2251 2504 Nam
2272 2453 2746 2522 concupiscentiam
2773 2456 3079 2522 neccsebam,
3113 2459 3214 2511 nisi
3239 2458 3331 2513 lea}
3351 2461 3496 2516 dice-

1905 2552 1980 2594 ret
2012 2556 2029 2592 :
2064 2542 2186 2594 Non
2223 2546 2568 2614 concupisces.
2602 2545 2979 2614 (AmerNtm
3012 2548 3266 2607 discrevit
3296 2565 3496 2606 concu~

1902 2631 2222 2700 piscentiam
2251 2648 2281 2686 a
2313 2645 2563 2702 peccato,
2601 2637 2691 2692 sed
2728 2639 2974 2704 miscuit,
3017 2642 3118 2696 hoc
3153 2644 3496 2714 signiﬁcans,

1901 2721 2027 2787 quia
2059 2737 2180 2775 cum
2210 2738 2309 2777 nec
2348 2725 2583 2793 suspicio
2611 2728 2828 2796 quidem
2859 2740 3000 2784 esset
3031 2733 3174 2787 istud
3199 2751 3304 2790 non
3329 2735 3494 2793 lic‘ere

1901 2811 2041 2879 apud
2089 2812 2256 2866 Deum
2292 2831 2303 2865 :
2338 2817 2596 2883 cognovi.
2634 2817 2836 2886 inquit,
2869 2834 2989 2874 esse
3028 2832 3329 2891 peccatum.
3381 2827 3495 2884 Sub

1897 2916 2001 2955 sua
2032 2918 2263 2971 persona
2295 2907 2449 2974 quasi
2481 2908 2788 2976 generalem
2825 2911 2935 2981 agit
2967 2927 3210 2966 causam.
3254 2915 3363 2970 Lex
3393 2918 3492 2971 ita-

1900 3009 2005 3062 que
2034 2997 2529 3064 concupiscentiam
2578 3000 2852 3068 prohibet,
2884 3019 3004 3071 quae
3033 3015 3318 3073 propterea
3351 3012 3495 3077 quod

1897 3083 2296 3138 oblectamento
2313 3095 2419 3152 est,
2445 3102 2550 3140 non
2579 3090 2868 3156 putabatur
2888 3106 3007 3146 esse
3028 3104 3330 3163 peccatum.
3357 3098 3495 3155 Sim-

199 3182 311 3230 tem
348 3175 571 3244 spiritus
601 3175 712 3250 ipsa
745 3183 826 3228 est
847 3174 937 3228 lex
981 3175 1136 3238 ﬁdei,
1179 3175 1303 3243 quia
1347 3174 1480 3228 ﬁdes
1509 3175 1562 3227 in
1609 3176 1789 3231 animo
1817 3164 1862 3224 C
1896 3173 2019 3240 plex
2069 3177 2211 3228 enim
2261 3176 2544 3231 videbatur
2608 3195 2793 3246 causa,
2855 3185 3238 3252 concupiscere
3287 3188 3492 3258 aliquid

197 3273 287 3321 est
317 3281 416 3318 nec
443 3265 698 3334 Operibus
733 3265 1059 3328 addiscitur,
1106 3266 1198 3319 sed
1236 3267 1395 3319 corde
1424 3267 1661 3319 creditur
1690 3285 1702 3320 :
1737 3275 1792 3322 et

201 3371 363 3413 mens
396 3357 512 3426 ipsa
545 3345 796 3426 intelligit
842 3366 1047 3410 natura:
1091 3373 1201 3411 sua:
1244 3373 1362 3410 esse
1404 3357 1546 3426 quod
1585 3359 1789 3423 credit,

195 3466 304 3506 nec
346 3449 516 3504 oculis
556 3450 832 3513 cernitur,
865 3458 954 3503 aut
988 3449 1236 3503 manibus
1264 3448 1540 3520 palpatur,
1579 3457 1634 3501 et
1671 3464 1791 3517 quae

197 3551 491 3612 sperantur
517 3542 653 3596 dona
686 3556 793 3594 non
823 3539 1056 3594 visibilia
1085 3549 1242 3604 sunt,
1278 3555 1377 3594 nec
1414 3548 1627 3613 terrena
1647 3580 1662 3604 ,
1696 3540 1790 3594 sed

196 3631 486 3702 spiritalia.
522 3630 689 3685 Vetus
718 3645 846 3700 ergo
883 3630 965 3684 lex
997 3631 1049 3683 in
1079 3629 1276 3683 tabulis
1302 3629 1528 3698 lapideis
1556 3628 1787 3683 formata

195 3734 306 3790 est,
346 3724 428 3778 lev
461 3733 640 3778 autem
679 3723 904 3792 Spiritus
946 3721 998 3775 in
1045 3721 1240 3775 tabulis
1266 3721 1446 3775 cordis
1474 3720 1788 3789 spiritaliter

195 3817 478 3881 scribitur,
521 3824 579 3869 ut
625 3816 693 3869 sit
732 3824 931 3868 :ctema
963 3832 974 3866 :
1009 3813 1187 3867 littera
1224 3821 1400 3865 autem
1433 3810 1564 3879 legis
1592 3811 1790 3864 veteris

195 3916 357 3962 :etate
382 3907 737 3961 consumitur.
775 3903 960 3972 (Αιιςι.)
1001 3903 1064 3958 Ει
1099 3903 1353 3972 quoniam
1386 3901 1470 3955 lex
1503 3901 1682 3954 littera
1706 3911 1790 3955 est

194 3998 277 4052 eis
301 3999 396 4067 qui
431 4011 537 4050 non
563 4010 680 4049 eam
707 3995 930 4064 implent
954 4008 1052 4064 per
1079 3992 1324 4062 spiritum
1355 3992 1656 4056 charitatis,
1681 4005 1788 4059 quo

192 4089 434 4160 pertinet
455 4087 858 4142 Testamentum
879 4084 1112 4148 Novum;
1145 4084 1325 4152 itaque
1348 4082 1543 4135 mortui
1568 4089 1788 4150 peccato

195 4177 501 4232 liberantur
527 4192 556 4229 a
584 4175 761 4229 littera
802 4189 907 4243 qua
945 4175 1252 4228 detinentur
1277 4213 1290 4237 ,
1334 4181 1382 4224 et
1413 4171 1502 4240 qui
1549 4186 1654 4224 non
1691 4171 1789 4224 im-

193 4267 348 4339 plent
395 4267 536 4337 quod
572 4267 828 4335 scriptum
860 4273 944 4319 cst
973 4279 986 4317 :
1021 4264 1102 4318 lex
1126 4263 1271 4316 enim
1300 4263 1428 4330 quid
1457 4261 1598 4315 aliud
1623 4276 1784 4330 quam

192 4362 314 4418 sola
350 4361 531 4414 littera
567 4369 648 4413 est
682 4358 762 4413 eis
809 4357 898 4427 qui
933 4372 1052 4410 eam
1087 4356 1264 4426 legere
1299 4362 1566 4408 noverunt
1605 4362 1661 4407 et
1689 4353 1786 4405 im-

191 4455 350 4526 plere
380 4467 486 4507 non
512 4451 776 4520 possunt?
808 4449 927 4502 Non
959 4448 1102 4502 enim
1141 4447 1415 4518 ignoratur
1445 4446 1512 4499 ab
1556 4446 1636 4499 eis
1671 4445 1786 4514 qui-

1897 3266 2155 3334 proximi,
2185 3269 2288 3321 hoc
2327 3268 2411 3322 lex
2451 3269 2685 3336 prodidit
2709 3285 2827 3325 esse
2857 3282 3138 3340 peccatum
3175 3288 3189 3326 :
3218 3276 3492 3338 saeculari-

1897 3355 1998 3407 bus
2031 3369 2263 3423 namque
2299 3357 2605 3411 hominibus
2634 3359 2767 3412 nihil
2791 3369 2899 3415 tam
2924 3361 3157 3415 inultum
3189 3363 3400 3419 videtur
3436 3375 3492 3421 et

1891 3444 2162 3514 placidum
2195 3462 2357 3515 quam
2388 3448 2656 3518 voluptas.

1969 3534 2261 3590 Occasione
2289 3547 2461 3591 autem
2484 3550 2695 3602 accepta
2713 3580 2726 3602 ,
2760 3551 3029 3608 peccatum
3054 3559 3146 3610 per
3172 3546 3479 3600 mandatum

1893 3635 2164 3693 apemtum
2204 3637 2277 3680 est
2323 3629 2376 3681 in
2416 3645 2496 3680 me
2530 3646 2731 3684 omnem
2768 3633 3259 3701 concupiscentiam.
3297 3635 3482 3708 (Aug)

1893 3715 2047 3780 Quod
2081 3727 2257 3770 autem
2300 3717 2462 3778 dicit,
2493 3723 2762 3774 occasione
2803 3732 3042 3791 accepta,
3082 3736 3347 3792 peccatum
3388 3744 3481 3797 per

1892 3808 2202 3866 mandatum
2237 3819 2503 3877 operatum
2543 3823 2614 3864 est
2649 3812 2702 3864 in
2749 3829 2828 3866 me
2866 3830 3068 3868 omnem
3111 3818 3478 3887 concupiscen-

1891 3897 2020 3948 tiam
2047 3937 2060 3959 ,
2115 3897 2514 3967 intelligendum
2559 3910 2642 3954 est
2690 3919 2794 3956 non
2826 3921 3039 3958 omnem
3082 3907 3246 3961 fuissﬁe
3279 3926 3481 3966 concu-

1889 3987 2232 4054 piscentiam,
2271 3997 2558 4058 antequam
2595 3993 2957 4060 prohibitione
2987 4006 3144 4052 aucta
3183 4009 3345 4054 esset.
3371 4003 3482 4056 Au-

1890 4089 2047 4148 getur
2094 4082 2237 4134 enim
2299 4083 2664 4149 prohibitione
2727 4088 3202 4161 concupiscentia,
3253 4097 3473 4161 quando

1889 4174 2040 4228 deest
2071 4174 2242 4244 gratia
2284 4173 2579 4229 liberantis.
2627 4176 2750 4232 Ideo
2789 4181 3026 4233 nondum
3060 4192 3140 4234 est
3170 4185 3344 4238 omnis
3381 4203 3477 4239 an-

1889 4272 2106 4332 tequam
2153 4265 2532 4333 prohibeatur;
2579 4282 2702 4320 cum
2748 4276 2927 4322 autem
2974 4270 3241 4338 prohibita
3291 4271 3476 4342 luerit,

1889 4353 2204 4426 desistente,
2237 4362 2295 4408 ut
2324 4354 2575 4416 diximus,
2607 4359 2814 4424 gratia,
2855 4364 3066 4412 tantum
3109 4361 3303 4415 crescit
3347 4379 3477 4420 con—

1889 4445 2239 4514 cupiscentia,
2275 4455 2332 4498 ut
2360 4446 2432 4499 ita
2467 4446 2518 4499 in
2545 4461 2645 4500 suo
2669 4462 2867 4518 genere
2894 4451 3087 4514 omnis,
3119 4451 3169 4505 id
3195 4456 3309 4518 est,
3339 4471 3470 4510 eou-

189 4513 298 4601 ims
320 4513 625 4612 conscripta
657 4550 756 4595 est.
792 4540 898 4594 Sed
925 4513 1185 4609 quoniam
1208 4538 1262 4592 in
1288 4546 1495 4591 tantum
1522 4545 1650 4590 nota
1675 4546 1774 4596 est,
1809 4513 1858 4572 ι)
1886 4543 2155 4587 summata
2188 4533 2294 4595 ﬁat,
2327 4542 2385 4588 ut
2408 4536 2568 4589 etiam
2595 4513 2780 4591 contra
2806 4538 2975 4607 legem
2997 4537 3162 4594 faciat
3179 4549 3234 4594 et
3260 4513 3472 4610 przcva-

193 4636 252 4694 ln
281 4643 542 4705 quantum
577 4633 777 4702 scripta
814 4632 1030 4701 legitur,
1058 4645 1164 4684 non
1202 4629 1254 4682 in
1283 4637 1541 4697 quantum
1584 4628 1776 4681 dilecta

191 4723 492 4798 perﬁcitur,
512 4721 642 4774 nihil
669 4728 757 4773 est
791 4721 936 4773 aliud
961 4717 1157 4772 talibus
1194 4717 1298 4770 nisi
1324 4716 1524 4780 littera,
1546 4730 1666 4784 quae
1691 4715 1779 4768 lit-

189 4822 311 4870 tera
340 4827 446 4866 non
472 4819 557 4864 est
581 4808 814 4876 adjutrix
859 4807 1146 4876 legentium
1169 4846 1182 4870 ,
1227 4806 1319 4859 sed
1367 4805 1520 4858 testis
1556 4818 1779 4872 peccan-

188 4903 348 4960 tium.
374 4902 456 4955 Ab
489 4898 602 4967 ejus
636 4913 767 4968 ergo
807 4897 1153 4950 damnatione
1179 4895 1510 4957 liberantur,
1551 4895 1640 4963 qui
1681 4908 1778 4962 per

186 4995 443 5066 spiritum
470 4993 815 5054 innovantur,
847 4997 904 5042 ut
925 4989 1036 5057 jam
1073 5003 1177 5041 non
1205 4986 1311 5040 sint
1344 4986 1564 5056 obligati
1591 4985 1781 5041 litterae

188 5085 258 5141 ad
307 5084 557 5152 poenam,
612 5081 704 5135 sed
749 5078 1041 5133 intellectui
1082 5091 1176 5146 per
1211 5077 1473 5146 justitiam
1523 5077 1778 5145 copulati,

188 5176 318 5233 inde
347 5183 430 5228 est
460 5182 513 5226 et
542 5173 668 5227 illud
697 5187 710 5224 :
745 5170 942 5224 Littera
970 5170 1178 5233 occidit,
1207 5171 1423 5234 spiritus
1453 5178 1626 5221 autem
1656 5170 1783 5222 vivi-

191 5266 320 5339 ﬁcat
355 5262 440 5334 (II
467 5259 588 5314 Cor.
625 5260 729 5329 tu).
757 5259 824 5312 Et
849 5261 971 5328 quia
1002 5259 1240 5321 dixerat,
1271 5257 1506 5310 evacuati
1540 5273 1717 5310 sumus
1750 5275 1782 5310 a

190 5356 306 5426 lege
321 5355 534 5415 mortis,
572 5352 624 5403 in
655 5367 756 5419 qua
789 5350 1180 5413 detinebamur,
1219 5349 1292 5400 ita
1322 5357 1377 5400 ut
1410 5348 1694 5401 serviamus
1728 5351 1783 5402 in

190 5446 421 5500 novitate
441 5443 654 5512 spiritus
675 5481 687 5504 ,
715 5449 760 5493 et
787 5455 891 5492 non
913 5441 966 5492 in
990 5448 1239 5493 vetustate
1271 5437 1488 5502 litteris;
1520 5447 1680 5508 atque
1710 5441 1780 5494 ita

192 5553 295 5611 per
324 5538 437 5590 hare
464 5537 627 5591 verba
657 5532 811 5603 quasi
838 5534 1246 5600 reprehendisse
1283 5531 1454 5599 legem
1487 5541 1669 5596 posset
1698 5534 1776 5585 vi—

195 5628 342 5693 deri,
376 5627 600 5695 subjecit
623 5626 823 5680 statim.

275 5727 417 5798 Quid
428 5746 546 5798 ergo
559 5727 816 5782 dicemus?
832 5726 937 5780 Lex
957 5737 1222 5794 peccatum
1235 5737 1306 5781 est
1318 5728 1340 5779 ξ)
1356 5726 1518 5778 Absit.
1539 5724 1773 5795 (Ambr.)

1883 4626 2148 4682 ricatione
2175 4625 2382 4680 crimen
2420 4627 2742 4680 accumulet.
2772 4625 2904 4682 Cum
2938 4636 3116 4684 autem
3157 4631 3305 4696 dicit,
3343 4632 3473 4688 Sine

1882 4717 1993 4786 lege
2038 4718 2175 4770 enim
2225 4727 2489 4786 peccatum
2538 4730 2802 4771 mortuum
2848 4730 2960 4784 est,
3008 4736 3122 4775 non
3171 4723 3313 4791 quod
3363 4740 3473 4779 non

1883 4808 2149 4876 est,§dixit
2182 4816 2450 4861 mortuum
2478 4817 2580 4874 est,
2614 4809 2708 4862 sed
2758 4810 2884 4879 quia
2933 4811 3090 4876 latet,
3127 4814 3268 4881 quod
3300 4815 3352 4868 in
3385 4831 3472 4870 se—

1883 4898 2175 4967 quentibus
2193 4895 2519 4959 manifestat,
2537 4913 2660 4951 cum
2676 4899 2830 4963 dicit,
2847 4900 2936 4953 sed
2952 4911 3217 4968 peccatum
3239 4912 3291 4954 ut
3308 4920 3472 4973 appa-

1884 5001 2001 5044 reat
2019 4999 2285 5060 peccatum
2315 5008 2408 5060 per
2438 4993 2626 5044 bonum
2653 4992 2782 5045 mihi
2821 5003 3091 5062 operatum
3119 5005 3198 5048 est
3229 5007 3468 5050 mortem.

1884 5084 2030 5138 Bona
2059 5091 2142 5137 est
2171 5084 2315 5137 enim
2345 5083 2431 5137 lex
2451 5124 2464 5146 ,
2490 5083 2583 5137 sed
2613 5083 2727 5138 sine
2755 5086 2930 5155 gratia
2957 5087 3195 5141 ostendit
3225 5095 3465 5143 tantum-

1886 5178 2046 5232 modo
2073 5186 2328 5247 peccata,
2366 5191 2470 5229 non
2505 5175 2658 5230 tollit.
2692 5176 2822 5230 Erat
2854 5178 2998 5233 enim
3029 5187 3081 5231 et
3124 5189 3246 5231 ante
3271 5191 3468 5247 pecca-

1884 5276 2031 5331 tum,
2065 5268 2158 5321 sed
2202 5283 2306 5321 non
2336 5281 2497 5321 omne
2535 5276 2681 5331 erat,
2715 5268 2930 5336 quando
2961 5268 3164 5321 crimen
3201 5282 3464 5336 prtevart~

1885 5361 2114 5414 cationis
2154 5360 2328 5414 adhuc
2374 5360 2575 5414 deerat.
2635 5357 2782 5412 Unde
2833 5359 2936 5412 alio
2984 5358 3101 5412 loco
3147 5359 3324 5413 dicit:
3361 5360 3465 5415 Ubi

1885 5454 2021 5505 enim
2046 5467 2146 5503 non
2175 5460 2249 5503 est
2293 5450 2397 5514 lex,
2437 5468 2525 5503 nec
2548 5449 2926 5518 pra'rnricatio.
2962 5448 3155 5517 (llier.)
3181 5448 3462 5515 Quomodo

1883 5541 2145 5596 medicina
2179 5557 2282 5594 non
2321 5550 2585 5595 estcausa
2632 5539 2850 5602 mortis,
2898 5540 2940 5593 si
2978 5539 3226 5593 ostendat
3254 5554 3460 5594 venena

1885 5630 2199 5694 mortifera,
2260 5633 2380 5687 licet
2436 5632 2518 5683 bis
2568 5629 2692 5682 mali
2751 5630 2993 5684 homines
3049 5629 3340 5683 abutantur
3389 5631 3459 5685 ad

1878 5735 2137 5790 mortem,
2166 5733 2221 5780 ct
2253 5724 2330 5778 vel
2378 5738 2434 5777 se
2474 5721 2828 5783 interﬁciant,
2872 5721 2951 5774 vel
2993 5721 3314 5776 insidientur
3348 5721 3458 5778 ini-
