3960 6354
493 350 629 405 1415

1128 348 1192 405 Β.
1233 348 1486 405 RABANI
1524 348 1744 407 MAURI
1782 349 2099 407 ARCHIEP.
2139 350 2444 405 MUGUNT.
2487 351 2774 409 OPERUM
2811 353 2993 409 PARS
3032 354 3116 410 Ill.

3628 359 3765 414 1416

490 468 677 533 micis;
716 466 795 523 sic
831 466 918 524 lex
948 467 1073 521 data
1117 474 1203 522 est
1243 474 1301 522 ut
1343 476 1688 539 peccatorum
1730 484 1937 523 venena
1987 468 2080 522 de-
2108 469 2155 528 A
2183 467 2434 525 curdibus
2467 469 2667 523 nostris
2696 469 2836 524 idem
2877 469 3165 539 Apostolus
3196 473 3349 527 docet
3391 491 3403 524 :
3443 472 3579 527 Cum
3630 478 3771 529 enim

487 566 772 623 monstret,
801 565 859 612 ut
880 558 1154 612 hominem
1183 557 1322 613 male
1342 558 1591 612 libertate
1612 573 1709 613 sua
1736 543 2070 622 abutentem,

489 649 583 719 qui
625 649 776 719 prius
811 647 1087 703 ferebatur
1126 648 1489 718 improvidus,
1538 656 1592 703 et
1637 663 1733 718 per
1776 648 2072 718 praecipitia

486 736 805 805 labebatur,
844 737 998 795 freno
1047 739 1181 811 legis
1232 741 1482 804 retineat,
1513 748 1565 793 et
1620 739 1934 809 compositis
1980 740 2074 794 do-

486 841 609 889 ceat
650 832 902 887 iucedere
947 833 1250 904 gressibus,
1284 834 1358 888 ita
1401 841 1461 887 ut
1495 832 1793 887 serviamus
1828 831 1883 885 in
1916 832 2070 886 novi-

487 932 598 980 tate
641 925 897 995 spiritus,
943 933 1002 980 et
1055 941 1160 981 non
1206 926 1260 980 in
1302 934 1570 981 vetustate
1611 926 1832 991 litterae,
1870 926 1921 979 id
1955 934 2071 992 est,

486 1015 733 1071 vivamus
778 1015 878 1071 sub
902 1024 1200 1088 praecepto,
1235 1016 1326 1085 qui
1356 998 1508 1085 prius
1538 1015 1591 1069 in
1635 1014 1852 1069 modum
1884 1015 2073 1068 bruto-

486 1120 607 1161 rum
626 1104 940 1165 animalium
965 1106 1305 1177 degebamus,
1335 1104 1714 1159 Manducemus
1741 1114 1789 1158 et
1814 1104 2072 1169 bibamus,

485 1209 601 1248 cras
630 1195 770 1249 enim
796 1195 1081 1248 moriemur
1109 1192 1161 1265 (1
1191 1185 1313 1248 Cor.
1342 1210 1428 1257 xv,
1454 1193 1564 1264 ‘52).
1617 1192 1769 1259 Quod
1812 1194 1857 1249 si
1884 1194 2070 1249 subin-

485 1292 661 1340 trante
691 1284 809 1357 lege
841 1284 983 1358 (qua:
1016 1286 1173 1339 docet
1201 1285 1330 1355 quid
1360 1284 1560 1351 facere,
1586 1294 1641 1340 et
1663 1285 1914 1355 prohibet
1944 1287 2073 1357 quid

472 1392 593 1442 ,non
618 1376 800 1433 facere
813 1376 1127 1449 debeamus)
1143 1377 1276 1432 vitio
1299 1385 1484 1432 nostro
1504 1385 1559 1432 et
1582 1377 1967 1432 incontinentia
1996 1377 2075 1433 le-

483 1486 671 1525 ramur
684 1477 870 1525 contra
882 1464 1033 1525 scita
1055 1468 1596 1540 legalia,videturlex
1622 1483 1783 1524 causa
1811 1484 1929 1524 esse
1950 1484 2074 1538 pec-

481 1562 613 1627 cati,
628 1576 749 1633 qua:
766 1561 894 1616 dum
914 1560 1168 1629 prohibet
1182 1558 1695 1629 concupiscentiam,
1712 1559 2071 1628 quodammo-

481 1652 553 1710 do
566 1652 686 1710 eam
709 1651 1048 1708 inﬂammare
1067 1653 1429 1722 cognoscitur.
1447 1651 1733 1707 Saecularis
1752 1651 1892 1721 apud
1917 1650 2069 1706 Gne-

434 1772 437 1776 >
476 1760 579 1801 eos
605 1744 873 1799 sententia
899 1751 1020 1799 est:
1050 1742 1322 1822 Quidquid
1348 1743 1476 1799 licet
1501 1744 1681 1799 minus
1708 1744 2066 1808 desideratur,

2172 567 2366 628 gentes,
2391 575 2508 626 qua:
2531 575 2634 613 non
2655 559 2841 613 habent
2872 560 3030 630 legem
3066 563 3380 617 naturaliter
3404 582 3466 617 ea
3494 584 3614 635 quin
3640 566 3769 636 legis

2173 660 2291 702 sunt
2339 648 2570 717 faciunt,
2603 652 2721 716 isti,
2764 652 2927 721 legem
2960 666 3061 706 non
3108 653 3605 726 habentes,sibiipsi
3648 670 3768 711 sunt

2174 739 2288 804 lex;
2312 742 2401 811 qui
2430 741 2665 795 indicant
2687 760 2815 813 Opus
2839 745 2963 813 legis
2991 746 3237 814 scriptum
3272 748 3325 799 in
3357 749 3604 803 cordibus
3631 750 3769 814 suis,

2175 831 2524 886 testimonium
2558 830 2816 903 praebente
2842 834 2947 889 illis
2978 838 3295 890 conscientia
3320 837 3498 907 (Rom.
3532 842 3616 910 ιι).
3662 839 3771 894 Ista

2174 921 2259 976 lex
2284 938 2405 992 quae
2432 922 2486 975 in
2516 923 2677 977 corde
2700 924 2977 989 scribitur,
3011 941 3202 979 omnes
3230 928 3472 981 continet
3496 931 3766 993 nationes,

2175 1022 2229 1068 et
2256 1013 2431 1067 nullus
2455 1015 2734 1069 hominum
2755 1025 2857 1080 est,
2876 1016 2969 1086 qui
2992 1017 3130 1072 hanc
3157 1018 3327 1088 legem
3356 1020 3599 1085 nesciat;
3626 1023 3771 1077 unde

2175 1104 2351 1159 onmis
2387 1104 2620 1158 mundus
2664 1105 2766 1159 sub
2814 1116 3076 1176 peccato,
3122 1117 3177 1163 et
3218 1109 3459 1164 universi
3522 1112 3771 1166 homines

2173 1198 2619 1266 praevaricatores
2643 1196 2776 1268 legis
2802 1208 2950 1263 sunt,
2971 1208 3027 1253 et
3047 1200 3248 1254 idcirco
3271 1200 3481 1268 justum
3501 1202 3767 1270 judicium

2176 1288 2271 1342 Dei
2306 1297 2391 1342 est
2413 1287 2701 1343 scribentis
2722 1288 2776 1343 in
2800 1290 2961 1345 corde
2980 1292 3197 1359 generis
3222 1292 3467 1347 humani.
3501 1293 3660 1358 Quod
3683 1294 3773 1347 tibi

2174 1377 2292 1446 ﬁeri
2320 1377 2580 1443 nolueris,
2612 1378 2765 1457 alteri
2794 1397 2858 1434 ne
2901 1381 3103 1451 feceris.
3131 1382 3265 1449 Quis
3295 1383 3511 1454 ignorat
3537 1384 3770 1438 homici~

2177 1473 2347 1537 dium,
2377 1471 2714 1537 adulterium
2736 1515 2750 1540 ,
2776 1473 2920 1529 furta
2949 1484 3005 1529 et
3026 1489 3243 1531 omnem
3269 1478 3770 1546 concupiscentiam

2176 1580 2294 1621 esse
2317 1566 2539 1631 malum,
2574 1582 2641 1621 ex
2667 1582 2733 1621 eo
2756 1567 2899 1635 quod
2928 1567 3029 1622 sibi
3071 1582 3135 1622 ea
3176 1567 3313 1621 nolit
3339 1567 3499 1621 fieri?
3541 1566 3599 1621 Si
3627 1568 3773 1622 enim

2175 1659 2318 1713 mala
2341 1643 2462 1714 esse
2498 1660 2757 1724 nesciret,
2785 1642 3060 1729 nunquam
3091 1659 3194 1714 sibi
3216 1659 3423 1714 doleret
3443 1674 3567 1714 esse
3598 1659 3771 1713 illata.

2178 1748 2284 1803 Per
2313 1750 2453 1804 hanc
2482 1750 2785 1805 naturalem
2815 1748 2989 1819 legem
3023 1758 3081 1805 et
3119 1748 3255 1805 Cain
3292 1750 3550 1820 cognovit
3574 1765 3770 1819 pecca-

481 1851 612 1907 ergo
641 1835 946 1892 econtrario
966 1834 1229 1905 quidquid
1250 1850 1358 1889 non
1377 1834 1508 1890 licet
1546 1833 1842 1889 fomentum
1877 1834 2076 1904 accipit
2105 1822 2151 1882 Β
2183 1846 2297 1891 tum
2349 1852 2504 1893 suum
2534 1879 2549 1903 ,
2593 1838 2780 1913 dicens
2811 1855 2826 1894 :
2858 1837 3039 1908 Major
3064 1842 3139 1892 est
3166 1855 3327 1895 causa
3354 1855 3493 1905 mea,
3526 1856 3687 1910 quant
3720 1850 3774 1890 ut

484 1926 763 1983 desiderii.
789 1925 943 1982 Unde
968 1934 1025 1980 et
1049 1924 1256 1981 Tullius
1279 1926 1346 1980 de
1371 1925 1770 1994 parricidarum
1800 1925 2078 1995 suppliciis

484 2017 628 2088 apud
653 2016 1012 2071 Athenienses
1037 2015 1291 2071 Solonem
1331 2016 1614 2088 scripsisse
1650 2026 1843 2087 negat,
1873 2032 1941 2070 ne
1969 2031 2076 2071 non

438 2170 443 2174 ,
484 2118 597 2164 tam
646 2106 934 2179 prohibere
983 2123 1145 2179 quam
1176 2099 1541 2163 ‘commonere
1582 2108 1875 2163 videretur.
1908 2109 2076 2179 Igitur

483 2200 570 2256 lex
601 2200 744 2272 apud
769 2206 1173 2270 contemptores
1194 2205 1249 2252 et
1288 2198 1477 2269 legalia
1506 2208 1776 2269 pmcepta
1803 2199 2077 2254 calcantes

484 2308 607 2350 esse
653 2290 870 2348 videtur
916 2292 1134 2347 occasio
1177 2282 1535 2355 delictorum,
1579 2292 1706 2346 dum
1740 2291 2076 2361 prohibendo

486 2382 633 2453 quod
663 2381 771 2437 non
794 2381 921 2437 .vult
956 2381 1096 2448 ﬁeri,
1129 2382 1260 2452 ligat
1283 2395 1378 2436 eos
1406 2366 1636 2436 vinculis
1656 2382 2072 2447 mandatorum;

424 2503 431 2512 -
486 2476 575 2545 qui
594 2474 746 2544 prius
767 2476 971 2544 absque
984 2473 1101 2546 lege
1117 2482 1405 2544 peccantes
1421 2488 1528 2528 non
1551 2474 1873 2528 tenebantur
1893 2472 2078 2527 crimi-

485 2567 665 2622 nibus.
685 2565 809 2621 Haec
827 2566 1085 2631 diximus,
1102 2564 1299 2634 legem,
1321 2550 1442 2633 qum
1461 2579 1558 2634 per
1570 2562 1790 2635 Moysen
1814 2563 1939 2617 data
1963 2549 2069 2629 est,

488 2657 886 2727 intelligentes;
909 2660 1097 2711 verum
1119 2656 1245 2725 quia
1260 2656 1312 2709 in
1340 2653 1794 2724 consequentibus
1817 2655 2077 2723 scriptum

493 2754 579 2803 est
604 2764 617 2800 :
645 2745 753 2801 Lex
784 2747 898 2811 Dei,
922 2752 978 2801 et
1006 2746 1093 2801 lex
1140 2746 1320 2801 carnis
1344 2754 1507 2815 atque
1540 2744 1925 2808 membrbrum,
1958 2758 2079 2813 qua:

495 2848 698 2910 pugnat
713 2839 1001 2900 adversum
1014 2839 1186 2910 legem
1211 2838 1408 2893 mentis
1423 2845 1639 2902 nostrae,
1658 2837 1963 2905 etcaptivos
1979 2849 2079 2891 nos

500 2930 649 2985 ducit
676 2931 730 2984 in
763 2930 878 3001 lege
902 2930 1140 3000 peccati,
1178 2928 1446 2998 simulque
1495 2935 1729 2998 quatuor
1762 2927 1907 2997 leges
1936 2926 2079 2981 inter

492 3038 551 3078 se
572 3022 892 3093 dimicantes
913 3022 967 3077 in
989 3038 1096 3077 uno
1122 3021 1246 3094 loco.
1265 3011 1495 3089 scriptas
1510 3034 1629 3075 esse
1653 3032 1942 3088 cognosco,
1972 3031 2078 3071 non

495 3111 701 3180 absque
729 3126 789 3183 re
817 3109 1073 3173 arbitror,
1099 3109 1143 3163 si
1187 3122 1427 3178 quaeram
1475 3116 1607 3178 quot
1633 3120 1829 3177 genera
1860 3105 1992 3175 legis
2020 3104 2078 3159 in

487 3201 785 3273 Scripturis
809 3200 1013 3255 sanctis
1032 3214 1155 3254 esse
1184 3207 1583 3263 memorentur;
1616 3196 1811 3251 dicitur
1846 3194 1928 3249 lex
1956 3208 2075 3263 quae

486 3306 585 3362 per
612 3281 829 3362 Moysen
855 3290 979 3344 data
1023 3298 1138 3354 est,
1170 3286 1463 3343 Secundum
1491 3286 1622 3341 illud
1646 3287 1790 3356 quod
1816 3286 2076 3355 scriptum

490 3391 575 3438 est
601 3384 669 3437 ad
695 3380 915 3435 Galatas
939 3398 953 3434 :
982 3380 1250 3449 Quotquot
1277 3379 1414 3432 enim
1435 3393 1498 3431 ea:
1524 3376 1761 3447 operibus
1784 3375 1911 3445 legis
1934 3383 2076 3440 sunt,

486 3474 581 3528 sub
612 3472 888 3527 maledicto
930 3480 1073 3526 sunt.
1109 3470 1375 3541 Scriptum
1423 3477 1497 3522 est
1516 3469 1662 3522 .enim
1703 3482 1721 3520 :
1765 3465 2077 3521 Maledictus

488 3564 658 3617 omnis
686 3564 776 3634 qui
808 3579 913 3617 non
944 3571 1209 3631 permanet
1237 3563 1296 3615 in
1322 3560 1561 3614 omnibus
1588 3576 1704 3629 qua'
1734 3560 1929 3629 scripta
1956 3566 2077 3612 sunt

486 3653 542 3707 in
578 3653 711 3706 libro
746 3652 893 3723 legis,
925 3660 985 3705 ut
1031 3652 1285 3721 faciatea
1317 3648 1460 3721 (Gal.
1500 3649 1605 3720 ιιι).
1654 3648 1719 3702 Ει
1760 3662 1973 3703 rursum
2021 3647 2077 3701 in

489 3743 680 3799 eadem
709 3743 948 3813 Epistola
992 3762 1005 3796 :
1036 3741 1144 3796 Lex
1169 3750 1380 3812 propter
1406 3740 1865 3810 praevaricationes
1906 3739 2078 3815 posita

492 3843 586 3897 est,
602 3828 765 3887 donec
791 3833 981 3886 veniret
1008 3846 1182 3885 semen
1208 3832 1293 3884 cui
1318 3829 1685 3898 repromissum
1699 3836 1798 3891 est,
1822 3826 2078 3896 disposita

487 3940 581 3995 per
609 3922 820 3993 angelos
840 3923 905 3977 in
932 3922 1092 3975 manu
1120 3918 1429 3973 Mediatoris
1468 3917 1679 3988 (Ibid.).
1710 3917 1777 3971 Et
1812 3917 2007 3971 iterum
2058 3931 2073 3968 :

488 4011 686 4083 Itaque
700 4010 785 4066 lea:
806 4011 1120 4081 ptedagogus
1145 4018 1322 4063 noster
1343 4008 1444 4077 fuit
1465 4009 1519 4061 in
1542 4007 1774 4073 Christo,
1802 4017 1859 4083 ut
1884 4024 1949 4061 ea:
1973 4006 2077 4075 ﬁde

488 4081 872 4171 iustiﬁcemur.’
884 4098 1173 4170 Postquam
1204 4109 1376 4153 autem
1414 4100 1549 4153 venit
1573 4098 1725 4168 fides,
1750 4081 2077 4169 nequaquam

492 4191 635 4246 ultra
657 4191 753 4246 sub
777 4190 1062 4262 paedagogo
1092 4206 1273 4251 sumus
1297 4204 1313 4239 :
1345 4207 1520 4245 omnes
1545 4192 1683 4243 enim
1706 4188 1805 4259 [itii
1833 4189 1929 4242 Dei
1955 4189 2077 4242 estis

491 4300 586 4355 per
634 4282 813 4353 ﬁdem,
846 4298 962 4352 qua:
987 4291 1062 4336 est
1103 4284 1159 4335 in
1189 4278 1395 4336 Christo
1426 4280 1555 4335 Iesu
1604 4281 1793 4351 (Ibid.)
1841 4280 2077 4335 Historia

495 4386 733 4441 quoque,
756 4386 875 4440 qua:
895 4380 1162 4441 pracepta
1191 4385 1297 4425 non
1322 4375 1587 4458 continet,
1609 4371 1704 4425 sed
1725 4370 1855 4439 quid
1874 4372 2074 4424 factum

491 4465 565 4517 sit
595 4461 782 4526 refert,
832 4462 899 4517 ab
941 4460 1197 4530 Apostolo
1242 4461 1330 4515 lex
1370 4461 1688 4531 appellatur.
1726 4460 1898 4513 Dicite
1949 4460 2076 4528 mihi

486 4554 579 4623 qui
610 4553 705 4606 sub
727 4552 836 4622 lege
865 4551 1018 4606 uultis
1047 4568 1179 4618 esse,
1210 4568 1315 4605 non
1345 4551 1540 4621 legistis
1571 4551 1776 4621 legem?
1810 4551 2075 4619 Scriptum

492 4653 569 4700 est
614 4646 775 4710 enim,
804 4644 929 4715 quia
962 4644 1227 4698 Abraham
1257 4643 1387 4697 duos
1418 4642 1555 4712 ﬁlios
1586 4643 1789 4705 habuit,
1822 4658 1982 4695 unum
2012 4643 2078 4694 de

493 4734 730 4801 ancilla,
780 4744 828 4789 et
872 4736 1099 4789 alterum
1132 4735 1207 4789 de
1254 4736 1434 4789 libera.
1490 4735 1595 4791 Sed
1637 4738 1725 4805 qui
1774 4752 1839 4787 ea;
1882 4734 2078 4787 ancilla

490 4825 781 4881 secundum
810 4842 1023 4880 carnem
1050 4834 1207 4879 natus
1232 4836 1307 4879 est
1335 4840 1352 4877 :
1375 4827 1464 4895 qui
1488 4837 1661 4879 autem
1690 4827 1753 4879 de
1780 4826 1965 4888 libera,
1988 4843 2079 4895 per

493 4917 948 4987 repromissionem
979 4914 1122 4987 (Gal.
1153 4915 1247 4988 tv).
1281 4916 1387 4971 Sed
1405 4924 1460 4969 et
1485 4916 1673 4985 pSalmi
1701 4916 1788 4970 lex
1808 4915 2079 4986 appellan-

496 5017 605 5071 tur,
632 5014 689 5059 ut
724 5006 1081 5076 'compleretur
1103 5024 1272 5061 sermo
1307 5009 1396 5078 qui
1420 5010 1474 5061 in
1515 5008 1623 5078 lege
1648 5025 1827 5063 eorum
1855 5010 2080 5078 scriptus

500 5107 575 5152 est
594 5137 609 5160 ,
640 5097 767 5167 quia
795 5097 1016 5151 oderunt
1043 5114 1123 5152 me
1148 5100 1311 5169 gratis
1344 5097 1525 5169 (Joan.
1552 5116 1645 5165 tu;
1686 5097 1832 5153 Psal.
1867 5099 2076 5171 vam).

500 5187 659 5242 Isaiae
704 5200 920 5257 quoque
962 5187 1306 5258 prophetiam
1349 5188 1519 5259 legem
1562 5190 1835 5258 apostolus
1860 5198 2018 5245 vocat
2064 5208 2076 5243 :

500 5276 570 5331 In
595 5276 704 5347 lege
724 5276 977 5347 scriptum
996 5286 1092 5342 est,
1112 5279 1360 5347 quoniam
1379 5278 1434 5331 in
1454 5278 1571 5331 aliis
1592 5279 1786 5348 linguis
1809 5291 1857 5333 et
1880 5281 1934 5334 in
1962 5280 2081 5333 aliis

504 5365 657 5419 labiis
686 5365 874 5435 loquar
906 5364 1096 5437 populo
1140 5367 1282 5431 huic,
1329 5377 1376 5419 et
1421 5385 1510 5420 nec
1537 5369 1610 5422 sic
1637 5369 1918 5422 exaudient
1960 5386 2041 5424 me
2062 5409 2077 5436 ,

506 5455 634 5507 dicit
663 5452 950 5520 Dominus;
975 5456 1119 5525 quod
1137 5454 1291 5524 juxta
1320 5455 1638 5511 Hebraicum
1663 5468 1719 5511 et
1744 5458 1991 5528 Aquilam
2026 5461 2081 5513 in

511 5546 646 5599 Isaia
672 5546 934 5615 scriptum
962 5548 1154 5616 reperi.
1183 5548 1492 5617 Appellatur
1517 5550 1603 5604 lex
1650 5552 1811 5605 etiam
1852 5552 2081 5621 mystica

512 5634 864 5705 intelligentia
888 5636 1320 5707 Scripturarum:
1345 5639 1550 5695 Scimus
1572 5642 1696 5711 quia
1721 5641 1805 5696 lea:
1831 5641 2081 5711 spiritalis

507 5738 603 5798 est.
629 5729 695 5793 Et
716 5738 870 5797 extra
892 5732 1007 5787 haec
1027 5732 1205 5788 omnia
1227 5734 1522 5789 naturalem
1550 5734 1718 5805 legem
1739 5735 1993 5802 Scriptum
2022 5737 2075 5794 in

2179 1928 2439 1980 dimittar.
2499 1927 2568 1993 Et
2610 1927 2785 1983 Adam
2829 1936 2884 1985 et
2927 1929 3036 1983 Eva
3078 1940 3447 2001 cognoverunt
3488 1939 3773 2001 peccatum

2182 2032 2371 2081 suum,
2414 2016 2471 2071 et
2515 2026 2799 2087 propterea
2832 2006 3135 2074 absconditi
3172 2030 3300 2074 sunt
3322 2021 3424 2075 sub
3453 2021 3599 2091 ligno
3627 2022 3771 2074 vitae.

2180 2106 2394 2161 Pharao
2419 2122 2655 2177 quoque,
2699 2117 2989 2178 antequam
3034 2109 3122 2165 lex
3148 2110 3372 2165 daretur
3401 2125 3499 2181 per
3528 2111 3773 2182 Moysen,

2182 2198 2488 2253 stimulatus
2508 2197 2625 2269 lege
2644 2208 2874 2265 naturae,
2898 2216 2994 2254 sua
3037 2201 3261 2255 crimina
3290 2202 3583 2256 conﬁtetur
3603 2214 3663 2257 et
3691 2204 3768 2255 di-

2182 2288 2257 2341 cit
2283 2306 2295 2342 :
2323 2288 2580 2343 Dominus
2600 2290 2806 2359 justus,
2828 2307 2920 2361 ego
2943 2302 3115 2345 autem
3139 2301 3187 2346 et
3210 2292 3434 2363 populus
3459 2311 3605 2347 meus
3626 2296 3775 2365 impii

2182 2378 2380 2451 (Exod.
2395 2380 2494 2450 rx).
2514 2379 2667 2435 Hanc
2688 2380 2861 2452 legem
2884 2382 3057 2437 nescit
3084 2383 3336 2452 pueritia,
3351 2383 3565 2455 ignorat
3591 2385 3773 2438 infan-

2182 2470 2345 2536 tia,et
2366 2485 2598 2541 peccans
2623 2467 2826 2542 absque
2852 2472 3107 2528 mandato
3134 2457 3244 2529 non
3267 2483 3483 2530 tenetur
3507 2475 3625 2546 lege
3651 2491 3773 2545 pec-

2181 2565 2311 2619 cati.
2330 2563 2600 2619 Maledicit
2627 2554 2766 2634 patri
2796 2573 2851 2620 et
2871 2567 3123 2631 matri,et
3146 2576 3399 2637 parentes
3420 2567 3692 2631 verberat,
3721 2576 3775 2621 et

2181 2654 2306 2724 quia
2330 2654 2561 2708 necdum
2578 2655 2791 2725 accepit
2810 2656 2980 2727 legem
2996 2656 3293 2725 sapientiae,
3313 2666 3583 2712 mortuum
3609 2668 3700 2712 est
3721 2658 3771 2711 in

2181 2758 2245 2799 eo
2278 2756 2582 2815 peccatum.
2612 2746 2744 2803 Cum
2769 2758 2947 2803 autem
2976 2750 3287 2804 mandatum
3307 2750 3541 2814 venerit,
3576 2750 3630 2803 id
3670 2760 3771 2811 est.

2138 2878 2143 2889 τ
2184 2838 2396 2904 tempus
2444 2822 2815 2908 intelligentiae
2866 2839 3170 2909 appetentis
3199 2840 3393 2901 bona,
3442 2849 3497 2893 et
3551 2838 3771 2893 vitantis

2184 2920 2356 2993 mala;
2387 2936 2517 2982 tunc
2537 2929 2725 2997 incipit
2744 2936 3024 2998 peccatum
3047 2928 3396 2992 reviviscere,
3421 2936 3477 2982 et
3498 2927 3586 2981 ille
3608 2929 3767 2990 mori,

2166 3020 2417 3090 reusime
2442 3035 2564 3075 esse
2591 3020 2823 3091 peccati.
2854 3020 3031 3090 Atque
3057 3020 3131 3074 ita
3160 3018 3220 3072 ﬁt
3247 3028 3307 3072 ut
3332 3028 3547 3088 tempus
3577 3018 3771 3072 intelli-

2184 3110 2399 3181 gentiae,
2428 3126 2537 3180 quo
2561 3103 2939 3180 Dei'mandata
2972 3110 3369 3180 cognoscimus,
3401 3118 3462 3162 ut
3481 3110 3769 3176 pervenia-

2182 3217 2303 3256 mus
2326 3200 2395 3256 ad
2416 3202 2601 3266 vitam,
2631 3209 2883 3270 operetur
2909 3202 2962 3255 in
2991 3201 3145 3256 nobis
3176 3202 3404 3255 morte‘m
3431 3217 3443 3253 τ
3475 3200 3521 3254 si
3548 3214 3774 3270 agamus

2180 3291 2560 3361 negligentius,
2590 3298 2645 3345 et
2668 3291 2883 3346 occasio
2909 3291 3185 3360 sapientia:
3206 3291 3428 3345 seducat
3454 3304 3579 3351 nos,
3610 3300 3774 3357 atque

2180 3379 2488 3451 supplantet
2521 3388 2577 3434 et
2601 3380 2763 3435 ducat
2788 3383 2855 3435 ad
2884 3388 3112 3434 mortem
3139 3399 3149 3432 :
3177 3396 3281 3434 non
3306 3380 3449 3448 qu’od
3471 3379 3773 3449 intelligeno

2180 3471 2269 3525 tiae
2311 3482 2593 3540 peccatum
2638 3471 2709 3526 sit
2737 3471 2846 3543 (lex
2876 3471 3019 3525 enim
3050 3470 3420 3541 intelligentiae
3456 3480 3645 3525 sancta
3674 3512 3689 3535 ,
3722 3481 3777 3523 ct

2173 3560 2343 3630 justa,
2375 3570 2431 3617 et
2475 3560 2614 3615 bona
2645 3561 2771 3628 est),
2823 3562 2917 3615 sed
2942 3575 3037 3630 per
3066 3560 3474 3631 intelligentiam
3518 3570 3771 3631 peccato-

2181 3663 2302 3707 rum
2345 3660 2507 3719 atque
2543 3651 2802 3704 virtutum
2832 3650 2964 3704 mihi
3015 3658 3292 3719 peccatum
3329 3650 3594 3712 nascitur,
3628 3649 3772 3717 quod

2178 3742 2493 3811 priusquam
2518 3740 2898 3810 intelligerent,
2925 3748 3205 3808 peccatum
3224 3754 3345 3793 esse
3361 3754 3470 3793 non
3491 3754 3766 3803 noveram;

2178 3815 2342 3900 atque
2363 3831 2438 3885 ita
2460 3830 2661 3885 factum
2680 3837 2787 3895 est,
2803 3840 2863 3883 ut
2888 3829 3031 3899 quod
3058 3829 3187 3883 mihi
3206 3843 3305 3898 pro
3324 3828 3469 3884 bono
3483 3828 3670 3883 datum
3693 3837 3772 3881 est

2180 3938 2302 3977 meo
2318 3923 2446 3976 vitio
2463 3929 2702 3977 mutetur
2723 3922 2779 3975 in
2803 3921 3021 3975 malum.
3038 3922 3105 3974 Et
3127 3931 3185 3973 ut
3200 3920 3549 3991 hyperbolice
3572 3919 3767 3983 dicam,

2180 4029 2425 4082 novoque
2449 4013 2614 4067 verbo
2647 4022 2773 4067 utar
2799 4014 2867 4067 ad
2906 4012 3279 4081 explicandum
3317 4026 3540 4064 sensum
3570 4024 3766 4069 meum,

2180 4112 2461 4175 peccatum
2496 4104 2641 4173 quod
2688 4105 3000 4173 priusquam
3048 4102 3307 4156 haberem
3357 4100 3767 4169 intelligentiam

2181 4198 2384 4265 absque
2404 4204 2627 4267 peccato
2660 4182 2797 4259 erat,
2816 4194 3261 4264 pravaricatione
3283 4192 3523 4245 mandati
3549 4193 3766 4261 incipiat

2181 4304 2300 4343 esse
2330 4289 2460 4342 mihi
2485 4287 2798 4358 peccantius
2819 4284 3297 4356 peccatum.Prius
3318 4300 3626 4352 quaeramus
3649 4299 3765 4353 qua:

2182 4381 2251 4435 sit
2272 4381 2373 4436 ista
2397 4379 2835 4449 concupiscentia
2858 4379 2923 4433 de
2944 4384 3047 4447 qua
3068 4377 3153 4431 lex
3176 4376 3329 4438 dicit,
3349 4373 3473 4428 Non
3493 4375 3763 4443 concupis-

2105 4503 2155 4562 υ
2184 4490 2285 4527 ces.
2304 4472 2409 4526 Alii
2431 4480 2623 4541 putant
2642 4472 2770 4562 illud
2784 4486 2902 4526 esse
2924 4470 3257 4533 mandatum,
3272 4468 3415 4537 quod
3435 4468 3487 4521 in
3504 4467 3764 4562 Deealogo

2182 4565 2439 4633 scriptum
2472 4572 2576 4628 est,
2608 4561 2732 4615 Non
2761 4562 3089 4631 concupisces
3117 4576 3223 4612 rem
3253 4561 3479 4629 proximi
3508 4560 3607 4611 tui.
3660 4557 3764 4611 Nos

2182 4663 2360 4707 autem
2412 4667 2509 4721 per
2552 4651 3041 4720 concupiscentiam
3091 4664 3282 4704 omnes
3333 4649 3763 4718 perturbationes

2182 4727 2374 4795 animm
2417 4740 2748 4811 signiﬁcatas
2785 4748 3069 4809 putamus,
3127 4739 3325 4808 quibus
3373 4754 3669 4793 maeremus
3712 4746 3762 4791 et

2182 4830 2443 4894 dolemus,
2462 4830 2736 4895 timemus,
2762 4838 2816 4884 et
2842 4829 3300 4899 concupiscimus;
3325 4835 3379 4882 et
3408 4828 3511 4882 hoc
3536 4828 3758 4895 Aposto-

2180 4921 2265 4985 lus
2292 4937 2388 4975 vas
2412 4921 2711 4986 electionis,
2735 4919 2886 4989 cujus
2910 4919 3373 4990 corpustemplum
3397 4928 3517 4974 erat
3533 4919 3759 4988 Spiritus

2184 5008 2380 5071 sancti,
2431 5016 2486 5062 et
2520 5009 2611 5078 qui
2647 5010 2860 5063 dicebat
2907 5027 2919 5060 :
2963 5008 3045 5061 An
3071 5009 3480 5077 experimentum
3531 5008 3759 5075 qua-ritis

2180 5098 2295 5169 ejus
2316 5099 2405 5169 qui
2435 5099 2486 5150 in
2516 5114 2595 5150 me
2622 5095 2852 5165 loquitur
2874 5093 3115 5150 Christus
3138 5098 3163 5149 .9
3190 5096 3244 5165 (I
3267 5094 3390 5149 Cor.
3425 5092 3573 5164 xm.)
3602 5096 3667 5149 Et
3707 5097 3756 5148 in

2184 5189 2288 5243 alio
2317 5191 2455 5254 loco,
2484 5188 2724 5243 Christus
2748 5207 2839 5242 nos
2866 5188 3080 5242 redemit
3114 5184 3254 5256 (Gal.
3282 5187 3386 5257 ιιι);
3417 5196 3473 5243 et
3498 5203 3712 5241 rursum
3743 5206 3754 5239 :

2197 5278 2316 5333 Vivo
2361 5288 2534 5331 autent
2567 5278 2683 5347 jam
2724 5295 2826 5330 non
2866 5293 2992 5346 ego,
3022 5276 3142 5330 vivit
3172 5292 3288 5329 vero
3316 5277 3372 5328 in
3404 5293 3486 5330 me
3527 5276 3756 5329 Christus

2185 5366 2327 5441 (Gal.
2379 5369 2464 5440 ιι).
2504 5368 2618 5422 Non
2651 5369 2716 5423 de
2763 5383 2822 5423 se
2853 5368 3112 5437 loquitur,
3162 5367 3256 5422 sed
3284 5368 3353 5421 de
3390 5382 3459 5422 eo
3509 5370 3600 5437 qui
3642 5376 3757 5436 post

2184 5466 2403 5529 peccata
2423 5457 2542 5513 vult
2566 5464 2724 5528 agere
2749 5456 3144 5537 ptenitentiam,
3170 5466 3228 5511 et
3261 5457 3361 5511 sub
3402 5471 3636 5526 persona
3663 5472 3753 5511 sua

2182 5550 2528 5620 fragilitatem
2554 5550 2809 5604 describit
2833 5548 3155 5603 conditionis
3183 5549 3462 5613 humana},
3493 5563 3613 5618 qua:
3636 5547 3755 5602 duo-

2186 5660 2303 5698 rum
2346 5644 2642 5706 homiuum,
2680 5641 2954 5699 interioris
2979 5649 3034 5696 et
3064 5640 3375 5703 exterioris,
3412 5642 3753 5711 pugnantium

2187 5738 2326 5795 inter
2355 5753 2413 5793 se
2446 5737 2585 5791 bella
2625 5737 2941 5804 perpetitur.
2973 5733 3196 5789 Interior
3226 5734 3389 5787 homo
3420 5732 3684 5788 conseruit
3705 5737 3753 5782 et
