3960 6336
223 347 366 403 ΝΠ

750 346 1299 405 ENARRATIONUM
1336 347 1405 401 IN
1439 347 1589 409 EPP.
1629 347 1837 403 PAULI
1871 346 2001 402 LIB.
2034 344 2126 402 IV.
2162 375 2233 386 —
2260 344 2331 401 IN
2370 344 2591 402 EPIST.
2612 344 2726 422 ’ΔΒ
2761 342 2928 401 ROM.

3344 346 3479 400 “ib

216 456 437 525 scriptae
459 462 518 510 et
550 456 781 510 naturali
808 456 947 525 legi,
989 457 1132 526 quod
1179 458 1319 511 bona
1369 458 1474 524 sit,
1514 466 1570 512 et
1594 466 1805 521 saneta,
1834 468 1885 525 Α
1909 470 2141 532 persona
2169 471 2266 511 sua
2290 456 2396 511 hoc
2413 456 2727 525 Apostolum
2752 456 2819 511 de
2839 456 2960 511 aliis
3003 455 3210 521 dicere,
3249 467 3485 527 exponat

220 559 279 601 et
323 546 469 616 justa
497 586 513 611 ,
546 556 602 602 et
630 547 907 616 spiritalis.
967 547 1237 611 Exterior,
1282 565 1398 618 ego,
1423 549 1635 618 inquit,
1684 564 1803 601 car-

219 636 356 690 nalis
384 652 519 701 sum,
550 644 875 690 venundatus
912 637 1006 689 sub
1052 648 1261 707 peccato
1302 651 1320 687 :
1348 638 1485 709 quod
1520 640 1657 692 enim
1691 654 1800 707 ope-

220 741 311 779 ror
339 728 543 794 nescio,
598 736 646 782 et
689 744 793 782 non
842 728 981 798 quod
1029 728 1169 794 volo,
1215 730 1312 783 hoc
1350 748 1484 799 ago,
1534 730 1624 783 sed
1666 728 1805 798 quod

218 817 308 869 odi
341 815 517 887 (Rom.
562 816 681 888 vn).
720 815 778 872 Si
821 827 1000 872 autem
1045 819 1281 873 exterior
1323 819 1474 885 facit,
1517 821 1660 887 quod
1698 833 1804 871 non

216 904 366 971 vult,
412 914 469 961 et
505 915 765 977 cperatur
789 906 933 976 quod
975 907 1112 972 odit,
1160 908 1394 963 ostendit
1436 907 1636 962 bonum
1684 921 1804 962 esse

218 996 550 1060 mandatum,
584 1006 640 1051 et
674 1013 780 1052 non
810 1012 868 1052 se
901 998 1113 1067 operari
1150 999 1295 1069 quod
1320 1008 1405 1055 est
1435 1000 1666 1065 malum,
1707 1000 1803 1055 sed

214 1086 467 1141 habitans
494 1087 545 1141 in
564 1104 659 1143 sua
688 1104 852 1143 carne
873 1098 1178 1157 peccatum,
1204 1090 1309 1145 hoc
1332 1099 1436 1154 est,
1460 1088 1591 1143 vitia
1613 1105 1803 1159 corpo-

216 1177 294 1232 ris
327 1187 383 1233 et
428 1180 698 1235 desideria
730 1181 1035 1251 voluptatis,
1069 1198 1189 1251 qua:
1222 1191 1445 1253 prepter
1473 1192 1719 1252 posteros
1748 1191 1802 1237 et

214 1268 455 1323 sobolem
501 1272 665 1326 insita
695 1280 776 1327 est
823 1272 1075 1327 humanis
1112 1274 1462 1343 corporibus,
1493 1282 1548 1329 et
1593 1274 1640 1328 si
1667 1273 1802 1329 ﬁnes

214 1358 379 1416 fuerit
405 1378 644 1433 egressa,
680 1364 907 1418 vertitur
934 1364 987 1417 in
1018 1373 1320 1433 peccatum.
1352 1364 1409 1419 Si
1437 1366 1802 1434 unusquisque

212 1456 540 1522 consideret,
574 1466 628 1511 et
672 1464 956 1512 accusator
977 1457 1083 1522 sui,
1118 1465 1312 1512 tractet
1332 1458 1603 1512 incentiva
1641 1458 1799 1511 vitio—

209 1559 352 1611 rum,
381 1546 654 1615 quomodo
674 1558 729 1601 et
758 1548 813 1601 in
842 1562 1113 1613 sermone,
1142 1549 1264 1603 etin
1288 1550 1633 1620 cogitatione,
1668 1558 1723 1604 et
1745 1549 1798 1603 in

208 1638 394 1693 calore
420 1640 668 1709 corporis
690 1654 832 1711 saepe
854 1641 1108 1709 loquatur
1132 1650 1187 1696 et
1210 1642 1433 1712 cogitet,
1457 1650 1513 1697 et
1540 1642 1796 1712 patiatur,

208 1730 354 1800 quod
373 1746 481 1785 nou
495 1732 608 1785 vult
628 1750 641 1786 :
675 1732 799 1787 nolo
814 1734 1013 1799 dicere,
1032 1733 1214 1799 faciat,
1233 1750 1300 1789 ne
1319 1745 1538 1790 sanctos
1562 1736 1705 1790 viros
1718 1735 1800 1789 vi-

1909 545 2181 615 quomodo
2207 544 2392 600 Daniel
2415 557 2575 613 quem
2607 546 2813 615 justum
2844 546 3011 601 fuisse
3048 546 3296 601 novimus
3324 548 3480 616 quasi

1908 635 1974 689 de
1996 649 2056 689 se
2076 634 2243 699 dicat,
2264 648 2513 704 cum'pro
2546 632 2673 689 aliis
2716 634 3034 704 deprecetur
3064 675 3076 688 .
3110 633 3447 690 Peccavimus
3465 674 3480 700 ,

1907 725 2233 795 iniquitatem
2270 722 2487 793 fecimus
2508 764 2524 789 ,
2556 724 2717 793 impie.
2735 724 2953 794 egimus,
2980 734 3028 778 et
3066 725 3371 779 recessimus
3388 762 3407 789 ,
3432 735 3484 779 st

1905 813 2283 868 declinavimus
2309 831 2343 867 a
2364 814 2627 868 mandatis
2654 815 2758 867 tuis
2775 854 2790 879 ,
2817 824 2865 867 et
2885 815 3104 883 judiciis
3126 832 3143 869 :
3174 831 3277 869 non
3303 813 3485 869 obedi-

1905 908 2073 961 vimus
2096 906 2255 960 servis
2285 907 2388 961 tuis
2415 906 2700 977 prophetis,
2722 906 2811 975 qui
2831 904 2991 959 locuti
3012 916 3131 959 sunt
3177 907 3230 959 in
3275 905 3484 959 nomine

1905 1008 1995 1051 tuo
2046 998 2116 1051 ad
2164 1014 2305 1068 reges
2336 1009 2541 1052 nostros
2584 1007 2633 1051 et
2680 997 2967 1067 principes,
3008 1007 3053 1050 et
3082 1006 3254 1067 patres
3278 1036 3293 1061 ,
3340 1007 3387 1048 et
3413 995 3482 1048 ad

1905 1102 2108 1139 omnem
2130 1085 2376 1156 pupulum
2400 1097 2560 1140 terror
2590 1103 2609 1141 :
2635 1085 2748 1152 tibi,
2776 1086 2996 1140 Domine
3013 1126 3028 1150 ,
3045 1086 3279 1155 justitia,
3338 1084 3509 1139 nobis

1904 1190 2079 1233 autem
2125 1178 2363 1246 confusio
2412 1179 2567 1248 faciei
2608 1179 2773 1251 (Dan.
2800 1179 2897 1249 lx).
2933 1178 3064 1233 Illud
3095 1194 3309 1249 quoque
3341 1178 3485 1248 ιιιφὰ

1904 1269 1959 1323 in
1992 1269 2265 1323 tricesimo
2293 1271 2468 1339 primo
2492 1271 2700 1339 psalmo
2725 1271 2926 1326 dicitur
2950 1288 2962 1325 :
2998 1269 3281 1325 Peccatum
3310 1287 3485 1329 meum

1904 1361 2171 1429 cognitum
2210 1360 2303 1413 tibi
2324 1360 2821 1430 feci,-iniquitatem
2868 1378 3034 1415 meam
3080 1379 3185 1417 non
3210 1361 3483 1416 abscondi.

1904 1449 2029 1505 Dixi
2080 1467 2098 1505 :
2144 1450 2441 1533 Conﬁtebor
2490 1453 2764 1506 adversum
2812 1470 2892 1506 me
2945 1454 3262 1524 injustitiam
3308 1470 3480 1509 meant

1904 1538 2150 1605 Domino,
2175 1550 2225 1594 et
2272 1550 2327 1593 tu
2357 1542 2601 1594 remisisti
2630 1542 2947 1610 impietatem
2973 1544 3171 1611 peccati
3218 1545 3337 1597 mei.
3370 1541 3477 1597 Pro

1894 1635 2001 1712 .hac
2042 1634 2211 1688 orabit
2240 1633 2309 1687 ad
2332 1643 2380 1687 te
2407 1635 2574 1687 omnis
2596 1645 2810 1688 sanctus
2844 1636 2899 1686 in
2924 1645 3150 1705 tempore
3172 1646 3481 1707 opportuno.

1903 1721 2021 1778 Non
2048 1723 2258 1789 Davidi,
2289 1733 2363 1779 -et
2380 1725 2527 1794 justo
2553 1728 2693 1794 viro,
2735 1738 2789 1783 et
2820 1738 2881 1783 ut
2922 1730 3238 1800 simpliciter
3268 1730 3482 1809 loquar,

206 1820 341 1875 dear
353 1837 630 1887 accusare,
648 1824 918 1893 dequibus
943 1826 1205 1894 scriptum
1220 1833 1317 1879 est
1345 1844 1356 1877 :
1382 1825 1511 1879 Erat
1532 1825 1692 1880 homo
1710 1824 1798 1879 ille
1826 1818 1876 1888 Β
1903 1816 2179 1886 Propheta!
2198 1857 2213 1881 .
2241 1816 2393 1886 cuius
2415 1820 2578 1873 verba
2603 1829 2914 1885 narrantur.
2938 1822 3031 1877 sed
3060 1823 3330 1893 peccaturi
3354 1839 3485 1878 con-

204 1928 370 1968 verus
398 1921 452 1968 et
483 1914 880 1979 immaculatus,
902 1913 1082 1981 justus
1098 1914 1190 1969 Dei
1214 1914 1407 1979 cultor,
1441 1907 1714 1970 recedens
1732 1914 1800 1969 ab

203 2005 355 2061 omni
382 2020 545 2073 opere
566 2006 709 2060 malo
732 2004 873 2076 (Job.
891 2004 931 2074 ι)
951 2021 965 2069 ;
989 2014 1043 2059 et
1063 2004 1130 2059 de
1149 2004 1410 2064 Zacharia
1424 2014 1480 2060 et
1490 2005 1761 2060 Elisabeth
1783 2023 1795 2058 :

207 2092 383 2149 Erant
412 2103 585 2147 autem
606 2094 744 2163 justi
775 2094 925 2147 ambo
954 2094 1008 2147 in
1040 2103 1315 2163 conspectu
1342 2092 1441 2146 Dei
1473 2092 1799 2147 ambulantes

208 2187 268 2240 in
316 2188 555 2241 omnibus
595 2187 889 2251 mandatis,
934 2196 983 2240 et
1026 2185 1498 2256 justiﬁcationibus
1548 2184 1794 2251 Domini,

210 2280 408 2351 absque
437 2279 647 2349 querela
674 2278 825 2350 (Luc.
857 2279 932 2351 1);
958 2288 1013 2333 et
1042 2287 1367 2350 praeceptum
1392 2288 1476 2335 est
1499 2280 1795 2350 apostolis:

207 2367 409 2435 Estote,
458 2370 669 2439 perfecti
699 2371 832 2423 sicut
888 2367 1049 2423 Pater
1090 2381 1253 2423 vester
1286 2369 1503 2423 ccelestis
1538 2369 1798 2440 perfectus

204 2469 323 2513 est:
355 2474 632 2527 nunquam
671 2468 849 2515 autem
886 2460 989 2513 hoc
1032 2458 1323 2528 Apostolus
1348 2460 1664 2528 imperaret,
1697 2458 1799 2513 nisi

204 2547 374 2603 sciret
401 2547 673 2601 hominem
698 2561 857 2617 posse
882 2562 1003 2602 esse
1030 2549 1353 2615 perfectura.
1370 2547 1497 2603 .Nisi
1524 2548 1664 2603 torte
1694 2547 1798 2602 hoc

204 2641 473 2704 dicamus,
496 2640 639 2709 quod
665 2640 925 2694 recedens
945 2641 1014 2695 ab
1025 2640 1172 2694 omni
1204 2642 1346 2695 malo
1366 2641 1797 2696 emendationem

202 2730 511 2803 signiﬁcet,
559 2740 614 2784 ct
653 2732 719 2786 de
748 2732 1027 2785 erroribus
1070 2733 1348 2801 pueritiae,
1380 2744 1435 2788 et
1462 2734 1609 2788 vitiis
1636 2734 1794 2787 lasci-

200 2824 401 2877 vientis
429 2822 621 2887 aetatis,
650 2826 933 2877 transitum
958 2825 1610 2895 adeorrectionemalque
1624 2827 1798 2880 virtu-

198 2930 287 2988 tes
310 2932 325 2981 ;
349 2914 617 2984 justitiam
668 2930 908 2985 quoque,
932 2930 1053 2985 quae
1075 2915 1128 2969 in
1158 2915 1419 2969 Zacharia
1442 2925 1496 2970 et
1524 2916 1797 2971 Elisabeth

197 3006 549 3077 praedicatur,
582 3004 713 3061 foris
754 3006 903 3071 esse;
953 3007 1445 3076 concupiscentiam
1477 3022 1624 3070 vero,
1679 3022 1799 3077 qum

197 3113 346 3153 nunc
375 3098 619 3153 habitare
644 3098 698 3153 in
728 3098 987 3153 membris
1009 3100 1214 3153 nostris
1236 3099 1454 3163 dicitur,
1482 3098 1688 3153 versari
1717 3100 1798 3153 in-

1903 1908 2067 1979 gruit.
2099 1905 2343 1977 Cumque
2376 1906 2555 1976 justus
2591 1910 2693 1965 sub
2717 1925 2947 1979 persona
2997 1912 3316 1992 paenitentis
3355 1913 3484 1968 talia

1901 1997 2263 2067 profudisset,
2310 2014 2342 2053 a
2390 2000 2512 2058 Deo
2572 2009 2813 2055 meretur
2861 2002 3092 2058 audire:
3150 1995 3481 2059 Intellectum

1901 2086 1994 2139 tibi
2036 2086 2171 2140 dabo
2216 2098 2264 2140 et
2300 2088 2559 2141 instruam
2593 2098 2653 2142 te
2668 2090 2725 2141 in
2752 2089 2834 2143 uia
2872 2090 2970 2143 hac
2994 2132 3008 2155 ,
3050 2108 3154 2162 qua
3194 2094 3481 2163 gradieris,

1898 2177 2123 2245 ﬁrmabo
2158 2195 2314 2248 super
2337 2189 2385 2231 te
2429 2179 2607 2233 oculos
2648 2196 2811 2233 meos.
2855 2180 2912 2235 In
2957 2182 3230 2237 tricesimo
3269 2197 3487 2254 quoque

1900 2268 2132 2336 septimo
2155 2268 2383 2337 psalmo,
2413 2270 2567 2339 cujus
2593 2269 2780 2325 titulus
2803 2280 2888 2326 est
2921 2270 2988 2325 In
3031 2276 3483 2329 commemoratio-

1900 2374 2050 2425 nem,
2079 2369 2139 2414 ut
2184 2360 2376 2415 doceat
2409 2376 2508 2416 nos
2544 2376 2759 2431 semper
2786 2372 3131 2432 peccatorum
3173 2375 3481 2422 nostrorum

1900 2466 2169 2506 memores
2217 2466 2339 2507 esse
2364 2452 2559 2507 debere
2582 2493 2598 2518 ,
2652 2465 2706 2507 ct
2754 2468 2913 2524 agere
2956 2456 3353 2523 paenitentiam,
3380 2457 3485 2513 tale

1900 2531 2029 2613 quid
2050 2543 2284 2613 legimus
2318 2562 2330 2597 :
2366 2543 2489 2598 Non
2522 2555 2595 2598 est
2628 2562 2733 2615 pax
2763 2548 2964 2600 ossibus
2991 2548 3117 2601 meis
3144 2566 3176 2601 a
3204 2548 3342 2620 facie
3366 2566 3487 2620 pec-

1899 2644 2137 2687 catorum
2180 2652 2437 2689 meorum.
2486 2635 2751 2701 Quoniam
2791 2639 3091 2708 iniquitates
3131 2656 3258 2695 mea:
3298 2658 3483 2711 super-

1896 2715 2095 2795 grésste.
2113 2736 2233 2781 sunt
2260 2738 2416 2797 caput
2461 2745 2655 2794 meum,
2694 2732 2846 2799 quasi
2876 2747 3007 2785 onus
3060 2749 3216 2802 grave
3254 2744 3484 2804 gravata

1897 2827 2016 2871 sunt
2046 2835 2201 2886 super
2222 2834 2323 2871 me.
2356 2815 2628 2888 Corruptae
2652 2830 2845 2874 suntet
2872 2831 3182 2889 putruerunt
3216 2823 3484 2879 cicatrices

1898 2925 2024 2961 mea:
2058 2928 2089 2962 a
2114 2909 2250 2975 facie
2296 2908 2610 2979 insipientia:
2642 2928 2789 2965 meae.
2831 2913 3064 2984 Aﬁlicttts
3090 2930 3205 2967 sum
3231 2924 3277 2968 et
3313 2915 3484 2968 humi-

1899 2997 2059 3052 liatus
2085 3015 2201 3052 sum
2225 2999 2399 3052 nimis.
2431 2998 2664 3070 (Ambu)
2691 2999 2875 3069 Itaque
2904 3017 3002 3071 per
3041 3019 3254 3057 omnem
3281 3019 3480 3059 concu-

1897 3088 2217 3158 piscentiam
2266 3098 2460 3145 cuncta
2501 3099 2723 3159 peccata
2768 3090 3052 3161 signiﬁcat.
3107 3092 3283 3161 Supra
3334 3096 3479 3149 enim

195 3190 489 3246 ιι-ίηεθευδ,
516 3189 623 3245 sed
642 3189 934 3261 Αροειοιυε
964 3204 1069 3271 ηομ
1092 3190 1273 3260 pueris
1301 3190 1543 3271 pracip‘n
1562 3230 1578 3252 ,
1602 3204 1789 3244 verum
1820 3178 1865 3240 C
1898 3178 2391 3246 concupiscentiam
2421 3176 2577 3246 juxta
2628 3178 2799 3249 legem
2851 3191 3149 3248 memorat,
3202 3184 3285 3237 cui
3338 3201 3480 3241 nunc

193 3279 309 3352 jam
332 3282 511 3336 aetatis
527 3284 780 3347 robustae,
806 3290 867 3337 ut
894 3262 1174 3337 assumant
1204 3262 1608 3352 perfectionem,
1626 3296 1789 3351 quam

194 3372 377 3427 et'nos
415 3372 740 3428 conﬁtemur
780 3374 837 3427 in
888 3382 1048 3426 mtate
1101 3386 1220 3426 esse
1247 3374 1506 3440 perfecta.
1534 3372 1643 3426 Nec
1675 3371 1789 3425 haec

195 3461 449 3519 dicentes
472 3462 753 3517 adulamur
780 3462 944 3527 vitiis,
974 3462 1070 3516 sed
1100 3462 1476 3515 auctoritatem
1510 3460 1789 3530 sequimur

196 3556 623 3627 Scripturarum,
662 3554 806 3625 quod
828 3554 1007 3609 nullus
1029 3555 1192 3609 homo
1214 3554 1283 3608 sit
1301 3555 1503 3623 absque
1525 3563 1745 3621 peccato
1771 3569 1782 3603 :

194 3650 294 3706 sed
313 3647 567 3703 conclusit
594 3647 731 3701 Deus
759 3663 933 3700 omnes
959 3646 1053 3700 sub
1076 3655 1305 3715 peccato,
1343 3655 1397 3698 ut
1426 3647 1656 3697 omnium
1685 3644 1787 3696 mi-

192 3749 435 3798 sereatur
457 3739 634 3811 (Rom.
651 3738 754 3810 xl),
781 3740 985 3807 absque
1014 3753 1079 3792 eo
1105 3739 1195 3807 qui
1220 3748 1487 3806 peccatum
1509 3753 1612 3790 non
1633 3736 1783 3804 fecit,

195 3847 292 3886 nec
314 3830 465 3883 dolus
492 3830 728 3883 inventus
749 3837 822 3881 est
851 3829 905 3880 in
928 3845 1016 3881 ore
1042 3828 1155 3897 ejus
1186 3825 1237 3898 (I
1266 3824 1414 3880 Petr.
1450 3828 1534 3896 ιι),
1563 3828 1703 3880 unde
1734 3835 1788 3881 et

195 3937 300 3993 per
330 3922 671 3976 Salomonem
703 3920 920 3983 dicitur,
952 3919 1095 3988 quod
1125 3921 1395 3988 serpentis
1426 3918 1651 3989 vestigia
1680 3934 1785 3973 non

197 4011 546 4067 inveniantur
565 4010 619 4065 in
645 4018 827 4080 petra;
854 4019 910 4064 et
953 4009 1068 4079 ipse
1109 4010 1175 4065 de
1204 4024 1263 4063 se
1289 4010 1548 4063 Dominus
1578 4024 1593 4063 :
1625 4008 1784 4073 Ecce,

196 4104 397 4173 inquit,
427 4103 564 4157 venit
591 4102 828 4171 princeps
850 4101 1008 4169 hujus
1032 4101 1213 4154 mundi
1236 4110 1284 4153 et
1310 4103 1367 4155 in
1393 4118 1475 4154 me
1504 4118 1605 4155 non
1632 4100 1785 4154 habet

190 4194 484 4264 quidquam
512 4190 693 4263 (Joan.
727 4190 861 4261 xlv),
894 4191 946 4245 id
976 4200 1081 4255 est,
1113 4192 1194 4245 sui
1216 4192 1415 4260 cperis,
1465 4191 1655 4259 suique
1696 4204 1785 4244 ve-

196 4284 368 4353 stigii.
388 4283 467 4339 οι)
490 4284 630 4337 hanc
644 4297 860 4338 causam
882 4282 1103 4351 jubetur
1128 4282 1281 4336 nobis
1302 4299 1370 4337 ne
1396 4274 1783 4351 exprobremus

196 4370 405 4431 homini
422 4374 717 4430 revertenti
742 4390 772 4428 a
798 4375 1033 4445 peccatis
1072 4391 1203 4440 suis,
1233 4384 1289 4428 et
1315 4390 1383 4430 ne
1412 4376 1785 4430 abominemur

194 4464 540 4536 Egyptium,
568 4464 693 4533 quia
720 4476 775 4519 et
797 4464 899 4535 ipsi
922 4466 1191 4534 quondam
1218 4466 1271 4519 in
1298 4465 1533 4537 Egypto
1561 4465 1779 4532 luimus,

1891 3276 2086 3322 cetera
2128 3270 2331 3324 addens
2364 3269 2515 3333 vitia,
2558 3284 2775 3324 omnem
2823 3270 2957 3325 dixit
2986 3275 3477 3342 concupiscentiam

1878 3363 2168 3427 ‘operatam
2183 3359 2239 3414 in
2254 3359 2469 3414 homine
2495 3348 2737 3429 impulsu
2751 3360 2971 3426 diaboli,
2994 3378 3155 3431 quem
3177 3364 3231 3419 in
3257 3377 3481 3435 peccato

1891 3445 2180 3515 signiﬁcat,
2208 3456 2269 3502 ut
2294 3449 2350 3503 in
2372 3449 2702 3503 contrarium
2755 3449 2911 3505 ﬁeret
2958 3450 3159 3505 homini
3216 3452 3301 3509 lex
3354 3470 3476 3523 quae

1890 3542 2015 3594 data
2028 3548 2147 3594 erat
2164 3548 2225 3595 ut
2243 3543 2543 3615 prodesset.
2565 3542 2763 3597 Videns
2783 3543 2928 3597 enim
2944 3544 3189 3600 diabolus
3214 3546 3473 3601 auxilium

1889 3645 1984 3697 per
2012 3631 2182 3702 legem
2228 3632 2430 3687 homini
2479 3634 2753 3703 provisum
2782 3674 2797 3698 ,
2841 3650 3001 3703 quem
3035 3635 3086 3689 in
3130 3637 3474 3704 conditione,

1890 3737 2075 3776 secum
2096 3732 2318 3793 propter
2338 3724 2508 3794 ipsius
2545 3724 3032 3796 transgressionem
3061 3726 3260 3793 habere
3289 3738 3473 3799 gratu-

1888 3812 2100 3867 labatur
2123 3813 2306 3885 [quem
2332 3814 2385 3868 in
2410 3815 2717 3870 conditione
2741 3828 2801 3869 se
2824 3824 2930 3869 tam
2947 3826 3166 3885 propter
3187 3829 3467 3886 peccatum

1886 3905 2046 3969 Adae,
2078 3920 2239 3975 quam
2282 3914 2501 3975 propter
2525 3905 2694 3975 ipsius
2724 3905 2922 3961 habere
2941 3906 3358 3980 gratulabatur],
3382 3912 3468 3966 in-

1892 3997 2097 4052 tellexit
2123 3997 2322 4052 factum
2352 3998 2638 4051 adversum
2663 4012 2752 4062 se;
2780 4012 2938 4067 quem
2954 4000 3099 4052 enim
3121 4000 3253 4053 vidit
3269 4000 3471 4057 factum

1888 4090 1989 4145 sub
2012 4089 2162 4159 lege,
2188 4103 2287 4157 pro
2311 4097 2461 4143 certo
2483 4088 2670 4143 habuit
2698 4089 2764 4143 de
2791 4104 2887 4143 suo
2918 4089 3184 4143 sublatum
3210 4092 3469 4147 dominio.

1886 4180 2196 4250 Agnoverat
2243 4179 2385 4233 enim
2442 4179 2635 4242 homo,
2684 4179 2951 4247 quomodo
3001 4192 3216 4249 ptenam
3268 4181 3466 4237 inferni

1886 4272 2158 4325 evaderet.
2188 4269 2323 4323 Hinc
2353 4270 2559 4325 exarsit
2586 4270 2862 4323 iracundia
2885 4270 3144 4324 adversus
3170 4271 3461 4337 hominem,

1880 4370 1945 4416 .ut
1992 4362 2068 4415 illi
2120 4360 2286 4429 legem
2320 4362 2657 4425 inverteret,
2705 4369 2763 4414 ut
2813 4360 3081 4431 prohibita
3135 4362 3469 4419 admittendo

1886 4455 2055 4509 Deum
2086 4470 2274 4511 rursus
2307 4454 2620 4519 offenderet,
2647 4464 2701 4507 et
2728 4454 2900 4508 denuo
2926 4455 2976 4507 in
2999 4463 3319 4523 potestatem
3352 4458 3469 4510 dia-

194 4566 253 4614 et
274 4525 487 4612 delum
513 4573 577 4612 ac
604 4558 671 4613 de
696 4525 953 4612 lateribus
978 4558 1246 4613 Pharaoni
1268 4525 1633 4614 exserti-ximus
1653 4561 1783 4614 civi-

1894 4546 1993 4599 boli
2032 4546 2267 4600 caderet.
2301 4544 2475 4613 Coepit
2494 4560 2598 4599 non
2626 4545 2908 4613 imperare,
2937 4545 3030 4598 sed
3071 4544 3339 4599 subtiliter
3369 4546 3466 4599 fal-

196 4660 363 4713 tates,
390 4659 446 4705 et
472 4651 597 4719 quia
627 4652 823 4721 captivi
857 4652 1003 4706 ducti
1025 4667 1209 4706 sumus
1233 4653 1285 4705 in
1315 4654 1639 4723 Babylonem
1667 4654 1783 4724 lege

197 4742 431 4813 peccati,
458 4742 601 4811 quod
616 4742 671 4795 in
699 4742 955 4797 membris
974 4742 1173 4796 nostris
1194 4742 1523 4796 morabatur.
1541 4742 1786 4812 Cumque

196 4834 481 4888 videretur
507 4842 748 4887 extrema
772 4834 1095 4903 desperatio,
1131 4834 1238 4887 imo
1288 4842 1473 4902 aperte
1517 4833 1783 4890 confessio

198 4940 418 4983 omnem
458 4925 730 4980 hominem
760 4926 955 4980 diaboli
1000 4926 1465 4995 laqueisirretiri,
1494 4942 1786 4984 conversus

200 5020 259 5075 in
326 5034 385 5074 se
433 5018 757 5087 Apostolus,
805 5020 913 5075 imo
961 5020 1153 5083 homo,
1200 5020 1299 5073 sub
1360 5020 1515 5089 cujus
1557 5036 1785 5089 persona

200 5108 492 5181 Apostolus
528 5108 783 5178 loquitur,
832 5113 944 5181 agit
980 5111 1181 5181 gratias
1219 5109 1483 5165 Salvatori
1520 5114 1660 5180 quod
1704 5127 1785 5166 re-

202 5204 454 5271 demptus
482 5202 551 5255 sit
582 5201 840 5271 sanguine
865 5201 1002 5269 ejus,
1040 5210 1097 5256 et
1136 5202 1323 5256 sordes
1360 5201 1412 5254 in
1459 5202 1785 5270 baptismate

204 5292 532 5362 deposuerit,
562 5299 616 5345 et
644 5306 841 5347 novum
867 5291 1069 5347 Christi
1116 5293 1468 5362 assumpserit
1488 5295 1779 5348 vestimen-

206 5394 347 5450 tum,
372 5394 429 5439 et
460 5390 673 5437 mortuo
691 5390 871 5460 vetere
892 5383 1110 5437 homine
1129 5392 1289 5436 natus
1308 5384 1378 5435 sit
1405 5384 1566 5436 homo
1588 5398 1778 5446 novus,

206 5475 305 5547 qui
349 5476 536 5530 dicat:
570 5473 732 5528 Hiser
778 5463 893 5543 ego.
921 5474 1095 5537 homo,
1143 5475 1259 5544 quis
1313 5489 1393 5527 me
1445 5472 1682 5527 liberabit
1720 5472 1783 5526 de

206 5583 424 5638 corpore
466 5568 646 5621 mortis
692 5565 897 5635 hujus?
936 5565 1114 5636 (Rom.
1156 5564 1280 5637 vn.)
1332 5564 1518 5621 Gratia
1573 5564 1668 5618 Dei
1695 5580 1787 5635 per

208 5656 389 5713 Iesum
426 5656 687 5712 Christum
733 5656 1011 5711 Dominum
1040 5666 1273 5709 nostrum
1293 5696 1308 5720 ,
1338 5655 1429 5725 qui
1459 5670 1545 5709 me
1575 5656 1641 5709 de
1663 5671 1784 5711 cor-

210 5751 360 5821 poris
395 5759 565 5805 morte
601 5749 863 5804 liberavit.
909 5747 1061 5813 Quod
1096 5745 1143 5801 si
1169 5746 1255 5801 cui
1295 5762 1403 5801 non
1439 5746 1652 5801 videtur
1687 5748 1785 5801 sub

616 5845 889 5905 l’nuoL.
930 5839 1093 5903 CXI.

1884 4638 2020 4701 lere,
2044 4637 2295 4707 quoniam
2320 4638 2371 4690 in
2392 4637 2507 4706 lege
2527 4637 2648 4691 data
2672 4636 2853 4690 amisit
2882 4635 3173 4691 dominium
3197 4638 3465 4705 diabolus,

1888 4731 2063 4785 sciens
2102 4730 2167 4783 de
2192 4739 2389 4783 caetero
2428 4728 2702 4783 hominem
2742 4727 2809 4782 ad
2858 4727 2953 4779 Dei
2996 4725 3256 4794 judicium
3294 4730 3464 4798 perti-

1888 4836 2035 4876 nere.
2089 4820 2216 4875 Sine
2246 4820 2354 4889 lege
2402 4822 2537 4873 enim
2566 4829 2836 4889 peccatum
2863 4828 3123 4871 mortuum
3166 4830 3299 4872 erat.
3350 4820 3464 4876 Hoc

1889 4911 2085 4980 duplici
2131 4910 2329 4979 genere
2360 4909 2759 4978 intelligendum
2786 4916 2889 4973 est,
2923 4918 2983 4961 ut
3017 4916 3071 4963 et
3107 4908 3372 4963 diabolum
3405 4912 3461 4965 in

1891 5015 2112 5075 peccato
2143 5004 2278 5057 sciat
2307 5004 2662 5071 signiﬁcatum
2684 5041 2699 5065 ,
2739 5010 2793 5054 et
2832 5002 2940 5055 hoc
2958 5000 3129 5070 ipsum
3156 5012 3458 5071 peccatum,

1888 5098 2030 5167 quod
2050 5104 2274 5150 vocatur
2294 5105 2612 5163 peccatum:
2642 5103 2885 5148 mortuus
2903 5094 3047 5147 enim
3071 5094 3270 5149 dicitur
3294 5094 3461 5150 fuisse

1888 5189 2153 5253 diabolus,
2184 5188 2309 5257 quia
2342 5188 2588 5242 cessabat
2627 5187 2695 5240 ab
2724 5186 2968 5240 illusione
3000 5184 3089 5256 [ad
3128 5186 3457 5258 illusionem]

1886 5282 2123 5351 hominis
2152 5292 2274 5335 ante
2300 5281 2469 5351 legem
2492 5321 2507 5344 ,
2530 5288 2585 5335 et
2614 5286 2730 5334 erat
2754 5278 2905 5347 quasi
2944 5278 3159 5346 quietus
3188 5292 3201 5328 :
3233 5293 3459 5332 securus

1884 5374 2028 5427 enim
2082 5381 2199 5426 erat
2246 5371 2312 5425 de
2358 5371 2697 5439 possessione
2751 5367 2884 5435 ejus.
2938 5366 3222 5423 Peccatum
3277 5377 3458 5421 autem

1886 5474 2155 5518 mortuum
2184 5464 2339 5526 dixit,
2380 5465 2504 5531 quia
2530 5463 2815 5531 putabatur
2858 5462 2997 5529 quod
3029 5476 3135 5516 non
3160 5462 3457 5529 imputare-

1888 5570 1975 5614 tur
1996 5561 2135 5629 apud
2160 5560 2345 5622 Deum,
2381 5559 2500 5613 ideo
2528 5556 2668 5625 apud
2705 5556 2977 5609 hominem
3008 5563 3276 5609 mortuum
3310 5564 3459 5614 erat,

1886 5651 2039 5720 quasi
2066 5651 2278 5719 impune
2292 5656 2624 5717 peccaretur.
2648 5644 2780 5699 Nam
2806 5660 2910 5699 non
2936 5644 3136 5699 latebat
3156 5651 3460 5713 peccatum,

1888 5743 2029 5797 sicut
2076 5755 2235 5810 supra
2276 5739 2409 5804 dixi,
2453 5739 2545 5795 sed
2593 5738 2941 5807 ignorabatur
2970 5736 3075 5789 hoc.
3099 5776 3111 5795 ,
3145 5733 3284 5802 quia
3321 5731 3467 5784 Deus

2988 5822 3064 5887 εὔ
