3960 6316
476 333 616 391 “i9

1116 333 1179 387 B;
1220 331 1474 387 MBAN!
1509 326 1729 387 MAURI
1766 331 2086 391 ARCHIEP.
2128 327 2439 385 MOGUNT.
2480 326 2769 386 OPERUM
2803 324 2985 382 PARS
3023 328 3111 382 ille

3620 317 3752 377 {420

468 445 815 519 iudicaturus
838 447 924 497 est
943 441 1129 512 εἰμιοά
1143 456 1267 496 cum
1296 443 1419 497 data
1450 441 1566 513 lege
1595 441 1943 498 manifestum
1973 450 2057 496 est
2086 444 2138 501 Α
2161 437 2389 502 mulier,
2450 446 2507 492 et
2554 437 2791 492 invitam
2829 444 2889 491 ut
2934 436 3002 491 ad
3043 451 3102 491 se
3145 436 3371 490 veniam
3412 434 3753 504 insipientes,

475 518 738 591 revixisse
776 540 1082 604 peccatum.
1125 518 1303 599 Quare
1341 533 1582 600 revixit;
1629 532 1732 587 nisi
1774 532 1898 601 quia
1937 539 2063 585 ante

475 628 689 683 vixerat
731 632 786 680 et
811 632 1003 695 postea
1024 622 1233 678 desidia
1264 624 1543 679 hominum
1598 623 1870 677 mortuum
1913 621 2061 677 aesti-

475 725 681 772 matum
708 722 813 781 est,
833 730 966 789 cum
992 713 1235 769 viveret?
1267 715 1556 784 putabatur
1578 713 1724 768 enim
1755 727 1861 768 non
1891 712 2065 781 impu-

475 807 581 861 tari
608 806 893 877 peceatmn
945 820 1068 860 cum
1121 808 1499 875 imputaretur,
1555 806 1744 861 vivens
1784 820 1916 877 ergo
1966 819 2065 874 pro

473 903 691 951 mortuo
718 894 1041 950 habebatur.

544 983 660 1055 Ego
685 994 860 1039 autem
885 984 1113 1039 vivebam
1141 986 1255 1039 sine
1280 984 1408 1055 lege.
1458 982 1644 1056 (Aug)
1686 983 1840 1051 Quod
1871 992 2064 1039 autem

474 1076 568 1141 ait,
586 1074 703 1145 Ego
722 1061 897 1129 autem
925 1074 1154 1129 vivebam
1169 1075 1456 1146 aliquando
1477 1077 1589 1129 sine
1617 1075 1744 1147 lege,-
1764 1077 2068 1147 intelligen—

474 1168 599 1222 dum
637 1173 740 1231 est,
769 1165 954 1221 vivere
998 1165 1130 1221 mihi
1153 1166 1397 1231 videbar,
1432 1167 1560 1236 quia
1592 1175 1717 1221 ante
1750 1168 2065 1222 mandatum

472 1256 675 1311 latebat
700 1264 1001 1327 peccatum.
1033 1256 1232 1329 (Amb.)
1258 1256 1396 1324 Quid
1415 1258 1637 1313 estsine
1663 1258 1816 1329 lege?
1836 1274 1957 1313 cum
1981 1258 2066 1313 lex

471 1359 687 1416 semper
715 1348 897 1412 fuerit,
927 1348 1068 1403 sicut
1087 1362 1249 1417 supra
1274 1348 1588 1415 nueruoravi,
1604 1349 1710 1404 nisi
1726 1349 1853 1419 quia
1873 1350 1991 1405 sine
2008 1349 2069 1403 ti-

468 1438 741 1514 moreDei
767 1440 930 1496 homo
952 1441 1171 1495 vivebat
1193 1454 1439 1504 securus,
1456 1442 1601 1510 quod
1617 1446 1726 1495 non
1752 1449 1898 1496 esset
1924 1442 2068 1495 Deus

461 1527 813 1599 iudicaturus
856 1542 1011 1588 actus
1042 1534 1327 1588 humanos.
1362 1532 1471 1587 Sed
1499 1549 1618 1586 cum
1648 1534 1871 1588 venisset
1916 1548 2066 1587 man-

467 1618 660 1678 datun't
681 1664 696 1691 ,
716 1635 988 1695 pacatum
1021 1627 1226 1680 revixit.
1259 1626 1384 1708 ξιιεο
1398 1626 1550 1682 dixit
1578 1628 1842 1688 revixisse
1877 1640 2069 1697 peccas

470 1723 586 1769 tum
611 1723 671 1771 ut
696 1716 1031 1788 signiﬁcaret
1058 1720 1185 1787 quia
1233 1728 1360 1775 ante
1381 1720 1623 1786 vixerat,
1668 1730 1857 1790 postea
1888 1722 2068 1776 autem

2168 529 2428 585 scribitur
2473 531 2657 584 dicere
2705 547 2718 584 :
2768 529 2930 599 Aqua
2983 526 3190 597 furtiva?
3218 527 3485 581 dulciores
3533 534 3682 589 sunt,
3709 534 3755 579 et

2167 622 2319 690 panis
2366 621 2700 676 absconditus
2748 621 2964 676 suavior
3005 618 3188 692 (Prov.
3227 620 3326 693 ιιι).
3381 619 3497 675 ista
3537 618 3759 674 dulcedo

2167 719 2253 765 est
2279 710 2496 765 occasio
2517 726 2616 780 per
2637 712 2955 766 mandatum
2983 710 3201 765 inventa
3228 710 3467 778 peccati,
3488 726 3613 779 qua
3637 725 3756 763 cum

2169 800 2670 870 appetitur,utique
2691 800 2850 865 fallit,
2879 801 2930 855 in
2958 800 3191 870 majores
3203 801 3350 856 enim
3374 800 3761 854 maritodines

2168 889 2364 943 vertit:
2394 899 2663 959 peccatum
2691 890 2855 956 enim,
2897 890 3089 960 inquit,
3118 890 3390 944 occasione
3432 899 3646 958 accepta
3673 905 3761 959 per

2168 983 2480 1035 mandatum
2506 980 2693 1051 fefellit
2720 998 2803 1035 me
2838 991 2885 1034 et
2922 997 3017 1051 per
3042 981 3175 1035 illud
3222 982 3431 1035 occidit.
3474 980 3756 1036 Peccatum

2169 1088 2276 1129 non
2303 1073 2543 1147 legitime
2574 1084 2731 1129 utens
2758 1073 2896 1144 lege,
2928 1088 2994 1128 ex
3023 1074 3387 1143 prohibitione
3430 1083 3595 1129 aucto
3627 1074 3760 1129 desi-

2169 1166 2343 1232 derio,
2375 1166 2585 1221 dulcius
2604 1165 2805 1221 factum
2827 1174 2934 1232 est,
2961 1175 3018 1220 et
3037 1166 3159 1222 ideo
3182 1164 3392 1231 fefellit;
3419 1165 3589 1220 fallax
3614 1166 3754 1221 enim

2170 1257 2396 1313 dulcedo
2417 1266 2520 1323 est,
2544 1258 2669 1327 quia
2688 1258 2801 1327 jam
2827 1257 3010 1327 plures
3031 1265 3194 1327 atque
3217 1258 3453 1328 majdres
3478 1270 3757 1326 pennarum

2168 1348 2562 1404 amaritudines
2607 1360 2930 1418 sequuntur;
2986 1347 3119 1415 Quia
3157 1363 3295 1419 ergo
3338 1348 3409 1403 ab
3454 1346 3760 1402 hominibvs

2168 1440 2411 1497 nondum
2456 1440 2757 1510 spiritalem
2784 1441 3017 1510 gratiam
3062 1439 3526 1509 consequentibus
3550 1440 3760 1495 suavius

2170 1532 2479 1587 admittitur
2505 1533 2647 1601 quod
2677 1538 2908 1596 velatur,
2944 1530 3079 1587 fallit
3105 1541 3388 1604 peccatum
3420 1531 3558 1586 falsa
3587 1530 3761 1585 dulce-

2171 1623 2330 1680 dine:
2354 1624 2480 1693 quia
2501 1638 2630 1679 vero
2651 1624 2824 1678 etiam
2841 1623 3071 1689 occidit,
3097 1632 3279 1678 reatus
3301 1622 3761 1693 pravarieationis

2171 1716 2396 1771 occidit.
2422 1715 2623 1787 (Δηώ.)
2641 1715 2932 1772 Peccatum
2958 1718 3061 1772 hoc
3081 1716 3200 1772 loco
3215 1716 3490 1772 diabolum
3507 1714 3757 1784 iatellige,

470 1807 677 1863 desidia
707 1808 989 1865 hominum
1014 1820 1285 1866 mortuum
1313 1827 1435 1867 esse
1461 1814 1786 1868 aestimatum
1808 1821 1911 1880 est.
1942 1825 2065 1870 cum
2096 1798 2142 1857 Β
2169 1807 2263 1877 qui
2311 1814 2503 1862 auctor
2524 1807 2735 1877 peccati
2764 1815 2851 1863 est
2872 1825 2886 1861 :
2910 1807 3002 1864 hic
3046 1810 3389 1864 occasioan
3416 1807 3627 1869 invenit
3672 1822 3762 1875 Per

472 1900 701 1968 viveret,
733 1902 878 1957 sicut
905 1903 1105 1958 assolet
1130 1902 1267 1960 falsa
1290 1903 1433 1960 fama
1460 1906 1578 1962 fieri
1595 1907 1894 1979 peregrinis
1924 1925 1937 1961 :
1962 1908 2066 1962 hoc

471 2006 603 2062 ergo
629 1990 919 2062 signiﬁcat,
941 1994 1083 2062 quod
1113 1995 1269 2050 initio
1288 2010 1397 2050 non
1412 1995 1633 2062 latuerit
1653 2005 1934 2066 peccatum
1966 1997 2067 2051 im-

467 2082 650 2154 putari
679 2084 820 2153 apud
854 2083 1044 2149 Deum,
1069 2083 1174 2140 hoc
1194 2089 1278 2141 est
1304 2086 1537 2153 vixisse;
1576 2086 1671 2142 sed
1692 2102 1817 2143 eum
1838 2093 2069 2144 consueé

468 2173 601 2229 tudo
619 2174 881 2244 peccandi
906 2174 1011 2230 hoc
1030 2174 1417 2241 oblitterasset;
1437 2186 1711 2231 mortuum
1737 2179 2067 2234 aestimatum

468 2273 575 2330 est,
607 2273 673 2319 ut
693 2264 901 2320 crimen
930 2280 1052 2320 cum
1082 2278 1313 2335 persona
1337 2266 1568 2322 deiicere
1596 2276 1899 2337 putaretur.
1932 2266 2068 2322 Cum

466 2364 649 2435 autem
706 2356 831 2411 data
884 2365 1029 2411 esset
1075 2357 1181 2422 lex,
1217 2358 1302 2413 vel
1347 2357 1669 2424 reformata,
1706 2342 1899 2414 revixit
1925 2359 2066 2428 apud

468 2461 587 2512 eos,
599 2447 758 2518 apud
784 2462 920 2518 quos
943 2455 1215 2503 mortuum
1239 2449 1567 2504 aestimatum
1601 2461 1750 2505 erat:
1785 2458 2079 2521 coeperunt-

468 2538 617 2593 enim
659 2539 799 2594 scire
829 2539 1085 2609 imputari
1114 2549 1420 2609 peccatum.
1474 2538 1587 2612 Ego
1618 2551 1791 2595 autem
1828 2551 2069 2597 mortuus

468 2646 610 2684 sum.
635 2629 881 2693 Mortuus
904 2641 987 2685 est
1009 2632 1191 2695 homo,
1218 2632 1343 2700 quia
1362 2632 1509 2686 videt
1529 2646 1587 2686 se
1614 2648 1765 2687 reum
1779 2646 1913 2686 esse-
1926 2632 2067 2701 apud

470 2718 640 2775 Deum
669 2720 762 2791 qui
790 2729 918 2775 ante
938 2736 996 2776 se
1018 2722 1244 2792 putabat
1274 2738 1382 2778 non
1408 2722 1649 2777 futurum
1679 2724 1970 2778 obnoxium
2000 2738 2066 2777 ex

470 2810 560 2867 bis
588 2826 711 2881 quae
736 2812 1017 2882 peccabat;
1044 2811 1227 2885 (Aug.)
1262 2812 1403 2884 Eyo,
1431 2813 1627 2883 inquit,
1657 2825 1895 2867 mortuus
1926 2829 2064 2877 sum,

466 2900 523 2955 id
564 2911 669 2969 est,
702 2892 975 2959 mortuum
1010 2916 1095 2958 me
1125 2919 1248 2960 esse
1284 2906 1554 2975 cognovi,
1597 2905 1682 2960 vel
1709 2906 1836 2975 quia
1884 2918 2069 2961 reatus

471 2996 938 3062 prtevaricationis
963 3004 1172 3054 certum
1198 2997 1391 3051 mortis
1413 2996 1739 3067 supplicium
1768 2998 2069 3052 commina-

464 3092 647 3147 batur.
684 3088 827 3144 Sane
850 3090 994 3160 quod
1021 3092 1117 3156 ait,
1147 3100 1435 3161 peccatum
1462 3091 1682 3153 revixit,
1713 3090 1846 3146 satis
1866 3090 2041 3160 signiii

471 3184 613 3240 cavit
669 3183 775 3238 hoc
799 3183 959 3237 modo
982 3183 1274 3252 aliquando
1298 3184 1501 3238 vixisse
1525 3190 1828 3253 peccatum,
1856 3183 1906 3237 id
1953 3191 2065 3245 est,
2096 3163 2141 3225 Ο

466 3278 661 3349 notum
690 3270 877 3337 fuisse,
894 3273 1325 3337 sicutarbitror,
1357 3272 1411 3327 in
1434 3273 1880 3341 praevaricatione
1906 3271 2066 3341 primi

468 3364 730 3429 hominis,
752 3363 879 3435 quia
900 3374 957 3418 et
976 3365 1089 3435 ipse
1111 3365 1426 3419 mandatum
1450 3373 1765 3435 acceperat;
1797 3377 1902 3419 non
1924 3364 2068 3417 enim

469 3462 651 3527 potest
698 3454 1026 3527 reviviscere
1051 3495 1065 3519 ,
1117 3455 1221 3509 nisi
1250 3456 1395 3525 quod
1423 3455 1560 3509 vixit
1602 3454 1926 3524 aliquando,
1975 3455 2069 3509 sed

471 3555 748 3605 mortuum
769 3539 963 3610 fuerat,
980 3546 1034 3601 id
1055 3556 1161 3612 est,
1181 3547 1510 3602 occultatum
1531 3545 1655 3603 cum
1678 3529 1939 3603 Mortales
1955 3547 2069 3601 nati

471 3639 591 3696 sine
624 3639 892 3695 mandato
934 3638 1069 3711 legis
1108 3640 1358 3695 homines
1404 3640 1784 3695 non'vivereht
1833 3654 2066 3711 sequen-

468 3740 559 3787 tes
580 3729 1049 3801 concupiscentias
1074 3731 1257 3789 carnis
1295 3731 1413 3785 sine
1444 3729 1551 3784 ulla
1580 3730 1912 3802 cognitione,
1940 3731 2065 3799 quia

471 3823 590 3878 sine
614 3821 722 3876 ulla
755 3821 1120 3876 cohibitione:
1146 3836 1299 3891 ergo,
1331 3837 1456 3893 ego,
1478 3822 1676 3892 inquit,
1701 3823 1929 3877 vivebam
1966 3822 2069 3875 ali-

472 3912 683 3985 quando
706 3913 819 3967 sine
839 3912 1124 3983 lege,unde
1147 3911 1477 3979 manifestat,
1495 3923 1600 3967 non
1626 3928 1692 3967 ex
1717 3927 1945 3982 persona
1970 3927 2067 3966 sua

474 4004 716 4076 propria,
741 4003 837 4060 sed
865 4003 1187 4075 generaliter
1206 4019 1271 4059 ex
1293 4018 1525 4073 persona
1556 4004 1791 4059 hominis
1818 4019 1876 4059 se
1898 4004 2064 4075 loqui.

548 4095 621 4151 Et
667 4098 935 4151 inventum
978 4105 1050 4150 est
1100 4096 1229 4149 mihi
1275 4098 1617 4163 mandatum,
1664 4098 1803 4167 quod
1844 4108 1955 4151 erat
1999 4097 2067 4150 ad

471 4189 635 4247 vitam
660 4186 877 4252 datum,
934 4187 1031 4240 hoc
1079 4200 1189 4240 esse
1234 4185 1302 4239 ad
1346 4197 1584 4240 mortem.
1629 4186 1833 4257 (Amb.)
1871 4187 2068 4241 Verum

474 4288 579 4346 est,
610 4278 739 4349 quia
765 4277 852 4332 lex
879 4279 946 4332 ad
974 4279 1141 4332 vitam
1171 4278 1293 4332 data
1323 4286 1409 4332 est
1443 4297 1455 4331 :
1496 4280 1588 4333 sed
1631 4295 1751 4333 cum
1792 4280 2067 4333 hominem

473 4376 584 4427 non
616 4369 790 4426 solum
833 4370 899 4425 de
925 4370 1203 4438 prteterito
1230 4409 1245 4435 ,
1293 4372 1385 4424 scd
1423 4373 1584 4426 etiam
1621 4372 1687 4426 de
1725 4370 1906 4427 futuro
1936 4387 2061 4440 pec-

475 4474 693 4517 cantem
724 4476 876 4516 rcum
904 4459 1056 4527 facit,
1084 4459 1227 4516 faeta
1255 4470 1338 4516 est
1364 4461 1451 4517 lex
1480 4463 1601 4519 data
1633 4465 1699 4519 ad
1722 4466 1911 4530 vitam,
1942 4481 2064 4521 esse

2168 1902 2366 1973 legem,
2395 1902 2671 1973 quomodo
2697 1902 3073 1959 crudelitatem
3120 1916 3275 1959 suam
3304 1903 3373 1958 de
3408 1909 3548 1957 nece
3589 1902 3758 1956 homi-

2168 1994 2255 2048 nis
2280 1994 2528 2059 satiaret,
2556 2001 2617 2048 ιιι
2641 1994 2768 2065 quia
2790 1994 2876 2049 lex
2906 1994 3233 2051 comminata
3259 2004 3343 2050 est
3367 1993 3758 2066 peccatoribus,

2169 2085 2333 2141 homo
2364 2086 2623 2141 instinctu
2657 2085 2774 2155 ejus
2789 2086 3063 2155 prohibita
3090 2097 3306 2155 semper
3337 2084 3657 2144 admittens.
3686 2084 3762 2139 of-

2170 2176 2322 2233 fenso
2355 2178 2484 2243 Deo,
2516 2179 2931 2249 ultionemlegis
2957 2179 3519 2245 incurreret,utabetl
3542 2184 3664 2247 Qum
3689 2177 3758 2232 illi

2168 2267 2451 2338 profutura
2501 2269 2624 2323 data
2670 2280 2791 2324 erat
2833 2270 3223 2335 damnaretur;
3254 2270 3381 2339 quia
3408 2270 3555 2324 enim
3594 2268 3760 2324 invito

2162 2358 2261 2413 illo
2288 2357 2373 2413 lex
2403 2358 2525 2414 data
2555 2368 2672 2423 est,
2718 2359 2926 2413 exarsit
2952 2360 3151 2414 invidia
3179 2360 3444 2414 adversus
3466 2360 3755 2417 hominem.

2170 2458 2231 2503 ut
2259 2464 2382 2504 eum
2403 2450 2637 2520 amplius
2656 2449 2872 2504 vitiosis
2894 2449 3261 2519 voluptatibus
3313 2450 3616 2507 macularet
3632 2491 3648 2514 ,
3695 2462 3761 2503 ne

2173 2555 2366 2595 manus
2398 2540 2514 2610 ejus
2563 2541 2838 2595 evaderet.
2890 2539 3080 2609 Itaque
3115 2540 3200 2594 lea:
3244 2541 3454 2611 quidem
3495 2549 3678 2594 sancta
3715 2548 3761 2595 et

2172 2631 2479 2685 mandatum
2516 2642 2786 2695 sanctum,
2828 2641 2877 2683 et
2916 2632 3121 2700 justum
3161 2641 3208 2685 et
3236 2631 3426 2685 bunum
3456 2632 3645 2703 (Aug.)
3672 2629 3761 2685 Ju-

2172 2723 2345 2777 benda
2374 2724 2519 2776 enim
2546 2722 2730 2791 jubet,
2761 2736 2816 2778 et
2838 2723 3171 2793 prohibenda
3210 2724 3493 2793 prohibet,
3540 2725 3595 2777 in
3632 2722 3760 2777 male

2172 2826 2357 2870 utente
2383 2817 2581 2885 quippe
2604 2816 2793 2869 vitium
2826 2824 2928 2879 est,
2961 2832 3065 2869 non
3096 2816 3147 2868 in
3176 2816 3429 2870 mandato
3454 2815 3597 2885 ipso,
3623 2816 3759 2884 Quod

2173 2908 2373 2962 bonum
2405 2915 2510 2973 est,
2533 2908 2788 2976 quoniam
2815 2908 2953 2961 bona
2979 2916 3065 2961 est
3088 2907 3196 2972 lex,
3220 2907 3263 2960 si
3296 2908 3420 2975 quis
3441 2920 3505 2961 ea
3530 2907 3762 2977 legitime

2173 3010 2379 3066 utatur;
2435 3000 2577 3055 male
2620 3007 2799 3053 autem
2850 3001 3026 3053 utitur
3050 2999 3187 3067 lege,
3230 2999 3323 3068 qui
3349 3009 3459 3053 non
3501 2999 3762 3054 sesubdit

2174 3092 2285 3147 Deo
2312 3092 2409 3161 pia
2450 3091 2753 3147 humilitate
2777 3131 2792 3155 ,
2840 3100 2896 3144 ut
2942 3107 3039 3161 per
3060 3091 3287 3162 gratiam
3337 3091 3427 3146 lex
3458 3093 3634 3161 possit
3662 3093 3759 3146 imo

2173 3183 2327 3253 pleri;
2359 3181 2557 3252 (Amb.)
2579 3182 2646 3238 Ut
2674 3182 2808 3237 nihil
2836 3182 3079 3238 adversae
3100 3184 3429 3253 suspicionis
3458 3191 3764 3241 remaneret

2172 3274 2225 3327 in
2257 3274 2392 3344 lege,
2438 3274 2516 3327 sic
2543 3272 2689 3326 illam
2730 3273 3094 3337 commendat,
3124 3280 3185 3328 ut
3208 3283 3315 3331 non
3358 3276 3537 3329 solum
3562 3277 3764 3346 justam

2172 3364 2333 3427 hanc,
2363 3364 2455 3419 sed
2481 3374 2536 3418 et
2562 3374 2807 3419 sanctam
2863 3374 2917 3418 et
2970 3364 3166 3419 bonam
3228 3368 3548 3436 pronuntiet
3584 3385 3596 3419 :
3641 3381 3764 3422 nam

2172 3455 2486 3509 mandatum
2512 3454 2690 3526 legem
2729 3455 2955 3525 intelligi
3003 3455 3347 3524 evangelicus
3378 3470 3566 3511 sermo
3606 3466 3767 3512 testa-

2175 3555 2291 3611 tur;
2323 3546 2400 3599 ait
2419 3546 2596 3602 enim:
2624 3546 2682 3601 Si
2710 3548 2783 3600 vis
2811 3550 2880 3599 ad
2904 3546 3063 3600 vitant
3086 3546 3307 3617 ingredi,
3337 3564 3487 3601 serva
3512 3549 3766 3603 mandata

2174 3638 2389 3711 (Matth.
2422 3637 2519 3713 ιχ).
2564 3638 2766 3712 [Cass.]
2807 3640 3067 3709 Denique,
3114 3641 3255 3695 sicut
3294 3640 3510 3696 bonitas
3558 3653 3764 3711 nostra,

2173 3746 2421 3800 superna:
2444 3732 2704 3787 bonitatis
2735 3732 2951 3797 intuitu,
2986 3733 3041 3785 in
3072 3733 3335 3787 malitiam
3375 3735 3616 3789 vertitur
3644 3754 3660 3789 :
3690 3737 3766 3791 ita

2170 3828 2333 3881 etiam
2377 3826 2592 3895 iustitia
2618 3838 2806 3887 nostra
2852 3829 3049 3883 divina:
3072 3830 3270 3885 collata
3317 3829 3550 3898 iustitiae
3591 3843 3766 3899 panno

2171 3926 2507 3973 tnenstruato
2531 3919 2723 3973 similis
2740 3920 3050 3989 deputatur,
3083 3920 3296 3975 dicente
3310 3920 3448 3975 lsaia
3463 3921 3726 3990 propheta
3748 3936 3777 3973 :-

2173 4013 2323 4068 Sicut
2364 4030 2567 4082 pannus
2624 4024 2964 4067 menstruam
2999 4015 3257 4067 universa?
3298 4014 3531 4083 justilile
3578 4020 3765 4066 nostra

2174 4102 2310 4173 (Isa.
2336 4103 2506 4173 an').
2533 4101 2676 4157 Etut
2697 4103 2901 4174 aliquid
2920 4104 3097 4159 adhuc
3123 4104 3429 4159 evidentius
3446 4102 3761 4167 ιιιῖιιηιιιιις,

2172 4194 2308 4265 legis
2352 4210 2565 4264 quoque
2612 4196 2781 4264 ipsius
2809 4206 3078 4266 prazcepta
3108 4196 3287 4250 vitalia
3312 4237 3327 4261 ,
3362 4212 3486 4265 (ποτε
3515 4197 3765 4251 dicuntur

2172 4290 2417 4343 ordinata
2454 4304 2553 4357 per
2580 4289 2800 4360 angelos
2829 4289 2883 4343 in
2925 4302 3084 4343 manu
3120 4288 3455 4353 Mcdiatoris,
3475 4298 3528 4343 et
3553 4290 3621 4344 de
3661 4302 3763 4359 qua

2173 4377 2312 4431 idem
2341 4377 2631 4447 Apostolus
2665 4398 2677 4431 :
2708 4378 2897 4449 Itaque
2940 4378 3041 4443 lex,
3073 4378 3268 4447 inquit,
3298 4389 3506 4442 sancta,
3545 4389 3594 4433 et
3617 4393 3761 4432 ma-

2173 4468 2356 4521 datum
2380 4478 2644 4533 sanctum,
2663 4478 2709 4522 et
2724 4470 2949 4539 justum,
2966 4480 3014 4524 et
3029 4472 3216 4525 bonum
3234 4471 3377 4542 (Gal.
3395 4472 3564 4542 ιιι),ἐὶ
3588 4472 3758 4543 pelle-

475 4552 542 4604 ad
576 4558 829 4613 mortem,
858 4550 953 4603 sed
979 4558 1037 4603 ut
1064 4551 1199 4615 dixi,
1223 4552 1473 4620 peccanti
1494 4593 1507 4616 ,
1538 4553 1664 4622 quia
1691 4554 2070 4610 obedientibus
2098 4526 2146 4586 θ
2172 4560 2336 4615 ctioni
2355 4561 2680 4633 evangelica:
2703 4562 3076 4627 Conferantur,
3104 4526 3327 4617 miniine
3356 4526 3497 4617 bona
3527 4526 3760 4635 pronun-

472 4639 693 4712 proficit
729 4638 798 4693 ad
828 4638 1017 4692 vitam.
1068 4638 1253 4710 (Aug.)
1292 4640 1547 4696 Mandata
1577 4643 1722 4697 enim
1761 4644 1806 4698 si
1853 4643 2069 4699 obedia-

475 4744 571 4795 tur,
598 4735 785 4803 utique
816 4734 923 4787 vita
973 4740 1074 4797 est,
1107 4732 1203 4789 sed
1229 4734 1506 4789 inventum
1538 4746 1625 4805 est
1661 4752 1782 4792 esse
1821 4738 1889 4792 ad
1918 4752 2068 4792 mor-

476 4834 605 4891 tem,
638 4826 767 4881 dum
788 4825 849 4880 fit
873 4834 1063 4881 contra
1092 4828 1427 4893 mandatum,
1456 4839 1515 4883 ut
1540 4823 1647 4884 non
1674 4830 1844 4885 solum
1872 4844 2066 4902 pecca-

478 4927 593 4972 tum
617 4916 730 4982 tiat,
761 4917 905 4987 quod
929 4918 1093 4971 etiam
1124 4928 1250 4973 ante
1281 4920 1595 4974 mandatum
1626 4921 1810 4987 ﬂebat,
1841 4922 1934 4977 sed
1965 4924 2069 4979 hoc

480 5008 873 5074 abundantius,
925 5018 979 5063 et
1026 5010 1384 5080 perniciosius
1418 5019 1477 5065 ut
1512 5011 1624 5080 jam
1669 5013 1737 5068 ab
1769 5014 1973 5069 sciente
2014 5024 2068 5069 et

478 5101 875 5183 praevaricante
894 5112 1170 5170 peccetur.
1207 5101 1348 5157 Nam
1372 5113 1642 5173 peccatum
1670 5114 1882 5175 accepta
1912 5123 2067 5160 occa-

480 5194 625 5246 sione
673 5209 765 5264 per
808 5191 1119 5246 mandatum
1147 5193 1352 5247 seduxit
1377 5210 1456 5247 me
1487 5205 1535 5248 et
1577 5208 1671 5266 per
1695 5195 1827 5249 illud
1858 5199 2065 5251 occidit.

481 5280 635 5348 Quod
687 5286 866 5336 autem
916 5284 1018 5349 ait,
1069 5286 1341 5353 peccatum
1396 5288 1668 5341 occasione
1714 5300 1925 5359 accepta
1980 5300 2071 5359 per

480 5372 791 5427 mandatum
814 5374 1001 5443 fefellit
1017 5379 1119 5441 ine,
1146 5386 1194 5430 et
1217 5393 1310 5446 per
1328 5376 1463 5431 illud
1484 5380 1691 5445 occidit,
1720 5381 1842 5436 ideo
1865 5382 2067 5435 dictum

483 5471 588 5526 est,
617 5463 744 5534 quia
757 5465 1009 5520 desiderii
1034 5468 1291 5537 prohibiti
1317 5470 1524 5526 fructus
1553 5473 1759 5527 dulcior
1783 5481 1886 5528 est.
1920 5472 2071 5528 Unde

483 5552 651 5606 etiam
675 5568 1008 5626 quaecunque
1030 5568 1255 5628 peccata
1277 5562 1489 5617 occulte
1508 5562 1646 5617 ﬁunt
1660 5563 1900 5617 dulciora
1924 5573 2069 5629 sunt,

485 5644 731 5711 quamvis
775 5647 1053 5702 mortifera
1099 5648 1204 5702 ista
1234 5650 1456 5707 dulcedo
1503 5653 1592 5707 sit.
1625 5652 1752 5710 inde
1798 5661 1881 5707 est
1928 5654 2070 5723 quod

485 5735 625 5803 apud
656 5735 1003 5794 Salomonem
1052 5739 1260 5798 fallacis
1283 5742 1544 5799 doctrinm
1589 5742 1825 5814 imagine
1870 5744 2071 5800 sedens

2176 4655 2378 4709 tiantur
2398 4653 2661 4718 oraculo;
2688 4655 2763 4708 ait
2789 4654 2933 4708 enim
2965 4672 2976 4706 :
3010 4653 3078 4706 Et
3109 4654 3231 4708 dedi
3253 4655 3328 4708 eis
3359 4665 3620 4725 priet-epla
3656 4665 3755 4711 nos

2173 4748 2327 4813 bona,
2358 4757 2404 4801 et
2438 4747 2681 4817 justitias
2709 4748 2763 4799 in
2791 4746 2979 4817 quibus
3010 4762 3113 4801 non
3140 4747 3307 4800 vivent
3342 4748 3396 4801 in
3439 4749 3513 4802 eis
3544 4747 3751 4817 (Exerit.

2174 4838 2286 4908 xx).
2314 4838 2602 4907 Apostolus
2632 4853 2847 4906 quoque
2882 4839 2954 4892 ita
2978 4837 3110 4891 Novi
3160 4838 3365 4892 lumine
3404 4837 3751 4903 Testamenti,

2173 4926 2399 4998 gloriam
2450 4926 2584 4997 legis
2636 4925 2865 4980 afﬁrmat
2889 4927 3148 4991 obtundi,
3189 4935 3250 4979 ut
3295 4933 3421 4983 eam
3458 4927 3752 4998 Evangelici

2173 5018 2850 5090 comparatione-fulgoris,
2881 5034 2981 5074 nee
3004 5018 3362 5090 gloriﬁcatam
3386 5026 3505 5075 esse
3526 5030 3754 5090 pronun-

2172 5114 2290 5178 tiet,
2321 5112 2504 5166 dicens
2538 5129 2550 5165 :
2592 5110 2733 5165 Nam
2766 5127 2857 5163 nec
2883 5111 3169 5182 gloriosam
3202 5122 3275 5164 est
3305 5112 3360 5163 id
3393 5112 3533 5181 quod
3555 5110 3750 5181 gini-iﬁ-

2173 5214 2348 5258 catum
2396 5214 2467 5258 est
2498 5201 2712 5274 [claruit
2761 5202 2817 5255 in
2864 5202 2962 5257 hac
2986 5202 3158 5274 parte]
3187 5211 3399 5274 propter
3428 5201 3750 5255 excellentem

2176 5294 2399 5365 gloriam
2430 5293 2512 5365 (il
2541 5291 2665 5347 Cor.
2698 5292 2803 5362 ιιι).

2246 5381 2399 5446 Quod
2426 5397 2549 5452 ergo
2573 5380 2761 5435 bonum
2784 5395 2882 5444 est,
2905 5390 3033 5434 mm
3065 5382 3264 5450 factum
3295 5398 3369 5436 est
3391 5398 3533 5436 mors
3550 5384 3575 5435 ,θ
3594 5384 3750 5437 Absit.

2176 5470 2411 5543 (Ambr.)
2438 5469 2577 5541 Vere
2608 5471 2769 5524 absit.
2807 5468 2959 5525 Unde
2985 5472 3135 5526 enim
3158 5472 3277 5526 ﬁeri
3309 5481 3511 5540 pomst,
3541 5483 3600 5527 ut
3619 5472 3753 5543 quod

2175 5562 2372 5616 bonum
2390 5568 2515 5616 esse
2524 5560 2807 5631 probatur,
2833 5561 3359 5633 morsiineiligatur?
3372 5564 3755 5634 Nunquiduber

2175 5652 2287 5705 rius
2324 5651 2529 5706 lamiari
2560 5651 2954 5720 potest?pauio
2987 5662 3114 5708 ante
3134 5647 3303 5710 verbo
3322 5654 3419 5710 illo
3458 5656 3603 5724 quod
3630 5655 3754 5710 dixit

2174 5744 2325 5807 absit,
2369 5742 2682 5799 defenderat
2723 5758 2752 5797 a
2789 5744 3018 5800 crinitae
3042 5782 3058 5809 ,
3113 5747 3353 5801 nondum
3406 5747 3749 5804 laudaverat
