3960 6366
278 325 309 384 ί
324 330 419 387 421

813 334 1370 398 ENARRATIONUM
1408 341 1476 417 IN
1512 343 1663 399 EPP.
1704 344 1912 402 PAULI
1952 346 2079 403 LIB.
2118 349 2208 411 IV.
2239 381 2308 393 -—
2343 354 2412 411 lN
2450 357 2665 417 EPIST.
2706 364 2798 418 AD
2831 365 2996 423 ROM.

3409 379 3545 438 ΜΕ

273 440 440 495 modo
480 453 658 497 autem
687 446 773 501 lex
812 449 1028 517 quidem
1070 463 1259 508 sancta
1290 463 1344 509 et
1385 450 1697 515 mandatum
1734 474 1857 514 san-
1885 462 1937 520 Α
1964 459 2115 518 Sicut
2143 474 2197 520 et
2216 466 2460 536 Pharao,
2491 474 2615 545 quia
2641 476 2803 534 istum
2836 484 3052 539 modum
3080 488 3416 559 impleverat,
3449 497 3542 553 Dei

274 540 426 573 olnm
476 533 751 573 ριίικίηηι
803 548 851 573 οι
872 540 1076 573 1mm.m
1147 542 1302 573 num:
1356 563 1471 573 --.η
1524 548 1707 573 tum-..“
1766 560 1832 573 η.
1964 553 2149 573 --ξ-.-Δγ
2247 566 2258 573 .
2308 559 2321 573 ι
2452 563 2463 573 .

274 540 525 594 ctam,et
554 533 771 599 iustum,
803 540 1098 595 etbonum.
1146 542 1302 608 Quod
1352 563 1473 615 ergo
1521 548 1710 602 bonum
1756 560 1854 614 est,

270 622 402 674 mihi
433 623 631 689 facimn
668 638 738 680 est
770 631 948 682 mors?
980 632 1153 689 Absit:
1204 636 1328 702 quia
1384 638 1584 693 bonum
1635 656 1738 696 non
1771 650 1859 705 est

268 726 441 767 mors.

346 801 452 856 Sed
476 818 743 874 peccatum
765 849 779 873 ,
822 822 875 863 ut
918 826 1168 880 appareat
1200 830 1467 883 peccatum
1491 861 1505 883 ,
1545 839 1637 891 per
1663 824 1853 877 bonum

267 891 399 944 mihi
429 905 698 961 operatum
735 907 807 949 est
850 909 1084 953 mortem.
1123 905 1302 975 {.iug.)
1332 905 1483 972 Quod
1510 919 1689 965 autem
1728 913 1804 967 ait
1837 930 1849 964 :

270 982 426 1047 Quod
475 1000 595 1053 ergo
646 986 837 1040 bonum
872 999 946 1043 est
978 992 1105 1044 milii
1147 993 1346 1061 factum
1391 1007 1465 1051 est
1495 1001 1672 1052 mors?
1696 1002 1849 1065 absit,

270 1072 357 1146 sed
392 1085 658 1141 peccatum
695 1086 750 1129 ut
780 1092 1029 1148 appareat
1058 1094 1345 1151 peccatum,
1376 1104 1470 1156 per
1491 1087 1680 1141 bonum
1726 1093 1854 1146 mihi

269 1175 537 1233 operatum
560 1176 634 1220 est
658 1178 871 1230 mortem
890 1188 906 1233 ;
924 1173 1011 1226 hic
1030 1174 1310 1229 evidenter
1331 1179 1566 1245 ostendit
1582 1182 1723 1250 quod
1756 1198 1847 1237 su-

262 1256 450 1324 perius
486 1258 727 1324 dixerat,
776 1252 902 1315 Sine
950 1262 1059 1333 lege
1104 1266 1241 1318 enim
1269 1278 1535 1335 peccatum
1583 1284 1846 1327 mortuum

260 1355 370 1406 est,
402 1347 523 1401 ideo
561 1348 791 1412 dixisse,
846 1352 971 1418 quia
1015 1351 1187 1407 latet:
1221 1357 1653 1427 quandoquidem
1704 1378 1848 1418 nunc

262 1436 394 1491 dicit
418 1452 523 1502 non
554 1439 680 1494 illud
725 1442 947 1507 bouum,
974 1444 1026 1497 id
1050 1448 1149 1500 est
1172 1446 1345 1517 legem
1378 1448 1569 1505 factam
1597 1454 1695 1508 sibi
1726 1470 1845 1511 esse

260 1537 492 1582 mortem
522 1571 537 1594 ,
591 1531 685 1585 sed
753 1542 1033 1599 peccatum
1086 1546 1370 1604 operatum
1417 1554 1538 1594 esse
1592 1553 1843 1608 mortem,

255 1633 358 1689 per
400 1620 599 1675 bonum
657 1621 808 1692 legis,
865 1624 917 1679 id
970 1636 1073 1692 est,
1104 1637 1163 1682 ut
1209 1642 1493 1699 appareret
1536 1644 1841 1702 peccatum,

255 1710 401 1778 quod
432 1710 633 1766 latebat
657 1713 771 1767 sine
801 1714 936 1784 lege.
969 1716 1120 1773 Tunc
1148 1721 1290 1773 enim
1315 1736 1373 1776 se
1408 1732 1679 1778 mortuum
1705 1727 1847 1794 quis-

1964 553 2189 611 virtutes
2211 559 2427 630 etsigna
2450 563 2503 616 in
2532 564 2675 619 illum
2700 578 2914 626 ostensa
2940 586 3088 641 sunt,
3112 593 3210 646 per
3227 596 3346 650 qua:
3362 570 3543 642 ueteri

1959 647 2131 700 territi
2182 650 2247 703 ad
2287 652 2648 710 emolumenta
2700 661 2823 716 vita:
2874 679 2933 718 se
2980 647 3332 738 exercerent,
3381 685 3439 731 ut
3493 680 3542 733 in

1957 744 2169 793 mortuo
2218 742 2329 796 vita
2378 744 2636 800 discatur.
2690 748 2796 806 Sed
2846 755 2984 813 alius
3028 762 3221 823 modus
3260 777 3344 821 est
3380 784 3540 839 quem

1958 832 2155 883 tractat
2185 830 2476 901 Apostolus
2504 856 2515 890 :
2557 848 2617 893 ut
2661 845 2910 899 ostendat
2937 850 3078 903 enim
3111 853 3230 923 plus
3256 830 3539 925 peccatum

1955 931 2076 972 esse
2096 922 2196 976 sub
2225 923 2361 994 lege,
2394 942 2555 996 quam
2596 930 2774 989 fuerat
2816 932 2947 991 ante
2984 922 3175 1013 legem,
3200 922 3361 1020 supra
3402 964 3544 1012 nunc

1956 1011 2171 1065 modum
2228 1028 2573 1086 peccatorum
2625 1027 2941 1098 ampliorem
2995 1039 3212 1095 modum
3271 1046 3543 1118 signiﬁcat

1954 1102 2188 1159 crevisse
2208 1118 2327 1175 post
2343 1109 2512 1181 legem
2547 1114 2747 1172 invidia
2771 1128 2824 1174 et
2850 1125 3046 1179 astutia
3072 1102 3540 1207 Satanzefutpro;

1953 1191 2188 1250 videntia
2219 1198 2311 1253 Dei
2328 1206 2607 1261 centraria
2640 1207 2792 1266 ﬁeret
2822 1214 3050 1283 homini,
3090 1236 3215 1277 cum
3248 1191 3540 1286 timorele-

1952 1282 2033 1351 gis
2061 1284 2281 1341 minime
2302 1305 2525 1359 peccare
2572 1298 2834 1357 debuerit.
2888 1305 3012 1362 Ideo
3032 1308 3174 1367 Deus
3194 1323 3253 1368 ut
3281 1316 3540 1377 invidiam

1950 1372 2149 1429 diaboli
2182 1379 2450 1447 vinceret,
2496 1394 2551 1439 et
2587 1391 2981 1456 providentiam
3012 1400 3217 1459 homini
3250 1420 3424 1465 ratam
3456 1411 3539 1469 fa-

1948 1476 2118 1533 ceret,
2160 1474 2386 1526 mutavit
2411 1476 2657 1535 ordinem
2680 1522 2696 1547 ,
2740 1485 2963 1542 mittens
2994 1488 3327 1553 Salvatorem
3378 1501 3534 1560 Chri-

1948 1561 2089 1608 stum
2121 1557 2294 1625 quiet
2334 1561 2603 1620 diabolum
2636 1568 2896 1639 vinceret,
2938 1586 2993 1631 et
3026 1588 3227 1639 statuta
3272 1589 3365 1644 Dei
3408 1557 3534 1664 erga

1949 1641 2211 1664 .__“,“7,
2258 1647 2286 1664 η
2485 1663 2489 1664 ν
2552 1654 2665 1664 .--
2724 1658 2785 1664 -μ

1949 1641 2221 1699 hominem
2255 1647 2515 1707 ﬁrmaret.
2544 1654 2741 1732 (Θήρ.)
2764 1661 2820 1715 In
2853 1664 2936 1719 his
2963 1667 3096 1725 locis
3114 1641 3538 1741 positos‘crebi‘o

1948 1744 2049 1783 nos
2072 1746 2293 1789 necesse
2320 1748 2403 1792 est
2428 1741 2494 1795 de
2520 1743 2697 1811 legum
2722 1750 3131 1815 diversitatibus
3155 1778 3531 1839 commonere;

1952 1819 2050 1839 ιη
2085 1837 2097 1839 _
2149 1823 2159 1833 .
2320 1827 2353 1839 ._
2388 1829 2424 1839 ..
2502 1831 2515 1839 .
2716 1838 2719 1839 ν

2573 1803 2601 1811 "
2822 1803 3131 1815 ““””“““⁷“⁸’“¹¹ὐ
3157 1803 3500 1829 νυιυιιιυυσισ

254 1811 363 1868 que
386 1803 684 1868 cognoscit,
716 1819 836 1858 cum
876 1805 1003 1860 illud
1031 1810 1173 1877 quod
1202 1806 1347 1865 recte
1373 1824 1703 1883 prmceptum
1724 1831 1844 1872 esse
1874 1828 1921 1888 Β
1951 1819 2054 1874 hoc
2074 1823 2217 1878 enim
2247 1827 2359 1881 vult
2386 1829 2602 1899 Paulus,
2634 1838 2725 1905 qui
2753 1842 2854 1897 sub
2884 1861 2991 1900 uno
3015 1848 3149 1918 legis
3170 1857 3389 1913 nomine
3409 1816 3535 1917 seu:

255 1890 547 1918 lannnlns..-
590 1895 808 1918 ἔνη-ειη..-
836 1912 935 1918 ...Α-
963 1909 1131 1918 ..-Α.Α.
1187 1912 1223 1918 Α.
1467 1908 1478 1918 .
1574 1910 1585 1918 .
1668 1910 1677 1918 .
1800 1911 1810 1918 .
2116 1912 2129 1918 -

254 1890 567 1955 confitetur,
590 1895 812 1963 implere
834 1912 939 1950 non
960 1909 1156 1967 potest,
1175 1912 1230 1956 et
1252 1908 1711 1973 praevaricationis
1734 1911 1846 1963 cri-

253 1979 401 2032 mine
430 1981 658 2049 amplius
679 1994 889 2052 peccat,
910 2002 1073 2055 quam
1101 1990 1144 2044 si
1175 2007 1280 2045 non
1304 1995 1702 2062 prohiberetur.
1734 1998 1847 2054 Hoc

250 2079 355 2132 est,
388 2073 528 2139 quod
556 2074 608 2126 in
638 2080 1091 2147 consequentibus
1125 2082 1287 2147 dicit,
1319 2084 1386 2138 Ut
1412 2087 1506 2155 ﬁat
1533 2105 1692 2158 supra
1728 2107 1843 2144 mo-

248 2159 375 2215 dum
393 2180 612 2232 peccans
632 2179 875 2236 peccator
892 2188 985 2238 per
1005 2175 1312 2229 mandatum
1336 2177 1513 2249 (Rom.
1543 2182 1670 2251 vn):
1698 2185 1840 2252 quod

250 2266 378 2309 ante
409 2260 720 2343 mandatum
762 2266 940 2321 minus
984 2277 1127 2333 erat,
1181 2273 1305 2342 quia
1351 2274 1441 2329 ubi
1480 2293 1589 2332 non
1618 2288 1703 2333 est
1728 2280 1838 2347 lex,

248 2361 351 2411 nec
371 2334 767 2419 praevaricatio.
786 2356 929 2413 Mors
954 2376 1060 2415 non
1088 2371 1171 2416 est
1192 2364 1299 2428 lex,
1330 2368 1424 2421 sed
1445 2379 1725 2437 peccatqu
1754 2382 1837 2428 est

247 2454 399 2495 mors
433 2461 446 2494 :
475 2454 768 2512 peccatum,
795 2446 994 2518 inquit,
1020 2460 1075 2503 ut
1105 2464 1354 2523 appareat
1396 2469 1689 2525 peceatum,
1730 2477 1833 2516 non

248 2527 406 2595 dixit,
437 2539 495 2585 ut
535 2532 637 2597 sit,
672 2535 795 2603 quia
849 2546 968 2591 erat
1015 2548 1068 2592 et
1101 2544 1316 2609 quando
1362 2561 1469 2600 non
1517 2550 1830 2618 apparebat.

246 2619 385 2689 Quid
414 2630 499 2677 est
528 2633 582 2676 ut
623 2638 873 2697 appareat
921 2633 1231 2698 peccatum?
1275 2635 1401 2703 quia
1459 2640 1829 2708 concupiscen-

243 2713 373 2767 tiam
421 2716 711 2771 nesciebam
754 2720 853 2773 nisi
898 2720 981 2775 (ea:
1025 2724 1251 2791 diceret,
1306 2727 1428 2782 Non
1475 2734 1823 2803 concupisces.

241 2800 363 2859 Non
386 2802 493 2868 ait,
519 2807 1013 2876 concupiscentiam
1054 2828 1158 2867 non
1192 2816 1477 2883 habebam,
1502 2820 1596 2873 sed
1622 2836 1825 2876 concu-

238 2896 565 2968 piscentiam
617 2901 926 2956 nesciebam
954 2921 967 2957 :
1001 2905 1080 2960 sic
1108 2907 1270 2961 etiam
1296 2921 1351 2963 et
1381 2910 1469 2965 hic
1509 2926 1615 2966 non
1643 2914 1739 2977 ait,
1770 2923 1827 2968 ut

238 2988 314 3045 sit
344 2999 648 3058 peccatum,
678 2993 793 3057 sed,
826 3004 879 3046 ut
910 3008 1158 3065 appareat
1194 3011 1483 3068 peccatum,
1518 3020 1611 3072 per
1636 3004 1826 3057 bonum

239 3080 377 3133 mihi
409 3091 678 3150 operatum
705 3093 780 3137 est
817 3096 1055 3140 mortem.
1087 3088 1321 3162 (Ambr.)
1351 3090 1524 3147 Aliter
1555 3094 1822 3150 diabolum

236 3182 339 3240 per
358 3170 558 3224 bonum
579 3174 918 3229 occasionem
942 3177 1072 3230 dicit
1088 3181 1383 3249 accepisse,
1407 3198 1464 3235 ut
1483 3184 1681 3238 malum
1704 3202 1829 3255 ope-
1862 3183 1906 3243 C
1938 3192 2038 3245 nisi
2059 3193 2142 3248 lea:
2173 3198 2316 3254 dicer

241 3271 462 3316 raretur
486 3264 712 3329 homini,
746 3265 873 3319 dum
904 3266 1052 3322 illum
1076 3270 1288 3325 seducit
1329 3273 1396 3327 ad
1429 3284 1677 3339 mortem,
1706 3277 1832 3346 quia

235 3360 297 3406 ut
327 3367 389 3405 ea
416 3368 535 3421 qua:
562 3362 686 3407 ante
714 3348 884 3425 legem
913 3358 1052 3412 male
1072 3370 1222 3429 gesta
1253 3371 1378 3415 sunt
1400 3379 1497 3433 per
1526 3363 1832 3422 illecebram

236 3440 503 3513 cupidinis
532 3447 889 3515 probarentur
909 3465 1029 3504 esse
1043 3462 1281 3521 peccata,
1301 3464 1356 3509 et
1379 3458 1445 3512 de
1468 3467 1664 3514 cmtero
1692 3461 1830 3515 vita-

234 3541 446 3598 rentur,
463 3536 583 3588 data
608 3549 686 3592 εει
705 3538 810 3602 lex,
830 3541 1169 3622 manifestata
1191 3545 1464 3619 inlitteris.
1485 3548 1832 3606 Tuncincen-

234 3639 330 3679 sus
356 3635 439 3679 cst
458 3624 709 3690 Satanas,
734 3644 829 3698 per
850 3631 1047 3686 bonum
1076 3636 1259 3704 utique
1286 3654 1299 3689 :
1328 3638 1463 3692 vidit
1483 3640 1627 3693 enim
1652 3644 1829 3711 provi-

234 3712 352 3768 deri
372 3716 596 3780 homini,
623 3726 678 3770 ct
699 3718 883 3774 illicita
902 3720 974 3775 illi
999 3725 1189 3787 suasit,
1218 3734 1275 3777 ut
1295 3739 1394 3793 pro
1419 3727 1529 3780 vita
1555 3743 1622 3781 ex
1638 3728 1753 3800 lege
1777 3737 1825 3789 ei

232 3822 384 3862 mors
424 3811 750 3877 proveniret.
794 3811 950 3878 Quod
974 3816 1190 3882 quidem
1220 3817 1557 3889 negligentiae
1580 3821 1826 3877 humanae

232 3889 614 3956 ascribendum
640 3910 755 3968 est,
782 3919 902 3973 quae
954 3905 1032 3960 sic
1065 3907 1300 3977 vigorem
1334 3924 1445 3963 sua:
1488 3919 1695 3967 natura:
1739 3913 1823 3977 in-

228 3988 469 4045 ﬁrmavit
494 3991 785 4059 cupiditate
828 3996 1106 4061 peccandi,
1148 4004 1207 4050 ut
1244 4004 1614 4069 suggestiones
1639 4003 1827 4059 adver-

229 4079 362 4134 sarii
393 4080 685 4147 reprimere
712 4096 819 4135 non
848 4089 1047 4152 posset.
1072 4082 1324 4141 Inimicus
1354 4097 1550 4153 tamen,
1583 4106 1741 4161 quem
1767 4093 1821 4147 in

226 4179 455 4236 peccato
506 4170 796 4239 signiﬁcat,
842 4182 902 4225 ut
931 4183 1187 4243 appareat
1233 4190 1353 4231 esse
1411 4179 1693 4247 inimicus,
1725 4200 1822 4253 per

225 4255 404 4327 legem
435 4260 646 4329 accepit
674 4262 1019 4317 occasionem
1062 4268 1279 4334 Operari
1306 4257 1509 4324 homini
1541 4283 1770 4333 mortem
1801 4294 1813 4329 :

224 4348 357 4403 dum
403 4350 544 4401 enim
600 4351 667 4403 ad
717 4350 900 4407 illicita
956 4355 1105 4408 illum
1157 4358 1381 4423 suadet,
1428 4374 1652 4430 apparet
1701 4379 1819 4420 esse

220 4438 497 4493 inimicus.
550 4442 868 4511 Quanquam
939 4454 993 4500 et
1034 4455 1159 4501 ante
1214 4449 1384 4519 legem
1444 4464 1674 4507 mortem
1724 4458 1820 4511 ho-

220 4528 355 4581 mini
379 4533 774 4597 procuraverit,
801 4545 1022 4605 excepta
1049 4539 1221 4607 prima
1244 4556 1407 4595 causa
1429 4533 1574 4608 Adae,
1598 4555 1720 4614 post
1736 4548 1816 4603 le-

223 4636 346 4691 gem
374 4630 548 4676 tamen
574 4623 803 4691 majores
828 4628 877 4681 ei
920 4644 1110 4697 ptBtlaS
1156 4634 1293 4701 apud
1320 4635 1644 4700 inferos,ubi
1666 4656 1813 4696 mors

224 4714 463 4765 secunda
486 4724 591 4777 εει,
607 4717 881 4770 a.linvenit
907 4737 919 4771 :
945 4722 1121 4776 minus
1148 4728 1291 4779 enim
1317 4727 1560 4783 criminis
1581 4740 1664 4784 est
1683 4742 1808 4788 ante

220 4796 398 4868 legem
424 4802 819 4857 manifestatam
856 4822 1129 4876 peccasse,
1168 4829 1328 4882 quam
1360 4826 1481 4886 post
1511 4819 1701 4887 legem.

298 4888 364 4944 Ut
385 4893 480 4959 ﬁat
510 4910 667 4964 supra
704 4896 914 4951 ntodum
943 4900 1111 4968 ipsum
1152 4921 1371 4973 peccans
1410 4922 1676 4977 peccatum
1710 4932 1803 4983 per

220 4980 553 5035 mandatum.
608 4983 787 5055 (Aug.)
822 4986 888 5040 Ut
932 4988 1027 5043 ﬁat
1074 5007 1234 5063 supra
1286 4998 1501 5052 modum
1552 4980 1804 5071 peccator

222 5081 320 5127 aut
348 5083 627 5143 peccatum
654 5092 750 5145 per
793 5081 1122 5137 mandatum.
1153 5087 1331 5153 Quare
1361 5106 1521 5160 supra
1552 5098 1803 5151 modum?

221 5165 347 5232 quia
380 5166 492 5234 jam
518 5176 601 5221 est
624 5158 1023 5237 praevaricatio:
1052 5176 1137 5229 ubi
1164 5180 1303 5232 enim
1326 5181 1407 5233 lex
1439 5199 1542 5237 non
1566 5196 1667 5251 est,
1702 5205 1799 5244 nec

218 5258 615 5324 praevaricatio.
674 5253 896 5328 (Ambn)
949 5263 1087 5328 Quid
1139 5275 1257 5333 est,
1335 5288 1493 5341 supra
1549 5278 1801 5333 modum?

218 5345 374 5414 quasi
428 5346 583 5400 datus
613 5346 685 5401 sit
711 5340 896 5402 modus
928 5340 1403 5423 delinquentibus,
1425 5378 1544 5415 cum
1577 5379 1800 5432 peccare

220 5448 329 5488 non
361 5432 563 5488 liceat?
601 5437 696 5491 sed
724 5438 813 5491 Dei
847 5440 1005 5493 verba
1052 5454 1177 5499 sunt
1221 5449 1485 5505 dicentis:
1514 5452 1636 5508 Non
1674 5470 1793 5510 sunt

219 5523 473 5592 completa
512 5537 721 5593 peccata
764 5528 1211 5600 Aman/uvarum,
1238 5554 1334 5607 per
1379 5544 1520 5610 quod
1562 5552 1794 5603 ostendit

220 5628 533 5668 mensuram
555 5630 675 5669 esse
694 5620 982 5686 quamdam
1009 5624 1343 5692 delictorum,
1367 5649 1525 5702 quam
1541 5652 1660 5690 cum
1694 5640 1792 5701 im-

218 5704 485 5776 pleverim
520 5716 850 5775 peccatores.
876 5714 983 5768 vita
1014 5716 1159 5784 digni
1200 5723 1419 5780 minime
1440 5726 1786 5794 judicentur:

1952 1924 2071 1963 sum
2098 1912 2297 1970 deuna
2319 1919 2385 1972 ad
2415 1921 2641 1979 alteram
2670 1930 2850 1987 tacitis
2890 1912 3104 1995 indiciis
3139 1949 3414 2015 transfert,
3447 1930 3536 2007 illo

1948 2007 2007 2052 ut
2033 2002 2268 2058 arbitror
2301 2012 2599 2079 proposito,
2630 2031 2740 2084 quo
2766 2030 2820 2074 et
2868 2022 3164 2096 Scriptura:
3200 2002 3533 2107 propheticm

1945 2102 2211 2162 constant,
2241 2114 2307 2152 ne
2328 2118 2391 2156 ea
2415 2120 2535 2173 quas
2572 2110 2817 2179 inspirati
2851 2116 3109 2178 divinitus
3140 2102 3533 2199 proloquuntur

1943 2181 2200 2251 impolitis
2223 2189 2529 2250 hominibus
2552 2206 2607 2252 et
2636 2202 2812 2258 minus
2840 2207 3016 2264 adhuc
3035 2213 3117 2266 vel
3140 2181 3284 2282 iidci,
3302 2181 3395 2274 1vel
3422 2231 3533 2277 stu—

1940 2272 2411 2385 diideferentibus
2441 2286 2493 2343 in
2517 2295 2803 2360 propatulo
2830 2313 3178 2371 ponerentur,
3207 2272 3541 2385 et

1939 2372 1999 2418 ut
2022 2365 2093 2419 ita
2132 2367 2385 2440 dixerim,
2417 2381 2781 2440 conculcanda
2811 2390 3181 2469 traderentur;
3212 2365 3304 2453 sel
3336 2412 3417 2468 ut,
3441 2420 3526 2460 se—

1938 2458 2169 2513 cundum
2200 2477 2262 2516 ea
2301 2481 2423 2534 quae
2464 2485 2622 2541 supra
2652 2490 2748 2545 per
2779 2484 3067 2549 quamdam
3117 2458 3525 2571 similitudinem

1938 2550 2190 2620 diximus,
2226 2563 2542 2631 mysterium
2580 2570 2660 2622 sai
2705 2574 2848 2645 regis
2870 2576 2935 2629 ad
2958 2592 3159 2647 paucos
3185 2592 3240 2639 et
3264 2564 3529 2651 occultius

1933 2646 2258 2710 perveniret.
2273 2649 2363 2704 Ait
2386 2653 2568 2723 itaque
2587 2672 2601 2710 :
2620 2658 2759 2724 Quid
2783 2680 2904 2734 ergo
2934 2646 3167 2725 dicemus
3182 2673 3207 2725 .9
3232 2674 3317 2729 lea:
3337 2646 3525 2747 pecco;

1932 2746 2041 2790 tum
2064 2750 2138 2793 est
2153 2742 2178 2793 Ρ
2198 2742 2452 2813 Putastis,
2471 2750 2661 2820 inquit,
2680 2770 2765 2809 me
2781 2757 2847 2812 de
2862 2758 2978 2831 lege
2994 2762 3160 2834 Moysi
3183 2742 3385 2835 dicere,
3404 2789 3524 2842 qua:

1935 2823 2105 2927 [quia]
2130 2844 2408 2900 peccatum
2430 2842 2546 2895 est?
2570 2842 2737 2910 Absit,
2773 2823 2943 2904 absit:
2952 2853 3035 2908 Ad
3062 2823 3352 2931 utrumque

1931 2917 2055 2983 ciat,
2083 2923 2207 2989 quia
2231 2942 2405 3001 neque
2427 2930 2492 2985 de
2522 2934 2637 3005 lege
2660 2936 2830 3010 Moysi
2878 2942 3089 3014 loquor,
3116 2917 3290 3021 neque
3311 2955 3378 3011 de
3404 2957 3520 3028 ipsa

2948 3009 2965 3014 -
3077 3009 3083 3011 ν
3202 3009 3217 3021 ι
3358 3009 3369 3011 “
3422 3009 3519 3028 r‘“

1931 3009 2074 3077 dico,
2104 3016 2229 3084 quia
2256 3034 2536 3089 peccatum
2560 3039 2674 3095 est;
2709 3035 2802 3088 sed
2820 3049 3091 3103 peccatum
3112 3060 3215 3099 non
3243 3063 3519 3119 cognosce-

1939 3098 1961 3119 ι
1978 3117 2013 3119 ᾃν
2137 3107 2148 3117 ι
2185 3108 2195 3119 s
2350 3112 2360 3119 ι

2820 3098 2830 3103 _
3202 3098 3209 3099 ,
3248 3098 3492 3119 ατη---

1934 3098 2050 3154 bam
2094 3107 2195 3159 nisi
2218 3126 2311 3178 per
2340 3112 2521 3183 legem,
2548 3135 2669 3175 nam
2717 3129 3188 3198 concupiscentiam
3229 3142 3518 3200 nesciebam

2316 3214 2399 3258 et:
2426 3205 2549 3263 Non
2579 3218 2928 3285 concupisces.
2945 3222 3203 3298 lntellige,
3234 3231 3432 3302 inquit,
3453 3241 3521 3294 de

1937 3295 2038 3349 qua
2063 3284 2179 3356 lege
2206 3288 2412 3361 loquar,
2447 3312 2566 3367 quae
2594 3303 2694 3359 nisi
2720 3318 2881 3375 esset,
2910 3284 3192 3382 peccatuvm
3234 3284 3395 3381 neino
3431 3344 3522 3385 co-

1933 3384 2234 3475 gnosceret.
2252 3379 2501 3475 Nunquid
2515 3387 2681 3461 Moysi
2702 3404 2784 3450 est
2803 3379 2928 3466 lex;
2933 3417 3032 3471 per
3050 3420 3211 3475 quam
3223 3379 3396 3468 Adam

1931 3465 2426 3576 g‘novitnpeccatum
2457 3494 2635 3549 suum,
2662 3493 2717 3540 et
2744 3489 3025 3549 abscondit
3058 3514 3117 3553 se
3157 3516 3187 3555 a
3218 3518 3510 3576 conspectu

1981 3555 2060 3576 ..εει
2086 3556 2101 3576 ι
2344 3564 2355 3576 ι
2392 3565 2434 3576 ι·
2590 3572 2599 3576 -
2626 3574 2635 3576 -
2665 3574 2679 3576 -
2698 3575 2707 3576 ί

1931 3551 2232 3661 Βεὶῖμῖεη.
2258 3564 2360 3635 ut.)
2392 3565 2639 3639 Nunquid
2662 3574 2830 3648 Moysi
2856 3581 2941 3636 lex
2969 3551 3075 3651 est,
3223 3551 3515 3662 nam;

1930 3650 2115 3717 gnovit
2138 3652 2267 3708 Cain
2293 3671 2571 3725 peccatum
2596 3680 2751 3723 suum
2764 3681 2829 3727 et
2849 3674 3013 3731 dixit:
3039 3650 3219 3751 Majas
3244 3650 3320 3740 est
3339 3707 3517 3758 pecca-

1928 3748 2037 3792 tum
2069 3760 2270 3810 meum,
2296 3765 2452 3817 quam
2474 3764 2529 3807 ut
2570 3760 2769 3814 veniam
2810 3769 3053 3822 merear?
3074 3748 3225 3839 (Cen.
3269 3748 3370 3849 ινί)
3400 3781 3510 3837 Aut

1926 3842 2023 3929 per
2050 3848 2211 3899 quam
2235 3836 2445 3895 Pharao
2471 3850 2724 3915 cognovit
2752 3863 3032 3920 peccatum
3060 3836 3234 3929 suum,
3260 3876 3314 3922 et
3330 3836 3467 3927 dixit
3502 3904 3509 3921 ι

1923 3915 2180 3976 Dominus
2206 3925 2384 3993 justus
2412 3941 2510 3998 est,
2541 3950 2633 4004 ego
2676 3915 2849 3994 auiem
2882 3954 2929 3997 et
2968 3952 3192 4018 populus
3221 3915 3365 4011 incus
3407 3961 3505 4015 im-

1921 4010 2034 4078 pii?
2059 4013 2255 4113 (exact.
2272 4020 2376 4113 ιι.)
2397 4021 2551 4089 Quod
2582 4027 2628 4081 si
2652 4028 2706 4085 hi
2738 4010 2984 4093 homines
3010 4010 3209 4113 aliique
3234 4010 3505 4108 innumeri

1923 4116 2049 4160 ante
2073 4106 2237 4180 Moysi
2266 4112 2437 4184 legem
2472 4134 2837 4189 cognoverunt
2863 4106 3143 4197 peccatum
3179 4152 3357 4205 suum,
3389 4158 3496 4199 non

1921 4198 2025 4250 erit
2049 4200 2165 4254 sine
2193 4203 2353 4259 dubio
2400 4206 2566 4278 Moysi
2594 4212 2703 4278 lex,
2745 4216 2812 4271 de
2852 4234 2959 4288 qua
3003 4224 3134 4280 dicit
3160 4198 3448 4297 Apostolus
3480 4251 3496 4291 :

1922 4287 2060 4355 Quia
2106 4304 2372 4359 peccatum
2420 4316 2522 4355 non
2575 4310 2809 4374 cognoui,
2848 4287 2951 4367 nisi
2977 4330 3070 4383 per
3118 4287 3313 4388 legem;
3344 4335 3399 4383 et
3433 4330 3500 4385 de

1919 4394 2021 4447 qna
2054 4381 2184 4437 dicit
2216 4401 2229 4438 :
2262 4387 2742 4460 Concupiscentiam
2782 4381 3068 4461 nesciebam
3100 4381 3199 4465 nisi
3232 4413 3317 4468 lea:
3356 4418 3496 4475 diee-

1846 4526 1898 4586 D
1924 4485 2037 4555 ret.“
2070 4476 2193 4531 Non
2236 4487 2597 4554 concupisces;
2644 4494 2737 4547 sed
2768 4506 2849 4551 est
2883 4499 2970 4554 illa
2998 4502 3105 4567 lex,
3135 4507 3202 4561 de
3240 4491 3345 4578 qua
3384 4513 3490 4570 fre-

1919 4566 2147 4631 quenter
2192 4569 2445 4651 diximus,
2475 4592 2594 4645 qua:
2617 4579 2669 4633 in
2694 4581 2969 4643 hominum
3014 4566 3273 4651 cordibus.
3292 4566 3488 4673 scripta

1913 4662 2015 4717 est,
2048 4656 2152 4711 nan
2201 4668 2523 4731 atramento,
2558 4672 2650 4726 sed
2702 4671 2893 4743 Spirit-
2934 4679 3030 4736 Dei
3068 4686 3197 4752 vivi,
3228 4700 3282 4745 et
3332 4656 3485 4750 do'cet

1909 4756 2344 4849 pnumqucmque
2387 4756 2513 4822 quid
2558 4763 2820 4830 agendum
2856 4784 2882 4820 s
2911 4778 2945 4831 t,
2978 4774 3129 4849 quid.
3162 4783 3480 4840 cavendum.

1906 4831 2021 4900 lp~a
2050 4843 2132 4889 est
2159 4852 2285 4908 ergo
2317 4857 2416 4929 per
2453 4862 2613 4914 quam
2657 4857 2932 4923 cognoscit
2982 4831 3144 4917 homo
3194 4882 3479 4937 peccatum

1905 4938 2081 4978 suum.
2112 4927 2309 4996 Aperte
2347 4927 2434 4988 hic
2485 4940 2783 4995 naturalem
2829 4944 2999 5016 legem
3046 4927 3404 5015 dicit-tandiu
3430 4927 3481 5019 :1

1906 5015 2061 5069 nobis
2090 5016 2358 5085 ignorari,
2388 5028 2621 5090 quandiu
2653 5015 2911 5098 processu
2956 5042 3129 5096 aetatis
3168 5051 3480 5109 noverimus
3563 5036 3566 5039 Δ

1903 5103 2043 5158 inter
2072 5107 2271 5163 bonum
2320 5122 2373 5166 et
2403 5114 2602 5169 malum
2650 5120 2980 5192 discernere,
3006 5138 3060 5183 et
3090 5148 3118 5185 a
3147 5139 3476 5197 conscientia

1902 5206 2087 5252 nostra
2108 5202 2460 5259 audierimus.
2492 5207 2754 5279 Loquitur
2797 5218 2939 5271 enim
2967 5223 3123 5278 nobis
3161 5226 3301 5282 intra
3347 5248 3476 5287 cou-

1902 5289 2201 5357 scientiam,
2234 5306 2288 5348 et
2312 5295 2475 5361 dicit,
2527 5299 2650 5354 Non
2693 5309 3038 5376 concupisces.
3080 5313 3187 5370 Sed
3218 5322 3469 5388 quoniam

1902 5394 2008 5433 non
2054 5397 2285 5452 semper,
2316 5401 2413 5445 nec
2462 5403 2524 5442 ex
2572 5391 2755 5457 initio,
2782 5406 2839 5448 ut
2864 5402 3109 5456 nascitur
3148 5406 3337 5473 homo,
3386 5410 3475 5466 lex

1901 5468 2002 5523 ista
2050 5473 2321 5529 invenitur
2347 5473 2401 5531 in
2432 5479 2667 5548 homine,
2697 5487 2789 5540 sed
2816 5488 3149 5558 aliquandiu,
3182 5497 3307 5553 dum
3325 5468 3477 5556 aetas

1895 5564 2130 5619 nondum
2162 5570 2382 5636 patitur,
2426 5573 2541 5627 sine
2569 5576 2669 5631 hac
2691 5577 2809 5649 lege
2839 5582 3058 5649 vivitur,
3088 5588 3227 5642 sicut
3267 5600 3323 5645 et
3356 5593 3483 5661 ipse

1896 5650 2092 5711 Paulus
2141 5656 2358 5723 fatetur,
2396 5666 2610 5732 quando
2661 5669 2791 5724 dicit
2825 5688 2837 5723 :
2875 5672 2993 5742 Ego
3040 5685 3210 5730 autem
3246 5650 3490 5735 vivebant

1892 5742 2003 5795 sine
2072 5744 2179 5814 lege
2238 5748 2559 5819 aliquando;
2614 5756 2665 5808 in
2734 5758 2823 5813 illo
2880 5771 3128 5831 tempore
3190 5782 3295 5834 quo
3362 5771 3500 5823 sitm
