3960 6332
513 325 651 380 “‘23

1149 328 1210 382 Β.
1252 328 1507 383 ΒΑΒΛΝΙ
1548 326 1767 385 MAURI
1804 322 2058 385 ARCHIE

2168 325 2478 388 MOGUNT.
2519 332 2804 388 OPERUM
2838 334 3019 388 PARS
3056 337 3140 389 ΙΙΙ.

3639 340 3757 396 ΝΞΛ

507 444 626 515 lege
665 443 898 525 viximus
922 480 938 507 ,
985 443 1473 512 concupiscentiam
1515 441 1912 498 nesciebamus.
1973 441 2086 496 Non
2115 449 2167 507 Α
2194 439 2454 513 Ιέρρ.ιιι)¹ἰ
2481 445 2589 500 Sed
2618 447 2720 500 hoc
2763 449 2923 503 modo
2975 464 3081 518 quo
3109 451 3362 517 diximus,
3387 469 3503 507 sme
3535 459 3650 524 lege
3671 472 3760 511 na-

505 536 643 591 dixit
694 551 801 590 non
861 534 1150 600 habebam,
1196 535 1289 589 sed
1326 535 1434 601 ait,
1465 535 1788 598 nesciebam,
1833 543 2087 604 tanquam

505 643 626 698 quae
672 633 813 680 esset
856 625 1090 695 quidem,
1145 627 1490 695 ignoraretur
1537 635 1715 679 tamen
1755 625 1896 693 quod
1945 633 2090 679 esset

504 719 964 789 concupiscentia.
1019 717 1122 773 Ubi
1164 725 1345 771 autem
1393 717 1542 771 venit
1582 717 1754 780 ratio,
1790 725 1845 770 et
1877 715 1959 770 lex
1994 733 2088 769 na-

505 811 695 866 turalis
723 810 899 866 locum
930 810 982 864 in
1026 809 1177 863 nobis
1207 824 1466 878 processu
1509 809 1684 862 :etatis
1729 807 1955 871 invenit,
1987 807 2085 859 do-

501 923 626 962 cere
657 921 756 960 nos
778 904 944 973 etrapit
989 918 1109 972 qua:
1135 911 1316 957 essent
1339 904 1501 964 bona,
1525 909 1579 952 et
1597 900 1886 968 prohibere
1915 915 1945 952 a
1973 914 2086 952 ina-

499 999 588 1054 lis.
640 997 753 1051 Hoc
810 1011 963 1065 ergo,
999 994 1124 1048 dum
1185 995 1349 1055 dicit,
1401 989 1523 1044 Non
1553 992 1908 1060 concupisces,
1940 990 2081 1058 quod

499 1095 629 1142 ante
677 1085 1093 1149 nesciebamus,
1138 1085 1207 1138 ab
1251 1085 1364 1153 ipsa
1401 1082 1688 1136 didicimus
1720 1083 1914 1136 malam
1962 1095 2082 1136 esse

495 1177 1006 1248 concupiscentiam.
1058 1173 1345 1229 Occasione
1393 1183 1565 1225 autem
1620 1182 1853 1241 accepta,
1893 1187 2080 1242 pecca-

493 1279 605 1322 tum
625 1285 718 1339 per
748 1266 1055 1321 mandatum
1082 1273 1350 1335 operatum
1374 1273 1449 1316 est
1478 1263 1532 1316 in
1555 1280 1634 1316 me
1655 1278 1859 1316 omnem
1891 1278 2080 1315 concu-

490 1359 820 1429 piscentiam.
854 1356 966 1412 Lex
995 1356 1108 1421 illa,
1151 1356 1217 1410 de
1240 1370 1344 1425 qua
1376 1355 1508 1408 dicit
1537 1354 1665 1422 quia
1694 1352 2078 1420 concupiscere

491 1450 822 1512 nesciebam,
851 1448 952 1502 nisi
1004 1448 1090 1502 lex
1122 1447 1347 1509 diceret,
1395 1443 1518 1498 Non
1562 1443 1925 1512 concupisces,
1960 1444 2076 1512 ipsa

490 1545 670 1596 autem
711 1541 872 1595 etiam
927 1539 1239 1593 mandatum
1288 1535 1606 1606 appellatur.
1653 1535 1742 1588 Ait
1777 1551 1905 1606 ergo
1950 1535 2076 1604 quia

489 1633 774 1689 occasione
817 1631 1054 1686 mandati
1094 1631 1256 1699 hujus
1305 1645 1412 1698 quo
1451 1629 1838 1698 concupiscere
1893 1629 2078 1697 prohi—

487 1724 681 1778 bemur
729 1731 1012 1792 peccatum
1043 1720 1419 1775 vehementius
1465 1719 1674 1773 exarsit
1724 1719 1774 1771 in
1815 1719 1990 1782 nobis,
2019 1727 2072 1772 et

2195 531 2351 585 turali
2383 533 2516 587 vixit
2544 535 2706 588 etiam
2740 536 2854 604 ipse
2895 539 3185 608 aliquando.
3212 541 3262 593 in
3303 545 3558 610 pueritia,
3587 561 3687 616 quo
3713 548 3761 603 in

2191 630 2432 693 tempore
2459 625 2594 680 dixit
2633 642 2740 680 non
2787 627 2950 686 fuisse
2985 631 3041 683 in
3072 631 3290 686 homine
3334 647 3650 700 peccatum,
3679 638 3763 693 sed

2189 723 2464 769 mortuum
2514 715 2704 782 fuisse,
2757 726 2810 772 et
2864 721 3125 775 revixisse
3179 726 3524 792 postmodum
3567 729 3657 782 ubi
3688 727 3765 783 lex

2193 804 2486 860 adveniens
2516 809 2779 862 naturalis
2809 810 3096 878 prohibere
3133 815 3629 883 concupiscentiam
3669 833 3767 872 ete-

2188 893 2264 960 pit
2293 911 2304 944 :
2337 910 2459 964 qua:
2492 895 2579 950 lex
2614 898 2777 951 veluti
2828 911 3096 954 mortuum
3135 903 3418 958 suscitavit
3464 918 3762 976 peccatum;

2184 987 2392 1051 peccati
2429 1001 2662 1055 namque
2686 1000 2879 1043 natura
2907 991 3021 1045 haec
3049 1001 3154 1057 est,
3185 995 3229 1048 si
3259 995 3352 1049 fiat
3371 999 3520 1068 quod
3547 999 3632 1055 lex
3660 1001 3765 1055 fieri

2184 1081 2350 1128 vetat.
2380 1073 2726 1132 Reviviscente
2746 1096 2868 1149 ergo
2889 1093 3122 1148 peccato,
3158 1100 3273 1154 ego,
3306 1087 3506 1156 inquit,
3540 1102 3764 1145 mortem

2183 1179 2318 1217 sum.
2342 1164 2472 1236 Ego,
2503 1168 2662 1235 quis?
2683 1170 2864 1224 anima
2899 1172 3021 1227 sine
3050 1175 3214 1229 dubio
3242 1192 3362 1247 quae
3402 1178 3609 1234 fecerat
3635 1183 3765 1250 quod

2183 1253 2300 1308 fieri
2349 1255 2433 1310 lex
2477 1259 2690 1314 vetabat
2719 1276 2733 1314 :
2762 1261 2952 1315 Anima
2989 1265 3132 1318 enim
3173 1283 3291 1337 qua:
3321 1282 3522 1338 peccat,
3561 1285 3617 1325 ut
3649 1289 3764 1342 pro-

2180 1347 2342 1415 pheta
2381 1348 2511 1402 dicit
2542 1348 2759 1418 (Ezech.
2799 1353 2954 1424 xvm)
2993 1357 3106 1424 ipsa
3156 1359 3433 1414 morietur.
3493 1362 3763 1418 Inventum

2181 1447 2266 1492 est
2294 1453 2424 1509 ergo
2463 1443 2774 1496 mandatum
2823 1447 2967 1514 quod
3018 1447 3204 1506 datum
3253 1449 3436 1506 fuerat
3481 1455 3550 1507 ad
3585 1456 3759 1516 vitam.

2181 1529 2375 1584 annuae
2396 1530 2621 1598 scilicet,
2649 1543 2708 1587 ut
2727 1548 2846 1587 eam
2868 1535 3084 1592 doceret
3111 1553 3273 1608 opera
3296 1543 3428 1597 vitae
3463 1547 3692 1601 cessisse
3717 1549 3761 1601 ei

2181 1619 2250 1671 ad
2278 1627 2528 1684 mortem,
2563 1622 2689 1677 dum
2718 1626 2989 1694 prohibita
3015 1644 3118 1682 non
3143 1638 3252 1684 tam
3273 1635 3674 1704 refugit,quam
3689 1655 3762 1692 ar-

2181 1709 2392 1764 dentius
2409 1714 2630 1782 expetit.
2659 1714 2835 1769 Movet
2859 1732 2943 1771 me
2958 1726 3136 1773 tamen
3153 1720 3208 1774 in
3233 1721 3319 1777 his
3335 1727 3607 1792 quomodo
3621 1727 3760 1782 dixe-

484 1830 703 1871 mnnem
750 1822 1031 1884 operatum
1077 1821 1162 1868 εει
1188 1813 1242 1866 in
1273 1811 1430 1866 nobis
1469 1810 1982 1879 concupiscentiam,
2015 1809 2072 1863 In
2106 1797 2149 1855 Β
2178 1803 2248 1856 rit
2269 1817 2549 1872 peccatum
2566 1817 2836 1863 mortuum
2854 1825 2973 1865 esse
3002 1821 3054 1866 et
3083 1813 3368 1880 revixisse,
3387 1817 3604 1872 videtur
3622 1822 3754 1874 enim

483 1922 551 1961 eo
601 1919 835 1975 namque
862 1905 916 1958 in
959 1920 1066 1973 quo
1097 1901 1429 1971 concupiscit
1473 1915 1604 1955 caro
1653 1899 1917 1954 adversus
1964 1899 2072 1967 spi-

483 2001 670 2066 ritum,
693 1999 746 2055 id
774 2007 874 2062 est,
908 1999 1166 2053 adversus
1195 1998 1392 2070 legem,
1415 2012 1534 2066 quae
1576 1996 1740 2059 dicit,
1775 1994 1899 2049 Non
1940 2012 2068 2048 con-

482 2093 714 2161 cupisces
734 2132 748 2155 ,
778 2091 940 2146 etiam
966 2091 1284 2145 adversatur
1312 2089 1386 2155 ei,
1419 2099 1475 2143 et
1499 2096 1775 2143 certamen
1812 2088 2072 2158 quodam-

483 2183 644 2238 modo
672 2182 830 2254 gerit,
847 2185 905 2235 ut
926 2197 1030 2236 non
1061 2180 1231 2236 solum
1269 2180 1717 2249 concupiscentiae
1749 2177 2067 2242 satisfaciat,

481 2277 576 2331 sed
605 2276 766 2330 etiam
797 2273 1164 2328 adversarium
1190 2273 1392 2327 vincat.
1434 2270 1558 2325 Hmc
1592 2279 1677 2324 est
1699 2285 1826 2338 ergo
1853 2271 2070 2324 occasio

480 2385 644 2440 quam
685 2368 815 2424 dicit
854 2367 1042 2421 venire
1079 2381 1145 2420 ex
1173 2365 1461 2429 mandato;
1502 2363 1687 2418 nescio
1732 2377 1839 2432 quo
1867 2361 2065 2416 etenim

478 2470 639 2532 pacto
666 2477 730 2516 ea
752 2475 871 2530 quae
890 2457 1243 2528 prohibentur
1277 2455 1554 2509 ardentius
1590 2453 1984 2516 desiderantur,
2014 2463 2069 2505 et

469 2536 603 2607 ideo
647 2567 770 2605 cum
814 2550 1126 2603 mandatum
1173 2555 1445 2610 sanctum,
1476 2554 1534 2600 et
1555 2544 1760 2612 justum
1791 2552 1848 2598 et
1866 2545 2062 2597 bonum

478 2645 549 2699 sit
599 2643 764 2714 (quod
791 2643 936 2696 enim
966 2639 1216 2712 prohibet
1246 2637 1469 2702 malum,
1511 2634 1820 2690 necessario
1862 2635 2063 2688 bonum

475 2732 581 2803 est)
625 2733 749 2787 dum
787 2731 1126 2800 prohibendo
1177 2726 1669 2796 concupiscentiam
1726 2724 1896 2801 magis
1943 2738 2063 2778 eam

474 2831 734 2895 provocat
761 2832 814 2878 et
855 2819 1173 2885 inﬂammat,
1207 2833 1304 2888 per
1353 2816 1554 2870 bonum
1605 2816 1735 2870 mihi
1781 2826 2063 2884 operatum

475 2924 563 2968 est
601 2923 850 2968 mortem.
906 2911 1114 2965 indicat
1148 2917 1325 2962 tamen
1366 2906 1658 2975 Apostolus
1690 2906 1744 2959 in
1773 2905 1874 2970 his,
1921 2906 2063 2974 quod

475 3005 628 3076 origo
653 3003 856 3074 peccati
884 3017 949 3055 ex
981 2997 1420 3066 concupiscentia
1448 3005 1568 3051 orta
1610 2996 1699 3058 sit,
1725 2996 1851 3048 dum
1879 2995 2062 3064 prohi-

471 3097 672 3153 bentur
697 3111 729 3148 a
759 3094 895 3164 lege,
923 3094 1037 3148 sive
1055 3091 1244 3161 Moysi,
1261 3106 1380 3159 quae
1401 3089 1550 3152 dicit,
1575 3104 1678 3142 non
1706 3088 2057 3157 concupisces,

473 3185 588 3241 sive
616 3185 803 3248 etiam,
846 3192 900 3237 ut
933 3197 1097 3251 supra
1141 3180 1511 3250 exposuimus,
1553 3176 1805 3240 naturali,
1835 3192 1900 3231 eo
1931 3192 2058 3250 cox-

472 3275 757 3331 tentiosius
777 3273 918 3342 quod
943 3270 1277 3341 prohibetur,
1305 3268 1597 3336 expetitur.
1617 3264 1907 3320 Sciendum
1928 3279 2056 3322 sane

469 3377 558 3424 est
605 3367 747 3437 quod
795 3362 1227 3433 concupiscentia
1257 3362 1343 3416 hic
1376 3361 1656 3430 culpabilis
1693 3361 1947 3430 ponitur:
1974 3369 2056 3414 est

468 3466 656 3520 autem
684 3456 740 3509 in
769 3454 955 3509 multis
984 3463 1040 3508 et
1089 3451 1371 3506 laudabilis
1418 3451 1558 3505 sicut
1607 3465 1769 3519 supra
1813 3450 2053 3504 ostendi-

470 3562 638 3604 mus:
672 3544 802 3600 Sine
845 3547 953 3614 iege
993 3544 1130 3597 enim
1176 3551 1443 3613 peccatum
1487 3551 1748 3594 mortuum
1799 3552 1894 3594 est.
1939 3539 2052 3610 Ego

469 3647 644 3692 autem
670 3635 901 3690 vivebam
926 3634 1037 3688 sine
1066 3633 1175 3704 lege
1200 3632 1517 3703 aliquando;
1534 3632 1623 3685 sed
1645 3633 1734 3684 ubi
1749 3633 1880 3685 venit
1904 3648 2053 3685 man-

468 3727 675 3791 datum,
717 3732 984 3793 peccatum
1015 3723 1216 3776 revixit.
1256 3720 1369 3791 Ego
1409 3730 1583 3774 autem
1633 3729 1868 3772 mortuus
1910 3736 2047 3782 sum,

467 3828 517 3872 et
545 3820 812 3872 inventum
838 3825 914 3868 est
941 3814 1070 3868 mihi
1110 3813 1439 3878 mandatum,
1463 3812 1602 3883 quod
1627 3822 1738 3866 erat
1767 3813 1835 3865 ad
1866 3814 2045 3876 vitam,

468 3909 564 3962 hoc
608 3921 719 3960 esse
757 3904 825 3958 ad
865 3915 1101 3958 mortem.
1135 3902 1212 3958 De
1245 3903 1326 3958 his
1371 3918 1508 3972 pene
1535 3904 1785 3957 omnibus
1831 3901 1942 3971 jam
1993 3899 2066 3958 in

467 3997 838 4068 superioribus
865 3995 1021 4065 plene
1062 4002 1354 4049 tractatum
1399 4003 1523 4048 est:
1561 3993 1702 4048 unde
1753 4009 1820 4048 ne
1860 3996 2046 4050 eadem

465 4090 664 4158 saepius
694 4087 1051 4151 revolvamus,
1083 4086 1320 4140 breviter
1347 4101 1467 4154 qua:
1514 4085 1655 4143 dicta
1695 4096 1824 4140 sunt
1853 4087 1905 4140 in
1936 4102 2047 4142 me-

465 4184 696 4240 moriam
751 4183 1142 4237 revocabimus.
1195 4181 1326 4235 Sine
1367 4179 1484 4250 lege
1531 4188 1712 4234 autem
1763 4190 2042 4250 peccatum

467 4287 740 4330 mortuum
775 4289 896 4328 esse
939 4273 990 4326 in
1029 4271 1203 4336 nobis,
1237 4272 1338 4326 hoc
1373 4279 1456 4325 est
1482 4282 1771 4341 antequam
1799 4288 1894 4341 per
1915 4281 2045 4326 mta-

467 4374 575 4418 tctn
609 4361 948 4418 rationabilis
996 4363 1134 4414 intra
1187 4376 1283 4415 nos
1331 4375 1518 4415 sensus
1552 4361 1757 4431 vigeret
1800 4363 2041 4417 ostendi-

2178 1894 2304 1961 quia
2334 1910 2439 1949 non
2487 1897 2660 1965 possit
2689 1898 2795 1953 dici
2839 1911 3134 1967 mortuum,
3166 1905 3269 1958 nisi
3308 1907 3452 1974 quod
3480 1901 3759 1977 aliquando

2176 1986 2392 2051 vixerit,
2407 1996 2462 2042 et
2484 1992 2829 2059 postmodum
2846 1992 2954 2048 vita
2971 1996 3228 2050 caruerit.
3249 1996 3355 2053 Sed
3366 2009 3423 2053 et
3438 2001 3542 2054 hoc
3566 2001 3755 2070 ipsum,

2177 2078 2319 2145 quod
2367 2078 2518 2143 dicit,
2555 2081 2758 2146 revixit,
2807 2097 2918 2136 non
2967 2099 3140 2153 nuper
3193 2087 3372 2140 datam
3421 2089 3622 2156 vitam,
3669 2094 3757 2148 sed

2176 2167 2412 2234 priorem
2449 2170 2711 2224 redditam
2747 2171 2923 2238 docet,
2972 2173 3086 2242 ipse
3132 2177 3273 2230 enim
3327 2193 3529 2246 sermo,
3559 2185 3754 2249 revixit,

2172 2275 2389 2314 rursum
2418 2261 2621 2316 vixisse
2659 2263 2946 2334 significat.
2985 2265 3095 2321 Nos
3142 2279 3322 2324 autem
3357 2285 3586 2327 mortem
3621 2277 3755 2332 hanc

2171 2351 2380 2418 peccati
2411 2351 2673 2407 beneficio
2702 2354 2794 2407 Dei
2817 2355 2998 2408 datam
3027 2357 3255 2415 dicimus
3285 2369 3526 2431 tempore
3553 2380 3616 2420 eo
3653 2384 3756 2436 quo

2171 2442 2289 2494 sine
2339 2441 2460 2512 lege
2491 2441 2845 2510 vivebamus;
2873 2448 3013 2514 quod
3053 2458 3107 2502 et
3131 2451 3178 2504 si
3227 2454 3478 2509 veniente
3506 2461 3755 2516 mandato

2169 2535 2314 2602 quod
2335 2542 2602 2599 sanctum,
2634 2544 2690 2590 et
2706 2535 2936 2604 justum,
2962 2550 3018 2594 et
3043 2541 3239 2597 bonum
3263 2557 3369 2613 est,
3401 2553 3678 2608 reviviscit
3699 2555 3752 2608 in

2175 2625 2332 2680 nobis
2355 2637 2661 2696 peceatum,
2689 2638 2745 2685 et
2774 2632 2977 2686 occidit
3003 2649 3122 2689 nos.
3169 2636 3460 2695 Peccatum
3483 2645 3627 2698 enim
3669 2660 3754 2703 ac-

2167 2726 2328 2809 cepta
2357 2719 2643 2774 occasione
2666 2735 2766 2791 per
2796 2725 3108 2780 mandatum
3162 2731 3380 2784 seduxit
3407 2748 3516 2799 me,
3563 2745 3618 2790 et
3660 2752 3753 2809 per

2167 2808 2298 2863 illud
2326 2811 2536 2876 occidit,
2557 2828 2661 2867 non
2689 2821 2773 2868 est
2791 2818 3067 2873 accusatio
3093 2823 3331 2876 mandati
3362 2840 3460 2894 per
3485 2829 3585 2882 hoc
3610 2808 3748 2898 quod

2162 2903 2522 2970 occasionem,
2556 2920 2662 2974 qua
2687 2910 2887 2964 occidit
2937 2927 3024 2967 me
3050 2925 3352 2980 peccatum,
3381 2922 3596 2977 venisse
3622 2924 3749 2987 dicit

2170 3007 2238 3046 ex
2287 2994 2566 3060 mandato,
2595 2997 2689 3051 sed
2721 2998 2835 3054 haze
2858 3011 2941 3055 est
2974 3003 3103 3058 dicti
3137 3006 3294 3074 hujus
3341 3017 3742 3082 consequentia.

2163 3083 2274 3138 Lex
2303 3085 2504 3140 dicitur
2522 3101 2643 3156 quae
2670 3089 2828 3145 docet
2871 3095 2999 3163 quid
3055 3094 3172 3150 fieri
3204 3097 3429 3164 debeat,
3479 3105 3606 3172 quid
3657 3122 3745 3160 ca-

2162 3174 2296 3227 veri.
2324 3174 2555 3232 Necesse
2583 3189 2666 3232 est
2691 3190 2751 3234 ut
2780 3181 2907 3236 illud
2938 3187 3080 3254 quod
3109 3190 3288 3243 caveri
3341 3193 3472 3247 dicit
3527 3197 3746 3252 edoceat

2160 3263 2316 3331 quale
2342 3265 2431 3332 sit,
2469 3283 2576 3337 quo
2623 3285 2722 3338 per
2746 3273 2850 3329 hoc
2890 3279 3069 3331 caveri
3110 3279 3320 3337 facilius
3347 3288 3516 3352 possit
3549 3307 3559 3341 :
3590 3307 3744 3345 nemo

2159 3354 2303 3408 enim
2335 3366 2514 3433 potest
2541 3361 2716 3416 vitare
2745 3366 2886 3432 quod
2909 3370 3102 3423 nescit.
3141 3371 3196 3426 Si
3222 3377 3344 3443 quis
3373 3393 3502 3445 ergo
3524 3383 3744 3436 edoctus

2156 3460 2254 3514 per
2282 3447 2478 3518 legem,
2502 3452 2669 3520 quale
2687 3453 2759 3508 sit
2796 3455 2849 3510 id
2873 3459 3016 3526 quod
3063 3475 3256 3518 cavere
3284 3464 3467 3533 debet,
3504 3486 3610 3525 non
3633 3481 3740 3527 tam

2156 3551 2361 3607 caveat,
2412 3559 2574 3613 quam
2625 3545 2789 3602 faciat
2833 3549 2993 3617 illud,
3051 3557 3388 3612 occasionem
3425 3562 3642 3630 quidem
3670 3565 3741 3620 le-

2155 3631 2236 3700 gis
2268 3647 2374 3687 non
2409 3632 2667 3690 facienda:
2700 3638 2778 3691 rei
2827 3641 3107 3697 scientiam
3137 3645 3410 3701 videbitur
3447 3653 3738 3722 accepisse.

2155 3721 2259 3776 Sed
2301 3723 2383 3778 lex
2425 3740 2530 3780 non
2560 3727 2761 3784 idcirco
2787 3745 2910 3784 eum
2948 3733 3206 3790 docuerat
3255 3748 3314 3791 ut
3355 3739 3560 3796 faceret
3600 3741 3738 3813 quod

2155 3829 2258 3867 non
2302 3815 2526 3881 debeat,
2571 3827 2624 3872 et
2683 3833 3008 3888 moreretur,
3043 3826 3135 3879 sed
3183 3836 3241 3880 ut
3276 3844 3381 3882 non
3426 3831 3648 3896 faceret,
3686 3844 3742 3889 et

2150 3903 2374 3961 viveret.
2404 3907 2494 3962 Sic
2538 3924 2667 3980 ergo
2705 3923 2988 3981 peccatum
3037 3920 3320 3975 occasione
3375 3937 3596 3993 accepta
3642 3943 3741 3995 per

2151 4001 2461 4053 mandatum
2485 4003 2698 4057 seduxit
2717 4021 2824 4071 ine,
2842 4017 2898 4061 et
2920 4024 3015 4078 per
3061 4010 3190 4066 illud
3210 4015 3438 4082 occidit;
3472 4030 3566 4072 aut
3589 4033 3736 4077 certe

2148 4087 2274 4177 quia
2299 4087 2456 4155 dixit,
2488 4101 2770 4159 peccatum
2803 4112 2900 4164 per
2931 4101 3244 4157 mandatum
3277 4108 3492 4161 seduxit
3537 4126 3641 4177 me,
3680 4124 3732 4167 et

2146 4170 2244 4246 per
2287 4178 2414 4233 illud
2470 4182 2704 4248 occidit,
2753 4196 2932 4253 potest
2981 4190 3071 4244 hic
3108 4203 3389 4260 peccatum
3445 4199 3526 4251 vel
3561 4170 3728 4271 ipsum

2147 4281 2422 4326 auctorem
2476 4275 2675 4330 dixisse
2727 4279 2971 4346 peccati,
3025 4282 3090 4336 de
3139 4298 3245 4352 quo
3298 4289 3559 4357 scriptum
3602 4303 3725 4346 est:

2147 4357 2370 4427 Serpens
2414 4361 2619 4413 seduxit
2645 4379 2726 4415 me
2767 4363 2922 4432 (Gen.
2969 4369 3084 4439 tu);
3117 4370 3196 4424 vel
3247 4375 3411 4428 etiam
3443 4394 3724 4444 personam

465 4472 607 4520 inus,
644 4469 764 4510 cum
805 4449 966 4508 etiam
1010 4452 1314 4522 exemplum
1355 4451 1509 4522 pueri
1557 4453 1910 4520 percutientis
1949 4469 2040 4524 pa-
2071 4474 2120 4534 ι)
2149 4445 2364 4501 “tulisse
2392 4459 2634 4517 peccato,
2667 4468 2786 4520 quae
2836 4455 2951 4509 visa
3005 4459 3076 4512 sit
3125 4461 3398 4518 hominem
3451 4470 3724 4524 seduxisse

462 4556 604 4602 trem
640 4556 733 4600 aut
778 4555 1026 4609 matrem,
1053 4544 1137 4598 vel
1165 4543 1532 4598 maledicentis
1576 4545 1933 4609 adduximus;
1988 4545 2043 4599 in

464 4654 573 4709 quo
615 4635 908 4693 secundum
951 4637 1123 4707 legent
1169 4637 1390 4705 quidem
1430 4635 1806 4704 prohibentem
1837 4638 2041 4706 percuti

463 4729 550 4785 vel
589 4727 844 4791 maledici
883 4737 1089 4796 patrem
1126 4736 1216 4780 aut
1273 4736 1540 4791 matrem,
1593 4736 1872 4795 peceatum
1927 4727 2042 4782 ﬁeri

465 4820 718 4876 videtur:
761 4819 1024 4874 sed-istud
1063 4830 1341 4888 peccatum
1372 4827 1640 4873 mortuum
1675 4836 1794 4873 esse
1823 4820 2042 4886 dicitur,

462 4911 593 4980 quia
636 4910 719 4963 lex
747 4910 981 4963 nondum
1033 4911 1184 4963 adest
1234 4912 1284 4964 in
1329 4924 1526 4979 puero,
1557 4925 1674 4978 quae
1703 4926 1824 4964 eum
1854 4912 2044 4965 doceat

465 5001 571 5055 hoc
597 5001 740 5069 quod
767 4999 895 5054 facit
925 4999 1040 5053 fieri
1065 5016 1170 5054 non
1208 5001 1369 5054 licere
1400 5019 1411 5052 :
1443 5000 1559 5054 sine
1594 5000 1696 5054 hac
1721 5012 1900 5055 autem
1928 5001 2040 5071 lege

466 5100 521 5146 et
570 5090 789 5144 Paulum
849 5100 904 5144 et
968 5107 1154 5144 omnes
1210 5091 1457 5145 homines
1529 5101 1734 5144 certum
1799 5102 1881 5144 est
1946 5091 2041 5144 ali-

466 5179 682 5248 quando
710 5179 928 5243 vixisse,
953 5179 1054 5232 hoc
1067 5188 1172 5242 est,
1190 5180 1242 5232 in
1263 5188 1421 5232 aetate
1450 5179 1640 5247 puerili
1661 5197 1673 5244 ;
1691 5195 1879 5233 omnes
1897 5181 2038 5233 enim

463 5269 715 5326 similiter
760 5284 856 5337 per
905 5269 1033 5322 illud
1086 5279 1296 5338 tempus
1347 5271 1579 5323 nondum
1624 5287 1849 5339 capaces
1884 5271 2041 5340 hujus

466 5357 728 5413 naturalis
757 5357 889 5424 legis
915 5358 1233 5411 existebant.
1265 5357 1395 5409 Nam
1415 5359 1599 5426 utique
1627 5376 1731 5412 non
1764 5359 2038 5412 videretur

465 5451 534 5505 de
578 5450 682 5502 hoc
725 5448 874 5500 Pauli
911 5462 1036 5500 vera
1087 5461 1204 5501 esse
1253 5447 1548 5515 professio;
1578 5448 1847 5515 quomodo
1892 5450 2035 5502 enim

463 5544 583 5597 sine
612 5541 726 5610 lege
756 5540 920 5609 Moysi
945 5540 1258 5609 probabitur
1283 5538 1476 5592 Paulus
1508 5538 1795 5608 aliquando
1820 5540 2035 5603 vixisse,
2065 5535 2078 5552 ’⁸

464 5647 588 5684 cum
626 5632 737 5696 ipse
769 5645 825 5684 se
859 5627 1140 5683 Hebraeum
1199 5645 1261 5682 ex
1305 5628 1565 5693 llehratis,
1616 5639 1670 5683 et
1715 5640 1904 5683 octavo
1955 5631 2036 5684 die

469 5724 842 5778 circmnrisum
867 5723 1157 5776 secundum
1183 5723 1312 5786 legis
1341 5732 1603 5788 nrtecepta
1631 5724 1859 5775 fateatur
1882 5723 2035 5781 (Plii-

2146 4539 2427 4594 occasione
2465 4545 2724 4607 mandati,
2760 4554 2818 4599 ut
2844 4563 3063 4602 suavem
3104 4550 3308 4607 faceret
3338 4561 3722 4625 concupiscen-

2143 4628 2290 4693 tiam,
2321 4637 2374 4683 et
2401 4630 2599 4694 anima,
2646 4632 2771 4687 dum
2826 4637 3091 4691 suavitate
3130 4644 3581 4710 concupiscentia:
3628 4649 3716 4701 de-

2139 4717 2403 4784 lectatur,
2447 4723 2849 4788 praevaricando
2893 4730 3237 4798 mandatum,
3283 4737 3427 4803 quod
3469 4738 3712 4792 dicebat:

2144 4806 2266 4861 Non
2292 4812 2643 4878 concupisces,
2680 4828 3000 4870 moreretur.
3041 4818 3146 4874 Sed
3189 4837 3256 4875 ne
3288 4825 3412 4892 quis
3440 4825 3542 4878 hoc
3573 4842 3717 4880 man-

2143 4897 2267 4951 dato
2310 4899 2442 4969 legis
2490 4903 2813 4968 ascriberet,
2866 4907 3005 4974 quod
3053 4912 3339 4966 occasione
3386 4919 3634 4985 praecepti
3683 4935 3711 4970 a

2143 5000 2361 5058 peccato
2388 4993 2606 5046 seducta
2644 5005 2728 5047 est
2755 4995 2930 5050 anima
2959 5007 3013 5051 et
3055 5001 3255 5064 occisa,
3287 5002 3711 5074 subjungitApo—

2143 5083 2310 5136 stolus
2330 5091 2383 5136 et
2412 5085 2541 5139 dicit
2571 5105 2583 5139 :
2621 5086 2804 5156 Itaque
2844 5090 2929 5142 lex
2961 5092 3165 5161 quidem
3207 5106 3414 5160 sancta,
3437 5108 3483 5150 et
3507 5101 3714 5152 manda-

2142 5183 2251 5227 tum
2288 5186 2544 5240 sanctum,
2577 5188 2623 5230 ct
2645 5179 2874 5247 justum,
2900 5192 2947 5233 et
2979 5181 3200 5248 bonum;
3233 5186 3431 5239 bonum
3487 5203 3712 5256 namque

2143 5274 2223 5318 est
2254 5267 2562 5319 mandatum
2595 5276 2649 5320 ct
2675 5266 2760 5321 lex
2786 5280 2971 5323 sancta
3011 5280 3115 5334 est,
3141 5273 3278 5326 bona
3308 5276 3451 5328 enim
3478 5279 3709 5345 pta-cipit

2144 5365 2197 5408 et
2243 5357 2506 5410 bonorum
2555 5358 2948 5414 observantiam
2998 5365 3236 5417 mandat.
3281 5365 3437 5429 Quod
3471 5385 3606 5436 ergo,
3632 5371 3713 5422 in-

2145 5445 2280 5512 quit,
2313 5448 2502 5498 bonum
2527 5458 2630 5511 est,
2663 5449 2790 5502 mihi
2833 5450 3031 5518 factum
3081 5462 3154 5506 est
3204 5456 3384 5508 more?
3408 5457 3591 5524 Absit.
3617 5456 3710 5512 0b-

2140 5533 2424 5599 jectionem
2481 5553 2609 5590 vero
2654 5538 2847 5592 refellit
2899 5544 3205 5598 necessario
3268 5557 3710 5614 consurgentem.

2147 5639 2200 5680 et
2233 5628 2380 5693 dicit,
2427 5646 2532 5682 non
2575 5632 2715 5698 quod
2764 5632 2958 5686 bonum
3009 5633 3139 5702 legis
3184 5645 3240 5688 et
3289 5637 3530 5692 mandati
3570 5652 3711 5691 mor-

2149 5730 2252 5772 tem
2293 5720 2724 5790 mihiintulent;
2768 5724 2856 5776 sed
2889 5732 3186 5792 peceatum.
3227 5727 3422 5794 inquit,
3470 5734 3712 5796 utquam
