3960 6366
453 434 476 488 l
488 435 592 490 427

1067 434 1127 490 Β.
1170 432 1423 488 RABANI
1460 431 1681 489 MAURI
1715 430 2034 500 ARCHIEP.
2067 429 2376 488 MOGUNT.
2413 430 2703 489 OPERUM
2742 433 2923 490 PARS
2957 433 3041 492 lli.

3583 437 3722 492 μῦ

450 548 526 602 ait
546 539 696 602 {Lex
723 547 976 619 spiritalis
1000 557 1096 614 est,
1127 563 1220 617 ego
1249 555 1421 600 autem
1436 544 1664 600 carnalis
1691 561 1828 609 sum,
1851 560 2044 598 venim-
2070 549 2119 607 Α
2149 542 2239 597 Sic
2264 551 2652 613 et'peccatum,
2686 545 2809 614 quia
2838 561 2944 599 non
2976 545 3272 600 illustratur
3307 547 3429 604 luce
3478 545 3723 618 iustitia,

453 639 611 695 datus
642 639 736 693 sub
763 633 996 709 peccbt—o,
1037 630 1148 696 hoc
1187 644 1291 703 est,
1328 637 1414 691 lex
1449 635 1602 691 firma
1637 643 1722 690 est
1766 643 1823 689 et
1863 634 2031 703 iusta,

453 739 509 785 et
543 742 692 787 caret
729 733 922 802 culpa:
954 733 1116 786 homo
1141 739 1324 786 autem
1350 730 1556 802 fragilis
1581 738 1680 793 est,
1710 736 1766 784 et
1810 732 2037 799 paterno

453 806 1019 894 subjugatusydelicto,
1049 830 1109 876 ut
1147 831 1416 891 potestate
1473 821 1555 874 sui
1585 820 1663 874 uti
1713 835 1819 874 non
1868 817 2038 888 possit

453 914 595 968 circa
639 913 1004 968 obedientiam
1033 912 1187 984 legis.
1222 912 1344 966 Ideo
1365 919 1448 966 est
1475 911 1543 965 ad
1585 910 1677 965 Dei
1731 910 2038 964 misericor-

454 1003 597 1058 diam
625 1001 1063 1074 confugiendum,
1095 1012 1153 1063 ut
1180 1003 1525 1058 severitatem
1553 1003 1682 1072 legis
1729 999 1950 1069 ell‘ugiat
1985 1008 2039 1052 et

454 1103 782 1148 exoneratus
813 1094 1044 1160 delictis,
1080 1095 1145 1149 de
1175 1102 1391 1160 caetero,
1436 1093 1544 1148 Deo
1567 1093 1796 1156 favente,
1823 1092 2042 1148 inimico

455 1184 689 1240 resistat.
729 1185 869 1253 Quid
895 1195 980 1242 est
1002 1187 1145 1242 enim
1169 1186 1473 1254 subjectum
1503 1201 1620 1242 esse
1665 1194 1906 1255 peccato,
1935 1185 2039 1238 niSi

453 1289 649 1344 corpus
685 1276 885 1331 habere
917 1276 1049 1331 vitio
1077 1278 1272 1332 animae
1321 1277 1666 1347 corruptum?
1697 1277 1780 1330 cui
1815 1276 1858 1330 si
1898 1276 2040 1330 inse-

450 1373 542 1419 rat
573 1365 884 1441 [seinferat]
910 1377 1215 1436 peccatum,
1241 1377 1295 1422 et
1318 1367 1557 1438 impellat
1589 1367 1862 1422 hominem
1887 1367 2040 1437 quasi

455 1461 726 1530 captivum
776 1461 1008 1528 delictis,
1041 1472 1100 1517 ut
1141 1462 1306 1516 faciat
1335 1463 1666 1518 voluntatem
1712 1464 1848 1533 ejus.
1907 1463 2044 1517 llinc

459 1551 718 1606 Dominus
745 1552 885 1607 inter
910 1561 1105 1607 caetera
1131 1553 1207 1606 ait
1237 1552 1386 1625 (Luc.
1412 1552 1531 1624 vni)
1557 1573 1568 1606 :
1611 1552 1756 1607 Venit
1779 1553 2040 1617 diabolus,

457 1650 505 1694 et
534 1639 671 1695 tollit
697 1643 837 1713 quod
857 1643 1170 1697 seminatum
1217 1653 1292 1697 est
1337 1645 1390 1697 in
1420 1660 1510 1697 cor
1540 1642 1773 1706 illorum,
1808 1660 1870 1696 ne
1916 1642 2046 1697 salvi

455 1729 611 1798 ﬁant.
657 1731 807 1787 Unde
869 1733 1010 1787 idem
1067 1732 1354 1804 Apostolus
1405 1734 1459 1788 in
1518 1732 1623 1786 alia
1668 1733 1905 1803 Epistola
1970 1734 2046 1788 ait

455 1817 750 1891 (Ephvr):
786 1820 910 1875 Non
948 1831 1028 1877 cst
1057 1822 1202 1876 nobis
1230 1821 1526 1876 colluctatio
1559 1822 1806 1877 adversus
1835 1839 2045 1878 carnem

2137 646 2240 685 non
2268 631 2616 703 intelligendo
2650 633 3008 702 dignoscitur,
3043 634 3202 688 sicuti
3231 636 3487 690 tenebras
3523 635 3728 690 dictum

2135 732 2218 776 est
2247 738 2352 776 non
2378 721 2609 776 videndo
2638 723 2846 777 sentiri.
2877 723 2943 776 Et
2969 724 3036 778 ad
3075 724 3177 778 hoc
3204 726 3441 793 pertinet
3488 727 3630 796 quod
3672 727 3730 782 in

2137 811 2346 880 psalmo
2375 810 2595 876 dicitur,
2650 810 2852 865 Delicta
2883 814 2999 882 quis
3035 813 3315 883 intelligit?
3349 815 3523 871 lPsal.
3551 819 3728 886 mit.)

2210 903 2272 956 Si
2293 915 2468 956 autem
2495 903 2634 972 quod
2666 904 2753 956 odi
2781 902 2911 956 illud
2952 904 3110 973 facio,
3139 906 3404 958 consentio
3460 908 3559 974 legi
3605 923 3731 976 quo-

2140 999 2285 1050 niam
2316 998 2448 1050 bona
2479 1005 2574 1049 est.
2601 996 2802 1065 (Amh.)
2829 995 3024 1049 Prol'at
3047 997 3216 1065 legem
3244 1007 3389 1050 recte
3419 1000 3727 1066 prohi'icre,

2139 1087 2611 1158 quandoinvitum
2639 1103 2697 1140 se
2732 1087 2833 1140 hoc
2889 1087 3068 1141 facere
3114 1087 3254 1156 quod
3287 1086 3371 1147 lex
3431 1096 3573 1139 vetat
3605 1101 3729 1156 pro-

2141 1179 2358 1233 fitetur;
2391 1187 2444 1232 et
2474 1187 2676 1230 ιδειιιιιυε
2705 1193 2815 1230 sua:
2843 1175 2973 1230 dicit
2997 1192 3116 1231 esse
3147 1178 3289 1243 quod
3347 1179 3563 1228 mandat
3604 1177 3724 1241 lex;

2141 1272 2266 1340 quia
2294 1269 2432 1340 quod
2467 1279 2621 1322 extra
2652 1268 2802 1334 facit,
2834 1267 3078 1336 odiosum
3128 1265 3258 1319 dicit
3310 1265 3413 1318 sibi
3447 1267 3634 1334 (Aug)
3670 1267 3725 1320 Si

2143 1366 2245 1419 hoe
2285 1363 2417 1416 facis
2451 1361 2592 1432 quod
2634 1361 2718 1414 lex
2771 1361 2906 1424 odit,
2959 1358 3226 1428 quomodo
3273 1359 3546 1410 censentis
3593 1355 3729 1425 legi!

2141 1455 2390 1520 Prorsus,
2443 1453 2487 1508 si
2533 1455 2673 1522 quod
2719 1453 2861 1517 uolo,
2909 1453 3012 1506 hoc
3055 1451 3219 1515 facio,
3271 1453 3553 1504 consentio
3603 1451 3726 1521 legi,

2143 1547 2398 1617 quoniam
2441 1547 2582 1601 bona
2635 1554 2736 1600 est.
2789 1544 3105 1612 Quomodo?
3152 1544 3275 1612 quia
3317 1541 3472 1608 jubet
3506 1544 3587 1595 lex
3629 1559 3728 1596 non

2147 1641 2496 1710 concupisces,
2530 1655 2635 1694 non
2690 1638 2874 1708 implet
2901 1638 3076 1708 legem
3118 1636 3405 1690 inﬁrmitas
3455 1651 3596 1698 mea,
3640 1633 3729 1690 scd

2147 1729 2250 1799 legi
2299 1730 2568 1784 consentit
2605 1728 2853 1782 voluntas
2890 1743 3030 1782 mea.
3075 1723 3272 1795 (Orig)
3313 1725 3516 1778 Tamen
3545 1741 3611 1778 ex
3663 1738 3728 1778 ea

2147 1832 2322 1892 parte,
2355 1838 2462 1892 qua
2504 1837 2609 1875 non
2643 1820 2755 1873 vult
2784 1820 2983 1873 malum
3012 1817 3283 1872 consentit
3309 1817 3412 1883 legi
3446 1815 3564 1879 Dei,
3603 1818 3728 1885 quia

456 1918 503 1962 εί
562 1911 892 1980 “Malm.
931 1913 1020 1965 θεά
1071 1912 1318 1966 adversus
1370 1913 1625 1983 principes
1666 1924 1710 1966 et
1749 1924 2045 1984 potestates.
2075 1906 2125 1973 Β
2155 1915 2294 1969 bona
2323 1924 2423 1977 est,
2473 1928 2592 1982 qua:
2632 1913 2880 1980 prohibet
2901 1910 3122 1973 malum,
3154 1919 3209 1963 et
3243 1909 3293 1962 in
3320 1909 3728 1962 consonantiam

455 2009 638 2054 contra
671 2001 933 2070 spiritalia
960 2002 1202 2074 nequitia:
1233 2002 1286 2057 in
1316 2002 1625 2069 cmlestibus,
1662 2018 1798 2073 quos
1822 2045 1826 2049 .
1846 2004 2046 2058 satelli-

453 2099 536 2146 tes
563 2098 778 2146 constat
802 2105 925 2156 esse
966 2091 1204 2147 Satanae.
1235 2092 1367 2147 Nam
1394 2101 1518 2147 ante
1545 2093 2043 2163 praivaricationem

453 2183 708 2247 hominis,
739 2184 1055 2252 priusquam
1101 2199 1158 2238 se
1185 2183 1518 2254 manciparet
1561 2184 1744 2250 morti,
1777 2199 1884 2238 non
1925 2192 2046 2237 erat

455 2273 540 2328 his
565 2283 808 2344 potestas
845 2275 913 2329 ad
939 2274 1206 2330 interiora
1251 2274 1488 2329 hominis
1532 2275 1790 2330 accedere
1817 2283 1872 2329 et
1894 2275 2042 2345 cogi-

453 2365 686 2421 tationes
715 2365 973 2421 adversas
1002 2366 1263 2441 inserere.
1299 2365 1452 2421 Unde
1473 2366 1670 2420 astutia
1695 2364 1811 2434 ejus
1840 2365 2040 2420 factum

451 2466 556 2522 est,
585 2467 644 2511 ut
675 2456 1113 2512 confabulatione
1159 2473 1256 2526 per
1282 2467 1589 2527 serpentem
1613 2458 1891 2511 hominem
1928 2457 2042 2511 cir-

451 2548 803 2602 cumveniret.
829 2547 1124 2616 Postquam
1151 2556 1333 2601 autem
1384 2547 1738 2602 circumvenit
1795 2564 1938 2611 enini,
1988 2556 2044 2603 et

452 2639 776 2710 subiugavit,
802 2646 1124 2708 potestatem
1152 2640 1205 2700 in
1236 2655 1360 2693 eum
1387 2639 1612 2708 accepit,
1648 2649 1707 2693 ut
1729 2639 2040 2694 interiorem

455 2730 730 2785 hominem
771 2730 1035 2800 pulsaret,
1061 2729 1324 2798 copulatis
1368 2745 1426 2784 se
1474 2730 1644 2784 tuenti
1683 2729 1933 2798 ejus;ita
1983 2738 2043 2784 ut

447 2839 562 2879 non
603 2811 772 2892 possit
805 2835 1099 2894 agnoscere
1127 2822 1255 2893 quid
1294 2837 1450 2876 suum
1481 2823 1554 2877 sit
1588 2822 1640 2876 in
1686 2822 2034 2892 cogitatione,

449 2921 578 2990 quid
599 2920 772 2987 illius,
808 2920 912 2976 nisi
933 2921 1188 2990 respiciat
1223 2920 1416 2990 legem.

526 3011 680 3088 Quod
697 3011 833 3088 enim
863 3027 1049 3081 operor
1070 3027 1172 3065 non
1199 3010 1463 3081 intelligo;
1481 3027 1585 3065 non
1607 2997 1744 3065 enim
1764 3010 1903 3081 quod
1927 3009 2038 3064 volo

450 3104 547 3158 hoc
584 3118 706 3173 ago,
741 3101 832 3156 sed
872 3103 1011 3172 quod
1043 3101 1129 3155 odi
1161 3099 1294 3154 illud
1319 3101 1483 3172 facio.
1517 3101 1710 3172 (Orig.)
1765 3100 1918 3167 Quod
1959 3100 2038 3154 ait

451 3208 583 3264 ergo
614 3193 802 3264 ignem
829 3192 959 3262 quid
989 3206 1204 3262 operor,
1228 3196 1333 3246 non
1365 3201 1475 3245 tam
1507 3207 1622 3265 rem
1656 3193 1828 3262 ipsam
1875 3206 2034 3260 quam

2146 2007 2432 2076 quamdam
2482 2005 2550 2058 ad
2611 2003 2780 2074 legem
2810 2003 2901 2056 Dei
2937 2001 3020 2055 lex
3054 2000 3315 2054 naturalis
3360 1991 3648 2052 adducitur
3671 2005 3728 2053 ut

2148 2097 2335 2152 eadem
2366 2095 2533 2150 velint
2571 2104 2734 2162 atque
2764 2093 2952 2147 eadem
3000 2092 3192 2145 nolint.
3247 2087 3400 2156 Quod
3451 2088 3494 2142 si
3537 2102 3726 2143 secun-

2147 2188 2633 2244 dum-voluntatem
2665 2186 2766 2255 legi
2802 2186 2893 2247 Dei
2929 2183 3318 2245 consentimus,
3378 2181 3579 2236 tnalum
3603 2195 3728 2251 ergo

2146 2281 2289 2352 quod
2320 2279 2566 2341 facimus,
2603 2293 2708 2333 non
2731 2278 2842 2348 jam
2865 2264 2965 2330 nos
2992 2276 3066 2339 id,
3084 2276 3175 2328 sed
3195 2281 3480 2342 peccatum
3503 2274 3643 2341 quod
3676 2273 3727 2328 in

2145 2374 2300 2427 nobis
2325 2379 2408 2425 est
2435 2379 2712 2438 operatur,
2728 2368 2781 2421 id
2808 2375 2913 2428 est,
2930 2365 3016 2418 lex
3043 2371 3100 2419 et
3120 2364 3371 2418 voluntas
3394 2364 3730 2434 carnisque

2144 2463 2386 2533 captivos
2407 2477 2504 2516 nos
2525 2460 2673 2515 ducit
2695 2460 2746 2514 in
2761 2459 2884 2528 lege
2903 2457 3107 2528 peccati
3128 2471 3247 2526 quae
3267 2457 3322 2511 in
3345 2458 3605 2512 membris
3625 2466 3724 2512 est.

2145 2553 2330 2626 (Αυρ.)
2357 2553 2500 2608 Satis
2529 2552 2744 2621 quidem
2771 2551 2856 2605 lex
2877 2551 2943 2604 ab
2973 2550 3116 2604 omni
3140 2548 3521 2603 criminatione
3551 2548 3726 2604 defen-

2145 2645 2330 2699 ditur:
2367 2643 2460 2698 sed
2501 2643 2820 2705 cavendum,
2861 2655 2928 2694 ne
2960 2639 3082 2709 guis
3105 2639 3403 2692 arbitretur
3432 2639 3517 2692 his
3552 2639 3726 2694 verbis

2141 2735 2346 2790 auferri
2377 2734 2532 2788 nobis
2560 2732 2786 2786 liberum
2806 2730 3096 2785 voluntatis
3124 2729 3433 2793 arbitrium,
3460 2727 3601 2798 quod
3622 2744 3724 2782 non

2142 2827 2216 2881 ita
2245 2835 2348 2882 est.
2389 2825 2542 2880 Nunc
2575 2825 2718 2878 enim
2761 2824 2920 2878 homo
2969 2821 3295 2876 describitur
3337 2821 3440 2877 sub
3491 2822 3606 2892 lege
3630 2837 3722 2891 po-

2149 2919 2282 2974 situs
2315 2928 2442 2972 ante
2498 2916 2749 2986 gratiam.
2813 2913 2963 2968 Tune
2990 2912 3140 2967 enim
3191 2920 3447 2982 peccator
3494 2912 3723 2966 vincitur

2143 3013 2267 3068 dum
2294 3011 2500 3065 viribus
2528 3009 2640 3064 suis
2661 3007 2808 3077 juste
2844 3006 3027 3060 vivere
3052 3011 3282 3058 conatur
3310 3003 3430 3058 sine
3459 3003 3723 3074 adiutorio

2139 3103 2423 3158 liberantis
2480 3101 2667 3174 gratia:
2719 3099 2844 3162 Dei;
2902 3098 2955 3152 in
3014 3097 3182 3154 libero
3253 3105 3435 3150 autem
3507 3097 3724 3154 arbitrio

2142 3195 2323 3261 habet,
2347 3203 2406 3248 ut
2433 3194 2619 3253 credat
2637 3190 2911 3245 liberatori
2938 3196 2992 3243 et
3019 3185 3248 3256 accipiat
3275 3187 3525 3258 gratiam,
3542 3197 3601 3241 ut
3616 3184 3726 3258 jam

446 3253 704 3356 operatur
745 3253 873 3354 quis
900 3253 1136 3354 ignorat,
1164 3284 1290 3338 licet
1313 3284 1554 3338 carnalis
1581 3253 1789 3342 sit-sed
1813 3298 2036 3338 causam
2064 3253 2109 3317 C
2142 3284 2249 3346 illo,
2310 3253 2398 3352 qui
2457 3297 2578 3336 eam
2610 3281 2798 3345 donat,
2856 3253 3204 3333 liberanteet
3251 3253 3563 3344 adiuvante,
3616 3253 3724 3334 non

451 3378 528 3432 rei
578 3391 743 3446 quam
805 3376 916 3445 agit
955 3375 1152 3430 dicitur
1191 3375 1460 3444 ignorare.
1519 3375 1671 3442 Quod
1703 3391 1832 3431 vero
1873 3377 2034 3433 dicit:

453 3467 578 3522 Non
603 3467 744 3522 enim
771 3466 912 3536 quod
939 3464 1052 3519 volo
1079 3481 1198 3534 ago,
1250 3465 1340 3518 sed
1389 3465 1528 3537 quod
1555 3466 1644 3520 odi
1692 3466 1824 3519 illud
1873 3467 2034 3536 facio,

450 3555 688 3610 ostendit
732 3554 881 3625 quod
947 3553 1072 3608 licet
1124 3554 1360 3612 carnalis
1408 3556 1498 3622 sit,
1550 3565 1606 3611 et
1652 3557 1751 3611 sub
1815 3566 2038 3627 peccato

452 3647 811 3712 venundatus,
834 3645 926 3715 qui
958 3645 1074 3700 huic
1097 3645 1352 3714 loquitur,
1387 3655 1566 3702 tamen
1589 3651 1752 3702 etiam
1787 3651 2038 3705 resistere

451 3735 847 3806 aliquantulum
893 3735 1042 3789 vitiis
1083 3745 1327 3802 conetur,
1363 3737 1497 3808 legis
1525 3739 1730 3794 scilicet
1776 3740 2038 3794 naturalis

450 3827 742 3891 instinctu;
787 3827 878 3882 sed
925 3828 1175 3882 vincatur
1216 3843 1246 3882 α
1279 3829 1451 3896 vitiis,
1483 3839 1537 3884 et
1564 3831 1906 3900 Opprimatur
1953 3832 2034 3885 ia-

451 3921 614 3984 vitus,
649 3928 709 3979 ut
738 3934 880 3990 saepe
908 3920 1124 3985 accidit,
1172 3921 1322 3976 verbi
1352 3923 1558 3991 gratia,
1616 3938 1737 3977 cum
1789 3925 2038 3993 proponit

457 4015 580 4084 quis
603 4002 873 4094 patienter
900 4011 1047 4067 ferre
1075 4013 1418 4083 instigantem
1476 4028 1554 4079 se,
1580 4022 1634 4068 et
1682 4017 1749 4068 ad
1789 4014 2034 4068 ultimum

451 4107 688 4160 vincitur
713 4105 1022 4170 iracundia,
1056 4113 1106 4180 et
1137 4107 1342 4176 patitur
1382 4107 1483 4180 boc
1509 4108 1712 4163 invitus
1740 4126 1752 4162 :
1786 4108 2037 4163 irascitur

449 4214 580 4268 ergo
611 4213 734 4252 cum
767 4197 898 4252 nolit
927 4177 1108 4252 irasci.
1138 4197 1253 4254 Hoc
1285 4176 1422 4258 ideui
1454 4201 1618 4254 etiam
1646 4203 1854 4256 timoris
1906 4202 2036 4256 vitio

451 4286 696 4344 accidere
755 4287 891 4342 solet
920 4327 935 4353 ,
988 4296 1046 4341 ut
1108 4298 1295 4343 contra
1341 4289 1666 4345 voluntatem
1717 4293 1838 4361 quis
1889 4303 2035 4346 metu

451 4384 506 4432 et
540 4377 823 4433 formidine
859 4386 1147 4444 terreatur,
1182 4380 1282 4434 hoc
1317 4389 1372 4435 et
1400 4382 1452 4434 in
1483 4381 1716 4436 elatione
1756 4383 1920 4436 subiti
1949 4383 2035 4438 vel

452 4468 712 4537 inopinati
754 4467 975 4524 honoris
998 4484 1143 4545 saepe
1181 4472 1444 4541 contingit
1469 4480 1528 4526 ut
1553 4473 1892 4544 arrogantior
1921 4472 2032 4538 ﬁat,

449 4570 504 4616 et
529 4560 807 4624 tumidior,
836 4577 1000 4631 quam
1024 4562 1153 4616 vult.
1186 4564 1369 4634 (Aug)
1416 4565 1568 4630 Quod
1620 4566 1765 4618 enim
1819 4581 2031 4635 operor,

448 4653 545 4719 ait,
579 4654 789 4726 ignoro,
830 4656 954 4708 nam
977 4655 1055 4710 ita
1082 4655 1168 4709 hic
1199 4656 1399 4710 dictum
1422 4666 1524 4722 est,
1549 4658 1755 4728 ignoro,
1786 4661 1938 4727 quasi
1979 4677 2037 4716 se

450 4761 672 4815 peccare
713 4747 947 4801 nesciat:
984 4762 1108 4800 nam
1157 4749 1487 4802 contrarium
1533 4749 1639 4802 crit
1693 4751 1834 4819 quod
1863 4751 2031 4806 dixit:

454 4835 560 4891 Sed
594 4848 857 4905 peccatum
889 4846 942 4889 ut
973 4848 1220 4906 appareat
1252 4850 1543 4906 peccatum,
1571 4857 1661 4908 per
1692 4841 1879 4893 bonum
1910 4844 2036 4898 milii

449 4939 720 4998 cperatum
745 4938 820 4986 est
853 4927 1175 4993 morte'm;et
1211 4927 1341 4982 illud
1374 4931 1649 4998 superius:
1690 4931 1800 4985 Sed
1853 4951 2035 5003 pecca-

452 5031 562 5074 tum
613 5037 716 5073 non
765 5021 1006 5090 cognovi,
1057 5021 1157 5080 nisi
1207 5037 1298 5090 per
1326 5019 1506 5090 legem.
1563 5021 1844 5087 Quomolo
1891 5024 2033 5078 enim

453 5119 696 5180 apparet,
729 5116 822 5163 aut
851 5110 1120 5178 quomodo
1164 5110 1414 5179 cognovit
1468 5113 1608 5180 quod
1645 5112 1889 5182 ignorat?
1944 5115 2038 5169 sed

453 5201 529 5255 ita
561 5200 762 5254 dictum
804 5209 908 5264 est,
955 5200 1224 5267 quomodo
1269 5201 1512 5256 dicturus
1555 5211 1640 5255 est
1672 5203 1867 5271 impiis,
1917 5204 2038 5258 Non

454 5292 571 5346 novi
594 5307 679 5346 vos
710 5290 1062 5362 (Matt/nm).
1096 5290 1278 5360 Neque
1305 5293 1447 5346 enim
1476 5295 1672 5364 aliquid
1691 5297 1856 5350 Deum
1889 5297 2037 5362 latet,

455 5384 670 5454 quando
714 5381 883 5437 vultus
937 5382 1148 5436 Domini
1196 5393 1453 5453 estsuper
1494 5384 1740 5451 facientes
1770 5387 1934 5452 mala,
1983 5400 2040 5442 ut

453 5473 635 5544 perdat
669 5473 731 5527 de
768 5482 908 5526 terra
940 5475 1241 5526 memoriam
1277 5491 1454 5527 eorum
1487 5475 1657 5545 (Psal.
1679 5480 1877 5548 χχχιιι)
1904 5496 1917 5544 ;
1949 5479 2034 5533 vel

455 5574 603 5620 certe
648 5565 726 5619 sic
751 5565 962 5618 dictum»
981 5573 1069 5616 est
1117 5565 1216 5618 hoc
1247 5563 1383 5627 loco,
1430 5563 1584 5629 Quod
1613 5582 1796 5635 aperor
1833 5569 2032 5638 ignoro,

458 5667 517 5710 ut
541 5655 866 5725 intelligatur
891 5669 995 5708 non
1027 5655 1263 5723 approbo
1295 5674 1306 5707 :
1337 5656 1606 5724 quomodo
1633 5657 1772 5710 enim
1802 5660 2037 5715 tenebra:

460 5764 566 5802 non
606 5747 874 5811 videntur,
923 5745 1016 5801 sed
1070 5746 1203 5800 lucis
1252 5748 1650 5815 comparatione
1698 5749 2031 5816 sentiuntur;

462 5843 564 5895 hoc
596 5850 678 5896 est
699 5849 880 5896 autem
907 5839 1110 5895 sentire
1130 5841 1404 5903 tenebras,
1428 5841 1572 5907 quod
1591 5849 1673 5894 est
1700 5856 1806 5895 non
1829 5839 2012 5897 videre

2141 3383 2350 3445 peccet,
2385 3382 2546 3442 atque
2604 3373 2677 3427 ita
2723 3371 2937 3425 desinat
2965 3383 3086 3424 esse
3133 3369 3234 3422 sub
3262 3368 3402 3439 lege,
3468 3370 3563 3424 sed
3606 3386 3725 3424 cum

2138 3465 2255 3535 lege
2302 3465 2385 3520 vel
2431 3465 2484 3518 in
2527 3464 2662 3534 lege,
2703 3462 2934 3532 impleas
2959 3457 3077 3514 eam
3113 3460 3385 3516 cbaritate
3425 3460 3543 3525 Dei,
3588 3461 3730 3532 quod

2141 3560 2336 3613 timore
2381 3573 2487 3612 non
2513 3565 2746 3628 poterat.

2215 3651 2370 3705 Nunc
2419 3661 2592 3704 autem
2631 3652 2746 3721 jam
2795 3668 2897 3706 non
2924 3669 3016 3722 ego
3047 3668 3235 3722 operor
3263 3650 3426 3726 illud,
3470 3650 3560 3704 sed
3589 3647 3727 3718 quod

2138 3745 2336 3798 habitat
2369 3745 2424 3797 in
2455 3761 2534 3797 me
2559 3757 2846 3810 peccatum.
2883 3745 3081 3816 (Orig)
3111 3745 3175 3798 Et
3201 3746 3291 3799 hic
3321 3745 3542 3813 quidem
3592 3741 3726 3796 Pan-

2139 3837 2220 3890 lus
2244 3835 2474 3889 carnalis
2513 3834 2662 3898 dicit,
2695 3836 2818 3903 quia
2846 3837 2960 3905 jam
2985 3852 3088 3888 non
3120 3851 3210 3904 ego
3240 3851 3430 3905 aperor
3453 3833 3607 3896 illud,
3636 3832 3724 3884 sed

2134 3929 2272 3998 quod
2298 3927 2578 4006 habitat‘t'tt
2602 3943 2680 3980 me
2705 3939 2991 3996 peccatum.
3018 3927 3216 3981 Paulus
3242 3942 3371 3980 vero
3400 3925 3655 3996 spiritalis
3675 3925 3728 3978 in

2137 4021 2257 4074 aliis
2315 4019 2446 4073 dicit
2515 4019 2566 4091 (1
2603 4017 2726 4072 Cor.
2772 4018 2892 4089 xv):
2954 4017 3092 4084 Quia
3159 4018 3512 4084 abundantius
3575 4032 3727 4088 quam

2139 4127 2311 4165 omnes
2344 4110 2422 4162 illi
2451 4109 2718 4174 laborari;
2771 4126 2876 4163 non
2910 4126 3000 4179 ego
3028 4120 3221 4174 autem,
3267 4111 3357 4163 sed
3412 4110 3582 4179 gratia
3635 4107 3726 4161 Dei

2135 4219 2356 4256 mecum.
2409 4201 2478 4256 Ut
2501 4217 2631 4270 ergo
2664 4202 2764 4255 iste
2792 4200 3006 4254 labores
3039 4216 3163 4255 suos
3192 4216 3296 4254 non
3326 4201 3428 4254 sibi
3479 4201 3572 4254 sed
3603 4215 3724 4269 gra-

2138 4295 2223 4348 lia:
2272 4294 2366 4347 Dei
2403 4308 2521 4362 quae
2557 4293 2609 4346 in
2669 4293 2784 4361 ipso
2853 4291 3179 4361 operabatur
3235 4290 3461 4344 ascribit
3548 4289 3618 4342 ita
3673 4297 3725 4341 et

2138 4387 2224 4441 ille
2265 4387 2499 4442 carnalis
2539 4401 2704 4454 opera
2753 4401 2856 4440 non
2885 4386 3022 4440 bona
3053 4401 3160 4439 non
3200 4385 3323 4446 sibi,
3358 4384 3451 4438 sed
3485 4391 3719 4452 peccato,

2135 4479 2275 4546 quod
2305 4479 2358 4531 in
2395 4493 2453 4532 se
2479 4460 2686 4532 habitat
2721 4485 2774 4531 et
2817 4485 3093 4546 operatur,
3121 4484 3465 4530 anumnerat.
3501 4473 3719 4545 (Απιὺν.)

2130 4571 2264 4626 ideo
2298 4587 2426 4640 ergo
2451 4571 2600 4635 dicit,
2647 4587 2750 4623 non
2779 4571 2896 4638 jam
2931 4587 3022 4640 ego
3049 4586 3234 4640 operor
3262 4568 3419 4631 illud,
3452 4569 3541 4620 sed
3588 4567 3719 4635 quod

2136 4663 2342 4716 habitat
2392 4663 2444 4716 in
2478 4679 2556 4714 mc
2587 4671 2874 4730 peccatum.
2923 4661 3191 4727 Quoniam
3226 4660 3395 4730 legem
3424 4659 3561 4711 vidit
3595 4671 3716 4726 pro-

2142 4753 2329 4806 hibere
2367 4751 2507 4822 quod
2541 4752 2670 4821 agit,
2712 4762 2766 4805 et
2794 4752 3066 4806 consentit
3100 4766 3204 4804 non
3237 4750 3432 4803 debere
3492 4748 3628 4812 ﬁeri,
3659 4761 3718 4801 ac

2143 4860 2236 4912 per
2264 4846 2363 4898 hoc
2390 4842 2531 4898 aliud
2562 4857 2700 4905 esse,
2751 4839 2902 4908 cujus
2933 4841 3164 4910 impulsu
3195 4841 3309 4894 haec
3340 4839 3426 4909 agi
3467 4838 3714 4901 declarat,

2141 4935 2194 4988 id
2223 4943 2325 4998 est,
2358 4943 2658 5003 peceatum.
2687 4931 2972 4987 Peccatum
3002 4941 3181 4985 autem
3221 4931 3344 4985 ideo
3384 4945 3600 5000 semper
3619 4943 3713 4982 no-

2141 5025 2328 5088 minat,
2363 5041 2482 5079 cum
2514 5025 2718 5079 sciatur
2757 5023 3005 5078 diabolus
3033 5037 3152 5077 esse
3178 5039 3298 5076 cum
3331 5023 3535 5093 angelis
3579 5021 3714 5076 suis:

2145 5115 2270 5184 quia
2333 5114 2435 5168 nisi
2481 5122 2763 5184 peccasset
2791 5113 2999 5183 primus
3049 5113 3233 5176 homo,
3287 5113 3403 5166 haec
3437 5127 3542 5165 non
3594 5127 3714 5180 pro-

2143 5204 2419 5269 venirent;
2456 5219 2518 5258 ac
2544 5219 2640 5273 per
2680 5204 2779 5258 hoc
2807 5211 3087 5271 peccatum
3134 5209 3236 5266 est,
3266 5201 3408 5269 quod
3435 5216 3499 5255 ea
3543 5200 3716 5253 omnia

2145 5294 2290 5349 facit.

2217 5385 2338 5440 Scio
2369 5387 2504 5438 enim
2529 5387 2775 5456 quoniam
2805 5403 2906 5439 non
2950 5385 3150 5437 habitat
3177 5386 3232 5438 in
3261 5401 3358 5446 me,
3411 5385 3508 5436 hoc
3542 5393 3635 5446 est,
3665 5383 3715 5436 in

2145 5492 2299 5529 carne
2323 5493 2435 5529 mea
2459 5479 2668 5530 bonum.
2697 5476 2890 5547 (0rig.)
2924 5474 3168 5529 Nundum
3204 5475 3348 5528 enim
3378 5475 3526 5528 ineo
3567 5473 3716 5528 Chri-

2145 5577 2260 5622 stus
2301 5568 2586 5633 inhabitat,
2619 5582 2789 5637 neque
2835 5582 3032 5634 corpus
3063 5582 3178 5634 eius
3208 5565 3464 5633 templum
3489 5566 3582 5618 Dei
3607 5575 3712 5619 est:

2144 5669 2513 5715 verumtamen
2590 5675 2694 5714 non
2763 5674 3145 5728 usquequaque
3221 5658 3308 5712 hic
3388 5659 3543 5728 cujus
3602 5672 3716 5728 per-

2145 5766 2272 5804 sona
2303 5749 2638 5818 proponitur,
2672 5748 2877 5803 alienus
2903 5757 2984 5802 est
3010 5763 3040 5802 a
3073 5747 3251 5811 bonis,
3295 5747 3390 5801 sed
3445 5747 3715 5816 proposito

2143 5839 2358 5910 quidem
2385 5848 2439 5894 et
2476 5841 2748 5896 voluntate
2776 5841 2940 5906 ccepit
2965 5840 3105 5895 bona
3131 5839 3436 5903 requirere,
3483 5840 3712 5894 nonduin
