3960 6352
249 432 388 488 1429

780 426 1321 483 ENARRATIUNUM
1359 423 1424 478 IN
1461 422 1609 478 EPP.
1654 419 1840 475 PAULT

1924 418 2021 473 ΑΒ.
2062 418 2150 473 IV.
2190 447 2258 456 —
2295 415 2358 470 IN
2397 415 2611 471 EPIST.
2650 416 2739 469 AD
2778 412 2941 472 ROM.

3343 413 3484 473 1450

248 558 435 603 tamen
463 550 643 615 potest
666 546 809 595 bona
836 540 998 594 rebus
1028 547 1082 592 et
1135 538 1385 607 operibus
1413 537 1685 597 obtinere;
1735 542 1817 586 est
1846 532 1894 592 Λ
1920 531 2025 595 dia,
2059 538 2243 582 sancta
2276 526 2509 594 justitia,
2538 544 2657 599 qua:
2704 529 2881 582 omnia
2932 526 2985 580 in
3032 526 3274 596 apostolo
3319 526 3487 583 Paulo

246 638 395 693 enim
423 633 546 688 talis
573 631 816 702 quazdam
863 630 1154 683 inﬁrmitas
1178 629 1232 681 in
1272 627 1373 691 his,
1401 628 1491 697 qui
1524 627 1675 680 initia
1696 639 1823 678 cou-

244 722 571 782 versationis
604 721 872 794 accipiunt
896 728 949 774 et
984 736 1104 775 cum
1134 719 1261 772 velit
1291 719 1410 787 quis
1437 718 1618 773 statim
1644 716 1825 769 facere

247 830 407 871 omne
436 811 577 882 quod
626 812 825 865 bonum
870 819 976 874 est,
1006 826 1110 863 non
1152 809 1330 863 statim
1381 808 1707 862 voluntatem
1740 820 1821 859 sc-

246 915 445 977 quatur
487 903 729 959 effectus.
786 902 920 956 Nam
984 910 1038 956 et
1092 901 1380 956 meditatur
1431 902 1570 969 ame
1628 904 1823 953 semet-

248 999 445 1068 ipsum,
478 996 739 1059 decernit,
779 994 939 1049 verbi-
959 1009 1140 1057 causa,
1184 1003 1240 1047 ut
1288 1011 1390 1047 non
1443 994 1727 1054 irascatur,
1769 999 1825 1044 et

246 1088 351 1143 hoc
397 1088 455 1141 in
501 1086 771 1139 voluntate
819 1084 1025 1138 definit.
1066 1083 1169 1138 Sed
1204 1084 1455 1151 quoniam
1501 1083 1655 1151 longo
1698 1098 1817 1144 usu,

247 1188 306 1234 et
325 1177 710 1234 consuetudine
745 1176 975 1238 diutina,
1009 1175 1192 1228 vitium
1239 1175 1289 1226 in
1315 1188 1378 1226 eo
1412 1172 1700 1225 iracundia:
1723 1172 1820 1224 do-

250 1272 512 1325 minatum
544 1278 644 1331 est,
676 1268 904 1322 obsistat
942 1268 1103 1320 etiam
1138 1265 1401 1318 voluntati
1440 1273 1494 1318 et
1524 1265 1817 1332 proposito,

247 1375 314 1415 ac
354 1360 510 1413 solito
538 1358 637 1411 Silii
669 1372 763 1411 usa
793 1357 982 1409 itinere
1014 1356 1092 1409 vis
1114 1340 1311 1407 furoris
1341 1353 1592 1420 erumpit.
1622 1352 1822 1405 Simili-

252 1460 334 1503 ter
365 1451 473 1520 agit
504 1459 559 1503 et
588 1448 822 1503 libidinis
858 1449 1063 1501 vitium.
1092 1446 1213 1499 Peri
1243 1461 1455 1513 quoque
1482 1443 1822 1497 consuetudi-

252 1541 335 1594 nis
385 1541 596 1600 morbo,
627 1548 679 1593 et
718 1537 1050 1592 mendacium
1081 1537 1333 1604 subripit,
1374 1534 1603 1587 formido
1646 1534 1821 1588 deter-

250 1638 355 1694 rct,
383 1640 439 1684 et
464 1631 515 1683 in
546 1631 630 1683 his
656 1629 877 1700 singulis
908 1630 1009 1682 iste
1051 1628 1138 1695 qui
1164 1628 1277 1697 jam
1321 1626 1471 1679 initia
1515 1626 1824 1679 conversio-

250 1722 336 1775 nis
392 1722 605 1790 accipit,
666 1729 1036 1789 competenter
1084 1718 1239 1772 dicit:
1280 1718 1402 1787 quia
1452 1716 1576 1770 velle
1615 1718 1821 1786 adjacet

248 1814 398 1877 mihi,
460 1814 704 1881 perﬁcere
757 1822 928 1865 autem
980 1813 1168 1865 bonum
1222 1828 1324 1863 non
1381 1812 1608 1863 invenio.
1690 1809 1819 1862 Non

246 1904 385 1957 enim
412 1903 548 1974 quod
574 1902 687 1957 volo
716 1903 903 1957 bonum
918 1902 1025 1955 οιιοο
1056 1918 1173 1970 ago,
1210 1904 1300 1953 sed
1329 1901 1467 1969 quod
1494 1901 1580 1953 odi
1632 1899 1827 1969 malum

248 1993 384 2047 illud
425 1996 583 2062 facio.
620 1994 822 2065 (Amic)
858 1994 923 2046 Et
973 1993 1265 2047 notandum
1313 1994 1453 2061 quod
1508 2008 1613 2047 non
1675 1993 1824 2057 dicit,

246 2084 387 2139 sicut
423 2084 737 2154 quibusdam
779 2084 1009 2148 videtur,
1042 2099 1259 2137 carnem
1295 2084 1510 2148 malam,
1544 2084 1635 2138 sed
1685 2084 1826 2153 quod

245 2176 455 2230 habitat
478 2177 528 2229 in
558 2191 717 2230 carne
740 2191 845 2230 non
872 2190 991 2230 esse
1019 2176 1238 2237 bonum,
1266 2175 1357 2228 sed
1383 2190 1501 2229 esse
1520 2182 1823 2244 peccatum.

247 2265 528 2333 Quomodo
556 2267 765 2320 habitat
802 2267 857 2320 in
887 2282 1049 2320 carne
1095 2273 1397 2333 peccatum,
1427 2281 1548 2319 cum
1602 2281 1706 2320 non
1759 2267 1829 2319 sit

247 2358 548 2411 substantia
574 2357 665 2411 sed
692 2357 1058 2425 praevaricatio
1086 2356 1359 2428 [privatio]
1379 2356 1539 2409 boni?
1562 2355 1826 2422 Quoniam

244 2446 406 2515 primi
435 2447 667 2499 hominis
690 2460 884 2514 corpus
904 2456 1213 2515 corruptum
1242 2454 1321 2500 est
1345 2461 1441 2515 per
1464 2455 1743 2516 peccatum
1768 2455 1827 2499 ut

246 2538 415 2608 possit
440 2536 657 2591 dissolvi
678 2555 689 2589 :
717 2538 829 2604 ipsa
844 2537 1047 2605 peccati
1074 2538 1344 2605 corruptio
1359 2552 1456 2606 per
1468 2538 1825 2593 conditioucm

249 2626 559 2683 offensionis
589 2638 770 2681 manet
795 2628 849 2680 in
900 2642 1149 2696 corpore,
1206 2629 1369 2681 robur
1410 2638 1599 2682 tenens
1635 2628 1827 2683 divinae

249 2717 530 2771 sententiae
556 2718 694 2770 datae
737 2718 790 2770 in
818 2717 988 2770 Adam
1031 2718 1173 2787 quod
1219 2725 1301 2771 est
1348 2720 1558 2787 signum
1601 2721 1821 2779 diaboli.

246 2808 401 2877 cujus
441 2805 696 2859 instinctu
749 2806 1007 2874 peccavit.
1051 2804 1155 2859 Per
1203 2806 1254 2859 id
1297 2820 1425 2876 ergo
1487 2808 1629 2875 quod
1698 2808 1825 2864 facti

246 2912 409 2951 causa
440 2905 639 2957 manet,
670 2896 971 2947 inhabitare
1016 2896 1212 2949 dicitur
1236 2906 1517 2964 peccatum
1560 2898 1610 2951 in
1637 2914 1821 2964 carne,

248 2986 315 3041 ad
342 3002 503 3056 quam
524 2987 767 3041 diabolus
797 2988 1002 3042 accedit
1032 2989 1184 3057 quasi
1228 2990 1294 3044 ad
1334 3005 1485 3044 suam
1535 2991 1724 3061 legem,
1774 3004 1827 3047 et

248 3087 432 3134 manet
464 3079 616 3146 quasi
666 3078 719 3131 in
746 3087 968 3145 peccato
1020 3088 1322 3147 peccatum,
1374 3080 1499 3149 quia
1549 3096 1677 3135 caro
1711 3081 1825 3151 jam

1925 619 2147 688 ejusque
2172 619 2511 672 consortibus
2565 619 2634 671 ita
2663 617 2817 686 plena
2870 625 3032 686 atque
3065 617 3302 685 perfecta
3326 616 3489 673 fuisse

1925 726 2027 765 non
2070 710 2287 763 dubium
2316 718 2419 773 est,
2452 718 2509 762 ut
2556 710 2811 762 virtutum
2859 710 3055 777 potius,
3089 724 3247 779 quam
3303 712 3489 765 verbo—

1924 817 2041 855 rum
2077 799 2383 870 magisterio
2412 798 2479 851 ab
2500 799 2579 853 eis
2618 799 2802 869 religio
2828 799 3129 853 doceretur.
3178 791 3315 865 Quid
3348 798 3490 869 quod

1915 890 2028 961 jugi
2083 891 2432 945 ecclesiarum
2486 891 2723 943 omnium
2779 906 2925 953 cura,
2971 906 3033 944 ac
3083 890 3323 960 pervigili
3380 890 3489 943 sol-

1924 982 2198 1037 licitudine
2253 999 2467 1052 semper
2507 982 2682 1036 exusti
2737 983 3186 1051 sunt?quantum
3238 985 3337 1038 hoc
3389 984 3490 1037 mi-

1925 1076 2227 1129 sericordire
2261 1075 2495 1129 bonum?
2525 1083 2723 1143 quanta
2758 1072 3019 1142 perfectio
3062 1083 3161 1139 est,
3190 1089 3288 1143 pro
3328 1088 3491 1129 scan-

1925 1167 2275 1223 dalizautibus
2303 1170 2401 1231 uri,
2430 1185 2551 1223 cum
2583 1170 2979 1222 inﬁrmantibus
3009 1169 3305 1222 infirmari?
3355 1168 3489 1224 Cum

1923 1272 2051 1327 ergo
2080 1260 2242 1312 tantis
2272 1248 2568 1327 Apostolus.
2592 1258 2941 1311 abundaverit
2970 1258 3144 1320 donis,
3185 1259 3311 1335 quid
3361 1258 3491 1311 illud

1923 1357 2005 1403 est
2033 1350 2156 1403 boni
2203 1349 2351 1416 cuius
2382 1349 2711 1419 perfectione
2757 1350 3011 1411 caruerit,
3047 1364 3151 1402 non
3202 1349 3496 1417 poterimus

1924 1463 2232 1517 agnoscere,
2260 1446 2362 1500 nisi
2389 1447 2438 1499 in
2465 1445 2875 1515 illum,quoipse
2892 1447 3094 1499 locutus
3107 1452 3187 1499 est
3208 1443 3499 1512 profeceri-

1924 1557 2043 1594 mus
2072 1538 2337 1591 allectum.
2376 1536 2574 1591 Omnes
2603 1537 2780 1604 itaque
2812 1552 2943 1604 quas
2972 1535 3201 1589 diximus
3247 1550 3369 1587 eum
3407 1533 3499 1586 ha-

1924 1630 2103 1685 buisse
2120 1629 2369 1701 virtutes,
2384 1628 2628 1694 quamvis
2646 1625 2789 1679 velut
2809 1640 3029 1693 gemma‘
3056 1624 3497 1693 spleanlidissimre

1874 1732 1884 1740 '
1928 1737 1991 1774 ac
2017 1720 2267 1787 pretiosa:
2284 1717 2412 1779 sint,
2434 1726 2608 1769 tamen
2633 1716 2675 1769 si
2694 1714 2951 1784 pneclaro
2969 1715 3038 1767 illi
3060 1724 3215 1783 atque
3230 1714 3497 1784 praecipuo

1930 1810 2244 1878 margarito,
2283 1810 2422 1875 quod
2453 1807 2541 1861 ille
2591 1808 2933 1877 evangolicus
2980 1810 3274 1874 negotiator
3326 1807 3500 1875 inqui-

1857 1878 1903 1938 Β
1932 1916 2078 1963 rens,
2133 1899 2394 1952 universis
2456 1914 2575 1967 quae
2624 1899 2861 1966 possedit
2890 1899 3141 1961 venditis,
3184 1913 3497 1967 comparare

1929 1990 2217 2055 desiderat,
2249 1988 2576 2051 conferatur,
2605 1989 2675 2041 ita
2709 2006 2891 2041 eorum
2924 1989 3175 2043 meritum
3230 1988 3497 2041 revilescit

1927 2092 2086 2151 atque
2112 2081 2494 2143 contemnitur,
2516 2089 2573 2133 ut
2601 2081 2680 2134 eis
2708 2080 2822 2132 sine
2860 2081 3200 2135 cunctatione
3227 2080 3501 2139 distractis

1926 2173 2084 2226 unius
2144 2180 2347 2225 tantum
2402 2171 2524 2224 boni
2580 2170 2842 2239 possessio
2890 2170 3175 2239 locupletet
3229 2172 3491 2226 bonorum

1926 2260 2394 2315 innumerabilium
2434 2260 2782 2314 venditorem.
2828 2260 2964 2324 Quid
3012 2276 3139 2330 ergo
3179 2270 3261 2314 est
3312 2277 3496 2322 unum,

1926 2357 2066 2426 quod
2112 2355 2214 2409 illis
2246 2354 2411 2407 tantis
2460 2362 2674 2422 tamque
2714 2353 3007 2406 innumeris
3058 2354 3209 2408 bonis
3252 2362 3361 2407 tam
3412 2354 3497 2408 in-

1927 2447 2363 2519 comparabiliter
2404 2456 2767 2515 pricponatur,
2826 2454 2882 2499 ut
2928 2447 3120 2513 spretis
3162 2446 3498 2515 abiectisque

1926 2541 2186 2600 omnibus,
2224 2539 2392 2592 solum
2423 2538 2609 2591 debeat
2639 2537 2933 2606 possideri?
2959 2537 3219 2590 Nimirum
3262 2538 3345 2591 illa
3366 2554 3495 2607 pars

1927 2632 2148 2701 optima,
2222 2630 2374 2696 cujus
2448 2626 2899 2697 magnificentiam
2960 2642 3026 2682 ac
3080 2628 3498 2695 perpetuitatem

1924 2740 2068 2785 cum,
2105 2721 2291 2775 relicto
2341 2720 2699 2788 susceptinnis
2757 2728 2916 2789 atque
2990 2719 3342 2775 immanitatis
3383 2720 3496 2775 olli-

1924 2814 2031 2875 cio,
2076 2811 2239 2865 Maria
2294 2811 2669 2880 pneelcgissct.
2710 2812 2777 2863 ita
2826 2810 3197 2880 prmdicatura
3242 2813 3495 2868 Domino:

1926 2901 2154 2964 Martha.
2190 2902 2420 2967 Mart/in,
2451 2903 2669 2956 sollicita
2696 2920 2770 2966 es,
2796 2916 2841 2955 et
2880 2903 3105 2955 turbaris
3130 2904 3266 2956 circa
3310 2905 3498 2969 multa,

1925 2997 2104 3064 paucis
2150 3012 2265 3048 vero
2297 3012 2424 3063 opus
2453 3005 2543 3056 est,
2590 3006 2677 3047 aut
2720 2996 2877 3047 etiam
2910 3012 3035 3048 uno.
3104 2995 3272 3048 Maria
3315 2996 3499 3050 bonum

1929 3083 2219 3167 [optimum]
2234 3095 2433 3152 partem
2454 3084 2620 3153 elegit,
2640 3100 2757 3154 qua’
2783 3101 2885 3139 non
2903 3084 3244 3153 aufereturab
3268 3104 3327 3140 ea
3348 3087 3495 3156 (Luc.

244 3168 452 3239 peccati
471 3176 646 3233 est,ut
664 3167 891 3238 decipiat
913 3170 1177 3223 hominem
1200 3171 1625 3239 suggestionibus
1648 3173 1821 3237 malis,
1847 3224 1894 3247 τ,
1928 3181 2005 3239 x).
2032 3174 2143 3228 Una
2166 3190 2293 3245 ergo
2321 3184 2373 3230 et
2401 3174 2511 3230 sola
2540 3184 2623 3228 est
2656 3175 2883 3237 theoria,
2911 3175 2961 3228 id
2986 3185 3091 3237 est,
3121 3176 3499 3247 contemplatio

248 3275 337 3315 ue.
358 3261 524 3315 homo
550 3258 710 3313 faciat
738 3259 877 3327 quod
907 3261 1143 3329 praecipit
1163 3260 1267 3314 lex.
1300 3260 1443 3315 Nam
1465 3259 1589 3315 velle
1613 3263 1816 3332 adjuvet

248 3355 397 3408 mihi.
428 3356 561 3408 Tam
594 3356 730 3409 bona
768 3356 983 3419 asserit,
1014 3371 1131 3424 quae
1159 3355 1314 3424 jubet
1350 3356 1436 3411 lex
1468 3366 1526 3409 ut
1552 3356 1814 3410 naturali-

250 3454 331 3501 ter
352 3447 451 3501 sibi
482 3446 694 3515 placere
710 3446 923 3501 dicatet
948 3446 1074 3500 velit
1102 3430 1297 3501 facere.
1334 3446 1590 3514 Per/icere
1637 3457 1812 3500 autem

248 3536 439 3591 bonum
481 3555 582 3592 non
616 3538 856 3591 invenio:
906 3548 958 3592 et
1006 3540 1183 3608 placet
1211 3554 1336 3609 ergo
1366 3539 1508 3609 quod
1537 3554 1566 3591 a
1598 3538 1716 3610 lege
1733 3539 1817 3606 ju-

245 3634 425 3697 betur,
455 3642 509 3685 et
556 3631 802 3687 voluntas
841 3640 924 3687 est
960 3631 1208 3697 faciendi,
1277 3634 1371 3687 sed
1400 3642 1460 3687 ut
1513 3632 1816 3701 impleatur,

245 3732 487 3795 potestas
521 3732 573 3777 et
597 3723 769 3777 virtus
804 3724 982 3788 deest;
1029 3724 1151 3793 quia
1205 3724 1283 3779 sic
1332 3739 1551 3793 pressus
1594 3734 1677 3779 est
1725 3740 1820 3794 po-

248 3824 443 3870 testate
489 3814 712 3882 peccati,
763 3824 951 3867 utnon
1015 3816 1178 3884 possit
1222 3816 1300 3870 ire
1339 3830 1445 3883 quo
1471 3815 1607 3880 vult,
1644 3831 1819 3893 neque

250 3904 429 3959 valeat
479 3903 871 3967 contradicere,
927 3905 1051 3973 quia
1103 3905 1382 3973 potestatis
1413 3904 1527 3973 ejus
1576 3905 1710 3960 alter
1738 3916 1821 3961 est

250 3996 529 4050 Dominus.
580 3993 749 4047 Homo
778 3995 921 4047 enim
961 3993 1071 4061 jam
1123 3996 1509 4049 consuetudine
1562 3996 1817 4066 peccandi

247 4094 523 4155 gravatur,
563 4092 615 4137 et
647 4082 856 4139 facilius
884 4085 1184 4139 succumbit
1224 4093 1466 4153 peccato,
1493 4100 1654 4154 quam
1692 4086 1816 4154 legi,

248 4189 410 4243 quam
468 4174 570 4227 scit
609 4173 745 4227 bona
790 4174 1012 4237 docere;
1042 4184 1114 4227 ‘ac
1164 4174 1206 4228 si
1250 4173 1378 4227 velit
1426 4172 1566 4246 bona
1618 4174 1816 4238 facere,

246 4265 446 4336 premit
478 4264 621 4317 illum
647 4265 978 4318 consuetudo
1010 4304 1022 4328 ,
1058 4258 1301 4332 adjutore
1341 4263 1574 4319 inimico.
1616 4261 1818 4335 (αι-ορ.)

248 4354 386 4410 Hinc
413 4356 466 4408 in
495 4353 594 4409 Job
617 4355 959 4423 itascriptum
990 4363 1071 4409 est
1096 4355 1235 4426 (Job.
1259 4356 1483 4425 XXXVIII)
1511 4373 1522 4407 :
1558 4354 1634 4408 De
1669 4356 1819 4425 cujus

245 4457 397 4501 utero
436 4463 639 4516 egressa
684 4456 757 4499 est
778 4446 966 4515 glacies
986 4447 1011 4500 .9
1029 4457 1077 4500 et
1110 4447 1225 4517 gelu
1253 4448 1315 4500 de
1337 4446 1461 4500 caelo
1474 4448 1589 4516 quis
1610 4448 1823 4516 genuit?

1847 3224 1894 3285 ἴ]

1924 3264 2039 3327 Dei,
2068 3267 2150 3320 cui
2179 3264 2561 3318 meritoomnia
2583 3264 3022 3333 justiﬁcationum
3051 3266 3257 3329 merita,
3282 3266 3498 3320 univer-

1922 3372 1980 3411 sa
2015 3358 2271 3409 virtutum
2296 3354 2472 3408 studia
2510 3363 2926 3423 postponuntur,
2950 3363 3004 3406 et
3032 3353 3117 3406 illa
3143 3354 3357 3420 quidem
3380 3369 3496 3409 om-

1919 3448 2007 3501 nia
2025 3446 2145 3516 quae‘
2159 3446 2211 3499 in
2239 3444 2482 3515 apostolo
2507 3443 2672 3498 Paulo
2689 3444 2902 3499 fulsisse
2919 3444 3260 3512 przediximus
3282 3452 3387 3499 nun
3409 3460 3498 3499 so—

1920 3536 2029 3588 lum
2062 3537 2200 3590 bona
2227 3543 2281 3590 et
2307 3534 2477 3595 utilia,
2503 3534 2850 3587 verumetiam
2867 3548 3055 3602 magna
3070 3534 3495 3603 atqueprteclara

1922 3638 2065 3680 sunt.
2098 3624 2203 3678 Sed
2229 3626 2387 3688 sicut,
2419 3624 2565 3677 verbi
2594 3623 2784 3692 gratia,
2816 3624 2991 3677 stanni
3026 3623 3317 3687 metallum,
3356 3627 3496 3693 quod

1923 3716 2145 3783 alicujus
2169 3715 2414 3769 utilitatis
2428 3715 2676 3784 etgraticc
2702 3716 3013 3783 putabatur,
3056 3713 3114 3767 lit
3137 3715 3341 3785 argenti
3366 3731 3497 3769 con-

1923 3806 2262 3876 templatione
2285 3805 2635 3868 vilissimum;
2661 3814 2715 3857 et
2735 3819 2944 3858 rursum
2968 3804 3079 3856 auri
3102 3806 3497 3874 comparatione

1921 3900 2171 3954 meritum
2199 3897 2510 3951 evannescit
2560 3896 2785 3964 argenti,
2840 3908 3025 3948 aurum
3058 3897 3493 3965 quoque'ipsum

1922 4008 2252 4064 gemmarum
2273 3990 2558 4044 collatione
2580 3989 2959 4052 contemnitur,
2975 3996 3025 4043 et
3049 3988 3158 4058 ipsa
3169 4004 3283 4043 rum
3307 3990 3497 4046 nihilo-

1923 4082 2101 4136 minus
2117 4080 2361 4149 quamvis
2384 4078 2669 4145 insignium
2690 4078 2970 4132 multitudo
2987 4093 3314 4147 gemmarum
3339 4080 3497 4134 unius

1922 4171 2226 4242 margaritae
2240 4171 2471 4224 candore
2483 4177 2797 4237 superatur:
2828 4174 2901 4221 ita
2925 4178 2979 4222 et
2997 4168 3083 4221 illa
3099 4169 3278 4222 omnia
3302 4169 3491 4223 merita

1923 4260 2245 4322 sanctitatis,
2278 4258 2523 4327 quamvis
2558 4273 2661 4310 non
2699 4256 2868 4310 solum
2910 4257 2973 4309 ad
3009 4270 3246 4324 prazsens
3278 4258 3414 4310 bona
3442 4266 3495 4312 et

1922 4350 2071 4404 utilia
2099 4350 2225 4412 sint,
2241 4346 2595 4401 verumetiam
2619 4345 2819 4400 donum
2846 4346 3166 4400 aeternitatis
3192 4346 3487 4413 acquirant,

1924 4449 2101 4493 tamen
2146 4438 2190 4492 si
2231 4436 2424 4489 divinae
2466 4434 2939 4504 contemplationis
2983 4434 3188 4488 meritis
3212 4434 3494 4489 conferan-

248 4538 409 4594 Unde
446 4545 500 4591 et
543 4536 753 4600 Paulus,
795 4538 969 4591 infusa
1018 4538 1266 4593 videlicet
1309 4547 1468 4602 terra,
1504 4547 1702 4608 quanta
1740 4539 1821 4593 di—
1846 4561 1898 4619 Β
1927 4542 2031 4596 tur,
2052 4530 2173 4584 vilia
2188 4524 3092 4597 atque,utitadixerim,vendibilia
3108 4525 3488 4577 censebuntur.

247 4628 488 4697 sciplince
509 4628 678 4695 glacie
696 4638 973 4697 prematur
996 4628 1111 4700 (ait)
1137 4646 1147 4680 :
1174 4627 1297 4681 velle
1312 4628 1517 4697 adjacet
1536 4628 1682 4691 mihi,
1704 4645 1821 4697 per-

247 4719 406 4789 ﬁcere
461 4728 632 4770 autem
674 4718 865 4772 bonum
908 4735 1009 4772 non
1040 4720 1259 4773 invenio.
1292 4719 1394 4785 Qui
1432 4719 1573 4772 enim
1608 4718 1743 4773 velle
1767 4734 1824 4773 se

248 4809 450 4865 habere
482 4809 693 4873 asserit,
718 4808 829 4875 jam
868 4823 961 4877 per
990 4810 1306 4863 inlusionem
1336 4810 1520 4880 gratiae
1544 4824 1662 4878 qua:
1692 4809 1744 4863 in
1767 4825 1827 4863 se

250 4900 455 4953 lateant
504 4897 706 4951 semina
742 4898 992 4951 ostendit.
1067 4898 1170 4951 Sed
1191 4900 1316 4951 dum
1345 4897 1602 4967 perlicere
1622 4896 1821 4951 bonum

250 5007 361 5046 non
396 4991 616 5051 invenit,
653 4989 890 5057 profecto
913 4988 1111 5047 indicat
1153 4998 1353 5058 quanta
1380 4988 1525 5041 illum
1548 4989 1825 5057 dispensa-

251 5083 418 5138 tionis
439 5097 680 5152 superna:
692 5079 889 5151 glacies
912 5089 1135 5148 premat.
1162 5078 1445 5151 (Cassium)
1464 5079 1822 5145 Quamobrem

252 5175 386 5241 quid
417 5174 486 5226 sit
534 5172 902 5243 principaliter
947 5171 1165 5233 bonum,
1206 5171 1342 5244 quod
1394 5170 1679 5238 Apostolus
1717 5187 1822 5225 non

251 5264 491 5337 potuerit
519 5270 795 5333 perlicere,
814 5280 933 5319 cum
948 5264 1125 5329 vellet,
1153 5249 1457 5333 diligentius
1488 5264 1820 5335 indagemus;

254 5354 425 5412 multa
452 5354 591 5409 enim
623 5356 869 5409 novimus
910 5355 1070 5417 bona,
1097 5368 1215 5421 qum
1246 5353 1461 5407 beatum
1510 5352 1823 5422 Apostolum

254 5460 551 5515 omnesque
582 5444 721 5499 illius
764 5444 941 5499 meriti
978 5444 1120 5497 viros
1151 5452 1204 5497 et
1240 5442 1489 5497 habuisse
1533 5459 1629 5512 per
1671 5451 1825 5497 natu—

254 5550 375 5591 ram
415 5544 469 5591 et
502 5534 795 5604 acquisisse
830 5550 927 5603 per
953 5534 1181 5603 gratiam
1228 5546 1423 5600 negare
1477 5548 1583 5586 non
1633 5548 1823 5601 possu-

257 5641 406 5681 mus:
439 5635 522 5681 est
547 5625 743 5680 etenim
788 5625 924 5679 bona
962 5623 1203 5687 castitas,
1235 5621 1514 5675 laudabilis
1547 5622 1826 5676 continen-

261 5716 359 5780 tia,
412 5716 656 5769 miranda
693 5713 996 5784 prudentia,
1050 5712 1194 5783 larga
1237 5711 1564 5775 humanitas,
1594 5714 1825 5767 circum-

256 5819 439 5881 specta
458 5810 744 5875 sobrietas,
770 5806 1006 5862 modesta
1030 5803 1406 5875 temperantia,
1422 5804 1507 5873 pia
1524 5804 1825 5861 misericor-

2002 4624 2125 4678 Non
2158 4625 2294 4677 enim
2329 4622 2467 4691 quod
2516 4619 2628 4673 volo
2675 4619 2815 4686 facio
2861 4619 3071 4682 bonum,
3094 4619 3182 4671 sed
3210 4619 3346 4688 quod
3373 4619 3491 4672 nolo

1928 4720 2123 4775 malum
2166 4720 2262 4771 hoc
2291 4732 2407 4785 ago.
2445 4712 2677 4785 (Arnim)
2714 4711 2866 4782 Stepe
2896 4712 3090 4782 repetit
3120 4719 3176 4765 ut
3214 4710 3487 4765 dilucidet.

1928 4814 2040 4867 Hoc
2068 4825 2195 4880 ergo
2210 4803 2443 4877 estqu'od
2473 4820 2633 4875 supra
2668 4805 2867 4859 dictum
2892 4812 2992 4863 est,
3018 4804 3137 4870 quia
3163 4810 3221 4854 ut
3252 4802 3494 4871 captivus

1927 4918 2022 4973 per
2048 4899 2382 4970 supradictas
2402 4911 2597 4951 causas
2621 4894 2745 4948 illud
2768 4894 2975 4960 cogitur
3006 4890 3182 4945 facere
3210 4891 3351 4959 quod
3380 4890 3496 4943 vult

1927 4999 2227 5061 peccatum.
2257 4986 2405 5053 Quod
2438 4986 2482 5039 si
2502 4984 2762 5050 judicium
2787 4983 2850 5037 de
2879 4982 3018 5035 bono
3043 4982 3205 5036 habet
3229 4979 3487 5037 voluntas,

1927 5082 2255 5138 consuetudo
2283 5086 2456 5133 autem
2486 5075 2783 5130 carnalium
2807 5073 3087 5136 vitiorum,
3119 5087 3237 5141 qua:
3263 5070 3345 5125 lex
3376 5086 3494 5124 car-

1926 5175 2028 5237 nis,
2075 5171 2157 5227 vel
2204 5171 2287 5224 lex
2330 5168 2688 5223 membrorum
2726 5165 2983 5237 appellata
3029 5172 3110 5218 est
3162 5162 3392 5226 obsistit,
3440 5171 3493 5214 et

1927 5264 2153 5332 subripit
2195 5278 2260 5317 ex
2315 5276 2379 5322 eo
2428 5261 2569 5329 quod
2616 5260 2738 5313 boni
2792 5257 3121 5311 voluntatem
3166 5268 3297 5325 gero
3324 5294 3338 5318 ,
3370 5254 3492 5308 licet

1930 5356 2080 5423 again
2116 5351 2250 5405 mala
2278 5390 2290 5413 ,
2336 5357 2515 5403 tamen
2546 5364 2663 5417 quae
2693 5346 2891 5400 invitus
2918 5358 3046 5414 ago,
3080 5341 3359 5397 consentio
3389 5341 3491 5410 legi

1930 5444 2045 5504 Dei.
2077 5444 2199 5511 quia
2235 5441 2372 5494 bona
2402 5453 2483 5494 est
2512 5459 2523 5493 :
2555 5439 2693 5491 odivi
2736 5437 2879 5491 enim
2906 5435 3041 5489 mala
3073 5443 3127 5489 et
3155 5433 3311 5503 cupio
3331 5445 3492 5500 agere

1928 5532 2047 5601 qua:
2074 5531 2158 5583 lex
2182 5529 2331 5597 jubet
2357 5530 2515 5582 bona.
2551 5527 2701 5593 Quod
2725 5526 2768 5579 si
2790 5532 2975 5579 contra
3000 5523 3327 5577 voluntatem
3351 5518 3492 5571 mala

1926 5638 2025 5692 ago
2050 5622 2222 5675 victus
2250 5617 2631 5674 consuetudine
2670 5616 2919 5669 vitiorum
2965 5628 3173 5682 usuque
3210 5607 3488 5691 peccandi,

1924 5731 2030 5769 non
2072 5714 2182 5782 jam
2227 5728 2323 5782 ego
2346 5752 2361 5775 ,
2408 5711 2511 5763 huc
2537 5717 2618 5763 est
2648 5708 2868 5761 interior
2893 5706 3054 5760 homo
3081 5744 3095 5766 ,
3121 5702 3261 5771 quod
3290 5700 3492 5752 bonum

1921 5808 2045 5862 volo
2077 5808 2179 5861 hoc
2208 5802 2368 5867 facio,
2400 5801 2490 5856 sed
2518 5799 2660 5869 quod
2690 5798 2892 5852 habitat
2934 5796 2987 5849 in
3027 5808 3119 5849 me
3166 5796 3441 5861 peccatum
3475 5802 3491 5850 ;
