3960 6358
430 370 562 427 ωδι

1072 370 1130 422 Β.
1173 368 1427 423 RABANI
1464 367 1683 424 MAURI
1718 366 2037 423 ARCHlEP.
2081 368 2386 425 MOGUN'I‘.
2416 372 2702 430 OPERUM
2738 373 2915 429 PARS
2952 375 3039 430 Ill.

3562 377 3715 433 ηεξ

427 480 867 538 consuetudinem
922 494 1155 548 namque
1197 479 1452 551 peccandi
1492 487 1775 547 peccatum
1826 480 2003 534 nomi-
2030 482 2082 541 Α
2106 483 2374 551 quomodo
2403 486 2597 553 agebat
2624 488 2766 556 quod
2794 486 3013 543 nolebat
3054 488 3288 556 malum,
3337 498 3395 546 et
3422 492 3723 562 quomodo

429 572 577 626 navit
608 589 621 624 :
650 570 708 625 Si
748 580 923 624 autem
968 569 1108 640 quod
1135 570 1254 624 nolo
1281 571 1378 622 hoc
1415 569 1556 638 facio
1588 609 1603 634 ,
1638 569 1752 637 jam
1785 585 1891 622 non
1919 586 2011 638 ego

427 676 613 726 operor
638 659 793 724 illud,
816 658 906 713 sed
922 660 1060 729 quod
1083 660 1283 713 habitat
1306 661 1360 713 in
1386 676 1467 713 nte
1489 670 1779 743 pefcatum.
1797 658 2010 731 (Amb.)

425 750 540 805 Hoc
566 757 648 805 est
678 748 820 819 quod
850 763 1011 820 supra
1036 747 1150 816 jam
1177 748 1520 813 memoravit,
1559 749 1684 818 quia
1712 762 1932 818 pressus
1958 756 2014 802 et

423 838 741 909 subjugatus
784 849 1006 909 peccato
1033 878 1048 901 ,
1083 853 1191 891 non
1233 853 1387 892 suam
1412 878 1427 903 ,
1477 838 1571 892 sed
1606 837 1749 892 illius
1800 836 2012 906 perficit

422 928 772 1003 voluntatem.
828 927 1084 999 Nunquid
1134 929 1261 999 quia
1288 929 1520 984 invitum
1572 929 1845 983 hominem
1882 929 2013 983 dicit

422 1039 666 1095 peccare,
718 1025 973 1079 immunis
994 1025 1155 1081 debet
1189 1025 1360 1079 videri
1398 1039 1430 1077 a
1474 1024 1722 1089 crimine,
1754 1024 1880 1094 quia
1909 1024 2013 1079 hoc

422 1118 534 1187 agit
560 1116 702 1187 quod
732 1132 839 1171 non
865 1117 999 1182 vult,
1055 1131 1275 1186 pressus
1312 1116 1366 1169 vi
1404 1116 1733 1185 potestatis?
1765 1131 1871 1171 non
1900 1117 2009 1171 uti-

420 1221 563 1276 que;
602 1207 770 1278 ipsius
810 1208 955 1261 enim
982 1207 1136 1271 vitio,
1163 1214 1219 1262 et
1244 1206 1449 1262 desidia
1490 1208 1607 1261 hinc
1650 1216 1827 1277 coepta
1863 1215 2007 1262 sunt.

421 1296 558 1365 Quia
578 1298 722 1353 enim
752 1298 1081 1367 mancipavit
1109 1312 1168 1353 se
1191 1313 1287 1368 per
1316 1312 1597 1351 assensum
1622 1305 1870 1367 peccato,
1887 1296 2012 1365 jure

422 1390 566 1445 illius
590 1388 919 1445 dominatur.
951 1390 1190 1445 Primum
1222 1389 1368 1445 enim
1395 1391 1605 1454 suadet,
1634 1398 1693 1443 ut
1718 1389 1862 1444 victo
1897 1389 2009 1458 jam

422 1482 750 1539 dominetur.
784 1480 1073 1551 Apostolus
1097 1491 1275 1535 autem
1309 1490 1367 1534 ut
1394 1481 1621 1550 gratiam
1663 1479 1759 1534 Dei
1786 1478 2008 1544 referat,

421 1573 538 1628 hac
569 1573 810 1643 exponit,
836 1572 901 1625 de
928 1571 1146 1641 quantis
1170 1571 1325 1625 malis
1355 1570 1627 1625 hominem
1654 1568 1964 1624 liberaverit
1994 1610 2009 1634 ,

422 1671 482 1717 ut
507 1677 626 1731 quae
642 1662 809 1716 exitia
833 1676 900 1715 ex
930 1660 1101 1714 Adam
1128 1660 1313 1722 trahit,
1342 1674 1463 1728 quae
1486 1673 1616 1714 vero
1634 1658 1897 1714 beneﬁcia
1914 1673 2014 1727 per

420 1751 699 1808 Christum
744 1758 1071 1807 consecutus
1117 1760 1225 1812 est,
1266 1760 1324 1804 ut
1353 1751 1439 1805 cui
1470 1764 1571 1805 nec
1599 1749 1687 1804 lex
1717 1750 2008 1805 subvenire

2116 574 2226 642 ipse
2252 574 2380 629 illud
2409 592 2511 629 non
2545 575 2756 645 agebat,
2788 578 2883 633 sed
2909 578 3054 649 quod
3081 579 3288 635 habitat
3330 580 3388 636 in
3430 581 3526 637 illo
3576 596 3720 651 pec-

2113 666 2329 718 catum?
2363 665 2659 736 Utrumque
2688 668 2834 723 enim
2864 669 3000 723 dixit
3025 678 3081 723 et
3110 685 3215 724 non
3237 672 3379 741 quod
3415 671 3539 725 volo
3578 688 3713 741 ago,

2111 764 2158 807 et
2191 771 2294 807 non
2323 772 2414 825 ego
2442 773 2625 825 operor
2652 757 2787 816 illud
2807 799 2822 823 ,
2860 758 2953 813 sed
2988 760 3127 831 quod
3154 760 3355 814 habitat
3383 763 3441 815 in
3467 778 3552 815 me
3573 779 3713 831 pec-

2111 856 2305 900 catum.
2336 847 2489 902 Unde
2526 849 2827 920 intelligere
2866 851 3125 906 debemus
3162 854 3380 919 quando
3406 861 3711 921 peccatum

2112 940 2256 1007 quod
2292 939 2497 994 habitat
2545 941 2598 994 in
2643 943 2798 998 nobis
2824 954 3082 1013 operatur
3121 945 3174 999 in
3203 946 3381 1010 nobis,
3415 953 3551 1000 tunc
3598 960 3712 999 nos

2110 1030 2164 1083 id
2205 1045 2311 1083 non
2360 1032 2615 1099 operari,
2644 1030 2884 1102 ‘quando
2933 1050 3273 1104 nequaquam
3326 1037 3377 1090 ei
3445 1034 3713 1090 voluntas

2112 1128 2296 1174 nostra
2330 1123 2634 1181 consentit.
2670 1134 2724 1177 et
2751 1132 2897 1178 tenet
2937 1125 3099 1180 etiam
3158 1127 3403 1196 corporis
3452 1123 3710 1180 membra

2113 1228 2180 1267 ne
2213 1214 2467 1269 obediant
2496 1215 2775 1270 desideriis
2796 1216 2932 1286 ejus,
2956 1217 3087 1285 quid
3115 1217 3261 1271 enim
3282 1228 3546 1287 cperatur
3568 1232 3709 1286 pec-

2112 1314 2295 1358 catum
2344 1304 2652 1359 nolentibus
2681 1304 2839 1361 nobis
2860 1307 2967 1361 nisi
3006 1307 3175 1362 solum
3208 1308 3353 1363 licita
3382 1308 3661 1363 desideria
3690 1347 3707 1371 ,

2112 1395 2309 1462 quibus
2336 1395 2380 1448 si
2406 1394 2701 1449 voluntatis
2725 1411 2833 1450 non
2860 1397 3183 1452 adhibeatur
3209 1413 3491 1463 assensus,
3518 1412 3709 1451 move—

2115 1494 2205 1539 tur
2232 1486 2447 1553 quidem
2492 1485 2776 1539 nonnullus
2807 1484 3053 1551 aﬁ‘ectus,
3083 1488 3175 1541 sed
3205 1488 3384 1542 nullus
3413 1488 3463 1541 ei
3491 1487 3710 1541 relaxa-

2115 1582 2203 1627 tur
2226 1573 2468 1629 eﬁ‘ectus.
2504 1574 2703 1629 Motum
2750 1590 2914 1645 porro
2946 1576 3115 1629 illiciti
3145 1577 3399 1631 desiderii
3449 1578 3537 1632 cui
3590 1591 3705 1631 non

2115 1665 2417 1721 obediendo
2450 1682 2557 1720 non
2602 1667 2654 1720 id
2688 1683 2784 1721 nos
2833 1684 3151 1737 operamur,
3180 1668 3303 1723 ideo
3329 1678 3387 1722 et
3414 1683 3511 1722 nos
3538 1682 3706 1739 agere

2117 1758 2366 1823 dicimur,
2392 1759 2519 1828 quia
2546 1773 2653 1812 non
2683 1767 3003 1812 estnatura:
3030 1760 3183 1830 vigor
3211 1759 3421 1821 aliena,
3457 1760 3549 1813 sed
3581 1758 3707 1813 lan-

419 1845 616 1914 potuit,
649 1844 1064 1898 demonstraret.
1097 1839 1387 1911 (Cassium)
1406 1839 1659 1896 Sentiunt
1679 1841 1823 1896 enim
1838 1841 2009 1895 sancti
2040 1831 2087 1891 Β
2115 1863 2250 1918 guor
2277 1855 2361 1903 est
2411 1856 2609 1902 nostra
2633 1887 2649 1913 ,
2682 1862 2712 1901 a
2747 1864 2855 1917 quo
2899 1848 3156 1919 languore
3200 1850 3515 1904 omnimodo
3561 1848 3705 1905 salvi

418 1937 525 1991 viri
540 1952 599 1992 se
620 1937 824 1991 bonum
851 1934 990 1990 istud
1003 1975 1016 1996 ,
1039 1935 1183 2004 quod
1201 1934 1412 1999 volunt,
1429 1949 1533 1989 non
1548 1948 1706 2005 posse
1720 1933 2005 2004 perﬁcere,

423 2030 519 2085 sed
535 2029 662 2083 illud
686 2029 829 2098 quod
843 2028 1031 2082 nolunt
1049 2029 1299 2097 quodque
1319 2028 1551 2081 oderunt
1570 2025 1793 2091 malum,
1819 2026 1872 2079 id
1901 2032 2006 2087 est,

418 2123 807 2194 cogitationum
862 2130 1041 2176 motus
1086 2130 1141 2174 et
1178 2136 1363 2175 curam
1415 2120 1777 2190 corporalium
1825 2134 2008 2174 rerum

419 2222 632 2285 semper
654 2215 966 2280 incurrere;
997 2221 1052 2269 et
1071 2214 1521 2270 condelectantur
1548 2214 1763 2283 quidem
1787 2212 1892 2284 legi
1914 2213 2011 2269 Dei

418 2306 714 2361 secundum
740 2304 1052 2360 interiorem
1076 2305 1373 2370 hominem,
1396 2305 1488 2375 qui
1508 2305 1736 2360 visibilia
1761 2306 2010 2360 universa

421 2394 811 2451 transcendens
846 2403 1073 2451 conatur
1120 2396 1230 2451 Deo
1282 2397 1386 2451 soli
1436 2411 1653 2465 semper
1696 2397 1861 2462 uniri,
1913 2398 2009 2452 sed

418 2487 602 2541 vident
626 2487 789 2541 aliam
811 2486 981 2557 legem
1012 2487 1065 2540 in
1089 2489 1345 2543 membris
1368 2488 1503 2553 Suis,
1526 2489 1580 2543 id
1603 2496 1707 2555 est,
1732 2489 1786 2543 in
1814 2497 2010 2545 natura

421 2579 674 2633 humanae
731 2580 1057 2635 conditionis
1106 2579 1367 2635 insertam
1394 2621 1409 2647 ,
1452 2595 1571 2650 quae
1604 2591 1866 2651 repugnat
1908 2582 2010 2652 legi

421 2673 619 2727 mentis
635 2688 844 2735 eorum,
875 2682 929 2728 et
949 2674 1219 2743 captivum
1246 2674 1514 2743 pertrahit
1543 2688 1760 2729 sensum
1774 2674 2012 2728 violenta

428 2761 546 2833 lege
560 2763 790 2833 peccati,
807 2762 1134 2835 compellens
1147 2763 1359 2819 scilicet
1381 2778 1525 2827 eum,
1547 2763 1735 2818 relicto
1756 2763 1847 2818 illo
1864 2764 2009 2832 prin-

424 2853 587 2923 cipali
604 2855 769 2919 bono,
785 2863 997 2909 terrena
1014 2856 1339 2925 cogitatione
1353 2855 1749 2922 submitti.Qu.'c
1764 2855 2012 2925 quamvis

422 2945 732 2999 necessaria
765 2953 927 3012 atque
957 2946 1169 3014 corpori
1189 2945 1335 3000 utilis
1354 2946 1621 3012 videatur,
1648 2962 1771 3001 cum
1795 2947 2012 3016 dispen-

421 3035 632 3089 satione
660 3034 925 3103 religiosae
944 3035 1244 3105 cujuspiam
1279 3038 1619 3092 necessitatis
1641 3038 1970 3107 impenditur
1993 3078 2009 3104 ,

423 3126 832 3195 comparatione
884 3134 1066 3182 tamen
1123 3126 1264 3182 illius
1322 3129 1449 3183 boni
1503 3130 1647 3197 quod
1696 3138 2008 3184 sanctorum

422 3219 665 3273 onmium
694 3217 931 3281 oblectat
965 3219 1239 3285 intuitum,
1292 3221 1433 3275 mala
1486 3222 1669 3291 utique
1718 3223 1786 3277 ab
1832 3223 1909 3277 eis
1950 3237 2012 3278 ac

426 3306 678 3377 fugienda
711 3308 1020 3362 decernitur
1044 3349 1058 3373 ,
1088 3310 1177 3379 qui
1206 3325 1303 3379 per
1322 3325 1467 3374 eam,
1494 3324 1712 3379 quoquo
1741 3312 1900 3366 modo
1922 3312 2012 3381 vel

427 3401 496 3456 ad
526 3402 796 3457 modicum
840 3409 1068 3471 tempus,
1103 3403 1171 3456 ab
1206 3402 1349 3456 illius
1375 3399 1628 3471 perfecta:
1663 3401 2015 3459 beatitudinis

425 3491 625 3561 gaudio
676 3491 1046 3545 retrahuntur.
1103 3492 1242 3548 Vere
1303 3493 1446 3547 enim
1501 3492 1587 3546 lex
1633 3494 1846 3561 peccati
1888 3501 2009 3557 est,

426 3599 591 3654 quam
616 3583 852 3639 humano
871 3586 1054 3655 generi
1082 3587 1454 3656 praevaricatio
1484 3585 1567 3641 sui
1595 3586 1805 3642 induxit
1829 3596 2016 3641 aucto-

430 3674 527 3740 ris,
551 3690 648 3745 per
666 3674 809 3730 illius
842 3691 1061 3741 noxam,
1089 3678 1140 3732 in
1171 3692 1331 3747 quem
1367 3679 1472 3732 lata
1495 3688 1579 3733 est
1603 3678 1897 3748 aequissimi
1922 3677 2013 3746 ju-

430 3765 568 3819 dicis
598 3765 686 3819 illa
712 3769 977 3821 sententia
1012 3786 1025 3821 :
1057 3766 1341 3823 Maledicta
1363 3780 1503 3823 terra
1530 3770 1586 3831 in
1608 3770 1845 3838 operibus
1871 3771 1972 3823 tuis
1996 3787 2015 3833 ;

428 3858 608 3928 spinas
643 3866 689 3910 et
722 3857 941 3912 tribulos
980 3858 1288 3928 geminabit
1318 3860 1430 3923 tibi,
1465 3868 1515 3912 et
1550 3859 1605 3912 in
1628 3858 1819 3913 sudore
1845 3858 2016 3913 vultus

430 3948 509 3999 tui
551 3947 670 4000 edes
715 3964 901 4017 panem
941 3959 1088 4001 tuum
1115 3946 1272 4017 (Gen.
1319 3950 1426 4018 ιιι).
1484 3950 1628 4013 Ilaec,
1662 3950 1904 4019 inquam,
1936 3957 2019 4005 est

430 4035 520 4090 lex
557 4036 815 4091 membris
865 4040 1104 4092 omnium
1156 4038 1357 4093 inserta
1386 4039 1730 4105 mortalium,
1764 4056 1885 4110 quae
1925 4056 2015 4095 re-

430 4136 635 4198 pugnat
692 4128 795 4197 legi
850 4130 1047 4205 mentis
1098 4139 1296 4185 nostrae
1336 4146 1563 4201 eamque
1602 4147 1631 4186 a
1663 4133 1842 4189 divino
1869 4141 2019 4194 arcet

434 4219 657 4283 intuitu,
691 4234 808 4287 quae
824 4219 1108 4283 maledicta
1136 4228 1279 4275 terra
1311 4222 1364 4275 in
1391 4222 1645 4291 operibus
1676 4225 1875 4277 nostris
1896 4230 2019 4291 post

435 4310 761 4380 agnitionem
806 4311 927 4363 boni
973 4326 1033 4364 ac
1059 4311 1183 4365 mali
1208 4314 1592 4383 cogitationum
1631 4315 1815 4383 spinas
1855 4315 2019 4383 cwpit

437 4417 501 4456 ac
532 4401 758 4455 tribulos
786 4403 1107 4470 germinare,
1137 4419 1367 4471 quarum
1396 4405 1565 4460 aculei
1604 4406 1802 4460 natalia
1842 4406 2015 4460 virtu-

438 4499 552 4545 tum
594 4491 798 4544 semina
841 4492 1157 4560 praefocant,
1199 4510 1267 4547 ne
1317 4494 1465 4548 illum
1518 4511 1710 4564 panem
1770 4506 2015 4552 nostrum

438 4580 529 4649 qui
562 4581 627 4634 de
665 4580 801 4635 caelo
846 4581 1158 4647 descendit,
1191 4585 1390 4654 quique
1428 4585 1695 4640 confortat
1725 4603 1820 4641 cor
1846 4588 2020 4642 homi-

439 4672 525 4725 nis
553 4668 724 4741 (Psal.
772 4671 907 4741 cm),
934 4673 1094 4727 edere
1129 4676 1332 4743 absque
1382 4676 1558 4729 vultus
1608 4678 1777 4731 nostri
1827 4678 2022 4733 sudore

439 4762 730 4831 possimus.
758 4760 1107 4832 Omneigitur
1130 4764 1424 4819 humanum
1456 4782 1625 4838 genus
1652 4768 2021 4836 huicgenera-

440 4852 565 4906 liter
585 4852 687 4923 legi
715 4853 831 4906 sine
858 4853 961 4907 ulla
993 4856 1309 4923 exceptione
1334 4856 1617 4923 subjicitur
1639 4875 1651 4910 :
1670 4858 1846 4912 nullus
1878 4858 2019 4912 enim

440 4950 541 5005 est,
586 4942 832 5011 quamvis
878 4952 1117 5006 sanctus,
1148 4946 1237 5013 qui
1269 4961 1428 5015 supra
1469 4946 1670 5000 dictum
1692 4962 1883 5015 panem
1917 4963 2019 5001 non

442 5048 564 5089 cum
593 5032 787 5087 sudore
813 5032 994 5086 vultus
1030 5036 1130 5097 sui,
1164 5044 1219 5089 et
1244 5035 1473 5090 sollicita
1515 5036 1698 5091 cordis
1722 5037 2020 5091 intentione

443 5124 742 5194 percipiat;
773 5132 1028 5179 ueterum
1059 5129 1328 5180 communi
1363 5128 1465 5182 isto
1491 5143 1629 5197 pane
1667 5128 1839 5193 multi,
1867 5138 1925 5181 ut
1943 5128 2022 5182 vi-

443 5215 653 5278 demus,
676 5214 873 5270 divites
898 5215 1013 5269 sine
1038 5215 1145 5269 ullo
1175 5216 1352 5270 vultus
1375 5218 1457 5271 sui
1481 5219 1676 5273 sudore
1709 5226 2018 5272 vescuntur.

518 5302 575 5358 Si
600 5308 735 5377 enim
764 5308 903 5375 quod
936 5306 1079 5371 nolo,
1106 5307 1296 5375 inquit,
1321 5308 1416 5360 hoc
1448 5308 1606 5377 facio,
1631 5310 1745 5378 jam
1790 5327 1891 5363 non
1928 5326 2020 5379 ego

445 5411 633 5467 operor
659 5396 813 5461 illud,
835 5398 923 5451 sed
948 5399 1087 5468 quod
1110 5398 1311 5452 habitat
1340 5400 1393 5452 in
1418 5416 1498 5452 me
1523 5409 1809 5470 peccatum.
1838 5400 2022 5470 (Aug.)

444 5485 586 5543 Ecce
631 5489 1081 5556 quemadmodum
1120 5490 1209 5559 qui
1243 5491 1518 5545 ambulant
1560 5474 1626 5545 in.
1666 5491 1768 5545 viis
1810 5490 2021 5545 Domini

448 5592 554 5631 non
591 5586 883 5646 operantur
913 5582 1190 5647 peccatum
1220 5621 1232 5642 ,
1271 5590 1324 5635 et
1362 5591 1539 5635 tamen
1586 5597 1691 5635 non
1734 5590 1859 5647 sunt
1909 5581 2025 5634 sine

449 5677 674 5736 peccato
703 5710 717 5733 ,
774 5668 900 5738 quia
930 5668 1043 5739 jam
1084 5685 1190 5722 non
1235 5670 1332 5739 ipsi
1379 5678 1670 5740 Operantur
1710 5670 1834 5723 illud
1864 5711 1876 5732 ,
1932 5670 2026 5725 sed

452 5760 593 5829 quod
642 5762 693 5814 in
744 5762 821 5817 cis
866 5762 1074 5817 habitat
1131 5766 1428 5829 peceatum.
1486 5762 1585 5817 Hic
1625 5762 1768 5816 dicet
1808 5761 2023 5825 aliquis,

2110 1938 2339 2003 erimus,
2377 1953 2498 1992 cum
2541 1948 2594 1992 et
2638 1939 2821 1993 animo
2849 1947 2904 1993 et
2930 1955 3157 2009 corpore
3203 1939 3542 1994 immortales
3569 1940 3704 1995 facti

2110 2027 2393 2083 fuerimus.
2440 2027 2610 2096 Hujus
2638 2028 2913 2098 languoris
2940 2039 2995 2084 et
3019 2029 3354 2084 infirmitatis
3380 2070 3396 2095 ,
3426 2032 3568 2084 unde
3588 2030 3701 2084 illi-

2112 2121 2219 2175 cita
2244 2119 2514 2175 desideria
2538 2130 2968 2184 commoventur,
2990 2121 3132 2190 quod
3156 2131 3441 2190 peccatum
3468 2122 3705 2192 appellat

2110 2210 2402 2280 Apostolus
2423 2250 2439 2276 ,
2480 2212 2767 2266 universus
2815 2221 3000 2265 reatus
3034 2224 3376 2267 sacramento
3403 2214 3704 2283 baptisma-

2116 2304 2183 2356 tis
2214 2313 2297 2357 est
2326 2302 2533 2357 solutus
2561 2342 2576 2368 ,
2628 2318 2751 2356 cum
2808 2303 3060 2357 omnibus
3108 2319 3228 2373 quae
3276 2304 3348 2357 illi
3388 2304 3703 2360 obedientes

2113 2397 2361 2460 fecimus,
2394 2397 2653 2461 diximus,
2694 2397 3071 2466 cogitavimus.
3121 2396 3231 2452 Nec
3259 2400 3421 2453 nobis
3446 2400 3700 2469 deinceps

2114 2491 2337 2559 languor
2362 2491 2469 2544 iste
2494 2490 2749 2555 obesset,
2781 2492 3029 2560 quamvis
3069 2492 3271 2545 inesset
3292 2532 3309 2555 ,
3340 2492 3387 2545 si
3421 2490 3700 2545 desideriis

2114 2580 2230 2657 ejus
2259 2580 2457 2635 illicitis
2480 2580 2642 2636 nullis
2666 2596 2901 2650 unquam
2931 2580 3293 2635 obedientiam
3331 2579 3701 2650 praeberemus

2114 2676 2228 2730 sive
2257 2677 2595 2745 operatione,
2632 2676 2745 2730 sive
2782 2675 3051 2732 locutione
3075 2715 3091 2740 ,
3141 2675 3256 2730 sive
3298 2678 3465 2729 tacita
3513 2689 3699 2728 assen-

2115 2766 2287 2828 sione,
2322 2766 2496 2819 donec
2521 2763 2685 2819 etiam
2711 2765 2827 2833 ipse
2854 2772 3160 2817 sanaretur.

2185 2856 2398 2910 Invenio
2444 2856 2606 2926 igitur
2655 2855 2815 2925 legem
2864 2852 3052 2908 volenti
3087 2854 3215 2908 mihi
3263 2854 3437 2922 facere
3487 2853 3698 2913 bonum.

2112 2948 2363 3020 quoniam
2391 2948 2520 3001 mihi
2545 2946 2743 3001 malum
2769 2944 3012 3015 adjacet:
3043 2945 3371 2999 condelector
3418 2947 3557 2998 enim
3598 2945 3697 3014 legi

2113 3039 2212 3094 De:
2239 3038 2523 3093 secundum
2553 3037 2849 3091 interiorem
2875 3038 3155 3091 hominem.
3180 3034 3379 3107 (Orig)
3411 3036 3479 3089 Et
3509 3038 3561 3089 in
3593 3034 3693 3096 his,

2115 3140 2175 3185 ut
2196 3145 2338 3199 saepe
2366 3131 2418 3183 in
2445 3129 2809 3198 superioribus
2838 3128 3288 3191 commonnimus,
3319 3142 3426 3181 non
3451 3127 3700 3181 videntur

2115 3219 2447 3275 elocutiones
2496 3218 2705 3285 integre
2756 3217 3048 3286 explicari,
3119 3219 3211 3271 sed
3259 3214 3698 3283 coniunctionum

2116 3310 2200 3365 vel
2258 3308 2588 3363 abundantia
2639 3307 2725 3361 vel
2781 3308 3200 3377 proprietatibus
3254 3307 3551 3376 impediri;
3605 3306 3697 3363 tali

2116 3420 2246 3474 ergo
2278 3401 2511 3473 quodam
2546 3399 2735 3454 ordine
2764 3400 2940 3469 legere
2981 3399 3257 3461 debemus,
3287 3408 3348 3453 ut
3392 3398 3702 3454 intellectus

2115 3491 2345 3548 lucidior
2373 3492 2495 3545 ﬁat:
2519 3487 2694 3554 Igitur
2719 3489 2841 3559 quia
2880 3488 3078 3542 malum
3102 3488 3231 3541 mihi
3276 3489 3485 3557 adjacet
3526 3489 3700 3543 uolens

2119 3584 2290 3651 facere.
2335 3582 2526 3634 bonum
2554 3620 2568 3643 ,
2614 3579 2817 3632 invenio
2846 3577 3008 3648 legem
3039 3577 3157 3641 Dei,
3193 3588 3241 3632 et
3284 3578 3613 3632 condelector
3651 3578 3701 3631 ei

2117 3672 2405 3727 secundum
2447 3672 2745 3725 interiorem
2787 3670 3092 3731 hominem;
3126 3684 3219 3737 per
3266 3669 3412 3739 quod
3443 3670 3697 3735 ostendit,

2119 3763 2263 3834 quod
2294 3762 2519 3817 interior
2566 3761 2748 3822 homo,
2785 3760 2885 3814 hoc
2913 3768 3013 3821 est,
3052 3758 3320 3819 voluntas,
3352 3766 3408 3813 et
3456 3759 3701 3828 propest

2119 3862 2370 3921 tum-quo
2397 3851 2607 3905 initium
2649 3849 2845 3918 accipit
2873 3848 3115 3902 converti
3148 3848 3214 3900 ad
3250 3846 3566 3912 Dominum,
3597 3846 3699 3916 legi

2118 3942 2216 3996 Dei
2260 3941 2546 4005 consentit,
2585 3947 2640 3993 et
2668 3938 2965 3994 delectatur
3013 3937 3066 3991 in
3095 3952 3189 3991 ea:
3220 3938 3315 3993 sed
3346 3947 3407 3992 ut
3454 3939 3702 4008 superius

2117 4032 2374 4093 diximus,
2406 4045 2514 4084 non
2567 4030 2749 4082 statim
2801 4038 2861 4082 ut
2913 4026 3245 4082 voluntatem
3274 4029 3397 4096 quis
3428 4028 3699 4094 habuerit,

2119 4129 2358 4185 converti
2388 4127 2456 4182 ad
2481 4127 2643 4190 bona,
2674 4126 2838 4179 etiam
2867 4141 2997 4180 usus
3038 4124 3163 4179 boni
3214 4124 3396 4194 operis
3445 4124 3702 4178 subsecu-

2121 4231 2206 4275 tus
2234 4229 2347 4285 est;
2396 4220 2501 4274 cita
2533 4219 2677 4272 enim
2721 4231 2809 4272 res
2856 4225 2938 4271 est
2974 4215 3238 4279 voluntas,
3286 4223 3342 4268 et
3369 4214 3485 4269 sive
3537 4215 3702 4282 impe-

2119 4314 2359 4368 dimento
2392 4313 2757 4373 convertitur;
2789 4325 2924 4379 opus
2949 4325 3079 4365 vero
3104 4310 3317 4363 tardum
3342 4316 3452 4372 est,
3488 4308 3613 4377 quia
3646 4315 3700 4362 et

2120 4421 2296 4465 usum,
2336 4411 2391 4459 et
2418 4411 2613 4465 artem,
2641 4410 2697 4455 et
2722 4400 2960 4455 laborem
2990 4399 3213 4468 requirit
3239 4396 3698 4469 operandi.gQuod

2123 4505 2182 4549 ut
2214 4495 2518 4549 evidentius
2563 4493 2674 4555 ﬁat,
2702 4502 2921 4557 utamur
2940 4494 3104 4546 etiam
3131 4491 3483 4546 similitudine
3526 4506 3698 4545 exent-

2121 4586 2218 4656 pli,
2248 4583 2400 4640 verbi
2449 4584 2646 4655 gratia,
2677 4583 2786 4637 vult
2818 4567 2940 4651 quis
2981 4582 3194 4651 sapiens
3224 4581 3363 4645 ﬁeri,
3396 4596 3497 4635 nec
3521 4590 3694 4636 tamen

2118 4678 2299 4734 statim
2348 4684 2410 4729 ut
2456 4674 2625 4729 voluit
2675 4674 2890 4741 sapiens
2918 4670 3139 4727 eil‘ectus
3187 4679 3291 4736 est,
3323 4670 3417 4725 sed
3452 4670 3695 4725 voluntas

2119 4770 2333 4838 quidem
2364 4766 2659 4836 praecessit,
2714 4778 2811 4817 nec
2863 4764 2979 4817 sine
3009 4763 3280 4816 voluntate
3332 4760 3531 4831 aliquis
3579 4758 3695 4814 ﬁeri

2118 4858 2333 4928 sapiens
2370 4863 2547 4925 potest
2573 4873 2585 4908 :
2633 4854 2725 4908 secl
2755 4863 2929 4907 tamen
2962 4867 3083 4906 cum
3115 4851 3363 4905 voluntas
3391 4849 3575 4913 fuerit,
3606 4849 3696 4902 ad-

2124 4951 2387 5005 hibendus
2436 4955 2517 5003 est
2569 4946 2738 5010 labor,
2798 4946 3057 5006 studium,
3094 4944 3422 5007 sollicitudo,
3480 4944 3693 5013 vigiliae,

2128 5042 2390 5103 doctrina,
2425 5038 2710 5101 institutio,
2752 5045 2807 5090 et
2851 5038 2939 5090 vix
2970 5036 3257 5106 aliquando
3290 5052 3391 5089 usu
3422 5036 3600 5104 longe,
3645 5042 3694 5089 et

2128 5130 2473 5185 meditatione
2498 5128 2754 5182 continua
2809 5127 3025 5194 sapiens
3050 5124 3301 5179 eiﬁcitur.
3340 5123 3448 5178 Iste
3476 5140 3605 5194 ergo
3630 5122 3695 5178 ab

2129 5221 2281 5275 initio
2314 5220 2528 5287 quidem
2580 5218 2762 5272 statim
2810 5217 3145 5270 voluntatem
3177 5215 3363 5269 habuit
3395 5255 3409 5278 ,
3464 5225 3526 5269 ut
3558 5220 3695 5270 esset

2129 5312 2360 5381 sapiens.
2378 5310 2469 5362 sed
2490 5324 2597 5362 non
2618 5308 2797 5362 statim
2814 5305 2967 5360 aﬂ'uit
2985 5307 3033 5360 ei
3056 5322 3191 5375 opus
3210 5306 3491 5374 sapientiae
3507 5323 3521 5370 ;
3542 5305 3632 5381 sed
3646 5312 3691 5359 et

2131 5379 2271 5455 ineo
2294 5401 2408 5470 ipso
2430 5415 2552 5454 cum
2585 5398 2829 5453 eruditur
2848 5406 2908 5451 ut
2932 5400 3145 5466 sapiens
3167 5397 3277 5459 ﬁat,
3297 5406 3502 5466 quanta
3520 5379 3692 5460 stulte,

2127 5498 2180 5542 ct
2208 5497 2393 5554 contra
2426 5486 2746 5555 sapientiam
2779 5486 2979 5555 gessit!
3016 5485 3118 5553 Qui
3169 5496 3351 5539 tamen
3401 5486 3692 5556 intelligere

2129 5579 2342 5647 quidem
2391 5577 2559 5646 potuit
2591 5590 2750 5645 quam
2799 5575 2958 5628 stulte
2985 5575 3242 5644 gesserit;
3276 5573 3510 5627 habebat
3562 5574 3692 5628 enim

2126 5669 2235 5737 jam
2265 5667 2497 5721 studium
2530 5667 2833 5735 sapientiaa;
2876 5680 2980 5718 non
3012 5673 3191 5718 tamen
3222 5663 3296 5715 ita
3337 5662 3451 5729 jam
3490 5664 3694 5730 sapiens

2132 5738 2268 5823 erat,
2304 5769 2361 5813 ut
2389 5774 2580 5816 cavere
2616 5768 2797 5827 posset
2821 5774 2888 5812 ne
2937 5757 3067 5825 quid
3112 5746 3432 5825 insipienter
3458 5756 3696 5811 admitte-
