3960 6348
199 425 340 480 MSS

706 413 1255 472 ENARRATIONUM
1293 414 1361 469 IN
1402 413 1552 469 EPP.
1594 370 1800 468 nam
1835 410 1964 466 LIB.
2006 412 2097 469 IV.
2139 443 2206 453 —
2245 414 2312 468 IN
2349 411 2582 469 EPIST.
2625 416 2714 470 AD
2754 416 2923 474 non.

3318 422 3457 477 M34

214 544 321 587 ret.
368 534 469 588 Istc
500 532 632 586 ordo
659 542 715 587 et
769 532 834 587 de
863 533 1123 602 pudicitia
1177 540 1261 586 est
1291 530 1588 594 habendus,
1637 528 1781 599 quod
1808 536 1974 596 Atur
2003 529 2104 583 scit
2159 528 2371 583 fortiter
2424 532 2777 587 tentationem
2813 532 2954 588 ferre
3014 537 3345 603 certaminis,
3399 548 3457 593 et

206 645 316 685 non
372 623 555 677 statim
606 623 728 691 quis
779 631 838 676 ut
884 623 1114 677 voluerit
1158 622 1464 690 pudicitiam
1514 620 1776 690 proﬁteri,

206 718 371 769 etiam
403 728 565 783 Opere
595 714 851 783 implebit,
911 722 971 767 ut
1001 713 1161 767 nullis
1190 714 1635 781 concupiscentia
1681 712 1778 765 sti-

208 803 366 856 mulis
394 804 645 872 agitetur.
697 801 789 857 Sic
843 810 897 857 et
934 804 1000 857 de
1031 803 1461 865 mansuetudine,
1494 810 1549 855 et
1577 802 1643 854 de
1691 815 1783 869 pa-

208 895 415 959 tientia,
441 896 581 949 etde
607 894 830 965 singulis
859 896 1160 964 quibusque
1190 895 1479 965 virtutibus
1505 893 1781 948 sciendum

206 996 310 1047 est,
343 985 395 1037 in
426 984 620 1052 quibus
643 984 893 1037 omnibus
920 985 1023 1037 dict
1053 962 1303 1037 convenil
1329 1003 1339 1037 :
1374 983 1513 1048 Quia
1538 980 1778 1035 condele-

205 1084 322 1126 σιω·
364 1074 463 1141 legi
496 1073 613 1135 Dei,
649 1072 750 1126 hoe
775 1080 857 1125 est
886 1072 1191 1136 virtutibus,
1224 1073 1510 1127 secundum
1559 1072 1779 1125 interio-

208 1180 316 1217 rem
364 1164 644 1217 hominem.
693 1162 896 1233 (Amb.)
927 1162 1177 1216 Animum
1208 1162 1292 1217 his
1338 1161 1596 1215 oblectari
1630 1161 1777 1226 dicit,

204 1269 328 1322 qua:
374 1268 403 1306 a
435 1252 551 1323 lege
580 1253 897 1307 traduntur:
922 1253 1010 1307 hic
1037 1262 1121 1308 est
1144 1253 1367 1307 interior
1413 1253 1607 1316 homo;
1653 1252 1781 1321 quia

208 1362 314 1399 non
344 1345 398 1398 in
439 1345 619 1397 animo
650 1344 857 1398 habitat
881 1353 1187 1414 peccatum,
1216 1344 1309 1399 sed
1341 1346 1394 1397 in
1422 1359 1617 1408 carne,
1661 1359 1783 1413 qua:

206 1445 291 1488 est
350 1452 413 1489 ex
445 1436 651 1505 origine
680 1436 861 1490 carnis
893 1437 1119 1505 peccati,
1148 1444 1204 1488 et
1248 1451 1345 1505 per
1389 1435 1664 1489 traducem
1722 1434 1782 1489 lit

203 1526 384 1580 annuis
414 1542 539 1580 caro
568 1526 794 1594 peccati.
824 1524 880 1580 Si
925 1527 1067 1579 enim
1098 1526 1275 1579 anima
1300 1525 1367 1579 de
1396 1526 1614 1579 traduce
1640 1533 1783 1579 esset

204 1629 260 1669 ct
288 1618 424 1685 ipsa,
471 1600 602 1669 etin
637 1617 747 1684 ipsa
788 1616 1055 1669 habitaret
1087 1624 1391 1684 peccatum,
1434 1616 1555 1683 quia
1599 1615 1780 1668 anima

206 1708 332 1761 Athe
374 1709 544 1777 magis
590 1708 834 1777 peccavit
882 1724 1045 1777 quam
1100 1723 1332 1776 corpus:
1378 1708 1471 1761 sed
1498 1714 1779 1776 peceatum

202 1800 399 1852 anima:
425 1799 665 1868 eorrupit
706 1814 921 1868 corpus.
968 1799 1025 1852 ln
1054 1812 1219 1853 carne
1250 1813 1377 1869 ergo
1412 1800 1618 1852 habitat
1650 1814 1778 1868 pec-

1881 633 2002 672 eum
2017 619 2311 677 tentatione
2339 622 2663 685 concutitur,
2689 622 2743 676 in
2765 621 2873 676 alta
2896 639 3020 679 arce
3033 626 3283 693 praesidet
3303 627 3455 696 quie-

1880 712 1986 775 tis,
2015 711 2106 780 qui
2156 710 2319 764 etiam
2366 712 2506 781 apud
2565 714 2913 783 semetipsum
2961 718 3059 771 sub
3103 717 3282 785 seipse
3333 732 3455 774 esse

1879 800 2249 853 contentiones
2298 799 2549 855 vitiorum
2579 804 2867 873 conspicit,
2906 794 3099 873 quibus
3148 807 3291 861 nulla
3346 806 3455 861 fra-

1879 898 1997 944 ctus
2048 890 2401 946 delectatione
2450 896 2739 948 consentit.
2805 893 2986 963 Video,
3028 897 3238 966 inquit,
3289 897 3453 953 aliam

1878 978 2037 1048 legem
2064 980 2119 1033 in
2148 980 2387 1035 membris
2418 982 2545 1035 meis
2580 995 2953 1052 repugnantem
2986 986 3087 1056 legi
3112 988 3297 1041 mentis
3330 987 3454 1053 mei,

1879 1076 1925 1119 et
1957 1071 2215 1137 captivum
2247 1084 2326 1122 me
2358 1070 2626 1125 ducentem
2662 1073 2718 1124 in
2746 1072 2853 1142 lege
2878 1076 3095 1142 peccati,
3140 1093 3257 1146 quae
3286 1086 3362 1131 est
3400 1077 3461 1132 in

1879 1160 2120 1213 membris
2164 1162 2313 1216 meis.
2362 1161 2463 1217 Ubi
2488 1177 2619 1232 ergo
2648 1162 2729 1217 lex
2778 1165 2984 1232 peccati
3006 1181 3129 1220 eum
3168 1166 3284 1236 lege
3309 1181 3461 1221 men-

1880 1248 1950 1302 tis
1976 1251 2269 1312 eontendit,
2314 1251 2559 1321 profecto
2589 1254 2767 1308 adhuc
2799 1270 2997 1308 aurora
3042 1265 3145 1322 est,
3196 1257 3323 1327 quia
3367 1257 3460 1312 lux

1880 1352 2000 1406 quae
2046 1337 2158 1406 jam
2203 1343 2442 1403 emicuit,
2499 1343 2725 1398 necdum
2759 1351 3153 1413 pransi-euntes
3209 1347 3460 1400 tenebras

1881 1429 2119 1486 funditus
2160 1435 2385 1501 pressit;
2418 1435 2592 1489 adhuc
2648 1451 2841 1499 aurora
2885 1446 2989 1501 est,
3041 1437 3168 1506 quia
3197 1438 3322 1492 dum
3374 1437 3461 1492 lex

1881 1524 2062 1578 carnis
2106 1524 2277 1594 legem
2326 1526 2542 1589 mentis,
2595 1535 2649 1579 et
2698 1526 2783 1580 lex
2827 1527 3022 1581 mentis
3062 1528 3233 1597 legem
3284 1528 3465 1583 carnis

1878 1616 2127 1683 percutit,
2175 1616 2316 1669 inter
2366 1631 2424 1670 se
2476 1616 2709 1671 vicissim
2744 1616 2833 1670 lux
2882 1627 2937 1670 et
2963 1619 3151 1673 umbra
3202 1617 3459 1690 conﬂigit.

1882 1692 2079 1779 (Oi-ig.)
2134 1708 2238 1763 Sed
2287 1724 2406 1762 cum
2461 1709 2576 1764 hsce
2626 1709 2822 1763 Paulus
2862 1718 3137 1778 assumpta
3188 1709 3464 1778 fragiliora

1881 1811 2109 1864 persona
2142 1798 2279 1850 intra
2312 1800 2584 1853 hominem
2613 1799 2795 1853 haberi
2827 1800 3124 1854 certamina
3163 1800 3456 1865 docuisset,

202 1899 406 1951 catum,
441 1890 592 1957 quasi
621 1890 687 1943 ad
710 1889 907 1957 januas
958 1904 1175 1955 ammte,
1230 1898 1290 1943 ut
1339 1905 1445 1943 non
1477 1890 1619 1943 illam
1650 1905 1774 1959 per-
1807 1887 1855 1945 Β
1884 1892 1938 1938 et
1985 1886 2309 1939 ostendisset
2366 1890 2508 1955 quod
2554 1889 2714 1941 etiam
2750 1898 2941 1943 contra
2992 1889 3317 1943 voluntatem
3367 1904 3462 1958 per

202 1980 385 2032 ‘nittat
413 1980 489 2032 ire
512 1994 619 2046 quo
653 1980 805 2043 vult;
844 1980 896 2031 in
943 1980 1126 2033 anima
1173 1988 1353 2033 autem
1384 1980 1429 2032 si
1482 1979 1777 2046 habitaret,

204 2085 479 2137 nunquam
504 2084 562 2123 se
583 2078 935 2139 cognosceret
964 2070 1124 2123 homo
1153 2087 1165 2122 :
1206 2084 1347 2124 nunc
1378 2078 1556 2123 autem
1583 2084 1782 2139 cogno-

204 2162 309 2215 scit
332 2176 411 2225 se,
440 2168 494 2215 et
525 2159 931 2214 eondeleetatur
958 2160 1059 2231 legi
1093 2161 1207 2215 Dei.

282 2248 443 2303 Video
472 2259 645 2303 autem
671 2248 830 2303 aliam
868 2249 1029 2320 legem
1062 2253 1118 2305 in
1149 2252 1394 2306 membris
1431 2254 1581 2318 meis,
1627 2270 1781 2322 repu-

199 2352 448 2414 gnantem
490 2342 589 2411 legi
610 2342 797 2395 mentis
828 2358 975 2407 metr,
1014 2354 1062 2396 et
1098 2345 1357 2422 captivum
1396 2360 1475 2397 me
1505 2344 1779 2397 ducentem

199 2442 259 2495 in
302 2441 412 2511 lege
464 2444 677 2511 peccati,
728 2460 845 2511 qua:
874 2454 948 2496 est
990 2443 1045 2495 in
1099 2440 1340 2494 membris
1390 2438 1536 2491 meis.
1580 2434 1778 2507 (Orig.)

200 2530 355 2597 Quod
382 2547 543 2600 supra
588 2531 817 2596 dixerat,
846 2531 971 2585 velle
1010 2530 1145 2584 enim
1174 2531 1363 2582 bonum
1396 2528 1600 2597 adjacet
1629 2528 1778 2593 mihi,

200 2620 293 2675 hic
340 2621 669 2675 voluntatem
695 2621 818 2675 boni
867 2620 1039 2690 legem
1071 2618 1266 2673 mentis
1296 2617 1611 2681 nominavit,
1663 2632 1781 2685 quae

201 2710 289 2765 lex
339 2712 534 2765 mentis
563 2710 812 2764 convenit
840 2725 963 2765 eum
994 2706 1111 2780 lege
1140 2709 1258 2772 Dei,
1286 2716 1342 2762 et
1386 2707 1655 2762 consentit
1705 2706 1776 2760 ei.

201 2802 315 2857 Sed
353 2818 565 2856 rursum
604 2812 782 2855 motus
816 2802 1060 2870 corporis
1085 2809 1139 2856 et
1182 2799 1448 2855 desideria
1479 2800 1677 2863 carnis,
1706 2796 1776 2851 leo

197 2908 321 2965 gem
339 2892 699 2947 membrorum
724 2892 875 2955 dicit,
892 2906 1009 2960 quae
1022 2891 1285 2960 captivam
1308 2890 1456 2943 ducit
1472 2888 1705 2941 animam
1726 2896 1782 2941 et

195 2985 405 3054 peccati
429 2983 634 3053 legibus
657 2982 864 3047 subdit;
892 2990 1099 3035 eertum
1120 2988 1201 3035 est
1224 2994 1455 3048 namque
1479 2977 1620 3048 quod
1641 2977 1783 3031 desi-

194 3075 352 3128 ‘deria
381 3074 561 3127 carnis
588 3073 824 3126 animam
866 3071 1181 3125 trahant‘ad
1217 3078 1522 3139 peccatum,
1574 3074 1628 3122 et
1662 3082 1781 3121 eam

195 3164 406 3235 legibus
428 3162 544 3230 ejus
593 3162 825 3217 subdant
853 3180 866 3216 :
900 3170 956 3216 et
983 3162 1123 3215 sicut
1147 3162 1232 3215 lex
1268 3159 1463 3214 mentis
1490 3172 1610 3228 quae
1654 3173 1783 3211 con-

1883 1973 2146 2028 desideria
2178 1976 2357 2029 carnis
2387 1978 2563 2030 anima
2602 1993 2698 2031 usu
2740 1979 2861 2048 ipso
2887 1980 3141 2049 peccandi
3172 1980 3226 2033 in
3259 1978 3465 2049 peccati

1875 2065 1997 2133 jura
2028 2078 2324 2136 raperetur,
2360 2070 2747 2125 exclamatione
2774 2072 2944 2125 utitur
2964 2073 3139 2127 adhuc
3164 2088 3231 2126 ex
3278 2086 3464 2141 perso-

1881 2175 1949 2212 na
1980 2159 2123 2212 illius
2150 2175 2308 2228 quem
2341 2162 2645 2231 descripsit,
2670 2171 2725 2215 et
2750 2163 2906 2217 dicit:

1951 2250 2149 2319 Infelix
2170 2268 2261 2322 ego
2288 2253 2473 2306 homo!
2503 2255 2617 2321 quis
2641 2270 2720 2306 me
2746 2253 2981 2306 liberabit
3002 2253 3066 2307 de
3087 2270 3299 2323 corpore
3321 2270 3462 2308 mor-

1880 2342 1946 2395 tis
1993 2342 2152 2410 hujus
2179 2342 2204 2393 ?
2250 2340 2405 2395 Videt
2458 2358 2515 2395 se
2547 2344 2801 2396 miserum
2834 2342 2979 2397 intra
3020 2358 3179 2413 quem
3212 2352 3291 2397 tot
3321 2340 3465 2414 leges

1880 2432 1983 2487 sibi
2033 2433 2261 2486 invicem
2320 2441 2639 2502 repugnant,
2670 2440 2747 2486 tot
2792 2432 2973 2501 praalia
3007 2442 3458 2487 commoventur:

1882 2522 2091 2594 Pugnat
2125 2540 2248 2577 caro
2300 2524 2545 2577 adversus
2593 2524 2852 2594 spiritum,
2908 2524 3122 2593 spiritus
3160 2534 3334 2578 autem
3357 2524 3455 2577 ad-

1882 2632 2057 2669 versus
2109 2633 2339 2681 carnem,
2395 2617 2585 2686 lexque
2632 2618 2996 2672 membrorum
3047 2626 3310 2690 repugnat
3354 2617 3463 2688 legi

1882 2709 2096 2774 mentis,
2128 2717 2183 2763 et
2213 2709 2424 2777 captiva
2449 2709 2661 2763 ducitur
2686 2710 2864 2763 anima
2897 2709 2948 2763 in
2980 2708 3095 2779 lege
3125 2709 3356 2778 peccati,
3404 2716 3461 2764 et

1880 2799 1981 2857 sub
2001 2799 2130 2870 jugo
2158 2798 2274 2867 ejus
2296 2798 2546 2865 edicitur,
2576 2802 2887 2855 etiameum
2918 2800 3143 2855 interior
3170 2800 3333 2854 homo
3365 2797 3461 2855 Del

1881 2888 1997 2959 lege
2020 2889 2337 2945 delectetur.
2398 2888 2595 2961 (Amb.)
2630 2888 2904 2945 Infelicem
2933 2891 3152 2960 quippe:
3176 2890 3450 2944 hominem

1880 2979 2033 3046 dicit,
2068 2983 2191 3052 quia
2236 2984 2476 3037 nascitur
2502 2983 2601 3037 sub
2627 2992 2868 3053 peccato.
2899 2982 3151 3054 Nunquid
3200 2997 3306 3037 non
3334 2998 3462 3038 vere

1884 3070 2065 3125 infelix
2110 3081 2193 3127 est
2222 3074 2401 3137 homo,
2431 3074 2523 3143 qui
2575 3075 2630 3127 in
2660 3073 2805 3127 hane
2835 3074 3205 3128 haareditatem
3252 3076 3459 3144 praeva—

1883 3161 2159 3217 ricationis
2178 3164 2459 3227 successit,
2483 3164 2691 3217 hostem
2720 3177 2900 3218 secum
2930 3162 3135 3217 habens
3157 3172 3461 3244 peccatum,

193 3231 499 3311 sentiteum
530 3254 643 3323 lege
672 3254 788 3315 Dei,
812 3253 857 3306 si
888 3253 1121 3306 animam
1142 3250 1378 3321 potuerit
1401 3250 1663 3310 obtinere,
1688 3247 1782 3299 ad-
1809 3231 1854 3292 C
1884 3268 1981 3321 per
2009 3254 2150 3321 quod
2182 3254 2246 3307 ad
2304 3254 2451 3308 illum
2483 3255 2687 3309 aditum
2724 3254 2884 3308 habet
2936 3231 3171 3308 Satanas
3187 3254 3211 3306 ?
3260 3238 3459 3325 (Θήρ.)

193 3346 490 3401 dueiteam
513 3346 579 3398 ad
606 3344 774 3414 legem
800 3343 914 3406 Dei,
940 3344 1012 3395 ita
1048 3350 1102 3396 et
1135 3340 1241 3404 lex,
1288 3355 1407 3409 qua:
1441 3341 1493 3392 in
1521 3337 1780 3392 membris

192 3447 301 3499 est,
327 3444 381 3490 et
402 3434 850 3503 concupiscentiis
876 3433 1074 3492 carnis.
1117 3433 1161 3488 si
1204 3431 1475 3486 seduxerit
1519 3430 1778 3493 animam,

191 3528 402 3600 peccati
422 3527 759 3593 eamlegibus
782 3527 971 3581 subdet
998 3524 1195 3595 (Amb.)
1220 3523 1458 3590 QuatuOr
1474 3521 1687 3589 quidem
1703 3519 1781 3574 le-

190 3635 287 3690 ges
308 3620 550 3674 nominat
571 3636 582 3672 :
607 3619 835 3688 primam
849 3618 1021 3687 legem
1039 3616 1492 3681 spiritalem,qu:e
1514 3612 1777 3667 estetiam

188 3715 478 3779 naturalis,
503 3730 621 3783 qum
648 3713 935 3767 reformata
958 3720 1040 3765 est
1061 3728 1155 3782 per
1177 3710 1417 3781 Moysen,
1438 3718 1491 3763 et
1510 3709 1682 3778 posita
1722 3708 1777 3761 in

190 3806 547 3870 auctoritate;
572 3806 685 3874 ipsa
702 3814 784 3859 est
799 3804 881 3858 lex
906 3806 997 3858 Dei
1015 3822 1027 3857 :
1043 3802 1235 3857 deinde
1257 3803 1425 3872 legem
1442 3801 1638 3855 mentis
1652 3814 1779 3853 eon-

192 3900 516 3955 seutieutem
540 3899 642 3969 legi
668 3899 759 3951 Dei
784 3913 797 3950 :
827 3900 1037 3952 tertiam
1073 3898 1244 3967 legem
1262 3896 1490 3966 peccati,
1525 3909 1686 3963 quam
1707 3908 1771 3947 ex

188 3992 636 4065 praevaricatione
669 3992 825 4060 primi
862 3991 1158 4045 hominisin
1182 3989 1437 4057 membris
1455 3988 1584 4041 dicit
1623 3985 1776 4041 habi-

191 4094 343 4139 tare:
370 4091 615 4152 quartam
645 4097 770 4135 vero
785 4098 903 4149 qum
920 4082 971 4133 in
990 4079 1247 4134 membris
1267 4079 1494 4138 videtur,
1512 4077 1638 4129 dum
1656 4090 1775 4143 sug-

190 4175 333 4246 gerit
357 4174 495 4227 tnala
517 4183 569 4227 et
605 4171 827 4227 recedit.
859 4170 963 4224 Sed
1007 4171 1087 4224 ha:
1130 4170 1273 4239 leges
1305 4168 1510 4220 iterata:
1544 4175 1774 4233 quatuor

193 4266 445 4319 videntur
472 4278 595 4317 cum
641 4263 750 4315 sint
779 4262 913 4323 duas,
961 4261 1013 4313 id
1054 4268 1154 4322 est,
1205 4258 1345 4311 bona
1371 4266 1425 4311 et
1447 4255 1607 4309 mala.
1661 4254 1768 4306 Lex

190 4358 336 4411 enim
366 4355 558 4408 tuentis
606 4355 720 4423 ipsa
755 4362 840 4406 est
882 4352 965 4405 lex
998 4349 1253 4418 spiritalis
1291 4349 1413 4402 sive
1435 4345 1621 4416 Moysi,
1651 4359 1771 4414 qua:

189 4454 416 4499 vocatur
446 4443 529 4497 lex
558 4442 684 4505 Dei;
722 4441 927 4511 peccati
956 4453 1083 4492 vero
1101 4437 1195 4491 'lex
1226 4436 1413 4491 eadem
1445 4444 1550 4498 est,
1578 4449 1696 4502 qua:
1718 4442 1771 4486 et

191 4535 280 4587 illa
314 4550 473 4603 quam
507 4534 559 4586 in
597 4531 855 4585 membris
892 4530 1021 4583 dicit
1051 4527 1242 4592 videri,
1289 4541 1409 4594 qua:
1450 4524 1769 4579 contradicit

187 4626 292 4693 legi
327 4624 522 4677 mentis
551 4632 767 4677 nostrae.
798 4620 980 4690 (Aug)
1012 4620 1205 4688 Legem
1238 4618 1440 4687 peccati
1471 4617 1619 4679 dicit,
1664 4630 1768 4683 qua

186 4716 417 4782 quisque
450 4714 632 4767 carnis
671 4712 1059 4767 consuetudine
1090 4709 1393 4777 implicatus
1422 4706 1766 4775 astringitur:

187 4803 329 4855 Itane
381 4803 663 4871 repugnari
708 4802 785 4855 ait
812 4802 911 4870 legi
939 4800 1137 4853 mentis
1165 4812 1275 4851 suze
1305 4805 1357 4852 et
1406 4810 1463 4849 se
1494 4798 1769 4865 captivare

186 4894 289 4948 sub
326 4892 437 4961 lege
468 4894 693 4961 peccati.
731 4892 881 4945 Unzle
907 4890 1220 4959 intelligitur
1248 4889 1335 4942 ille
1369 4888 1531 4942 homo
1568 4889 1769 4942 deseri-

187 4985 238 5037 bi
262 4985 353 5051 qui
384 4985 616 5037 nondum
643 4990 727 5037 est
749 4983 848 5035 sub
870 4981 1061 5051 gratia.
1094 4979 1297 5050 (Greg.)
1345 4980 1400 5033 Si
1423 4981 1563 5033 enim
1606 4995 1756 5048 repu-

187 5084 378 5146 gnaret
427 5084 634 5129 tantum
671 5072 1003 5127 consuetudo
1043 5069 1297 5131 carnalis,
1340 5079 1395 5122 et
1440 5086 1545 5123 non
1595 5070 1769 5137 capti-

189 5176 361 5226 varet,
414 5180 519 5218 non
550 5174 693 5218 esset
750 5161 1082 5216 dominatio:
1131 5160 1183 5211 in
1213 5173 1278 5211 eo
1326 5168 1409 5212 est
1453 5158 1768 5221 dominatio,

186 5256 330 5326 quod
358 5257 815 5324 obtemperamus,
861 5263 915 5307 et
960 5254 1225 5306 servimus
1254 5249 1535 5304 desideriis
1590 5250 1768 5318 pravis

186 5356 243 5401 et
270 5345 598 5400 carnalibus.
652 5343 707 5397 Si
754 5351 931 5397 autem
973 5343 1209 5396 existant
1254 5348 1447 5393 etnon
1480 5339 1589 5392 sint
1640 5339 1767 5393 talia

187 5439 474 5503 desideria,
516 5453 621 5492 non
651 5446 826 5490 tamen
858 5437 941 5490 his
962 5438 1294 5499 obediamus,
1330 5451 1435 5490 non
1467 5435 1767 5507 eaptivare-

188 5546 314 5584 tnnr
346 5538 400 5583 et
426 5530 526 5583 sub
546 5529 723 5597 gratia
750 5542 968 5581 sumus:
1002 5529 1093 5582 sed
1134 5530 1275 5583 aliud
1321 5538 1405 5583 est
1448 5532 1583 5585 bella
1613 5529 1767 5584 forti-

187 5628 271 5673 ter
324 5618 550 5685 perpeti,
601 5616 743 5669 aliud
793 5615 944 5671 bellis
992 5620 1262 5671 enerviter
1317 5622 1652 5688 expugnari;
1713 5622 1764 5674 in

186 5710 308 5763 istis
347 5715 627 5761 exercetur
676 5706 867 5770 virtus,
933 5722 1001 5761 ne
1054 5707 1197 5762 intus
1238 5708 1420 5761 extolli
1446 5710 1679 5775 debeat;
1712 5712 1765 5763 in

191 5798 301 5853 illis
336 5798 642 5852 omnimodo
670 5798 1052 5856 exstinguitur.
1088 5813 1156 5853 ne
1186 5799 1463 5854 subsistat.
1515 5796 1616 5866 Qui
1672 5801 1768 5871 igi—

1883 3342 2159 3409 Quomodo
2189 3360 2317 3414 ergo
2352 3345 2405 3397 in
2438 3352 2519 3399 tot
2540 3352 2594 3396 et
2636 3326 2832 3397 talibus
2866 3343 3020 3397 malis
3047 3358 3149 3397 non
3202 3344 3462 3398 miserunt

1882 3447 1940 3488 se
1967 3433 2112 3487 dicat
2140 3434 2321 3499 homo,
2349 3442 2405 3489 et
2432 3434 2485 3488 in
2512 3449 2737 3503 corpore
2765 3434 2955 3489 mortis
2980 3434 3269 3489 habitare?
3300 3433 3461 3489 Meri-

1879 3530 1934 3575 to
1964 3537 2196 3592 namque
2228 3538 2425 3593 corpus
2454 3525 2645 3579 mortis
2668 3525 2986 3595 appellatur,
3016 3525 3070 3579 in
3098 3541 3207 3596 quo
3247 3528 3458 3581 habitat

1878 3624 2157 3684 peccatum
2187 3616 2329 3684 quod
2359 3616 2549 3671 mortis
2576 3625 2661 3671 est
2686 3631 2866 3673 causa.
2904 3617 2989 3672 Fit
3013 3633 3142 3688 ergo
3181 3618 3456 3674 exclama-

1880 3706 1956 3760 tio
1984 3707 2098 3760 hare
2129 3722 2194 3759 ex
2228 3721 2455 3775 persona
2500 3707 2662 3771 illius,
2696 3724 2853 3776 quem
2884 3709 3039 3763 initia
3084 3709 3298 3778 quidem
3326 3725 3456 3765 cou-

1878 3797 2143 3852 versionis
2173 3798 2447 3866 accepisse
2475 3798 2731 3852 describit
2776 3798 3082 3869 Apostolus,
3116 3800 3168 3853 in
3204 3814 3269 3854 eo
3317 3801 3459 3869 quod

1876 3891 2123 3946 voluntas
2170 3891 2219 3945 ei
2261 3892 2469 3959 adjacet
2514 3891 2659 3955 boni,
2697 3894 2789 3947 sed
2843 3894 3078 3948 nondum
3123 3895 3176 3948 in
3207 3894 3458 3949 eﬂ'eetum

1875 3982 2085 4034 venerit
2116 3982 2261 4035 boni.
2317 3980 2433 4037 Non
2465 3982 2607 4036 enim
2661 3983 2866 4038 invenit
2916 3983 3179 4053 perlicere
3229 3986 3453 4051 bonum,

1874 4071 1998 4141 quia
2047 4071 2283 4125 nondum
2333 4072 2385 4124 in
2420 4087 2484 4125 eo
2520 4087 2645 4125 usus
2695 4073 2989 4127 inoleverat
3032 4074 3456 4144 exercitiumque

1874 4162 2151 4213 virtutum.
2198 4161 2571 4228 Respondetur
2624 4176 2750 4216 vero
2780 4163 2830 4217 ei
2858 4164 2925 4217 ad
2958 4164 3077 4228 hoc,
3110 4164 3251 4232 quod
3304 4164 3455 4218 dixe-

1876 4259 1978 4314 rat,
2015 4250 2145 4316 Quis
2172 4268 2251 4305 me
2284 4252 2521 4305 liberabit
2552 4253 2615 4305 de
2642 4269 2857 4321 corpore
2887 4255 3070 4307 mortis
3114 4255 3273 4323 hujus
3295 4256 3321 4309 7
3338 4254 3453 4322 jam

1874 4359 1978 4397 non
2016 4359 2081 4397 ex
2114 4344 2253 4397 illius
2281 4359 2508 4412 persona
2538 4345 2632 4399 sed
2660 4360 2725 4398 ex
2768 4345 3055 4415 apostolica
3086 4346 3405 4401 auctoritate
3435 4364 3451 4403 :

1874 4431 2057 4487 Gratia
2088 4434 2183 4487 Dei
2216 4452 2306 4504 per
2328 4434 2511 4488 Iesum
2556 4435 2818 4490 Christum
2864 4436 3146 4491 Dominum
3194 4448 3450 4495 nostrum.

1875 4522 2026 4578 Unde
2053 4533 2275 4591 apparet
2303 4525 2443 4593 quod
2473 4534 2756 4593 propterea
2789 4527 2902 4581 hzee
2932 4528 3111 4581 omnia
3161 4528 3448 4599 descripsit

1872 4613 2159 4683 Apostolus
2186 4622 2241 4668 et
2287 4614 2423 4668 mala
2474 4629 2592 4683 quae
2622 4617 2758 4668 intra
2792 4632 2888 4671 nos
2935 4617 3232 4685 agebantur
3282 4634 3450 4689 expo-

1873 4706 1999 4769 suit,
2032 4714 2091 4759 ut
2117 4706 2182 4759 ad
2213 4706 2457 4758 ultimum
2485 4705 2792 4760 ostenderet
2834 4714 2889 4762 et
2919 4708 3139 4763 doceret
3166 4710 3232 4763 de
3280 4725 3454 4778 quan-

1875 4802 1942 4853 tis
1978 4816 2074 4855 nos
2106 4800 2277 4861 malis,
2312 4808 2367 4853 et
2395 4800 2460 4854 de
2489 4802 2707 4869 quantis
2755 4803 3019 4856 mortibus
3049 4801 3294 4857 ChriStns
3345 4804 3451 4857 eri-

1872 4890 2006 4961 puit.
2038 4889 2234 4960 (Δηώ.)
2274 4888 2461 4944 Gratia
2490 4892 2632 4944 enim
2662 4890 2763 4944 Dei
2779 4891 3038 4946 liberatus
3062 4900 3145 4947 est
3173 4894 3335 4948 homo
3384 4896 3450 4950 de

1872 4994 2096 5047 corpore
2146 4980 2334 5033 mortis
2379 4980 2574 5050 hujus:
2632 4982 2771 5034 hanc
2820 4990 3050 5037 mortem
3096 4982 3245 5049 dicit,
3287 4999 3450 5054 quam

1872 5085 2031 5138 supra
2082 5070 2316 5123 ostendit
2386 5072 2437 5123 in
2486 5085 2669 5124 necem
2732 5070 2967 5127 hominis
3024 5088 3119 5142 per
3169 5083 3450 5141 peccatum

1872 5161 2145 5214 inventam
2195 5160 2333 5230 apud
2382 5160 2582 5215 inferos
2609 5202 2623 5225 ,
2674 5177 2793 5231 quae
2836 5163 3133 5233 appellatur
3169 5168 3442 5231 secunda;

1872 5244 2067 5320 corpus
2112 5261 2289 5306 autem
2344 5252 2533 5304 mortis
2586 5260 2668 5305 est
2720 5262 2914 5307 cuncta
2965 5264 3221 5323 peccata:
3279 5256 3447 5311 multa

1869 5342 2014 5396 enim
2053 5359 2217 5397 unum
2248 5358 2441 5411 corpus
2471 5352 2610 5404 sunt.
2642 5345 2851 5415 singula
2880 5348 3032 5415 quasi
3071 5348 3312 5401 membra
3338 5363 3447 5402 uno

1873 5446 2091 5490 auctore
2125 5438 2336 5490 inventa
2359 5478 2373 5501 ,
2406 5453 2469 5491 ex
2503 5438 2696 5506 quibus
2726 5440 2885 5491 homo
2906 5448 3125 5507 ereptus
3148 5440 3319 5509 gratia
3352 5439 3446 5494 Dei

1872 5543 1969 5595 per
2009 5529 2330 5596 baptismum
2364 5544 2524 5598 supra
2573 5528 2770 5582 dictam
2823 5539 3052 5583 mortem
3082 5530 3271 5583 evasit.
3333 5528 3445 5585 Nee

1872 5621 2014 5673 enim
2054 5620 2105 5673 in
2143 5634 2340 5673 carneo
2386 5634 2608 5688 corpore
2634 5621 2840 5688 positus
2867 5621 2933 5675 de
2964 5636 3030 5674 eo
3061 5621 3175 5689 ipso
3201 5629 3443 5687 ereptum

1874 5727 1932 5764 se
1963 5712 2190 5775 diceret;
2228 5713 2317 5765 sed
2369 5713 2469 5764 hoc
2497 5726 2692 5777 corpus
2720 5712 2871 5771 dixit,
2903 5712 3046 5779 quod
3078 5710 3321 5781 superius
3351 5724 3448 5779 per

1874 5804 2197 5871 baptismum
2228 5811 2283 5855 et
2306 5802 2702 5857 observantiam
2746 5803 2877 5871 legis
2904 5802 3112 5856 destrui
3163 5798 3447 5869 significat.
