3960 6322
470 396 612 455 M35

1106 398 1170 453 Β.
1212 395 1470 453 MBAN!
1506 394 1732 454 IIAURI
1770 396 2091 454 ARCHIEP.
2136 394 2450 453 IIOGUNT.
2480 392 2770 453 OPERUM
2810 393 2990 452 PARS
3028 394 3116 452 Ill.

3613 400 3745 457 “56

469 512 605 568 Nam
630 518 687 567 et
712 526 837 567 cum
884 509 1036 574 dicit,
1081 510 1146 564 de
1172 525 1389 580 corpore
1416 509 1623 575 mortis,
1653 508 1893 563 ostendit
1918 507 2065 561 aliud
2088 503 2144 574 Α
2173 504 2382 559 Christo
2414 502 2564 570 Iesu,
2597 502 2682 558 lea:
2711 504 2851 559 enim
2878 505 3094 574 spiritus
3132 509 3251 562 uiue
3286 509 3341 562 in
3379 507 3591 562 Christo
3632 506 3749 563 less

467 620 589 661 esse
618 619 818 674 corpus
848 618 955 657 non
986 602 1196 656 mortis.
1224 599 1407 673 (Aug.)
1429 600 1633 655 Deinde
1654 600 1842 669 incipit
1861 598 2064 653 descri-

469 698 600 754 bere
649 696 928 752 hominem
959 696 1062 751 sub
1108 695 1280 766 gratia
1311 694 1669 749 constitutum
1705 712 1717 747 :
1752 693 1841 762 qui
1873 692 2065 747 tertius

469 791 669 863 gradus
720 796 806 845 est
848 788 1064 844 illorum
1093 794 1331 855 quatuor
1379 801 1516 856 quos
1567 785 1935 840 distinximus.
1986 783 2067 838 Ad

471 886 614 940 hunc
646 882 874 955 gradum
923 881 1037 950 jam
1090 876 1328 949 pertinet
1355 878 1500 949 quod
1530 878 1712 933 statim
1747 875 2021 946 subiungit
2050 893 2062 929 :

470 974 644 1044 Igitur
686 990 779 1043 ego
819 974 929 1041 ipse
973 981 1142 1023 mente
1181 971 1350 1024 servio
1392 968 1493 1038 legi
1524 967 1637 1030 Dei,
1686 982 1845 1020 carne
1892 976 2069 1019 autem

475 1065 578 1136 legi
600 1072 797 1134 peccati
829 1078 847 1116 :
878 1061 1003 1131 quia
1040 1060 1167 1115 licet
1204 1058 1565 1114 existentibus
1610 1057 1893 1111 desideriis
1944 1072 2069 1111 car-

471 1154 706 1221 nalibus,
730 1153 842 1224 jam
875 1167 982 1206 non
1015 1152 1185 1207 servit
1210 1149 1601 1205 conscntiendo
1651 1148 1718 1201 ad
1760 1147 2067 1201 faciendum

470 1245 885 1318 peccatum,qui
909 1245 1010 1299 sub
1024 1244 1197 1315 gratia
1219 1241 1548 1297 constitutus
1574 1248 1755 1293 mente
1775 1238 1945 1292 servit
1964 1236 2070 1306 legi

472 1339 591 1402 Dei,
618 1350 783 1395 carne
817 1345 998 1390 autem
1027 1334 1128 1403 legi
1159 1332 1389 1403 peccati.
1424 1331 1619 1401 Legem
1644 1340 1824 1384 autem
1860 1328 2070 1399 peccati

475 1430 610 1485 dicit
638 1444 706 1483 ex
739 1426 1175 1496 transgressione
1218 1423 1347 1479 Adae
1371 1423 1732 1478 conditionem
1759 1419 2067 1479 mortalem,

470 1535 575 1591 qua
594 1520 854 1576 mortales
870 1518 996 1573 lauti
1014 1532 1200 1573 sumus
1218 1534 1231 1570 :
1250 1531 1314 1571 ex
1330 1517 1434 1570 hac
1449 1515 1591 1569 enim
1611 1514 1727 1569 labe
1741 1513 2072 1573 carnis,con-

473 1612 813 1681 cupiscentia
834 1610 1071 1666 carnalis
1091 1608 1360 1670 sollicitat,
1385 1616 1438 1661 et
1455 1606 1751 1660 secundum
1775 1606 1913 1659 hanc
1940 1603 2072 1658 dicit

472 1704 577 1760 alio
606 1706 725 1760 loco
753 1704 967 1775 (Ephes.
1002 1706 1061 1774 ιι)
1094 1722 1105 1757 :
1138 1700 1367 1756 Fuimus
1391 1710 1439 1755 et
1474 1718 1565 1754 nos
1588 1710 1779 1754 natura
1804 1698 1904 1767 ﬁlii
1954 1699 2067 1763 ἕπε,

472 1800 606 1854 sicut
655 1800 917 1854 etcieteri.
955 1798 1113 1868 (Amh
1141 1796 1161 1869 )
1192 1796 1334 1866 Ego,
1364 1795 1559 1864 inquit,
1592 1794 1724 1862 ipse,
1758 1792 1810 1846 id
1841 1800 1941 1852 est,
1979 1792 2071 1859 qui

2165 599 2402 653 liberavit
2442 615 2523 653 me
2570 615 2604 651 α
2646 597 2755 669 lege
2799 599 2997 667 peccati
3040 608 3089 652 et
3118 600 3323 652 mortis.
3379 598 3580 669 (0rig.)
3633 598 3753 666 Qua

2164 698 2312 745 esset
2337 690 2621 745 diversitas
2651 690 2705 742 in
2734 689 2819 743 his
2845 690 2936 759 qui
2965 690 3110 745 velut
3152 689 3205 743 in
3236 690 3475 759 quodam
3508 694 3750 747 certami-

2169 796 2237 836 ne
2264 782 2425 849 positi
2455 780 2671 849 quidem
2697 790 2878 835 mente
2909 782 3201 837 secundum
3231 782 3326 837 Dei
3352 782 3530 853 legem
3556 786 3750 852 vivunt,

2168 872 2350 926 carnis
2383 886 2509 925 vero
2582 871 2865 926 desideriis
2913 883 3147 941 aguntur
3182 872 3302 943 lege
3352 875 3584 942 peccati,
3618 884 3673 927 ut
3705 876 3753 930 in

2170 966 2542 1035 superioribus
2603 964 2804 1019 docuit.
2869 964 3023 1021 Nunc
3070 981 3201 1020 vero
3252 968 3318 1021 de
3349 966 3436 1019 bis
3464 966 3618 1029 dicit,
3671 968 3753 1035 qui

2169 1072 2277 1110 non
2315 1057 2430 1127 jam
2455 1072 2521 1111 ex
2556 1064 2707 1127 parte
2738 1058 2790 1111 in
2822 1073 2989 1113 carne
3020 1074 3086 1113 ex
3117 1069 3271 1129 parte
3315 1060 3368 1113 iu
3405 1061 3623 1130 spiritu,
3668 1061 3754 1115 sed

2170 1161 2236 1201 ex
2268 1147 2478 1217 integro
2502 1148 2557 1201 in
2582 1146 2800 1202 Christo
2825 1156 2971 1213 sunt,
3004 1157 3059 1203 et
3088 1152 3410 1220 pronuntiat
3434 1152 3488 1205 in
3521 1153 3605 1206 his
3634 1153 3753 1207 nihil

2171 1240 2516 1293 damnatione
2563 1255 2683 1295 esse
2714 1241 2959 1311 dignum,
2991 1243 3117 1312 quia
3159 1242 3243 1296 lex
3279 1244 3507 1312 spiritus
3545 1247 3665 1299 vita:
3704 1246 3750 1299 in

2170 1330 2388 1385 Christo
2416 1330 2543 1385 Jcsu
2570 1331 2821 1386 liberavit
2856 1347 2950 1387 eos
2978 1348 3009 1386 a
3040 1332 3155 1403 lege
3201 1337 3408 1404 μεθεκῑί
3450 1345 3507 1389 et
3554 1339 3748 1392 mortis.

2171 1422 2283 1476 Lex
2330 1431 2505 1476 autem
2547 1422 2768 1492 spiritus
2798 1424 2920 1477 vitae
2950 1440 3056 1478 una
3082 1427 3381 1494 eademque
3410 1436 3518 1488 est,
3564 1442 3678 1496 qua:
3702 1438 3749 1482 rt

2168 1510 2257 1564 lex
2288 1510 2400 1573 Dei,
2435 1512 2575 1565 sicut
2606 1526 2821 1565 rursum
2850 1527 2957 1565 una
2996 1513 3295 1582 eademque
3322 1523 3405 1568 est
3442 1515 3530 1568 lex
3569 1530 3754 1585 pecca-

2174 1600 2234 1666 ti,
2268 1609 2323 1655 et
2379 1600 2463 1653 lex
2502 1602 2709 1655 mortis.
2750 1600 2893 1655 Nihil
2937 1617 3066 1673 ergo
3107 1602 3478 1659 damnationis
3530 1606 3750 1669 erit-his,

2171 1694 2264 1763 qui
2295 1709 2325 1747 a
2355 1694 2471 1765 lege
2493 1695 2721 1763 peccati,
2752 1710 2873 1763 quae
2908 1704 2991 1749 est
3022 1694 3109 1749 lex
3138 1698 3355 1762 mortis,
3390 1699 3607 1766 penitus
3628 1698 3754 1752 libe-

2177 1794 2383 1851 rantur,
2434 1794 2488 1840 et
2522 1788 2621 1858 legi
2654 1789 2771 1851 Dei,
2819 1804 2939 1859 qua:
2965 1797 3050 1844 est
3080 1791 3165 1845 lex
3208 1793 3454 1861 spiritus,
3502 1795 3750 1849 serviunt.

471 1892 735 1947 liberatus
759 1908 884 1946 sum
933 1892 997 1945 de
1041 1866 1269 1959 corpore
1312 1888 1535 1951 πηοτιίε,
1571 1894 1752 1942 meme
1779 1884 1863 1939 νει
1890 1886 2071 1940 animo
2103 1866 2148 1927 Β
2180 1875 2398 1931 Servire
2434 1866 2617 1933 autem
2649 1879 2749 1950 legi
2807 1880 2927 1945 Dei,
2973 1889 3029 1935 et
3074 1897 3197 1936 esse
3226 1884 3326 1937 sub
3356 1884 3474 1955 lege
3528 1886 3753 1954 spiritus,

472 1984 651 2038 servio
671 1983 773 2054 legi
790 1982 1084 2046 Dei,carne
1113 1990 1291 2035 autem
1307 1981 1408 2050 legi
1437 1980 1668 2047 peccati,
1686 1979 1738 2032 id
1759 1987 1857 2041 est,
1884 1978 2071 2032 diabo-

472 2074 530 2140 li,
559 2074 649 2145 qui
682 2089 778 2143 per
804 2073 1102 2141 subjectam
1132 2073 1235 2126 sibi
1255 2088 1475 2127 carnem
1498 2071 1873 2141 suggestiones
1901 2070 2071 2125 malas

472 2164 669 2235 ingerit
709 2164 921 2217 animae.
958 2162 1095 2229 Quia
1120 2178 1253 2233 ergo
1293 2163 1491 2232 duplex
1528 2173 1611 2216 est
1666 2162 1847 2226 homo,
1908 2176 2071 2218 carne

472 2272 766 2313 conversus
836 2264 895 2310 et
946 2257 1161 2321 animo,
1218 2256 1321 2327 legi
1373 2255 1468 2311 Dei
1526 2265 1707 2311 mente
1757 2256 1962 2310 servire
2012 2269 2072 2308 se

474 2350 632 2415 dixit,
671 2349 797 2419 quia
828 2350 1044 2403 animus
1098 2350 1322 2403 devotus
1351 2357 1434 2404 est
1478 2350 1612 2414 Deo,
1649 2359 1704 2403 et
1750 2360 2069 2419 recuperata

475 2444 559 2498 sui
610 2449 878 2512 potestate
928 2456 1229 2514 repugnare
1277 2450 1454 2512 potest
1498 2450 1744 2511 peccato,
1792 2442 1934 2510 quod
1974 2456 2072 2511 per

475 2549 696 2591 carnem
749 2544 1047 2605 operatur;
1103 2534 1232 2605 quia
1292 2536 1440 2589 enim
1513 2548 1639 2587 caro
1685 2540 1935 2603 corrupta
1989 2541 2073 2587 est

470 2633 529 2682 et
576 2625 735 2680 morti
778 2623 1047 2693 subjecta.
1110 2623 1243 2690 Quae
1293 2624 1371 2678 sic
1430 2622 1571 2678 facta
1620 2632 1735 2676 erat
1791 2631 1852 2676 ut
1900 2622 2068 2677 socie-

474 2726 588 2773 tate
632 2726 689 2771 et
730 2716 1110 2786 conjunctione
1171 2715 1367 2769 animm
1424 2729 1532 2767 non
1592 2721 1920 2777 moreretur,
1987 2727 2072 2766 re-

475 2809 623 2882 cepit
680 2807 983 2873 desideria,
1059 2820 1294 2876 quorum
1385 2804 1540 2874 quasi
1611 2819 1749 2859 onus
1799 2804 2071 2873 quoddam

480 2898 744 2955 transfert
789 2898 856 2953 ad
876 2898 1148 2962 animum,
1179 2907 1239 2951 ut
1269 2905 1329 2951 et
1360 2897 1475 2967 ipse
1504 2906 1792 2967 gravetur:
1825 2896 1922 2949 sed
1946 2896 2072 2964 quia

478 2991 690 3062 respuit
735 2989 885 3045 illam
936 3002 1165 3044 mortem
1193 2990 1367 3061 gratia
1416 2990 1544 3054 Dei,
1578 2992 1675 3054 ait,
1707 2987 1878 3043 Mente
1906 2991 2071 3043 servio

476 3082 579 3155 legi
634 3082 755 3147 Dei,
803 3097 963 3135 carne
1010 3091 1185 3135 autem
1242 3081 1342 3152 legi
1392 3082 1623 3152 peccati,
1684 3082 1823 3136 sicut
1871 3083 2069 3137 dictum

477 3184 581 3231 est.
633 3173 752 3229 Jam
800 3174 945 3230 enim
973 3174 1114 3229 liber
1143 3174 1378 3237 animus,
1408 3183 1463 3229 et
1512 3175 1569 3229 in
1619 3175 2071 3230 consuetudinem

2168 1968 2278 2023 hoc
2304 1979 2389 2023 est
2427 1968 2649 2025 Christo
2674 1972 2915 2035 servire;
2946 1970 3165 2027 Christo
3197 1982 3381 2029 autem
3414 1976 3641 2038 servire,
3665 1975 3757 2029 hoc

2171 2068 2255 2114 est
2279 2061 2484 2115 servire
2516 2062 2817 2129 sapientiai,
2847 2063 3053 2118 servire
3096 2063 3344 2134 justitite,
3380 2067 3587 2120 servire
3632 2066 3759 2119 veri-

2173 2154 2288 2216 tati,
2322 2154 2682 2223 omnibusque
2712 2155 2871 2208 simul
2905 2156 3109 2209 servire
3141 2157 3455 2212 virtutibus.
3484 2158 3638 2213 Unde
3663 2174 3757 2213 non

2172 2255 2255 2302 est
2286 2246 2579 2315 putandum
2624 2247 2769 2317 quod
2796 2246 2865 2301 ad
2914 2246 3152 2301 subitum
3191 2248 3339 2318 quis,
3374 2258 3434 2302 et
3481 2250 3661 2302 statim
3708 2258 3759 2302 ut

2170 2338 2421 2401 voluerit,
2439 2353 2469 2391 a
2497 2338 2718 2392 servitio
2746 2338 2882 2407 legis
2912 2338 3143 2407 peccati,
3178 2340 3478 2393 translatus
3503 2338 3757 2395 elﬁciatur

2172 2430 2227 2485 in
2284 2428 2505 2484 Christo
2557 2427 2705 2492 Jesu,
2758 2428 2834 2482 ita
2888 2437 2948 2482 ut
2997 2428 3131 2484 nihil
3182 2428 3236 2483 in
3280 2444 3345 2483 eo
3393 2429 3757 2497 jamobtentu

2164 2523 2379 2592 peccati
2429 2520 2793 2574 damnationis
2841 2520 3137 2586 habeatur;
3213 2521 3441 2589 requirit
3495 2530 3673 2575 autem
3712 2522 3759 2574 in

2173 2628 2500 2682 unoquoque
2546 2621 2728 2682 partes
2782 2626 2907 2666 suas
2947 2612 3161 2683 justitia
3194 2629 3206 2665 :
3239 2613 3455 2681 probat,
3486 2613 3533 2668 si
3562 2614 3633 2666 ita
3659 2612 3758 2681 jam

2171 2705 2493 2760 emendatus
2541 2710 2625 2757 est
2659 2710 2714 2758 et
2751 2710 3058 2767 correctus,
3088 2710 3153 2757 ut
3199 2702 3332 2755 nihil
3360 2704 3415 2756 in
3466 2718 3534 2757 eo
3582 2702 3755 2770 injusti

2172 2796 2353 2866 operis
2382 2794 2641 2859 inveniat,
2664 2808 2732 2849 ex
2760 2809 2867 2863 quo
2892 2785 3168 2849 damnatio
3196 2795 3582 2865 wbsequatur.
3612 2794 3761 2848 Simi-

2170 2888 2294 2943 liter
2325 2896 2378 2942 et
2405 2888 2607 2941 veritas
2667 2886 2897 2956 requirit
2926 2887 2978 2940 in
3022 2900 3350 2956 unoquoque
3394 2895 3582 2955 partes
3623 2901 3759 2949 suas,

2172 2986 2215 3039 si
2250 2984 2537 3038 translatus
2565 2983 2687 3053 quis
2718 2998 2748 3036 a
2796 2982 2912 3053 lege
2940 2982 3146 3053 peccati
3178 2982 3321 3035 nulla
3341 2980 3457 3048 jam
3495 2996 3567 3035 ex
3616 2989 3761 3049 parte

2172 3076 2481 3131 inveniatur
2525 3075 2785 3143 obsequia
2830 3073 3078 3129 veritatis
3128 3072 3488 3129 contaminari
3548 3074 3760 3125 menda-

2172 3167 2277 3221 cio.
2347 3164 2607 3220 Similiter
2650 3174 2706 3220 et
2732 3164 2989 3235 pudicitia
3044 3172 3227 3234 partes
3252 3178 3383 3218 suas
3435 3164 3675 3227 discutit,
3723 3164 3764 3217 si

476 3268 677 3323 bonam
726 3275 1036 3329 revocatus,
1090 3263 1299 3337 Spiritu
1355 3236 1547 3321 sancto
1612 3266 1902 3337 adjuvanie
1949 3236 2142 3321 [ηδ-Ο
2176 3256 2336 3311 nullis
2392 3257 2460 3310 ab
2516 3271 2583 3310 eo
2638 3256 2927 3324 impudicis
2971 3254 3257 3310 desideriis
3305 3254 3629 3309 maculatur.
3682 3256 3765 3309 Sic

479 3358 567 3415 las
634 3359 1005 3431 sugges1iones
1058 3366 1239 3427 potest
1281 3372 1545 3427 spernere
1590 3377 1602 3411 :
1663 3358 1872 3413 reddita
1925 3358 2069 3411 enim

481 3460 567 3508 est
589 3450 668 3506 illi
697 3436 993 3508 auctoritas
1016 3465 1127 3521 qua
1157 3450 1352 3505 audeat
1377 3452 1637 3506 resistere
1683 3451 1925 3505 inimico.
1968 3450 2069 3516 Qui

484 3545 627 3600 enim
653 3542 767 3611 jam
800 3557 906 3597 non
935 3551 1020 3597 est
1050 3540 1336 3607 obnoxius,
1370 3544 1592 3597 minime
1620 3544 1820 3613 poterit
1851 3542 2072 3610 indaga-

481 3635 529 3691 ri
566 3634 809 3699 invitus;
837 3648 984 3688 «caro
1034 3641 1214 3687 autem
1264 3632 1393 3702 quia
1431 3632 1692 3701 judicium
1725 3648 1830 3686 non
1883 3632 2068 3696 habet,

480 3742 657 3799 neque
679 3742 851 3798 capax
880 3736 967 3783 est
998 3726 1360 3789 discernendi,
1392 3735 1476 3779 est
1500 3726 1642 3779 enim
1666 3726 1824 3779 bruta
1852 3733 2069 3788 natura,

481 3833 588 3874 non
616 3826 798 3889 potest
836 3816 1055 3871 inimico
1082 3815 1288 3869 aditum
1320 3815 1594 3878 claudere,
1628 3831 1698 3870 ne
1727 3816 1953 3870 veniens
1996 3815 2074 3868 in-

481 3914 679 3971 troeat,
712 3914 874 3976 atque
909 3906 1090 3960 animo
1125 3906 1403 3960 contraria
1433 3906 1677 3971 suadeat,
1709 3921 1772 3961 ac
1800 3918 1897 3975 per
1926 3906 2067 3959 hoc:

481 3994 675 4061 Carne,
701 3996 797 4060 ait,
834 3999 1000 4049 servio
1028 3994 1128 4063 legi
1156 3992 1530 4063 peccati.Cum
1556 3994 1703 4047 enim
1729 4008 1872 4047 unus
1912 3996 2072 4049 homo

483 4103 647 4143 came
671 4096 884 4143 constet
914 4097 969 4141 et
1000 4088 1200 4147 anima,
1232 4100 1300 4140 ex
1332 4085 1424 4138 illa
1454 4094 1609 4155 parte
1636 4100 1737 4154 qua
1763 4084 1926 4153 sapit,
1958 4083 2068 4139 Deo

485 4180 675 4242 servit,
704 4188 771 4232 ex
798 4178 971 4231 altera
989 4186 1167 4229 autem
1190 4188 1295 4244 qua
1323 4175 1550 4231 stolidus
1574 4183 1677 4239 est,
1712 4175 1812 4245 legi
1844 4174 2069 4243 peccati.

482 4270 548 4327 Si
576 4280 755 4325 autem
794 4270 961 4325 homo
988 4269 1045 4323 in
1074 4283 1138 4323 eo
1168 4268 1309 4337 quod
1338 4267 1513 4322 factus
1563 4276 1646 4321 est
1681 4268 2028 4337 perdurasset
2055 4305 2070 4332 ,

486 4379 594 4431 non
616 4370 1021 4433 essetpotestas
1050 4362 1268 4417 inimico
1295 4362 1360 4417 ad
1386 4377 1604 4417 carnem
1628 4363 1743 4432 ejus
1792 4363 2071 4426 accedere,

484 4454 541 4512 et
572 4458 764 4511 animae
794 4456 1067 4510 contraria
1092 4470 1393 4510 susurrare.
1432 4455 1501 4511 Ut
1528 4464 1709 4510 autem
1742 4463 1883 4509 totus
1908 4455 2074 4509 homo

488 4547 711 4602 minime
747 4554 1027 4615 reparatus
1058 4544 1245 4600 fuisset
1293 4546 1463 4616 gratia
1496 4544 1587 4598 Dei
1636 4545 1701 4597 ad
1732 4552 1929 4598 statum
1960 4544 2072 4613 pri-

487 4638 713 4701 stinum,
757 4636 1027 4690 sententia
1056 4635 1265 4689 obstitit
1312 4635 1433 4688 data
1472 4634 1527 4686 ln
1570 4633 1774 4697 Adam;
1832 4634 2071 4701 iniquum

489 4730 631 4784 enim
656 4738 773 4783 erat
796 4730 1003 4784 solvere
1039 4728 1501 4797 sententiamjure
1549 4727 1919 4795 depromptam
1946 4741 1958 4777 :
1990 4726 2071 4779 id-

490 4821 636 4877 circo
666 4832 915 4876 manente
945 4822 1230 4884 sententia,
1263 4820 1598 4889 providentia
1649 4820 1741 4873 Dei
1778 4804 2073 4873 remedium

487 4911 768 4967 inventum
793 4924 899 4975 est,
933 4922 992 4966 ut
1038 4912 1414 4966 redhiberetur
1439 4910 1646 4965 homini
1695 4908 1863 4969 salus,
1913 4923 2075 4976 quam

490 5006 707 5077 proprio
756 5006 891 5058 vitio
943 5006 1216 5059 amiserat.
1278 5004 1345 5059 Ut
1395 5004 1481 5058 hic
1534 5014 1754 5057 renatus
1810 5003 2073 5065 crederet,

494 5101 619 5169 quia
646 5100 987 5154 adversarius
1016 5097 1132 5165 ejus
1174 5099 1417 5151 devictus
1445 5097 1682 5165 potentia
1715 5094 1917 5149 Christi
1968 5108 2076 5147 non

496 5190 737 5253 auderet,
772 5197 1123 5259 transpuncta
1148 5187 1416 5242 sententia
1452 5188 1643 5257 primae-
1660 5186 1869 5248 mortis,
1902 5186 2079 5239 homi-

494 5296 619 5335 nem
655 5280 754 5334 sibi
800 5278 1108 5343 defendere,
1162 5281 1398 5333 adunato
1448 5293 1643 5347 genere
1696 5278 1846 5341 Adae,
1902 5293 1970 5331 ne
2010 5277 2078 5331 ad

498 5372 684 5444 prima:
709 5372 931 5440 originis
980 5371 1294 5425 redderetur
1325 5370 1610 5437 facturam,
1634 5371 1748 5442 jam
1779 5379 1922 5425 totus
1956 5385 2081 5438 per-

499 5480 725 5521 manens
756 5466 1093 5521 immortalis.

1122 5576 1349 5634 CAPUT
1381 5576 1513 5633 VIII.

504 5672 742 5727 Ostendit
773 5670 871 5741 legi
913 5671 1108 5724 Christi
1136 5688 1245 5723 csse
1272 5671 1495 5738 firmiter
1521 5668 1917 5741 adhmrendum,
1953 5684 2084 5739 quo-

678 5740 831 5796 niam
850 5760 945 5795 sua
972 5745 1055 5795 lex
1081 5752 1153 5793 est
1186 5742 1267 5793 lex
1308 5744 1443 5805 nitar,
1482 5751 1529 5795 et
1562 5740 1644 5793 lex
1665 5742 1902 5809 spiritus.

576 5836 725 5893 Nihil
751 5854 872 5905 ergo
912 5854 1049 5892 nunc
1085 5837 1441 5891 damnationis
1482 5846 1557 5889 est
1586 5836 1686 5899 his,
1742 5835 1833 5906 qui
1875 5843 1995 5888 sunt
2026 5837 2083 5890 in

2098 4598 2153 4659 Β

2172 3348 2369 3419 pietas,
2393 3348 2471 3402 sic
2494 3347 2782 3417 sapientia,
2802 3354 2987 3416 partes
3014 3360 3139 3400 suas
3174 3347 3229 3400 in
3252 3359 3585 3414 unoauoque
3598 3345 3766 3398 discu-

2169 3449 2332 3508 tiunt,
2388 3461 2523 3517 quas
2553 3445 2598 3499 si
2628 3452 2777 3499 recte
2806 3452 2860 3498 et
2888 3444 3095 3513 integre
3125 3444 3176 3496 in
3204 3458 3270 3497 eo
3320 3449 3575 3495 constare
3620 3454 3767 3509 tepe-

2173 3539 2384 3603 rierint,
2431 3545 2558 3592 tunc
2587 3537 2639 3590 in
2668 3535 2889 3591 Christo
2936 3550 3079 3599 esse,
3109 3543 3168 3589 et
3213 3534 3351 3589 nihil
3401 3534 3766 3588 damnationis

2170 3632 2374 3686 habere
2405 3630 2699 3701 putabitur.
2730 3628 2861 3696 Quae
2904 3630 3089 3698 utique
3116 3628 3338 3682 dubium
3369 3643 3475 3682 non
3508 3636 3612 3690 est,
3640 3627 3765 3695 quin

2169 3738 2272 3777 usu
2299 3730 2364 3777 et
2409 3721 2760 3776 meditatione
2791 3720 2969 3791 longs,
3007 3728 3063 3774 et
3104 3720 3289 3774 labore
3335 3718 3587 3789 pervigili
3638 3734 3769 3773 con-

2173 3818 2499 3887 quirantnr;
2557 3826 2611 3871 et
2656 3817 2776 3871 ideo
2818 3831 2925 3870 non
2976 3817 3164 3872 otiosis
3214 3817 3330 3870 haec
3384 3815 3632 3870 accidere
3682 3821 3771 3867 aut

2171 3909 2431 3979 segnibus
2478 3916 2691 3963 certum
2739 3917 2843 3971 est,
2895 3908 2988 3963 sed
3037 3908 3290 3978 paulatim
3338 3906 3688 3978 proﬁcieudo,
3718 3914 3768 3961 et

2174 4003 2351 4071 primo
2394 4017 2588 4071 pauca,
2623 4008 2753 4056 tunc
2792 4001 2984 4057 deinde
3030 4002 3271 4063 minima,
3304 4002 3375 4056 ad
3423 4000 3672 4054 ultimum
3725 4000 3769 4052 si

2174 4089 2417 4147 obtinere
2439 4101 2751 4160 potuerunt,
2777 4092 2918 4146 nulla
2940 4093 3230 4161 peccando.
3252 4092 3440 4163 (Αας.)
3464 4091 3530 4145 Et
3559 4091 3767 4159 quidem

2176 4182 2307 4235 satis
2350 4182 2588 4236 ostendit
2609 4182 3119 4237 condemnationem
3147 4198 3253 4237 non
3295 4198 3436 4244 esse,
3462 4184 3507 4236 si
3540 4181 3770 4237 existant

2176 4272 2443 4329 desideria
2491 4273 2753 4336 carnalia,
2800 4273 2897 4328 sed
2950 4274 2996 4327 si
3036 4273 3115 4328 eis
3162 4273 3229 4327 ad
3276 4274 3612 4342 peccandum
3664 4289 3765 4326 non

2174 4365 2482 4429 obediatur;
2503 4365 2651 4435 quod
2679 4366 2943 4436 contingit
2976 4365 3059 4420 his
3084 4366 3174 4434 qui
3202 4365 3302 4419 sub
3331 4365 3449 4435 lege
3492 4366 3766 4419 constituti

2176 4466 2322 4521 sunt,
2340 4455 2582 4512 nondum
2609 4459 2708 4512 sub
2734 4458 2931 4528 gratia.
2951 4456 3083 4511 Nam
3105 4456 3207 4512 sub
3232 4458 3346 4528 lege
3360 4458 3635 4512 constituti
3665 4473 3765 4511 non

2179 4552 2352 4606 solum
2403 4561 2790 4623 repugnantem
2838 4552 3040 4607 habent
3108 4552 3627 4620 concupiscentiam,
3677 4556 3767 4606 sed

2180 4644 2343 4699 etiam
2362 4644 2559 4712 captivi
2581 4644 2871 4709 ducuntur,
2891 4660 3015 4699 cum
3035 4645 3412 4712 obtemperant
3429 4644 3479 4698 ei
3507 4659 3520 4697 :
3553 4658 3653 4698 non
3670 4644 3767 4696 hoc

2182 4734 2443 4805 contingit
2480 4734 2565 4788 his
2590 4734 2682 4804 qui
2713 4744 2890 4788 Intan
2918 4736 3159 4789 serviunt
3180 4734 3285 4804 legi
3316 4735 3431 4789 Dei.
3480 4732 3765 4803 (Cassium)

2184 4825 2353 4890 Nihil,
2387 4826 2581 4895 inquit,
2623 4822 2757 4880 nunc
2786 4826 3141 4881 damnationis
3172 4838 3244 4881 est
3282 4828 3363 4880 his
3414 4828 3505 4897 qui
3562 4836 3678 4878 sunt
3716 4826 3767 4877 in

2183 4915 2388 4970 Christo
2418 4916 2566 4979 Jesu,
2599 4916 2682 4970 lea:
2708 4918 2843 4970 enim
2872 4915 3101 4986 Spiritus
3159 4920 3280 4971 vita?
3308 4919 3361 4971 in
3388 4915 3598 4971 Christo
3642 4918 3767 4972 les:

2183 5002 2418 5059 liberavit
2443 5023 2521 5059 me
2546 5024 2576 5060 ιι
2615 5006 2723 5076 lege
2756 5009 2955 5077 peccati
2978 5018 3026 5061 et
3054 5010 3273 5073 mortis;
3302 5010 3354 5063 in
3380 5025 3489 5078 quo
3516 5010 3765 5077 intelligi-

2180 5107 2270 5151 tur
2297 5097 2609 5167 quotidiana
2653 5099 2825 5167 gratia
2866 5097 3069 5153 Christi
3117 5114 3306 5153 omnes
3356 5110 3575 5153 sanctos
3623 5116 3765 5159 suos.

2180 5190 2248 5243 ab
2279 5190 2384 5243 hac
2432 5189 2550 5259 lege
2569 5189 2778 5259 peccati
2827 5198 2882 5245 et
2912 5190 3120 5253 mortis,
3166 5190 3218 5243 in
3248 5206 3411 5260 quam
3462 5188 3661 5260 iugiter
3685 5190 3768 5245 vel

2180 5284 2425 5339 nolentes
2450 5293 2718 5356 coguntur
2749 5285 3047 5350 incurrere,
3076 5302 3198 5340 cum
3222 5287 3768 5361 remissionemdebio

2183 5384 2359 5429 torum
2389 5390 2609 5430 suorum
2640 5392 2673 5434 a
2694 5376 2920 5443 Domino
2936 5386 3252 5447 precantur,
3284 5377 3515 5431 absolvi.
3540 5377 3770 5433 Videtur

2191 5478 2317 5534 ergo
2358 5480 2466 5518 non
2494 5480 2557 5519 ex
2607 5479 2836 5535 persona
2881 5476 3245 5535 peccatorum,
3284 5466 3379 5521 sed
3419 5482 3487 5521 ex
3536 5467 3764 5533 illorum,

2199 5562 2280 5630 qui
2311 5576 2441 5615 vere
2476 5562 2648 5616 sancti
2702 5570 2862 5630 atque
2897 5560 3125 5631 perfecti
3174 5570 3321 5627 sunt,
3363 5561 3509 5617 hanc
3550 5563 3766 5617 beatum

2190 5652 2502 5720 Apostolum
2527 5652 2854 5722 prompsisse
2886 5654 3250 5707 sententiam:
3300 5651 3426 5705 Non
3455 5653 3595 5731 {nim
3633 5652 3767 5721 quod

2190 5743 2303 5795 volo
2330 5744 2466 5811 facio
2500 5745 2707 5805 bonum,
2737 5744 2826 5796 sed
2867 5744 3005 5813 quod
3050 5743 3137 5796 odi
3160 5742 3358 5796 malum
3392 5744 3493 5798 hoc
3520 5760 3652 5814 ago;
3679 5752 3765 5797 et:

2199 5832 2361 5889 Video
2390 5835 2551 5889 aliam
2580 5834 2741 5903 legem
2770 5837 2825 5889 in
2848 5834 3091 5890 membris
3126 5834 3254 5889 meis
3276 5844 3655 5893 renuanantem
3677 5830 3767 5897 legi
