3960 6342
239 437 379 495 1437

768 434 1317 493 ENARRATIONUM
1357 435 1424 492 IN
1462 435 1608 491 EPP.
1649 435 1853 491 PAULI
1888 435 2020 511 LlBi
2057 438 2147 494 IV.
2189 469 2258 482 -—
2295 440 2362 495 IN
2403 439 2623 496 EPIST.
2666 443 2756 498 AD
2789 438 2959 498 ROM.

3359 445 3380 500 i
3398 441 3500 501 458

235 553 426 608 mentis
452 567 579 605 mea?
603 561 650 603 et
674 552 928 619 captivum
956 568 1036 606 me
1061 552 1332 606 ducentem
1363 552 1417 604 in
1458 550 1564 621 lege
1593 551 1812 621 peccati,
1843 552 1890 612 Α
1919 551 2058 621 gelio
2081 562 2260 606 autem
2291 557 2582 609 secundum
2609 555 2870 610 Joannem
2899 555 3161 624 scriptum
3189 563 3290 620 est,
3321 557 3496 612 Domi-

230 660 357 715 qute
381 657 454 696 est
487 648 538 694 in
566 641 804 694 membris
834 643 984 694 meis.

311 735 417 789 Lex-
444 735 600 797 enim,
628 735 724 796 ait,
753 733 982 802 Spiritus
1013 743 1132 786 vita:
1173 733 1226 786 in
1267 731 1472 786 Christo
1518 732 1644 786 Jesu
1686 732 1814 785 libe-

233 827 369 880 ravit
392 841 471 878 me
491 842 524 876 a
550 826 656 893 lege
681 826 874 893 peccati
902 834 948 877 et
972 825 1194 877 'ntortis.
1231 824 1246 887 l
1254 824 1289 876 A
1301 823 1432 891 mh.)
1461 823 1814 877 Securitatem

232 919 437 988 ﬂagitat
466 919 665 974 homini
697 932 791 986 per
809 917 1034 986 gratiam
1067 917 1182 993 Dei,
1208 925 1263 968 Iit
1296 918 1362 969 de
1386 917 1816 986 suggestionibus

230 1009 429 1062 (iiulmli
484 1025 587 1063 non
637 1010 708 1062 sit
766 1008 1045 1070 sollicitus,
1075 1008 1365 1060 (lllllllllOth
1397 1019 1612 1075 spernat
1654 1010 1810 1062 illas:

227 1100 362 1152 nihil
401 1100 544 1151 enim
575 1099 776 1168 lipiiiini
806 1099 1036 1151 oberunt
1063 1099 1202 1166 apud
1235 1108 1468 1152 mortem
1499 1101 1814 1164 secundam,

228 1193 354 1258 quia
403 1187 486 1242 lex
520 1187 663 1252 ﬁdei,
694 1188 748 1241 id
793 1196 875 1240 est
910 1189 1149 1256 spiritus,
1186 1189 1428 1242 liberavit
1483 1189 1752 1244 hominem
1786 1207 1815 1244 a

228 1289 404 1333 tnorte
445 1278 702 1340 sccumla,
728 1278 981 1333 damnato
1024 1288 1291 1347 peccato:
1328 1294 1428 1333 nec
1494 1281 1646 1334 obest
1704 1283 1814 1350 jam

228 1366 453 1440 homini,
487 1365 610 1435 quia
649 1369 827 1422 carnis
857 1369 995 1422 inest
1033 1378 1332 1435 peccatum.
1381 1371 1424 1423 si
1466 1372 1622 1425 modo
1655 1389 1817 1441 repu-

224 1468 356 1525 gnet
387 1458 483 1519 illi,
514 1473 721 1511 memor
741 1460 923 1510 auxilii
957 1459 1050 1512 Dei
1081 1476 1094 1520 ;
1130 1461 1223 1512 sed
1258 1469 1311 1513 et
1341 1465 1678 1518 coronandus
1709 1475 1808 1528 est,

223 1548 316 1614 qui
347 1550 552 1616 peccati
582 1548 634 1600 in
667 1565 829 1603 carne.
863 1550 1127 1618 manentis
1156 1553 1352 1618 premit
1384 1555 1609 1606 consilia
1638 1572 1649 1607 :
1692 1571 1809 1608 ma-

223 1654 327 1707 gna
360 1639 502 1692 enim
534 1638 753 1693 solertia
779 1648 865 1693 est
905 1641 1189 1695 domestici
1217 1643 1385 1696 hostis
1428 1643 1649 1698 insidias
1697 1647 1808 1698 evi-

224 1733 360 1778 tare.
399 1725 509 1780 Lex
558 1742 686 1796 ergo
714 1729 935 1796 spiritus
967 1730 1088 1782 vitae
1123 1731 1233 1800 ipsa
1266 1741 1348 1784 est
1376 1732 1458 1785 lex
1491 1732 1611 1787 tidei
1643 1752 1655 1784 :
1687 1750 1810 1788 nam

221 1826 279 1869 ct
306 1817 506 1888 llloysis
555 1818 636 1873 lex
663 1820 920 1888 spiritalis
947 1829 1052 1883 est,
1089 1823 1213 1890 quia
1250 1825 1499 1890 prohibet
1541 1841 1804 1894 peccare;

1917 658 1988 696 no
2037 645 2249 699 dicente
2277 663 2289 697 :
2338 644 2400 699 8i
2433 647 2727 701 manseritis
2761 649 2814 702 in
2843 647 2998 700 verba
3029 658 3166 712 meo,
3209 651 3496 718 agnoscetis

1916 736 2200 800 veritatem,
2232 745 2280 789 et
2319 736 2505 789 veritas
2531 735 2764 789 liberabit
2807 753 2894 791 vos
2923 735 3104 807 (loan.
3133 737 3275 804 vm),
3309 739 3358 792 itt
3389 752 3498 808 quo

1918 824 2045 877 mihi
2076 826 2290 894 quidem
2321 824 2534 878 videtur
2561 827 2702 893 quod
2745 826 2995 894 quamvis
3021 842 3186 896 opere
3213 828 3329 884 hzcc
3375 843 3404 882 a
3435 843 3495 886 se

1917 908 2126 967 diversa
2157 917 2444 970 videantur
2488 915 2570 970 vel
2599 917 2839 980 nomine,
2871 932 2929 970 re
2969 927 3148 973 tamen
3182 921 3292 989 ipsa
3327 939 3489 978 unum

1917 1005 2050 1070 sint;
2083 1007 2329 1061 Christus
2371 1009 2515 1061 enim
2538 1010 2649 1061 vita
2682 1017 2786 1072 est,
2817 1018 2872 1062 et
2915 1011 3026 1079 ipse
3059 1022 3141 1067 est
3171 1015 3491 1085 qoLlibera-

1917 1093 2013 1156 bit,
2041 1104 2094 1148 et
2123 1096 2208 1149 hic
2240 1097 2474 1166 Spiritus
2505 1098 2625 1151 vitae
2651 1098 2863 1152 liberat.
2893 1098 2960 1152 Et
2987 1104 3253 1168 quomodo
3288 1120 3392 1158 non
3436 1106 3488 1158 in

1916 1194 2159 1253 utroque.
2191 1203 2296 1240 una
2332 1189 2551 1242 libertas
2581 1189 2701 1242 est?
2735 1188 2864 1255 Qum
2893 1190 3036 1243 enim
3090 1193 3196 1261 agit
3233 1191 3490 1262 Spiritus,

1917 1274 2032 1328 haec
2074 1285 2128 1358 et
2157 1277 2402 1332 Christus
2443 1279 2570 1348 agit,
2602 1289 2656 1332 et
2683 1295 2801 1348 qua:
2850 1280 3050 1335 Christi
3082 1293 3221 1343 sunt,
3259 1282 3491 1354 Spiritus

1915 1368 2044 1437 agit.
2098 1368 2247 1422 Sicut
2297 1373 2438 1424 enim
2469 1388 2604 1440 quos
2652 1373 2958 1428 sanctiﬁcat
3001 1373 3237 1445 Spiritus
3273 1385 3492 1429 sanctus

1915 1460 2216 1513 sanctiﬁcat
2237 1461 2498 1520 Christus.
2525 1464 2597 1514 ita
2630 1473 2683 1515 et
2713 1481 2846 1531 quos
2873 1463 3066 1518 liberat
3089 1463 3322 1534 Spiritus
3345 1468 3490 1530 vitaz,

1912 1549 2106 1604 liberat
2145 1561 2199 1605 et
2230 1554 2357 1605 vita.
2393 1553 2623 1606 Tantum
2679 1563 2782 1617 est,
2813 1568 2870 1606 ut
2897 1555 3104 1609 liberati
3138 1573 3165 1608 a
3194 1555 3309 1623 lege
3363 1554 3491 1626 δρία

1914 1641 2045 1695 ritus
2080 1644 2204 1696 vita:
2228 1644 2278 1696 in
2304 1642 2521 1697 Christo
2551 1659 2892 1708 maneamus,
2935 1662 3032 1699 nec
3057 1648 3196 1700 ultra
3248 1649 3494 1704 invenia-

1915 1747 2036 1784 mur
2060 1733 2263 1786 servire
2311 1733 2413 1804 legi
2450 1735 2655 1803 peccati
2699 1736 2790 1803 qui
2823 1736 2962 1790 sicut
2993 1737 3037 1790 is
3082 1740 3173 1807 qui
3229 1739 3492 1794 liberatur

1913 1839 1940 1876 a
1974 1823 2088 1894 lege
2120 1824 2351 1895 Spiritus
2391 1827 2515 1879 vitae
2537 1868 2551 1892 ,
2603 1839 2885 1896 permanet
2930 1829 2982 1882 in
3017 1829 3248 1894 Christo,
3282 1834 3372 1900 qui
3402 1839 3487 1886 est

220 1925 329 1963 non
358 1921 539 1964 tamen
566 1913 706 1973 vitea,
742 1913 867 1981 quia
897 1914 1003 1967 reis
1043 1915 1233 1967 mortis
1262 1925 1480 1982 peccata
1530 1919 1804 1972 remittere
1839 1908 1879 1966 Β
1909 1914 2016 1966 vita
2045 1931 2060 1978 ;
2103 1915 2172 1967 ita
2201 1916 2289 1984 qui
2333 1917 2498 1970 servit
2528 1917 2625 1987 legi
2660 1920 2889 1988 peccati,
2921 1924 3202 1989 periminet
3232 1922 3284 1976 in
3316 1933 3490 1981 morte

221 2016 330 2055 non
365 2011 562 2070 potest,
597 1999 680 2056 ut'
707 2004 941 2058 viviﬁcet
975 2007 1286 2059 morituros.
1323 2007 1446 2061 ll.ec
1477 2024 1624 2072 vero,
1679 2012 1805 2080 quia

217 2102 274 2147 et
294 2109 521 2162 peccare
549 2109 652 2148 non
681 2095 813 2158 vult,
843 2106 896 2150 et
920 2113 948 2148 a
981 2106 1154 2151 morte
1184 2110 1421 2163 revocat,
1455 2100 1537 2154 lex
1585 2102 1808 2170 spiritus

215 2185 344 2239 vita:
375 2187 699 2256 appellatur,
746 2204 852 2242 non
880 2203 980 2257 per
1018 2189 1254 2245 litteram
1285 2202 1560 2256 constans,
1595 2194 1686 2247 sed
1712 2209 1808 2263 per

214 2277 488 2347 spiritum,
506 2278 628 2348 quia
651 2280 814 2334 cor'de
836 2281 1161 2346 creditur,et
1182 2283 1402 2352 spiritus
1425 2293 1505 2338 est
1524 2286 1664 2354 quod
1690 2301 1806 2340 cre-

213 2365 382 2419 ditur.
401 2365 523 2420 H:ec
544 2368 724 2437 itaque
740 2367 822 2422 lex
847 2369 898 2422 in
913 2370 1130 2426 Christo
1143 2370 1292 2438 Jesu,
1308 2374 1408 2428 hoc
1430 2384 1511 2428 est
1536 2390 1629 2444 per
1645 2375 1803 2437 ﬁdem

213 2452 440 2519 Christi,
483 2455 673 2509 liberat
709 2459 1016 2512 credentem
1051 2476 1078 2512 a
1106 2460 1218 2530 lege
1265 2464 1473 2530 peccati
1503 2474 1558 2517 et
1589 2467 1800 2520 mortis.

212 2542 324 2596 Lex
351 2544 555 2612 peccati
577 2553 678 2609 est,
705 2561 864 2614 quam
885 2547 936 2600 in
965 2548 1221 2603 membris
1246 2551 1378 2604 dicit
1399 2553 1666 2616 habitare,
1685 2570 1804 2623 quae

211 2635 444 2688 suadere
467 2636 656 2688 nititur
683 2637 908 2707 adversa
945 2652 958 2690 :
991 2637 1076 2692 lex
1110 2654 1155 2688 νε
1179 2656 1238 2694 ro
1288 2642 1477 2695 mortis
1525 2642 1687 2714 Moysi
1720 2644 1802 2700 lcx

210 2729 461 2796 est,quia
480 2728 766 2784 mortiﬁeat
779 2740 1108 2798 peccatores.
1128 2732 1257 2786 Nam
1283 2743 1335 2787 et
1359 2734 1410 2788 in
1434 2737 1537 2789 alia
1558 2737 1799 2806 Epistola

211 2820 358 2881 inter
385 2831 576 2876 caetera
607 2823 742 2876 dicit
767 2824 834 2876 de
862 2827 1180 2879 auctoritate
1205 2827 1367 2896 legis:
1394 2827 1449 2881 Si
1479 2831 1790 2884 ministratio

208 2914 393 2967 mortis
416 2913 715 2981 formatain
739 2913 998 2982 lapidibus
1021 2914 1120 2983 fuit
1138 2917 1191 2969 in
1223 2918 1413 2987 gloria,
1437 2928 1541 2974 etc.
1565 2919 1654 2989 (II
1673 2922 1795 2976 Cor.

204 3010 318 3078 ut).
345 3007 460 3062 Non
488 3023 615 3078 ergo
645 3008 968 3072 mirandum,
1005 3010 1048 3063 si
1082 3010 1161 3064 lex
1193 3011 1451 3081 spiritalis
1493 3015 1718 3068 dicatur
1748 3024 1802 3068 et

201 3098 294 3154 lex
320 3102 524 3164 mortis,
552 3115 674 3154 cum
696 3109 750 3154 et
774 3099 1116 3170 Evangelium
1149 3104 1343 3157 eodem
1364 3105 1519 3159 modo
1546 3109 1634 3160 sit.
1662 3106 1802 3160 Dicit

200 3193 355 3246 enim
409 3193 514 3246 alio
563 3192 680 3246 loco
707 3232 720 3254 ,
772 3193 915 3245 inter
958 3202 1195 3246 eattera:
1238 3195 1370 3247 Aliis
1414 3196 1544 3249 odor
1593 3199 1711 3251 vita:
1741 3199 1794 3252 in

207 3287 393 3347 vitam,
419 3283 536 3336 aliis
570 3283 699 3335 odor
728 3285 909 3335 mortis
953 3284 1006 3335 in
1032 3295 1249 3337 mortem
1275 3285 1358 3354 (11
1386 3285 1508 3338 Cor.
1535 3287 1616 3356 ιι).
1646 3287 1791 3356 Quos
1821 3257 1865 3318 Ο

204 3378 351 3432 enim
375 3377 555 3444 opinio
585 3377 842 3428 virtutum
883 3386 977 3430 aut
1003 3392 1181 3432 rerum
1208 3388 1481 3446 gestarum
1533 3383 1680 3436 visus
1702 3390 1796 3435 aut

207 3469 425 3522 auditus
464 3468 773 3522 attrahcbat
824 3470 887 3522 ad
933 3470 1092 3524 ﬁdem
1121 3512 1134 3534 ,
1192 3471 1282 3524 ‘his
1323 3473 1458 3525 odor
1512 3475 1633 3527 vita:
1679 3483 1794 3527 erat

205 3556 557 3627 Evangelium
591 3575 602 3608 :
631 3557 736 3611 illis
777 3566 954 3612 autem
985 3575 1211 3628 quorum
1241 3577 1457 3615 sensum
1494 3562 1794 3617 inﬂamma-

204 3647 305 3702 bat
356 3646 496 3701 facta
544 3649 714 3702 virtus
763 3649 828 3702 ad
883 3650 1400 3716 contradicendum,
1447 3655 1634 3709 mortis
1677 3663 1796 3708 erat

205 3727 344 3795 odor
395 3741 706 3794 rraedicatio
737 3740 898 3794 'tldei.
960 3741 1076 3795 Una
1149 3759 1276 3814 ergo
1341 3760 1462 3798 cum
1513 3746 1582 3798 sit
1634 3745 1788 3811 ﬁdes,

201 3829 406 3884 diversa
436 3839 577 3882 atem
606 3838 824 3898 praestat
853 3830 1181 3896 hominibus,
1213 3833 1353 3887 sicut
1387 3843 1442 3887 et
1464 3835 1542 3888 sol
1573 3851 1694 3890 cum
1722 3836 1794 3890 sit

202 3935 368 3983 unus,
399 3934 578 3973 ceram
612 3919 788 3981 solvit,
836 3919 1006 3973 lutum
1059 3922 1269 3992 stringit
1301 3941 1312 3976 :
1351 3939 1453 3992 qua
1486 3940 1616 3994 ergo
1672 3926 1792 3994 quis

206 4021 393 4068 mente
437 4008 698 4064 odoratus
743 4009 906 4064 fuerit
935 4009 1114 4075 ﬁdem,
1153 4015 1229 4066 sic
1264 4013 1506 4083 proﬁciet
1541 4017 1634 4069 illi.
1685 4015 1790 4070 Sed

205 4104 419 4159 dicetur
437 4101 612 4156 forte:
650 4101 706 4155 Si
730 4101 924 4170 eadem
969 4112 1187 4170 przestat
1234 4105 1364 4159 ﬁdes
1414 4122 1533 4176 quae
1581 4117 1636 4161 et
1682 4109 1786 4171 lex,

204 4209 305 4249 cur
356 4209 460 4246 nou
503 4193 666 4246 etiam
711 4192 825 4260 ipsa
865 4206 927 4244 ex
959 4201 1112 4260 parte
1149 4193 1231 4248 lex
1293 4197 1482 4249 mortis
1530 4198 1785 4262 dicatur;

204 4283 500 4340 muniﬁcat
548 4287 688 4340 enim
726 4277 829 4338 non
878 4286 1202 4344 credentes?
1241 4286 1344 4340 Sed
1394 4304 1496 4341 non
1548 4290 1616 4342 ita
1663 4299 1783 4344 est:

206 4373 342 4429 ﬁdes
386 4375 529 4429 cnim
577 4376 700 4430 data
742 4388 845 4442 est,
873 4378 1273 4448 quiejustiﬁcat
1301 4378 1673 4448 confugientes
1716 4381 1782 4435 ad

203 4483 288 4530 se,
318 4477 376 4520 ut
428 4468 668 4521 remittat
710 4471 794 4524 eis‘
823 4488 958 4540 quos
1004 4471 1086 4524 lex
1133 4479 1278 4523 tenet
1304 4485 1444 4534 reos,
1480 4480 1538 4525 ut
1566 4480 1787 4541 agentes

202 4560 307 4614 sub
343 4559 447 4613 ﬁde
473 4559 624 4613 liberi
655 4560 762 4613 sint
801 4578 829 4614 a
859 4571 1112 4631 peccato:
1147 4577 1269 4614 nam
1295 4562 1394 4614 sub
1426 4561 1540 4631 lege
1564 4570 1787 4632 agentes

200 4649 422 4703 obnoxii
467 4657 611 4702 sunt.
643 4650 742 4716 Qui
770 4667 900 4719 ergo
931 4669 1034 4706 non
1063 4653 1320 4706 obediunt
1346 4651 1489 4716 ﬁdei,
1516 4668 1617 4706 non
1644 4655 1788 4707 occi-

199 4737 399 4792 deutur
425 4754 452 4790 a
488 4738 611 4801 ﬁde,
640 4741 738 4793 sub
764 4741 881 4810 lege
912 4741 1027 4812 [sed
1050 4758 1079 4794 a
1125 4740 1288 4812 lege],
1319 4741 1442 4810 quia
1475 4756 1578 4794 non
1629 4755 1783 4794 acce-

202 4829 395 4882 dentes
418 4828 480 4879 ad
513 4828 694 4892 ﬁdem,
728 4833 802 4885 rei
830 4841 1079 4885 tenentur
1103 4849 1130 4884 a
1158 4834 1304 4901 lege:
1340 4833 1565 4900 ideoque
1598 4848 1782 4886 omnes

200 4922 293 4990 qui
327 4922 464 4974 malo
509 4923 688 4976 animo
712 4923 1004 4978 odorantur
1057 4927 1220 4980 verba
1249 4925 1279 4979 ﬁ
1306 4927 1390 4990 fei,
1426 4937 1699 4980 remanent
1731 4929 1781 4980 in

202 5019 413 5064 morte;
444 5009 732 5065 Videamus
779 5029 919 5068 nunc
968 5015 1095 5082 quid
1128 5016 1355 5079 intersit,
1413 5032 1532 5069 cum
1588 5017 1782 5070 dicitur

203 5102 290 5157 lex
339 5102 597 5170 spiritalis
660 5113 712 5157 et
766 5104 846 5158 lex
897 5107 1136 5175 spiritus.
1188 5106 1301 5160 Hoc
1352 5108 1610 5170 interest,
1656 5110 1776 5176 quia

204 5190 410 5245 idcirco
450 5191 644 5244 dicitur
671 5191 750 5244 lex
796 5193 1070 5260 spiritalis,
1107 5195 1230 5262 quia
1255 5202 1516 5263 praecepta
1544 5177 1656 5257 dat,
1688 5211 1781 5264 per

203 5295 327 5350 quze
386 5295 486 5332 non
539 5290 809 5348 peccetur,
845 5282 967 5348 quia
1021 5283 1112 5349 qui
1147 5298 1252 5335 non
1294 5291 1481 5350 peccat
1523 5285 1779 5350 Spiritalis

202 5382 431 5425 vocatur
456 5412 469 5433 ,
495 5373 720 5426 :emulus
743 5372 1080 5440 supeiioruin
1109 5372 1428 5426 cmlestium.
1463 5373 1569 5426 Lex
1599 5383 1776 5428 autem

202 5462 426 5530 spiritus
468 5471 748 5530 propterea
795 5471 1035 5525 vocatur,
1061 5464 1184 5531 quia
1238 5465 1392 5525 Deus,
1447 5464 1596 5530 cujus
1647 5464 1778 5518 ﬁdes

203 5560 292 5611 est
322 5591 336 5614 ,
387 5548 606 5620 spiritus
635 5563 746 5606 est:
796 5553 903 5606 illic
955 5568 1083 5622 ergo
1132 5553 1294 5605 verba
1331 5561 1472 5612 sunt.
1524 5553 1609 5605 hic
1652 5569 1776 5617 res;

205 5642 331 5697 illie‘
372 5659 490 5712 qua:
539 5644 629 5697 Dei
688 5655 830 5707 sunt,
866 5645 951 5698 hic
999 5644 1136 5698 Deus
1180 5645 1312 5713 ipse.
1364 5643 1557 5712 (Orig)
1592 5644 1696 5699 Se'l
1728 5655 1782 5700 et

206 5733 337 5789 illud
367 5750 468 5788 non
499 5736 810 5790 omittamus
850 5737 990 5805 quod
1019 5737 1105 5790 hic
1131 5737 1366 5805 quidem.
1397 5736 1485 5804 qui
1531 5736 1779 5790 liberata

207 5824 326 5895 lege
353 5826 557 5897 peccati
582 5835 637 5883 et
660 5828 868 5893 mortis,
897 5825 1129 5897 Spiritus
1152 5827 1504 5890 vitscdicitur,
1536 5827 1587 5880 in
1615 5828 1783 5881 Evan-

1909 2019 2027 2074 qure
2047 2006 2195 2060 venit
2246 2023 2309 2060 ex
2341 2009 2793 2064 condomaatioue
2815 2013 3041 2080 peccati.

1980 2099 2118 2165 Quia
2145 2104 2285 2170 quod
2317 2103 2632 2173 impossibile
2658 2115 2768 2158 erat
2792 2105 2941 2176 legis,
2969 2110 3022 2161 in
3050 2127 3148 2180 qtto
3176 2111 3488 2180 inﬁrmaba-

1907 2203 1992 2245 tur
2019 2210 2112 2262 per
2142 2211 2370 2258 carnem,
2401 2195 2541 2248 Deus
2589 2195 2783 2250 Filium
2822 2216 2974 2252 suum
3001 2202 3202 2256 mittens
3239 2203 3294 2256 in
3335 2204 3484 2261 simi.-

1906 2280 2179 2336 litudinem
2263 2285 2436 2338 carnis
2506 2287 2746 2355 peccati,
2817 2288 2882 2341 de
2959 2301 3170 2359 peccato
3220 2293 3486 2348 damnavit

1902 2384 2169 2442 peccatum
2215 2374 2269 2428 in
2321 2393 2494 2429 carne.
2543 2377 2746 2449 (Δηώ.)
2797 2377 2921 2434 Ηξῐξε
2970 2380 3096 2434 dicit
3156 2374 3490 2454 ut‘baptiza-

1907 2471 1990 2517 tos
2017 2479 2236 2518 securos
2265 2464 2450 2519 reddat
2486 2467 2576 2534 qui
2608 2466 2819 2522 liberati
2857 2484 2885 2522 a
2915 2480 3138 2537 peccato
3163 2483 3308 2526 sunt.
3343 2471 3487 2538 Quo-

1906 2557 2046 2608 niam
2081 2558 2220 2626 quod
2250 2559 2566 2627 impossibile
2597 2570 2729 2619 erat.
2763 2561 2954 2630 inquit,
2982 2564 3127 2634 legis.
3152 2565 3249 2620 Cui
3282 2568 3484 2637 impos-

1903 2645 2094 2699 sibile?
2150 2649 2302 2702 nobis
2362 2650 2567 2705 scilicet
2621 2652 2948 2721 impossibile
3001 2663 3119 2709 erat
3174 2658 3483 2713 mandatum

1904 2734 2038 2805 legis
2061 2737 2306 2806 implere,
2344 2741 2468 2809 quia
2501 2741 2725 2811 subjecti
2756 2759 2972 2798 eramus
3008 2755 3251 2814 peccato.
3285 2746 3483 2821 (Θήῃ.)

1905 2826 2010 2882 Sed
2039 2844 2160 2882 cuni
2192 2831 2242 2883 in
2269 2833 2639 2899 superioribus
2670 2844 2747 2888 tot
2771 2835 2915 2905 leges
2937 2838 3302 2893 nominaverit
3327 2840 3488 2912 (dixit.

1902 2920 2044 2972 enim
2081 2931 2137 2973 et
2165 2920 2336 2990 legem
2363 2922 2479 2986 Dei,
2509 2932 2563 2976 et
2591 2923 2759 2995 legem
2794 2927 2988 2981 mentis
3013 2967 3026 2991 ,
3067 2938 3120 2981 et
3152 2928 3327 2999 legem.
3371 2929 3480 2999 spi-

1903 3007 2041 3060 ritus
2071 3008 2246 3079 vitre),
2271 3024 2300 3063 e
2332 3013 2606 3066 contrario
2631 3027 2844 3082 quoque
2875 3016 3052 3085 legem
3081 3031 3201 3085 qum
3229 3018 3284 3071 in
3315 3033 3484 3074 mem-

1902 3098 2015 3153 bris
2038 3109 2142 3165 est,
2177 3110 2229 3154 ct
2256 3101 2424 3171 legem
2458 3104 2645 3158 mortis
2671 3143 2685 3169 ,
2715 3113 2770 3158 et
2796 3103 2967 3173 legem
3005 3109 3209 3176 peccati
3241 3124 3478 3166 comme-

1875 3194 2212 3257 nnoraverit,
2247 3194 2330 3247 hic
2358 3211 2499 3248 nunc
2523 3195 2588 3248 de
2614 3210 2717 3263 qua
2759 3196 2949 3250 harum
2976 3197 3095 3266 lege
3133 3199 3308 3264 dicat,
3354 3217 3477 3256 nam

1895 3283 2033 3353 quod
2065 3284 2378 3352 impossibile
2425 3295 2536 3338 erat
2562 3277 2708 3356 legis,
2748 3287 2802 3338 in
2847 3288 2948 3356 quo
2980 3288 3352 3357 infirmabalur
3384 3309 3478 3362 per

1888 3389 2126 3436 carnem,
2154 3389 2256 3436 non
2293 3382 2372 3428 est
2419 3390 2598 3444 parva:
2641 3373 3048 3439 deliberat-iouis
3087 3378 3303 3449 eligere.
3340 3380 3478 3439 Puto

1897 3471 2073 3518 tamen
2113 3467 2253 3533 quod
2284 3466 2450 3536 legem
2484 3466 2649 3537 Moysi
2682 3469 2843 3522 etiam
2869 3470 2976 3532 hic,
3021 3470 3163 3526 sicut
3192 3481 3245 3527 et
3273 3451 3326 3527 in
3357 3473 3477 3531 aliis

1894 3555 2154 3624 srepejam
2182 3555 2435 3618 diximus,
2462 3556 2512 3608 in
2532 3558 2662 3609 duas
2680 3565 2860 3625 partes
2873 3557 3160 3628 Apostolus
3173 3560 3394 3629 dividat,
3417 3571 3473 3618 et

1894 3643 2035 3698 aliud
2068 3645 2121 3697 in
2148 3660 2209 3699 ea
2240 3659 2457 3698 carnem
2506 3645 2649 3700 aliud
2680 3647 2927 3716 spiritum
2959 3650 3218 3715 nominet,
3245 3658 3300 3704 et
3326 3649 3471 3707 illam

1895 3737 2110 3806 quidem
2137 3738 2560 3801 observantiam,
2605 3752 2724 3806 qua:
2761 3740 3054 3794 secundum
3087 3741 3323 3795 litteram
3374 3758 3466 3814 ge-

1897 3829 2057 3892 ritur,
2096 3844 2312 3883 seusum
2341 3829 2521 3882 carnis
2546 3830 2796 3900 appellet,
2847 3831 3001 3885 sicuti
3034 3831 3162 3886 dicit
3187 3834 3254 3887 de
3284 3835 3470 3904 hujus-

1895 3923 2036 3976 modi
2083 3922 2266 3976 Juilaao
2292 3940 2304 3974 :
2335 3919 2560 3974 Frustra
2606 3923 2819 3991 iit/latus
2847 3941 2876 3974 α
2907 3940 3060 3976 sensu
3105 3925 3276 3978 carnis
3317 3942 3469 3993 sure;

1894 4015 2037 4069 illam
2067 4030 2194 4068 vero
2224 4030 2342 4084 quae
2378 4015 2640 4082 accipitur
2664 4014 2982 4084 spiritaliter
3013 4017 3260 4086 spiritum
3296 4020 3470 4072 nomi-

1893 4115 2005 4170 net,
2031 4106 2167 4160 s‘icut
2202 4114 2252 4158 et
2284 4104 2408 4158 alibi
2442 4105 2570 4158 dicit
2600 4104 2684 4173 (Il
2720 4103 2842 4158 Cor.
2873 4105 2954 4177 ili)
2987 4123 2998 4158 :
3035 4105 3230 4159 Littera
3255 4108 3464 4174 occidit,

1891 4200 2104 4267 spiritus
2154 4207 2327 4250 autem
2380 4197 2600 4264 rivi/ient
2623 4214 2641 4260 ;
2681 4207 2734 4251 et
2779 4199 2832 4251 in
2873 4197 2974 4252 hoc
3009 4213 3136 4267 ergo
3165 4199 3282 4252 loco
3321 4200 3464 4268 quod

1891 4289 2039 4351 dicit,
2070 4287 2381 4357 impossibile
2429 4287 2574 4356 legis,
2609 4298 2656 4340 et
2711 4289 2764 4340 in
2822 4305 2922 4358 quo
2966 4288 3329 4355 inﬁrmabatur
3376 4305 3467 4359 per

1890 4397 2121 4442 carnem,
2154 4379 2477 4444 intellectus,
2525 4379 2615 4452 qui
2650 4380 2944 4434 secundum
2971 4380 3204 4433 litteram
3234 4390 3338 4444 est,
3368 4396 3464 4436 ac-

1889 4471 1991 4539 cipi
2023 4479 2196 4539 potest
2222 4487 2234 4523 :
2265 4471 2377 4541 ipse
2399 4471 2542 4525 enim
2569 4479 2619 4524 et
2648 4471 2991 4539 impossibilis
3012 4479 3193 4524 eratet
3217 4470 3462 4528 inﬁrmus

1888 4562 1930 4614 si
1959 4561 2250 4615 secundum
2277 4575 2520 4622 carnem,
2545 4561 2595 4612 id
2625 4571 2728 4623 est,
2762 4561 3052 4615 secundum
3079 4560 3310 4613 litteram
3333 4577 3461 4616 sen-

1887 4653 2099 4706 tiretur.
2132 4651 2269 4718 Quid
2305 4651 2446 4704 enim
2481 4660 2586 4703 tam
2619 4650 2948 4718 impossibile
2975 4690 2990 4713 ,
3042 4666 3200 4718 quam
3248 4652 3461 4706 sabbati

1887 4743 2191 4796 observatio
2220 4782 2232 4803 ,
2287 4742 2576 4796 secundum
2637 4740 2870 4798 litteram
2913 4739 3048 4795 leuis
3092 4741 3235 4793 utin
3279 4741 3460 4796 multis

1880 4832 1991 4901 jam
2022 4832 2252 4884 diximus
2287 4849 2298 4882 :
2325 4829 2545 4897 juhetur
2573 4831 2716 4882 enim
2755 4845 2856 4882 non
2886 4829 3032 4882 exire
3061 4829 3126 4882 de
3153 4830 3330 4893 domo,
3351 4846 3459 4884 non

1885 4942 1943 4979 se
1975 4941 2188 4979 movere
2216 4925 2278 4979 de
2301 4910 2418 4977 loco
2443 4939 2560 4987 suo,
2589 4923 2721 4977 nihil
2746 4923 2926 4976 oneris
2950 4923 3142 4976 levare.
3171 4922 3300 4988 Qum
3329 4924 3456 4993 quia

1887 5015 2235 5084 impossibilia
2272 5013 2453 5067 vident
2478 5012 2644 5067 Judaei
2676 5013 2764 5081 qui
2797 5010 3085 5067 secundum
3117 5027 3331 5065 carnem
3385 5012 3461 5068 le-

1889 5121 2004 5174 gem
2029 5105 2335 5166 ol-servant,
2365 5104 2538 5172 inepta
2567 5103 2808 5171 quaedam
2848 5110 2903 5156 et
2925 5101 3144 5156 ridicula
3177 5117 3455 5172 commen-

1887 5203 2087 5255 tantur,
2125 5194 2319 5261 quibus
2343 5191 2830 5262 impossibilitatem
2863 5191 2993 5259 legis
3016 5192 3216 5245 sarcire
3239 5193 3456 5246 vi.'ean-

1886 5293 1989 5338 tur.
2044 5285 2181 5350 Quid
2227 5293 2405 5338 autem
2452 5283 2626 5336 dicam
2666 5283 2733 5337 de
2783 5283 3168 5336 sacriﬁciorum
3201 5283 3408 5336 ratione
3436 5323 3452 5346 ,

1886 5389 2002 5442 qua:
2033 5374 2189 5427 simul
2219 5373 2394 5426 omnis
2421 5387 2484 5425 ex
2517 5373 2725 5442 integro
2772 5372 3113 5440 impossibilis
3154 5370 3296 5426 facta
3327 5371 3454 5427 est?

1887 5464 2091 5530 Quippe
2118 5463 2205 5515 ubi
2236 5476 2335 5514 nec
2378 5461 2634 5529 templum
2677 5471 2757 5515 est
2783 5502 2797 5525 ,
2843 5477 2941 5515 nec
2977 5461 3170 5524 altare,
3195 5478 3294 5516 nec
3317 5462 3454 5516 ullus

1882 5569 2101 5622 prorsus
2148 5550 2481 5605 sacriﬁcandi
2534 5551 2806 5615 lo‘cus;'in
2837 5551 3029 5620 quibus
3072 5552 3293 5622 singulis
3322 5550 3409 5606 lex
3436 5589 3450 5615 ,

1881 5659 1987 5697 non
2012 5645 2185 5697 dicam
2214 5641 2559 5710 impossibilis
2587 5652 2640 5694 et
2671 5641 2903 5706 inﬁrma,
2937 5644 3028 5696 sed
3060 5653 3114 5697 et
3149 5643 3306 5710 plane
3342 5645 3452 5713 jam

1883 5744 2091 5789 mortua
2121 5743 2220 5788 est.
2253 5732 2383 5786 Nam
2428 5742 2551 5786 ante
2588 5734 2729 5788 hanc
2778 5742 3001 5787 mortem
3038 5733 3412 5789 inﬁrmabatur
3439 5773 3455 5799 ,

1882 5835 2009 5881 tunc
2037 5841 2160 5881 cum
2190 5826 2449 5895 sanguine
2477 5824 2766 5880 vitulorum
2806 5833 2862 5880 et
2892 5825 3175 5882 hircorum
3223 5827 3442 5882 conaba-
