3960 6366
458 421 601 477 M59

1107 420 1167 473 Β.
1207 414 1460 473 RABANI
1496 414 1715 471 MAURI
1751 411 2071 470 ARCHIEP.
2110 410 2419 469 MOGUNT.
2460 411 2744 467 OPERUM
2783 413 2960 467 PARS
2998 412 3083 467 111.

3595 406 3724 460 tuo

459 544 570 598 tur,
592 547 692 587 nec
720 541 900 600 tamen
940 539 1175 600 poterat,
1202 531 1418 585 auferre
1440 539 1684 600 peccata,
1716 538 1771 585 et
1799 527 2044 581 inﬁrma-
2077 528 2122 587 Α
2149 525 2397 589 Satanas,
2427 526 2609 581 amisit
2634 526 2930 580 dominium
2956 535 3288 580 retentorum
3319 525 3647 585 animarum,
3671 530 3730 576 ut

460 628 618 682 batur
642 626 697 681 in
726 624 935 695 legibus
962 624 1144 695 lepraa,
1176 639 1312 693 quas
1350 639 1452 678 nec
1488 624 1780 693 explanare
1810 640 2050 693 unquam

458 715 634 785 potuit
657 755 671 777 ,
713 728 815 767 nec
853 712 1096 791 implere.
1126 712 1181 767 ln
1213 713 1296 766 his
1335 727 1465 783 ergo
1503 713 1769 775 omnibus,
1824 714 2052 783 aliisque

462 804 762 861 innumeris
791 811 848 876 et
872 803 1225 874 impossibilia
1258 813 1377 858 erat
1405 804 1511 869 lex,
1551 812 1606 857 et
1649 805 2049 872 iuﬁrmabatur,

461 907 723 967 quantum
774 897 844 951 ad
896 896 1077 950 carnis
1126 895 1538 966 intelligentiam
1588 907 1815 967 spectat.
1866 899 2050 973 (Aug.)

460 986 630 1041 Aliter
652 995 831 1042 autem
855 1002 954 1056 per
978 986 1102 1049 hoc,
1129 988 1271 1056 quod
1297 988 1390 1050 ait,
1414 1002 1509 1055 per
1536 1002 1755 1042 carnem
1788 990 2053 1045 inﬁrmari

460 1078 657 1149 legem,
684 1076 1124 1132 manifestissime
1145 1076 1303 1132 docet
1326 1077 1624 1145 eademque
1644 1078 1757 1148 ipsa
1782 1088 2071 1148 praecepta

461 1170 595 1239 legis
622 1177 907 1240 propterea
957 1183 1065 1223 non
1104 1168 1323 1237 impleta
1348 1208 1363 1231 ,
1417 1169 1673 1237 quoniam
1704 1170 1901 1238 quibus
1928 1172 2053 1225 data

461 1270 582 1315 erat
608 1261 693 1315 lex
719 1267 845 1314 ante
869 1260 1099 1331 gratiam
1131 1257 1297 1313 dediti
1343 1266 1499 1312 erant
1528 1259 1838 1314 carnalibus
1872 1261 2051 1323 bonis,

461 1358 515 1406 et
540 1365 607 1405 ex
637 1351 724 1405 bis
752 1348 1147 1405 beatitudinem
1200 1348 1487 1417 acquirere
1535 1349 1849 1417 cupiebant,
1880 1364 2049 1419 neque

463 1441 795 1502 metuebant,
821 1438 927 1492 nisi
949 1454 1071 1491 cum
1099 1437 1411 1491 carnalibus
1441 1438 1596 1492 bonis
1622 1438 1938 1492 imminebat
1960 1437 2055 1493 ad-

462 1531 727 1595 versitas;
758 1537 813 1585 et
846 1529 969 1584 ideo
988 1544 1112 1583 cum
1143 1528 1234 1582 illa
1260 1528 1577 1597 temporalia
1609 1530 1748 1582 bona
1779 1529 2060 1582 turbaren-

464 1630 569 1686 tur,
599 1620 758 1675 facile
779 1620 1104 1675 recedebant
1131 1634 1162 1673 a
1186 1618 1469 1689 praeceptis
1495 1618 1646 1686 legis.
1683 1618 2061 1672 lnﬁrmabatur

461 1725 594 1780 ergo
642 1710 728 1764 lex
778 1725 884 1764 non
921 1709 1193 1777 implendo
1228 1708 1369 1776 quod
1404 1708 1795 1777 praecipiebat,
1827 1723 1930 1762 non
1963 1723 2060 1762 sua

462 1800 640 1869 culpa,
667 1801 761 1855 sed
787 1814 885 1868 per
907 1814 1152 1863 carnem,
1192 1799 1245 1854 id
1287 1808 1371 1853 est
1404 1814 1502 1867 per
1543 1814 1636 1853 eos
1667 1800 1914 1853 homines
1968 1800 2061 1868 qui

2145 614 2260 683 jam
2304 617 2545 687 signatos
2581 617 2735 687 signo
2773 617 2954 672 crucis
2981 618 3035 671 in
3081 632 3188 686 qua
3216 618 3391 670 victus
3422 625 3526 678 est,
3553 616 3609 668 in
3642 628 3729 668 se-

2154 708 2328 763 cunda
2371 716 2546 763 morte
2582 717 2766 762 tenere
2806 725 2911 764 non
2945 710 3157 764 audeat.
3203 708 3387 781 (Aug.)
3435 708 3602 763 Aliter
3638 721 3730 760 au-

2154 806 2263 853 tem
2299 817 2311 851 :
2349 798 2511 853 Carni
2561 798 2769 869 peccati
2816 813 2963 853 mors
3008 798 3187 853 debita
3214 807 3298 853 est
3328 815 3344 852 :
3392 808 3449 852 at
3486 814 3612 852 vero
3645 795 3731 851 illa

2157 905 2302 943 mors
2330 888 2541 943 Domini
2598 890 2926 958 dignationis
2980 888 3097 951 fuit,
3161 905 3267 944 non
3310 888 3509 951 debiti;
3553 898 3607 941 et
3656 899 3734 941 ta-

2156 997 2279 1034 men
2336 982 2439 1034 hoc
2486 995 2700 1049 quoque
2748 981 3037 1049 Apostolus
3064 989 3345 1051 peccatum
3370 990 3527 1034 vocat
3555 995 3732 1033 susce-

2156 1070 2393 1138 ptionem
2436 1068 2677 1122 mortalis
2706 1070 2907 1132 carnis,
2952 1070 3202 1139 quamvis
3242 1085 3347 1124 non
3374 1068 3731 1138 peccatricis;

2160 1161 2279 1215 ideo
2319 1161 2446 1228 quia
2477 1159 2796 1213 immortalis
2821 1171 3079 1228 tanquam
3126 1169 3409 1229 peccatum
3448 1158 3574 1211 facit
3615 1173 3733 1211 cum

2158 1252 2411 1305 moritur.
2468 1250 2666 1322 (0rig.)
2717 1251 2872 1318 Quod
2928 1259 3110 1305 autem
3159 1252 3336 1305 hostia
3384 1266 3483 1320 pro
3522 1260 3734 1319 peccato

2160 1343 2334 1398 factus
2387 1344 2454 1397 sit
2512 1342 2764 1398 Christus
2804 1353 2859 1396 et
2910 1343 3124 1396 oblatus
3169 1343 3241 1395 sit
3284 1357 3384 1411 pro
3424 1342 3735 1411 purgatione

2160 1444 2738 1501 peccatorum,omnes
2762 1431 3059 1501 Scriptura:
3076 1442 3367 1497 testantur,
3394 1442 3449 1486 et
3478 1433 3736 1500 pmcipuc

2158 1522 2357 1576 Paulus
2386 1523 2454 1575 ad
2488 1521 2744 1577 llebncos
2775 1522 3040 1584 scribens,
3085 1538 3207 1576 cum
3239 1522 3373 1575 dicit
3409 1563 3419 1573 .
3448 1520 3562 1573 llo:
3606 1521 3736 1571 enim

2162 1615 2283 1685 fecit
2307 1615 2485 1679 semel,
2512 1617 2839 1685 semetipsum
2868 1616 3093 1669 hostium
3118 1615 3383 1684 offerendo
3412 1612 3595 1681 (Hebr.
3622 1628 3736 1678 mi;

2163 1714 2217 1759 et
2263 1706 2457 1759 iterum
2492 1706 2623 1774 :qui
2665 1706 2876 1775 proprio
2917 1703 3062 1759 Filio
3094 1722 3193 1759 non
3222 1707 3483 1775 pepercit,
3526 1704 3615 1756 sed
3654 1719 3739 1769 pro

2169 1798 2314 1850 nobis
2354 1796 2591 1850 omnibus
2636 1797 2854 1849 tradidit
2884 1797 3035 1851 illum
3064 1796 3242 1867 (Rom.
3276 1798 3434 1866 vm);
3478 1812 3571 1864 per
3608 1797 3739 1848 banc

464 1890 700 1944 carnalia
744 1891 885 1945 bona
935 1890 1239 1960 appetendo
1269 1906 1375 1945 non
1418 1891 1674 1945 amabant
1717 1890 1851 1961 legis
1889 1889 2054 1960 justi-
2091 1875 2134 1934 Β
2159 1901 2288 1956 ergo
2315 1887 2550 1941 hostiam
2579 1888 2762 1941 carnis
2794 1902 2938 1951 suae,
2984 1902 3104 1957 qua:
3132 1888 3330 1941 dicitur
3380 1903 3478 1957 pro
3504 1897 3739 1955 μορε-ιιι),

470 1978 620 2043 tiam,
654 1979 748 2033 sed
775 1979 833 2052 ei:
855 1980 1174 2049 temporalia
1204 1981 1486 2035 commoda
1521 1981 1925 2050 praeponebant.
1974 1980 2055 2040 οι)

468 2069 573 2149 hoc
608 2070 749 2125 Deus
774 2070 969 2125 Filium
999 2087 1156 2126 suum
1182 2073 1331 2127 misit
1380 2074 1435 2127 in
1472 2074 1825 2129 similitudine
1877 2075 2058 2129 carnis

466 2162 695 2232 peccati.
727 2161 935 2234 (Greg.)
959 2160 1122 2217 Venit
1158 2165 1327 2229 enim,
1358 2166 1498 2219 sicut
1528 2166 1786 2235 scriptum
1828 2174 1913 2219 est
1939 2206 1954 2231 ,
2003 2167 2058 2220 in

467 2253 867 2309 similitudinem
902 2256 1077 2309 carnis
1118 2259 1317 2326 peccati
1346 2256 1651 2328 (Rom.vm)
1674 2300 1687 2323 ,
1736 2258 1812 2312 uti
1839 2260 1906 2313 de
1934 2274 2061 2329 pec-

470 2355 592 2400 cato
620 2347 903 2401 damnaret
932 2357 1215 2419 peccatum
1236 2390 1250 2411 ,
1297 2351 1532 2420 dumque
1577 2354 1715 2407 hosti
1762 2355 1949 2424 objicit
1980 2355 2060 2408 in-

472 2450 642 2489 nocen
652 2435 779 2489 tiam
797 2438 977 2491 carnis
992 2454 1123 2503 suae,
1138 2441 1365 2493 extersit
1382 2443 1629 2512 contagia
1645 2444 1825 2496 carnis
1840 2453 2057 2513 nostrae;

472 2540 536 2580 ex
570 2542 675 2596 qua
718 2544 816 2582 nos
857 2529 1098 2599 captivos
1142 2530 1390 2587 inimicos
1435 2534 1636 2598 tenuit,
1666 2549 1761 2604 per
1790 2534 1935 2589 illam
1963 2551 2062 2592 nos

473 2619 676 2675 liberos
704 2621 962 2690 expiavit,
990 2623 1116 2692 quia
1143 2638 1305 2692 quam
1344 2638 1444 2677 nos
1486 2624 1908 2678 instrumentum
1933 2622 2064 2680 feci-

477 2725 599 2765 mus
642 2712 813 2781 culpae
832 2754 846 2776 ,
882 2714 997 2769 haec
1026 2715 1182 2769 nobis
1213 2729 1310 2784 per
1334 2716 1686 2770 mediatorem
1716 2732 1870 2771 versa
1902 2727 1985 2773 est
2008 2719 2063 2773 in

475 2812 626 2855 arma
671 2799 915 2869 iustitiae.
946 2801 1145 2875 (0rig.)
1177 2805 1329 2871 Quod
1374 2806 1509 2859 dixit
1560 2806 1613 2859 iu
1666 2807 2063 2862 similitudinem

471 2891 647 2947 carnis
677 2894 895 2961 peccati,
924 2896 1162 2948 ostendit
1194 2910 1291 2949 nos
1343 2896 1559 2965 quidem
1599 2897 1799 2951 habere
1843 2914 2063 2954 carnem

474 2982 704 3053 peccati,
733 2982 927 3038 Filium
953 3000 1083 3040 vero
1106 2986 1200 3041 Dei
1229 2987 1635 3045 similitudinem
1668 2988 1923 3045 habuisse
1948 3006 2067 3045 car-

475 3073 559 3128 nis
582 3071 815 3143 peccati,
864 3091 971 3130 non
1016 3093 1238 3131 carnem
1272 3080 1501 3147 peccati.
1529 3078 1730 3134 Omnes
1776 3082 1922 3135 enim
1964 3096 2064 3136 nos

475 3164 756 3229 homines,
808 3167 899 3236 qui
937 3182 1004 3221 ex
1037 3169 1243 3223 semine
1280 3169 1381 3223 viri
1432 3186 1557 3223 cum
1608 3171 1833 3225 muliere
1868 3188 2059 3227 conve-

475 3254 675 3309 nientis
696 3258 942 3325 concepti
971 3273 1189 3323 sumus,
1218 3259 1305 3312 illa
1332 3261 1640 3314 necessario
1672 3261 1877 3316 utimur
1908 3278 2060 3327 voce,
2092 3254 2135 3278 ν

474 3360 581 3415 qua
610 3346 741 3399 dicit
775 3346 965 3409 David,
1012 3351 1263 3419 quoniam
1314 3352 1367 3405 in
1418 3352 1783 3423 iniquitatibus
1833 3356 2064 3424 concepit

476 3452 558 3489 me
584 3444 752 3489 mater
779 3454 893 3491 mea
923 3440 939 3505 (
964 3435 1113 3493 Psal.
1147 3458 1176 3494 L
1198 3440 1236 3509 ).
1280 3440 1480 3497 Verum
1517 3443 1643 3511 quia
1672 3459 1738 3497 ex
1772 3445 1915 3498 nulla
1964 3448 2066 3501 viri

480 3528 818 3597 contagione,
866 3530 959 3584 sed
1021 3530 1135 3585 solo
1197 3530 1403 3602 Spiritu
1468 3544 1657 3589 sancto
1715 3551 1876 3606 super
1940 3538 2065 3590 Vir-

480 3617 658 3685 ginem
702 3618 984 3682 venientc,
1018 3628 1073 3675 et
1111 3622 1312 3677 virtute
1347 3622 1609 3679 Altissimi
1665 3626 2023 3681 obumbrante
2050 3668 2063 3691 ,

485 3707 633 3759 venit
679 3710 747 3760 ad
795 3722 991 3777 corpus
1040 3710 1445 3767 immaculatum
1474 3754 1488 3778 ,
1548 3724 1795 3769 naturam
1849 3719 2067 3785 quidem

484 3798 728 3863 corporis
768 3798 937 3851 nostri
982 3800 1209 3865 habuit,
1251 3802 1813 3871 pollutionemtamen
1838 3810 2067 3876 peccati,

487 3892 724 3954 qum‘ex
773 3891 1225 3958 concupiscentiae
1279 3903 1427 3948 motu
1470 3899 1744 3966 conceptis
1798 3901 2065 3966 traditur,

486 3975 707 4031 Omnino
729 3992 832 4031 non
857 3978 1063 4033 habuit.
1081 3982 1279 4053 (Amb.)
1295 3982 1417 4039 Ideo
1430 3987 1573 4039 enim
1597 3988 1869 4057 virginalis
1885 3999 2070 4047 uterus

486 4067 693 4122 electus
734 4080 816 4124 est
859 4072 924 4125 ad
967 4085 1181 4141 partum
1206 4076 1571 4144 Dominicum,
1608 4089 1667 4134 ut
1702 4081 1754 4134 in
1782 4084 2070 4138 sanctitate

490 4156 732 4212 diﬁ'erret
758 4174 884 4214 caro
913 4162 1124 4216 Domini
1149 4181 1178 4217 a
1207 4181 1367 4219 carne
1395 4179 1577 4221 nostra
1613 4185 1626 4221 ε
1652 4171 1705 4222 iu
1735 4185 1894 4225 causa
1926 4175 2069 4227 enim

492 4250 683 4306 similis
712 4262 817 4318 est,
845 4270 949 4308 non
988 4255 1041 4307 in
1067 4256 1323 4324 qualitate
1355 4261 1561 4327 peccati
1586 4261 1917 4317 substantiae.
1938 4264 2070 4319 Pro-

490 4348 678 4410 pterea
709 4357 838 4411 ergo
870 4345 1100 4399 similem
1130 4348 1283 4413 dixit,
1310 4350 1434 4418 quia
1458 4350 1525 4405 de
1544 4353 1729 4406 eadem
1770 4355 2071 4410 substantia

490 4433 690 4496 carnis,
711 4448 815 4487 non
833 4437 1078 4489 eamdem
1104 4438 1291 4493 habuit
1320 4442 1679 4509 nativitatem,
1696 4445 1820 4514 quia
1850 4458 2072 4515 peccato

2157 1975 2435 2030 damnavit
2462 1986 2744 2046 peccatum
2765 1979 2818 2031 in
2839 1979 3179 2041 carne,sicut
3204 1978 3345 2030 idem
3375 1977 3663 2044 Apostolus
3688 1978 3738 2029 in

2159 2067 2279 2121 aliis
2328 2068 2495 2132 dicit,
2531 2068 2656 2136 quia
2693 2068 2945 2136 apparuit
2992 2068 3046 2121 in
3097 2067 3409 2121 novissimis
3439 2068 3626 2121 diebus
3676 2068 3741 2121 ad

2159 2161 2583 2215 destructionem
2625 2161 2868 2229 peccati;
2918 2170 2971 2213 et
3011 2162 3209 2213 iterum
3253 2161 3518 2228 propheta
3561 2160 3689 2212 dicit
3725 2176 3737 2210 :

2159 2253 2280 2322 Ipse
2313 2263 2526 2321 peccata
2571 2262 2748 2306 nostra
2780 2252 2921 2317 tulit,
2953 2263 3002 2305 et
3040 2252 3339 2321 iniquitates
3386 2260 3586 2303 nostras
3628 2268 3740 2319 por-

2160 2348 2283 2400 tavit
2318 2345 2453 2404 llsa.
2489 2346 2626 2416 mu).
2675 2345 2780 2400 Pro
2834 2353 3055 2413 peccato
3111 2358 3279 2414 ergo,
3332 2344 3436 2398 hoc
3488 2353 3606 2405 est,
3653 2359 3743 2412 per

2164 2440 2395 2494 hostiam
2413 2439 2604 2493 carnis
2641 2454 2771 2502 suae,
2796 2453 2956 2507 quam
2984 2438 3181 2492 obtulit
3212 2452 3309 2492 pro
3331 2446 3572 2505 peccato,
3597 2437 3741 2489 dam.

2162 2533 2311 2586 navit
2335 2540 2614 2599 peccatum
2641 2529 2697 2583 in
2724 2544 2885 2583 carne
2910 2544 3023 2583 sua.

2235 2620 2302 2675 Ut
2346 2620 2661 2691 justiﬁcatio
2704 2619 2829 2688 legis
2866 2619 3166 2689 impleretur
3198 2619 3251 2672 in
3291 2619 3437 2671 nobis
3467 2659 3481 2682 ,
3525 2619 3610 2687 qui
3646 2635 3742 2670 non

2162 2715 2450 2768 secundum
2479 2729 2687 2766 carnem
2720 2711 3051 2765 ambulamus
3083 2750 3099 2775 ,
3147 2712 3236 2763 sed
3263 2710 3550 2767 secundum
3589 2711 3741 2779 spiri-

2163 2817 2292 2860 tum.
2353 2805 2457 2859 Per
2485 2805 2625 2858 hanc
2668 2803 2866 2857 etenim
2910 2804 3143 2857 hostiam
3185 2802 3391 2866 carnis,
3441 2817 3559 2871 quae
3595 2802 3740 2855 obla-

2165 2906 2218 2950 ta
2248 2904 2331 2951 est
2373 2910 2472 2965 pro
2498 2904 2742 2965 peccato,
2778 2903 2834 2948 et
2863 2893 3141 2947 damnavit
3162 2900 3471 2962 peccatum,
3500 2892 3601 2945 hoc
3640 2898 3741 2954 est,

2166 2988 2368 3059 fugavit
2396 2996 2701 3057 peccatum,
2749 2995 2804 3041 et
2854 2986 3107 3049 abstulit,
3158 2993 3219 3039 ut
3256 2983 3577 3053 justiﬁeatio
3614 2982 3744 3054 legis

2166 3078 2483 3147 impleretur
2521 3079 2573 3131 in
2602 3077 2775 3141 nobis,
2803 3078 2895 3145 qui
2940 3076 3113 3147 legem
3163 3076 3460 3129 secundum
3499 3076 3743 3143 spiritum

2165 3169 2524 3233 custodimus,
2551 3176 2606 3221 et
2628 3184 2734 3221 non
2765 3167 3061 3221 secundum
3096 3182 3317 3220 carnem
3347 3181 3360 3218 :
3390 3166 3445 3219 in
3478 3181 3579 3234 qua
3597 3172 3745 3234 parte

2170 3262 2462 3316 secundum
2506 3278 2569 3315 ea
2624 3277 2744 3329 qure
2776 3277 2938 3329 supra
2978 3260 3346 3329 exposuimus,
3402 3257 3746 3328 impossibilia

2168 3360 2285 3405 erat
2315 3351 2399 3405 lex
2437 3362 2492 3404 et
2519 3351 2752 3405 inﬁrma.
2806 3350 2989 3422 May.)
3022 3350 3078 3404 ld
3110 3352 3254 3404 enim
3302 3351 3414 3420 egit
3462 3365 3607 3403 mors
3647 3350 3748 3403 Do-

2173 3443 2303 3496 mini
2348 3458 2415 3495 ne
2456 3457 2603 3496 mors
2647 3442 2969 3505 timeretur,
2994 3450 3049 3496 et
3069 3456 3133 3496 ex
3174 3457 3237 3496 eo
3257 3441 3369 3509 jam
3403 3457 3510 3495 non
3537 3449 3749 3509 appete-

2170 3540 2359 3586 rentur
2387 3531 2702 3599 temporalia
2725 3532 2886 3595 bona,
2913 3540 3412 3586 necmetuerentur
3438 3531 3749 3599 temporalia

2170 3621 2333 3686 mala,
2375 3622 2430 3674 in
2460 3621 2657 3690 quibus
2693 3622 2934 3675 carnalis
2961 3631 3079 3676 erat
3109 3622 3197 3676 illa
3229 3624 3544 3692 prudentia,
3567 3623 3618 3674 in
3646 3638 3751 3689 qua

2173 3713 2381 3782 impleri
2430 3713 2565 3784 legis
2610 3723 2879 3783 praecepta
2928 3730 3031 3768 non
3081 3722 3353 3782 poterant.
3397 3713 3512 3768 Hac
3575 3726 3752 3769 autem

2171 3803 2455 3872 prudentia
2506 3804 2559 3857 in
2582 3790 2806 3857 homine
2836 3804 3113 3857 Dominico
3144 3804 3412 3857 exstincta
3447 3815 3498 3857 et
3535 3804 3713 3857 ablata
3736 3844 3752 3862 .

2165 3892 2373 3960 justitia
2430 3893 2560 3961 legis
2594 3892 2845 3963 impletur
2867 3934 2881 3956 ,
2929 3908 3049 3947 cum
3078 3894 3369 3947 secundum
3402 3909 3621 3947 carnem
3648 3908 3752 3947 non

2174 3985 2498 4047 ambulatur,
2523 3984 2617 4037 sed
2641 3986 2936 4038 secundum
2978 3984 3247 4051 spiritum.
3288 3983 3445 4038 Unde
3475 3983 3753 4037 verissime

2174 4075 2377 4128 dictum
2430 4083 2553 4128 est:
2586 4074 2708 4127 Non
2740 4077 2850 4128 veni
2882 4074 3041 4145 legem
3073 4075 3299 4142 solvere,
3341 4076 3432 4128 sed
3472 4076 3754 4143 adimplere

2176 4167 2391 4238 (Matth.
2412 4167 2486 4237 ν).
2514 4166 2801 4221 Plenitudo
2826 4183 2956 4238 ergo
2987 4168 3118 4237 legis
3144 4167 3385 4221 Charitas
3418 4166 3591 4235 (Rom.
3610 4166 3746 4233 sui).

2174 4268 2228 4312 et
2249 4257 2487 4313 charitas
2525 4274 2713 4311 eorum
2753 4267 2855 4320 est,
2890 4258 2980 4327 qui
3023 4259 3315 4311 secundum
3364 4259 3612 4326 spiritum
3640 4274 3752 4310 aru-

2175 4347 2390 4412 bulant;
2433 4348 2547 4403 haec
2590 4348 2733 4401 enim
2780 4348 2849 4400 ad
2900 4348 3127 4417 gratiam
3216 4348 3451 4416 pertinet
3524 4346 3753 4414 Spiritus

2176 4437 2349 4491 sancti
2376 4454 2388 4487 :
2438 4436 2653 4504 quando
2680 4436 2823 4490 enim
2850 4452 2957 4488 non
2987 4445 3105 4490 erat
3133 4436 3374 4490 Charitas
3388 4434 3631 4501 justitite,
3660 4435 3751 4489 sed

490 4524 792 4593 subjectum
818 4543 925 4580 non
952 4526 1049 4581 fuit
1068 4544 1264 4598 corpus
1283 4531 1513 4586 Domini.
1538 4533 1760 4601 Expiata
1785 4550 1870 4590 est
1889 4546 2068 4592 autem
2098 4567 2150 4626 Ι)
2178 4528 2371 4592 timor.
2424 4528 2507 4580 Ῑυκ
2573 4544 2678 4581 non
2744 4528 3086 4597 implebatur.
3145 4528 3345 4598 (Αηιθι)
3410 4527 3531 4581 ίάθο
3593 4528 3754 4596 igitur

493 4634 523 4668 a
558 4614 761 4685 Spiritu
815 4628 1005 4674 sancto
1053 4637 1180 4674 caro
1231 4622 1463 4686 Domini,
1509 4633 1565 4676 ut
1611 4624 1663 4678 in
1708 4625 1798 4678 tali
1847 4642 2071 4697 corpore

493 4716 828 4786 nasceretur,
848 4709 1007 4777 quale
1022 4709 1260 4765 fuitAdas
1280 4722 1403 4767 ante
1425 4724 1722 4783 peccatum,
1753 4718 1867 4769 sola
1893 4725 1941 4769 ta
1952 4734 2069 4772 men

492 4798 761 4852 sententia
792 4800 915 4853 data
967 4801 1021 4853 in
1059 4802 1250 4855 Adam.
1292 4803 1452 4858 Misso
1488 4820 1615 4875 ergo
1663 4805 1804 4860 Deus
1834 4806 2069 4874 Christo,

497 4887 570 4942 De
607 4899 818 4958 peccato
851 4892 1118 4945 damnavit
1174 4904 1474 4962 peccatum,
1530 4897 1633 4957 hoc
1671 4907 1751 4951 est
1792 4908 2073 4968 peccatum

492 4988 720 5047 peccato
767 4982 984 5050 proprio
1039 4985 1332 5039 damnavit.
1393 4985 1637 5043 Christus
1686 4990 1826 5043 enim
1875 5006 1996 5044 cum
2042 5008 2072 5046 a

495 5080 717 5139 peccato
745 5073 1092 5141 cruciﬁgitur,
1118 5077 1207 5143 qui
1229 5086 1313 5130 est
1333 5076 1579 5141 Satanas,
1613 5081 1857 5149 peccavit
1879 5097 2071 5150 pecca—

498 5166 612 5214 tum
644 5162 697 5214 in
722 5178 887 5216 carne
912 5166 1155 5231 corporis
1183 5164 1478 5221 Salvatoris
1510 5183 1523 5220 :
1550 5184 1655 5239 quo
1683 5168 1825 5223 iacto
1846 5170 2073 5225 damna-

497 5247 575 5301 vit
602 5248 743 5304 Dcus
766 5262 1048 5319 peccatum
1078 5252 1130 5306 in
1178 5269 1360 5320 carne,
1391 5256 1463 5312 ibi
1490 5259 1675 5325 utique
1701 5258 1790 5311 ubi
1815 5261 2071 5326 peccavit,

499 5340 639 5395 sicut
661 5352 715 5395 et
738 5345 789 5397 in
816 5345 920 5399 alia
949 5346 1189 5415 Epistola
1210 5348 1283 5400 ait
1300 5346 1383 5418 (II
1408 5347 1528 5401 Cor.
1550 5351 1609 5418 ιι)
1630 5368 1643 5404 :
1669 5348 2075 5419 Detriumphaus

498 5430 619 5485 illos
652 5433 707 5485 in
726 5432 859 5504 ipso,
885 5435 935 5487 id
962 5445 1044 5489 est
1067 5438 1119 5490 in
1140 5436 1375 5491 Christo.
1404 5437 1536 5492 Nam
1565 5440 1700 5494 solet
1722 5440 1827 5494 dici
1850 5441 1916 5494 de
1937 5456 2073 5509 quo-

503 5545 602 5585 cun
632 5544 715 5596 rue
773 5528 1030 5586 damnato
1080 5550 1091 5584 :
1144 5532 1203 5585 In
1257 5548 1364 5601 qua
1414 5548 1573 5587 causa
1624 5535 1905 5587 damnatus
1951 5537 2076 5588 est?

504 5618 898 5689 Respondetur,
921 5630 981 5674 ut
1000 5630 1147 5690 puta,
1176 5623 1227 5675 in
1256 5623 1575 5687 homicidio;
1610 5623 1684 5675 ita
1709 5634 1763 5677 et
1792 5636 2070 5691 peccatum

506 5711 558 5765 in
596 5726 759 5765 carne
808 5712 1117 5766 damnatum
1165 5720 1267 5774 est.
1312 5714 1413 5767 hoc
1441 5722 1541 5780 est,
1590 5713 1641 5766 in
1684 5723 1906 5781 peccato
1930 5715 2070 5784 quod

507 5802 718 5856 admisit
748 5802 799 5856 in
820 5818 1004 5858 carne.
1042 5804 1152 5858 [loc
1180 5803 1363 5871 itaque
1396 5815 1616 5872 peccato
1642 5818 1763 5858 reus
1789 5804 1963 5858 factus
1987 5817 2074 5859 est

2177 4620 2489 4676 damnatum
2533 4618 2663 4673 dicit
2703 4630 2986 4688 peccatum
3041 4629 3097 4671 ut
3142 4618 3459 4687 impleretur
3504 4620 3555 4671 in
3604 4620 3753 4673 nobis

2166 4710 2485 4779 justiﬁcatio
2536 4710 2667 4778 legis
2719 4712 2855 4764 data:
2902 4727 2933 4762 a
2977 4710 3157 4779 Moyse
3204 4728 3214 4762 :
3264 4709 3459 4762 sublati
3504 4711 3645 4761 enim
3688 4710 3753 4763 de

2175 4803 2484 4859 conditione
2524 4803 2653 4871 legis
2694 4801 2822 4855 facti
2863 4817 3048 4856 sumus
3090 4803 3245 4855 amici
3282 4800 3526 4868 ejusdem
3562 4842 3575 4865 ,
3602 4800 3751 4877 justi-

2175 4894 2319 4947 ﬁcati
2352 4894 2497 4947 enim
2536 4894 2695 4945 amici
2737 4893 2869 4961 legis
2928 4902 3068 4946 sunt.
3127 4892 3405 4958 Quomodo
3442 4902 3620 4947 autem
3654 4895 3753 4946 im-

2174 4984 2351 5052 pletur
2374 4984 2425 5036 in
2452 4980 2965 5048 nobisjusliﬁcatio,
3009 4983 3110 5035 nisi
3153 4998 3278 5036 cum
3324 4985 3485 5037 datur
3512 4986 3751 5038 remissio

2175 5074 2413 5127 omnimn
2443 5082 2809 5142 peccatorum,
2832 5081 2911 5136 ut,
2928 5071 3151 5125 sublatis
3166 5073 3417 5140 peccatis,
3429 5071 3752 5138 justiﬁcatas

2178 5172 2452 5233 appareat,
2486 5171 2664 5217 mente
2696 5162 2938 5216 serviens
2968 5161 3069 5229 legi
3105 5161 3233 5215 Dei?
3264 5161 3375 5214 Hoc
3397 5170 3497 5223 est,
3538 5176 3642 5214 non
3669 5177 3750 5214 se-

2180 5253 2409 5307 cundum
2438 5258 2656 5306 carnem
2692 5252 2990 5316 ambulare,
3024 5254 3116 5307 sed
3147 5254 3445 5306 secundum
3474 5252 3749 5321 spiritum;

2181 5354 2240 5398 ut
2266 5344 2480 5398 devotio
2504 5344 2701 5407 animi,
2749 5343 2838 5411 qui
2888 5352 2971 5397 est
3020 5344 3275 5413 spiritus,
3318 5358 3425 5395 non
3457 5343 3752 5395 consentiat

2183 5435 2451 5489 desiderio
2473 5435 2704 5502 peccati,
2724 5434 2849 5502 quia
2883 5448 2978 5502 per
3001 5449 3218 5487 carnem
3242 5432 3475 5486 seminat
3503 5433 3747 5502 concupi-

2183 5528 2417 5584 scentias
2435 5527 2646 5589 animat,
2675 5526 2818 5593 quod
2854 5526 2992 5579 inest
3019 5532 3317 5593 peccatum.
3355 5520 3411 5575 Si
3442 5522 3750 5576 Damnatum

2182 5630 2262 5673 cst
2280 5627 2556 5688 peccatum
2587 5632 2615 5669 a
2636 5608 3221 5683 Salvatore,quomodo
3250 5615 3424 5667 inest?
3448 5615 3749 5667 damnatum

2181 5720 2263 5766 est
2291 5726 2321 5763 a
2352 5711 2653 5772 Salvatore,
2680 5717 2733 5761 et
2754 5708 2951 5777 triplici
2975 5723 3171 5777 genere
3200 5707 3535 5761 damnatum.
3580 5702 3753 5760 Primo

2180 5804 2323 5857 enim
2351 5802 2405 5855 in
2427 5801 2545 5855 loco
2573 5799 2848 5853 damnavit
2872 5807 3174 5867 peccatum,
3200 5797 3323 5851 dum
3358 5814 3468 5852 non
3497 5796 3747 5868 peccarit,
