3960 6384
201 422 226 472 I
241 420 337 472 441

739 415 1288 472 ENAHRATIONUM
1323 416 1390 470 IN
1430 416 1576 470 EPP.
1618 414 1825 471 PAULI
1858 416 1990 470 LIB.
2030 417 2118 472 IV.
2158 448 2229 459 ο-
2267 418 2331 470 IN
2372 417 2586 474 EPIST.
2622 418 2714 474 AD
2752 418 2917 476 ROM.

3321 414 3462 470 1442

199 533 528 587 dissentiens
553 546 582 582 a
604 537 844 598 peccato.
863 529 1133 583 Deindein
1160 543 1320 582 cruce
1337 527 1781 597 peccatum,quia
1809 531 1861 588 Α
1889 530 2048 584 modo
2076 531 2220 584 enim
2249 530 2508 599 sapientia
2539 529 2743 593 carnis,
2771 530 2872 584 hoc
2895 537 3000 595 est,
3043 529 3278 585 carnalis
3314 531 3466 590 intel-

200 625 473 696 peccavit,
507 623 818 676 damnatum
863 621 1080 675 dicitur.
1133 620 1283 675 Unde
1313 621 1520 676 sublata
1569 630 1652 676 est
1707 620 1780 674 illi

202 715 536 777 auctoritas,
585 714 736 782 quasi
779 713 1061 782 peccanti,
1107 727 1209 780 qua
1240 711 1786 767 detinebathoniines

202 806 258 859 in
308 805 522 858 inferno
553 812 772 874 propter
799 802 1052 857 delictum
1099 801 1257 868 Adae,
1306 811 1364 856 ut
1397 803 1464 858 de
1500 811 1698 856 caetero
1730 803 1785 854 in

201 898 402 965 quibus
454 897 667 967 signum
714 896 892 950 crucis
939 904 1063 959 est,
1117 896 1357 948 detinere
1410 910 1517 948 non
1567 894 1781 947 audeat.

203 989 389 1044 Tertio
419 990 696 1043 damnavit
723 994 1024 1057 peccatum,
1060 987 1185 1040 dum
1211 986 1364 1040 irrita
1402 985 1530 1042 fecit
1567 987 1784 1052 delicta,

203 1083 530 1136 remissione
572 1089 915 1152 peccatorum
956 1095 1213 1134 concessa
1245 1095 1402 1134 :cum
1428 1079 1571 1133 enim
1596 1094 1786 1148 pecea-

207 1181 293 1226 tor
337 1187 501 1225 causa
539 1170 760 1225 admissi
791 1169 994 1240 peccati
1026 1169 1365 1223 damnandus
1408 1179 1584 1234 esset,
1641 1169 1790 1236 igno-

203 1271 582 1328 scetisautem
628 1260 678 1314 ei
722 1259 998 1313 damnavit
1043 1259 1097 1311 in
1150 1274 1216 1312 eo
1257 1268 1558 1328 peccatum.
1605 1259 1790 1326 Itaque

204 1357 251 1409 si
282 1365 339 1409 et
381 1371 480 1408 nos
519 1353 814 1407 Salvatoris
855 1350 1103 1419 exemplo
1135 1367 1240 1406 non
1279 1365 1566 1420 peccemus
1589 1391 1604 1416 ,
1637 1351 1789 1404 dam-

206 1460 405 1500 namus
443 1451 746 1512 peccatum.

283 1534 386 1600 Qui
413 1537 549 1588 enim
575 1539 859 1586 secundum
895 1548 1102 1585 carnem
1131 1549 1248 1586 sum
1270 1575 1284 1597 ,
1316 1550 1432 1602 qua:
1463 1535 1634 1586 carnis
1669 1542 1788 1586 sunt

203 1627 414 1695 sapiunt
440 1640 457 1677 :
483 1625 571 1694 qui
603 1624 1023 1677 rero’secundum
1051 1625 1311 1694 spiritum,
1352 1642 1469 1696 qua:
1527 1635 1645 1679 sunt
1689 1625 1792 1693 spi-

206 1715 358 1778 ritus,
391 1715 637 1768 sentiunt.
672 1713 868 1784 (Orig)
896 1713 994 1768 I-Iic
1024 1715 1136 1782 jam
1168 1716 1407 1784 apertius
1444 1716 1597 1784 quasi
1649 1717 1790 1769 inter

206 1822 306 1860 nos
329 1815 382 1859 et
405 1803 637 1866 Iudaeos,
665 1805 716 1858 in
743 1805 918 1857 medio
946 1814 1188 1860 statuens
1212 1807 1382 1874 legem
1415 1807 1581 1876 Moysi
1614 1807 1780 1861 dicit:

1888 622 2129 692 ligentia,
2157 639 2263 678 non
2287 623 2357 683 sit
2381 623 2598 678 inimica
2643 622 2776 687 Deo,
2815 638 2932 692 quae
2958 624 3279 679 adversatur
3303 623 3431 678 Chri

1886 723 1992 778 sto,
2037 729 2156 782 quae
2203 730 2308 768 non
2357 714 2549 783 recipit
2599 729 2721 768 eum
2769 729 2930 784 quem
2965 706 3113 769 misit
3141 714 3302 778 Deus,
3345 729 3445 785 qu:

1887 803 2020 858 dicit
2049 823 2060 856 :
2087 803 2200 857 Nos
2243 803 2405 874 legem
2444 804 2691 858 habemus
2719 815 2768 858 et
2796 805 3084 858 secundum
3117 804 3280 875 legent
3319 805 3463 860 debe.

1887 899 2040 962 mori,
2063 899 2310 960 quoniam
2334 895 2534 950 Filium
2561 896 2658 950 Dei
2691 914 2745 952 se
2766 899 2924 967 fecit?
2953 898 3133 966 (Joan.
3163 897 3300 970 xix.)
3323 898 3468 965 Quo-

1886 988 2047 1042 modo
2102 1003 2230 1056 ergo
2289 987 2408 1061 talis
2466 988 2729 1058 sapientia
2758 1029 2773 1052 ,
2827 997 2882 1044 et
2923 989 3045 1044 talis
3115 989 3466 1060 intelligentia

1887 1076 1942 1130 in
1972 1075 2087 1147 lege
2111 1077 2220 1131 Deo
2238 1092 2344 1131 non
2378 1078 2588 1132 dicatur
2617 1078 2856 1144 inimica,
2885 1089 2939 1134 et
2963 1081 3068 1150 legi
3091 1079 3252 1149 ejus?
3278 1080 3340 1134 Ei
3362 1080 3467 1135 sci-

1887 1168 2016 1224 licet
2040 1183 2160 1237 quae
2197 1170 2490 1224 secundum
2532 1171 2783 1240 spiritum
2818 1180 2902 1226 est
2924 1212 2940 1237 ,
2973 1185 3079 1226 non
3107 1182 3188 1226 est
3221 1170 3463 1240 subjecta

1889 1275 1989 1315 nec
2031 1268 2206 1328 potest
2236 1261 2466 1329 subjici:
2514 1263 2638 1333 quia
2700 1262 2842 1318 sicut
2885 1263 3159 1317 contraria
3208 1263 3308 1318 sibi
3344 1271 3467 1317 sunt

1888 1350 1999 1404 vita
2044 1360 2099 1406 et
2142 1365 2308 1415 mors,
2354 1352 2428 1405 ita
2479 1354 2751 1407 contraria
2804 1353 2906 1408 sibi
2946 1362 3074 1408 sunt
3109 1353 3288 1407 littera
3336 1353 3468 1424 legis

1890 1441 2142 1496 occidens
2171 1457 2290 1512 qua‘
2329 1452 2385 1497 et
2429 1443 2694 1511 sapientia
2723 1444 2934 1508 carnis,
2965 1451 3020 1497 et
3065 1443 3285 1513 spiritus
3329 1441 3466 1495 vivi-

1891 1531 2060 1587 ﬁcans
2108 1534 2195 1600 qui
2248 1549 2374 1588 vere
2419 1534 2506 1586 le’x
2555 1533 2651 1587 Dei
2697 1543 2796 1587 est.
2845 1533 3030 1605 (Aug.)
3063 1534 3120 1587 In
3163 1549 3229 1598 ep
3285 1543 3466 1588 autent

1889 1624 2030 1693 quod
2068 1624 2164 1687 ait,
2207 1625 2485 1693 prudentia
2513 1625 2686 1677 carnis
2717 1624 2932 1677 inimica
2959 1631 3033 1677 est
3078 1622 3209 1688 Deo,
3237 1621 3474 1678 ostendit

1891 1714 2021 1783 quid
2036 1715 2254 1779 dixerit,
2284 1716 2598 1779 inimica,ne
2613 1715 2736 1784 quis
2749 1724 2963 1783 putaret
2995 1724 3246 1784 tanquam
3275 1727 3340 1767 ex
3371 1712 3470 1766 ad-

1891 1819 2050 1858 verso
2071 1803 2334 1873 principio
2357 1803 2588 1872 aliquam
2615 1814 2882 1867 naturam,
2907 1818 3068 1873 quam
3099 1818 3202 1856 non
3226 1800 3468 1857 condidit

206 1895 313 1961 Qui
347 1895 631 1949 secundum
653 1910 863 1947 carnem
887 1907 1028 1959 sunt,
1057 1912 1173 1964 qua:
1215 1898 1388 1949 carnis
1412 1907 1530 1950 sunt
1560 1898 1787 1966 sapiunt,
1819 1884 1868 1942 B
1896 1893 2060 1956 Deus,
2092 1891 2406 1946 inimicitias
2436 1893 2691 1964 adversus
2723 1892 2887 1945 Deum
2912 1906 3185 1946 exercere.
3217 1890 3472 1945 Inimicus

209 1987 318 2042 hoc
347 1995 452 2050 est,
476 1985 645 2040 Judaei
671 2001 807 2054 quos
836 1986 970 2040 dicit
999 1989 1297 2042 secundum
1341 2005 1559 2043 carnem
1589 1989 1750 2043 Israel
1775 2029 1790 2054 ,

206 2077 300 2145 qui
329 2092 391 2130 ea
415 2092 534 2146 quae
558 2077 737 2130 carnis
764 2085 887 2130 sunt
909 2077 1144 2145 sapiunt,
1169 2078 1226 2132 in
1247 2095 1312 2134 eo
1336 2080 1478 2148 quod
1500 2079 1797 2134 secundum

206 2183 430 2224 carnem
467 2168 639 2238 legem
684 2167 1028 2238 intelligunt;
1063 2169 1148 2239 qui
1189 2187 1307 2224 vero
1336 2173 1618 2224 secundum
1645 2171 1800 2242 spiri-

206 2268 319 2314 tum
364 2258 452 2329 (de
481 2259 568 2313 bis
595 2258 801 2324 dicens,
843 2273 979 2328 quos
1005 2257 1220 2314 Judteos
1248 2261 1377 2326 dicit
1408 2262 1598 2331 Spiritu
1623 2303 1637 2326 ,
1689 2277 1798 2316 non

207 2349 444 2417 littera),
493 2366 608 2420 quae
643 2359 763 2403 sunt
805 2350 1020 2419 spiritus
1060 2352 1306 2404 sentiunt.
1339 2351 1577 2422 (Ambp)
1627 2351 1799 2406 Aliter

206 2449 392 2495 autem
430 2457 444 2493 :
474 2438 574 2508 Qui
607 2439 935 2508 suggestioni
966 2451 1084 2506 qua:
1117 2440 1174 2492 lit
1205 2456 1301 2509 per
1327 2456 1545 2494 carnem
1591 2442 1800 2496 obtem-

204 2541 386 2603 perat,
439 2547 560 2602 quae
587 2532 767 2587 carnis
814 2539 937 2586 sunt
982 2532 1158 2601 sapit;
1191 2532 1294 2586 hoc
1331 2533 1472 2586 enim
1515 2533 1591 2586 illi
1638 2546 1802 2587 suave

207 2623 448 2688 videtur,
477 2623 619 2692 quod
657 2621 922 2690 sequitur,
978 2629 1168 2676 contra
1211 2621 1294 2676 fas
1339 2631 1600 2692 appetens
1642 2638 1798 2677 usum

217 2723 280 2767 et
310 2713 631 2767 sententiam
664 2710 866 2766 erroris
895 2711 1113 2765 carnis:
1153 2711 1205 2764 in
1244 2726 1409 2765 carne
1459 2713 1601 2766 enim
1647 2728 1801 2766 error

216 2805 524 2858 mundanus
552 2804 814 2872 signatur,
849 2817 1168 2872 quacunque
1206 2817 1271 2856 ex
1310 2812 1483 2872 parte.
1543 2801 1646 2867 Qui
1683 2819 1799 2856 vero

209 2894 499 2948 secundum
548 2894 812 2964 spiritum,
850 2910 910 2946 ea
957 2909 1073 2964 qua:
1127 2903 1244 2946 sunt
1281 2894 1496 2962 spiritus
1551 2894 1796 2947 sentiunt.

216 2983 565 3039 Manifestum
596 2992 696 3048 est,
730 2985 853 3052 quia
882 2984 971 3052 qui
1005 2999 1061 3038 se
1093 2998 1121 3035 a
1161 2983 1338 3036 carnis
1361 2983 1642 3038 desideriis
1670 2998 1799 3037 con-

212 3075 393 3141 tinet,
423 3073 574 3141 juxta
607 3073 776 3144 legem
825 3073 1020 3127 mentis
1062 3074 1192 3126 vivit
1225 3091 1238 3126 :
1270 3072 1371 3127 hoc
1393 3074 1534 3127 enim
1570 3072 1647 3126 illi
1673 3071 1802 3126 utile

213 3166 430 3221 videtur
457 3180 645 3234 sapere
671 3164 811 3234 quod
840 3163 1124 3218 conveniat
1151 3163 1276 3233 legi.

1901 1997 2029 2052 ergo
2052 1983 2143 2036 Dei
2171 1983 2368 2037 dicitur
2391 2023 2407 2049 ,
2450 1985 2540 2053 qui
2564 1983 2669 2053 legi
2701 1982 2869 2052 ipsius
2895 1997 3002 2037 non
3030 1983 3388 2053 obtemperat,
3418 1991 3475 2037 et

1901 2076 2003 2130 hoc
2028 2091 2124 2144 per
2150 2076 2328 2130 carnis
2354 2075 2715 2144 prudentiam,
2741 2075 2793 2129 id
2831 2083 2932 2138 est,
2960 2091 3080 2129 cum
3105 2077 3307 2144 appetit
3334 2084 3473 2130 tem-

1900 2165 2102 2234 poralia
2148 2165 2288 2219 bona
2311 2207 2326 2228 ,
2381 2173 2437 2220 et
2479 2166 2631 2220 timet
2668 2165 2984 2234 temporalia
3022 2165 3179 2219 mala.
3215 2165 3471 2221 Deﬁnitio

1900 2258 2041 2310 enim
2100 2258 2398 2326 prudentiae
2451 2257 2501 2310 in
2547 2257 2858 2326 appetendis
2906 2255 3082 2321 bonis,
3133 2266 3185 2311 et
3240 2256 3474 2311 vitandis

1901 2346 2059 2401 malis
2081 2347 2337 2416 explicari
2368 2347 2521 2402 solet.
2550 2347 2890 2418 Quapropter
2912 2359 3059 2402 recte
3081 2347 3310 2418 appellat
3328 2347 3472 2416 Apo-

1901 2437 2069 2492 stolus
2088 2438 2269 2491 carnis
2291 2437 2629 2506 prudentiam
2650 2452 2754 2506 qua
2771 2437 2885 2491 haec
2900 2446 3227 2508 appetuntur
3251 2452 3347 2507 pro
3361 2452 3475 2493 ina-

1903 2529 2022 2597 gnis
2049 2529 2224 2592 bonis,
2265 2543 2384 2598 qua:
2415 2542 2518 2582 non
2553 2536 2897 2598 perseverant
2920 2543 3046 2581 num
3074 2528 3308 2593 homine;
3338 2536 3395 2582 et
3413 2542 3477 2582 ce

1903 2619 2018 2672 haec
2047 2619 2364 2673 amittantur
2389 2620 2608 2674 timetur
2628 2656 2645 2684 ,
2675 2633 2793 2687 quae
2820 2619 3143 2688 quandoque
3171 2617 3473 2673 amittenda

1903 2719 2046 2764 sunt.
2077 2709 2191 2764 Non
2222 2718 2399 2780 potest
2421 2719 2600 2764 autem
2635 2709 2754 2764 talis
2785 2709 3091 2778 prudentia,
3133 2708 3233 2780 legi
3256 2709 3352 2763 Dei
3376 2708 3477 2764 ob-

1905 2805 2141 2869 tempera
2151 2813 2206 2853 re
2231 2816 2246 2852 :
2269 2799 2364 2853 sed
2383 2809 2511 2853 tunc
2525 2799 3065 2869 obtemperaturlegi,
3079 2816 3202 2856 cum
3226 2802 3342 2857 ba‘c
3352 2815 3478 2871 peu-

1903 2890 2079 2944 deutia
2103 2891 2367 2944 exstincta
2390 2889 2568 2955 fuerit,
2601 2900 2660 2943 ut
2678 2890 2726 2945 ei
2753 2891 3302 2960 succedatprudentia
3319 2892 3477 2961 spiri-

1904 2990 2012 3044 tus,
2041 2997 2145 3051 qua
2175 2998 2275 3036 nec
2305 2983 2358 3034 in
2390 2981 2772 3052 temporalibus
2808 2983 2963 3037 bonis
3000 2999 3126 3052 spes
3154 2993 3340 3039 nostra
3370 2994 3474 3052 est,

1905 3086 2078 3140 neque
2105 3071 2162 3125 in
2182 3071 2336 3126 malis
2362 3061 2554 3136 timer;
2581 3073 2766 3127 eadem
2790 3087 3022 3148 namque
3041 3075 3233 3129 anima;
3262 3085 3475 3142 natura,

1904 3171 1961 3214 et
1985 3163 2323 3230 prudentiam
2349 3177 2530 3217 carnis
2566 3164 2743 3226 habet,
2774 3179 2895 3218 cum
2922 3165 3181 3220 inferiora
3211 3176 3469 3234 sectatur,

291 3254 433 3307 Nam
484 3223 758 3323 piudeniia
808 3239 996 3306 carnis.
1034 3269 1171 3305 mors
1202 3223 1334 3315 Vest,
1375 3252 1657 3321 prudentia
1701 3267 1796 3303 au-
1825 3223 1870 3286 Ω
1904 3259 1959 3306 et
1986 3252 2326 3320 prudentiam
2372 3252 2591 3320 spiritus
2618 3294 2632 3317 ,
2670 3269 2790 3308 cum
2834 3255 3113 3324 superiora
3139 3255 3288 3326 eligit
3311 3267 3365 3311 et
3391 3223 3475 3311 di:

215 3355 318 3398 tem
352 3345 580 3415 Spiritus
605 3347 708 3398 vita
744 3356 790 3398 et
823 3361 944 3414 pax.
977 3342 1173 3414 (Θήρ.)
1216 3342 1462 3412 Nunquid
1493 3358 1596 3396 non
1628 3357 1794 3396 unum

217 3445 383 3505 atque
412 3435 552 3489 idem
587 3444 669 3488 est
704 3433 844 3502 quod
875 3434 1004 3487 dicit
1027 3433 1303 3502 prudentia
1328 3432 1501 3485 carnis
1532 3449 1672 3485 mors
1698 3440 1793 3494 est,

217 3537 275 3582 ct
307 3526 460 3590 illud,
490 3525 663 3580 littera
687 3525 873 3578 occidit
895 3526 919 3578 2’
939 3523 1107 3594 Igitur
1131 3523 1416 3593 prudentia
1442 3521 1625 3577 carnis
1651 3535 1798 3576 mors

217 3628 323 3673 est.
386 3617 483 3671 Cui
534 3632 679 3670 mors
723 3616 842 3669 est?
881 3615 1086 3668 Animw
1131 3614 1248 3668 sine
1277 3614 1478 3668 dubio:
1511 3613 1601 3682 qui
1654 3613 1797 3666 enim

219 3711 393 3780 legem
424 3709 716 3762 secundum
746 3721 982 3768 carnem,
1016 3706 1069 3758 id
1096 3713 1198 3768 est,
1235 3705 1528 3758 secundum
1565 3703 1799 3756 litteram

219 3798 568 3862 intellexerit,
592 3814 697 3851 non
742 3797 889 3850 venit
922 3795 988 3850 ad
1035 3795 1308 3849 Christum
1341 3795 1432 3862 qni
1462 3802 1544 3846 est
1585 3793 1716 3856 vita,
1748 3801 1802 3846 ct

219 3891 344 3945 ideo
384 3889 657 3958 prudentia
706 3887 879 3940 carnis
925 3901 1063 3938 mors
1104 3896 1199 3949 est,
1228 3884 1508 3953 prudentia
1546 3900 1662 3938 vero
1693 3882 1801 3952 spi-

223 3982 357 4032 ritus
387 3979 490 4033 vita
510 3989 556 4030 et
580 3993 717 4046 pax;
750 3977 914 4030 vitam
954 3991 1185 4045 namque
1219 3983 1274 4029 et
1316 3989 1502 4044 pacem
1530 4014 1543 4038 ,
1576 3988 1694 4044 quae
1721 3983 1806 4028 est

223 4071 497 4133 Christus,
566 4070 727 4124 habet
795 4069 884 4139 qui
933 4067 1248 4138 spiritaliter
1307 4067 1554 4136 intelligit
1610 4067 1802 4136 legem.

225 4162 454 4232 (Ambr.)
475 4160 645 4215 Aliter
674 4180 686 4215 :
720 4160 1012 4214 Prudentia
1036 4159 1215 4213 carnis
1239 4167 1516 4227 peccatum
1540 4167 1642 4222 est,
1665 4159 1807 4227 quod

225 4261 451 4323 generat
482 4262 730 4306 mortem.
786 4252 1074 4307 Prudentia
1103 4253 1244 4307 enim
1274 4253 1395 4306 ideo
1422 4253 1619 4306 dicitur
1643 4293 1655 4318 ,
1683 4267 1806 4306 cum

225 4359 318 4398 res
368 4346 527 4399 stulta
575 4347 680 4410 sit,
722 4345 846 4414 quia
884 4345 1230 4399 saecularibus
1260 4345 1566 4398 hominibus
1594 4358 1810 4398 errores

225 4452 291 4489 ex
347 4437 646 4492 visibilibus
689 4438 958 4505 concepti,
991 4437 1102 4491 sive
1137 4437 1190 4490 in
1219 4452 1379 4491 sensu
1405 4477 1418 4498 ,
1447 4437 1557 4489 sive
1584 4437 1637 4490 in
1663 4445 1807 4500 actu,

226 4537 419 4582 contra
465 4527 633 4598 legem
672 4528 766 4582 Dei
794 4529 1075 4598 prudentia
1115 4529 1163 4580 vi
1188 4527 1383 4591 lentur,
1417 4528 1648 4580 maxime
1681 4525 1805 4594 quia

227 4623 408 4676 omnis
434 4621 693 4677 industria
724 4631 778 4677 et
801 4622 997 4676 astutia
1029 4621 1235 4675 illorum
1283 4621 1336 4674 in
1364 4636 1428 4674 eo
1448 4630 1549 4683 est,
1595 4627 1653 4671 ut
1683 4633 1806 4686 pec-

229 4720 379 4767 cent.
419 4712 618 4780 Sapere
645 4713 786 4766 enim
815 4712 912 4766 sibi
944 4712 1213 4773 videntur,
1247 4710 1289 4763 si
1330 4709 1470 4763 istud
1501 4706 1806 4775 diligentius

230 4810 450 4866 ctu-ent,
481 4817 599 4855 cum
649 4803 779 4856 nihil
833 4801 1045 4856 stultius
1082 4802 1188 4864 sit,
1229 4815 1388 4870 quam
1434 4815 1676 4869 peccare.
1713 4797 1810 4851 Est

231 4904 289 4948 et
319 4893 420 4947 alia
455 4894 735 4962 prudentia
765 4892 942 4947 carnis
964 4933 976 4955 ,
1017 4907 1133 4961 qua:
1183 4891 1467 4945 mundanis
1510 4890 1808 4943 rationibus

235 4985 421 5040 inﬂata
451 5025 465 5050 ,
517 4996 674 5055 negat
703 4985 902 5055 aliquid
932 4983 1065 5050 lieri,
1103 4994 1162 5038 ut
1200 4983 1387 5055 [quod]
1422 4983 1599 5036 mundi
1627 4990 1811 5036 careat

237 5079 472 5149 ratione.
510 5077 661 5131 Unde
705 5077 914 5131 deridet
957 5075 1190 5145 Virginis
1240 5084 1470 5143 partum,
1505 5072 1687 5126 carnis
1724 5089 1809 5126 re-

237 5167 646 5222 surrectionem.
685 5164 972 5227 Prudentia
1024 5175 1195 5218 autem
1223 5163 1434 5232 spiritus
1486 5163 1586 5215 rita
1613 5172 1659 5215 et
1685 5177 1808 5230 pax.

242 5259 385 5312 Vere
434 5260 546 5313 haec
591 5263 674 5311 est
721 5258 1005 5326 sapientia,
1037 5271 1154 5326 quae
1182 5256 1346 5307 vitam
1374 5253 1694 5322 acquirit‘et
1720 5266 1810 5320 pa-

239 5363 363 5402 cein
396 5362 409 5398 :
442 5363 672 5416 sequens
698 5346 837 5401 enim
869 5345 1150 5413 spiritalia,
1184 5341 1504 5410 contemptis
1546 5339 1812 5393 illecebris

240 5438 369 5493 vita:
393 5437 692 5505 praesentis,
715 5445 970 5491 aeternam
1001 5435 1217 5489 habebit
1236 5434 1399 5485 vitam
1431 5445 1551 5484 cum
1574 5445 1727 5499 pace,
1760 5430 1810 5484 id

242 5537 352 5592 est,
379 5529 495 5582 sine
525 5527 889 5596 inquietudine
920 5541 933 5577 :
963 5513 1056 5578 ubi
1100 5525 1240 5578 enim
1271 5521 1602 5589 perturbatio
1631 5530 1733 5578 est.
1758 5526 1813 5573 et

244 5636 407 5692 poena
436 5629 536 5675 est.

325 5708 583 5775 Quoniam
603 5713 854 5779 sapientia
878 5710 1046 5762 carnis
1075 5708 1285 5760 inimica
1306 5715 1377 5758 es!
1401 5704 1539 5756 Deo:
1558 5704 1656 5770 legi
1677 5703 1810 5755 enim

250 5797 348 5853 Dei
381 5817 479 5852 non
509 5809 579 5852 est
609 5799 855 5865 subiecta,
906 5813 993 5850 nec
1041 5797 1177 5849 enim
1220 5803 1405 5864 potest.
1451 5792 1641 5859 (0rig.)
1671 5791 1811 5856 Quo-

1906 3340 2026 3409 ligit
2051 3356 2064 3392 :
2093 3341 2544 3411 quemadmodum
2569 3343 2757 3397 eadem
2783 3358 2936 3412 aqua:
2959 3354 3151 3400 natura
3203 3354 3258 3400 et
3285 3345 3482 3415 frigore

1901 3432 2251 3501 congelascit,
2293 3441 2348 3486 et
2373 3433 2552 3488 calore
2611 3423 2915 3488 resolvitur.
2945 3433 3056 3490 Sed
3085 3451 3207 3489 cum
3238 3437 3481 3493 adhibito

1901 3523 2080 3577 calore
2108 3522 2333 3577 solvitur
2382 3532 2436 3578 et
2485 3523 2703 3578 calescit
2744 3539 2882 3594 aqua
2911 3565 2926 3591 ,
2972 3524 3086 3592 jam
3115 3541 3272 3581 nemo
3302 3535 3482 3596 potest

1901 3632 2019 3671 cam
2052 3616 2230 3669 nivem
2251 3617 2447 3670 dicere.
2471 3615 2615 3685 Legi,
2642 3616 2835 3685 inquit,
2860 3615 2958 3670 Dei
2991 3633 3090 3670 non
3121 3628 3194 3671 est
3219 3618 3477 3687 subjecta,

1903 3724 2064 3776 neque
2091 3709 2226 3760 enim
2264 3717 2448 3776 potest.
2489 3705 2582 3762 Sic
2599 3721 2728 3778 ergo
2751 3707 2953 3762 dictum
2973 3716 3085 3762 est:
3105 3707 3226 3778 Legi
3253 3707 3350 3762 Dei
3381 3725 3484 3764 non

1903 3807 1976 3850 est
2015 3796 2248 3867 subjecta
2291 3797 2570 3866 prudentia
2601 3798 2806 3861 carnis,
2836 3814 2928 3850 nec
2969 3798 3103 3856 enim
3130 3807 3310 3866 potest.
3342 3797 3480 3864 Quid

1904 3896 1988 3940 est
2026 3903 2188 3956 neque
2241 3889 2377 3940 enim
2426 3887 2642 3957 potest?
2685 3903 2787 3941 non
2820 3887 2980 3942 homo
3016 3902 3124 3941 non
3149 3896 3344 3958 potest,
3375 3903 3483 3942 non

1906 3977 2084 4032 anima
2115 3993 2220 4031 non
2268 3986 2464 4048 potest,
2513 3993 2618 4032 non
2651 3979 2880 4048 denique
2906 3979 3021 4048 ipsa
3054 3993 3202 4044 caro,
3233 3979 3358 4049 quia
3383 3979 3480 4034 Dei

1905 4078 2153 4122 creatura
2202 4079 2314 4132 est,
2347 4085 2452 4122 non
2479 4077 2656 4138 potest
2689 4086 2701 4120 :
2735 4077 2828 4123 sed
2855 4069 3140 4137 prudentia
3170 4069 3350 4124 carnis
3373 4085 3480 4126 non

1909 4167 2102 4228 potest,
2154 4158 2341 4211 vitium
2375 4174 2477 4211 non
2505 4168 2719 4226 potest,
2749 4173 2852 4212 non
2882 4166 3095 4212 natura.
3130 4159 3408 4224 Quomodo
3437 4160 3482 4214 si

1910 4251 2136 4310 diceres,
2165 4249 2486 4303 claudicatio
2512 4259 2674 4302 rectae
2702 4249 3051 4303 ambulationi
3093 4264 3200 4302 non
3230 4256 3313 4302 est
3349 4247 3479 4301 sub-

1903 4340 2067 4408 jecta,
2098 4353 2272 4407 neque
2296 4338 2439 4391 enim
2469 4345 2643 4405 potest
2669 4356 2682 4389 :
2712 4353 2805 4407 pes
2825 4347 3022 4407 potest,
3045 4338 3141 4392 sed
3164 4337 3484 4392 claudicatio

1911 4446 2014 4484 non
2049 4437 2250 4499 potest;
2290 4427 2890 4510 tolle‘clandicationem
2919 4437 2973 4482 et
3015 4427 3227 4482 videbis
3276 4435 3483 4481 rectam

1911 4520 2351 4574 ambulationem.
2394 4518 2543 4584 Quod
2571 4534 2699 4588 ergo
2734 4519 2826 4582 ait,
2863 4518 3141 4587 prudentia
3171 4517 3346 4570 carnis
3369 4516 3478 4569 ini-

1911 4613 2044 4664 mica
2087 4612 2143 4663 in
2182 4609 2368 4672 Deum,
2401 4609 2506 4663 noli
2557 4610 2634 4662 sic
2667 4609 2914 4678 accipere
2946 4607 3100 4678 quasi
3121 4607 3349 4662 inimica
3379 4607 3480 4661 ista

1910 4702 2082 4771 possit
2107 4700 2300 4754 lzedere
2322 4701 2507 4762 Deum,
2531 4700 2831 4754 resistendo
2864 4698 3082 4752 inimica
3107 4705 3208 4760 est,
3233 4712 3341 4751 non
3380 4711 3482 4749 no-

1913 4791 2110 4855 cendo;
2135 4791 2209 4844 illi
2232 4798 2411 4860 autem
2433 4800 2589 4846 nocet
2615 4792 2668 4845 in
2692 4806 2798 4860 quo
2835 4800 2920 4844 est
2958 4789 3241 4858 prudentia
3278 4788 3483 4844 carnis.

1915 4882 2139 4955 (Ambr.)
2159 4883 2461 4938 Notandum
2488 4893 2664 4938 autem
2695 4883 2834 4952 quod
2859 4897 2962 4936 non
2979 4896 3200 4936 carnem
3223 4879 3357 4932 dixit
3383 4880 3485 4932 ini-

1915 4974 2126 5036 micam,
2142 4975 2236 5029 sed
2259 4975 2574 5044 sapientiam
2590 4973 2787 5036 carnis,
2804 4973 2964 5033 idest,
2985 4970 3088 5026 n'on
3104 4969 3482 5036 substantiam,

1915 5062 2008 5116 sed
2057 5071 2147 5115 aut
2205 5063 2372 5118 malos
2422 5068 2746 5126 actus,.aut
2805 5059 3184 5129 cogitationem
3231 5057 3346 5112 sive
3397 5071 3483 5118 as—

1915 5153 2304 5208 severationem
2329 5169 2446 5222 quae
2472 5153 2713 5206 nascitur
2733 5152 2800 5206 de
2818 5165 3020 5205 errore.
3054 5147 3325 5218 Sapientia
3352 5161 3484 5216 ergo

1915 5245 2095 5298 carnis
2141 5255 2224 5298 est
2280 5245 2452 5312 primo
2493 5245 2546 5297 in
2601 5244 2719 5296 loco
2758 5253 3026 5296 astrorum
3079 5241 3147 5292 ab
3178 5238 3486 5293 hominibus

1913 5332 2129 5385 inventa
2157 5332 2464 5400 disputatio,
2498 5331 2687 5385 deinde
2725 5330 3012 5384 visibilium
3037 5327 3350 5392 oblectatio,
3370 5326 3486 5380 haec

1917 5421 2136 5476 inimica
2186 5432 2308 5475 sunt
2340 5421 2471 5484 Deo,
2521 5422 2644 5488 quia
2673 5419 3058 5475 elementorum
3089 5416 3394 5480 Dominum,
3428 5415 3486 5470 et

1918 5509 2163 5578 opiﬁcem
2203 5511 2385 5564 mundi
2408 5513 2492 5565 his
2515 5517 2819 5578 coaequant,
2841 5524 2962 5578 qua;
2990 5507 3138 5571 fecit,
3180 5511 3487 5558 astruentes

1919 5600 2050 5654 nihil
2087 5617 2244 5670 posse
2276 5602 2388 5656 ﬁeri
2426 5611 2780 5672 praeterquam
2811 5599 2993 5654 mundi
3037 5596 3276 5652 continet
3300 5593 3437 5647 ratio
3465 5603 3481 5654 ;

1919 5699 2268 5765 quamobrem
2307 5703 2506 5764 negant
2542 5693 2708 5746 Deum
2735 5689 2947 5751 fecisse,
2976 5696 3037 5742 ut
3065 5687 3230 5757 Virgo
3249 5689 3484 5754 pareret,

1922 5799 2014 5844 aut
2061 5801 2390 5844 mortuorum
2440 5798 2663 5851 corpora
2709 5787 3078 5846 resurgerem,
3110 5775 3236 5842 quia
3263 5770 3487 5828 stultum
