3948 6310
496 289 639 355 ms

1099 290 1162 351 Β.
1203 293 1455 350 RABANI
1494 291 1714 352 MAURI
1750 296 2071 385 ARCHIEP.
2110 294 2417 355 MOGUNT.
2462 298 2747 356 OPERUM
2781 298 2961 356 PARS
2998 299 3083 355 Ill.

3630 300 3754 359 “ll

495 416 599 473 est,
625 407 891 477 inquiunt,
908 412 969 459 ut
986 404 1129 461 Deus
1154 405 1344 462 fecerit
1369 406 1511 460 ultra
1539 422 1700 476 quam
1729 410 1867 479 Sapit
1894 409 2075 463 homo.
2107 411 2157 469 Α
2186 410 2377 464 mortis
2398 410 2587 465 oculeo
2612 412 2664 465 in
2686 421 2887 468 aeterna
2910 413 3315 481 incorruptione
3341 415 3614 483 regnabit.
3646 415 3757 470 Non

495 499 541 556 Ο
586 501 877 570 prudentes
907 500 1116 563 mundi,
1156 501 1247 569 qui
1293 508 1483 567 putant
1516 501 1682 554 Deum
1730 518 1834 555 non
1887 501 2085 556 debere

500 592 657 646 aliter
694 590 896 655 facere,
923 606 1085 660 quam
1129 590 1256 645 facit
1288 591 1355 645 ab
1383 605 1449 645 eo
1476 593 1689 647 condita
1712 601 1995 659 creatura;
2027 603 2086 647 ut

496 681 611 751 ipse
665 681 858 735 similis
896 683 1160 736 creaturis
1212 685 1471 750 putetur!
1500 683 1591 739 Sic
1630 689 1815 739 (acati
1859 697 2085 741 suntne

494 772 714 826 videant
734 772 948 840 qualem
971 772 1487 829 contumeliamDeo
1511 773 1746 840 faciunt;
1777 789 1913 847 opus
1936 777 2084 831 enlm

495 862 638 933 quod
665 862 721 916 in
752 862 963 917 laudem
1009 878 1163 917 suam
1200 863 1601 932 praedicandam
1628 864 1807 921 facere
1830 868 2086 939 dignatus

493 962 617 1019 est,
659 954 747 1009 isti
777 954 1173 1024 vituperantes,
1222 954 1561 1009 incredulum
1601 971 1720 1012 esse
1764 968 1820 1013 et
1862 959 2082 1015 stultum

496 1053 767 1111 asserunt,
790 1060 855 1099 ac
879 1060 977 1113 per
1002 1044 1107 1100 hoc
1135 1044 1238 1112 legi
1268 1044 1366 1098 Dei
1389 1045 1493 1100 hoc
1520 1046 1756 1113 studium
1781 1048 2082 1119 subjectum

493 1141 629 1191 esse‘
665 1151 772 1190 non
820 1144 1032 1205 potest,
1077 1136 1133 1190 in
1172 1150 1238 1191 eo
1285 1137 1430 1206 quod
1470 1139 1845 1207 exercitatur,
1897 1150 1959 1196 ut
1986 1143 2082 1198 Del

495 1229 663 1299 gestis
700 1238 981 1300 repugnet.

568 1317 670 1381 Qui
700 1319 835 1370 enim
860 1318 915 1370 in
936 1333 1096 1371 carne
1123 1326 1244 1372 sunt
1275 1317 1386 1373 Dea
1433 1325 1637 1390 placere
1680 1335 1784 1373 non
1821 1328 2037 1390 possunt
2060 1335 2081 1372 :

494 1423 580 1461 vos
614 1417 789 1461 autem
831 1424 935 1463 non
958 1410 1082 1463 estis
1108 1410 1164 1463 in
1194 1426 1352 1464 carne
1378 1410 1468 1464 sed
1496 1412 1550 1462 in
1578 1411 1787 1479 spiritu,
1819 1412 1863 1464 si
1907 1421 2081 1464 tamen

468 1498 728 1570 ~Spiritus
768 1502 863 1555 Dei
901 1502 1101 1557 habitat
1132 1504 1188 1557 in
1232 1504 1395 1557 vobis.
1443 1502 1638 1574 (Orig)
1682 1503 1784 1571 Qui
1826 1505 1879 1558 in
1918 1519 2083 1559 carne

498 1599 642 1655 sunt,
667 1592 860 1660 inquit,
884 1593 985 1648 hoc
1008 1604 1111 1659 est,
1141 1596 1233 1664 qui
1261 1596 1557 1651 secundum
1578 1595 1815 1651 litteram
1847 1612 2082 1665 sequun-

494 1690 583 1737 tur
626 1674 819 1751 legein,
868 1682 980 1738 Deo
1017 1685 1231 1754 placere
1262 1702 1367 1742 non
1402 1695 1629 1757 possunt
1659 1706 1672 1740 :
1723 1688 1825 1742 hoc
1853 1690 1998 1743 enim
2027 1699 2082 1742 et

2184 500 2325 564 estis,
2375 501 2570 570 inquit,
2617 503 2671 554 in
2704 520 2859 555 carne
2882 542 2897 567 ,
2930 502 3021 556 sed
3046 504 3101 556 in
3125 503 3333 572 spiritu,
3360 507 3405 557 si
3436 515 3612 558 tamen
3646 504 3755 576 Spi-

2184 589 2316 642 ritus
2344 589 2443 643 Dei
2471 590 2669 643 habitat
2693 591 2747 643 in
2777 591 2937 645 vobis.
2972 594 3154 662 (Aug)
3185 591 3301 647 Non
3327 596 3465 649 estis
3499 597 3553 648 in
3583 611 3757 663 carne,

2184 678 2307 746 quia
2346 694 2454 732 non
2493 679 2670 733 facitis
2705 695 2868 749 opera
2909 681 3101 734 carnis
3139 684 3532 736 consentiendo
3569 700 3755 739 concu-

2182 768 2461 839 piscentia:
2487 771 2669 825 carnis
2702 789 2715 824 :
2748 772 2841 826 sed
2870 772 3004 826 estis
3054 772 3106 826 in
3139 772 3365 841 spiritu,
3407 774 3538 842 quia
3578 790 3755 830 secun-

2183 859 2309 914 dum
2350 858 2668 915 interiorem
2711 860 2983 915 hominem
3015 862 3467 917 eondelectamini
3501 864 3605 935 legi
3632 864 3755 929 Dei,

2182 950 2276 1005 sed
2311 952 2414 1006 hoc
2440 961 2554 1017 est,
2587 954 2631 1005 si
2658 962 2832 1005 tamen
2863 950 3092 1021 Spiritus
3133 953 3230 1007 Dei
3269 956 3470 1009 habitat
3503 958 3560 1009 in
3604 958 3752 1011 vobis.

2182 1040 2319 1095 Nam
2348 1043 2393 1097 si
2422 1043 2486 1098 de
2509 1043 2703 1112 spiritu
2729 1050 2911 1097 vestro
2928 1044 3277 1113 praesumitis,
3318 1046 3496 1099 adhuc
3525 1048 3577 1099 in
3608 1062 3758 1102 carne

2182 1133 2315 1188 estis
2350 1150 2361 1185 :
2398 1134 2441 1187 si
2473 1132 2599 1205 [sic]
2633 1149 2761 1203 ergo
2790 1134 2995 1189 habitet
3020 1135 3327 1199 arbitrium,
3362 1144 3421 1189 ut
3470 1136 3757 1204 imploretis

2183 1223 2462 1277 auxilium.
2496 1225 2557 1279 Si
2584 1225 2887 1289 tamen,ait,
2917 1222 3144 1294 Spiritus
3173 1225 3275 1280 Dei
3293 1226 3495 1279 habitat
3525 1227 3578 1279 in
3607 1228 3754 1280 vobis.

2182 1312 2419 1384 (Ambr.)
2436 1312 2547 1368 Hoc
2567 1314 2686 1367 ideo
2712 1314 2813 1369 sub
2831 1314 3182 1384 ambiguitate
3204 1316 3353 1378 dicit,
3370 1316 3499 1384 quia
3520 1317 3574 1369 in
3598 1315 3756 1386 legem

2183 1402 2388 1457 inducti
2418 1418 2523 1457 non
2556 1404 2733 1457 adhuc
2761 1404 3016 1473 perlecta
3046 1412 3202 1458 erant
3232 1405 3379 1471 ﬁdei,
3411 1406 3507 1460 sed
3542 1421 3685 1475 spem
3707 1422 3752 1458 in

2182 1491 2263 1547 eis
2289 1490 2506 1546 videbat
2530 1492 2887 1562 perfectionis
2918 1512 2931 1546 :
2956 1494 3098 1549 unde
3127 1494 3419 1563 aliquando
3446 1497 3604 1564 quasi
3644 1511 3755 1565 per-

2183 1584 2338 1638 fectis
2392 1584 2661 1654 loquitur,
2725 1586 3013 1654 aliquando
3063 1586 3220 1655 quasi
3254 1586 3619 1656 perrecturis;
3663 1587 3753 1640 hoc

2182 1686 2286 1741 εει,
2335 1676 2622 1745 aliquando
2667 1677 2869 1743 laudat,
2917 1677 3209 1747 aliquando
3236 1687 3582 1742 commonet,
3622 1688 3677 1730 ut
3710 1679 3751 1732 si

493 1772 623 1828 olim
661 1788 758 1843 per
792 1775 981 1830 Isaiam
1015 1780 1422 1846 pronuntiatum
1448 1788 1531 1835 est
1552 1795 1582 1834 a
1609 1780 1878 1845 Deo,cum
1899 1781 2028 1835 dicit
2062 1799 2075 1833 :
2107 1767 2156 1827 Β
2183 1767 2479 1822 secundum
2532 1784 2696 1838 ευρηι
2742 1779 3039 1823 memorata
3069 1780 3353 1825 versemur
3396 1769 3551 1838 Ῑυιιῧ
3594 1769 3749 1840 legem

491 1863 707 1934 Jejunia
735 1876 783 1920 et
811 1867 992 1935 ferias,
1017 1878 1064 1923 et
1093 1869 1229 1923 diem
1261 1888 1507 1942 magnum
1540 1883 1764 1927 vestrum
1804 1890 1907 1926 non
1961 1891 2076 1928 sus-

494 1952 631 2006 tinea
658 1970 678 2018 ;
707 1956 1006 2010 neomenias
1032 1966 1080 2010 et
1129 1956 1349 2012 sabbata
1397 1969 1567 2013 vestra
1602 1962 1709 2015 odit
1743 1962 1922 2015 anima
1961 1978 2075 2015 mea

496 2043 633 2116 (Isa.
661 2044 723 2117 I).
750 2044 857 2102 Sed
886 2061 1005 2114 vos,
1036 2047 1241 2117 inquit,
1293 2050 1345 2104 in
1376 2052 1572 2119 quibus
1602 2051 1835 2122 Spiritus
1860 2054 1953 2107 Dei
1983 2055 2079 2107 ha»

495 2137 654 2204 bitat,
687 2138 732 2193 si
772 2147 952 2194 tamen
990 2140 1223 2206 habitat,
1275 2142 1333 2194 in
1362 2157 1526 2197 carne
1557 2157 1664 2198 non
1688 2143 1840 2207 estis,
1889 2144 1983 2199 sed
2022 2145 2074 2197 in

499 2225 703 2298 Spiritu
730 2268 745 2294 ,
775 2229 876 2284 hoc
904 2237 1025 2294 est,
1052 2245 1160 2284 non
1190 2230 1597 2302 intelligentiam
1642 2232 1912 2288 carnalem
1944 2233 2077 2302 legis

2180 1868 2404 1922 natura},
2444 1859 2495 1912 in
2538 1859 2727 1928 spiritu
2765 1875 2885 1914 esse
2935 1860 3204 1925 dicantur,
3253 1862 3381 1929 quia
3410 1860 3643 1927 Spiritus
3668 1861 3750 1915 Dei

2182 1950 2236 2004 in
2268 1965 2332 2004 eo
2362 1950 2608 2003 habitare
2650 1966 2756 2003 non
2788 1959 2967 2019 potest
2993 1952 3083 2019 qui
3123 1951 3361 2005 carnalia
3390 1951 3653 2020 sequitur.

2250 2040 2307 2095 Si
2334 2058 2450 2112 quis
2481 2041 2736 2111 Spiritum
2761 2040 2954 2095 Christi
2975 2057 3079 2095 non
3100 2041 3276 2106 habet,
3301 2042 3510 2100 hicnon
3536 2050 3608 2094 est
3626 2042 3749 2109 ejus.

2181 2129 2373 2203 (Orig)
2397 2132 2548 2199 Quod
2578 2132 2950 2188 constantibus
2974 2140 3029 2187 et
3053 2132 3336 2187 dialectica
3376 2142 3497 2186 arte
3527 2131 3752 2186 censetis

2180 2234 2365 2278 utatur
2408 2224 2731 2294 syllogismis
2774 2223 3049 2292 apostolus
3078 2222 3295 2288 Paulus,
3324 2223 3412 2277 vel
3438 2225 3491 2277 in
3520 2225 3620 2278 hoc
3646 2224 3753 2278 loco

496 2319 815 2386 scquimini,
864 2320 958 2374 sed
1013 2320 1348 2390 spiritalem,
1389 2337 1487 2391 per
1531 2337 1693 2391 quam
1746 2325 1970 2379 venistis
2010 2325 2078 2379 ad
2177 2315 2264 2371 vel
2286 2316 2337 2369 in
2356 2316 2476 2370 aliis
2510 2316 2764 2385 Epistolis
2784 2316 2917 2379 suis,
2935 2330 3041 2369 non
3066 2317 3366 2380 mihinunc
3390 2317 3749 2385 exponendum

500 2408 764 2481 Spiritum
806 2411 1191 2478 viviﬁcantem,
1242 2412 1287 2466 si
1326 2421 1506 2467 tamen
1538 2422 1691 2469 actus
1727 2416 1894 2469 vestri
1945 2416 2078 2469 tales
2178 2409 2408 2472 videtur,
2448 2423 2515 2463 ne
2548 2406 2689 2465 forte
2731 2423 2837 2461 non
2870 2416 2980 2461 tam
3027 2407 3267 2463 scientiae
3306 2409 3424 2477 ejus
3458 2424 3619 2477 quam
3646 2422 3747 2461 ser-

498 2501 629 2567 sint,
645 2512 703 2557 et
725 2502 1085 2567 conversatio,
1113 2510 1173 2558 ut
1209 2503 1469 2571 Spiritum
1498 2503 1592 2557 Dei
1620 2505 1673 2557 in
1704 2504 1855 2558 vobis
1880 2504 2081 2559 habere
2180 2498 2374 2563 monis,
2402 2499 2453 2551 in
2483 2513 2589 2567 quo
2618 2513 2725 2551 non
2768 2498 2882 2551 vult
2929 2513 2988 2552 se
3016 2499 3248 2567 peritum
3301 2499 3427 2562 dici,
3469 2507 3753 2553 assertores

499 2595 837 2649 mercamini.
870 2595 926 2648 la
953 2593 1087 2649 duas
1116 2602 1247 2665 ergo
1271 2635 1286 2659 ,
1341 2604 1400 2648 ut
1426 2595 1691 2661 diximus,
1723 2605 1905 2665 partes
1941 2598 2078 2652 divi-

470 2684 633 2740 dens
662 2685 831 2756 legem
857 2686 1066 2757 Moysi,
1112 2678 1163 2740 id
1205 2695 1306 2749 est,
1342 2687 1393 2741 in
1435 2687 1684 2756 spiritum
1722 2697 1777 2742 et
1807 2704 2028 2743 carnem
2063 2727 2077 2755 ,

502 2789 625 2845 qua:
661 2781 786 2828 sunt
829 2775 1073 2843 spiritus,
1103 2775 1229 2843 quia
1254 2783 1310 2829 et
1335 2775 1630 2843 spiritalem
1679 2776 1851 2846 legem
1894 2778 2077 2846 appel-

501 2864 652 2930 lavit,
690 2866 951 2935 nobisque
989 2866 1249 2921 tradidit:
1283 2882 1403 2935 qua:
1432 2882 1561 2921 vero
1580 2868 1764 2922 carnis
1789 2877 1911 2922 sunt
1956 2884 2078 2922 car-

506 2958 722 3013 nalibus
762 2956 963 3012 Judmis
1006 2957 1244 3025 reliquit.
1305 2957 1534 3027 (Ambr.)
1574 2958 1789 3011 Aliter:
1822 2958 1876 3011 in
1918 2972 2081 3012 carne

501 3056 627 3103 sunt
668 3047 942 3116 sapientes
973 3047 1199 3109 mundi,
1256 3046 1381 3114 quia
1432 3047 1782 3115 respicientes
1820 3048 2078 3101 mundum

2179 2605 2299 2646 esse
2330 2591 2647 2657 videamur;
2677 2600 2730 2644 et
2752 2590 2873 2644 ideo
2906 2592 3169 2661 propositi
3195 2593 3368 2662 magis
3394 2592 3613 2661 capituli
3637 2608 3749 2647 sea-

2181 2697 2298 2736 sum
2322 2682 2590 2735 discutere
2613 2681 3023 2750 properabimus
3066 2681 3122 2734 in
3151 2681 3544 2751 superioribus,
3568 2682 3653 2736 ubi
3677 2682 3753 2735 di—
3835 2698 3845 2711 ι

2180 2775 2293 2827 xit:
2337 2770 2435 2833 Vos
2465 2782 2639 2826 autem
2665 2774 2718 2827 in
2765 2790 2921 2826 carne
2950 2790 3051 2827 non
3093 2775 3238 2838 estis,
3265 2774 3355 2827 sed
3382 2775 3439 2827 in
3475 2773 3683 2842 spirits;
3706 2774 3753 2827 si

2183 2875 2356 2918 tamen
2411 2866 2627 2935 spiritus
2673 2864 2771 2919 Dei
2800 2866 3001 2918 habitat
3051 2865 3108 2919 in
3146 2866 3307 2930 vobis,
3362 2866 3565 2935 duplici
3602 2865 3756 2927 modo

2181 2956 2309 3025 quid
2343 2964 2425 3009 est
2454 2956 2506 3009 in
2530 2957 2718 3026 spiritu
2742 2971 2863 3012 esse
2892 2957 3321 3026 explanavimus.
3344 2958 3398 3011 id
3428 2967 3533 3022 est,
3561 2957 3641 3012 vel
3681 2956 3756 3010 le-

2182 3060 2302 3112 gem
2328 3061 2434 3100 non
2464 3048 2756 3101 secundum
2786 3047 3129 3102 litteramsed
3150 3046 3446 3102 secundum
3474 3047 3757 3118 spiritalem

502 3138 730 3209 apiritali
759 3138 1036 3206 sapientia:
1065 3138 1345 3201 resistunt,
1362 3137 1487 3205 quia
1520 3146 1665 3192 totus
1690 3139 1920 3193 mundus
1954 3154 2081 3193 caro
2108 3117 2153 3178 Ο
2184 3152 2400 3192 sensum
2454 3137 2768 3207 intelligere,
2824 3138 2909 3192 vel
2956 3139 3117 3193 etiam
3171 3117 3514 3192 mortiﬁcata
3548 3154 3761 3206 corpore

502 3240 587 3287 cst
618 3248 630 3284 :
657 3245 818 3285 omne
866 3229 1011 3285 enim
1052 3228 1265 3283 visibile
1298 3229 1450 3283 carni
1484 3230 1812 3299 deputatur;
1853 3238 2081 3299 cognata

502 3323 649 3377 enim
686 3328 811 3376 sunt
836 3321 1036 3385 carnis,
1071 3312 1180 3375 imo
1208 3320 1475 3375 elementa
1491 3322 1675 3376 carnis
1702 3339 1713 3373 :
1741 3321 1971 3390 ideoque
1991 3321 2082 3390 qui

501 3416 789 3496 mundanis
842 3416 1005 3471 rebus
1055 3416 1411 3485 obtemperat,
1460 3415 1513 3470 in
1539 3431 1703 3471 carne
1746 3426 1846 3471 est.
1902 3416 2086 3488 (Aug)

501 3507 636 3563 Item
672 3507 727 3561 in
770 3520 935 3561 carne
961 3515 1085 3560 sunt
1108 3507 1201 3575 qui
1224 3506 1276 3559 in
1300 3521 1466 3560 carne
1501 3508 1798 3577 conﬁdunt,
1834 3509 1924 3576 qui
1952 3523 2083 3561 con-

503 3597 869 3667 cupiscentias
893 3612 1021 3651 suas
1048 3606 1366 3665 sequuntur,
1399 3598 1490 3665 qui
1515 3598 1569 3650 in
1593 3598 1678 3652 his
1702 3598 1968 3664 habitant,
1991 3601 2084 3667 qui

502 3679 689 3745 earum
730 3688 1097 3757 voluptatibus
1142 3687 1520 3753 obiectantur,
1548 3689 1639 3758 qui
1670 3689 1723 3742 in
1767 3704 1954 3743 earum
1996 3691 2087 3744 dc-

503 3779 885 3834 lectationibus
926 3779 1140 3832 beatam
1167 3777 1489 3847 felicemque
1520 3780 1683 3833 vitam
1706 3781 2041 3833 constituunt
2068 3798 2081 3833 :

507 3870 609 3938 ipsi
639 3870 782 3923 enim
814 3869 866 3922 in
908 3883 1072 3922 carne
1114 3876 1261 3931 sunt,
1290 3866 1404 3922 Deo
1443 3867 1655 3937 placere
1693 3884 1799 3923 non
1839 3879 2082 3939 possunt.

505 3960 623 4015 Non
664 3962 809 4014 enim
845 3960 1050 4036 dictum
1085 3968 1207 4025 est,
1258 3960 1352 4029 qui
1401 3968 1582 4014 autem
1629 3977 1756 4016 caro
1808 3972 1933 4016 sunt
1977 3964 2087 4017 Dco

508 4050 724 4121 placere
760 4065 867 4103 non
892 4055 1135 4119 possunt,
1164 4050 1321 4117 quasi
1348 4048 1549 4103 dictum
1578 4059 1720 4104 esset
1768 4052 1822 4104 in
1850 4052 1951 4106 hac
1980 4054 2087 4105 vita

509 4158 633 4197 cum
670 4150 792 4196 sunt
822 4140 1071 4195 homines
1112 4140 1222 4194 Deo
1265 4140 1479 4209 placere
1525 4157 1632 4195 non
1686 4152 1929 4211 possunt.
1991 4142 2088 4196 Vos

508 4240 685 4285 autem
723 4247 827 4283 non
868 4231 990 4283 estis
1018 4232 1072 4283 in
1097 4247 1273 4294 carne,
1304 4232 1394 4283 sed
1420 4231 1474 4283 in
1511 4232 1717 4300 spiritu.
1749 4232 1981 4302 (Ambr.)
2030 4233 2087 4286 In

510 4337 675 4376 carne
721 4321 882 4389 positi
924 4320 1175 4374 dicuntur
1211 4336 1316 4373 non
1349 4337 1469 4377 esse
1499 4322 1554 4375 in
1585 4337 1772 4387 carne,
1814 4324 1857 4377 si
1895 4338 2085 4377 assen-

423 4483 426 4486 .
511 4412 708 4465 tientes
738 4409 932 4465 Joanni
960 4409 1201 4479 apostolo
1242 4411 1513 4464 mundana
1545 4427 1651 4465 non
1679 4412 1938 4481 diligant;
1966 4429 2086 4467 sen-

508 4502 677 4557 tentia
690 4502 831 4556 enim
853 4500 1084 4555 hominis
1106 4516 1256 4554 suam
1270 4502 1421 4570 quasi
1447 4502 1596 4571 lingit
1616 4511 1861 4555 naturam
1880 4519 1892 4568 ;
1914 4512 1971 4556 ut
1988 4505 2088 4558 hoc

512 4590 808 4663 appelletur
834 4589 975 4658 quod
1020 4591 1204 4644 sentit.
1237 4590 1439 4661 (Greg.)
1468 4591 1650 4662 Neque
1678 4594 1730 4647 in
1764 4609 1930 4648 carne
1980 4611 2085 4649 non

514 4690 670 4736 erant
696 4682 892 4750 quibus
919 4680 1183 4749 Epistolas
1221 4682 1621 4737 trausmittebat
1649 4698 1662 4735 :
1688 4684 1780 4737 sed
1810 4684 1931 4751 quia
1968 4701 2088 4753 pas-

512 4770 692 4824 siones
719 4770 1014 4824 carnalium
1043 4770 1431 4825 desideriorum
1475 4772 1747 4836 vicerant,
1787 4771 1897 4839 jatn
1935 4774 2085 4828 liberi

512 4876 609 4931 per
661 4864 914 4915 virtutem
966 4863 1185 4930 spiritus
1226 4862 1279 4916 in
1336 4878 1496 4917 carne
1545 4880 1648 4918 non
1701 4875 1888 4931 erant;
1936 4869 2085 4935 quasi

513 4952 620 5019 iam
646 4967 750 5005 non
781 4952 833 5005 in
859 4966 1023 5005 carne
1050 4968 1168 5006 esse
1198 4962 1299 5015 est,
1326 4955 1388 5007 de
1417 4970 1599 5010 amore
1626 4958 1921 5010 carnalium
1954 4958 2084 5012 nihil

513 5040 735 5095 habere.
768 5040 919 5108 Quod
946 5056 1074 5110 ergo
1094 5042 1290 5095 Paulus
1311 5045 1582 5110 apostolus
1606 5046 1735 5098 dicit
1761 5064 1773 5098 :
1804 5045 1938 5110 Quia
1961 5065 2084 5101 caro

515 5140 563 5185 et
576 5134 788 5200 sanguis
810 5149 1020 5201 regnum
1034 5131 1135 5185 Dei.
1149 5134 1411 5200 possidere
1425 5152 1525 5187 non
1538 5146 1749 5203 possunt
1768 5136 1816 5207 (1
1832 5137 1951 5191 Cor.
1969 5156 2079 5211 XV);

516 5235 733 5277 carnem
760 5222 873 5275 vult
896 5223 1188 5277 secundum
1216 5223 1426 5291 culpam
1456 5224 1697 5295 intelligi,
1726 5242 1831 5279 non
1864 5240 2081 5283 carnem

516 5314 809 5370 secundum
838 5320 1119 5376 naturam;
1152 5313 1293 5367 unde
1319 5322 1374 5366 et
1402 5321 1559 5376 mor,
1598 5316 1722 5383 quia
1753 5332 1970 5370 carnem
2000 5333 2085 5372 se-

2185 3228 2408 3298 spiritus
2434 3235 2488 3281 et
2508 3242 2617 3281 non
2649 3228 2828 3281 carnis
2869 3227 3075 3297 legibus
3115 3229 3335 3291 vivere;
3369 3239 3424 3282 et
3450 3244 3593 3283 nunc
3620 3244 3759 3293 ergo,

2185 3319 2325 3387 quod
2354 3318 2519 3372 dicit:
2550 3315 2609 3371 Si
2644 3318 2760 3387 quis
2781 3327 2953 3370 autem
2973 3319 3210 3387 spiritum
3250 3318 3445 3372 Christi
3474 3335 3577 3371 non
3601 3308 3761 3381 habet,

2184 3408 2267 3461 hic
2294 3425 2397 3461 non
2422 3418 2493 3461 est
2520 3408 2655 3477 ejus,
2698 3415 2755 3460 ct
2780 3405 3055 3477 subjungit
3081 3424 3093 3459 :
3145 3404 3206 3461 Si
3239 3418 3414 3460 autem
3456 3405 3692 3459 Christus
3714 3405 3764 3457 in

2185 3498 2324 3551 vobis
2353 3508 2444 3558 est,
2477 3497 2857 3564 requirendum
2887 3505 2971 3550 est
3009 3506 3189 3551 utrum
3220 3496 3494 3549 diversum
3537 3497 3625 3557 sit,
3659 3495 3763 3564 spi-

2187 3587 2346 3639 ritum
2377 3587 2467 3641 Dei
2507 3602 2626 3641 esse
2674 3587 2729 3639 in
2778 3586 2979 3655 aliquo,
3028 3603 3095 3640 an
3127 3586 3388 3654 Spiritum
3438 3585 3661 3651 Christi,
3688 3588 3765 3639 vel

2185 3676 2346 3729 etiam
2374 3676 2548 3743 ipsum
2592 3673 2886 3739 Christum,
2914 3682 3006 3727 aut
3051 3673 3311 3744 Spiritum
3336 3673 3455 3742 eius
3484 3675 3580 3743 qui
3602 3676 3762 3728 susci-

2186 3767 2323 3820 tavit
2348 3765 2529 3820 Jesani
2555 3781 2585 3818 a
2617 3766 2859 3819 mortuis.
2906 3764 3012 3820 Sed
3038 3776 3298 3835 quantum
3326 3764 3414 3819 vel
3440 3780 3767 3832 consequen-

2188 3859 2316 3913 tiam
2356 3858 2455 3912 loci
2485 3859 2765 3927 prmsentis
2797 3858 3023 3922 intueor,
3070 3857 3154 3911 vel
3183 3857 3309 3911 illud
3335 3857 3481 3926 quod
3524 3856 3766 3910 Salvator

2186 3950 2239 4003 in
2288 3949 2577 4017 Evangelio
2623 3949 2689 4003 de
2734 3948 2938 4017 Spiritu
2989 3956 3176 4001 sancto
3225 3948 3375 4010 dicit,
3429 3947 3580 4016 quia
3610 3945 3766 3999 Patre

2184 4038 2436 4109 procedit,
2495 4050 2541 4091 et
2592 4038 2655 4091 de
2700 4054 2813 4090 meo
2866 4037 3083 4106 accipiet
3141 4036 3322 4105 (Joan.
3365 4037 3484 4106 xv),
3532 4046 3583 4091 et
3613 4036 3763 4103 hujus

2186 4130 2335 4183 verbi
2382 4128 2816 4197 explanationem
2872 4128 2923 4181 in
2979 4128 3439 4196 consequentibus
3462 4125 3638 4196 jungit
3687 4128 3755 4180 di»

2188 4236 2349 4275 rens:
2384 4221 2562 4284 Pater,
2613 4221 2786 4274 omnia
2828 4237 2940 4274 mea
2968 4229 3059 4274 tua
3110 4231 3255 4286 sunt,
3277 4230 3325 4274 et
3364 4232 3456 4274 tua
3492 4238 3605 4275 mea
3625 4231 3755 4281 sunt,

2186 4322 2454 4381 propterea
2500 4312 2633 4373 dixi,
2675 4313 2798 4379 quia
2844 4310 2908 4363 de
2943 4327 3054 4363 meo
3103 4311 3340 4381 accipiet,
3387 4327 3512 4366 cum
3564 4320 3758 4365 tantam

2190 4401 2327 4454 hanc
2366 4401 2587 4453 unitatis
2619 4402 2758 4452 inter
2799 4400 3011 4453 Patrem
3042 4408 3096 4453 et
3136 4401 3329 4454 Filium
3366 4403 3573 4468 aspicio
3602 4403 3760 4455 ratio-

2192 4506 2336 4555 nem,
2366 4489 2598 4560 Spiritus
2653 4489 2768 4554 Dei,
2814 4500 2868 4544 et
2900 4490 3136 4558 Spiritus
3183 4491 3413 4555 Christi,
3443 4508 3583 4545 unus
3609 4500 3765 4560 atque

2190 4582 2329 4635 idem
2360 4582 2490 4635 mihi
2524 4582 2758 4649 Spiritus
2784 4582 2887 4636 dici
2916 4582 3156 4635 videtur:
3191 4598 3477 4651 possumus
3504 4592 3681 4636 tamen
3714 4594 3764 4636 et

2191 4672 2291 4726 hoc
2316 4674 2476 4725 modo
2507 4673 2825 4741 intelligere,
2857 4674 2996 4741 quod
3024 4674 3193 4727 dixit:
3230 4671 3285 4726 Si
3306 4674 3423 4742 quis
3455 4684 3627 4727 autem
3650 4671 3765 4741 Spi-

2191 4767 2347 4818 ritum
2375 4765 2568 4821 Christi
2594 4783 2693 4817 uon
2726 4766 2896 4828 habet,
2922 4767 3004 4819 hic
3031 4783 3133 4819 non
3154 4778 3227 4820 est
3260 4768 3405 4836 ejus,
3447 4768 3573 4836 quia
3600 4777 3654 4820 et
3684 4781 3763 4821 re

2190 4872 2317 4910 vera
2350 4858 2578 4924 abrupte
2614 4857 3039 4924 pronuntiatum.
3066 4858 3300 4919 videtur,
3333 4866 3392 4909 ut
3423 4858 3467 4911 si
3498 4860 3617 4926 quis
3664 4872 3762 4911 non

2196 4957 2397 5010 tantus,
2426 4956 2476 5001 et
2503 4948 2623 5000 talis
2652 4962 2771 5001 esse
2803 4948 3081 5011 meruerit,
3134 4948 3225 5016 qui
3275 4946 3539 5016 Spiritum
3568 4947 3762 5001 Christi

2195 5039 2394 5093 habere
2424 5027 2615 5108 dignus
2656 5039 2745 5100 sit.
2783 5040 3038 5093 continuo
3075 5038 3274 5093 Christi
3306 5054 3427 5092 esse
3454 5039 3762 5107 denegetur,

2194 5146 2315 5185 cum
2344 5131 2396 5183 in
2426 5130 2652 5183 Psalmis
2678 5130 2856 5184 dicat:
2901 5129 3031 5182 Mea:
3074 5140 3191 5183 sunt
3235 5146 3411 5183 omnes
3455 5130 3579 5196 {erit
3612 5129 3766 5182 siles-

2195 5239 2329 5286 rum,
2354 5221 2594 5290 jumenta
2627 5225 2681 5274 in
2724 5223 3001 5282 montibus,
3033 5230 3079 5274 et
3126 5221 3275 5274 bases
3304 5220 3480 5292 (Psai.
3508 5223 3677 5289 χιιι),
3714 5229 3764 5275 et

2193 5310 2236 5365 si
2263 5310 2407 5374 ferae,
2445 5309 2758 5377 etjumenta
2787 5309 2902 5376 ejus
2929 5318 3072 5375 sunt,
3094 5312 3363 5378 quomodo
3391 5311 3638 5365 homines
3663 5325 3763 5364 non

516 5402 747 5458 cundum
769 5400 978 5469 culpam
1004 5402 1208 5455 diceret
1231 5403 1484 5466 ostendit,
1517 5404 1771 5467 subdens,
1791 5418 1951 5475 neque
1973 5423 2082 5460 cor-

2190 5408 2312 5455 sunt
2341 5399 2492 5466 ejus?
2515 5400 2619 5454 Sed
2641 5408 2834 5469 patest,
2868 5409 2926 5452 ut
2950 5400 3079 5462 dixi,
3105 5402 3205 5454 hoc
3228 5401 3305 5454 sic
3338 5401 3589 5470 intelligi,
3619 5410 3677 5455 nt
3704 5398 3765 5454 ii-

517 5493 687 5562 ruptio
707 5489 1111 5561 incorruptelam
1152 5491 1453 5561 possidebit.
1484 5491 1542 5547 In
1583 5493 1669 5547 illa
1698 5508 1829 5565 ergo
1853 5496 2092 5551 caelestis
2188 5488 2281 5548 lud‘
2300 5495 2352 5547 in
2379 5494 2666 5564 Evangelio
2688 5494 2844 5557 :'Qui
2891 5510 2992 5547 non
3016 5493 3146 5555 tollit
3176 5510 3383 5550 crucem
3408 5512 3586 5560 suam,
3612 5507 3659 5550 et
3681 5512 3760 5550 se-

518 5581 666 5649 regni
702 5580 869 5651 gloria
906 5595 1033 5635 oaro
1069 5582 1364 5636 secundum
1415 5591 1660 5638 naturam
1713 5588 1853 5650 erit,
1886 5586 1978 5641 sed
2007 5603 2093 5641 se-
2185 5585 2361 5653 quitur
2383 5602 2485 5646 me,
2514 5593 2711 5638 nonest
2736 5601 2816 5637 me
2839 5584 3027 5653 dignus
3050 5582 3263 5654 (Matth.
3288 5586 3347 5655 ι)
3375 5603 3389 5649 ;
3425 5597 3482 5642 ει
3505 5588 3593 5642 hic
3617 5603 3759 5657 ergo,

520 5670 1041 5738 eundumpassionis
1076 5670 1339 5726 desideria
1392 5686 1501 5727 non
1544 5676 1679 5739 erit,
1714 5676 1839 5744 quia
1880 5676 2089 5732 devicto
2185 5676 2277 5744 qui
2328 5691 2431 5731 non
2483 5678 2645 5732 habet
2674 5676 2932 5745 Spiritum
2974 5675 3199 5738 Christi,
3233 5676 3335 5732 hoc
3385 5689 3495 5741 est,
3548 5680 3636 5748 qui
3664 5694 3763 5733 non
