3948 6334
216 360 362 418 1445
746 361 1292 427 ENARRATIONUM
1328 362 1395 416 ΙΝ
1433 362 1580 418 ΕΡΡ.
1618 362 1775 421 PAUI

1896 362 1982 419 illi.
2018 362 2107 419 Ν.
2148 390 2221 402 -
2254 358 2323 414 IN
2360 360 2575 417 EPIST.
2612 359 2706 416 AD
2743 364 2909 419 ltum.
3320 358 3455 420 1446

212 476 407 528 eodem
461 475 651 542 Spiritu
704 474 879 543 agitur
921 486 975 527 et
1022 489 1119 541 pro
1142 472 1376 540 jttstitia,
1408 489 1521 544 .pro
1547 475 1793 538 veritate,
1825 477 1875 536 Α
1901 489 1959 529 se
1988 489 2084 544 per
2113 471 2371 543 Spiritum
2415 471 2547 538 ejus,
2577 473 2667 542 qui
2718 472 2991 527 suscitavit
3033 471 3223 529 Iesum
3260 490 3292 530 a
3321 490 3467 535 tuor-

214 584 315 638 pro
344 568 508 621 verbo
535 569 626 622 Dei
649 568 1034 631 annuutiando,
1064 584 1159 638 pro
1183 584 1347 638 regno
1372 569 1623 624 ctulorutu
1655 586 1791 639 ιιι-αι·
1895 568 2000 621 tuis
2034 566 2383 622 viviﬁcandos
2430 579 2546 620 esse
2594 576 2649 619 et
2687 567 2755 621 ad
2807 566 3007 620 Christi
3060 565 3461 621 similitudinem

216 645 466 719 dicando,
526 672 621 725 pro
653 657 831 711 littera
882 657 1015 727 legis
1070 659 1389 728 altjiciettda,
1434 668 1488 714 et
1542 647 1788 729 spiritum
1892 661 2291 717 resuscitandos
2320 676 2351 712 a
2380 660 2603 713 mortuis
2629 676 2644 724 ;
2675 667 2730 713 et
2755 660 3019 734 quatenus
3046 657 3100 712 id
3137 656 3249 725 ﬁat,
3281 665 3462 735 osten-

214 746 333 816 ejus
360 748 667 816 aperiendo,
718 764 817 818 pro
849 750 1147 804 resistendo
1174 751 1459 804 adversum
1487 761 1784 819 peccatum,
1891 750 1967 812 dit
1991 750 2193 814 dicens,
2247 756 2467 818 propter
2520 747 2905 802 inhabitantem
2954 746 3215 818 Spiritum
3263 744 3378 815 ejus
3407 748 3461 801 in

213 852 316 917 pro
338 826 421 892 liis
443 838 711 902 omnibus,
739 839 832 907 qui
880 834 997 892 n'on
1019 844 1200 916 usque.
1235 830 1303 893 ad
1332 851 1557 893 mortem
1608 840 1791 895 venire
1889 840 2059 893 vobis.
2094 839 2148 893 Si
2175 840 2318 895 enim
2358 838 2591 907 Spiritus
2617 838 2822 893 Christi
2854 838 3057 893 habitat
3084 839 3139 892 in
3177 839 3331 893 vobis
3354 830 3462 893 Ane-

212 920 439 995 pai‘atus
470 937 574 990 est,
617 942 722 980 non
766 935 849 982 est
891 926 1007 996 ejus
1053 929 1364 1000 discipulus.
1394 930 1495 996 Qui
1535 946 1660 1002 ergo
1685 947 1788 984 non
1890 934 2180 1005 cessarium
2205 930 2414 988 videtur
2442 931 2665 1003 Spiritui
2713 933 3271 991 reddi~habitaculum
3302 949 3459 989 suum

213 1016 309 1097 est
328 1015 471 1097 talis,
495 1014 594 1072 net!
621 1016 779 1071 talem
800 1018 854 1071 in
886 1032 944 1072 se
972 1018 1221 1088 Spiritum
1251 1020 1409 1089 gerit,
1435 1022 1521 1073 hic
1542 1030 1788 1075 creatura
1890 1022 2253 1093 templumque
2298 1024 2529 1078 restitui.
2580 1023 2759 1094 (Aug.)
2788 1023 2888 1091 Qui
2919 1024 3148 1090 timetis,
3176 1027 3270 1096 qui
3295 1027 3456 1081 etiam

215 1094 434 1177 quidem
466 1109 583 1179 ejus
603 1118 707 1173 est,
739 1110 878 1164 Sicut
913 1110 1040 1165 ferte
1074 1112 1350 1177 silvarum,
1378 1121 1432 1167 et
1471 1112 1712 1179 juntenta
1735 1112 1789 1164 in
1888 1127 1986 1181 pro
2010 1113 2120 1181 ipsa
2169 1110 2332 1166 carne
2373 1114 2584 1167 solliciti
2631 1100 2780 1177 estis,
2810 1113 3035 1182 capillus
3075 1094 3268 1184 capitis
3292 1116 3461 1170 vestri

212 1189 512 1263 montibus,
564 1207 618 1252 et
668 1200 855 1265 boves,
909 1203 1001 1254 sed
1039 1201 1333 1270 discipulus
1370 1201 1488 1268 ejus
1543 1216 1648 1254 non
1684 1208 1785 1254 est.
1887 1219 1992 1257 non
2038 1201 2253 1271 peribit.
2302 1202 2469 1257 Adam
2517 1205 2785 1271 peccando
2823 1204 3095 1259 damnavit
3140 1203 3193 1258 in
3233 1213 3461 1265 mortem

213 1284 308 1344 Sic
334 1304 502 1358 ergo:
564 1289 625 1345 Si
668 1293 781 1361 quis
824 1278 1078 1360 Spiritum
1119 1292 1309 1356 Christi
1353 1310 1454 1346 non
1505 1294 1681 1356 habet,
1707 1293 1789 1346 hic
1887 1307 2113 1361 corpora
2158 1300 2373 1356 vestra;
2424 1294 2517 1346 sed
2566 1293 2725 1357 Deus,
2762 1295 2805 1349 si
2852 1304 2934 1349 est
2977 1293 3212 1363 Spiritus
3247 1293 3363 1364 ejus
3404 1295 3460 1349 in

212 1397 319 1435 non
343 1393 417 1465 est
438 1383 568 1457 ejus.
603 1374 836 1465 (Ambn)
888 1384 1100 1438 Duabus
1127 1387 1269 1441 enim
1292 1400 1358 1439 ex
1388 1370 1566 1439 causis
1591 1385 1790 1441 deserit
1884 1383 2055 1443 vobis,
2088 1382 2382 1438 viviﬁcabit
2404 1392 2457 1438 et
2484 1385 2734 1438 mortalia
2775 1401 3001 1456 corpora
3024 1395 3223 1451 vestra,
3274 1387 3353 1442 sic
3398 1386 3462 1441 li.

210 1453 485 1526 ho‘tttinem
528 1453 763 1541 Spiritus
801 1482 1036 1539 sanctus,
1078 1490 1199 1529 cunt
1231 1484 1323 1530 aut
1366 1491 1583 1531 sensum
1609 1477 1787 1533 carnis
1885 1473 2165 1528 beraberis
2187 1474 2253 1527 de
2277 1488 2504 1542 corpore
2546 1476 2738 1530 mortis
2780 1476 2957 1544 hujus,
3002 1482 3327 1547 noncorpus
3352 1494 3456 1533 non

209 1554 390 1624 habeat,
415 1570 507 1615 aut
540 1550 929 1632 gesta.,ltaque
966 1580 1060 1634 per
1100 1566 1212 1620 haec
1240 1567 1305 1619 ad
1342 1567 1535 1620 bonam
1565 1582 1786 1622 conver-
1886 1563 2148 1640 habendo,
2204 1566 2288 1619 vel
2339 1565 2565 1621 alterum
2615 1557 2882 1633 habendo,
2935 1569 3026 1622 sed
3080 1583 3188 1624 non
3236 1569 3459 1624 ulterius

207 1642 475 1703 sationem
513 1642 803 1720 compellit,
836 1653 959 1733 quia
986 1656 1233 1722 quamvis
1263 1656 1502 1709 bonitate
1556 1656 1653 1711 Dei
1675 1657 1783 1710 eri-
1886 1653 2188 1720 moriendo,
2244 1657 2519 1733 riviﬁcabit
2557 1658 2878 1712 et'mortalia
2918 1677 3138 1729 corpora
3176 1672 3341 1715 vestra
3368 1679 3459 1731 per

206 1749 406 1809 gantur
437 1732 697 1813 homines,
725 1758 826 1819 non
860 1731 1191 1798 honorantur
1217 1753 1396 1800 tamen
1426 1732 1523 1799 ﬁlii
1552 1747 1645 1800 Dei
1686 1762 1783 1800 vo—
1885 1746 2260 1799 inhabitatttem
2313 1731 2569 1814 Spiritum
2617 1739 2730 1817 ejus
2776 1751 2830 1803 in
2881 1751 3041 1812 vobis,
3098 1767 3203 1805 non
3242 1760 3460 1819 propter

205 1832 345 1898 cari,
387 1833 600 1888 nisi’sic
648 1818 900 1899 vixerint,
948 1852 1015 1889 ne
1060 1837 1260 1904 indigni
1287 1854 1541 1895 concesso
1570 1840 1764 1893 nomint

1899 1834 2076 1887 merita
2102 1836 2422 1898 vestraased
2449 1845 2667 1905 propter
2695 1852 2918 1891 munera
2956 1852 3075 1902 sua,
3104 1843 3314 1907 quando
3347 1856 3458 1893 cor—

204 1920 510 1975 videantur:
543 1916 725 1994 (Aug.)
773 1922 888 1978 Non
933 1941 1062 1995 ergo
1088 1927 1146 1980 se
1180 1929 1452 1993 extendat,
1492 1944 1597 1983 non
1624 1944 1682 1984 se
1702 1928 1786 1998 ja-
1887 1923 2129 1978 runtibile
2171 1925 2268 1979 hoc
2309 1924 2490 1979 induet
2538 1925 2974 1997 incorruptionem
3028 1924 3077 1983 et
3122 1930 3339 1993 mortale
3363 1930 3459 1983 hoc

205 2019 341 2093 ctet,
368 2028 476 2067 non
507 2006 609 2068 sibi
653 2025 866 2085 arroget
902 2016 1155 2071 virtutem
1210 2020 1481 2087 propriam
1534 2034 1700 2090 egena
1732 2030 1788 2075 et
1881 2012 2059 2069 induet
2080 2012 2521 2069 immortalitatem
2536 2014 2584 2086 (I
2604 2001 2725 2069 Cor.
2747 2016 2834 2085 xv)
2858 2035 2871 2071 :
2897 2017 2968 2070 ibi
2986 2032 3085 2086 pax
3102 2017 3339 2086 perfecta
3353 2027 3455 2085 est,

202 2096 395 2154 vitiata
428 2110 639 2179 natura,
672 2097 734 2159 Si
771 2105 887 2174 quis
935 2094 1189 2175 Spiritum
1230 2107 1424 2160 Christi
1468 2125 1569 2162 non
1609 2110 1780 2174 habet,
1883 2102 2009 2172 quia
2051 2101 2181 2157 nihil
2225 2104 2594 2160 molestiarum
2642 2107 2818 2160 anima
2841 2109 2905 2162 de
2939 2124 3167 2177 corpore
3199 2111 3452 2179 patietur.

204 2206 313 2245 non
343 2205 401 2245 se
426 2176 595 2257 lallat,
637 2193 720 2246 hic
743 2210 845 2248 non
868 2206 942 2249 est
970 2183 1103 2262 ejui.
1139 2181 1587 2268 Ecceadjuvante
1619 2200 1785 2268 ipsius
1876 2192 1989 2262 iam
2016 2192 2286 2248 Vivtllcato
2309 2203 2364 2249 et
2392 2195 2446 2248 in
2491 2195 2762 2250 cwleslem
2808 2176 3119 2266 qualitatem
3151 2176 3453 2256 immutalo.

206 2278 606 2343 misericordia,
626 2277 826 2337 Chri’sti
858 2268 1113 2354 Spiritdm
1138 2270 1430 2351 habemus;
1453 2302 1516 2340 ex
1546 2291 1659 2355 ipsa
1676 2288 1765 2342 ‘de-

1954 2278 2146 2353 Igitur,
2192 2282 2402 2353 fratres,
2418 2288 2429 2325 ἶ
2450 2281 2704 2339 debitores
2749 2303 2927 2341 sumus
2980 2304 3081 2341 non
3106 2276 3254 2342 carni
3298 2300 3353 2344 ut
3379 2308 3457 2346 se-

207 2358 756 2453 léctatione'justitiae,
790 2372 999 2442 integra
1040 2373 1164 2437 ﬁde,
1193 2365 1455 2429 catholica
1482 2392 1632 2444 pace,
1664 2376 1785 2446 Spi-
1883 2372 2109 2427 cundum
2142 2374 2351 2428 caruerit
2380 2360 2625 2430 vivamus.
2656 2373 2849 2448 (Orig)
2895 2362 3299 2447 Consequettter
3325 2396 3454 2452 ergo

206 2464 368 2519 ritum
400 2452 501 2520 Dei
514 2462 669 2520 nobis
695 2466 872 2522 inesse
895 2469 1303 2537 cognoscimus:
1340 2470 1431 2524 sed
1452 2468 1579 2539 quid
1601 2472 1666 2525 de
1692 2471 1783 2525 illa
1882 2481 2025 2520 nunc
2049 2460 2214 2530 addit.
2238 2467 2370 2536 'quia
2392 2465 2643 2522 debitores
2674 2485 2873 2535 sumus,
2901 2486 3088 2525 eorum
3118 2473 3232 2526 sine
3270 2474 3450 2537 dubio,

204 2571 371 2611 carne
400 2552 635 2633 mortali,
664 2542 790 2626 quid
821 2551 888 2612 de
930 2550 1045 2629 lege
1082 2560 1134 2612 in
1163 2545 1420 2615 membris
1454 2573 1783 2633 repugnante
1882 2567 2002 2624 quae
2022 2572 2052 2609 a
2070 2554 2272 2626 Spiritu
2292 2550 2492 2614 (ἔπι-ἰειί
2517 2560 2791 2615 consecuti
2813 2575 3017 2615 sumus.
3032 2560 3225 2621 Carnis
3249 2570 3452 2630 autem,

205 2646 307 2716 legi
336 2645 551 2713 mentis‘,
602 2635 732 2717 quid
770 2634 835 2702 de
864 2632 953 2702 illo
1000 2647 1224 2719 gemitu,
1254 2637 1419 2704 Miser
1460 2667 1553 2721 ego
1582 2632 1736 2705 homo
1758 2652 1784 2705 P
1881 2646 2074 2718 inquit,
2096 2645 2362 2725 [debitores
2398 2666 2502 2703 non
2528 2667 2751 2716 sumus;
2795 2667 2968 2722 neque
2994 2646 3454 2724 enimpropterea

203 2734 331 2791 audi
359 2738 505 2807 quod
524 2741 769 2807 scquitdr
793 2756 807 2792 :
1877 2751 1978 2791 nos
2006 2726 2131 2791 fecit
2152 2726 2292 2792 Deus
2313 2737 2379 2793 ad
2409 2738 2693 2810 imaginem
2723 2750 2899 2805 suam,
2928 2749 2987 2795 ut
3015 2729 3192 2813 carnis
3236 2744 3453 2810 servitio

280 2824 341 2881 Si
371 2837 546 2881 autem
578 2824 815 2883 Christus
836 2830 891 2891 in
913 2830 1050 2885 vobis
1070 2840 1169 2897 est,
1192 2848 1378 2902 corpus
1404 2833 1608 2903 quidem
1636 2850 1780 2888 mor-
1880 2831 2121 2881 essemus
2164 2817 2400 2891 Obnoxii,
2425 2829 2517 2882 sed
2546 2824 2742 2899 politis,
2772 2824 2831 2883 ut
2873 2818 3104 2887 creatori
3146 2832 3244 2886 Suo
3272 2834 3451 2887 attilna

202 2926 352 2970 tuum
371 2926 455 2996 est
477 2929 687 2988 prapter
703 2931 993 2997 peccatum,
1020 2924 1235 2988 spiritus
1269 2940 1385 2979 vero
1428 2926 1546 2978 vivit
1573 2930 1783 2995 propter
1880 2916 2188 2970 deServiens
2210 2915 2322 2985 ipsa
2346 2914 2565 2971 servitio
2590 2904 2973 2973 acxministerio
2995 2918 3173 2975 carnis
3194 2930 3452 2977 uteretur.

195 2993 486 3077 justitiam.
538 2992 733 3081 (Orig)
763 2994 1023 3080 Spiritum
1057 3002 1279 3078 Christi,
1306 3023 1363 3070 et
1400 2992 1696 3080 Christum,
1724 3016 1754 3070 it

1891 3003 2106 3078 μυὼν.)
2138 2998 2365 3063 Rectum
2397 3016 2452 3062 et
2473 3006 2812 3085 manileStutn
2831 3008 2914 3064 est
2938 3010 3044 3063 non
3075 3026 3174 3085 nos
3194 3002 3450 3071 adiuven-

202 3097 310 3151 hoc
335 3085 452 3153 loco
480 3102 645 3153 unum
683 3099 813 3154 mihi
856 3110 1015 3171 atque
1043 3099 1184 3158 idem
1221 3098 1400 3159 dicere
1440 3105 1687 3170 videtur;
1722 3107 1761 3160 it

1893 3087 2014 3153 tion‘i
2048 3092 2197 3161 Adae,
2225 3101 2317 3167 qui
2367 3081 2657 3152 carnaliter
2676 3088 2807 3169 egit,
2849 3084 3213 3154 obsecundare
3236 3092 3452 3168 debere,

200 3200 314 3254 quo
334 3189 462 3257 ergb
488 3177 735 3245 Christus
758 3184 861 3255 est,
887 3191 997 3260 ipse
1018 3179 1168 3255 dicit,
1204 3180 1325 3262 quia
1347 3210 1545 3264 semper
1564 3173 1776 3249 mortem
1807 3174 1850 3235 Ε
1882 3190 1970 3257 qUi
2017 3189 2166 3256 ι)τὶοτ
2194 3194 2429 3268 peccatis
2472 3190 2698 3245 mortem
2746 3188 2901 3243 nobis
2945 3186 3273 3268 haereditatis
3301 3185 3454 3245 titulo

204 3272 475 3332 Chri‘stiin
506 3296 720 3349 corpore
749 3291 924 3334 nostro
954 3268 1367 3351 circum/"erimus
1389 3302 1407 3349 ;
1432 3302 1577 3340 mors
1600 3296 1763 3341 auten

1893 3273 2200 3346 dereliquit:
2248 3273 2341 3333 Sed
2365 3262 2468 3348 legi
2512 3272 2713 3345 Chiisti
2738 3278 2941 3333 servire
2966 3262 3064 3333 nos
3103 3270 3317 3346 debere,
3360 3279 3452 3350 qui

203 3354 419 3433 cci'pori
443 3356 649 3435 peccati
690 3370 873 3433 causa,
904 3369 956 3438 id
1002 3380 1103 3434 est,
1130 3385 1200 3426 ne
1227 3370 1431 3441 peccet,
1466 3368 1779 3444 imponitur,
1880 3366 1980 3420 nos
2022 3365 2247 3436 Spiritali
2299 3358 2508 3421 ratione
2543 3383 2573 3421 a
2617 3372 2791 3423 marte
2840 3356 3145 3438 supra‘diCta
3188 3366 3449 3425 redemit:

204 3448 358 3521 Quod
380 3445 426 3511 si
454 3460 646 3527 corpus
674 3447 897 3527 ‘pecc’ato
925 3464 1192 3515 mortuum
1220 3475 1327 3527 est,
1356 3463 1577 3532 spiritus
1595 3480 1780 3519 neces-
1880 3446 2006 3513 h’uic
2041 3450 2183 3513 enim
2208 3462 2394 3519 sumus
2420 3458 2707 3524 debitores,
2738 3459 2829 3531 qui
2856 3477 2953 3517 nos
2983 3452 3287 3517 carnalibus
3306 3456 3454 3519 vitiis

205 3549 352 3605 sario
388 3549 454 3605 ad
481 3537 779 3606 faciendam
796 3551 1058 3623 justitiam
1084 3554 1246 3608 vivit;
1274 3555 1363 3624 qui
1388 3556 1531 3610 enim
1573 3557 1625 3609 in
1655 3571 1778 3611 οοιι-
1882 3547 2183 3603 sordidatos
2210 3564 2306 3618 per
2330 3549 2601 3604 lavacrum
2642 3542 2862 3620 spiritus
2894 3551 3447 3622 ablutos’justiﬁcavit,

204 3655 339 3711 pore
366 3640 607 3695 mortuus
658 3644 759 3707 εει,
790 3658 888 3710 nec
939 3631 1101 3697 servit
1161 3642 1401 3715 peccato,
1451 3661 1668 3701 necesse
1698 3657 1781 3702 est
1883 3644 1938 3692 et
1962 3635 2097 3691 tilias
2123 3636 2218 3691 Dei
2246 3632 2394 3693 fecit.
2423 3627 2581 3694 l‘riu’s
2619 3640 2762 3694 enim
2789 3641 2845 3695 in
2887 3657 3047 3697 carne
3086 3644 3246 3713 positi
3268 3648 3453 3699 exem-

205 3731 354 3784 utin
385 3722 588 3800 Spiritu
614 3717 777 3795 vivat,
802 3740 858 3786 et
898 3724 1121 3802 justitiae
1148 3725 1365 3788 serviat.
1402 3732 1491 3789 Sic
1535 3744 1591 3789 ct
1637 3735 1777 3789 idem
1880 3724 1970 3795 pio
2017 3723 2145 3781 Adae
2183 3726 2495 3789 vivebamUS
2542 3727 2769 3797 subiecti
2813 3728 3085 3802 peccatis:
3133 3732 3275 3788 nunc
3321 3749 3451 3790 vero

203 3820 497 3893 Apostolus
522 3822 577 3875 in
600 3822 833 3891 quodam
857 3811 974 3877 loco
998 3814 1147 3890 dicit,
1195 3819 1477 3879 tradidisse
1503 3840 1559 3879 se
1587 3841 1775 3895 quem-
1880 3815 2095 3873 liberati
2122 3833 2151 3871 a
2174 3830 2397 3888 peccato
2428 3814 2651 3876 reddere
2691 3819 2946 3877 debemus
2991 3812 3307 3893 obsetwlum
3348 3823 3451 3881 Re-

206 3913 331 3967 dam
360 3912 412 3966 in
442 3911 717 3966 interitum
738 3911 918 3967 carnis
940 3922 997 3967 ut
1017 3913 1237 3983 spiritus
1265 3904 1443 3969 salvus
1470 3914 1561 3968 liat
1582 3916 1633 3987 (Ι
1655 3914 1775 3970 Cor.
1882 3904 2166 3977 demptori.
2199 3908 2349 3977 Quod
2405 3902 2619 3980 quidem
2665 3910 2977 3983 obsequium
3008 3931 3115 3969 non
3147 3902 3220 3969 illi
3264 3918 3450 3985 utique

206 3989 489 4073 v).[Atlg.]
515 3991 1241 4073 Aliter:Corpusinorluum
1272 3992 1401 4059 dicit
1420 4003 1647 4059 mortale
1674 4023 1685 4057 :
1712 4020 1778 4061 ex
1881 3996 2112 4068 prOﬁCit.
2164 3999 2253 4068 qui
2277 3998 2475 4055 Nullius
2501 4006 2641 4070 θείη,
2690 4000 2783 4057 sed
2826 4002 2978 4057 nobis
3011 3991 3175 4057 vitam
3221 4002 3453 4074 acquirit

206 4093 379 4162 ipsius
401 4093 543 4146 enim
564 4080 889 4148 mortalitate
917 4084 1209 4164 indigentia
1239 4084 1420 4148 ieram
1444 4101 1779 4149 terrenarum
1881 4097 2138 4144 alternam
2165 4106 2179 4154 ;
2226 4091 2303 4146 sic
2344 4091 2485 4145 enim
2513 4087 2684 4163 diligit
2708 4108 2805 4161 nos
2831 4100 2891 4147 ut
2933 4086 3033 4149 sibi
3061 4093 3285 4162 imputet
3308 4086 3454 4164 quod

206 4180 463 4259 sollicitat
518 4182 792 4249 animam.,
837 4179 893 4237 et
944 4183 1186 4252 quaedam
1240 4172 1503 4239 desideria
1560 4185 1775 4247 excitat,
1883 4182 2037 4237 nobis
2088 4183 2316 4252 prolicit.
2365 4182 2561 4254 (θήῃ.)
2596 4183 2699 4237 Sed
2750 4182 2979 4237 fortasse
3017 4178 3160 4237 dicet
3208 4181 3445 4253 aliquis:

206 4274 405 4343 quibus
446 4271 522 4328 'ad
572 4259 901 4343 peccandum
956 4282 1063 4329 non
1116 4268 1474 4343 obtemperat,
1526 4275 1614 4346 qui
1666 4274 1779 4343 jam
1883 4272 2157 4338 Quomodo
2184 4273 2331 4327 carni
2362 4259 2465 4328 non
2494 4276 2679 4328 Sunius
2705 4273 2993 4336 debitores,
3019 4286 3139 4328 cum
3167 4276 3221 4328 et
3248 4272 3449 4331 victum

207 4373 393 4419 mente
437 4366 603 4419 servit
650 4364 751 4435 legi
802 4365 932 4420 Dei:
965 4372 1160 4435 corpus
1191 4364 1371 4419 autem
1410 4380 1521 4421 non
1570 4375 1778 4421 tantum
1882 4363 1952 4427 ei,
1979 4368 2032 4416 et
2067 4362 2437 4417 indumentum
2466 4364 2984 4432 providet-enatura:
3015 4367 3329 4421 necessitate
3359 4382 3450 4422 co-

208 4455 533 4510 mat-iturum
561 4462 785 4527 propter
828 4457 1019 4512 animae
1070 4454 1378 4512 abscessum
1432 4458 1522 4527 (iui
1572 4458 1781 4513 futurus
1808 4511 1853 4527 ﬁ
1881 4455 2114 4525 gamnr?
2142 4454 2235 4510 sed
2268 4462 2325 4509 ut
2349 4454 2594 4509 ostendat
2617 4471 2722 4510 non
2747 4456 2896 4510 carni
2931 4445 3130 4524 aliquid
3180 4444 3447 4522 conferre,

209 4548 316 4609 est,
350 4527 442 4600 Sed
466 4511 679 4599 tantum
719 4550 938 4616 prepter
979 4536 1342 4609 inﬁrmitatem
1371 4511 1549 4600 carnis
1577 4555 1630 4601 et
1659 4562 1781 4601 san-
1804 4511 1863 4571 DA
1882 4511 1975 4598 sed
2002 4545 2169 4613 ipsam
2199 4545 2360 4597 vitam
2394 4544 2541 4597 carni
2588 4545 2896 4612 mancipare
2925 4533 3183 4612 culpabile
3226 4539 3449 4613 haberi,

210 4636 407 4705 guinis,
435 4635 593 4690 etiam
625 4646 891 4691 mortuum
936 4638 1149 4703 dicitur,
1200 4636 1447 4705 loduente
1489 4636 1776 4706 Apostolo:
1881 4634 2001 4688 ideo
2040 4634 2221 4689 addit:
2255 4631 2311 4686 Si
2338 4631 2779 4685 enim‘secundum
2806 4650 3011 4686 carnem
3056 4633 3303 4697 vixeritis,
3338 4651 3450 4707 rno-

210 4722 413 4794 Corpus
441 4725 645 4795 quidem
682 4729 939 4779 mortuum
984 4731 1057 4781 est
1088 4728 1292 4797 propter
1319 4727 1783 4798 peccatum,spiri-
1884 4723 2106 4776 riemint'.
2155 4721 2291 4787 Quid
2340 4730 2517 4775 autem
2564 4722 2635 4775 sit
2668 4724 2957 4776 secundum
3004 4738 3217 4776 carnem
3268 4724 3448 4779 vivere

210 4825 296 4867 tus
326 4820 498 4871 autern
528 4815 630 4868 vita
658 4813 732 4868 est
762 4823 968 4884 propter
1006 4816 1289 4885 justitiam,
1315 4818 1431 4872 haec
1456 4818 1566 4871 vita
1588 4833 1654 4872 ex
1677 4816 1781 4871 ﬁde
1883 4827 2021 4882 saepe
2051 4810 2161 4879 jam
2192 4812 2394 4865 dictuut
2420 4817 2520 4876 est,
2550 4813 2649 4865 hoc
2672 4820 2752 4865 est
2775 4813 2955 4865 carnis
2973 4812 3250 4867 desideriis
3275 4808 3449 4867 indul-

213 4901 355 4956 l'acta
382 4910 485 4966 est,
516 4903 766 4971 quoniam
800 4905 967 4959 virtus
991 4920 1058 4957 ex
1083 4906 1355 4963 ﬂdevivit.
1881 4919 2044 4974 gere;
2075 4904 2129 4958 in
2152 4900 2253 4957 hoc
2282 4918 2409 4973 ergo
2444 4910 2601 4970 negat
2628 4917 2725 4955 nos
2757 4912 2875 4956 esse
2906 4894 3197 4965 debitores,
3230 4903 3369 4957 sicut
3396 4902 3452 4959 et

286 4985 439 5059 Quod
467 4994 511 5047 si
542 4988 768 5062 Spiritus
791 4994 919 5064 ejus,
949 4997 1035 5066 qui
1073 4998 1337 5051 suscitavit
1361 4994 1538 5053 Iesum
1579 5016 1609 5051 a
1640 5015 1780 5051 mor—
1883 4990 2005 5050 alibi
2039 4994 2205 5048 dicit:
2241 4992 2308 5045 Et
2336 4992 2506 5046 carnis
2534 5007 2711 5044 curam
2752 5009 2814 5045 ne
2860 4992 3082 5059 feceritis
3108 4992 3162 5043 in
3206 4994 3451 5062 concupi-

213 5084 342 5147 tuis,
374 5074 570 5137 habitat
596 5082 649 5137 in
680 5085 840 5147 vobis,
875 5089 964 5155 qui
1001 5068 1267 5141 suscitavit
1292 5086 1473 5142 Iesum
1514 5088 1776 5143 Christum
1883 5084 2087 5138 scent.is
2112 5080 2282 5152 (Rom.
2311 5083 2449 5147 stu),
2479 5096 2583 5135 non
2613 5082 2796 5149 utique
2820 5094 3022 5149 negans
3046 5096 3227 5135 curam
3273 5082 3449 5135 carnis

214 5191 248 5228 a
281 5160 496 5244 mortuis
530 5162 806 5249 tiitiﬁ‘c'a‘bit
831 5184 880 5229 et
910 5176 1150 5232 mortalia
1195 5196 1409 5247 corpora
1456 5189 1620 5233 rastra
1657 5197 1780 5249 pro-
1882 5172 2179 5229 habendam
2208 5174 2258 5227 in
2306 5172 2645 5235 necessariis,
2674 5172 2767 5225 sed
2790 5173 2839 5225 in
2868 5170 3346 5249 concupiscentiis;
3378 5172 3449 5224 ita

213 5264 329 5338 pter
377 5248 746 5321 ihﬁdbildﬂiem
810 5265 1060 5336 Spiritum
1106 5270 1220 5338 ejus
1263 5272 1318 5323 in
1365 5271 1524 5323 vobis.
1584 5248 1777 5340 (Orig.)
1881 5278 2010 5334 ergo
2040 5265 2228 5318 ethic:
2268 5263 2326 5316 Si
2356 5264 2513 5321 enim,
2542 5262 2731 5330 inquit,
2771 5260 3049 5314 se‘ctttrdum
3082 5268 3287 5312 carnem
3314 5260 3450 5342 νῖὼξ-

216 5348 478 5424 Qtt'odlaui
504 5356 669 5425 supra
697 5349 902 5411 dliér‘at
923 5355 990 5411 de
1018 5357 1120 5421 his,
1151 5359 1239 5427 qui
1271 5358 1335 5412 ad
1375 5356 1776 5413 similitudinem
1884 5357 2015 5419 ritis,
2066 5354 2370 5407 moriemini.
2411 5352 2588 5421 (Aug)
2616 5351 2730 5405 Jaln
2758 5360 2917 5419 supra
2944 5351 3151 5403 (literal
3175 5348 3451 5417 prudentia

216 5435 625 5503 mdﬂlsCht-isti
653 5450 875 5518 carpat-it
924 5450 1018 5503 sua
1062 5450 1387 5505 mortificant
1418 5442 1505 5506 ne
1534 5454 1777 5520 peccent,
1878 5449 2051 5501 carnis
2080 5460 2218 5498 mors
2248 5455 2341 5507 est,
2374 5453 2479 5497 non
2512 5448 2633 5511 quia
2685 5445 2810 5497 caro
2832 5441 2971 5495 mala
3000 5441 3100 5501 est,
3133 5436 3227 5494 sed
3267 5446 3451 5494 secun-

216 5539 523 5595 hecessat‘lo
570 5548 711 5593 nunc
756 5540 1081 5595 mentiane'm
1134 5540 1263 5595 facit
1313 5541 1427 5610 ejus
1472 5541 1562 5610 qui
1606 5543 1779 5596 susci-
1880 5539 2003 5592 dum
2032 5551 2244 5591 carnem
2268 5538 2447 5587 vivere
2477 5534 2677 5588 malum
2708 5541 2809 5588 est.
2841 5528 3039 5601 (Δηώ.)
3074 5522 3218 5583 Nihil
3243 5529 3445 5592 verius;

219 5624 356 5685 tavit
382 5625 652 5685 Christum
691 5642 721 5683 a
752 5631 997 5696 mortuis,
1045 5639 1104 5685 ut
1154 5631 1314 5686 simili
1360 5629 1537 5696 modo,
1584 5638 1639 5686 et
1666 5631 1779 5700 pari
1880 5637 2039 5700 quam
2064 5629 2107 5683 sl
2128 5626 2416 5682 secundum
2440 5624 2606 5678 Adam
2630 5624 2921 5677 vixerintus
2937 5620 3257 5683 moriemur;
3280 5611 3451 5671 Adam

220 5719 430 5779 tantine
454 5721 562 5792 qua
606 5721 924 5778 commortui
969 5724 1112 5787 sunt,
1142 5724 1207 5778 et
1248 5721 1563 5793 consepulti,
1611 5699 1784 5780 sciant
1882 5721 2025 5777 enim
2058 5717 2419 5789 mtevaricans
2446 5706 2682 5770 vendidit
2715 5716 2775 5769 se
2812 5714 3064 5782 peccato,
3105 5708 3256 5767 carui
3282 5699 3449 5777 dep“?
