3948 6328
477 297 619 354 ΝΠ

1119 301 1180 355 Β.
1222 300 1479 356 RABANI
1514 301 1738 360 MAUBI
1773 304 2091 365 ARCHIEP.
2135 309 2452 369 MOGUNT.
2493 312 2777 373 OPEBUM
2814 316 2993 372 PARS
3029 318 3118 374 ill.

3616 325 3752 387 (με

473 417 642 466 tatus.
670 410 844 466 Omne
868 411 1010 464 enim
1052 419 1334 481 peccatum
1365 430 1495 470 caro
1529 425 1649 482 est;
1676 426 1897 488 propter
1919 421 2065 490 quod
2090 430 2143 487 Α
2167 424 2259 494 qui
2289 428 2586 481 secundum
2615 429 2864 497 spiritum
2894 444 3050 483 suum
3096 442 3315 498 Vivont,
3356 448 3469 489 non
3496 440 3591 505 qui
3636 454 3749 493 caro

470 502 619 579 enim
671 500 875 556 deforis
933 502 1065 556 vitia
1115 511 1169 558 et
1224 504 1419 559 delicta
1472 511 1773 563 nascuntur
1822 524 1891 563 ex
1939 526 2066 565 sen-

471 591 643 663 sibus,
663 592 715 646 id
728 599 835 656 est,
852 591 921 646 de
934 592 1141 657 auditu,
1159 594 1300 659 visu,
1326 604 1495 663 tactu,
1511 599 1678 653 odora
1686 607 1763 665 tu,
1778 599 1864 654 vel
1885 610 2065 670 gustu,

471 684 624 739 carni
660 684 1025 753 deputantur:
1058 687 1235 742 omnis
1258 689 1405 744 enim
1436 692 1691 763 cogitatio
1716 692 1860 747 foras
1892 696 2067 764 respl-

470 776 623 832 ciens
645 776 878 831 incurrit
898 777 1175 833 delictum.
1195 779 1334 835 Nam
1347 792 1402 837 ct
1424 785 1584 855 primi
1609 787 1845 841 hominis
1867 787 2069 844 deforis

469 876 755 937 peccatum
783 877 971 923 natum
995 878 1100 924 est.
1147 869 1457 928 Secundum
1483 889 1702 930 carnem
1729 892 1858 948 ergo
1886 880 2071 934 vivere

469 966 723 1031 morsest
745 977 757 1013 :
783 960 962 1014 omnis
981 961 1127 1015 enim
1154 972 1308 1017 actus
1354 966 1535 1019 carnis
1572 976 1727 1021 extra
1760 968 1931 1038 legem
1962 980 2065 1025 est.

548 1050 800 1107 Siautem
828 1053 1020 1123 spiritu
1062 1054 1208 1124 facta
1259 1058 1432 1110 carnis
1488 1059 1949 1129 mortiﬁcaveritis,
1998 1065 2071 1118 vi-

467 1146 617 1199 oetis.
682 1142 894 1214 Corpus
962 1145 1078 1201 vult
1144 1146 1260 1219 lege
1318 1149 1515 1205 animae
1560 1152 1855 1222 gubernari
1889 1158 2070 1213 :unde

467 1233 728 1299 ostendit,
768 1235 896 1303 quia
938 1235 985 1289 si
1029 1235 1164 1292 duce
1198 1248 1386 1293 sancto
1428 1238 1635 1309 Spiritu
1675 1254 1828 1309 actus
1856 1253 1911 1300 et
1938 1261 2071 1301 con-

468 1322 593 1378 silia
621 1325 803 1379 carnis
842 1340 962 1395 quae
1011 1326 1173 1395 hujus
1200 1328 1386 1383 mundi
1418 1331 1801 1399 instigantibus
1832 1346 2071 1404 potesta-

469 1414 617 1470 tibus
644 1416 1061 1483 concinnantur,
1100 1417 1304 1474 fuerint
1334 1437 1601 1491 repressa,
1638 1441 1704 1479 ne
1739 1429 1932 1497 agendi
1982 1445 2071 1482 ac-

468 1505 674 1576 cipiant
700 1516 1049 1577 potestatem,
1082 1510 1252 1565 vitam
1278 1514 1551 1581 praestari.
1582 1514 1895 1571 Mortiﬁeari
1924 1521 2069 1574 enim

468 1582 742 1659 dicuntur,
775 1598 821 1653 si
845 1609 1061 1654 cessant
1089 1619 1101 1653 :
1138 1616 1245 1656 non
1269 1611 1396 1657 sunt
1415 1604 1582 1669 enim,
1608 1606 1655 1659 si
1678 1617 1909 1674 cessant,
1942 1611 2070 1679 quia

467 1698 755 1761 peccatum
778 1705 888 1745 non
918 1699 1023 1757 est,
1063 1692 1109 1746 si
1140 1708 1246 1748 non
1274 1692 1622 1768 ﬁat..(0rig.)
1646 1697 1711 1751 Et
1733 1700 1801 1754 de
1820 1698 1922 1754 hoc
1955 1699 2068 1769 jam

467 1798 633 1853 supra
663 1782 868 1838 dictum
899 1794 1008 1850 est,
1036 1787 1308 1854 quomodo
1337 1802 1536 1859 corpus
1557 1791 1774 1859 quidem
1796 1802 2070 1847 mortuum

465 1888 590 1930 esse
632 1873 830 1931 debeat
892 1886 1114 1947 propter
1158 1880 1460 1947 peccatum,
1510 1881 1736 1950 spiritus
1789 1898 1919 1939 vero
1958 1885 2070 1938 vita

467 1974 693 2036 propter
711 1963 1179 2033 justiﬁestionem.
1223 1968 1325 2036 Qui
1349 1986 1479 2042 ergo
1502 1973 1799 2029 secundum
1821 1976 2070 2043 spiritum

468 2073 638 2128 agens
661 2060 954 2116 mortiﬁcat
986 2070 1140 2117 actus
1178 2064 1381 2129 carnis,
1415 2066 1563 2135 vivet
1590 2078 1814 2139 propter
1857 2071 2072 2126 inhabi-

468 2160 674 2208 tantem
698 2154 752 2207 in
774 2170 833 2210 se
862 2156 1112 2226 spiritum
1136 2159 1295 2226 vita};
1320 2161 1615 2218 mortiﬁcat
1637 2173 1817 2218 autem
1840 2165 2071 2234 quisque

468 2253 623 2299 actus
644 2246 827 2300 carnis
849 2246 956 2301 hoc
980 2248 1158 2303 modo.
1199 2248 1433 2305 Fructus
1461 2260 1544 2307 est
1557 2253 1779 2321 spiritus
1801 2254 2067 2319 Charitas;

469 2336 651 2391 odium
702 2340 884 2393 carnis
909 2350 996 2394 est
1026 2351 1198 2406 actus,
1238 2344 1419 2398 odium
1453 2360 1584 2415 ergo
1622 2362 1719 2416 per
1746 2349 2071 2403 charitatem

468 2430 831 2485 mortilicatur
852 2442 907 2486 et
933 2434 1338 2505 exstinguitur;
1374 2437 1629 2509 gaudium
1677 2439 1929 2495 similiter
1957 2439 2073 2495 fru-

468 2528 591 2577 ctus
637 2530 721 2577 est
767 2523 1033 2592 spiritus;
1080 2526 1297 2582 tristitia
1341 2544 1471 2584 vero
1527 2528 1688 2598 hujus
1734 2532 1917 2585 saeculi
1950 2546 2071 2600 quae

468 2622 703 2666 mortem
728 2616 1008 2682 Operatur,
1038 2618 1218 2672 carnis
1244 2627 1329 2673 est
1348 2628 1537 2685 actus;
1571 2623 1686 2677 haec
1712 2636 1841 2691 ergo
1865 2622 2072 2676 exstin-

469 2699 653 2777 guitur
679 2706 723 2760 si
766 2707 839 2761 sit
861 2707 915 2761 in
954 2709 1112 2763 nobis
1152 2711 1404 2781 gaudium
1450 2712 1694 2782 spiritus.
1725 2711 1834 2766 Pax
1861 2712 2071 2768 fructus

466 2796 786 2865 estspiritus
800 2813 815 2861 ;
830 2796 1095 2854 dissensio
1112 2810 1169 2855 et
1188 2802 1458 2857 discordia
1485 2804 1665 2858 carnis
1688 2814 1770 2858 est
1788 2805 2071 2874 actus,fsed

468 2896 676 2943 certum
704 2897 809 2953 est,
833 2890 1163 2953 discordiam
1192 2892 1511 2949 mortiﬁcari
1542 2909 1701 2963 posse
1736 2912 1833 2966 per
1859 2911 2067 2966 pacem.

471 2975 564 3032 Sic
585 2985 643 3030 et
686 2976 944 3044 patientia
968 2981 1203 3048 spiritus
1235 2983 1627 3053 impatientiam
1654 2986 1837 3053 carnis
1865 2988 2066 3041 exstin«

469 3069 606 3139 guit,
647 3077 703 3124 et
748 3070 966 3125 bonitas
1006 3072 1269 3151 malitiam
1321 3076 1562 3143 perimit,
1611 3087 1667 3131 et
1714 3080 2073 3134 mansuetudo

469 3158 753 3228 ferociam,
782 3172 839 3219 et
866 3166 1201 3221 continentia
1231 3167 1725 3239 intemperantiam,
1750 3180 1807 3226 et
1845 3172 2073 3228 castitas

470 3251 865 3324 impudicitiam
891 3266 1070 3318 necat,
1102 3257 1308 3327 talique
1328 3259 1522 3315 ordine
1560 3262 1654 3330 qui
1681 3277 1779 3331 per
1824 3263 2075 3332 spiritum

461 3350 627 3400 actus
656 3347 837 3421 carnis
886 3348 1314 3413 mortilicaverit,
1361 3352 1525 3407 vivet.
1574 3352 1898 3408 intuendum
1946 3369 2075 3409 sane

467 3439 572 3498 est,
601 3435 745 3503 quod
793 3436 935 3491 sicut
971 3446 1205 3493 mortem
1232 3454 1343 3494 non
1390 3440 1555 3495 istam
1578 3456 1945 3508 communem,
1980 3444 2075 3499 sed

472 3518 620 3574 illam
640 3526 849 3591 peccati
883 3526 1033 3590 dicit,
1072 3527 1133 3581 Si
1164 3530 1302 3581 enim
1347 3532 1633 3584 secundum
1681 3550 1890 3587 carnem
1936 3536 2075 3589 vixe-

471 3610 589 3665 ritis
618 3614 939 3679 moriemini,
990 3615 1063 3670 ita
1108 3623 1162 3670 et
1187 3617 1356 3672 vitam
1386 3618 1492 3675 non
1536 3619 1678 3676 hanc
1707 3636 2071 3688 communem,

474 3706 569 3760 sed
599 3704 744 3759 illam
783 3705 918 3761 dicit
961 3717 1242 3775 mternam,
1284 3711 1353 3766 ad
1395 3727 1555 3781 quam
1588 3715 1869 3782 perveniet
1897 3718 2074 3769 omnis

476 3795 573 3864 qui
623 3796 923 3851 secundum
968 3813 1032 3853 ea
1060 3814 1179 3868 quae
1206 3814 1368 3871 supra
1418 3805 1764 3871 exposuimus
1798 3804 2072 3875 perfectus

475 3885 666 3955 spiritu
697 3887 1108 3944 mortiﬁcaverit
1146 3901 1300 3947 actus
1325 3894 1525 3949 carnis.
1560 3895 1665 3950 Sed
1695 3904 1749 3949 et
1774 3896 1904 3955 illud
1934 3899 2074 3954 scire

472 3976 756 4043 debemus,
787 3982 932 4049 quod
967 3981 1069 4036 ista
1118 3971 1465 4041 mortiﬁcatio
1494 3998 1711 4043 actuum
1758 3992 1939 4046 carnis
1976 4007 2074 4061 per

475 4070 794 4138 patientiam
842 4070 958 4139 ﬁat,
984 4082 1041 4127 et
1082 4089 1191 4129 non
1216 4077 1285 4131 ad
1323 4077 1561 4133 subitum
1586 4120 1599 4143 ,
1652 4080 1745 4134 sed
1788 4082 2069 4151 paulatim.

474 4158 660 4215 Primo
681 4160 1034 4233 languescere
1058 4180 1152 4220 eos
1189 4181 1410 4224 necesse
1458 4176 1543 4224 est
1572 4170 1626 4224 in
1656 4169 1761 4235 his,
1807 4171 1897 4240 qui
1940 4172 2076 4226 inci-

476 4252 669 4319 piunt;
703 4263 818 4308 tum
849 4255 1042 4311 deinde
1062 4273 1184 4314 cum
1216 4261 1494 4317 ardentius
1521 4262 1788 4331 proﬁcere
1810 4264 2074 4334 coeperint

477 4352 533 4398 et
555 4345 951 4402 abundantiore
986 4349 1439 4420 spiritutrepleri,
1468 4362 1623 4408 actus
1651 4358 1830 4409 carnis
1859 4371 1964 4409 non
1988 4371 2069 4410 so-

2099 3121 2146 3185 C

2170 522 2255 576 nis
2280 521 2552 593 voluptate
2602 522 2891 589 ducuntur,
2936 540 3043 579 non
3090 526 3183 594 qui
3230 529 3424 596 spiritu
3472 546 3570 586 suo
3598 548 3735 605 agnn

2170 622 2298 669 tur:
2328 615 2423 669 sed
2454 624 2717 686 quotquot
2752 617 2946 685 spiritu
2994 614 3089 672 Dei
3114 628 3367 690 aguntur,
3393 622 3449 677 hi
3487 624 3579 680 ﬁlii
3628 638 3749 683 sunt

2173 705 2284 761 Dei.
2320 706 2473 761 Dicet
2500 707 2632 761 mihi
2667 707 2879 777 aliquis,
2926 724 3057 778 ergo
3092 710 3304 779 agimur
3354 729 3461 767 non
3515 719 3750 786 agimus?

2169 795 2467 863 respondeo
2514 795 2623 849 imo
2673 804 2729 851 et
2777 798 2893 868 agis
2937 807 2995 851 et
3040 801 3239 869 ageris,
3297 809 3355 855 et
3409 810 3542 858 tunc
3582 810 3755 877 ageris

2169 881 2307 949 bene
2343 884 2387 938 si
2438 884 2577 939 bona
2615 885 2749 953 agis.
2786 885 3022 956 Spiritus
3068 891 3211 943 enim
3258 890 3351 946 Dei
3404 893 3497 962 qui
3551 904 3603 949 te
3630 900 3755 967 agit,

2170 976 2349 1044 agenti
2382 974 2477 1029 tibi
2509 976 2722 1043 adjutor
2746 988 2848 1039 est,
2885 978 3059 1047 ipsum
3105 996 3299 1035 nomen
3328 983 3594 1053 adjutoris
3634 1003 3757 1056 prae-

2172 1063 2360 1119 scribit
2408 1065 2525 1128 tibi,
2580 1066 2704 1134 quia
2756 1075 2813 1119 et
2845 1076 2900 1121 tu
2937 1066 3053 1135 ipse
3086 1068 3288 1136 aliquid
3331 1072 3468 1141 agis.
3503 1074 3756 1145 Quotquot

2170 1154 2306 1207 enim
2356 1152 2558 1221 Spiritu
2605 1154 2701 1207 Dei
2726 1166 2957 1225 aguntur
3001 1156 3055 1209 Ιιὶ
3095 1158 3195 1225 ﬁlii
3224 1171 3344 1213 sunt
3381 1161 3501 1215 Dei.
3532 1163 3756 1233 (Arnim)

2171 1243 2289 1299 Non
2311 1244 2490 1299 littera
2512 1246 2603 1299 sed
2623 1247 2834 1315 spiritu,
2850 1263 2955 1303 non
2977 1248 3097 1319 lege
3118 1253 3487 1321 praecipiente,
3507 1257 3754 1319 minante,

2172 1337 2547 1406 promittente,
2595 1339 2689 1393 Sed
2738 1340 2930 1409 spiritu
2980 1342 3347 1410 exhortante,
3401 1346 3754 1415 illuminante,

2172 1427 2478 1495 adjuvante,
2504 1429 2603 1483 hos
2630 1430 2760 1485 dicit
2808 1430 3013 1500 Spiritu
3045 1433 3140 1488 Dei
3184 1438 3292 1503 agi,
3326 1437 3381 1491 in
3411 1453 3643 1506 quorum
3676 1455 3760 1493 ac-

2174 1517 2318 1572 tibus
2338 1518 2561 1572 consilia
2607 1520 2909 1591 principum
2941 1532 2998 1577 et
3036 1533 3365 1593 potestatum
3396 1526 3558 1597 hujus
3580 1530 3755 1583 mundi

2174 1621 2280 1659 non
2318 1607 2601 1661 videntur:
2637 1610 2690 1663 in
2739 1626 2969 1680 quorum
3013 1615 3159 1669 enim
3206 1616 3461 1672 videntur
3505 1636 3609 1674 non
3640 1630 3757 1674 sunt

2176 1696 2271 1752 ﬁlii
2302 1699 2421 1765 Dei,
2450 1701 2543 1754 sed
2572 1700 2789 1765 diaboli,
2819 1704 2947 1772 quia
2991 1707 3080 1774 qui
3115 1707 3181 1760 de
3218 1706 3325 1761 Deo
3357 1719 3513 1764 natus
3538 1724 3635 1774 est,
3663 1728 3758 1765 non

2100 1779 2147 1838 B
2173 1798 2375 1857 peccat,
2416 1788 2549 1843 dicit
2586 1788 2821 1847 Joannes
2865 1794 3143 1862 apostolus
3170 1795 3221 1866 (I
3244 1798 3407 1852 Joan.
3433 1799 3521 1869 v);
3556 1802 3659 1855 hoc
3679 1810 3758 1855 est

2175 1878 2319 1933 enim
2348 1880 2492 1949 quod
2531 1881 2725 1951 probat
2754 1882 2893 1939 ﬁlios
2934 1884 3031 1941 Dei
3058 1896 3116 1941 et
3148 1888 3369 1943 diaboli.
3416 1889 3569 1946 Unde
3594 1892 3757 1946 domi-

2175 1990 2277 2029 nus
2315 1974 2383 2033 ad
2420 1973 2653 2041 Judaaos,
2705 1978 2849 2047 quod
2892 1978 3034 2033 male
3060 1989 3285 2051 agerent
3329 1991 3385 2035 et
3414 1983 3756 2051 parricidium

2174 2069 2491 2137 cogitarent,
2518 2068 2617 2133 ait,
2655 2066 2756 2121 Vos
2780 2086 2844 2121 ea:
2859 2079 3008 2139 patre
3021 2070 3237 2126 diabolo
3261 2074 3385 2126 estis
3417 2071 3598 2137 (lacn.
3626 2074 3756 2144 un).

2176 2158 2375 2232 [Orig.]
2408 2158 2716 2213 Notandum
2744 2168 2923 2214 autem
2962 2160 3107 2229 quod
3152 2162 3296 2214 sicut
3340 2162 3582 2217 diversas
3622 2178 3747 2218 com

2175 2252 2463 2313 memorari
2498 2252 2643 2323 leges
2669 2253 2722 2305 in
2750 2254 2855 2308 hac
2877 2254 3117 2323 Epistola
3144 2254 3325 2321 Pauli,
3352 2256 3454 2310 sub
3481 2272 3585 2311 uno
3610 2272 3759 2313 voca.

2174 2335 2299 2390 bulo
2340 2336 2474 2406 legis
2516 2335 2875 2402 ostendimus,
2923 2346 2980 2393 et
3013 2339 3257 2394 diversas
3286 2350 3492 2395 mortes
3533 2343 3631 2395 sub
3661 2358 3757 2397 una

2174 2426 2366 2481 mortis
2392 2426 2749 2496 appellatione
2774 2429 3042 2483 nominari
3066 2448 3081 2495 ;
3109 2430 3183 2484 ita
3207 2439 3261 2484 et
3282 2432 3526 2487 diversos
3546 2434 3758 2502 spiritus

2174 2536 2319 2576 nunc
2340 2520 2586 2576 videmus
2611 2521 2714 2576 sub
2744 2538 2853 2577 uno
2876 2524 3096 2579 nomine
3118 2524 3355 2594 Spiritus
3386 2524 3636 2578 indicari.
3670 2526 3755 2577 Ait

2173 2628 2303 2683 ergo
2330 2614 2382 2667 in
2409 2614 2662 2682 praesenti
2708 2615 2978 2684 capitulo:
3028 2614 3336 2686 Quicunque
3378 2617 3520 2669 enim
3560 2616 3754 2684 Spiritu

2174 2701 2271 2756 Dei
2305 2715 2555 2773 aguntur,
2591 2705 2646 2757 hi
2671 2705 2769 2773 ﬁlii
2812 2715 2932 2759 sunt
2960 2705 3080 2771 Dei,
3123 2706 3179 2759 in
3223 2720 3330 2775 quo
3377 2706 3565 2775 utique
3588 2706 3756 2776 ipsum

2173 2793 2270 2849 Dei
2293 2795 2554 2864 Spiritum
2580 2796 2739 2859 dicit,
2770 2805 2825 2850 et
2846 2798 3041 2851 iterum
3072 2797 3128 2851 in
3168 2798 3455 2865 sequenti:
3489 2797 3759 2850 Noneniut

2175 2887 2463 2956 accepistis,
2490 2887 2682 2955 inquit,
2708 2887 2949 2957 spiritum
2970 2888 3235 2941 seruitutis
3263 2888 3456 2941 iterum
3476 2888 3531 2940 in
3549 2889 3758 2951 timore;

2173 2978 2230 3050 in
2261 2980 2365 3033 hoc
2397 2979 2634 3036 ostendit
2658 2978 2908 3049 spiritum
2934 2979 3213 3034 servitutis
3242 2978 3411 3032 alium
3438 2994 3582 3043 esse,
3603 2994 3756 3047 quam

2176 3069 2349 3134 illum,
2384 3084 2548 3138 quem
2576 3072 2741 3146 supra
2771 3070 2883 3124 dixi
2914 3069 3173 3139 Spiritum
3219 3068 3339 3135 Dei,
3384 3080 3441 3124 et
3481 3079 3757 3139 propterea

2177 3163 2451 3233 subjungit
2480 3180 2493 3216 :
2521 3161 2627 3217 Sed
2654 3164 2925 3232 accepistis
2945 3164 3186 3232 spiritum
3212 3162 3511 3231 adoptionis
3541 3163 3761 3230 ﬁliorum

2175 3256 2231 3307 in
2243 3268 2344 3323 quo
2358 3252 2667 3319 clamamus,
2684 3253 2827 3307 Abba
2837 3294 2852 3317 ,
2868 3251 3061 3317 Pater;
3079 3254 3133 3307 in
3146 3255 3250 3308 hoc
3261 3255 3513 3323 spiritum
3529 3256 3762 3323 adoptio—

2176 3344 2262 3399 nis
2288 3345 2525 3399 ostendit
2548 3343 2723 3413 ipsum
2754 3359 2890 3406 esse,
2924 3360 3085 3414 quem
3129 3360 3292 3413 supra
3337 3345 3479 3399 dixit
3508 3344 3760 3414 Spiritum

2175 3431 2293 3496 Dei,
2316 3434 2384 3488 de
2403 3450 2510 3503 quo
2526 3442 2582 3488 et
2602 3435 2817 3503 repetit,
2838 3436 2946 3504 ipse
2969 3434 3198 3505 Spiritus
3220 3436 3575 3491 testimonium
3600 3438 3759 3490 reddit

2175 3525 2385 3593 spiritu‘i
2418 3535 2615 3590 nostro,
2650 3524 2753 3579 hoc
2778 3535 2881 3587 est,
2911 3525 3028 3595 ipse
3058 3524 3294 3594 Spiritus
3326 3527 3420 3581 Dei
3445 3528 3498 3580 in
3526 3540 3633 3595 quo
3658 3525 3759 3579 Pa-

2180 3622 2315 3668 trem
2332 3613 2499 3668 Deum
2522 3614 2819 3670 clamamus
2842 3616 3209 3670 testimonium
3233 3616 3411 3671 reddit
3429 3617 3641 3685 spiritui
3663 3632 3760 3671 no-

2179 3704 2438 3771 stro.’Qui
2456 3705 2886 3775 spiritusnoster
2904 3706 3043 3760 alius
3075 3706 3193 3760 sine
3211 3705 3373 3760 dubio
3392 3715 3477 3760 est
3500 3702 3661 3775 quam
3683 3705 3761 3761 vel

2175 3793 2263 3849 ille
2288 3795 2511 3863 spiritus
2535 3795 2833 3860 servitutis,
2860 3796 2951 3865 qui
2977 3796 3203 3849 daturin
3226 3797 3548 3861 timore,vel
3568 3798 3652 3851 hic
3672 3798 3760 3866 qui

2175 3883 2225 3938 ei
2252 3882 2319 3938 de
2346 3885 2687 3940 invocatione
2722 3884 2901 3940 Patris
2925 3886 3289 3941 testimonium
3312 3887 3537 3956 prabet.
3569 3888 3760 3943 Omnes

2176 3989 2305 4047 ergo
2353 3977 2621 4043 homines,
2675 3988 2735 4031 ut
2774 3978 3005 4044 videtur,
3047 3988 3283 4049 aguntur
3327 3978 3513 4048 aliquo
3548 3979 3756 4048 spiritu,

2177 4069 2318 4125 sicut
2350 4070 2464 4140 ipse
2493 4070 2691 4125 Paulus
2719 4070 2937 4140 scripsit
2983 4069 3035 4139 (Ι
3066 4069 3187 4124 Cor.
3221 4070 3320 4142 xu)
3350 4090 3363 4124 :
3398 4070 3559 4125 Scitis
3586 4082 3752 4125 autem

2176 4168 2224 4210 et
2264 4175 2375 4222 vos,
2408 4174 2526 4211 cum
2575 4170 2749 4228 gentes
2795 4159 2995 4223 essetis,
3045 4158 3305 4228 quomodo
3332 4160 3401 4211 ad
3452 4158 3593 4211 idola
3616 4170 3753 4211 mnta

2177 4248 2502 4318 agebamini;
2528 4249 2579 4302 in
2602 4250 2708 4304 hoc
2730 4249 2966 4303 ostendit
2986 4254 3111 4318 quia
3141 4250 3304 4304 etiam
3325 4258 3513 4318 gentes
3538 4253 3603 4303 ad
3624 4250 3757 4304 idola

2180 4355 2412 4417 aguntur
2451 4346 2632 4413 aliquo
2674 4346 2886 4415 spiritu.
2919 4345 3015 4400 Est
3061 4360 3190 4416 ergo
3226 4343 3463 4415 Spiritus
3504 4344 3617 4410 Dei,
3672 4345 3755 4415 qui

476 4428 586 4484 lum
618 4432 878 4503 languere
908 4438 1002 4491 sed
1028 4446 1085 4491 et
1108 4440 1385 4494 tabescere
1412 4442 1671 4511 incipient
1694 4460 1708 4508 ;
1740 4445 1829 4498 ubi
1853 4460 1983 4499 vero
2007 4447 2072 4501 ad

2180 4436 2321 4487 idem
2352 4442 2437 4488 est
2478 4433 2712 4502 Spiritus
2738 4434 2962 4500 Christi,
3010 4436 3259 4503 idemque
3292 4433 3602 4504 ebSpiritus
3639 4450 3759 4487 san-

475 4523 777 4592 perfectum
814 4524 929 4592 jam
973 4529 1241 4594 Venerint,
1272 4530 1345 4584 ita
1374 4540 1433 4583 nt
1465 4532 1609 4586 nulla
1640 4534 1692 4586 in
1741 4534 1820 4587 eis
1853 4549 2075 4603 prorsus

477 4616 563 4670 vel
584 4616 636 4669 in
657 4610 827 4681 'l‘acto,
847 4617 931 4671 vel
956 4619 1008 4671 in
1032 4619 1194 4683 dicto,
1210 4622 1294 4674 vel
1319 4622 1371 4675 in
1402 4624 1659 4691 cogitatu,
1679 4625 1883 4693 peccati
1902 4625 2076 4677 orian—

482 4716 573 4760 tur
603 4707 824 4771 indicia,
858 4718 971 4762 tum
1014 4709 1171 4778 plene
1222 4721 1375 4766 actus
1417 4715 1599 4767 carnis
1636 4714 1993 4769 mortiﬁcusse
2021 4724 2075 4769 et

482 4798 551 4851 ad
574 4797 842 4868 integrum
877 4801 1036 4853 morti
1084 4803 1373 4857 tradidisse
1419 4804 1672 4859 credendi
1721 4814 1863 4859 sunt.
1890 4805 2073 4876 (Aug.)

482 4885 618 4941 Cum
651 4902 779 4957 ergo
810 4889 1033 4943 dixisset
1059 4890 1367 4960 Apostolus,
1398 4894 1455 4948 Si
1488 4905 1659 4947 autem
1704 4896 1889 4964 spiritu
1912 4898 2079 4965 actio-

483 4990 575 5029 nes
619 4978 795 5030 carnis
833 4979 1294 5046 mortiﬁcaveritis,
1337 4983 1532 5046 vinetis,
1578 4983 1629 5036 id
1664 4993 1773 5055 est,
1805 4982 1923 5036 illas
1951 4997 2079 5036 con-

482 5066 848 5137 cupiscentias
876 5071 1079 5133 carnis,
1133 5072 1328 5142 quibus
1372 5089 1479 5127 non
1527 5074 1833 5128 consentire
1882 5088 2075 5143 magna

489 5156 609 5213 laus
642 5168 747 5226 est,
772 5176 909 5230 quas
932 5178 1039 5217 non
1063 5164 1263 5218 habere
1298 5165 1557 5233 perfectio
1586 5176 1686 5229 est,
1706 5166 1817 5231 jam
1854 5168 1942 5222 hic
1968 5182 2076 5221 me-

490 5249 747 5303 tuendum
777 5261 875 5315 est,
910 5267 979 5307 ne
1022 5252 1308 5323 quisquam
1341 5271 1529 5309 rursus
1574 5256 1638 5309 ad
1670 5255 2075 5311 mortiﬁcandas

490 5338 733 5395 actiones
780 5343 982 5406 carnis,
1029 5346 1095 5397 de
1145 5345 1336 5415 spiritu
1386 5362 1482 5401 suo
1527 5356 1914 5415 praesumeret;
1947 5363 2076 5419 ergo

493 5440 561 5480 ne
606 5427 695 5482 hic
741 5445 799 5484 se
846 5433 1131 5487 extolleret
1184 5436 1453 5491 humanus
1484 5438 1726 5505 Spiritus,
1782 5447 1837 5492 et
1883 5440 1947 5493 ad
1975 5441 2078 5495 hoc

490 5533 627 5589 Opus
648 5535 706 5574 se
728 5520 974 5578 idoneum
1002 5525 1587 5596 ﬁrmumquejactaret,
1613 5530 1863 5599 subjecit,
1879 5540 1933 5585 et
1962 5532 2074 5586 ait:

566 5610 870 5683 Quicunque
911 5619 1045 5669 enim
1106 5619 1294 5687 spiritu
1330 5619 1428 5672 Dei
1466 5631 1713 5689 aguntur,
1742 5622 1794 5673 hi
1836 5621 1935 5688 ﬁlii
1957 5632 2077 5675 sunt

494 5699 611 5756 Dei.
640 5700 756 5757 Non
784 5705 876 5772 qui
930 5708 1223 5763 secundum
1250 5724 1475 5764 carnem
1506 5725 1657 5765 suam
1712 5713 1917 5778 vivunt,
1966 5728 2074 5767 non

2179 4534 2297 4579 ctus
2315 4532 2429 4579 est:
2455 4522 2549 4579 sed
2578 4533 2633 4578 et
2655 4524 2878 4595 spiritus
2907 4525 3209 4594 adoptionis
3238 4526 3380 4581 .dem
3402 4526 3508 4579 dici
3532 4526 3754 4587 videtur,

2178 4616 2319 4671 sicut
2376 4631 2615 4685 praesens
2667 4616 2992 4685 apostolicus
3045 4617 3286 4671 declarat
3338 4632 3537 4671 sermo.
3592 4616 3757 4669 David

2178 4722 2415 4777 quoque,
2447 4707 2539 4776 qui
2564 4709 2675 4761 ait:
2706 4705 2959 4777 Spiritum
3000 4718 3240 4761 sanctum
3282 4718 3432 4761 tuum
3458 4725 3520 4762 ne
3549 4708 3755 4774 auferas

2178 4818 2210 4853 a
2256 4817 2356 4864 uie,
2396 4809 2444 4852 et
2492 4800 2678 4868 spiritu
2726 4798 3001 4868 principali
3048 4800 3301 4867 conﬁrma
3344 4817 3425 4852 me
3469 4797 3632 4866 (Psal.
3684 4800 3755 4867 ι),

2180 4891 2247 4946 de
2282 4892 2470 4945 eodem
2496 4892 2678 4947 dicere
2708 4893 2935 4955 videtur,
2966 4906 3233 4961 quemque
3273 4890 3623 4961 principalem
3650 4891 3755 4958 spi-

2178 4982 2341 5036 ritum
2375 4978 2662 5050 propterea
2709 4981 2944 5035 arbitror
2995 4981 3350 5044 nominatum,
3406 4988 3466 5033 ut
3513 4980 3755 5033 ostende-

2182 5079 2331 5125 retur
2351 5086 2470 5125 esse
2488 5072 2702 5140 quidem
2728 5072 2922 5126 multos
2965 5071 3205 5141 spiritus,
3251 5071 3344 5125 sed
3370 5071 3424 5124 in
3454 5070 3538 5124 his
3562 5069 3755 5139 princi-

2178 5169 2363 5231 patum
2394 5169 2448 5215 et
2471 5160 2893 5215 dominationem
2924 5160 3068 5214 hunc
3090 5158 3351 5231 Spiritum
3379 5168 3647 5223 sanctum,
3667 5158 3752 5227 qui

2181 5262 2236 5307 et
2250 5252 2561 5322 principalis
2584 5251 2902 5322 appellatur,
2927 5261 3128 5307 tenere.
3146 5252 3453 5307 Sicuteuim
3467 5251 3622 5306 multi
3638 5258 3754 5306 sunt

2184 5341 2277 5396 ﬁlii
2298 5342 2415 5405 Dei,
2446 5350 2504 5395 ut
2525 5340 2805 5411 Scriptura
2834 5342 2964 5396 dicit
2990 5361 3002 5395 :
3026 5342 3141 5413 Ego
3160 5342 3295 5406 dixi,
3334 5341 3408 5394 dii
3430 5344 3555 5396 estis
3588 5353 3635 5397 et
3662 5342 3753 5411 ﬁlii

2184 5431 2393 5486 Επειεὶ
2422 5448 2596 5485 omnes
2622 5431 2791 5501 (Psal.
2824 5432 3035 5502 Lxxxt),
3085 5448 3223 5488 unus
3252 5440 3434 5487 tamen
3461 5442 3544 5489 est
3573 5442 3753 5488 natura

2182 5522 2350 5577 Filius
2379 5531 2433 5580 et
2464 5522 2783 5593 Unigenitus
2818 5524 2884 5578 de
2908 5524 3091 5589 Patre,
3117 5538 3213 5593 per
3255 5539 3419 5593 quem
3458 5538 3647 5580 omnes
3668 5520 3753 5578 lilii

2184 5615 2552 5686 appellantur;
2598 5615 2672 5670 ita
2700 5624 2755 5669 et
2784 5615 3007 5684 spiritus
3052 5614 3201 5669 multi
3244 5614 3466 5682 quidem
3498 5625 3645 5677 sunt,
3669 5609 3752 5666 sed

2182 5726 2322 5765 unus
2340 5719 2443 5775 est,
2476 5710 2567 5778 qui
2610 5724 2736 5764 vere
2774 5725 2842 5765 ex
2880 5710 2996 5778 ipso
3020 5708 3131 5763 Deo
3172 5707 3441 5779 procedit,
3482 5702 3753 5763 etceterii
