3948 6376
233 471 372 527 1449

229 680 413 735 donat.
448 677 602 744 Quod
636 686 816 733 autem
843 679 1027 748 plures
1067 679 1177 734 sint
1217 678 1457 747 spiritus,
1502 676 1740 731 declarat
1763 680 1819 728 et

230 770 373 825 idem
394 766 593 822 Paulus
628 768 696 823 ad
718 767 977 824 Hebraeos
1006 769 1270 835 scribens,
1301 775 1354 823 et
1379 768 1562 821 dicens
1587 784 1599 819 :
1627 764 1818 819 Nonne

232 873 406 911 omnes
435 865 555 912 sunt
588 858 954 912 ministeriales
989 860 1201 928 spiritus
1233 859 1302 913 ad
1323 858 1668 911 ministerium
1694 856 1817 909 mis—

231 947 276 1001 si
303 956 514 1016 propter
537 963 624 1001 eos
651 946 1118 1017 qui'luereditatem
1141 950 1353 1018 capiunt
1373 946 1559 1001 salutis
1582 948 1605 1000 ?
1627 945 1814 1015 (Hebr.

230 1035 293 1106 1).
320 1035 428 1092 Sed
454 1046 510 1092 et
540 1036 709 1090 David
745 1037 876 1091 dicit
898 1053 911 1089 :
939 1035 1043 1102 Qui
1072 1037 1199 1105 facit
1226 1036 1435 1107 angelos
1459 1053 1581 1091 suos
1606 1038 1819 1107 spiritus

234 1126 407 1197 (Psal.
432 1127 568 1199 cu);
601 1135 656 1181 et
696 1126 883 1182 Daniel
909 1127 1258 1189 nihilominus
1291 1136 1540 1192 testatur,
1572 1135 1627 1181 et
1646 1127 1815 1182 dicit:

233 1215 554 1282 Benedicite,
602 1218 815 1299 spiritus
873 1229 923 1272 et
965 1219 1156 1270 anima:
1192 1217 1486 1286 justorum,
1535 1216 1819 1270 Dominum

234 1308 397 1379 (Dan.
416 1307 498 1375 ut)
522 1324 537 1373 ;
568 1315 623 1363 et
651 1309 706 1363 in
729 1309 980 1378 praesenti
1010 1308 1127 1363 loco
1150 1309 1347 1363 Paulus
1379 1326 1391 1359 :
1418 1308 1537 1378 Ipse
1568 1307 1818 1377 Spiritus,

233 1400 428 1469 inquit,
466 1400 815 1453 testimonium
844 1400 1012 1453 reddit
1039 1401 1244 1469 spiritui
1268 1410 1442 1453 nostro
1463 1399 1640 1470 (Rom.
1665 1397 1818 1470 vnt);
1864 1411 1869 1417 '

233 1499 290 1545 et
314 1488 368 1544 in
407 1490 565 1545 aliis:
610 1487 676 1542 Ut
713 1492 911 1560 integer
952 1489 1165 1559 spiritus
1209 1499 1405 1553 vester,
1435 1503 1481 1542 et
1510 1490 1723 1554 anima,
1773 1497 1823 1542 et

234 1595 423 1649 corpus
468 1580 523 1634 in
571 1579 655 1633 die
705 1580 912 1633 Domini
962 1579 1129 1633 nostri
1178 1577 1306 1632 Jesu
1356 1576 1548 1632 Christi
1595 1587 1823 1632 servetur

235 1671 297 1743 (Ι
328 1670 508 1725 Thess.
540 1669 628 1741 v).
668 1670 797 1739 Quae
826 1670 1008 1726 omnia
1039 1668 1259 1725 dubium
1306 1683 1414 1724 non
1457 1676 1543 1722 est
1588 1667 1716 1736 quin
1757 1667 1824 1719 de

233 1760 662 1825 rationabilibus
689 1761 967 1830 spiritibus
985 1759 1127 1815 dicta
1155 1760 1281 1814 sint.
1308 1757 1660 1829 Appellantur
1684 1770 1823 1826 prae-

237 1858 390 1905 terea
419 1851 643 1920 spiritus
692 1850 819 1904 mali
865 1858 922 1904 et
948 1849 1121 1920 angeli
1174 1849 1319 1914 mali,
1374 1848 1515 1902 sicut
1559 1855 1615 1928 et
1653 1845 1823 1901 David

760 471 1307 529 ENARRATIONUM
1344 472 1413 527 IN
1450 472 1599 529 EPP.
1639 470 1846 528 PAULI
1882 469 2009 525 LlB.
2048 472 2136 527 IV.
2177 501 2248 512 —
2280 472 2346 527 IN
2382 472 2597 528 EPIST.
2634 472 2726 527 AD
2765 472 2933 528 ROM.

3353 475 3482 526 Miitl

227 588 477 645 omnibus
527 586 775 642 vocabuli
819 604 885 644 ac
937 571 1401 654 sanctificationis
1426 602 1536 642 suae
1577 588 1803 658 gratiam
1836 588 1879 646 A
1909 586 2243 641 mandatum.
2290 586 2423 640 Nam
2452 586 2536 639 lex
2568 595 2749 639 sancta
2778 594 2893 651 est,
2935 595 2985 639 et
3017 586 3321 639 mandatum
3354 605 3469 640 san-

1919 685 2057 729 ctum
2090 686 2138 730 et
2164 677 2374 747 justum
2414 685 2461 729 et
2494 674 2731 729 bonum:
2769 675 2856 729 ille
2896 685 3075 729 autem
3106 674 3331 744 spiritus
3369 692 3479 731 ser-

1918 765 2105 821 vitutis
2142 750 2247 821 non
2277 766 2467 843 utique
2489 764 2693 829 bonus,
2728 780 2887 834 quem
2929 765 3203 835 accipiunt
3230 766 3321 834 qui
3346 780 3487 836 praz«

1920 867 2073 927 cepta
2102 858 2239 912 datae
2264 857 2398 927 legis
2426 857 2650 926 implere
2676 872 2782 910 non
2811 868 3035 926 possunt
3054 899 3067 919 ,
3098 858 3222 912 dum
3250 859 3491 913 serviunt

1919 948 2199 1003 desideriis
2226 948 2551 1012 carnalibus,
2586 949 2822 1003 nondum
2850 949 3021 1018 gratia
3044 947 3371 1004 Liberatoris
3396 964 3488 1004 as—

1920 1039 2115 1107 sumpti
2144 1039 2198 1093 in
2228 1038 2460 1094 ﬁliorum
2488 1039 2829 1106 adoptionem
2858 1055 2871 1089 :
2900 1037 3024 1106 quia
3054 1045 3107 1091 et
3136 1039 3246 1107 ipse
3272 1038 3491 1107 Spiritus

1922 1128 2196 1182 servitutis
2236 1144 2341 1183 non
2380 1130 2545 1183 habet
2591 1143 2917 1198 quemquam
2959 1127 3011 1181 in
3043 1135 3337 1195 potestate,
3388 1130 3492 1184 nisi

1922 1217 2012 1287 qui
2028 1218 2076 1272 ei
2098 1233 2193 1289 per
2210 1220 2452 1274 ordinem
2471 1219 2665 1273 divina:
2683 1218 3037 1289 providentia:
3060 1218 3286 1272 traditus
3310 1217 3491 1283 fuerit,

1922 1308 2018 1362 Dei
2051 1307 2261 1376 justitia
2291 1324 2387 1363 sua
2414 1311 2609 1379 cuique
2652 1309 2944 1364 tribuente.
2975 1308 3144 1375 Quam
3176 1319 3495 1378 potestatem

1924 1408 2204 1469 acceperat
2234 1400 2535 1470 Apostolus,
2566 1416 2687 1455 cum
2712 1401 2844 1455 dicit
2871 1402 2937 1456 de
2960 1401 3281 1470 quibusdam
3307 1419 3320 1454 :
3354 1401 3496 1466 Quos

1924 1492 2122 1544 tradidi
2141 1490 2375 1556 Satanw,
2398 1500 2455 1544 ut
2481 1491 2681 1547 discant
2707 1508 2810 1545 non
2832 1491 3187 1561 blaspltemare
3205 1491 3255 1563 (Ι
3281 1491 3412 1545 Tim.
3433 1490 3494 1560 1);

1924 1592 1979 1638 et
2009 1584 2204 1638 iterum
2234 1584 2300 1638 de
2328 1584 2434 1639 alio
2460 1602 2483 1643 λ
2503 1582 2630 1637 lam
2648 1584 2910 1653 judicavi,
2941 1587 3133 1655 inquit,
3166 1589 3373 1641 tradere
3400 1588 3498 1640 hu-

1918 1672 2154 1742 jusmodi
2187 1670 2399 1727 Satante
2428 1674 2483 1726 in
2508 1674 2775 1727 interitum
2804 1676 2977 1728 carnis
2996 1715 3010 1738 ,
3054 1684 3109 1727 ut
3150 1677 3326 1728 anima
3352 1674 3497 1727 salva

1925 1764 1991 1816 sit
2020 1763 2067 1835 (I
2098 1762 2222 1817 Cor.
2250 1764 2325 1835 v).
2356 1764 2457 1830 Qui
2484 1776 2613 1835 ergo
2642 1766 2874 1820 nondum
2904 1766 3005 1819 sub
3033 1768 3203 1836 gratia
3234 1776 3379 1829 sunt,
3404 1767 3495 1821 scd

1930 1856 2028 1909 sub
2066 1854 2183 1925 lege
2224 1855 2503 1910 constituti
2536 1856 2832 1910 vincuntur
2864 1858 3103 1925 peccatis
3140 1857 3204 1909 ad
3244 1857 3496 1911 obedien-

235 1939 370 1994 dicit
395 1954 408 1993 :
440 1939 631 1993 Emisit
655 1939 727 1994 eis
755 1940 889 1992 iram
917 1938 1292 2008 indignationis
1333 1954 1466 2002 suae,
1494 1936 1822 1991 emissionem

1933 1944 2056 1999 dum
2091 1945 2374 2000 desideriis
2408 1946 2735 2011 carnalibus,
2761 1955 2817 2001 et
2838 1947 3279 2016 praevaricatione
3306 1956 3500 2016 augent

235 2049 330 2102 per
358 2031 570 2102 angelos
601 2031 766 2085 malos
798 2029 977 2101 (Psal.
997 2030 1203 2099 Lxxvu)
1228 2047 1243 2095 ;
1272 2038 1328 2083 et
1350 2030 1489 2090 utin
1522 2028 1825 2098 Regnorum

238 2120 394 2175 libris
420 2122 680 2191 scriptum
715 2129 799 2177 est
826 2122 892 2176 de
920 2119 1045 2175 Saul
1074 2138 1087 2172 :
1122 2119 1189 2172 Et
1218 2118 1445 2189 Spiritus
1477 2118 1690 2173 Domini
1716 2118 1826 2171 dis-

239 2214 393 2266 cessit
423 2231 454 2265 a
488 2212 645 2279 Saul,
692 2224 738 2267 et
768 2214 1057 2282 suﬁ'ocabat
1107 2229 1224 2266 eum
1256 2213 1469 2283 spiritus
1507 2210 1773 2280 malignus
1796 2225 1829 2261 a

239 2302 465 2357 Domino
505 2304 565 2375 (I
609 2303 736 2374 Reg.
769 2310 929 2373 xvi);
982 2312 1146 2373 utque
1187 2304 1241 2357 in
1277 2303 1415 2357 libro
1456 2301 1703 2357 Iudicum
1746 2316 1832 2355 re-

240 2394 451 2447 fertur:
492 2394 555 2447 Et
595 2396 808 2448 immisit
854 2394 993 2447 Deus
1045 2394 1285 2464 spiritum
1330 2393 1652 2463 malignum,
1696 2394 1834 2444 inter

146 2484 149 2487 ’
240 2487 474 2540 medium
521 2486 815 2539 Abimelech
860 2495 906 2539 et
947 2488 1081 2539 inter
1126 2486 1354 2539 medium
1394 2487 1623 2539 virorum
1661 2482 1833 2538 Sic/ii-

244 2594 453 2632 morum
486 2578 684 2647 (Judic.
705 2577 807 2650 ix).
858 2577 955 2632 Hic
995 2592 1123 2649 ergo
1151 2578 1374 2647 spiritus
1412 2576 1705 2647 malignus,
1740 2574 1831 2644 qui

245 2668 447 2722 dicitur
483 2667 570 2721 vel
614 2668 791 2721 exisse
820 2675 880 2720 ut
927 2666 1213 2721 sufl‘ocaret
1249 2666 1398 2731 Saul,
1450 2666 1535 2719 vel
1564 2665 1834 2720 Abimele-

244 2758 405 2812 citem
447 2756 824 2827 Sichimosque
857 2765 915 2809 ut
940 2756 1239 2821 dirimeret,
1260 2765 1316 2811 et
1344 2772 1374 2809 a
1402 2756 1627 2810 Domino
1658 2756 1833 2809 exisse

247 2867 317 2906 ac
344 2850 541 2905 missus
576 2865 697 2904 esse
751 2858 1079 2903 memoratur
1126 2860 1379 2917 tanquam
1429 2845 1668 2901 carnifex
1713 2846 1841 2914 qui-t

249 2944 405 3003 dam,
433 2938 806 3009 intelligendus
850 2947 932 2993 est
980 2938 1176 2992 missus
1204 2939 1271 2993 ad
1297 2938 1586 3007 exigendas
1614 2937 1679 2991 de
1702 2951 1831 3005 pec-

247 3034 525 3088 caloribus
545 3046 753 3102 ptenas.
782 3031 848 3084 Et
872 3031 1119 3100 quamvis
1160 3030 1288 3084 mali
1331 3039 1549 3100 propter
1588 3027 1833 3098 proposi-

246 3133 366 3177 tum
393 3137 549 3183 unum
574 3121 1008 3190 voluntatemque
1036 3122 1300 3184 dicantur,
1327 3121 1381 3173 in
1423 3120 1506 3173 his
1534 3128 1715 3172 tamen
1742 3118 1833 3185 qui

246 3226 412 3284 poena
434 3212 579 3281 digni
608 3220 733 3266 sunt
760 3212 953 3266 divina:
980 3203 1240 3265 voluntati
1284 3209 1540 3263 exhibent
1588 3208 1832 3265 ministe-

1927 2045 2139 2091 reatum
2168 2036 2454 2091 criminum
2484 2052 2725 2101 suorum,
2758 2037 3005 2105 spiritum
3041 2045 3363 2107 acceperunt
3389 2051 3503 2091 εει-α

1927 2127 2135 2191 vitutis,
2164 2127 2333 2191 idest,
2351 2128 2599 2196 spiritum
2626 2126 2743 2195 ejus
2758 2128 2847 2195 qui
2863 2135 3184 2195 potestatem
3201 2128 3388 2180 mortis
3407 2128 3501 2180 ha-

1922 2218 2041 2273 bet.
2066 2218 2199 2272 Nam
2222 2220 2265 2272 si
2288 2220 2534 2287 spiritum
2559 2219 2832 2273 servitutis
2856 2219 3029 2287 ipsutn
3055 2218 3302 2286 spiritum
3332 2218 3503 2271 homi-

1930 2308 2014 2362 nis
2047 2307 2489 2372 intellexerimus,
2514 2307 2701 2376 incipit
2728 2315 2782 2361 et
2808 2307 3032 2375 spiritus
3060 2304 3363 2377 adoptionis
3391 2306 3507 2375 ipse

1931 2398 2190 2468 intelligi,
2220 2408 2471 2467 tanquam
2507 2400 2561 2452 in
2599 2397 2791 2452 melius
2830 2404 3208 2451 commutatus.
3249 2396 3352 2451 Sed
3378 2398 3500 2465 quia

1908 2492 2178 2559 ‘spiritum
2221 2491 2522 2560 adoptionis
2567 2488 2825 2558 Spiritum
2881 2498 3125 2545 sanctum
3168 2490 3498 2559 accepimus,

1932 2599 2091 2652 quem
2109 2582 2391 2638 manifeste
2405 2583 2658 2646 ostendit,
2679 2598 2800 2636 cum
2814 2582 2946 2636 dicit
2969 2599 2981 2634 :
3004 2580 3122 2650 Ipse
3150 2579 3377 2648 Spiritus
3404 2588 3505 2632 tes-

1934 2672 2205 2726 timonium
2220 2672 2386 2724 reddit
2402 2672 2607 2741 spiritui
2626 2680 2824 2736 nostro,
2843 2678 3011 2724 restat
3034 2680 3092 2722 ut
3119 2669 3364 2737 spiritum
3394 2682 3505 2721 ser—

1934 2765 2123 2818 vitutis
2149 2764 2296 2823 illum
2322 2762 2684 2832 intelligamus
2709 2762 2793 2816 cui
2828 2761 3070 2816 serviunt
3090 2765 3510 2828 peccatores;ut

1934 2852 2382 2923 quemadmodum
2413 2852 2645 2921 Spiritus
2670 2858 2887 2905 sanctus
2915 2852 3160 2902 timorem
3188 2849 3377 2901 mortis
3399 2848 3488 2900 vin

1935 2944 2115 3008 cit,sic
2128 2945 2351 3013 spiritus
2364 2942 2769 3011 servitutis,.qui
2784 2949 3102 3009 potestatem
3119 2940 3283 2993 habet
3299 2939 3507 3001 mortis,

1936 3036 2179 3104 ejusdem
2212 3027 2643 3089 mortisterrore
2672 3048 2795 3088 reos
2825 3041 3035 3094 teneat,
3082 3038 3143 3084 ut
3182 3046 3238 3085 se
3267 3029 3332 3083 ad
3356 3029 3509 3082 Libe-

1938 3126 2135 3180 ratoris
2192 3124 2444 3179 auxilium
2500 3125 2729 3195 quisque
2782 3131 3099 3186 convertat,
3164 3122 3326 3176 etiam
3391 3121 3507 3189 ipso

1938 3215 2149 3268 diabolo
2181 3215 2367 3276 invito,
2397 3214 2489 3284 qui
2520 3228 2640 3267 cum
2670 3227 2884 3280 semper
2912 3212 2965 3265 in
3006 3220 3277 3279 potestate
3305 3209 3505 3262 habere

248 3303 412 3356 rium.
444 3300 596 3356 Sicut
618 3308 671 3355 et
694 3300 803 3366 ille,
834 3301 899 3355 de
920 3316 1027 3368 quo
1065 3299 1232 3353 refert
1263 3298 1510 3353 Michaeas
1548 3298 1829 3367 propheta,

1938 3307 2227 3361 desiderat.
2256 3306 2379 3360 Non
2401 3306 2555 3369 enim,
2577 3305 2673 3369 ait,
2693 3304 2961 3373 accepistis
2986 3304 3228 3370 spiritum
3251 3300 3510 3355 servitutis

257 3394 487 3464 spiritus
518 3394 749 3447 mendax
790 3393 903 3461 qui,
957 3407 1081 3446 cum
1111 3406 1143 3444 a
1191 3390 1315 3444 Deo
1348 3390 1547 3443 dictum
1602 3387 1832 3442 fuisset:

251 3484 387 3551 Quis
414 3485 620 3538 seducet
654 3485 781 3537 mihi
806 3482 1020 3536 Achab?
1048 3481 1344 3551 Respondit
1379 3498 1391 3533 :
1430 3479 1543 3549 Ego
1571 3478 1835 3532 seducunt.

252 3573 325 3627 Et
383 3575 516 3628 dixit
561 3574 815 3627 Dominus
859 3589 877 3626 :
916 3571 983 3625 In
1034 3572 1175 3641 quo?
1214 3572 1299 3623 Ait
1344 3570 1431 3623 ille
1470 3587 1489 3624 :
1528 3569 1632 3622 Ero
1679 3570 1837 3638 spiri-

253 3674 341 3719 tus
392 3664 615 3717 mendaa:
653 3662 707 3717 in
747 3679 834 3715 ore
884 3661 1113 3715 omnium
1161 3661 1529 3729 praphetarum
1588 3658 1735 3726 ejus,
1787 3666 1841 3710 et

251 3756 433 3811 dicam
467 3764 526 3809 ut
550 3755 805 3809 ascendat
835 3754 889 3806 in
939 3752 1159 3815 Galaad,
1198 3761 1251 3804 et
1294 3751 1366 3804 ibi
1400 3750 1575 3804 cadet.
1605 3748 1674 3801 Et
1707 3748 1839 3801 dixit

259 3848 547 3901 Dominus:
570 3846 751 3911 Vade;
778 3834 1011 3908 seduoes,
1038 3852 1084 3896 et
1113 3843 1322 3912 quidem
1347 3841 1533 3910 poteris
1563 3838 1679 3909 (III
1709 3837 1836 3908 Reg.

256 3947 415 4018 χχιι).
449 3945 538 4001 Sic
572 3961 699 4015 ergo
734 3945 897 3999 etiam
938 3943 1029 4001 bi.
1056 3942 1426 4010 quizdicuntur
1450 3939 1577 3993 mali
1600 3938 1838 4008 spiritus,

255 4035 492 4091 oﬂiciutn
543 4035 652 4089 Deo
700 4047 829 4102 erga
880 4045 1165 4100 pmnarum
1210 4030 1467 4083 exhibent
1519 4025 1838 4082 ministeria.

261 4128 404 4183 Sunt
430 4136 693 4197 praeterea
720 4135 775 4180 et
798 4125 886 4179 alii
908 4124 1148 4194 spiritus,
1166 4121 1234 4176 de
1254 4120 1449 4190 quibus
1474 4119 1605 4173 dicit
1632 4117 1800 4171 David
1824 4133 1836 4169 :

260 4217 331 4273 In
343 4218 531 4287 spiritu
556 4215 777 4275 violento
800 4223 1027 4267 conteres
1044 4227 1195 4266 naves
1214 4208 1426 4262 Tharsis
1449 4205 1621 4276 (Psal.
1640 4204 1836 4275 xnvu);

256 4318 317 4363 et
357 4308 571 4377 spiritus
597 4303 838 4375 procella:
880 4303 1161 4364 dicuntur,
1209 4309 1263 4354 et
1316 4298 1527 4368 spiritus
1572 4297 1778 4349 ardoris
1822 4309 1840 4346 :

260 4413 397 4467 quos
428 4404 605 4450 tamen
633 4409 733 4463 ego
764 4392 1070 4447 materiales
1110 4390 1279 4459 magis
1305 4402 1466 4455 quam
1496 4384 1843 4439 rationabiles

263 4489 485 4557 spiritus
509 4486 714 4540 dixero.
734 4483 848 4537 Tali
869 4481 1111 4552 igiturde
1128 4478 1482 4549 appellatione
1495 4477 1717 4546 Spiritus
1740 4477 1845 4531 dis-

262 4577 523 4631 tinctione
550 4573 849 4643 praemiSs-a,
880 4586 1021 4625 nunc
1060 4576 1255 4624 cratera
1276 4583 1690 4641 persequamur.
1708 4566 1842 4621 Cum

262 4676 439 4723 autem
463 4666 576 4719 ait:

339 4758 461 4812 Non
490 4756 627 4809 enim
676 4754 942 4823 accepistis
982 4752 1224 4820 spiritum
1275 4748 1534 4802 servitutis
1576 4748 1761 4799 iterum
1785 4748 1840 4815 in

211 4826 223 4835 .
262 4851 449 4903 timore
472 4861 489 4897 τ
527 4846 615 4898 sed
640 4845 907 4914 accepistis
932 4843 1171 4910 spiritum
1198 4839 1489 4909 adoptionis
1528 4836 1758 4907 ﬁliorum
1785 4840 1839 4891 in

262 4956 365 5009 quo
416 4939 728 4998 clamamus,
776 4932 921 4986 Abba
982 4928 1162 4987 Pater.
1215 4922 1839 5001 (A‘ug.)Evidentissime

262 5028 491 5083 duorum
543 5026 1011 5080 Testamentorum
1068 5021 1319 5076 distincta
1380 5028 1501 5074 sunt
1558 5031 1836 5088 tempora:

262 5118 395 5172 illud
424 5120 566 5172 enim
598 5118 663 5171 ad
695 5117 937 5170 timorem
990 5115 1253 5183 pertinet;
1303 5128 1497 5166 novum
1544 5120 1720 5166 autem
1769 5111 1836 5166 ad

264 5211 603 5263 charitatem.
634 5206 739 5261 Sed
768 5206 1030 5275 quaeritur
1055 5206 1175 5273 quis
1201 5205 1271 5258 sit
1288 5204 1509 5273 spiritus
1532 5201 1839 5257 servitutis?

263 5299 399 5354 Nam
447 5298 667 5367 spiritus
720 5295 1021 5364 adeptionis
1080 5293 1307 5347 filiorum
1358 5294 1539 5360 utique
1606 5292 1838 5360 Spiritus

266 5382 490 5446 sanctus
519 5397 618 5453 est.
665 5385 897 5455 Spiritus
934 5399 1063 5454 ergo
1090 5384 1363 5438 servitutis
1406 5384 1458 5435 in
1508 5383 1722 5445 timore,
1751 5382 1837 5435 ille

265 5493 351 5537 est
385 5482 477 5551 qui
503 5487 819 5551 potestatem
851 5477 1011 5530 habet
1044 5478 1252 5538 mortis,
1284 5476 1405 5546 quia
1430 5475 1481 5528 in
1507 5476 1622 5543 ipso
1648 5475 1835 5528 timore

184 5603 191 5607 ι
263 5587 364 5643 per
390 5581 553 5626 totam
582 5572 748 5625 vitam
802 5569 878 5623 rei
919 5578 1073 5623 erant
1111 5567 1381 5623 servitutis
1432 5565 1519 5633 qui
1572 5566 1671 5618 sub
1721 5564 1835 5632 lege

267 5662 529 5733 agebant,
577 5676 685 5715 non
719 5660 818 5714 sub
862 5658 1053 5728 gratia.
1095 5655 1205 5711 Nec
1246 5654 1551 5709 mirandum
1579 5660 1662 5707 est
1696 5650 1837 5720 quod

269 5767 390 5807 eum
420 5758 744 5820 acceperunt
768 5764 865 5820 per
892 5749 1125 5803 divinam
1159 5745 1543 5817 providentiam
1571 5742 1661 5811 qui
1701 5742 1839 5795 bona

267 5842 580 5912 temporalia
633 5841 1002 5902 sectabantur,
1043 5854 1168 5907 non.
1195 5839 1319 5908 quia
1363 5837 1527 5905 ipsius
1567 5834 1761 5890 estlcx
1787 5842 1843 5887 ct

586 5934 855 5994 Pnaon.
913 5933 1076 5993 CXI.

1938 3397 2122 3449 iterum
2148 3397 2201 3448 in
2225 3396 2426 3471 timore.
2458 3394 2595 3460 Quid
2622 3402 2702 3447 est
2727 3393 2954 3446 iterum?
2982 3391 3248 3460 quomodo
3275 3398 3510 3444 terrente
3559 3394 3589 3452 ᾖ

1939 3484 2324 3543 molestissimo
2358 3488 2664 3555 paedagogo.
2705 3485 2843 3551 Quid
2878 3494 2961 3538 est
2996 3483 3230 3536 iterum?
3277 3483 3418 3536 sicut
3454 3481 3507 3534 in

1939 3585 2123 3630 monte
2153 3576 2298 3633 Sina_
2313 3576 2601 3644 accepistis
2638 3573 2886 3643 spiritum
2913 3570 3210 3625 servitutis.
3244 3570 3396 3624 Dicet
3415 3568 3498 3622 ali.

1939 3668 2065 3737 quis
2094 3681 2108 3719 :
2139 3665 2290 3719 Alius
2320 3674 2404 3719 est
2437 3664 2656 3733 spiritus
2694 3662 2987 3725 servitutis,
3020 3659 3412 3727 aliusspiritus
3439 3658 3504 3710 li-

1938 3759 2186 3813 bertatis.
2208 3756 2262 3812 Si
2286 3757 2422 3811 alius
2446 3764 2610 3819 esset,
2627 3769 2731 3808 non
2754 3754 2955 3807 diceret
2976 3751 3262 3821 Apostolus
3286 3749 3506 3811 iterum;

1942 3851 2082 3903 idem
2112 3863 2238 3918 ergo
2268 3847 2519 3916 spiritus,
2556 3844 2647 3899 sed
2686 3846 2738 3898 in
2782 3842 2975 3897 tabulis
3017 3840 3238 3911 lapideis
3270 3841 3322 3893 in
3351 3840 3512 3893 timo-

1944 3956 2087 4004 rem;
2119 3941 2172 3993 in
2204 3937 2398 3991 tabulis
2424 3937 2602 3992 cordis
2632 3935 2681 3988 in
2714 3934 3073 3987 dilectionem.
3115 3930 3353 3985 Audistis
3379 3945 3513 3998 quo-

1941 4030 2099 4082 modo
2128 4029 2283 4096 longe
2318 4027 2545 4096 positam
2582 4024 2789 4093 plebem
2820 4035 3000 4085 voces,
3032 4022 3194 4089 ignis,
3226 4018 3421 4084 fumus,
3454 4020 3510 4073 in

1940 4129 2123 4173 monte
2162 4117 2473 4179 terrebant;
2512 4112 2780 4184 quomodo
2809 4120 2985 4187 autem
3017 4110 3237 4164 veniens
3277 4107 3510 4178 Spiritus

1944 4216 2161 4263 sanctus
2192 4204 2362 4275 igneis
2393 4202 2588 4273 linguis
2617 4217 2777 4271 super
2806 4212 3241 4268 unumquemque
3270 4198 3509 4266 discipu-

1942 4296 2117 4351 lor'um
2147 4294 2416 4349 inciderit.
2471 4291 2581 4361 lam
2619 4306 2747 4359 ergo
2784 4304 2889 4343 non
2936 4289 2989 4340 in
3033 4290 3260 4349 timore,
3314 4286 3408 4339 sed
3456 4285 3511 4338 in

1943 4389 2259 4453 dilectione,
2302 4395 2359 4441 ut
2392 4402 2500 4441 non
2530 4385 2702 4449 servi,
2749 4382 2844 4437 sed
2872 4380 2969 4435 ﬁlii
2998 4380 3187 4433 simus.
3236 4378 3335 4443 Qui
3365 4379 3509 4434 enim

1944 4486 2119 4539 adhuc
2153 4483 2273 4537 ideo
2301 4482 2438 4536 bene
2467 4480 2583 4544 ait,
2626 4478 2750 4547 quia
2778 4490 2995 4546 poenam
3026 4476 3215 4539 timet,
3259 4482 3313 4527 et
3344 4474 3510 4527 Deum

1944 4590 2049 4629 non
2087 4580 2234 4626 amat
2256 4576 2278 4637 ,'
2312 4571 2549 4625 nondum
2591 4576 2677 4623 est
2718 4568 2861 4621 inter
2889 4566 3053 4629 filios,
3090 4566 3293 4617 utinam
3333 4574 3509 4617 tamen

1862 4651 1916 4711 D
1942 4665 2026 4719 vel
2056 4679 2272 4734 ptenam
2298 4664 2501 4716 timeat.
2530 4660 2715 4714 Timor
2742 4673 2927 4713 servus
2953 4665 3058 4720 est,
3081 4640 3315 4710 charitas
3342 4653 3510 4707 libera

1945 4767 2045 4811 est.
2089 4755 2197 4809 Fac
2224 4753 2308 4808 vel
2346 4753 2539 4806 timore
2562 4766 2761 4820 pinnae,
2796 4749 2842 4803 si
2874 4749 3110 4803 nondum
3139 4753 3290 4815 potes
3328 4760 3512 4798 amore

1939 4848 2180 4917 iustitiae.
2237 4843 2427 4898 Veniet
2466 4841 2678 4895 domina
2717 4850 2778 4895 et.
2807 4855 2996 4894 servus
3044 4837 3330 4899 abscedet,
3383 4835 3508 4901 quia

1942 4944 2299 4992 consummata
2321 4933 2549 4986 charitas
2573 4932 2715 4999 foras
2738 4931 2891 4983 mittit
2912 4930 3146 4982 timorem
3164 4923 3215 4993 (1
3234 4924 3391 4977 Joan.
3410 4925 3504 4993 tv).

1945 5024 2155 5099 [Greg.]
2189 5024 2403 5078 Poudus
2443 5023 2620 5090 itaque
2650 5019 2947 5073 formidinis
2982 5030 3135 5070 mens
3171 5014 3327 5068 electi
3365 5023 3511 5082 post-

1942 5118 2141 5187 ponat,
2182 5116 2235 5168 in
2265 5115 2462 5168 virtute
2496 5127 2553 5166 se
2588 5110 2785 5164 amoris
2816 5113 3099 5169 exerceat,
3142 5104 3513 5158 renovationis

1942 5221 2051 5259 suae
2081 5204 2396 5274 dignitatem
2427 5201 2724 5264 desideret,
2768 5207 2823 5252 ct
2851 5198 2916 5250 ad
2947 5195 3239 5250 conditoris
3278 5194 3357 5247 sui
3390 5208 3511 5262 spe-

1942 5296 2077 5350 ciem
2097 5292 2314 5347 anhelct
2340 5309 2351 5345 :
2379 5305 2537 5370 quem
2566 5302 2844 5357 quousque
2878 5286 3185 5353 conspicere
3215 5297 3321 5336 non
3344 5282 3507 5343 valet,

1940 5384 2439 5452 aitcrnitatemcjus
2468 5396 2684 5436 necesse
2712 5389 2811 5440 est,
2843 5379 2893 5431 id
2926 5386 3027 5439 est,
3057 5375 3300 5429 intimum
3330 5375 3506 5427 cibum

1940 5491 2097 5529 suum
2127 5475 2369 5529 esuriens
2398 5480 2691 5541 exspectet.
2742 5467 2937 5539 (0rig.)
2966 5468 3236 5533 Scriptum
3265 5473 3345 5518 est
3372 5472 3423 5515 et
3452 5464 3507 5514 in

1944 5563 2205 5618 Malachia
2254 5563 2551 5631 propheta:
2592 5557 2763 5611 Filius
2813 5556 3126 5623 honori/icui
3174 5564 3410 5622 patrem,
3459 5560 3507 5602 et

1943 5669 2115 5707 servus
2144 5653 2407 5704 dominum
2439 5661 2633 5701 suum:
2665 5655 2712 5700 et
2742 5647 2787 5698 si
2819 5642 2981 5697 Pater
3008 5660 3121 5695 sum
3150 5658 3258 5709 ego,
3307 5638 3392 5690 ubi
3433 5649 3509 5707 est

1945 5742 2111 5796 honor
2140 5740 2327 5795 meus?
2359 5738 2428 5791 Et
2456 5738 2503 5790 si
2532 5736 2787 5789 Dominus
2825 5748 2936 5786 sum
2970 5748 3087 5800 ego,
3121 5730 3205 5782 ubi
3243 5737 3315 5780 cst
3353 5726 3510 5777 timor

1946 5833 2136 5887 meus?
2165 5830 2285 5884 dicit
2317 5829 2569 5883 Dominus
2596 5827 2936 5895 omnipotens.
2988 5822 3211 5875 Certum
3251 5824 3333 5870 cst
3370 5817 3517 5868 enim

2992 5911 3074 5970 M5
