3948 6300
497 343 629 399 1431

1138 335 1198 395 Β.
1241 328 1497 418 RABANI
1530 338 1749 399 MAURI
1786 338 2100 397 ARCHIEP.
2141 330 2450 397 MOGUNT.
2489 333 2773 399 OPERUM
2804 338 2983 398 PARS
3014 333 3103 397 Ill.

3622 347 3751 399 14δῖ

488 459 629 528 quod
676 460 816 513 ﬁlius
860 461 981 527 quis
1030 458 1125 512 Dei
1171 470 1266 526 per
1314 456 1622 527 adoptionis
1665 459 1913 529 spiritum
1957 458 2074 526 ﬁat,
2102 460 2152 521 Α
2180 455 2367 513 sumus
2406 457 2502 513 ﬁlii
2542 459 2673 524 Dei,
2724 469 3075 531 posteaquam
3123 460 3192 514 ah
3232 453 3434 528 spiritu
3483 455 3751 512 servitutis

486 566 677 606 servus
708 558 886 604 autem
931 547 1027 603 Dei
1070 564 1169 619 per
1209 550 1456 627 spiritum
1496 552 1789 607 servitutis.
1846 551 2063 606 Initium

486 656 616 711 ergo
658 636 924 693 serviendi
965 637 1117 704 Deo,
1165 639 1289 709 quia
1338 639 1547 693 initium
1594 642 1861 712 sapientia:
1909 641 2066 695 timor

489 732 714 789 Domini,
728 738 801 784 est
830 728 1003 801 (Psal.
1034 746 1132 796 ex;
1164 729 1309 784 Eccl.
1336 730 1403 801 ι),
1446 746 1544 801 per
1570 734 1817 803 spiritum
1857 726 2065 787 timoris

486 822 764 892 impletur,
806 836 927 876 cum
958 821 1212 892 parvulus
1241 822 1415 877 adhuc
1443 823 1564 892 quis
1591 825 1807 879 dicitur.
1836 823 1903 878 Et
1931 838 2061 893 par-

485 913 622 967 vulis
649 912 864 982 quidem
896 913 1218 984 paedagogus
1248 921 1331 967 est
1363 912 1548 968 timor.
1579 912 1733 968 Unde
1759 922 1813 969 et
1836 914 2062 983 Aposto-

486 1006 569 1060 lus
613 1007 678 1061 de
720 1005 811 1059 tali
836 1006 1082 1076 parvulo
1114 1004 1245 1059 dicit
1276 1002 1417 1077 (Gal.
1450 1006 1525 1077 IV)
1554 1025 1565 1061 :
1603 1005 1854 1071 Quandiu
1897 1008 2063 1061 hceres

480 1094 728 1167 parvulus
756 1104 864 1161 est,
912 1095 1043 1148 nihil
1072 1095 1249 1163 differt
1285 1112 1315 1148 a
1352 1111 1520 1160 servo,
1563 1112 1681 1149 cum
1719 1097 1784 1149 sit
1820 1095 2062 1149 dominus

480 1190 713 1241 omnium
740 1202 757 1239 .·
781 1187 871 1241 sed
893 1186 987 1239 sub
1011 1185 1268 1239 tutoribus
1291 1194 1364 1241 est
1387 1196 1432 1239 et
1455 1186 1881 1255 procuratoribus
1906 1200 2064 1255 usque

479 1278 548 1331 ad
582 1277 902 1346 prie/initum
934 1286 1134 1346 tempus
1165 1293 1196 1328 a
1226 1284 1413 1345 patre:
1455 1276 1529 1329 ita
1558 1285 1605 1330 et
1635 1293 1751 1343 nos,
1782 1292 1897 1330 cum
1923 1291 2063 1329 esse—

476 1384 592 1422 mus
630 1366 857 1438 parvuli,
889 1368 984 1421 sub
1016 1366 1280 1420 elementis
1309 1366 1468 1436 hujus
1496 1367 1680 1420 mundi
1717 1383 1923 1421 eramus
1951 1382 2063 1420 ser-

478 1462 690 1514 rientes.
745 1460 957 1527 Vides,
1006 1460 1302 1514 secundum
1360 1475 1673 1515 concessam
1724 1460 1825 1515 sibi
1872 1475 1903 1515 a
1952 1461 2064 1516 Deo

474 1551 797 1621 sapientiam
817 1589 833 1614 ,
864 1548 1064 1604 Paulus
1106 1549 1377 1619 quomodo
1419 1549 1640 1618 spiritus
1670 1549 1945 1604 servitutis
1971 1549 2065 1619 qui

475 1642 673 1693 dantur
696 1640 748 1693 in
773 1640 969 1694 timore
1000 1638 1088 1693 hic
1111 1646 1317 1693 tutores
1346 1638 1691 1708 parvulorum
1723 1646 1777 1694 et
1806 1654 2063 1709 procura-

475 1737 622 1783 tores
675 1727 1063 1799 appellaverit,
1122 1728 1212 1796 qui
1269 1742 1711 1797 unumquemque
1763 1736 2011 1781 nostrum
2044 1768 2059 1793 ,

2171 549 2227 607 in
2273 550 2580 621 adoptionis
2624 551 2876 620 spiritum
2920 548 3253 611 venerimus,
3302 562 3426 601 cum
3468 546 3585 617 jam
3621 546 3751 601 nihil

2173 642 2562 708 inestsimoris,
2588 643 2640 697 id
2661 651 2762 707 est,
2786 640 2920 697 nihil
2943 648 3162 711 propter
3182 644 3386 694 metum
3406 652 3585 708 prensa
3618 638 3750 717 geri-

2171 748 2314 798 mus,
2342 734 2435 789 sed
2462 742 2683 803 propter
2711 748 2953 788 amorem
2991 732 3165 803 patris
3196 737 3395 787 cuncta
3422 730 3747 799 perﬁcirnus.

2166 823 2287 895 Ipse
2327 841 2448 894 ergo
2478 822 2707 894 Spiritus
2741 825 3092 880 testimonium
3116 823 3284 877 reddit
3310 823 3523 891 spiritui
3554 835 3749 892 nostro,

2166 914 2305 984 quod
2350 929 2529 967 sumus
2576 912 2674 982 ﬁlii
2722 911 2843 966 Dei:
2888 911 3096 982 (Aug.)
3140 910 3258 966 Non
3302 910 3528 980 spiritus
3572 921 3751 967 noster

2166 1005 2539 1060 testimonium
2582 1003 2759 1059 reddit
2795 1002 3007 1079 spiritui
3033 1011 3221 1057 nostro
3260 1003 3386 1071 quia
3418 1019 3606 1058 sumus
3656 1003 3748 1060 ﬁlii

2166 1096 2284 1162 Dei,
2318 1098 2411 1152 sed
2461 1095 2697 1166 Spiritus
2748 1094 2845 1150 Dei
2896 1112 2910 1148 :
2962 1097 3124 1151 arrha
3166 1097 3342 1157 reddit
3386 1099 3749 1155 testimonium

2165 1200 2266 1257 pro
2291 1201 2353 1241 ea
2384 1199 2443 1239 re
2469 1200 2588 1254 qua:
2626 1184 2782 1240 nobis
2815 1185 3102 1254 promissa.
3156 1185 3385 1257 (Ambr.)
3417 1185 3564 1240 Bene
3588 1201 3747 1257 agen-

2167 1274 2312 1337 tibus
2354 1272 2556 1338 ncbis,
2597 1280 2650 1327 et
2690 1286 2787 1342 per
2832 1273 2935 1328 hoc
2976 1273 3150 1342 ipsum
3196 1285 3451 1328 manente
3496 1274 3551 1328 in
3600 1275 3748 1330 nobis

2168 1362 2371 1432 Spiritu
2404 1372 2613 1427 saneto,
2630 1363 2757 1419 huic
2780 1346 2896 1418 voci
2924 1372 2979 1418 et
3005 1364 3186 1418 animo
3216 1374 3407 1421 nostro
3425 1380 3536 1435 quo
3558 1364 3750 1420 clama-

2165 1469 2287 1509 mus
2330 1454 2384 1508 in
2426 1462 2673 1509 oratione
2710 1453 2882 1525 Abba,
2930 1455 2985 1510 id
3025 1465 3109 1510 est
3150 1455 3329 1521 Pater,
3384 1456 3619 1527 Spiritus
3660 1458 3748 1512 Dei

2167 1545 2541 1600 testimonium
2585 1546 2716 1613 dat,
2760 1546 2887 1601 dum
2930 1555 3115 1601 manet
3151 1548 3204 1601 in
3251 1548 3447 1611 nobis;
3499 1549 3745 1618 quoniam

2165 1650 2271 1690 non
2300 1643 2504 1691 temere
2531 1636 2761 1691 dicimus
2774 1635 2943 1701 Abba,
2963 1633 3140 1692 Pater.
3164 1638 3390 1708 Dignam
3418 1639 3564 1692 enim
3591 1639 3747 1692 vitam

2164 1728 2291 1783 huic
2325 1728 2444 1784 voci
2472 1729 2857 1793 exhibeamus;
2888 1736 2943 1782 et
2978 1728 3081 1783 hoc
3105 1738 3188 1783 est
3216 1730 3587 1784 testimonium
3620 1728 3748 1785 ﬁlio-

474 1821 644 1875 donec
674 1821 927 1891 parvulus
961 1826 1075 1885 est,
1110 1819 1405 1874 secundum
1439 1819 2059 1883 interioremhominem
2093 1812 2139 1875 Β
2168 1835 2308 1885 rum,
2356 1820 2401 1875 si
2444 1820 2497 1875 in
2543 1820 2624 1875 eis
2664 1835 2762 1890 per
2805 1819 3067 1889 Spiritum
3107 1820 3361 1875 videatur
3402 1822 3617 1891 signum
3661 1836 3748 1890 pa-

474 1910 525 1963 in
570 1911 762 1964 timore
793 1909 1094 1975 custodiat,
1132 1896 1415 1978 usquéquo
1457 1909 1525 1963 ad
1566 1910 1618 1964 id
1667 1909 1842 1964 aetatis
1882 1909 2064 1965 veniat

476 2018 578 2071 quo
609 2002 855 2073 spiritum
888 2001 1192 2071 adoptionis
1227 1999 1456 2055 ﬁliorum
1489 2010 1766 2057 mereatur
1789 2002 2059 2071 accipere,

474 2104 525 2150 et
546 2096 619 2150 sit
633 2095 744 2165 jam
769 2095 911 2149 ﬁlius
932 2111 994 2149 ac
1016 2096 1264 2150 dominus
1285 2096 1547 2171 omnium.
1575 2094 1766 2151 Omnia
1787 2097 1953 2163 enim,
1980 2096 2061 2151 il-

470 2186 607 2255 quit,
627 2196 793 2239 vestra
810 2196 949 2249 sunt,
972 2193 1045 2250 et,
1070 2202 1186 2238 cum
1209 2184 1417 2240 Christo
1439 2187 1586 2241 nobis
1604 2187 1743 2242 Deus
1766 2189 1941 2243 omnia
1965 2188 2061 2241 do-

470 2276 627 2330 navit.
662 2274 776 2331 Hoc
803 2290 931 2347 ergo
963 2283 1046 2330 est
1076 2275 1217 2344 quod
1243 2275 1401 2330 docet
1431 2276 1649 2343 Paulus,
1683 2279 1808 2347 quia
1839 2287 2057 2349 postea-

469 2385 627 2439 quam
652 2370 975 2425 commortui
1005 2384 1192 2424 sumus
1220 2368 1468 2436 Christo,
1498 2380 1554 2425 et
1582 2371 1817 2443 Spiritus
1842 2372 1958 2441 ejus
1978 2372 2060 2429 fa-

473 2467 588 2513 ctus
612 2468 695 2513 est
724 2459 777 2513 in
806 2460 985 2525 nobis,
1006 2476 1112 2514 non
1143 2461 1340 2515 iterum
1374 2462 1623 2529 spiritum
1656 2466 1935 2520 servitutis
1965 2483 2058 2522 ac-

471 2547 707 2616 cepimus
743 2547 795 2601 in
828 2548 1051 2615 timore,
1084 2550 1186 2604 hoc
1228 2559 1344 2615 est,
1387 2567 1495 2606 non
1524 2569 1732 2625 rursus
1762 2558 1969 2625 parvuli
2003 2567 2060 2613 et

469 2638 617 2692 initia
639 2638 900 2694 habentes
930 2639 1106 2695 eﬂ‘ecti
1126 2657 1334 2707 sumus,
1352 2644 1445 2697 sed
1468 2645 1622 2713 quasi
1646 2645 1870 2715 perfecti
1889 2648 2056 2702 semel

458 2726 572 2798 jam
624 2729 933 2799 accepimus
981 2730 1228 2799 spiritum
1279 2733 1608 2801 adoptionis,
1640 2736 1694 2787 in
1729 2753 1830 2805 quo
1868 2737 2052 2807 spiritu

465 2820 786 2884 clamamus,
827 2820 971 2874 Abba
1020 2817 1204 2875 Pater.
1255 2820 1441 2893 Neque
1483 2824 1625 2877 enim
1665 2833 1871 2893 patrem
1918 2826 2055 2882 alius

465 2912 587 2980 quis
620 2911 723 2965 nisi
745 2910 889 2965 ﬁlius
918 2920 1092 2965 vocat.
1128 2901 1309 2983 (Aug.)
1342 2913 1560 2968 Clamor
1601 2915 1701 2969 iste
1732 2917 1913 2971 cordis
1939 2926 2052 2985 est,

465 3018 571 3055 non
603 3001 872 3067 faucium,
914 3018 1022 3056 non
1064 3001 1333 3057 labiorum
1380 3022 1391 3057 :
1439 3005 1585 3061 intus
1616 3015 1801 3072 sonat,
1835 3008 2054 3063 auribus

463 3094 557 3149 Dei
580 3101 754 3149 sonat.
776 3094 970 3151 Clauso
992 3110 1086 3150 ore
1108 3095 1371 3166 labiisque
1394 3086 1652 3163 immotis,
1677 3099 1921 3155 Susanna
1950 3100 2053 3155 ista

2167 1918 2399 1965 ternum.
2417 1906 2473 1965 Si
2495 1922 2664 1965 autem
2679 1910 2801 1979 lilii,
2826 1922 2872 1965 et
2887 1910 3142 1977 hwredes,
3156 1912 3386 1966 hwredes
3406 1913 3614 1982 quidem
3633 1912 3743 1981 Dei,

2168 2000 2467 2062 cohmredes
2512 2012 2685 2055 autem
2727 2002 2944 2057 Christi.
2990 2002 3184 2074 (Orig.)
3226 2002 3325 2058 Hic
3355 2002 3468 2071 jam
3514 2004 3747 2075 syllogis-

2165 2108 2315 2147 mum
2367 2094 2537 2149 nectit
2576 2093 2894 2164 Apostolus,
2940 2103 2997 2149 et
3042 2094 3191 2149 dicit.
3242 2094 3297 2148 Si
3365 2094 3614 2163 spiritum
3654 2096 3742 2147 ad.

2154 2186 2398 2257 optionis
2446 2187 2794 2256 accepimus,
2827 2202 2956 2256 ergo
3004 2186 3099 2240 lilii
3142 2202 3348 2241 sumus.
3380 2186 3533 2252 Quod
3574 2188 3617 2241 si
3657 2186 3745 2241 lilii

2162 2295 2380 2347 sumus,
2411 2280 2529 2335 sine
2573 2280 2735 2335 dubio
2778 2288 2834 2335 et
2875 2279 3137 2335 haeredes:
3178 2278 3481 2334 Mercedem
3523 2293 3747 2348 namque

2162 2391 2350 2431 servus
2396 2381 2693 2444 exspectat,
2736 2373 3106 2429 haereditatem
3142 2381 3328 2427 autem
3364 2371 3509 2427 ﬁlius
3549 2379 3741 2443 sperat.

2161 2466 2230 2520 Et
2256 2480 2444 2519 rursus
2468 2463 2609 2517 aliud
2634 2463 2782 2518 addit
2806 2462 3167 2518 conclusionis
3193 2472 3542 2534 augmentum
3581 2481 3594 2515 :
3620 2461 3745 2517 Hc-

2163 2557 2306 2611 redes
2331 2552 2539 2626 quidem
2564 2554 2682 2619 Dei,
2711 2556 3005 2608 cohaeredes
3032 2564 3205 2607 autem
3246 2553 3465 2609 Christi.
3517 2556 3744 2625 (Arnim)

2160 2643 2294 2699 Cum
2334 2644 2476 2700 Deus
2514 2642 2676 2697 Pater
2728 2641 2874 2697 nullo
2917 2642 3077 2697 modo
3121 2651 3367 2697 mortuus
3410 2643 3580 2712 possit
3612 2643 3740 2709 dici,

2160 2734 2409 2791 Christus
2438 2734 2606 2789 Filius
2629 2732 2745 2802 ejus
2774 2742 3018 2789 mortuus
3052 2733 3266 2788 dicatur
3300 2749 3466 2789 causa
3501 2734 3739 2817 iucprna-

2164 2825 2480 2896 tionis,quid
2501 2834 2585 2880 est
2604 2834 2662 2880 ut
2685 2825 2890 2897 hic,qui
2913 2834 3155 2880 mortuus
3174 2834 3275 2892 est,
3293 2841 3510 2897 semper
3525 2828 3743 2881 viventis

2159 2918 2335 2972 haeres
2354 2932 2473 2973 esse
2495 2919 2721 2982 dicatur,
2741 2935 2864 2973 cum
2888 2919 3126 2974 baeredes
3147 2921 3334 2989 utique
3357 2937 3465 2975 non
3487 2923 3589 2977 nisi
3612 2938 3742 2975 mor-

2164 3015 2375 3062 tuorum
2402 3007 2556 3061 sint?
2584 3006 2690 3062 Sed
2720 3008 2835 3063 haec
2855 3023 3017 3063 causa
3040 3008 3395 3065 humanitatis
3416 3025 3524 3065 non
3554 3010 3738 3065 divini-

2162 3098 2293 3153 tatis
2338 3104 2441 3153 est.
2495 3095 2629 3151 Nam
2674 3097 2817 3167 apud
2862 3097 3031 3151 Deum
3078 3113 3199 3167 qua:
3244 3100 3388 3168 apud
3438 3116 3542 3154 nos
3584 3100 3740 3155 barre-

464 3200 597 3240 voee
609 3184 879 3240 clamabat
900 3185 1061 3255 (Dan.
1082 3184 1202 3256 xu).
1227 3162 1334 3241 Cor
1356 3188 1571 3252 clamet,
1593 3162 1752 3243 Pater
1775 3200 1949 3244 noster
1966 3191 2056 3260 qui
2083 3162 2130 3227 (ἶ
2162 3187 2305 3242 ditas
2331 3186 2551 3253 dicitur,
2576 3162 2775 3242 donum
2795 3188 2964 3257 patris
2993 3188 3047 3242 in
3074 3162 3212 3244 ﬁlios
3226 3162 3554 3246 obedientes
3580 3200 3742 3247 trans-

464 3297 516 3334 es
548 3282 601 3334 iu
634 3280 796 3335 caelis.
831 3279 1010 3347 Quare
1039 3298 1146 3336 non
1178 3291 1387 3337 tantum
1414 3282 1614 3338 Pater?
1640 3286 1780 3352 Quid
1808 3287 1911 3342 sibi
1943 3288 2059 3342 vult

466 3371 612 3425 Abba
646 3370 854 3428 Pater?
884 3371 941 3427 Si
973 3374 1116 3426 enim
1144 3389 1354 3443 quaeras
1390 3375 1518 3444 quid
1547 3377 1615 3430 sit
1643 3377 1797 3444 abba,
1832 3393 2055 3448 respon-

465 3462 622 3519 detur
651 3462 781 3527 tibi,
813 3473 977 3532 pater.
1008 3465 1157 3518 Abba
1189 3465 1331 3519 enim
1367 3464 1628 3521 Hebraice
1655 3477 1802 3535 pater
1828 3467 2050 3528 dicitur.

467 3554 645 3619 Quare
684 3562 975 3623 utrumque
1007 3555 1173 3609 voluit
1203 3555 1493 3625 Apostolus
1522 3559 1766 3627 ponere?
1804 3558 1941 3626 Quia
1969 3561 2050 3615 vi-

466 3643 631 3696 debat
665 3642 898 3712 lapidem
930 3644 1246 3714 angularem
1277 3661 1437 3714 quem
1468 3649 1896 3717 reprobaverunt
1924 3650 2053 3704 ξεᾶί-

468 3735 719 3799 ﬁcantes,
746 3744 801 3789 et
832 3735 1008 3791 factus
1037 3746 1121 3791 est
1158 3738 1211 3791 in
1249 3747 1411 3807 caput
1451 3739 1631 3808 anguli
1666 3738 1839 3810 (Psal.
1866 3756 2047 3809 cxvn;

467 3823 657 3877 Matth.
696 3825 837 3895 xm),
866 3842 970 3879 non
1004 3826 1119 3881 sine
1148 3842 1312 3881 causa
1341 3827 1651 3898 angularem
1684 3829 1908 3896 dictum,
1944 3830 2051 3886 nisi

466 3916 591 3985 quia
609 3917 660 3970 in
679 3917 921 3971 osculum
952 3918 1143 3988 recipit
1164 3928 1452 3989 utrumque
1475 3922 1739 3990 parietem
1755 3924 1821 3978 de
1835 3924 2051 3979 diverso

465 4010 793 4063 venientem.
836 4009 972 4063 Hinc
1002 4010 1362 4073 circumcisio,
1388 4010 1509 4064 inde
1539 4013 1892 4080 praeputium;
1926 4014 2050 4069 inde

465 4098 625 4165 abba,
650 4098 773 4152 inde
802 4109 988 4168 pater;
1011 4100 1275 4168 parietum
1307 4100 1618 4165 concordia,
1645 4103 1824 4171 anguli
1856 4104 2044 4173 gloria.

466 4192 694 4263 (Ambr.)
721 4190 909 4246 Gratia
932 4206 1061 4263 ergo
1092 4193 1187 4246 Dei
1218 4208 1246 4245 a
1277 4193 1469 4248 timore
1501 4194 1712 4250 liberati
1741 4199 2049 4267 accepimus

465 4284 715 4352 spiritum
757 4284 1061 4352 adoptionis
1091 4283 1354 4352 ﬁliorum,
1387 4294 1447 4340 ut
1479 4286 1888 4344 considerantes
1917 4289 2046 4358 quid

463 4389 697 4437 eramus,
726 4376 929 4444 etquid
960 4375 1099 4430 dono
1129 4375 1223 4429 Dei
1253 4392 1439 4431 sumus
1469 4378 1665 4447 adepti,
1700 4394 1894 4449 magna
1920 4397 2045 4435 cum

463 4466 739 4535 diligentia
769 4467 936 4519 vitam
972 4475 1214 4521 nostram
1243 4460 1555 4522 ordinemus
1582 4484 1593 4520 :
1622 4485 1689 4524 ne
1722 4486 1915 4524 nomen
1948 4471 2045 4525 Dei

460 4553 641 4609 Patris
674 4556 729 4608 in
761 4556 915 4610 nobis
947 4554 1200 4623 injuriam
1236 4556 1491 4625 patiatur,
1525 4564 1579 4611 et
1616 4572 1677 4611 ea
1712 4560 1893 4613 omnia
1922 4576 2043 4629 qua}

462 4648 754 4711 evasimus,
786 4647 949 4703 veluti
980 4648 1175 4718 ingrati
1205 4647 1715 4703 curramus..'l‘alem
1746 4651 1888 4704 enim
1919 4667 2043 4721 gra-

463 4740 590 4793 tiam
614 4740 889 4794 consecuti
912 4754 1116 4806 sumus,
1141 4750 1200 4794 ut
1218 4742 1511 4795 audeamus
1530 4742 1707 4797 dicere
1722 4742 1850 4809 Deo,
1871 4744 2035 4812 Abba,

460 4832 511 4885 id
536 4839 618 4886 est
647 4832 830 4900 pater!
868 4832 1097 4901 ideoque
1133 4844 1469 4899 commonet,
1502 4849 1570 4887 ne
1600 4844 1817 4905 accepta
1841 4834 2039 4889 ﬁducia

460 4922 515 4977 in
539 4924 896 4977 temeritatem
917 4934 1176 4979 vertatur.
1204 4924 1259 4978 Si
1281 4926 1422 4980 enim
1450 4926 1576 4980 huic
1597 4928 1736 4992 voci,
1762 4942 1867 4996 qua
1906 4928 2040 4981 dici-

459 5034 603 5083 mus,
630 5016 775 5071 Abba
806 5017 986 5082 Pater,
1010 5018 1325 5073 dissimilem
1353 5020 1519 5074 vitam
1549 5021 1925 5087 exhibeamus,
1962 5022 2044 5075 in-

454 5107 653 5178 juriant
689 5112 797 5166 Deo
826 5111 1087 5177 facimus,
1115 5121 1369 5167 vocantes
1406 5127 1527 5167 eum
1568 5122 1797 5181 patrem.
1838 5114 2043 5168 Idcirco

460 5205 602 5259 enim
626 5204 868 5259 bonitate
889 5220 989 5258 sua
1008 5206 1110 5259 hoc
1132 5204 1287 5259 nobis
1332 5205 1565 5269 indulsit,
1596 5206 1739 5275 quod
1767 5220 1927 5274 super
1949 5221 2044 5259 na-

462 5306 635 5350 turam
662 5304 1035 5359 nostramest';
1051 5303 1110 5349 ut
1129 5294 1271 5365 quod
1285 5295 1583 5351 substantia
1608 5295 1809 5367 indigni
1834 5311 2038 5357 sumus.

460 5388 713 5455 operibus
738 5402 1063 5441 mereamur.

531 5476 651 5546 Ipse
701 5477 926 5548 Spiritus
970 5479 1322 5533 testimonium
1368 5479 1536 5533 reddit
1581 5480 1791 5550 spiritui
1837 5490 2033 5547 nostro,

459 5567 598 5638 quod
630 5584 808 5622 sumus
835 5568 933 5636 ﬁlii
967 5568 1077 5635 Dei.
1127 5566 1322 5639 (0rig.)
1359 5568 1478 5637 Ipse
1519 5586 1648 5640 ergo
1686 5570 1908 5640 spiritus
1943 5572 2038 5626 ad-

460 5663 694 5731 optionis
730 5678 826 5732 per
865 5679 1024 5732 quem
1051 5663 1104 5716 in
1130 5660 1298 5717 ﬁlium
1342 5663 1461 5731 quis
1500 5664 1815 5733 adoptatur,
1863 5665 2038 5719 reddit

462 5755 857 5810 testimonium.
910 5762 963 5809 et
1005 5752 1289 5811 confirmat
1332 5753 1581 5823 spiritum
1630 5762 1874 5810 nostrum
1909 5756 2035 5825 quia

2072 4515 2126 4578 D

2162 3276 2362 3344 fusum,
2404 3284 2464 3331 ut
2498 3277 2654 3332 vivus
2689 3277 2922 3333 viventis
2964 3278 3139 3333 breres
3178 3278 3250 3333 sit
3284 3280 3484 3334 merito
3509 3281 3736 3350 proprio,

2160 3384 2269 3424 non
2297 3369 2620 3426 necessitate
2647 3368 2906 3423 defuncti.
2940 3368 3091 3423 Unde
3116 3378 3171 3423 et
3194 3370 3457 3423 Dominus
3485 3371 3542 3423 in
3570 3370 3737 3424 Evan-

2162 3460 2300 3529 gelio
2340 3476 2448 3514 non
2487 3460 2657 3529 magis
2700 3460 2936 3512 humana
2977 3474 3139 3527 quam
3188 3460 3370 3514 divina
3417 3461 3626 3515 ratione
3664 3462 3737 3515 vi-

2160 3552 2601 3609 vamviventibus
2622 3552 2979 3607 substantiam
3000 3568 3151 3607 suaru
3172 3554 3433 3622 partitum
3457 3569 3598 3618 esse,
3620 3554 3736 3608 licet

2160 3646 2213 3699 in
2238 3643 2495 3714 parabola
2532 3644 2890 3713 signiﬁcavit;
2922 3658 3021 3697 nec
3055 3644 3198 3697 enim
3222 3644 3483 3713 parabola
3513 3645 3735 3699 absurda

2160 3739 2368 3792 ratione
2402 3738 2763 3807 componitur.
2798 3735 2869 3791 Ut
2902 3750 3030 3805 ergo
3064 3746 3345 3807 promptos
3389 3752 3491 3791 nos
3522 3738 3587 3791 ad
3614 3739 3735 3791 obe-

2160 3828 2412 3884 diendum
2458 3828 2569 3881 Deo
2624 3826 2770 3879 Patri
2810 3825 3054 3892 faceret,
3118 3826 3221 3880 hac
3272 3841 3370 3895 spe
3420 3828 3734 3880 exhortatur

2158 3920 2342 3975 dicens
2380 3918 2475 3973 Dei
2516 3934 2615 3973 nos
2654 3917 2863 3973 futuros
2898 3917 3170 3984 lueredes,
3211 3918 3524 3973 cohzeredes
3560 3930 3730 3970 autem

2156 4011 2389 4077 Christi;
2418 4019 2479 4064 ut
2504 4010 2628 4081 quia
2658 4026 2851 4079 magna
2880 4024 3004 4078 spes
3027 4009 3230 4079 praemii
3258 4016 3364 4073 est,
3394 4017 3545 4063 tanto
3570 4007 3731 4076 magis

2154 4103 2209 4157 in
2253 4102 2349 4157 Dei
2392 4104 2554 4157 rebus
2598 4100 2981 4172 propensiores
3026 4115 3301 4165 essemus,
3346 4109 3729 4169 postponentes

2154 4209 2340 4249 curam
2388 4193 2803 4247 mundanorum.
2865 4190 3004 4257 Quid
3049 4192 3119 4246 sit
3166 4199 3348 4245 autem
3397 4191 3726 4246 cohaaredem

2151 4299 2272 4341 esse
2313 4284 2433 4339 Filii
2480 4283 2573 4337 Dei
2609 4284 2675 4337 ab
2721 4282 2968 4351 apostolo
3012 4280 3219 4336 Joanne
3260 4282 3547 4347 docemur;
3594 4284 3729 4336 inter

2153 4386 2346 4433 caetera
2383 4380 2527 4431 enim
2563 4376 2680 4430 ait:
2722 4374 2933 4428 Scimus
2961 4374 3206 4445 quoniam
3247 4390 3366 4427 cum
3411 4373 3723 4443 apparuerit,

2151 4468 2346 4524 similes
2384 4469 2431 4522 ei
2470 4468 2662 4520 erimus
2695 4464 2747 4537 (Ι
2785 4464 2947 4518 Joan.
2984 4464 3090 4535 ιιι).
3139 4463 3336 4535 [Ofig.]
3382 4464 3488 4518 Sed
3535 4474 3588 4517 et
3630 4465 3725 4517 hoc

2152 4560 2311 4617 modo
2354 4560 2527 4614 hmres
2566 4558 2686 4627 quis
2727 4556 2958 4611 edicitur
2995 4555 3111 4622 Dei,
3153 4570 3275 4609 cum
3317 4569 3438 4624 quae
3476 4556 3572 4609 Dei
3608 4562 3729 4627 sunt

2152 4660 2427 4706 mereatur
2472 4650 2751 4718 accipere,
2799 4648 2855 4701 id
2898 4656 3010 4712 est,
3060 4646 3484 4717 incorruptionis
3530 4656 3583 4701 et
3626 4647 3721 4699 im-

2150 4740 2496 4797 mortalitatis
2519 4739 2766 4809 gloriam,
2786 4739 3085 4798 thesauros
3111 4737 3390 4807 sapientiaa
3414 4745 3473 4790 et
3495 4736 3722 4789 scicntia-

2151 4831 2485 4895 reconditos;
2510 4831 2751 4884 cohaeres
2773 4842 2901 4881 vero
2925 4826 3147 4891 Christi,
3174 4843 3298 4881 cum
3326 4825 3726 4881 transformabit

2148 4940 2344 4995 corpus
2388 4922 2707 4979 humilitatis
2754 4927 2954 4974 nostrae
2998 4917 3275 4972 conforme
3313 4919 3527 4987 corpori
3567 4916 3718 4971 clari-

2156 5019 2283 5074 tatis
2308 5034 2452 5083 suee,
2499 5016 2594 5072 sed
2628 5024 2684 5070 et
2720 5029 2841 5069 cum
2871 5012 3001 5067 illud
3026 5011 3255 5082 adipisci
3280 5011 3561 5074 meruerit,
3587 5007 3720 5078 quod

2153 5110 2289 5165 dixit
2333 5110 2447 5178 ipse
2489 5108 2736 5162 Salvator
2762 5124 2774 5160 :
2803 5102 2994 5169 Pater,
3030 5104 3145 5158 volo
3185 5111 3240 5156 ut
3270 5102 3358 5155 ubi
3386 5118 3479 5172 ego
3505 5116 3639 5161 sum,
3673 5108 3718 5153 et

2150 5200 2237 5253 isti
2278 5198 2380 5253 sint
2426 5214 2625 5251 mecum
2658 5194 2841 5265 (loan.
2878 5192 3034 5263 xvii).
3100 5192 3197 5247 Est
3236 5198 3500 5262 praeterea
3541 5198 3595 5243 et

2150 5290 2387 5361 dignitas
2437 5288 2779 5343 cohmredum
2825 5284 3069 5351 Christi,
3120 5282 3262 5353 quod
3310 5282 3471 5337 Pater
3512 5280 3718 5351 quidem

2150 5397 2314 5437 omne
2346 5380 2609 5452 judicium
2652 5378 2798 5434 dedit
2833 5376 2987 5431 Filio.
3035 5375 3143 5431 Seu
3177 5383 3233 5430 et
3274 5372 3448 5429 Filius
3489 5373 3616 5427 dicit
3654 5368 3718 5423 ad

2148 5476 2459 5530 cohaeredes
2496 5488 2657 5529 suos:
2704 5470 2962 5527 Sedebitis
2998 5480 3046 5524 et
3090 5486 3178 5524 eos
3219 5485 3378 5537 super
3414 5466 3561 5522 sedes
3597 5466 3717 5517 duo-

2148 5566 2341 5631 decim,
2352 5564 2652 5635 judicantes
2677 5561 2951 5617 duodecim
2978 5560 3144 5615 tribus
3165 5556 3340 5614 Israel
3353 5555 3570 5630 (Matth.
3587 5554 3713 5622 xu).

2149 5659 2215 5712 Et
2258 5659 2359 5713 hoc
2405 5658 2567 5713 modo
2593 5655 2901 5711 eohaeredes
2941 5670 3068 5711 suos
3116 5651 3365 5708 Christus
3408 5668 3516 5707 non
3557 5649 3715 5703 solum

2149 5755 2202 5808 in
2255 5762 2463 5821 partem
2512 5749 2842 5808 lnereditatis
2868 5788 2884 5820 ,
2944 5748 3040 5805 sed
3078 5748 3244 5831 etiam
3294 5748 3353 5803 iu
3397 5744 3714 5803 consortium
