3948 6366
209 429 351 489 1453

1639 24 2750 68 Wﬁﬁz?
2761 29 2782 32 Μ
2795 24 2822 32 Ἵ-

1614 59 1652 70 ._
1671 59 1722 68 -.__
1807 49 2062 68 m__,,_-
2083 59 2112 64 ._..
2139 59 2158 62 ..
2187 51 2190 54 ~
2221 59 2268 65 -_.
2331 49 2448 64 __.'__.
2469 45 2628 63 ___'__'._
2639 49 2826 65 __-—-

773 414 1319 480 ENARRATIONUM
1356 414 1423 470 IN
1458 413 1604 470 EPP.
1643 411 1826 469 PAUL

1917 409 2018 469 .IB.
2061 412 2126 470 ν.
2165 441 2236 453 -
2271 408 2337 465 IN
2373 404 2591 465 EPIST.
2631 402 2723 457 AD
2758 399 2922 458 ΗΘΜ.

3319 395 3457 450 1454

210 538 494 615 potestatis
516 534 729 591 adduett
753 551 766 587 :
791 531 1040 588 Si'lamen
1061 528 1462 599 compatiamur,
1488 533 1542 578 ut
1565 531 1612 578 et
1633 522 1792 578 simul
1818 527 1873 590 Α
1895 523 2078 580 saeculi
2114 523 2282 578 vitam
2322 519 2568 582 credens,
2603 515 2789 615 inqua
2828 524 2886 566 se
2923 515 3105 615 sperat
3127 508 3460 615 coheredem

212 613 579 705 gloriﬁcentur.
628 625 962 695 Compalitur
995 621 1210 676 Chrile
1252 618 1344 689 qui
1376 615 1546 672 dicit:
1588 613 1792 668 Christo

214 717 594 787 concruciﬁxus
634 733 748 770 sum
783 714 927 769 cruci
969 711 1120 783 (Gal.
1162 711 1264 780 ιι);
1303 716 1357 763 ct
1391 725 1402 761 :
1449 705 1572 761 I'ivo
1620 714 1792 758 autem

205 813 321 882 jam
362 823 464 861 non
510 823 632 877 ego,
682 804 799 860 vivit
842 819 961 857 vero
989 801 1223 855 Christus
1263 799 1316 852 in
1352 812 1434 850 me
1478 792 1697 865 (Ibid.);
1739 799 1794 847 ct

211 901 408 954 iterum
451 898 542 969 qui
595 896 725 951 dicit
767 912 780 948 :
829 893 886 948 Si
931 891 1233 947 commortui
1282 903 1484 950 sumus,
1531 895 1579 940 et
1620 884 1794 938 convi-

211 1007 388 1046 vemus
411 1007 428 1044 :
453 991 499 1042 si
523 987 886 1066 compatimur,
912 994 959 1039 et
983 981 1409 1060 conregnabimus
1435 977 1485 1050 (1
1491 976 1516 1030 Ι
1546 976 1677 1032 Tim.
1705 975 1790 1045 ιι);

211 1083 301 1138 vel
359 1083 522 1136 etiam
582 1078 672 1148 qui
730 1078 909 1132 dicere
966 1081 1145 1144 potest
1193 1071 1393 1154 :'Quia
1437 1068 1577 1140 quod
1617 1067 1794 1122 deerat

212 1172 516 1245 passionum
558 1168 754 1223 Christi
797 1166 963 1236 repleo
1006 1165 1060 1219 in
1108 1178 1320 1233 corpore
1376 1176 1489 1214 meo
1540 1156 1676 1230 (Col.
1726 1156 1788 1226 ι).

218 1258 456 1332 [Ambr.]
482 1257 729 1328 Campati
754 1267 838 1312 est
864 1255 1268 1326 persecutiones
1305 1250 1539 1305 tolerare
1572 1253 1792 1317 prOpter

215 1367 366 1422 spem
413 1351 713 1406 futurorum
734 1391 749 1417 ,
792 1361 1119 1416 carnemque
1145 1342 1462 1413 cruciﬁgere
1499 1354 1623 1422 eum
1651 1337 1795 1393 vitiis

214 1449 272 1496 et
313 1442 788 1512 concupiscentiis,
825 1440 926 1494 hoc
960 1445 1064 1502 est,
1105 1435 1429 1503 voluptates,
1476 1437 1531 1486 et
1572 1440 1795 1500 pompas

216 1532 402 1589 saeculi
453 1546 731 1604 aperuere.
796 1529 931 1585 Cum
992 1526 1136 1583 enim
1194 1539 1312 1580 nrec
1359 1521 1541 1578 omnia
1585 1527 1796 1574 mortua

216 1619 423 1676 fuerint
466 1622 606 1692 apud
650 1620 946 1687 hominem,
996 1614 1265 1688 cruciﬁgit
1305 1612 1586 1677 mundum,
1629 1606 1799 1662 futuri

1900 613 2098 670 Christi
2124 611 2383 667 futurum.
2408 609 2600 680 (θήρη
2633 603 2784 658 Sicut
2808 609 2986 656 autem
3012 597 3308 662 Christum,
3336 599 3462 668 quia

1899 706 2279 761 humiliaverat
2323 715 2379 757 se
2417 699 2588 770 factus
2638 695 2876 750 obediens
2917 703 3079 762 usq-ue
3119 689 3188 743 ad
3223 699 3462 754 mortem,

1897 804 2126 850 mortem
2149 800 2328 847 autem
2352 789 2528 846 erucis
2550 783 2716 859 (Phil.
2745 783 2832 853 ιι),
2858 779 3276 852 superexaltavit
3301 780 3464 842 Deus,

1898 895 1946 938 et
1994 882 2204 938 donavit
2238 879 2316 934 illi
2359 893 2542 932 nomen
2579 873 2718 946 quod
2756 881 2830 927 est
2874 884 3028 941 super
3062 885 3210 923 omne
3258 884 3460 930 nomen,

1898 979 1974 1033 ita
2013 986 2069 1030 et
2105 989 2200 1029 eos
2239 971 2332 1043 qui
2365 969 2580 1026 Christo
2605 962 3039 1034 compatiuntur,
3067 972 3120 1016 et
3156 959 3468 1029 passionum

1897 1065 2015 1136 ejus
2041 1065 2321 1120 imitantur
2345 1059 2664 1130 exemplum,
2712 1056 2854 1110 Deus
2888 1069 3011 1109 cum
3052 1052 3143 1108 illo
3184 1050 3386 1106 exaltat
3416 1050 3469 1103 in

1899 1158 2144 1230 gloriam.
2194 1155 2317 1210 Hzec
2358 1158 2588 1222 namque
2626 1149 2711 1204 via
2747 1157 2858 1214 est,
2905 1150 3065 1217 quam
3103 1142 3474 1200 cohaeredibus

1900 1251 2012 1308 suis
2035 1249 2280 1305 Christus
2305 1244 2534 1316 aperuit,
2563 1250 2623 1296 ut
2641 1255 2814 1310 neque
2839 1253 2904 1294 ex
2929 1236 3261 1302 fortitudine,
3294 1241 3471 1303 neque

1899 1355 1966 1396 ex
1994 1336 2274 1407 sapientia,
2300 1334 2393 1389 sed
2416 1347 2483 1386 ex
2510 1330 2810 1386 humilitate
2844 1328 3169 1391 exaltentur,
3192 1333 3247 1380 et
3281 1338 3348 1380 ex
3377 1324 3476 1378 tri-

1899 1431 2234 1488 bulationum
2262 1425 2521 1499 patientia
2535 1420 2879 1480 hereditatis
2899 1429 3115 1476 aeterna:
3137 1430 3474 1486 consequan-

1903 1531 1990 1577 tur
2017 1520 2266 1592 gloriam.

225 1740 3469 1789 ___________________.._________________.

1280 1865 1694 1990 LIBER
1772 1863 2444 2000 QUINTUS.

1603 2089 2101 2116 μ

624 2201 975 2270 SEQUITUR
1009 2198 1236 2258 CAPUT
1271 2199 1402 2256 VIII.

296 2291 560 2350 Existimo
590 2311 710 2364 ergo
750 2293 888 2364 quod
931 2309 1034 2346 non
1074 2301 1195 2346 sunt
1233 2291 1502 2360 condignae
1540 2289 1804 2360 passiones

222 2387 385 2457 hujus
429 2385 673 2455 temporis
703 2384 770 2436 ad
803 2383 1037 2451 futuram
1078 2381 1298 2452 gloriam
1337 2398 1453 2452 qua:
1497 2379 1807 2435 revelabitur

222 2479 282 2533 in
314 2478 483 2532 nobis.
522 2475 758 2548 (Ambr.)
798 2474 1115 2529 Exhortatio
1145 2475 1261 2529 htec
1286 2474 1352 2529 ad
1381 2475 1660 2543 superiora
1687 2488 1810 2542 per-

225 2570 384 2634 tinet,
408 2583 505 2639 per
525 2583 688 2638 quam
711 2566 946 2629 ostendit
973 2581 1139 2636 parva
1166 2581 1305 2630 esse,
1331 2581 1450 2635 quae
1474 2565 1561 2620 hic
1585 2572 1811 2636 possunt

225 2677 255 2716 a
289 2661 511 2732 perﬁdis
551 2659 815 2731 irrogari,
857 2655 926 2714 ad
963 2659 1423 2730 comparationem
1454 2659 1659 2713 decreti
1693 2674 1809 2712 mus

224 2753 374 2808 neris
395 2754 446 2806 in
477 2751 657 2806 futuro
695 2749 906 2806 szeculo.
936 2749 1224 2819 Propterea
1261 2749 1382 2821 [nos
1401 2747 1574 2821 jubet]
1601 2749 1666 2804 ad
1695 2763 1809 2803 om-

224 2846 316 2900 nia
335 2845 499 2900 exitia
525 2852 742 2914 paratos
762 2857 882 2896 esse
904 2841 1120 2905 debere,
1137 2841 1261 2910 quia
1284 2856 1477 2910 magna
1497 2854 1595 2909 pro
1619 2839 1705 2894 his
1725 2855 1811 2893 re-

224 2935 497 3006 promissa
521 2941 647 2989 sunt
673 2932 892 3003 praemia
928 2949 940 2985 :
973 2940 1031 2984 ut
1058 2930 1110 2983 in
1138 2929 1482 2984 tribulatione
1506 2929 1810 2984 consoletur

227 3043 286 3084 se
315 3029 547 3092 animus,
565 3035 620 3082 et
641 3042 736 3096 spe
757 3032 984 3080 crescat.
1001 3022 1134 3077 Nam
1159 3032 1215 3078 et
1239 3023 1519 3094 quosdam,
1545 3024 1652 3078 imo
1674 3021 1812 3077 mul-

228 3127 314 3173 tos
335 3118 534 3172 scimus
563 3132 660 3184 pro
687 3115 1042 3186 praesentibus
1082 3113 1246 3169 lucris
1265 3153 1279 3179 ,
1312 3115 1380 3170 ad
1406 3114 1676 3169 modicum
1704 3111 1809 3167 uti-

227 3222 335 3278 que
356 3205 673 3287 profuturis,
688 3221 849 3275 quam
876 3218 1096 3273 asperos
1115 3210 1169 3256 et
1191 3201 1353 3257 duros
1374 3203 1554 3258 subire
1578 3203 1809 3267 labores,

227 3307 285 3352 et
317 3299 383 3352 ad
413 3312 533 3367 qua:
561 3296 792 3352 tendunt
818 3294 1137 3363 aliquando,
1171 3292 1295 3362 quia
1326 3293 1438 3363 ipsa
1467 3292 1578 3346 vita
1609 3291 1814 3360 fragilis

229 3395 314 3442 est
341 3397 397 3440 et
421 3385 947 3456 incerta,pervenire
974 3399 1078 3439 non
1101 3392 1346 3452 possunt.
1366 3383 1551 3437 Nautze
1571 3397 1669 3450 pro
1690 3381 1814 3450 qui-

228 3477 334 3532 bus
381 3475 678 3531 commodis
726 3475 889 3529 tantis
930 3489 987 3529 se
1023 3473 1274 3543 procellis
1311 3480 1367 3527 et
1403 3472 1813 3542 tempestatibus

1830 2203 1879 2263 Β
1906 2211 2017 2252 suae
2040 2190 2530 2254 transformabitur,
2554 2195 2616 2244 ut
2636 2188 2732 2246 ﬁat
2755 2189 3034 2246 conforme
3060 2195 3272 2263 corpori
3299 2195 3488 2265 gloriae

1910 2283 2032 2338 Filii
2049 2281 2163 2346 Dei,
2181 2279 2582 2336 tribulationem
2597 2288 2920 2348 praesentem
2943 2296 3153 2337 momen
3162 2291 3371 2338 laneam
3388 2285 3487 2340 du-

1908 2372 1984 2429 cit
2006 2382 2059 2428 et
2078 2373 2250 2428 levem
2276 2389 2289 2424 :
2317 2370 2527 2441 pondus
2547 2378 2728 2425 autem
2754 2369 2950 2426 futura:
2971 2372 3153 2444 glorize
3171 2391 3358 2446 grave,
3377 2378 3481 2433 hoc

1908 2474 1993 2521 cst
2032 2481 2279 2535 magnum
2323 2463 2541 2534 deputat
2577 2472 2632 2518 et
2658 2471 2914 2518 aeternum
2947 2482 2959 2517 :
2991 2474 3043 2520 et
3074 2475 3276 2536 quanto
3311 2471 3482 2540 magis

1911 2555 2252 2624 multiplicari
2292 2554 2392 2609 sibi
2431 2554 2837 2610 tribulationum
2865 2556 3061 2610 viderit
3092 2573 3300 2626 ptenas,
3336 2570 3486 2617 tanto

1909 2648 2137 2718 amplius
2163 2647 2411 2718 intelligit
2428 2647 2529 2702 sibi
2550 2646 2759 2718 pondus
2781 2657 2834 2703 et
2863 2650 3281 2720 magnitudinem
3301 2655 3486 2723 gloria:

1909 2739 2188 2794 cumulari.
2215 2738 2364 2805 Quod
2384 2747 2563 2794 autem
2583 2739 2734 2805 dicit,
2752 2739 2834 2792 Ad
2851 2739 3086 2809 futuram
3099 2741 3342 2812 gloriam,
3366 2763 3484 2815 qute

1909 2831 2218 2886 revelabitur
2237 2833 2292 2885 in
2316 2833 2478 2897 nobis,
2503 2848 2663 2902 supra
2683 2833 2956 2904 jam-puto
2976 2834 3119 2905 quod
3153 2835 3483 2893 sufﬁcienter

1910 2925 2242 2981 ostendimus
2267 2925 2333 2980 de
2361 2924 2657 2980 differentia
2687 2925 3010 2997 gloriarum,
3049 2941 3169 2997 quin
3203 2928 3274 2982 sit
3313 2928 3483 3000 gloria

1913 3031 2031 3086 qua:
2053 3017 2164 3086 jam
2193 3015 2431 3070 revelata
2456 3023 2569 3080 est,
2596 3022 2650 3069 et
2675 3031 2794 3086 qua:
2821 3015 2892 3070 sit
2924 3031 3045 3086 qua:
3077 3017 3363 3073 revelanda
3392 3020 3483 3085 sit,

1913 3115 1969 3161 et
1997 3105 2264 3176 quomodo
2293 3120 2410 3174 quae
2438 3119 2582 3159 nunc
2608 3104 2854 3160 videmus
2891 3120 2989 3175 per
3009 3107 3304 3175 speculum,
3337 3108 3486 3164 vide-

1914 3210 2035 3250 mus
2090 3203 2145 3249 et
2183 3194 2237 3249 in
2265 3194 2578 3264 aenigmate,
2607 3201 2734 3248 tunc
2761 3203 2942 3249 autem
2985 3209 3108 3250 cum
3147 3197 3356 3260 venerit
3393 3197 3484 3252 Fi—

1915 3289 2018 3343 lius
2053 3287 2286 3343 hominis
2325 3287 2377 3341 in
2416 3286 2584 3355 gloria
2613 3285 2791 3342 Patris
2825 3295 2880 3342 et
2919 3296 3229 3343 sanctorum
3264 3290 3486 3358 angelo-

1915 3396 2057 3445 rum,
2093 3378 2390 3434 videbimus
2425 3377 2563 3434 facie
2590 3379 2658 3432 ad
2687 3379 2879 3465 faciem
2907 3378 2992 3450 (ΙΙ
3015 3379 3138 3434 Cor.
3169 3381 3312 3453 xm),
3346 3383 3486 3438 sicut

1916 3480 1971 3528 et
2012 3470 2247 3526 Joannes
2290 3471 2459 3536 dixit,
2507 3473 2631 3541 quia
2669 3471 2950 3526 videbimus
2987 3489 3104 3526 eum
3134 3474 3290 3527 sicuti
3324 3483 3399 3528 est
3433 3474 3485 3542 (I

229 3569 481 3634 credunt,
500 3583 622 3622 cum
653 3567 824 3622 sciant
847 3567 899 3620 in
926 3566 1012 3620 his
1032 3565 1203 3636 magis
1232 3571 1458 3618 mortem
1483 3571 1608 3618 ante
1633 3562 1815 3616 oculos
1843 3555 1888 3618 C
1917 3563 2076 3618 Joan.
2118 3563 2235 3634 ιιι).
2287 3561 2392 3618 Sed
2437 3571 2492 3617 et
2536 3563 2624 3618 illa
2674 3572 2856 3631 potest
2912 3565 3082 3619 videri
3144 3565 3312 3645 gloria
3367 3579 3488 3636 qua:

230 3673 355 3717 esse
388 3675 550 3729 quam
577 3659 780 3715 vitam?
811 3657 876 3711 Et
901 3656 1098 3711 milites
1126 3671 1220 3724 spe
1247 3654 1529 3725 prasentis
1583 3654 1811 3723 praemii,

231 3765 360 3805 cum
393 3750 599 3803 incerta
630 3747 855 3801 victoria
890 3745 998 3811 sit,
1051 3746 1106 3799 in
1151 3743 1354 3813 gladios
1383 3743 1662 3811 insurgere
1705 3758 1813 3797 non

234 3839 503 3896 dubitant.
531 3815 743 3904 Quanto
778 3850 907 3906 ergo
939 3834 1112 3904 magis
1140 3850 1238 3905 pro
1263 3833 1465 3888 Chris‘r
1505 3831 1814 3902 patiendum

235 3937 342 3994 est,
375 3928 528 3996 cujus
558 3927 723 3980 etiam
753 3924 1018 3995 protelata
1053 3933 1177 3978 sunt
1205 3924 1360 3978 nobis
1390 3921 1652 3977 beneﬁcia
1682 3936 1696 3976 :
1725 3921 1818 3990 qui

235 4035 339 4090 pro
373 4020 552 4088 parvis
588 4017 871 4088 magniﬁca
911 4024 964 4071 et
1000 4030 1100 4085 pro
1135 4015 1518 4086 temporalibus
1557 4022 1816 4084 perpetua

236 4110 465 4180 praemia
495 4125 618 4164 cum
648 4109 818 4180 gloria
849 4107 1150 4178 pollicetur.
1205 4105 1401 4178 (θήρ.)
1434 4105 1575 4160 Nihil
1601 4106 1817 4175 quidem

240 4202 464 4271 dignum
494 4199 724 4254 inveniri
756 4199 840 4253 vel
875 4198 1180 4268 comparari
1215 4199 1282 4251 ad
1318 4196 1553 4250 futuram
1593 4195 1817 4266 gloriam

237 4302 440 4364 potest.
470 4291 528 4344 In
556 4306 661 4360 quo
697 4291 840 4345 enim
867 4290 1094 4344 mortale
1120 4287 1510 4344 immortalibus
1535 4287 1819 4342 conferas?

241 4393 336 4438 aut
367 4381 669 4451 inyisilibus
700 4382 954 4444 visibilia,
989 4387 1082 4435 aut
1108 4380 1327 4434 aeternis
1358 4377 1695 4447 temporalia,
1725 4386 1820 4432 aut

241 4473 448 4528 caduca
477 4471 793 4541 perpetuis?
842 4470 899 4525 Si
939 4485 1058 4539 quae
1099 4478 1281 4523 tamen
1324 4471 1377 4524 in
1422 4469 1678 4538 praesenti
1713 4468 1822 4521 vita

239 4563 391 4619 velut
416 4563 662 4632 quaedam
687 4569 913 4632 pussunt
940 4563 1148 4617 semina
1173 4562 1356 4632 gloriae
1384 4561 1558 4630 colligi
1596 4561 1788 4616 futurae
1806 4600 1820 4624 ,

240 4653 371 4716 ista,
402 4653 641 4721 inquam,
669 4653 874 4707 semina
901 4667 968 4707 ex
999 4651 1433 4708 tribulationibus
1466 4659 1520 4706 et
1552 4651 1820 4719 passioni-

242 4744 346 4797 bus
378 4743 726 4814 colliguntur,
751 4745 888 4799 sicut
908 4757 963 4799 et
992 4746 1043 4798 in
1068 4745 1186 4799 aliis
1217 4745 1346 4799 dicit
1375 4746 1514 4799 idem
1538 4744 1824 4814 Apostolus

245 4834 334 4905 (ll
365 4834 486 4888 Cor.
517 4836 632 4907 iv):
681 4837 830 4901 Quod
866 4837 1001 4891 enim
1039 4837 1093 4891 in
1127 4838 1371 4907 pra'senti
1408 4845 1820 4890 momentancum

245 4934 322 4979 est
351 4935 399 4977 et
426 4925 529 4979 leve
562 4927 914 4980 tribulationis
942 4937 1160 4993 nostrae,
1189 4944 1348 4996 supra
1387 4927 1599 4981 modum
1640 4928 1694 4982 in
1727 4929 1824 4981 im-

245 5029 482 5066 mensum
507 5023 713 5069 (sternte
738 5015 918 5084 gloria:
937 5016 1138 5084 pondus
1166 5027 1408 5087 operatur
1438 5019 1494 5071 in
1523 5017 1686 5078 nobis,
1723 5035 1824 5073 non

248 5107 636 5175 respicientibus
683 5125 799 5178 qute
837 5109 1109 5174 videntur,
1155 5111 1243 5164 sed
1277 5127 1392 5180 quae
1427 5126 1528 5165 non
1568 5111 1825 5164 videntur.

248 5193 494 5249 Ostendit
511 5193 652 5248 enim
675 5210 773 5264 per
799 5197 912 5252 haec
938 5198 1079 5267 quod
1108 5199 1199 5266 qui
1223 5197 1309 5251 illa
1337 5197 1553 5266 respicit
1576 5214 1694 5266 quae
1720 5213 1828 5253 non

248 5281 499 5336 videntur
526 5293 579 5337 et
609 5291 810 5339 aeterna
838 5296 984 5352 sunt,
1008 5303 1220 5342 omnem
1257 5287 1657 5342 tribulationem
1685 5304 1831 5358 quie-

250 5385 464 5440 cuuque
509 5373 765 5429 acciderit
800 5377 878 5441 ei,
917 5380 1161 5445 quamvis
1195 5394 1332 5433 saeva
1355 5419 1369 5443 ,
1401 5381 1645 5448 quamvis
1668 5381 1824 5450 longa

249 5464 520 5531 videatur,
565 5477 995 5523 momentaneam
1041 5471 1186 5525 ducit
1233 5480 1286 5526 ct
1331 5472 1497 5525 levem
1546 5487 1559 5524 :
1611 5474 1824 5527 etiamsi

255 5558 541 5612 tormentis
566 5558 895 5626 subjiciatur,
920 5568 975 5613 et
999 5563 1220 5628 aculeis,
1251 5573 1304 5617 et
1334 5562 1561 5633 ungulis,
1596 5579 1661 5619 eo
1692 5574 1826 5619 tem-

249 5659 385 5716 pore
415 5660 524 5714 quo
555 5647 832 5719 suppliciis
857 5663 1054 5717 corpus
1083 5651 1354 5722 allligitur,
1401 5653 1447 5707 si
1486 5653 1715 5721 aspiciat
1757 5655 1826 5710 ad

254 5733 492 5791 futuram
527 5739 752 5808 gloriam
790 5757 908 5811 qua:
949 5742 1235 5797 revelanda
1268 5754 1381 5810 est,
1428 5755 1483 5800 et
1522 5747 1826 5802 consideret

183 5855 201 5874 δ
254 5829 524 5893 quomodo
543 5839 661 5899 post
685 5840 829 5887 tanta
851 5841 1114 5889 tormenta
1152 5852 1345 5906 corpus
1372 5837 1471 5892 hoc
1509 5820 1827 5894 humilitatis

1915 3653 2202 3707 revelanda
2231 3660 2314 3707 est
2355 3668 2476 3706 cum
2514 3653 2580 3708 de
2609 3653 2831 3724 singulis
2857 3654 3158 3724 quibusque
3187 3657 3491 3711 rationibus

1915 3742 2101 3797 mundi
2138 3742 2221 3796 vel
2259 3758 2446 3797 eorum
2474 3757 2592 3812 qua:
2620 3759 2781 3814 supra
2811 3745 3066 3800 mundum
3105 3755 3229 3800 sunt
3266 3747 3490 3816 incipiet

1915 3832 2159 3887 doctrina
2211 3834 2492 3903 cognosci,
2538 3841 2592 3889 et
2646 3835 2883 3890 thesauri
2933 3837 3210 3905 sapientia:
3259 3838 3374 3906 ejus
3425 3855 3491 3895 ac

1917 3923 2155 3978 scientia:
2189 3923 2435 3979 revelari.
2489 3923 2632 3977 Nam
2671 3929 2981 3996 exspectatio
3009 3937 3264 3982 creatura!
3292 3931 3490 3984 revela-

1917 4017 2110 4069 tionem
2159 4015 2391 4083 ﬁliorum
2441 4015 2538 4070 Dei
2592 4023 2873 4086 exspectat.
2936 4016 3180 4090 (Ambr.)
3230 4019 3494 4087 Quoniam

1919 4109 2200 4180 praesentis
2238 4109 2494 4179 temporis
2532 4111 2810 4181 passiones
2846 4094 3267 4181 indignas'dixit
3305 4115 3371 4166 ad
3411 4114 3494 4168 fu-

1921 4207 2098 4252 turam
2141 4199 2384 4268 gloriam,
2427 4197 2653 4266 subjecit
2695 4200 2834 4268 quod
2879 4209 3124 4255 creatura
3168 4202 3269 4257 hoc
3308 4217 3494 4273 exspe-

1918 4297 2048 4357 ctat,
2082 4297 2139 4341 ut
2162 4288 2495 4357 compleatur
2523 4303 2778 4344 numerus
2809 4289 3040 4344 ﬁliorum
3071 4290 3166 4345 Dei
3194 4280 3494 4348 destinatus

1921 4379 1987 4433 ad
2014 4379 2209 4444 vitam;
2241 4388 2299 4432 ut
2327 4388 2454 4434 tunc
2475 4381 2689 4434 demmn
2716 4382 2878 4436 etiam
2909 4382 3024 4452 ipsa
3052 4393 3296 4438 creatura
3325 4387 3497 4456 pussit

1921 4467 2140 4524 liberari
2169 4485 2200 4524 a
2230 4470 2489 4525 servitute
2514 4472 2876 4541 corruptionis
2913 4480 2966 4526 et
3002 4487 3216 4527 cessare
3249 4474 3305 4526 in
3337 4477 3488 4530 vitio.

1925 4562 2122 4637 (0rig.)
2167 4564 2257 4619 Ait
2281 4566 2444 4620 etiam
2473 4577 2806 4632 creaturam,
2844 4574 2904 4620 ut
2933 4573 3057 4636 pote
3091 4566 3495 4634 rationabilem,

1924 4657 2125 4710 habere
2174 4658 2630 4726 exspectationem
2664 4659 2984 4728 quamdam,
3026 4666 3080 4712 et
3128 4665 3274 4728 spem
3305 4671 3493 4728 gerere

1929 4747 2181 4818 temporis
2205 4747 2345 4803 illius
2379 4763 2486 4820 quo
2517 4749 2800 4803 revelanda
2821 4757 2903 4803 est
2926 4749 3092 4819 gloria
3118 4748 3346 4801 ﬁliorum
3375 4750 3492 4813 Dei,

1930 4839 2031 4892 hoc
2060 4847 2170 4902 est,
2214 4854 2337 4892 cum
2381 4838 2760 4893 revelabuntur
2796 4855 2857 4893 ea
2895 4849 3014 4908 quas
3041 4848 3339 4908 prieparata
3371 4848 3499 4894 sunt

1928 4927 2012 4982 his
2033 4928 2124 4996 qui
2140 4926 2232 4980 ﬁlii
2257 4927 2348 4982 Dei
2373 4942 2492 4983 esse
2516 4929 2882 4994 merebuntur,
2899 4936 2990 4981 aut
3005 4935 3153 4981 certe
3173 4941 3295 4981 cum
3317 4927 3500 4982 ablato

1931 5020 1999 5072 ab
2025 5018 2106 5073 bis
2133 5019 2394 5074 velamine
2419 5035 2526 5088 quo
2559 5021 2911 5087 obtestantur,
2943 5018 3268 5075 manifestati
3296 5019 3499 5076 fuerint

1930 5112 2033 5181 ipsi
2063 5112 2152 5180 qui
2183 5112 2278 5165 ﬁlii
2307 5111 2402 5167 Dei
2431 5120 2573 5166 sunt.

2015 5200 2242 5256 Vanitati
2266 5203 2397 5281 enim
2425 5203 2922 5272 creaturasubjecta
2945 5205 3018 5258 est
3043 5215 3146 5256 non
3169 5218 3376 5271 umens,
3408 5205 3501 5259 sed

1931 5301 2140 5361 propter
2177 5307 2294 5345 eum
2338 5293 2426 5361 qui
2469 5293 2683 5362 subjecit
2727 5311 2838 5346 eam
2885 5295 2937 5346 in
2982 5295 3255 5365 spe:qu‘ia
3295 5305 3342 5350 et
3387 5298 3502 5368 ipsa

1931 5393 2170 5437 creatura
2208 5382 2514 5436 liberabitur
2537 5401 2568 5436 a
2594 5385 2836 5446 servitute
2871 5387 3222 5457 corruptionis
3255 5387 3308 5439 in
3340 5387 3498 5442 liber-

1930 5485 2088 5529 tatem
2132 5475 2311 5545 gloria’
2356 5475 2582 5543 filiorum
2612 5475 2727 5528 Dei.
2788 5476 2983 5547 (Orig.)
3031 5479 3158 5544 Quae
3199 5487 3379 5532 autem
3418 5489 3504 5535 est

1930 5575 2180 5624 creatura
2212 5582 2332 5635 quae
2365 5565 2748 5620 revelationem
2785 5566 3017 5620 ﬁliorum
3052 5567 3144 5620 Dei
3178 5569 3503 5636 exspectat?

1929 5657 2074 5723 Hrec,
2099 5658 2423 5726 inquit,qu:e
2451 5671 2591 5710 nunc
2617 5656 2837 5710 vanitati
2865 5655 3104 5726 subjecta
3126 5653 3236 5713 est:
3257 5658 3503 5726 subjecta

1937 5756 2114 5802 autem
2142 5761 2245 5801 non
2277 5747 2476 5810 volens,
2510 5762 2683 5816 neque
2713 5752 2901 5816 sponte
2927 5747 3166 5817 propria,
3196 5747 3287 5801 sed
3314 5747 3509 5801 volun-

1937 5848 2046 5896 tate
2069 5839 2182 5910 ejus
2210 5839 2300 5908 qui
2329 5839 2600 5909 diSpcnsat
2626 5837 2896 5894 universa.
2931 5837 3158 5908 Propter
3180 5839 3350 5907 ipsum
3375 5852 3513 5908 ergo
