3948 6316
494 346 635 402 1455

1142 345 1201 398 Β.
1240 345 1492 401 ΒΑΒΑΝΙ
1528 343 1747 400 MAURI
1782 344 2098 400 ARCHIEP.
2139 343 2447 401 MOGUNT.
2488 346 2769 403 OPERUM
2804 346 2981 401 PARS
3018 346 3103 401 Ill.

3608 349 3731 402 N56

493 461 735 530 subjecta
766 464 887 526 est;
940 463 1183 530 subjecta
1221 470 1401 517 autem
1433 479 1540 518 non
1568 480 1635 519 ea
1661 464 1967 521 conditione
2004 470 2065 517 ut
2090 465 2141 527 Α
2166 476 2297 531 ergo
2327 461 2379 515 in
2411 476 2575 516 carne
2595 471 2815 531 propter
2843 475 2943 515 nos
2967 478 2981 514 :
3005 468 3065 513 ut
3094 468 3273 513 autem
3298 457 3519 513 revelati
3546 458 3731 512 fuerim

493 561 715 627 maneat
748 566 958 622 semper
981 551 1222 619 subjecta
1251 553 1507 618 vanitati,
1548 554 1643 609 sed
1678 569 1800 609 cum
1830 553 2063 623 quadam

493 660 605 716 spe.
642 644 772 712 Quae
803 652 982 698 autem
1029 644 1101 698 sit
1127 658 1249 713 spes
1285 645 1385 699 ista
1415 651 1802 700 commemorat
1834 644 2021 699 dicens
2047 661 2060 695 :

494 734 756 800 Quoniam
780 742 829 788 et
858 736 994 805 ipsa,
1022 734 1215 804 inquit,
1247 744 1488 789 creatura
1518 735 1821 805 liberabitur
1848 753 1879 789 a
1909 736 2067 789 servi-

488 834 599 879 tute
643 826 1024 894 corruptionis,
1064 827 1120 880 in
1161 826 1399 880 libertate
1437 828 1619 897 gloria:
1666 828 1897 897 ﬁliorum
1943 827 2061 881 Dei.

490 914 853 970 Discutiamus
914 930 1044 987 ergo
1091 916 1351 971 intentius
1396 933 1515 986 quae
1560 927 1644 972 est
1690 919 1791 972 ista
1832 919 2061 981 vanitas,

489 1006 574 1059 cui
617 1014 865 1061 creatura
908 1007 1108 1062 dicitur
1135 1022 1256 1063 esse
1289 1008 1560 1078 subjecta,
1601 1017 1656 1063 et
1689 1024 1808 1079 qua:
1843 1017 1927 1065 est
1962 1010 2064 1063 ista

487 1097 783 1165 corruptio,
814 1098 880 1151 de
916 1092 1070 1165 cujus
1101 1099 1359 1152 servitute
1399 1098 1826 1153 liberandamse
1860 1106 2061 1169 sperat.

486 1184 615 1239 Mihi
657 1186 868 1241 videtur
903 1188 1048 1256 quod
1093 1188 1159 1242 de
1198 1188 1300 1241 hac
1338 1187 1605 1242 materiali
1642 1198 1698 1242 et
1729 1188 2064 1258 corruptibili

484 1276 728 1345 corporis
767 1278 1068 1331 substantia
1111 1277 1213 1331 ista
1251 1278 1519 1331 dicantur.
1560 1276 1745 1347 Neque
1771 1278 1913 1332 enim
1946 1294 2065 1332 cor-

486 1367 664 1435 ruptio
695 1366 1041 1437 alicuiquam,
1072 1368 1174 1422 nisi
1202 1368 1414 1437 corpori
1444 1365 1772 1421 dominatur.
1814 1366 1946 1423 Nam
1977 1368 2064 1422 ille

484 1456 710 1511 interior
740 1457 902 1513 homo
926 1458 1018 1527 qui
1049 1458 1341 1513 secundum
1366 1457 1531 1511 Deum
1554 1464 1768 1511 creatus
1794 1466 1897 1521 est,
1921 1466 1977 1511 et
1997 1458 2065 1512 ad

484 1548 776 1619 imaginem
807 1549 902 1603 Dei
937 1549 1146 1613 factus,
1180 1547 1607 1617 incorruptibilis
1637 1556 1746 1620 est,
1789 1555 1844 1601 et
1870 1547 2061 1601 invisi-

483 1641 637 1706 bilis,
676 1649 732 1695 et
767 1642 1063 1697 secundum
1096 1640 1370 1710 propriam
1400 1639 1482 1693 sui
1512 1640 1778 1693 rationem
1814 1639 2063 1707 incorpo-

470 1744 608 1807 reus
636 1730 739 1785 diei
776 1738 972 1800 potest.
1011 1729 1262 1784 Exterior
1305 1743 1446 1783 vero.
1476 1728 1637 1781 homo
1682 1736 1736 1781 et
1771 1740 2063 1795 corporeus

2167 548 2263 602 ﬁlii
2292 548 2419 612 Dei,
2445 557 2501 603 et
2526 550 2832 620 congregati
2860 549 2914 602 in
2946 561 3110 601 unum
3137 562 3234 615 per
3263 546 3559 601 Ecclesium
3582 564 3730 617 quam

2167 640 2356 693 statuit
2399 640 2488 693 uni
2530 642 2639 693 viro
2672 641 2921 707 virginem
2964 648 3163 692 castam
3208 638 3449 692 exhibere
3493 639 3730 705 Christo,

2166 739 2294 784 tunc
2338 737 2391 785 et
2434 730 2547 799 ipse
2591 729 2912 784 liberabitur
2959 744 2989 782 a
3036 728 3301 783 servitute
3349 730 3732 799 corruptionis,

2167 820 2307 875 sicut
2338 820 2451 889 ipse
2480 821 2609 875 dicit
2634 839 2648 885 7:
2675 820 2785 890 Ego
2822 831 2994 875 autem
3022 821 3137 888 jam
3163 820 3437 885 immolor,
3470 832 3515 875 et
3545 834 3732 891 tempus

2167 910 2498 965 resolutionis
2536 928 2664 965 mete
2695 913 2871 966 instat.
2914 911 3136 966 Cursum
3171 916 3555 977 consummavi,
3586 916 3733 983 fidem

2164 1003 2393 1067 servavi,
2436 1002 2500 1055 de
2541 1013 2725 1055 ctrtcro
2772 1002 2991 1072 reposita
3021 1012 3095 1056 est
3127 1004 3258 1055 mihi
3302 1022 3491 1057 corona
3526 1006 3733 1075 justitia:

2167 1090 2254 1160 (ΙΙ
2283 1090 2417 1145 Tim.
2447 1091 2543 1161 ιγ).
2575 1091 2687 1145 Hoc
2710 1100 2792 1146 est
2828 1092 3108 1146 liberatum
3138 1108 3260 1147 esse
3285 1108 3315 1145 a
3342 1097 3601 1150 servitute
3627 1112 3734 1150 eor-

2167 1181 2434 1249 ruptionis
2469 1182 2523 1235 in
2562 1182 2865 1237 libertatem
2912 1183 3096 1252 glorise
3149 1183 3381 1237 ﬁliorum
3411 1184 3525 1238 Dei.
3560 1187 3732 1257 (.iug.)

2164 1272 2318 1339 Quod
2352 1284 2529 1329 autem
2568 1275 2683 1329 ait:
2720 1275 2861 1328 Nam
2901 1277 3217 1344 exspectatio
3253 1286 3508 1328 creatura:
3547 1278 3734 1328 revela-

2163 1365 2355 1418 tionem
2380 1365 2609 1432 ﬁliorum
2634 1364 2734 1419 Dei
2760 1375 3017 1435 exspectat
3041 1380 3060 1415 :
3090 1366 3311 1419 vanitati
3338 1366 3472 1419 enim
3504 1379 3733 1420 creatura

2163 1457 2395 1525 subjecta
2424 1465 2497 1509 est
2528 1473 2631 1510 non
2659 1468 2855 1527 sponte,
2887 1466 3018 1522 etc.,
3053 1474 3227 1527 usque
3258 1458 3326 1511 ad
3366 1460 3419 1512 id
3454 1460 3594 1527 quod
3627 1461 3728 1513 ait:

2164 1546 2233 1599 Et
2254 1547 2352 1617 ipsi
2372 1548 2423 1599 in
2448 1548 2594 1600 nobis
2617 1548 2996 1617 ingemiscimus
3019 1548 3349 1617 adaptionem
3369 1560 3731 1617 exspectantes,

2164 1639 2563 1705 redemptionem
2592 1640 2823 1706 corporis
2850 1638 3044 1703 nostri,
3088 1639 3165 1693 sic
3196 1638 3599 1710 intelligendum
3628 1650 3727 1703 est,

2162 1737 2222 1781 ut
2251 1743 2425 1797 neque
2456 1741 2671 1782 sensum
2700 1730 2951 1799 gemendi
2983 1738 3038 1783 ct
3068 1728 3281 1784 dolendi
3311 1734 3595 1799 opinemur
3623 1747 3731 1786 esse

482 1830 537 1875 et
561 1822 928 1891 corruptibilis
954 1822 1153 1876 dicitur
1178 1839 1189 1873 :
1212 1829 1432 1890 propter
1453 1820 1593 1887 quod
1622 1826 1677 1872 et
1696 1818 1893 1872 Paulus
1918 1817 2064 1871 diee-
2090 1813 2138 1871 B
2168 1822 2223 1875 in
2244 1821 2530 1877 arboribus
2550 1830 2605 1875 et
2626 1822 2861 1876 oleribus
2882 1831 2935 1877 et
2958 1822 3315 1892 lapidibus,et
3338 1824 3549 1876 exteris
3571 1823 3734 1890 hujus-

480 1911 573 1965 bat
604 1929 614 1962 :
652 1909 793 1963 Nam
829 1912 923 1963 etsi
959 1913 1003 1963 is
1043 1911 1131 1979 qui
1172 1910 1235 1962 de
1269 1909 1398 1978 foris
1436 1919 1509 1962 est
1548 1909 1703 1962 homo
1742 1918 1916 1961 noster
1944 1924 2061 1961 cor-

481 2002 773 2071 rumpitur,
814 2001 905 2055 sed
950 2004 1037 2072 qui
1087 2006 1225 2054 intus
1271 2011 1345 2054 est
1391 2010 1667 2055 renovatur
1696 1998 1782 2071 (II
1811 1998 2059 2067 Cor.1v).

480 2090 759 2154 lntcrioris
799 2099 977 2145 autem
1024 2091 1257 2145 hominis
1301 2089 1600 2154 renovatio,
1646 2097 1830 2158 utpote
1860 2090 1950 2159 qui
1980 2097 2063 2143 est

482 2182 839 2246 rationabilis,
878 2190 931 2235 et
971 2198 1124 2236 mens
1162 2184 1216 2236 in
1254 2184 1528 2252 agnitione
1560 2183 1653 2236 Dei
1681 2191 1736 2236 et
1764 2183 2064 2250 capacitate

480 2274 651 2327 sancti
679 2272 913 2343 Spiritus
938 2282 1170 2328 constat.
1198 2273 1394 2328 Verum
1424 2283 1481 2327 ut
1508 2273 1683 2343 aliqua
1713 2276 1776 2328 de
1804 2284 1910 2327 tam
1927 2290 2063 2344 .pro-

481 2362 664 2419 fundis
686 2366 845 2419 rebus
860 2365 1097 2420 breviter
1111 2355 1418 2420 et'strietim
1436 2366 1599 2419 etiam
1629 2365 1891 2428 chartulis
1917 2380 2062 2421 com-

480 2456 800 2520 mittamus,
850 2465 903 2510 et
953 2458 1124 2527 ipsam
1170 2456 1446 2511 interioris
1490 2456 1743 2520 hominis,
1798 2457 1901 2511 hoc
1946 2440 2058 2523 est,

481 2546 677 2600 anima:
704 2547 1007 2615 mentisque
1042 2547 1360 2600 substantiae
1389 2546 1707 2615 colligamus
1736 2547 2056 2615 imaginem,

481 2636 751 2705 quomodo
789 2638 1006 2691 vanitati
1053 2648 1294 2689 creatura
1334 2637 1563 2705 subjecta
1602 2646 1674 2690 est
1716 2653 1819 2690 non
1866 2637 2057 2703 volens,

478 2727 569 2781 sed
602 2736 811 2797 propter
842 2743 958 2780 eum
996 2726 1085 2797 qui
1119 2726 1335 2796 subjecit
1382 2742 1495 2779 eam
1535 2727 1589 2779 in
1620 2742 1709 2795 spe
1736 2739 1753 2776 :
1782 2734 1837 2780 et
1864 2728 2056 2795 ipsum,

480 2818 790 2883 si‘videtur,
818 2818 1043 2872 Paulum
1078 2828 1341 2889 ponamus
1372 2819 1425 2872 in
1463 2819 1658 2883 medio,
1693 2819 1846 2889 cujus
1876 2820 2060 2888 utique

480 2910 663 2963 anima
700 2907 786 2963 vel
816 2923 993 2975 mens,
1022 2909 1113 2977 qui
1142 2918 1225 2962 est
1262 2908 1486 2961 interior
1504 2907 1627 2978 ejus
1655 2910 1835 2975 homo,
1869 2926 2059 2980 super-

480 3002 725 3071 greditur
768 3012 821 3055 et
870 3001 1115 3055 ascendit
1152 3016 1312 3055 omne
1348 3002 1491 3070 quod
1532 3016 1882 3069 corporeum,
1916 3004 2059 3071 quod

480 3090 719 3154 visibile,
761 3089 903 3157 quod
935 3090 1115 3143 sensui
1147 3088 1385 3157 subjacet
1415 3099 1470 3143 et
1498 3092 1770 3159 aspectui,
1809 3102 1862 3146 et
1892 3092 2060 3161 ipsius

480 3178 675 3233 divinae
701 3188 906 3232 natura:
932 3176 1160 3232 efﬁcitur
1183 3193 1371 3247 capax.
1408 3178 1514 3233 Sed
1542 3179 1659 3234 lucc
1683 3188 1832 3233 tanta
1859 3160 1924 3234 et
1939 3183 2060 3236 talis
2088 3160 2133 3223 C-

482 3270 678 3323 animaa
704 3267 833 3344 ejus
857 3268 1189 3333 substantia,
1230 3285 1349 3337 qua:
1394 3270 1629 3323 rationes
1666 3280 1719 3325 et
1760 3272 2061 3342 intelligen-

486 3361 615 3414 tiam
640 3359 938 3414 ctelestium
965 3359 1379 3428 divinorumque
1403 3376 1655 3415 sensuum
1684 3369 1825 3417 tenet
1848 3362 2064 3432 (quibus

487 3468 553 3507 ex
572 3450 767 3513 causis,
786 3449 931 3507 Deus
944 3449 1184 3520 viderit),
1201 3450 1442 3527 subjecta
1456 3459 1539 3506 est
1560 3452 1805 3506 servituti
1823 3454 2066 3521 corporis

483 3540 869 3612 corruptibilis,
894 3548 949 3593 et
972 3540 1197 3594 vanitati
1219 3540 1335 3607 ejus
1360 3542 1607 3596 devincta
1633 3551 1734 3596 est.
1768 3542 2065 3597 Considera

482 3636 626 3689 enim
658 3634 1013 3689 nedessitates
1042 3636 1307 3705 corporis,
1347 3636 1708 3705 appetentiam
1738 3637 1877 3701 cibi,
1917 3638 2065 3707 dige-

484 3730 718 3783 stionum
748 3729 1041 3798 pudorem,
1084 3730 1419 3798 posteritatis
1456 3732 1773 3799 reparanda:
1800 3740 2064 3785 verecun-

485 3822 628 3875 diam
650 3860 663 3885 ,
694 3827 754 3873 ut
788 3820 988 3875 seritur
1023 3821 1255 3886 soboles,
1285 3828 1345 3874 ut
1370 3822 1569 3885 editur,
1610 3828 1669 3874 ut
1705 3822 1969 3886 nutritur;
2011 3829 2066 3875 et

485 3912 607 3965 vide
648 3914 858 3979 quanta”
890 3912 945 3963 in
990 3912 1076 3965 his
1120 3911 1332 3965 vanitas
1376 3912 1653 3976 habeatur,
1696 3920 1897 3980 quanta
1939 3926 2064 3965 cor-

487 4001 686 4070 ruptio,
730 4000 816 4054 cui
860 4011 1110 4054 creatura
1156 4001 1349 4055 animae
1389 4002 1585 4055 nobilis
1629 4013 1685 4055 et
1729 4001 2065 4056 rationabilis

485 4091 612 4148 licet
641 4108 748 4149 non
775 4092 959 4147 volens
988 4094 1227 4163 subjecta
1253 4102 1358 4157 est,
1386 4094 1624 4164 subjecta
1655 4103 1835 4151 tamen
1866 4097 1917 4149 in
1948 4112 2064 4165 spe,

490 4194 700 4254 tempus
714 4185 967 4239 videlicet
992 4200 1215 4253 sperans
1244 4200 1350 4254 quo
1385 4185 1657 4250 liberetur,
1684 4202 1805 4239 cum
1834 4186 2068 4242 ﬁliorum

488 4275 585 4329 Dei
618 4284 828 4344 tempus
862 4275 1128 4330 libertatis
1157 4277 1451 4331 advenerit.
1495 4275 1607 4331 Hoc
1644 4285 1727 4331 est
1764 4292 1892 4347 ergo
1926 4278 2069 4345 quod

489 4373 544 4418 et
571 4365 625 4417 in
656 4364 775 4417 aliis
803 4363 1174 4433 apertiusjam
1197 4366 1261 4419 de
1287 4382 1344 4418 se
1368 4366 1482 4434 ipse
1517 4366 1729 4419 dicebat
1758 4366 2066 4435 Apostolus,

490 4456 617 4525 quia
646 4455 773 4508 dum
801 4472 979 4507 sumus
1018 4456 1072 4508 in
1113 4456 1409 4508 habitacqu
1441 4456 1537 4509 hoc
1568 4458 1950 4525 ingemiscimus
1981 4456 2065 4525 (II

492 4542 617 4597 Cor.
663 4543 739 4614 ν).
790 4542 902 4597 Hoc
933 4553 987 4598 et
1021 4544 1281 4611 sapientia
1318 4559 1414 4613 per
1453 4544 1793 4599 Salomouem
1836 4544 2066 4609 dicebat,

493 4633 619 4701 quia
648 4627 979 4701 corruptibilé
1002 4648 1188 4701 corpus
1217 4644 1463 4701 aggravat
1489 4634 1740 4697 animam,
1760 4642 1805 4687 et
1830 4634 2072 4703 deprimit

496 4735 699 4778 terrena
724 4724 977 4777 habitatio
1005 4740 1214 4777 sensum
1245 4723 1411 4776 multa
1441 4727 1751 4793 cogitantem
1781 4722 1929 4795 (Sap.
1962 4723 2070 4793 ix);

494 4824 550 4870 et
572 4815 709 4869 idem
735 4813 931 4868 Paulus
956 4833 968 4867 :
999 4814 1135 4866 Dum
1153 4814 1291 4867 enim
1312 4831 1491 4867 sumus
1515 4816 1568 4867 in
1590 4831 1821 4883 corpore.
1844 4814 2073 4882 peregri-

497 4920 688 4957 namur
716 4922 749 4955 a
776 4903 1000 4956 Domino
1024 4921 1041 4956 :
1073 4912 1128 4957 et
1153 4905 1300 4972 cupit
1329 4904 1501 4973 magis
1528 4903 1859 4972 peregrinari
1889 4918 1918 4955 a
1949 4917 2073 4956 cor-

494 5009 648 5065 pore,
682 5002 737 5049 et
766 4993 956 5048 adesse
986 4994 1052 5047 ad
1084 4993 1395 5048 Dominum.
1428 4995 1541 5048 lloc
1579 4996 1780 5049 indicat
1813 5002 1866 5048 et
1902 4993 2070 5048 multo

495 5087 736 5157 apertius
765 5085 985 5153 exponit
1006 5086 1169 5139 etiam
1193 5086 1245 5138 in
1269 5101 1334 5140 eo
1359 5087 1476 5139 loco
1502 5087 1591 5139 ubi
1615 5086 1743 5139 dicit
1780 5103 1791 5136 :
1824 5084 2074 5138 Coarctor

499 5186 669 5229 autem
698 5192 760 5230 ea:
788 5176 991 5229 duobus
1018 5188 1035 5225 :
1062 5176 1378 5228 desiderium
1414 5176 1607 5229 habens
1645 5178 1858 5237 reverti,
1883 5186 1929 5229 et
1954 5192 2071 5228 cum

500 5268 707 5322 Christo
744 5284 883 5332 esse,
918 5268 1082 5321 multo
1127 5270 1262 5320 enim
1311 5267 1495 5321 melius
1523 5281 1540 5317 .'
1562 5284 1862 5337 permanere
1901 5279 2073 5321 autem

499 5359 666 5427 magis
691 5360 1037 5411 necessarium
1064 5369 1272 5428 prOpter
1292 5376 1376 5413 vos
1402 5358 1564 5429 (Phil.
1587 5359 1647 5430 ι).
1676 5359 1732 5411 1η
1759 5375 1866 5428 quo
1893 5369 2076 5428 aperte

500 5450 736 5503 ostendit
779 5448 920 5516 quod
971 5463 1076 5501 non
1127 5448 1344 5511 volens,
1384 5457 1640 5515 quantum
1684 5448 1749 5501 ad
1780 5463 1843 5500 ea
1873 5456 2079 5517 spectat

502 5553 623 5607 quae
649 5538 841 5589 animae
878 5552 989 5590 sum
1022 5536 1272 5589 conscius
1302 5546 1437 5599 erat,
1470 5537 1801 5606 corruptioni
1831 5538 1956 5591 huic
1986 5553 2079 5591 va-

506 5626 769 5693 nitatique
796 5626 1056 5689 serviret;
1092 5626 1184 5679 sed
1206 5635 1425 5694 propter
1452 5641 1595 5689 cum,
1628 5628 1717 5694 qui
1750 5627 1863 5679 haec
1892 5627 1963 5680 ita
1986 5642 2077 5680 vo-

510 5716 626 5779 luit,
650 5725 702 5768 et
726 5723 944 5784 propter
966 5732 1084 5781 nos,
1110 5725 1167 5769 ut
1189 5715 1319 5769 Salvi
1342 5730 1464 5769 esse
1482 5716 1767 5784 possimus.
1792 5716 2076 5770 Permanet

2164 1912 2372 1967 cemodi
2396 1912 2659 1966 creaturis
2684 1929 2697 1965 :
2725 1913 2812 1966 hic
2835 1913 2977 1965 enim
3004 1928 3159 1967 error
3184 1912 3598 1967 Manicbteorum
3626 1922 3728 1977 est;

2163 2017 2337 2071 neque
2358 2002 2577 2071 angelos
2596 2013 2810 2057 sanctos
2834 2002 3059 2056 vanitati
3083 2004 3352 2073 subjectos
3378 2018 3494 2058 esse
3516 2005 3733 2057 arbitre-

2163 2106 2313 2155 mur;
2343 2100 2397 2144 et
2422 2092 2484 2145 de
2512 2092 2595 2145 his
2625 2093 3001 2147 existimemus
3023 2093 3162 2161 quod
3193 2093 3566 2147 liberabuntur
3586 2111 3614 2145 ει
3638 2108 3735 2147 ser-

2162 2183 2332 2236 vitute
2361 2183 2635 2248 interitus,
2667 2200 2787 2237 cum
2816 2186 3085 2239 interituri
3115 2187 3298 2254 utique
3341 2202 3446 2239 non
3475 2187 3583 2239 sint
3610 2205 3621 2238 :
3650 2186 3733 2239 sed

2162 2289 2376 2333 omnem
2425 2284 2729 2329 creaturam
2780 2275 2832 2329 in
2887 2276 3003 2345 ipso
3051 2277 3269 2330 homine
3322 2278 3439 2331 sine
3490 2278 3599 2330 ulla
3654 2293 3734 2333 ca-

2163 2364 2364 2418 lumnia
2412 2364 2733 2434 cogitemus.
2784 2364 2899 2419 Non
2957 2367 3098 2419 enim
3155 2375 3403 2419 creatura
3466 2366 3574 2419 ulla
3623 2382 3732 2421 esse

2162 2464 2379 2523 potest,
2424 2455 2528 2516 nisi
2556 2464 2648 2508 aut
2672 2454 2951 2523 spiritalis,
2993 2455 3374 2523 quaexcellet
3406 2456 3458 2508 in
3496 2456 3729 2525 angelis;

2162 2555 2255 2597 aut
2298 2544 2549 2599 animalis
2568 2584 2581 2607 ,
2614 2559 2732 2611 quae
2763 2544 2923 2598 etiam
2952 2545 3004 2597 in
3034 2546 3141 2598 vita
3172 2544 3471 2598 bestiarum
3500 2549 3633 2599 satis
3654 2561 3733 2614 ap-

2160 2642 2342 2703 paret;
2386 2642 2479 2686 aut
2508 2632 2836 2702 corporalis,
2872 2648 2991 2701 quae
3028 2633 3195 2687 videri
3241 2642 3333 2687 aut
3369 2637 3507 2704 tangi
3548 2642 3730 2702 potest.

2162 2724 2351 2779 Omnis
2371 2732 2553 2777 autem
2580 2733 2661 2779 est
2682 2726 2846 2779 etiam
2871 2725 2924 2777 in
2948 2725 3184 2789 homine,
3201 2726 3327 2794 quia
3348 2727 3508 2780 homo
3535 2735 3734 2779 constat

2162 2816 2341 2870 anima
2367 2824 2421 2869 et
2450 2829 2697 2883 corpore.
2730 2815 2873 2885 Ergo
2900 2824 3147 2870 creatura
3176 2816 3556 2871 revelationem
3603 2818 3731 2871 ﬁlio-

2165 2922 2283 2960 rum
2316 2907 2412 2961 Dei
2441 2914 2743 2975 exspectat,
2776 2906 3033 2975 quidquid
3063 2923 3204 2961 nunc
3229 2910 3281 2961 in
3303 2908 3522 2961 homine
3539 2908 3734 2961 laborat

2163 3006 2220 3052 et
2251 2998 2583 3067 corruptioni
2612 2997 2855 3065 subjacet
2881 3039 2895 3061 ,
2934 2998 3078 3051 illam
3106 2999 3313 3054 scilicet
3345 3000 3731 3053 manifestatio-

2163 3086 2388 3151 nem,de
2410 3103 2515 3157 qua
2539 3088 2679 3142 idem
2701 3083 2833 3142 dicit
2851 3088 3137 3158 Apostolus
3166 3088 3362 3161 (Colos.
3392 3092 3475 3161 ιιι)
3502 3110 3515 3143 -.
3550 3091 3733 3143 Μονιυὶ

2166 3180 2303 3231 enim
2334 3179 2454 3231 estis
2492 3187 2539 3230 et
2586 3179 2689 3231 vita
2726 3189 2891 3239 vestra
2928 3178 3230 3233 abscondita
3268 3191 3345 3233 est
3388 3199 3505 3233 cum
3542 3181 3733 3235 Christo

2168 3268 2221 3320 in
2256 3267 2387 3320 Deo.
2431 3266 2563 3320 Cum
2598 3266 2833 3321 Christus
2863 3270 3161 3336 apparuerit
3190 3270 3291 3322 vita
3322 3282 3510 3334 vestra,
3550 3282 3667 3322 tunc
3694 3280 3736 3322 et

2168 3374 2254 3411 vos
2276 3374 2392 3410 cum
2414 3358 2524 3425 ipso
2551 3358 2861 3425 apparebitis
2882 3359 2935 3409 in
2955 3358 3144 3426 gloria.
3166 3358 3304 3412 Dicit
3326 3361 3471 3414 enim
3487 3360 3734 3415 Joannes:

2168 3446 2538 3511 Dilectissimi,
2571 3463 2709 3500 nunc
2733 3445 2831 3513 ﬁlii
2857 3445 2955 3499 Dei
2987 3462 3195 3511 sumus,
3228 3458 3274 3500 et
3303 3450 3535 3502 nondum
3580 3466 3735 3517 appa-

2168 3538 2271 3589 ruit
2298 3536 2424 3605 quid
2449 3531 2646 3589 erimus
2675 3549 2690 3586 :
2719 3536 2911 3587 scimus
2940 3544 3113 3588 autem
3134 3536 3257 3605 quia
3283 3553 3399 3589 cum
3427 3538 3735 3608 apparuerit,

2167 3628 2361 3682 similes
2387 3629 2433 3680 ei
2458 3629 2668 3691 erimus,
2699 3628 2945 3697 quoniam
2970 3627 3249 3681 videbimus
3274 3646 3393 3681 eum
3416 3630 3567 3682 sicuti
3586 3641 3657 3682 est
3681 3626 3737 3697 (I

2166 3718 2327 3773 Joan.
2344 3718 2450 3790 ιιι).
2470 3717 2618 3774 Ilanc
2640 3733 2769 3788 ergo
2790 3719 3170 3772 revelationem
3194 3718 3425 3773 ﬁliorum
3449 3722 3539 3774 Dei
3562 3736 3739 3790 exspe.

2168 3814 2279 3863 ctat
2309 3820 2575 3874 creatura,
2608 3824 2727 3878 quae
2756 3810 2807 3863 in
2836 3810 3052 3863 homine
3082 3827 3225 3864 nunc
3252 3811 3478 3864 vanitati
3506 3811 3737 3879 subjecta

2166 3910 2267 3966 est,
2287 3902 2520 3971 quandiu
2542 3902 2717 3956 dedita
2730 3910 2811 3955 est
2835 3902 3218 3970 temporalibus
3240 3902 3421 3963 rebus,
3439 3918 3554 3971 quae
3576 3913 3741 3955 trans-

2168 3998 2296 4044 eunt
2338 4001 2607 4059 tamquam
2645 3992 2857 4045 umbra.
2904 3991 3055 4046 Unde
3085 4004 3138 4046 et
3178 3994 3231 4046 in
3257 3992 3488 4047 Psalmis
3513 3994 3736 4046 dicitur:

2170 4078 2343 4132 Homo
2364 4080 2582 4133 vanitati
2605 4080 2792 4133 similis
2816 4082 2986 4147 [actus
3009 4092 3080 4133 est
3104 4098 3121 4133 :
3144 4081 3252 4133 dies
3276 4083 3391 4149 ejus
3412 4084 3543 4135 sicut
3566 4083 3738 4134 umbra

2167 4178 2475 4239 praztereunt
2502 4168 2674 4240 (Psal.
2698 4170 2904 4237 cxun).
2930 4170 3005 4224 De
3027 4186 3132 4239 qua
3153 4172 3393 4225 vanitate
3413 4172 3573 4224 etiam
3598 4170 3741 4224 Salo-

2170 4272 2294 4312 mon
2326 4258 2563 4327 loquitur
2582 4272 2705 4311 cum
2730 4258 2892 4311 dicit:
2932 4254 3147 4311 Vanitas
3183 4261 3475 4312 vanitatum
3500 4271 3544 4312 et
3573 4260 3737 4312 omnia

2172 4348 2371 4401 vanitas
2404 4361 2561 4417 :quw
2594 4348 2920 4401 abundantia
2955 4349 3151 4400 homini
3182 4348 3236 4400 in
3264 4350 3403 4401 omni
3435 4348 3607 4401 labore
3628 4364 3737 4409 suo,

2170 4455 2271 4508 quo
2310 4440 2416 4505 ipse
2454 4438 2655 4490 laborat
2687 4439 2779 4491 sub
2811 4438 2917 4491 sole
2941 4440 2966 4490 ?
2991 4439 3155 4508 (Eccl.
3184 4456 3223 4503 ι,
3251 4440 3355 4508 ιιι.)
3388 4440 3460 4492 Dc
3482 4456 3583 4507 qua
3608 4442 3736 4492 idem

2094 4498 2147 4555 D
2174 4498 2341 4583 David
2363 4530 2519 4583 dicit:
2546 4527 2737 4598 thuid
2758 4529 2972 4599 diligitis
2996 4498 3269 4583 vanitatem
3291 4498 3587 4599 eliquwritis
3609 4546 3739 4581 mem

2174 4622 2422 4675 dacium?
2442 4620 2612 4692 (Psal.
2646 4622 2743 4691 ιν.)
2775 4622 2888 4674 Non
2914 4632 3101 4691 sponte
3127 4628 3307 4675 autem
3332 4620 3465 4674 dicit
3490 4636 3607 4674 esse
3626 4622 3738 4674 subo

2168 4712 2367 4781 jectam
2418 4714 2644 4766 vanitati
2686 4722 2990 4767 creaturam
3020 4754 3032 4775 ,
3092 4713 3347 4782 quoniam
3400 4713 3628 4781 ptenalis
3665 4721 3737 4764 est

2180 4805 2280 4857 ista
2340 4804 2621 4872 subjectio.
2664 4803 2780 4858 Non
2826 4804 2970 4857 enim
3012 4804 3175 4858 homo
3216 4804 3357 4856 sicut
3398 4812 3587 4870 sponte
3629 4815 3739 4870 pee-

2180 4897 2347 4959 cavit,
2383 4897 2463 4950 sic
2510 4896 2675 4950 etiam
2705 4903 2897 4964 sponte
2932 4895 3215 4947 damnatus
3255 4902 3339 4946 est
3367 4911 3397 4945 ε.
3427 4908 3545 4960 quae
3574 4901 3736 4945 tamen

2176 4988 2447 5043 damnatio
2476 5003 2583 5040 non
2623 4983 2738 5040 Sine
2758 5000 2874 5053 ,spe
2907 4984 3264 5053 reparationis
3293 4967 3531 5051 irroéata
3551 4990 3634 5036 est
3656 4995 3741 5033 ua-

2174 5090 2309 5134 turte
2331 5087 2548 5132 nostrae.
2566 5078 2632 5130 Et
2660 5077 2799 5139 ideo,
2822 5075 3039 5144 Propter
3052 5089 3194 5137 cuin,
3213 5074 3409 5142 inquit,
3432 5069 3740 5141 quisubjecit

2176 5190 2289 5226 eam
2313 5173 2368 5224 in
2395 5188 2501 5241 spe,
2519 5172 2640 5241 quia
2671 5179 2715 5222 et
2738 5170 2851 5237 ipsa
2873 5176 3114 5221 creatura
3131 5166 3437 5218 liberabitur
3457 5183 3489 5217 a
3508 5166 3739 5217 servitute

2177 5265 2417 5319 interitus
2447 5266 2501 5317 in
2532 5263 2818 5316 libertatem
2851 5260 3033 5329 gloria:
3062 5258 3291 5326 ﬁliorum
3320 5258 3451 5320 Itei;
3485 5259 3535 5311 id
3562 5266 3659 5317 est,
3690 5264 3741 5307 ut

2179 5362 2234 5409 et
2270 5371 2383 5421 ipsa
2413 5354 2691 5425 perveniat
2734 5351 2799 5404 ad
2838 5350 3138 5403 libertatem
3174 5348 3356 5417 gloria:
3397 5349 3626 5401 ﬁliorum
3658 5344 3736 5397 Dei

2180 5459 2277 5515 per
2316 5444 2474 5497 ﬁdem
2514 5461 2527 5496 :
2562 5458 2680 5512 quae
2711 5442 2843 5495 ﬁdes
2880 5455 3003 5493 cum
3033 5442 3087 5493 in
3115 5454 3177 5493 ea
3208 5454 3315 5493 non
3340 5448 3483 5503 erat,
3518 5446 3736 5491 tantum-

2180 5534 2341 5589 modo
2371 5543 2619 5589 creatura
2646 5533 2940 5587 dicebatur.
2978 5530 3044 5583 Et
3068 5530 3135 5584 ad
3161 5530 3330 5599 ipsam
3364 5528 3585 5592 referes,
3612 5525 3739 5596 quod

2180 5625 2422 5694 sequitur
2444 5640 2458 5678 :

2252 5716 2453 5771 Scimus
2505 5717 2637 5769 enim
2682 5715 2802 5782 quia
2854 5723 3091 5767 creatura
3132 5712 3465 5781 congemiscit
3522 5722 3565 5763 et
3617 5710 3737 5762 dolet
