3948 6342
208 426 235 480 1
246 422 352 480 457

773 422 1316 480 ENARRATIONUM
1355 421 1421 477 IN
1459 421 1606 478 EPP.
1646 419 1850 477 PAULI
1888 421 2012 475 LIB.
2059 419 2118 473 ν.
2156 450 2228 460 -
2264 420 2330 473 IN
2370 419 2584 474 EPIST.
2625 419 2716 471 AD
2755 417 2919 473 ROM.

3326 421 3347 472 ’1
3359 420 3389 472 4
3397 421 3464 472 Γὶὃ

213 557 374 611 usque
403 541 593 592 adhuc.
623 539 789 593 Erant
819 541 961 593 enim
998 539 1169 592 adlmc
1205 538 1459 592 credituri
1493 538 1584 608 qui
1622 539 1784 592 etiam
1813 539 1864 595 Α
1889 542 2144 601 operante
2183 532 2387 609 pictore
2423 531 2678 601 subjectis
2714 530 2814 584 sibi
2846 529 3116 584 coloribus
3144 538 3199 582 et
3235 531 3301 583 ad
3333 546 3464 599 opus

211 631 404 700 spiiitu
442 630 786 700 subjacebant
818 629 1098 683 laboriosis
1124 627 1417 683 erroribus.
1443 626 1547 682 Sed
1571 642 1638 682 ne
1665 627 1788 696 quis

209 728 429 792 putaret
481 720 548 774 de
595 719 831 789 ipsorum
877 719 1059 774 labore
1107 726 1314 772 tantum
1368 718 1567 773 dictum
1629 731 1784 781 esse,

211 809 488 880 subjungit
516 811 679 864 etiam
709 811 774 864 de
811 810 895 863 his
921 810 1014 878 qui
1044 807 1156 876 jam
1196 809 1554 862 crediderant.
1603 806 1786 873 Quan-

211 920 373 972 quam
401 903 542 957 enim
563 903 780 977 _spiritu,
806 902 907 955 boc
927 911 1028 964 est,
1058 909 1234 954 mente
1256 900 1523 955 servirent
1541 898 1642 968 legi
1670 897 1785 959 Dei,

213 1001 389 1045 tamen
433 992 556 1059 quia
587 1005 750 1044 carne
781 989 1014 1044 servitur
1043 988 1142 1058 legi
1171 989 1373 1055 peccati
1399 1029 1413 1052 ,
1445 988 1678 1056 quandiu
1731 987 1786 1040 in

210 1079 313 1132 bac
348 1080 458 1132 vita
500 1077 772 1132 molestias
806 1085 860 1132 et
890 1077 1274 1131 sollicitudines
1314 1077 1658 1132 mortalitatis
1692 1092 1789 1130 no-

210 1175 336 1221 stra:
362 1167 614 1236 patimur.
638 1167 756 1220 ideo
785 1167 1005 1230 addidit,
1028 1166 1212 1220 dicens
1239 1183 1249 1218 :
1279 1165 1401 1220 Non
1422 1166 1590 1219 solum
1614 1177 1788 1219 autem

208 1257 327 1326 ipsi,
352 1257 442 1309 sed
476 1265 524 1310 et
557 1272 650 1310 nos
686 1257 944 1326 primitias
983 1257 1196 1326 spiritus
1236 1257 1499 1320 habentes,
1525 1265 1573 1308 ct
1601 1257 1698 1324 ipsi
1733 1256 1789 1309 in

209 1345 358 1398 nobis
397 1332 782 1414 ingemiscimus
823 1345 1151 1414 adoptionem
1177 1356 1552 1414 exspectantes,
1593 1347 1791 1399 radent-

205 1435 436 1502 ptionem
485 1437 717 1504 corporis
773 1437 956 1490 nostri.
1003 1435 1128 1488 Haec
1177 1436 1319 1488 enim
1370 1437 1617 1506 adoptio,
1670 1451 1790 1506 quas

201 1521 315 1591 jam
358 1521 498 1576 facta
545 1533 628 1577 est
679 1525 732 1578 in
788 1525 872 1578 liis
903 1525 994 1594 qui
1042 1526 1406 1591 crediderunt,
1455 1528 1641 1596 spiritu
1679 1545 1787 1583 non

206 1628 436 1682 corpore
475 1614 615 1670 facta
662 1624 774 1680 est;
812 1616 1046 1670 nondum
1089 1617 1232 1671 enim
1275 1617 1436 1672 etiam
1470 1635 1664 1688 corpus
1699 1636 1787 1675 re-

206 1704 499 1760 formatum
524 1715 604 1760 est
631 1707 681 1760 in
704 1709 976 1762 cmlestem
1009 1706 1152 1760 illam
1181 1707 1624 1773 imnmtationem,
1653 1710 1792 1763 sicut

205 1795 432 1865 spiritus
479 1794 588 1862 jam
632 1803 868 1850 mutatus
929 1806 1012 1849 est
1056 1796 1491 1851 reconciliatione.
1539 1797 1660 1852 ﬁdei
1723 1800 1790 1852 ab

1888 622 2001 690 ejus
2034 629 2277 692 paratus,
2321 622 2650 691 exspectatio
2696 620 2934 674 colorum
2979 618 3464 673 manilestationem

1891 713 2139 783 imaginis
2167 718 2465 780 exspectat.
2499 709 2614 764 Non
2639 710 2762 778 quia
2791 719 2917 763 tunc
2942 709 3030 762 alii
3055 718 3214 762 erunt
3238 717 3332 763 aut
3357 724 3463 763 non

1889 802 2096 856 colores
2127 810 2306 864 erunt,
2336 801 2428 854 sed
2453 807 2657 853 tantum
2681 799 2823 866 quod
2849 799 3009 852 aliam
3033 799 3348 868 dignitatem
3375 799 3468 852 ba-

1888 891 2108 945 bebunt.
2153 889 2388 943 Vanitati
2418 889 2576 953 enim,
2614 889 2804 956 inquit,
2838 898 3078 941 creatura
3112 888 3347 958 subjecta
3392 900 3468 944 est

1891 981 2112 1053 (Eccles.
2139 979 2199 1052 ι).
2227 980 2340 1034 Ηοε
2361 988 2442 1034 εει
2464 979 2590 1032 illud
2623 997 2634 1032 :
2669 977 2888 1032 Vanitas
2909 981 3194 1033 vanitatum
3217 990 3265 1033 et
3291 981 3467 1033 omnia

1890 1070 2109 1122 vanitas.
2135 1067 2265 1135 Quae
2291 1068 2615 1122 abundamia
2643 1067 2848 1121 homini
2881 1067 2933 1119 in
2959 1068 3102 1120 omni
3131 1069 3311 1122 labore
3345 1085 3464 1132 suo,

1890 1172 2046 1226 quem
2084 1158 2195 1226 ipse
2229 1158 2439 1213 laborat
2466 1160 2563 1212 sub
2599 1158 2747 1213 sole?
2774 1158 2860 1212 cui
2893 1158 3094 1212 dictum
3127 1167 3209 1211 est
3243 1177 3255 1211 :
3287 1158 3353 1211 In
3387 1159 3467 1211 la-

1891 1247 2010 1301 bore
2061 1248 2396 1302 manducabis
2445 1254 2630 1319 panem
2689 1247 2840 1320 (Gen.
2894 1249 3000 1319 ιιι).
3060 1247 3288 1303 Vanitati
3339 1265 3468 1320 ergo

1900 1350 2142 1393 creatura
2182 1341 2411 1409 subjecta
2433 1353 2507 1396 est
2545 1360 2646 1396 non
2684 1354 2884 1413 sponte.
2916 1343 3060 1398 Bene
3090 1345 3331 1398 additum
3364 1355 3467 1408 est,

1891 1450 1993 1487 non
2031 1443 2230 1500 sponte.
2267 1431 2436 1487 Homo
2479 1435 2670 1502 quippe
2710 1444 2900 1503 sponte
2933 1436 3196 1503 peccavit,
3237 1436 3328 1490 sed
3361 1451 3468 1490 non

1891 1533 2079 1592 sponte
2120 1524 2402 1578 damnatus
2430 1533 2531 1578 est.
2571 1526 2852 1579 Peccatum
2888 1528 3070 1596 itaque
3107 1526 3209 1581 fuit
3245 1537 3470 1597 sponta-

1890 1630 2048 1668 neum
2096 1622 2284 1667 contra
2325 1614 2648 1684 praeceptam
2700 1614 2880 1669 facere
2933 1618 3218 1682 veritatis;
3264 1618 3470 1686 peccati

1891 1711 2070 1757 autem
2109 1705 2265 1770 poena
2303 1703 2489 1769 subjici
2527 1704 2766 1758 lallaeize.
2804 1704 2916 1758 Non
2953 1721 3080 1775 ergo
3106 1716 3294 1775 sponte
3321 1723 3471 1761 crea-

1893 1801 2013 1846 tura
2042 1795 2264 1848 vanitati
2306 1796 2544 1878 subjecta
2596 1804 2697 1859 est,
2724 1797 2814 1849 sed
2842 1807 3050 1866 propter
3080 1814 3196 1851 eum
3228 1800 3316 1868 qui
3353 1800 3474 1852 sab-

199 1883 482 1938 erroribus
541 1898 833 1939 conversus
887 1885 959 1938 ad
994 1887 1184 1940 Deum.
1230 1885 1370 1954 Ergo
1411 1888 1571 1943 etiam
1621 1890 1674 1942 in
1698 1890 1783 1948 bis
1814 1877 1858 1936 Β
1876 1886 2008 1955 jecit
2035 1903 2148 1939 eam
2171 1889 2224 1939 in
2255 1905 2342 1957 spe
2361 1877 2383 1951 ,ν
2405 1888 2453 1940 i.l
2485 1896 2596 1951 est,
2629 1900 2846 1958 propter
2874 1887 2989 1956 ejus
3013 1887 3279 1956 justitiam
3313 1900 3474 1958 atque

203 1976 296 2044 qui
342 1976 707 2040 crediderunt,
738 1984 1083 2044 exspectatur
1101 1977 1277 2031 adhuc
1298 1978 1383 2030 illa
1428 1979 1786 2034 manifestatio

204 2079 326 2133 qua:
357 2066 410 2118 in
437 2065 678 2133 corporis
709 2065 1102 2120 resurrectione
1128 2067 1407 2135 proveniet
1436 2086 1447 2120 :
1481 2085 1600 2138 qua:
1624 2070 1789 2138 perti-

204 2163 300 2208 net
335 2156 401 2208 ad
442 2165 697 2224 quartum
728 2155 873 2210 illum
901 2157 1148 2226 gradum,
1185 2158 1273 2212 ubi
1313 2174 1380 2213 ex
1412 2167 1522 2213 toto
1551 2160 1786 2228 perlecta

203 2258 309 2313 pax
337 2244 462 2308 erit,
490 2244 718 2313 etquies
740 2254 966 2311 aeterna,
990 2245 1134 2299 nulla
1165 2247 1318 2302 nobis
1343 2263 1409 2301 ex
1432 2248 1608 2318 aliqua
1633 2259 1787 2318 parte

202 2335 552 2404 corruptione
579 2337 864 2392 resistente
887 2346 978 2392 aut
1007 2337 1334 2394 sollicitante
1359 2341 1624 2395 molestia.
1653 2342 1787 2397 illud

202 2426 351 2481 enim
409 2427 550 2495 Quod
599 2430 921 2496 promiserat
963 2450 976 2483 :
1025 2431 1282 2485 Existimo
1331 2433 1619 2504 quodnon
1666 2445 1787 2488 sunt

204 2517 479 2588 condigna’
514 2520 780 2589 passiones
805 2521 874 2574 ad
902 2521 1135 2589 futuram
1169 2523 1413 2592 gloriam,
1446 2542 1562 2595 qua:
1599 2526 1789 2580 revela-

206 2609 348 2662 bitur
375 2611 429 2662 in
460 2609 628 2672 nobis,
665 2610 740 2664 ita
788 2626 894 2665 non
935 2611 1167 2666 absurde
1195 2612 1529 2683 intelligitur.
1567 2615 1788 2672 Dixerat

204 2698 350 2752 enim
386 2699 632 2767 superius
662 2717 676 2752 :
711 2697 771 2754 Si
801 2709 973 2752 autem
1010 2702 1195 2770 spiritu
1224 2703 1365 2771 facta
1397 2707 1570 2759 carnis
1603 2711 1785 2762 morti-

203 2786 483 2854 ficaveritis
510 2803 529 2841 :
565 2788 706 2857 quod
733 2788 846 2843 ﬁeri
877 2803 983 2842 non
1025 2797 1203 2859 potest
1245 2791 1362 2846 sine
1407 2795 1675 2861 molestia,
1699 2798 1785 2852 cui

203 2876 462 2945 patientia
492 2877 797 2932 necessaria
826 2885 940 2940 est;
971 2893 1078 2946 quo
1109 2881 1345 2947 pertinet
1375 2891 1426 2934 et
1462 2884 1603 2950 quod
1628 2885 1787 2953 paulo

206 2977 335 3020 ante
357 2968 432 3021 ait
461 2986 473 3019 :
509 2967 569 3021 Si
593 2977 765 3021 tamen
801 2969 1201 3037 compatiamur,
1234 2979 1289 3022 ut
1327 2980 1376 3023 et
1411 2971 1783 3040 gloriﬁcemur.

206 3054 360 3123 Quod
397 3056 576 3125 itaque
601 3057 710 3110 ait:
735 3055 876 3109 Nam
901 3058 1214 3126 exspectatio
1247 3069 1501 3113 creatura:
1528 3061 1788 3116 revelatio-

207 3163 324 3200 nem
365 3145 593 3215 filiorum
641 3145 737 3200 Dei
782 3159 1061 3213 exspectat,
1106 3149 1210 3204 boc
1255 3154 1385 3203 eum
1417 3162 1545 3219 puto
1574 3153 1783 3208 dicere:

207 3233 342 3288 Nam
391 3244 444 3288 et
482 3237 582 3290 boc
625 3236 798 3306 ipsum
840 3239 981 3306 quod
1009 3238 1061 3291 in
1104 3238 1260 3293 nobis
1285 3239 1446 3304 dolet,
1486 3256 1606 3295 cum
1650 3242 1787 3297 facta
1815 3225 1859 3286 (ἶ

206 3327 390 3380 carnis
419 3327 824 3390 mortiﬁcamus,
871 3329 924 3383 id
964 3339 1066 3394 est,
1110 3345 1230 3383 cum
1269 3333 1536 3386 esurimus
1569 3333 1650 3386 vel
1677 3335 1791 3388 siti-

206 3430 329 3470 mus
368 3417 448 3470 vel
486 3433 583 3487 per
616 3418 1032 3485 abstinentiam;
1075 3421 1200 3474 dum
1243 3421 1518 3477 frenamus
1560 3423 1785 3479 delecta-

205 3507 406 3562 tionem
431 3495 746 3565 eonrubit‘us
767 3526 862 3579 per
881 3513 1212 3577 castitatem;
1240 3512 1364 3566 dum
1389 3512 1702 3581 injuriarum
1721 3517 1788 3570 la-

203 3600 530 3660 cerationes,
565 3609 619 3652 et
641 3598 1082 3655 contumeliarum
1116 3602 1333 3656 aculeos
1357 3618 1453 3670 per
1472 3605 1789 3672 patientiam

202 3691 566 3753 sustinemus;
595 3691 720 3743 dum
743 3691 998 3761 neglectis
1024 3701 1183 3762 atque
1212 3691 1400 3760 ejectis
1425 3694 1788 3764 voluptatibus

202 3780 404 3832 nostris
439 3794 536 3848 pro
567 3778 742 3834 fructu
769 3782 958 3835 matris
985 3782 1234 3836 Ecclesiae
1258 3783 1564 3838 laboramus
1591 3803 1604 3838 :
1635 3788 1790 3854 quid-

202 3870 334 3938 quid
361 3871 413 3923 in
439 3871 594 3925 nobis
620 3872 672 3924 iu
699 3873 798 3927 bac
814 3882 974 3941 atque
997 3874 1301 3944 hujusmodi
1324 3876 1600 3931 attritione
1623 3879 1784 3944 dolet,

203 3967 453 4013 creatura
479 3970 579 4014 cst.
605 3961 762 4015 Dolet
785 3963 927 4016 enim
949 3979 1146 4033 corpus
1166 3973 1220 4018 et
1243 3966 1443 4029 anima,
1465 3983 1586 4036 quae
1604 3970 1789 4039 utique

202 4061 452 4107 creatura
481 4062 584 4116 est,
616 4063 670 4107 et
689 4065 964 4124 exspectat
997 4057 1376 4111 revelationem
1407 4058 1640 4114 ﬁliorum
1659 4063 1784 4127 Dei,

203 4143 258 4197 id
288 4153 389 4209 est,
426 4155 724 4215 exspectat,
758 4148 973 4217 quando
1013 4159 1306 4218 appareat,
1346 4153 1488 4220 quod
1535 4164 1787 4208 vocatum

203 4245 288 4292 est
316 4239 367 4292 in
406 4255 469 4293 ea
497 4241 665 4309 gloria
689 4281 701 4302 ,
738 4241 803 4294 ad
834 4257 993 4312 quam
1037 4251 1286 4297 vocatum
1323 4253 1424 4298 est.
1473 4245 1607 4312 Quia
1641 4247 1785 4300 enim

204 4327 372 4382 Filius
401 4327 495 4381 Dei
534 4330 838 4400 unigenitus
876 4347 982 4386 non
1019 4340 1196 4401 potest
1225 4335 1480 4402 appellari
1513 4344 1782 4400 creatura,

202 4418 639 4488 quandoquidem
665 4436 760 4488 per
783 4422 952 4490 ipsum
975 4421 1115 4476 facta
1148 4433 1272 4476 sunt
1295 4424 1500 4488 omnia,
1527 4440 1784 4493 quazcun-

204 4523 310 4577 que
337 4508 475 4561 Deus
499 4507 641 4572 fecit,
669 4510 919 4563 distincte
942 4505 1113 4564 etiam’
1131 4525 1228 4564 nos
1257 4527 1514 4566 vocamur
1534 4524 1780 4569 creatura

204 4605 331 4650 ante
369 4596 510 4652 illam
539 4598 864 4652 evidentiam
897 4601 1080 4670 gloria:
1108 4642 1122 4666 ,
1159 4608 1215 4657 et
1242 4602 1493 4657 distincte
1528 4619 1783 4659 vocamur

204 4687 302 4742 ﬁlii
327 4689 443 4755 Dei,
465 4693 709 4760 quamvis
733 4693 834 4748 hoc
856 4695 1141 4764 adoptione
1161 4710 1464 4750 mereamur
1491 4715 1503 4749 :
1533 4712 1656 4751 nam
1693 4699 1783 4753 ille

201 4781 512 4848 unigenitus
542 4790 734 4836 natura
775 4783 917 4838 ﬁlius
976 4795 1076 4839 est.
1116 4786 1256 4855 Ergo
1297 4789 1609 4854 exspectatio
1635 4805 1784 4844 crea-

204 4879 362 4936 tura',
388 4871 440 4927 id
463 4882 566 4938 est,
587 4877 918 4944 exspectatio
946 4887 1128 4931 nostra
1159 4877 1512 4932 reuelationem
1547 4879 1781 4947 ﬁliorum

203 4959 303 5016 Dei
331 4971 608 5030 exspectat,
633 4963 685 5018 id
715 4975 1107 5036 est,exspectat
1127 4967 1342 5036 quando
1356 4976 1610 5036 appareat
1638 4961 1781 5038 quod

205 5055 530 5122 promissum
559 5062 674 5120 est,
702 5057 914 5124 quando
947 5057 1122 5126 reipsa
1153 5057 1495 5112 manifestum
1537 5060 1608 5113 sit
1641 5060 1786 5128 quod

206 5159 350 5198 nunc
367 5160 460 5213 spe
485 5161 688 5200 sumus.
715 5145 844 5200 Filii
869 5149 1003 5201 enim
1026 5148 1122 5201 Dei
1142 5165 1320 5202 sumus
1333 5167 1352 5213 ;
1375 5160 1423 5203 et
1446 5151 1676 5204 nondum
1693 5170 1785 5222 αρ-

205 5235 383 5304 paruit
405 5235 530 5304 quid
570 5237 780 5289 erimus.
817 5235 1023 5291 Scimus
1052 5242 1296 5308 quoniam
1319 5256 1436 5292 cum
1459 5244 1784 5310 apparuerit,

206 5323 403 5380 similes
430 5327 477 5378 ei
516 5328 746 5388 erimus;
780 5329 1024 5397 quoniam
1064 5331 1346 5383 videbimus
1375 5347 1492 5383 eum
1525 5333 1680 5386 sicuti
1709 5343 1782 5387 est

210 5412 284 5484 (Ι.
316 5411 476 5467 Joan.
511 5413 613 5486 ιιι).
642 5414 758 5485 lpsa
791 5424 873 5470 est
904 5419 1160 5472 revelatio
1192 5418 1422 5474 ﬁliorum
1455 5419 1584 5483 Dei,
1617 5438 1780 5488 quam

208 5520 355 5560 nunc
377 5516 654 5574 exspectat
673 5509 999 5577 exspectatio
1014 5518 1300 5564 creaturas:
1330 5525 1436 5563 non
1467 5511 1608 5579 quod
1631 5527 1782 5566 crea-

212 5600 333 5647 tura
386 5595 766 5652 revelationem
813 5606 1089 5667 exspeCIat
1128 5599 1346 5653 alterius
1396 5608 1620 5664 naturae,
1661 5617 1781 5670 qua:

212 5696 321 5736 non
347 5683 416 5736 sit
439 5693 717 5750 creatura;
747 5687 838 5740 sed
867 5686 982 5755 ipsa
1007 5688 1181 5756 qualis
1211 5703 1353 5742 nunc
1378 5696 1461 5742 est
1482 5699 1779 5757 exspectat,

212 5771 425 5838 quando
454 5772 544 5837 sit,
583 5774 758 5841 qualis
794 5773 968 5829 futura
997 5784 1118 5831 est:
1151 5786 1404 5846 tanquam
1440 5776 1484 5831 si
1512 5776 1783 5834 diceretur

1808 4563 1861 4622 D

1889 1979 2249 2053 clementiam,
2298 1980 2388 2049 qui
2439 1995 2611 2048 neque
2660 1980 2977 2050 impunitum
3019 1990 3303 2050 peccatum
3343 1981 3474 2035 reli-

1887 2073 2004 2140 quit
2029 2087 2174 2134 ,~nec
2209 2072 2562 2126 insanabilem
2593 2071 2760 2126 voluit
2796 2086 2914 2126 esse
2952 2081 3306 2141 peccantem;
3339 2072 3465 2140 quia

1889 2172 1944 2216 et
1971 2165 2082 2232 ipsa
2116 2175 2380 2223 creatura.
2410 2164 2460 2218 id
2486 2173 2596 2226 est,
2635 2164 2744 2232 ipse
2779 2164 2968 2224 homo,
2998 2177 3118 2217 cum
3145 2161 3259 2230 jam
3280 2153 3501 2233 'signan

1889 2252 2026 2307 culo'
2054 2252 2303 2321 imaginis
2343 2259 2562 2320 propter
2605 2259 2884 2319 peccatum
2928 2251 3164 2315 amisso,
3210 2251 3473 2306 remansit

1891 2343 2264 2398 tantummodo
2293 2352 2566 2407 creatura,
2593 2343 2644 2396 id
2674 2354 2777 2408 est,
2810 2344 2923 2412 ipsa
2958 2357 3078 2411 quae
3114 2343 3347 2396 nondum
3378 2343 3496 2396 vo—'

1888 2445 2042 2488 catur
2085 2433 2313 2487 ﬁliorum
2357 2434 2527 2486 forma
2576 2431 2812 2501 perfecta
2837 2473 2849 2495 ,
2888 2433 2981 2486 sed
3013 2441 3216 2486 tantum
3245 2441 3474 2487 voealur

1889 2534 2158 2591 creatura,
2190 2526 2507 2582 liberabitur
2532 2541 2560 2578 a
2590 2525 2849 2579 servitute
2888 2524 3156 2579 interitus.
3192 2524 3343 2591 Quod
3370 2525 3472 2579 ita-

1887 2632 1992 2686 que
2019 2618 2121 2679 ait,
2165 2627 2213 2670 et
2243 2619 2354 2685 ipsa
2397 2616 2734 2680 liberabitur,
2773 2613 2901 2668 facit
2948 2614 3213 2684 intelligi,
3260 2622 3314 2669 et
3356 2615 3473 2684 ipsa

1888 2706 2337 2776 quemadmodum
2377 2723 2495 2771 nos,
2539 2707 2590 2760 id
2622 2713 2744 2771 est,
2784 2713 2842 2760 et.
2871 2705 2936 2760 de
2965 2705 3093 2774 ipsis
3124 2721 3228 2760 non
3265 2713 3346 2761 est
3381 2706 3477 2762 de-

1887 2798 2233 2868 sperandum,
2289 2799 2379 2868 qui
2425 2799 2658 2853 nondum
2705 2806 2966 2852 vocantur
3013 2799 3104 2852 ﬁlii
3162 2797 3298 2862 Dei,
3345 2798 3473 2868 quia

1888 2889 2123 2942 nondum
2159 2888 2521 2953 crediderunt,
2563 2888 2656 2942 sed
2689 2897 2896 2943 tantum
2943 2898 3212 2954 creatura,
3255 2891 3379 2958 quia
3417 2899 3474 2943 et

1890 2979 1989 3046 ipsi
2025 2979 2282 3033 credituri
2312 2987 2455 3043 sunt,
2489 2987 2542 3032 et
2565 2978 2940 3035 liberabuntur
2968 2997 2998 3036 a
3034 2983 3296 3035 servitute
3333 2981 3473 3036 inte-

1891 3067 2028 3122 ritus
2070 3068 2519 3136 quemadmodum
2561 3084 2676 3133 nos,
2719 3070 2810 3138 qui
2850 3070 2962 3140 jam
3001 3069 3099 3138 ﬁlii
3132 3070 3229 3124 Dei
3269 3087 3472 3134 sumus,

1889 3159 2122 3227 quamvis
2154 3159 2383 3212 nondum
2414 3161 2714 3229 apparuerit
2742 3160 2868 3229 quid
2891 3161 3103 3215 erimus.
3136 3161 3476 3227 Liberabitur

1891 3266 2019 3320 ergo
2043 3265 2073 3302 a
2103 3250 2361 3304 servitute
2383 3250 2630 3304 interitus
2654 3251 2709 3303 in
2731 3249 3013 3304 libertatem
3042 3251 3222 3322 gloria:
3239 3251 3472 3320 ﬁliorum

1891 3339 2011 3404 Dei,
2041 3340 2093 3393 id
2113 3349 2216 3403 est,
2245 3348 2406 3402 erunt
2434 3349 2488 3392 et
2518 3339 2617 3408 ipsi
2645 3355 2713 3392 ex
2741 3340 2913 3393 servis
2951 3340 3124 3404 liberi,
3159 3349 3214 3396 et
3237 3356 3304 3396 ex
3329 3357 3476 3396 mor-

1892 3429 1998 3483 tuis
2037 3428 2251 3497 gloriosi
2292 3429 2344 3482 iu
2391 3429 2497 3482 vita
2545 3428 2813 3498 perfecta,
2861 3445 3023 3499 quam
3070 3431 3344 3485 habebunt
3377 3431 3472 3485 ﬁlii

1893 3519 2004 3572 Dei.
2032 3517 2228 3589 (Θήῃ.)
2259 3517 2366 3572 Sed
2391 3519 2456 3572 ab
2479 3519 2580 3581 his,
2611 3519 2655 3572 si
2680 3519 2911 3582 videtur,
2942 3520 3381 3589 exemplisetiam
3404 3521 3473 3576 ad

1892 3609 2169 3677 superiora
2217 3609 2539 3672 conscende,
2583 3617 2636 3662 et
2673 3608 2794 3663 vide
2835 3610 3003 3678 ipsius
3048 3611 3206 3675 solis,
3247 3621 3301 3664 et
3333 3611 3472 3667 tuine

1892 3714 1956 3753 ac
1995 3698 2276 3753 stellarum
2303 3698 2446 3760 coeli,
2471 3710 2526 3752 et
2567 3699 2729 3753 totius
2757 3700 2936 3754 mundi
2976 3700 3295 3766 ministeria,
3337 3717 3472 3770 quo-

1893 3788 2322 3866 modqsubjecta
2365 3796 2490 3841 sunt
2523 3789 2783 3851 vanitati,
2813 3791 3251 3860 corruptionique
3290 3790 3476 3846 deser-

1890 3879 2063 3932 viunt.
2084 3877 2162 3932 Ad
2189 3893 2319 3932 usus
2335 3892 2568 3945 namque
2593 3877 2870 3931 hominum
2889 3878 3037 3932 alunt
3066 3889 3295 3948 segetes,
3313 3882 3472 3935 arbo-

1891 3985 2009 4023 rum
2035 3969 2238 4024 t‘ructus
2261 3969 2562 4038 producunt
2591 3969 2921 4037 berbamque
2946 3985 3278 4039 camporum,
3307 3981 3472 4041 atque

1888 4059 2104 4114 eosdem
2120 4060 2171 4112 in
2191 4073 2248 4114 se
2272 4066 2603 4116 revertentes
2625 4059 2751 4111 anni
2774 4059 3006 4113 circulos
3030 4061 3268 4115 volvunt.
3297 4062 3472 4132 Repa-

1890 4159 2010 4204 rant
2035 4151 2177 4205 enim
2210 4166 2328 4219 quae
2353 4160 2702 4225 prieterepnt,
2728 4161 2781 4205 et
2802 4153 3078 4218 prasterire
3107 4168 3319 4207 rursum
3352 4171 3472 4223 quae

1889 4248 2138 4310 reparata
2169 4248 2294 4294 sunt
2323 4239 2523 4294 sinunt.
2550 4239 2774 4309 (Δηώ.)
2803 4241 2855 4292 In
2888 4239 3095 4293 Domini
3126 4249 3179 4293 et
3210 4243 3472 4297 creatoris

1887 4338 2150 4398 potestate
2178 4329 2349 4398 posita
2374 4338 2646 4393 creatura,
2672 4344 2777 4382 non
2801 4329 2987 4399 utique
3017 4339 3206 4398 sponte
3227 4331 3470 4399 subjecta

1885 4427 1969 4472 est
1996 4417 2220 4472 vanitati
2259 4437 2270 4471 :
2318 4434 2423 4473 non
2451 4419 2596 4473 enim
2637 4420 2878 4488 proderit
2915 4419 3015 4474 sibi
3052 4422 3192 4490 quod
3226 4422 3468 4490 subjecta

1886 4517 1992 4572 est,
2017 4510 2111 4561 sed
2139 4507 2315 4562 nobis.
2346 4507 2485 4572 Quid
2508 4517 2592 4562 est
2612 4525 2763 4578 ergo,
2788 4510 2843 4563 in
2863 4526 2964 4578 quo
2992 4511 3208 4564 vanitati
3232 4512 3467 4582 subjecta

1888 4607 1982 4660 est,
2035 4596 2136 4651 nisi
2167 4597 2291 4666 quia
2329 4613 2448 4666 quae
2492 4609 2715 4668 generat
2759 4599 2961 4652 caduca
3002 4600 3160 4652 sunt?
3199 4598 3468 4668 Operatur

1890 4688 2034 4743 enim
2066 4696 2122 4741 ut
2164 4687 2369 4741 fructus
2405 4687 2566 4740 faciat
2590 4687 2998 4757 corruptibiles;
3034 4689 3307 4758 corruptio
3337 4705 3467 4760 ergo

1891 4788 1972 4834 est
2002 4779 2229 4832 vanitas.
2274 4778 2466 4833 Omnia
2501 4779 2647 4832 enim
2680 4793 2800 4846 quas
2841 4786 3136 4834 nascuntur
3172 4779 3226 4833 in
3267 4781 3468 4835 mundo

1891 4872 2124 4935 inﬁrma,
2157 4872 2376 4934 caduca,
2419 4879 2473 4924 et
2507 4870 2903 4938 corruptibilia,
2946 4885 3008 4924 ac
3055 4885 3151 4939 per
3185 4871 3288 4924 hoc
3327 4887 3466 4926 vana

1890 4971 2031 5017 sunt.
2059 4961 2208 5014 Vana
2235 4971 2361 5015 sunt
2387 4961 2555 5025 enim,
2587 4962 2712 5029 quia
2736 4968 2935 5015 statum
2961 4954 3115 5014 suum
3147 4970 3326 5017 tenere
3359 4979 3466 5018 non

1887 5061 2127 5123 possunt.
2163 5051 2296 5106 Nam
2338 5061 2526 5107 cuncta
2566 5051 2864 5106 deformata
2896 5068 2994 5122 per
3023 5051 3224 5108 ﬂuxum
3255 5071 3467 5125 semper

1888 5143 1942 5196 in
1966 5157 2024 5196 se
2055 5142 2281 5196 redeunt
2307 5138 2525 5194 confusa
2550 5140 2603 5193 iu
2629 5148 2900 5194 naturam.
2919 5140 3030 5196 Hoc
3055 5141 3185 5196 dicit
3213 5143 3278 5196 dc
3304 5144 3387 5197 bis
3409 5153 3464 5198 et

1890 5231 2142 5286 Salomon
2178 5232 2300 5299 quia
2333 5229 2513 5284 omnia
2546 5229 2660 5283 lucc
2683 5231 2914 5285 vanitas.
2950 5230 3057 5285 Nec
3090 5229 3358 5284 discordat
3393 5232 3463 5287 ab

1887 5322 1978 5387 bis
1997 5321 2186 5385 David,
2211 5321 2395 5375 dicens
2424 5338 2436 5372 :
2481 5317 2842 5373 Verumtamen
2878 5322 3079 5374 vanitas
3115 5323 3282 5375 omnis
3307 5324 3462 5375 homo

1887 5411 2054 5465 vivens
2086 5408 2256 5481 (Psal.
2289 5408 2434 5479 cxv).
2475 5409 2796 5462 Manducare
2823 5410 2968 5463 enim
2992 5417 3046 5462 et
3076 5409 3258 5464 bibere
3288 5418 3343 5464 et
3374 5425 3463 5465 res

1887 5502 2069 5556 mundi
2105 5516 2296 5555 curare
2334 5514 2509 5553 nonne
2545 5498 2750 5551 vanitas
2778 5499 2898 5552 est?
2926 5499 2995 5553 Et
3032 5499 3250 5568 prodest
3279 5509 3460 5554 tamen

1886 5595 1998 5664 ipsa
2025 5592 2260 5656 vanitas;
2286 5592 2498 5662 proﬁcit
2524 5591 2668 5645 enim
2696 5591 3005 5647 hominibus
3033 5593 3240 5647 natisin
3261 5592 3465 5646 mundo

1884 5694 1944 5738 ut
1986 5699 2082 5754 per
2109 5685 2220 5738 lucc
2261 5684 2312 5736 in
2354 5681 2670 5752 corporibus
2703 5681 2986 5734 exercitati
3017 5681 3227 5735 discant
3263 5686 3468 5748 myste-

1885 5777 2025 5831 rium
2054 5774 2329 5831 creatoris.
2361 5773 2442 5827 Ad
2474 5773 2931 5840 comparationem
2960 5772 3104 5826 enim
3135 5780 3471 5826 :eternorum
