3948 6308
508 364 648 419 1459

1128 360 1190 416 Β.
1232 360 1487 416 RABANI
1522 360 1743 418 MAURI
1780 361 2101 420 ARCHIEP.
2144 362 2456 422 MOGUNT.
2496 363 2780 424 OPERUM
2816 368 2997 424 PARS
3032 370 3115 427 lll.

3642 382 3765 436 “60

500 497 636 536 vana
674 492 834 547 sunt;
879 494 1002 535 nam
1037 487 1092 540 in
1120 494 1216 534 suo
1258 481 1395 535 bona
1428 490 1576 549 sunt,
1614 482 1811 552 quippe
1840 497 1962 537 cum
1985 484 2093 537 sint
2117 490 2166 553 Α
2196 482 2458 539 Creatura
2486 485 2631 540 enint
2662 485 2920 542 licet-non
2950 488 3137 544 volens
3167 492 3412 562 subjecta
3459 495 3551 559 sit,
3594 506 3763 555 tamen

500 571 824 627 necessaria.
855 569 957 625 Sed
984 580 1193 640 propter
1217 587 1334 624 eum
1366 572 1455 642 qui
1478 572 1697 642 subjecit
1718 572 1865 626 illam
1891 574 1946 626 in
1974 590 2083 642 spe.

500 663 635 730 Qua:
661 663 818 734 spes?
843 662 1035 716 Statint
1075 660 1305 730 subjecit
1334 663 1518 718 dicens
1547 678 1560 716 :
1590 662 1853 727 Quoniam
1894 672 1941 717 et
1973 665 2086 733 ipsa

498 764 741 811 creatura
764 753 1071 806 liberabitur
1098 770 1129 805 a
1153 755 1397 806 servitute
1423 755 1769 822 corruptionis
1791 756 1844 808 in
1874 754 2087 807 liberta-

497 855 599 899 tem
635 843 816 915 gloriw
853 843 1085 902 ﬁliorum
1124 842 1236 897 Dei.
1276 843 1538 910 Quoniam
1573 844 1949 899 contradicere
1977 861 2084 898 non

494 944 675 1007 potest
698 944 948 991 creatura
967 936 1233 993 conditori
1257 951 1374 999 suo,
1401 938 1515 1006 ejus
1536 941 1698 991 eausa
1714 936 1953 1004 subjecta
1980 947 2085 1003 est,

496 1045 603 1083 non
632 1028 749 1085 sine
774 1044 889 1099 spe.
935 1029 1109 1089 Habet
1139 1028 1281 1082 enint
1312 1027 1365 1081 in
1392 1027 1578 1083 labore
1605 1029 1780 1099 posita
1812 1029 1913 1084 hoc
1940 1030 2084 1083 sola-

496 1122 653 1187 tium,
697 1123 953 1192 quoniam
997 1120 1218 1185 habebit
1259 1122 1531 1190 requiem,
1586 1137 1706 1177 cum
1754 1121 2085 1176 crediderint

494 1228 702 1279 omnes,
720 1228 856 1283 quos
875 1214 977 1268 scit
990 1214 1130 1268 Deus
1142 1213 1442 1269 credituros
1460 1232 1470 1266 :
1489 1228 1719 1283 quorum
1739 1213 1902 1268 etiam
1920 1229 2082 1268 causa

494 1307 742 1376 subjecit.
787 1306 989 1379 (Greg.)
1028 1306 1258 1363 Vanitati
1310 1308 1506 1378 quippe
1551 1315 1801 1363 creatura
1847 1323 1952 1362 non
1995 1321 2087 1361 vo—

493 1395 610 1451 lens
650 1398 926 1465 subditur,
966 1400 1089 1468 quia
1133 1399 1292 1453 ltomo
1332 1397 1425 1468 qui
1476 1398 1726 1468 ingenita:
1768 1399 2084 1453 constantia:

493 1494 691 1540 statum
720 1487 909 1543 volens
934 1487 1189 1553 deseruit,
1219 1502 1438 1557 pressus
1465 1488 1567 1542 iste
1591 1488 1934 1544 mortalitatis
1959 1504 2088 1558 pon-

493 1580 639 1644 dere;
665 1581 855 1636 nolens
874 1580 1251 1638 mutabilitatis
1270 1596 1380 1634 sua:
1401 1580 1731 1649 corruptioni
1756 1582 1941 1635 servit.
1977 1579 2084 1635 Sed

492 1679 742 1725 creatura
772 1672 886 1726 haec
910 1680 1035 1725 tunc
1070 1685 1099 1723 a
1137 1670 1397 1724 servitute
1431 1670 1795 1740 corruptionis
1824 1671 2079 1741 eripitur,

491 1778 615 1818 cum
649 1767 715 1820 ad
753 1764 985 1821 ﬁliorunt
1019 1763 1111 1826 Dei
1143 1762 1369 1833 gloriam
1406 1763 1715 1833 incorrupta
1752 1764 2082 1833 resurgendo

2189 576 2445 644 quoniam
2471 576 2735 631 voluntati
2770 580 2913 634 cedit
2956 580 3073 648 ejus
3102 583 3193 650 qui
3225 598 3285 638 se
3324 584 3585 653 subjecit,
3612 589 3765 645 etiam

2194 665 2448 721 allectum
2474 669 2760 737 quemdam
2790 680 2843 726 et
2873 672 3192 727 charitatem
3223 676 3368 730 circa
3397 694 3491 733 eos
3514 681 3763 749 exhibet,

2188 774 2287 832 pro
2312 761 2509 829 quibus
2532 762 2743 816 videtur
2789 780 2910 818 esse
2962 766 3204 833 subjecta
3232 808 3246 832 ,
3279 778 3335 823 et
3376 785 3476 838 pro
3503 773 3764 832 doloribus

2190 864 2377 903 eorum
2410 851 2571 916 dolet,
2620 861 2673 906 et
2714 869 2811 923 pro
2857 857 3147 925 gemitibus
3192 861 3377 928 gemit.
3410 860 3612 935 (Amb.)
3639 867 3765 933 Quia

2188 942 2381 1006 omnis,
2423 943 2518 1006 ait,
2550 954 2792 999 creatura
2835 963 2934 1017 per
2961 950 3336 1017 quotidianum
3366 951 3605 1009 laborem
3635 961 3766 1027 inge-

2188 1037 2357 1090 miscit
2396 1046 2443 1090 et
2484 1037 2621 1091 dolet
2680 1056 2842 1109 usque
2894 1043 3091 1105 modo;
3148 1060 3321 1114 usque
3388 1046 3547 1102 modo
3594 1050 3765 1105 tandiu

2186 1126 2475 1197 signiﬁcat,
2510 1129 2745 1197 quandiu
2778 1130 2994 1199 legitur.
3028 1132 3145 1201 Ipsa
3172 1136 3321 1205 enim
3350 1137 3617 1193 elementa
3654 1157 3763 1196 cum

2187 1222 2547 1277 sollicitudine
2576 1237 2769 1293 operas
2808 1240 2935 1279 suas
2974 1226 3268 1291 exhibent,
3304 1229 3429 1297 quia
3460 1231 3538 1283 sol
3567 1241 3621 1285 et
3646 1233 3763 1287 luna

2187 1327 2294 1366 non
2340 1313 2454 1367 sine
2505 1311 2690 1368 labore
2748 1323 2951 1369 statuta
2999 1316 3101 1371 sibi
3167 1318 3395 1388 implent
3456 1322 3665 1390 spatia,
3717 1333 3763 1377 et

2185 1402 2407 1470 spiritus
2457 1402 2766 1457 animalium
2808 1421 3003 1477 magno
3050 1409 3251 1476 gemitu
3294 1418 3537 1463 arctatur
3575 1413 3640 1465 ad
3677 1428 3761 1467 ex-

2186 1490 2419 1545 hibenda
2455 1493 2697 1547 servitia.
2738 1493 2873 1548 Nant
2920 1496 3162 1553 videmus
3209 1499 3297 1552 illa
3346 1503 3615 1568 gementia
3657 1504 3762 1574 cogi

2186 1582 2350 1636 invita
2393 1584 2460 1638 ad
2497 1585 2753 1641 laborem.
2802 1587 2929 1643 llaec
2964 1604 3095 1661 ergo
3128 1594 3309 1647 omnia
3337 1606 3653 1663 exspectant
3690 1613 3764 1651 re.

2186 1679 2388 1748 quiem,
2421 1690 2479 1732 ttt
2508 1696 2535 1733 a
2570 1681 2748 1734 servili
2779 1697 2943 1753 opere
2984 1683 3301 1741 liberentur.
3346 1687 3401 1741 Si
3439 1699 3617 1744 autem
3661 1692 3760 1744 haec

2188 1783 2335 1828 esset
2367 1774 2621 1839 servitus,
2668 1791 2788 1845 qua:
2828 1778 2895 1831 ad
2931 1779 3099 1832 Deum
3122 1781 3410 1848 proﬁceret
3462 1798 3757 1851 promeren-

491 1854 821 1909 sublevatur.
872 1852 969 1907 Hie
1014 1852 1194 1920 itaque
1241 1850 1396 1906 electi
1441 1852 1687 1907 molestia
1719 1853 1883 1907 vincti
1922 1863 2080 1919 sunt,
2115 1840 2161 1899 Β
2189 1863 2335 1928 dum,
2362 1867 2641 1934 gauderet,
2666 1840 2771 1920 ιίοη
2794 1868 3004 1923 dolere;
3020 1840 3270 1925 ρτρεζιιιη
3300 1888 3312 1924 ;
3338 1875 3431 1926 sed
3452 1840 3579 1942 {luga
3606 1876 3756 1928 nos";

490 1947 615 2015 quia
640 1947 814 2000 adhuc
844 1944 1205 2015 corruptionis
1235 1958 1344 1997 sua!
1368 1958 1524 2012 pmna
1552 1944 1946 2015 deprimuntur.
1978 1944 2083 2000 Sed

490 2055 612 2095 Cum
654 2037 990 2108 corruptibili
1033 2050 1197 2093 carne
1236 2036 1505 2102 exuimur,
1549 2038 1703 2106 quasi
1747 2038 1814 2091 ab
1850 2038 1935 2091 his
1961 2038 2082 2106 qui-

490 2131 592 2185 bus
626 2146 769 2185 nunc
800 2128 1165 2198 astringitttur,
1209 2126 1454 2183 molestia
1487 2126 1713 2181 vinculis
1754 2127 2080 2181 relaxantur.

489 2222 637 2293 Ipsa,
667 2221 864 2291 inquit,
908 2226 1150 2274 creatura
1198 2216 1505 2272 liberabitur
1545 2236 1577 2271 a
1622 2220 1868 2272 servitute
1905 2234 2086 2271 corru-

488 2316 703 2388 ptionis,
750 2316 804 2367 in
844 2314 1133 2367 libertatem
1186 2310 1369 2383 gloria:
1418 2310 1649 2379 ﬁliorum
1698 2310 1814 2363 Dei.
1872 2310 2085 2365 Eiectos

488 2408 633 2464 enim
664 2421 805 2461 nunc
838 2420 997 2475 pe‘na
1031 2403 1395 2472 corruptionis
1423 2413 1703 2472 aggravat,
1735 2403 1827 2456 sed
1854 2411 1977 2456 tunc
2004 2404 2083 2455 itt-

488 2496 853 2567 corruptionis
878 2496 1047 2567 gloria
1077 2494 1311 2559 exultat;
1338 2501 1391 2548 et
1414 2502 1673 2563 quantum
1703 2492 1770 2546 ad
1800 2493 2084 2562 praesentis

488 2595 832 2650 necessitatis
876 2593 1087 2664 pondus
1128 2606 1271 2651 nunc
1324 2592 1378 2645 in
1424 2591 1518 2648 Dei
1564 2590 1686 2645 ﬁliis
1729 2589 1797 2645 de
1835 2589 2082 2644 libertate

489 2687 623 2742 nihil
664 2686 999 2750 ostenditur;
1029 2692 1290 2755 quantum
1326 2699 1456 2739 vero
1496 2684 1564 2737 ab
1605 2684 1982 2752 subsequentis
2014 2683 2080 2735 li-

487 2777 718 2834 bertatis
759 2776 986 2847 gloriam
1035 2785 1164 2830 tunc
1210 2776 1264 2829 in
1312 2774 1408 2830 Dei
1457 2774 1671 2829 famulis
1718 2774 1784 2827 de
1823 2776 2081 2829 servitute

490 2868 624 2924 ttibil
654 2868 954 2940 apparebit.
987 2866 1249 2922 Creatura
1277 2880 1406 2937 ergo
1434 2863 1691 2919 servitute
1718 2863 2080 2931 corruptionis

490 2968 653 3015 exuta
682 2966 736 3014 ct
759 2958 1016 3028 dignitate
1049 2958 1318 3013 libertatis
1348 2964 1567 3026 accepta
1592 2995 1607 3021 ,
1640 2956 1693 3010 in
1724 2954 1953 3009 ﬁlioruut
1986 2954 2079 3007 Dei

490 3052 717 3122 gloriam
744 3050 991 3114 vertitur,
1035 3049 1159 3119 quia
1189 3049 1335 3102 unita
1362 3049 1473 3102 Deo
1502 3062 1598 3117 per
1632 3046 1888 3116 Spiritum
1925 3045 2078 3114 quasi

488 3142 593 3196 hoc
632 3142 804 3210 ipsum
850 3139 993 3210 quod
1034 3148 1285 3195 creatura
1330 3147 1415 3195 est
1453 3137 1714 3192 transisse
1758 3152 1822 3191 ac
1870 3134 2079 3190 subisse

493 3233 817 3289 declaratur.

563 3324 770 3379 Scimus
817 3324 955 3377 enim
1005 3323 1145 3394 quod
1195 3322 1362 3376 omnis
1409 3330 1653 3376 creatura
1699 3321 1989 3389 ingemiscit
2031 3328 2076 3377 et

488 3416 717 3485 parturit
741 3430 901 3485 usque
925 3414 1117 3467 adhuc.
1136 3412 1331 3485 (Orig)
1356 3412 1508 3478 Quod
1536 3412 1613 3465 ait
1646 3411 1811 3465 omnis
1836 3421 2076 3464 creatura

492 3506 783 3575 ingentiscit
836 3514 885 3561 et
928 3505 1193 3574 parturit,
1228 3504 1525 3560 secundum
1558 3502 1706 3556 illunt
1741 3516 1957 3556 sensum
1991 3516 2079 3553 ac-

492 3596 756 3666 cipiemus
782 3597 1032 3665 parturit,
1068 3596 1212 3665 quod
1241 3594 1374 3649 dicit
1405 3592 1715 3663 Apostolus,
1749 3593 1998 3661 genuisse
2020 3607 2078 3646 se

493 3707 587 3761 per
618 3690 965 3762 Evangelium
994 3705 1087 3745 eos
1113 3704 1249 3758 quos
1277 3703 1375 3757 per
1418 3686 1576 3741 ﬁdem
1608 3687 1807 3741 Christi
1831 3686 2081 3757 perduxit

494 3784 559 3837 ad
590 3783 764 3837 lucem
796 3780 849 3850 (I
877 3780 1000 3835 Cor.
1030 3780 1137 3849 tv);
1170 3780 1254 3836 vel
1283 3780 1423 3835 sicut
1447 3780 1512 3834 de
1549 3779 1668 3833 aliis
1691 3778 1826 3832 dixit
1854 3797 1865 3832 :
1895 3776 2079 3830 Filioli

493 3876 613 3937 mei,
650 3891 778 3943 quos
825 3875 1012 3927 iterum
1049 3874 1319 3942 parturio,
1365 3870 1529 3924 donec
1560 3869 1813 3937 formetur
1842 3867 2079 3921 Christus

492 3968 545 4020 in
575 3966 713 4021 robis
744 3964 887 4033 (Gal.
913 3963 1010 4033 tv).
1038 3962 1278 4018 Parturit
1302 3978 1433 4031 ergo
1456 3969 1511 4015 et
1541 3970 1789 4015 creatura
1818 3976 1910 4015 eos
1944 3974 2081 4029 quos

493 4065 779 4127 regenerat
806 4054 871 4110 ad
897 4055 1146 4110 salutem.
1192 4054 1374 4126 (Aug.)
1403 4051 1591 4108 Omnis
1630 4060 1877 4105 creatura
1907 4051 1959 4103 in
1989 4050 2082 4104 ho-

498 4148 643 4202 mine
681 4153 1017 4210 numeratur,
1052 4159 1157 4199 non
1186 4145 1311 4213 quia
1340 4145 1392 4198 in
1419 4159 1483 4197 eo
1519 4153 1643 4201 sunt
1670 4158 1857 4197 omnes
1883 4141 2078 4210 angeli,

497 4248 552 4293 et
580 4238 1044 4308 supereminentes
1075 4235 1332 4300 virtutes,
1384 4248 1447 4288 ac
1488 4242 1815 4304 potestates,
1853 4241 1943 4286 aut
1972 4246 2081 4285 ete-

492 4330 625 4393 lum,
656 4335 711 4382 et
739 4336 903 4391 terra,
930 4335 985 4381 et
1023 4340 1191 4389 mare,
1235 4331 1290 4379 et
1331 4326 1511 4379 omnia
1555 4340 1675 4394 quae
1706 4325 1757 4377 in
1789 4325 1867 4378 eis
1914 4331 2077 4387 sunt;

492 4422 586 4477 sed
616 4425 739 4489 quia
768 4420 944 4475 omnis
974 4425 1218 4472 creatura
1243 4417 1441 4486 partim
1473 4417 1733 4486 spiritalis
1756 4415 2079 4483 est,partint

493 4510 742 4564 animalis
771 4550 784 4575 ,
818 4509 1014 4579 partim
1038 4511 1357 4578 corporalis.
1389 4506 1577 4562 Omnis
1607 4517 1855 4562 creatura
1903 4508 1955 4561 itt
1988 4508 2082 4561 ho-

493 4603 637 4656 mine
683 4611 799 4665 est,
842 4602 968 4669 quia
1022 4600 1269 4671 intelligit
1313 4599 1505 4668 spiritu
1545 4608 1599 4653 et
1646 4596 1809 4651 sentit
1855 4597 2031 4648 anima
2059 4636 2072 4659 ,

492 4704 546 4747 et
578 4694 822 4748 localiter
846 4708 1071 4762 corpore
1101 4701 1367 4747 movetur.
1404 4692 1594 4747 Omnis
1617 4692 1796 4758 itaque
1824 4699 2075 4743 creatura

495 4786 545 4839 itt
590 4786 807 4841 homine
835 4784 1204 4854 congemiscit,
1233 4791 1284 4836 et
1309 4783 1470 4838 dolet.
1504 4780 1675 4852 Usque
1698 4780 1873 4834 adhuc
1896 4790 2074 4835 autem

495 4884 639 4929 recte
685 4875 851 4936 dixit,
899 4874 1023 4941 quia
1070 4871 1283 4927 etiamsi
1323 4880 1450 4925 sunt
1494 4870 1659 4939 aliqui
1701 4870 1810 4939 jam
1860 4870 1911 4923 in
1954 4870 2074 4923 sinu

494 4966 753 5027 Abrahae,
804 4972 858 5018 et
906 4964 1043 5019 latro
1099 4964 1185 5017 ille
1241 4978 1364 5017 cum
1423 4962 1650 5015 Domino
1708 4961 1760 5014 itt
1817 4961 2075 5015 Paradiso

492 5057 883 5112 constituturus
906 5055 1019 5121 ipso
1044 5054 1127 5107 die
1150 5070 1255 5123 quo
1286 5052 1535 5115 credidit,
1564 5051 1743 5105 dolere
1774 5051 2070 5115 destiterit;

490 5153 675 5202 tamen
735 5160 903 5213 usque
952 5142 1128 5197 adhuc
1159 5145 1323 5195 omnis
1364 5152 1605 5197 creatura
1652 5142 1981 5211 congemiscit
2028 5149 2075 5193 et

494 5238 652 5299 dolet,
683 5238 808 5305 quia
833 5237 883 5289 itt
912 5236 995 5288 his
1018 5234 1107 5302 qui
1134 5234 1369 5288 nondum
1391 5232 1603 5286 liberati
1628 5243 1773 5296 sunt,
1797 5232 1973 5284 omnis
1994 5238 2075 5283 est

493 5327 994 5399 propterspiritum
1040 5334 1095 5379 et
1123 5326 1356 5377 animam
1399 5333 1452 5377 et
1490 5338 1701 5391 corpus.
1735 5322 1931 5393 (0rig.)
1970 5321 2073 5375 Su-

492 5418 677 5487 perius
697 5417 938 5471 dixerat:
962 5417 1220 5471 Existimo
1249 5417 1383 5469 enim
1403 5416 1650 5485 quoniam
1680 5433 1780 5469 non
1811 5425 1928 5467 sunt
1958 5430 2075 5467 con-

494 5509 667 5576 digna:
697 5508 962 5577 passiones
988 5508 1145 5575 hujus
1181 5508 1423 5576 temporis
1454 5507 1521 5560 ad
1545 5507 1777 5574 futuram
1800 5505 2020 5574 gloriam
2056 5518 2072 5555 :

495 5609 694 5652 etcum
722 5600 870 5653 ibise
898 5598 1209 5653 existimare
1255 5599 1495 5661 dixisset,
1542 5599 1627 5653 hic
1678 5599 1816 5652 scire
1860 5611 1916 5650 se
1946 5597 2075 5650 dicit

497 5689 639 5757 quod
669 5691 845 5743 omnis
874 5699 1121 5744 creatura
1148 5692 1513 5759 congemiscat
1540 5698 1594 5742 et
1638 5690 1940 5755 condoleat,
1972 5704 2076 5756 quo

498 5782 705 5837 scilicet
754 5781 888 5837 nihil
932 5782 984 5837 itt
1034 5782 1135 5837 hoc
1180 5796 1341 5836 sensu
1391 5782 1742 5837 dubitationis
1788 5781 2069 5835 habeatur.

2106 3196 2151 3259 C

2108 4558 2159 4616 D

2188 1970 2355 2009 causa
2416 1956 2663 2025 subjecta
2718 1965 2802 2012 est
2856 1959 3101 2013 servituti
3145 1963 3549 2031 corruptionis,
3608 1964 3755 2021 dolet.

2189 2045 2347 2100 Videt
2391 2047 2534 2100 enim
2583 2048 2825 2116 quotidie
2874 2064 3040 2118 opera
3077 2066 3174 2105 sua
3232 2053 3491 2117 interire;
3535 2056 3755 2124 quotidie

2188 2140 2332 2193 enim
2363 2139 2538 2193 oritur
2570 2148 2626 2195 et
2664 2142 2866 2197 occidit
2894 2160 3030 2214 Opus
3055 2144 3192 2213 ejus.
3231 2147 3400 2203 Recte
3437 2164 3567 2216 ergo
3607 2150 3755 2213 dolet,

2187 2227 2341 2296 cujus
2370 2230 2617 2298 operatio
2642 2246 2749 2285 non
2776 2231 2841 2285 ad
2873 2234 3229 2290 :eternitalem
3264 2236 3502 2303 pertinet
3528 2277 3542 2299 ,
3574 2238 3663 2289 sed
3699 2238 3757 2289 ad

2187 2321 2611 2389 corruptionem.
2644 2322 2917 2387 Quantum
2941 2339 3070 2393 ergo
3090 2324 3249 2380 datur
3281 2327 3527 2397 intelligi,
3554 2330 3679 2383 alis
3701 2330 3755 2384 dc

2186 2420 2369 2464 nostra
2402 2412 2574 2467 salute
2604 2414 2818 2468 solliciti
2855 2425 2998 2480 sunt,
3036 2418 3270 2472 scientes
3300 2418 3367 2473 ad
3398 2420 3753 2475 liberationem

2185 2519 2339 2558 suam
2363 2505 2625 2574 proﬁcere
2651 2507 2937 2571 maturius,
2966 2508 3010 2562 si
3033 2508 3192 2563 modo
3206 2525 3312 2565 nos
3332 2511 3493 2566 citius
3515 2528 3755 2582 agnosca-

2186 2610 2305 2650 mus
2333 2604 2627 2651 auctorem.
2657 2597 2781 2651 "(DC
2806 2598 2985 2665 itaque
3021 2599 3283 2661 scientes,
3316 2602 3461 2654 omni
3492 2616 3621 2655 cura
3651 2602 3753 2655 dili-

2185 2686 2472 2754 gentiaque
2516 2685 2706 2754 dignos
2752 2701 2849 2740 nos
2896 2688 3264 2756 praebeamus,
3308 2691 3430 2745 aliis
3467 2708 3676 2762 quoque
3702 2703 3751 2747 ut

2186 2776 2437 2845 exemplo
2471 2775 2639 2831 simus
2658 2818 2671 2841 ,
2702 2792 2806 2831 non
2837 2789 3021 2834 nostra
3046 2782 3220 2836 solum
3251 2783 3597 2840 miseratione
3621 2802 3752 2840 com-

2184 2865 2347 2931 moti,
2380 2866 2474 2920 sed
2506 2874 2560 2919 et
2589 2865 2706 2933 ejus
2741 2882 2906 2922 causa
2936 2869 3125 2925 diebus
3149 2886 3213 2926 ac
3250 2874 3502 2933 noctibus
3545 2874 3751 2942 injurias

2183 2955 2393 3025 patiens
2424 2956 2727 3026 iugemiscit
2758 2976 2770 3011 :
2810 2959 3045 3015 solemus
3073 2961 3218 3015 enim
3266 2963 3321 3016 in
3370 2964 3561 3019 alienis
3589 2969 3749 3021 causis

2182 3045 2501 3114 propensius
2524 3046 2766 3115 vigilare.
2807 3046 2931 3102 Non
2958 3049 3129 3103 solum
3163 3060 3337 3105 autem
3364 3052 3458 3107 illa
3487 3055 3577 3108 sed
3602 3065 3648 3108 et
3670 3071 3749 3109 nos

2180 3140 2440 3208 primitias
2478 3143 2693 3210 spiritus
2723 3141 2988 3219 hqbentes,
3016 3153 3064 3198 et
3085 3145 3185 3215 ipsi
3213 3146 3353 3200 intra
3383 3163 3475 3200 nos
3519 3149 3749 3217 gemimus

2182 3230 2515 3301 adoptionem
2546 3221 2779 3299 ﬁliorum
2805 3243 3178 3302 exspectantes,
3210 3235 3613 3306 redemptionem
3654 3256 3751 3290 cor-

2180 3322 2320 3389 poris
2358 3322 2543 3374 nostri.
2582 3320 2776 3392 (Orig.)
2810 3322 2939 3377 Tale
2992 3339 3224 3394 namque
3270 3334 3355 3380 est
3390 3329 3536 3396 quod
3585 3329 3750 3383 dicere

2180 3414 2391 3468 videtur
2426 3432 2437 3467 :
2472 3413 2587 3468 Non
2617 3414 2786 3468 solum
2814 3417 2990 3469 omnis
3029 3426 3280 3472 creatura
3322 3421 3668 3488 congemiscit
3705 3428 3753 3473 et

2181 3505 2450 3568 condolet,
2486 3507 2580 3560 sed
2606 3514 2662 3559 et
2683 3521 2783 3559 nos
2812 3506 2911 3575 ipsi
2939 3506 3211 3575 primitias
3250 3508 3478 3577 spiritus
3507 3511 3753 3564 habentes

2183 3599 2321 3652 intra
2353 3613 2450 3653 nos
2504 3600 2784 3669 gemimus.
2830 3599 2895 3653 Et
2933 3614 3031 3654 nos
3076 3602 3219 3655 enint
3261 3612 3634 3670 exspectamus
3669 3603 3750 3656 ad-

2180 3692 2449 3760 optionem
2504 3691 2734 3745 ﬁliorum
2789 3691 2927 3757 Dei,
2972 3700 3028 3747 et
3075 3695 3501 3762 redemptionem
3530 3696 3751 3764 conteris

2181 3782 2368 3837 nostri.
2420 3782 2678 3849 Quamvis
2720 3784 2822 3839 hoc
2862 3782 2978 3853 ipso
3015 3784 3130 3853 jatn
3166 3784 3309 3852 quod
3344 3782 3563 3838 Christo
3592 3785 3750 3839 credi-

2182 3891 2303 3928 mus
2328 3916 2342 3937 ,
2376 3875 2603 3928 salutent
2645 3875 2801 3928 ttobis
2849 3874 3146 3944 pratstitam
3196 3874 3511 3929 noverimus
3539 3892 3553 3939 ;
3584 3885 3749 3930 tamen

2182 3964 2234 4017 in
2267 3981 2358 4034 spe
2386 3966 2561 4018 adhuc
2584 3972 2668 4018 est
2689 3966 2833 4018 salus
2861 3965 2960 4018 ista
2978 4005 2990 4025 ,
3018 3979 3126 4018 non
3150 3966 3203 4019 in
3227 3974 3451 4034 aspectu
3477 3967 3747 4021 visibilium

2183 4053 2448 4125 [Vlalllili].
2496 4054 2551 4107 Si
2583 4055 2724 4108 enim
2748 4053 2858 4122 jant
2889 4054 3165 4109 videretur
3190 4095 3204 4117 ,
3231 4070 3337 4109 non
3366 4056 3553 4125 utique
3583 4069 3749 4123 spera-

2184 4155 2352 4199 retur.
2402 4148 2594 4215 Sperat
2635 4146 2779 4201 cnim
2827 4147 2947 4215 quis
2977 4155 3037 4201 ut
3074 4148 3274 4201 videat.
3318 4145 3374 4201 Si
3421 4161 3549 4201 vero
3587 4146 3747 4200 videat

2182 4256 2300 4310 quae
2348 4241 2631 4310 sperabat,
2680 4240 3006 4309 superﬂuum
3057 4251 3141 4294 est
3191 4240 3332 4293 ultra
3379 4254 3598 4309 sperare
3642 4252 3746 4307 quae

2182 4332 2345 4386 videt.
2401 4331 2506 4385 Nos
2552 4340 2729 4385 autem
2781 4347 2931 4401 spem
2972 4345 3079 4384 non
3124 4332 3386 4385 habemus
3430 4330 3484 4384 in
3523 4331 3605 4384 his
3643 4344 3745 4398 quae

2182 4425 2462 4485 videntur,
2489 4440 2556 4478 nc
2587 4425 2761 4478 inanis
2790 4425 2858 4477 sit
2899 4438 3023 4495 spes
3048 4433 3229 4478 nostra
3257 4439 3271 4488 ;
3312 4423 3404 4477 sed
3436 4423 3489 4477 in
3532 4424 3613 4477 his
3644 4436 3744 4491 qua:

2186 4530 2291 4568 non
2322 4514 2590 4567 videntur.
2627 4514 2693 4566 Et
2720 4514 2839 4566 ideo
2876 4513 3000 4581 quia
3039 4528 3159 4581 quae
3198 4528 3306 4567 non
3348 4512 3599 4567 videntur
3636 4525 3741 4579 spe-

2188 4619 2393 4665 ramus,
2448 4612 2499 4656 et
2555 4612 2663 4656 tant
2716 4618 2907 4671 magna
2959 4611 3083 4656 sunt
3126 4613 3343 4671 Iamque
3386 4602 3652 4672 gloriosa,
3694 4608 3743 4651 ut

2186 4695 2369 4750 multis
2415 4694 2690 4751 laboribus
2740 4693 3032 4762 multisque
3057 4692 3499 4746 tribulationibus
3529 4703 3583 4745 et
3619 4690 3743 4759 peri-

2184 4786 2319 4842 culis
2356 4784 2656 4855 cupiantur,
2692 4785 2893 4838 idcirco
2925 4799 2985 4838 ea
3016 4799 3111 4853 per
3137 4783 3452 4853 patientiam
3485 4790 3741 4849 exspecta-

2183 4892 2301 4929 tttus
2321 4916 2333 4938 ,
2367 4884 2620 4943 tanquam
2648 4874 2735 4926 vix
2763 4873 3050 4941 aliquando
3079 4883 3327 4926 ventura.
3353 4871 3467 4925 Hoc
3497 4870 3736 4931 diximus,

2183 4968 2444 5020 directum
2488 4963 2771 5032 quemdam
2810 4972 2863 5016 et
2903 4962 3215 5015 lucidiorcnt
3249 4962 3589 5016 sermonibus
3631 4959 3741 5027 ipsis

2184 5058 2490 5125 apostolicis
2526 5058 2766 5110 ordinent
2809 5057 3015 5109 dantes.
3064 5054 3248 5117 Nunc,
3290 5056 3333 5109 si
3364 5055 3599 5117 videtur,
3629 5051 3737 5121 quid

2182 5157 2265 5200 est
2296 5148 2437 5215 quod
2471 5162 2607 5200 novo
2643 5148 2745 5199 hoc
2776 5160 3022 5199 sermone
3063 5144 3263 5199 indicet
3298 5143 3614 5207 videamus,
3651 5155 3739 5209 quo

2184 5239 2319 5294 dixit
2350 5254 2363 5290 :
2398 5237 2498 5291 Sed
2523 5249 2567 5291 et
2600 5255 2691 5291 nos
2712 5238 2809 5306 ipsi
2838 5237 3093 5304 primitias
3119 5237 3334 5304 spiritus
3362 5235 3623 5287 habentes.
3659 5232 3738 5283 Le-

2184 5332 2358 5398 gimus
2401 5330 2539 5399 apud
2582 5331 2752 5397 ipsum
2794 5328 3091 5396 apostolum
3124 5328 3346 5381 Paulum
3375 5330 3513 5381 dona
3542 5327 3738 5395 velgra-

2185 5420 2287 5471 tias
2332 5419 2506 5471 sancti
2557 5417 2792 5486 Spiritus
2854 5415 3050 5468 multos
3099 5416 3325 5483 spiritus
3374 5414 3658 5475 nominari,
3690 5420 3736 5463 ut

2181 5526 2300 5565 cum
2334 5510 2503 5562 dicit:
2542 5507 2697 5560 Nunc
2747 5516 2918 5559 autem
2964 5510 3210 5571 quoniam
3260 5504 3592 5558 wmulatores
3635 5505 3734 5556 estis

2179 5603 2479 5670 spirituum,
2497 5601 2563 5653 ad
2581 5600 2977 5666 (edi/irationem
3003 5597 3498 5667 Ecclesia’,qua'rite
3525 5610 3574 5651 ut
3598 5598 3735 5650 αὲυηο

2180 5694 2310 5745 detis
2340 5691 2390 5759 (Ι
2419 5691 2541 5745 Cor.
2572 5690 2705 5759 xw).
2736 5690 2883 5743 Dona
2910 5703 3038 5759 ergo
3065 5689 3277 5742 diversa
3304 5685 3734 5758 SpiritusaPaule

2182 5783 2331 5837 multi
2361 5784 2585 5843 spiritus
2618 5780 2980 5851 appellantur.
3010 5779 3213 5835 llorum
3256 5789 3438 5836 autem
3468 5781 3731 5836 multorum
