3948 6342
284 383 415 439 MOI

847 372 1394 434 ENARRATIONUM
1430 371 1498 430 IN
1536 373 1686 431 EPP.
1728 371 1935 431 PAULI
1971 373 2096 430 LIB.
2138 372 2203 429 V.
2244 403 2314 414 —
2352 369 2423 428 IN
2461 370 2681 430 EPIST.
2720 372 2810 428 AD
2845 372 3013 431 ROM.

3416 377 3558 435 1462

282 501 543 555 donorum
588 492 850 567 quidquid
886 499 970 547 est
1008 505 1279 546 summum
1330 498 1387 544 et
1432 503 1683 559 magnum
1738 489 1855 544 sine
1885 491 1936 551 Α
1962 489 2264 542 absorbetur
2294 503 2431 543 mors
2458 488 2511 541 in
2544 488 2788 554 victoria,
2825 503 2949 543 cum
2980 488 3029 543 ei
3063 488 3296 546 dicitur:
3326 490 3429 547 Ubi
3456 502 3557 561 est,

280 591 447 646 dubio
486 585 713 657 apostoli
763 584 1039 641 consecuti
1090 590 1253 648 sunt,
1318 588 1377 634 nt
1416 580 1593 635 idonei
1643 587 1865 645 essent,

280 683 421 737 sicut
442 688 498 734 et
524 680 637 749 ipse
657 675 856 735 Paulus
891 676 1042 741 dicit,
1070 672 1307 729 ministri
1339 671 1475 726 Novi
1505 669 1860 737 Testamenti,

281 785 336 832 et
363 784 421 830 ut
443 775 648 845 replere
670 773 877 845 possint
900 769 1248 840 Evangelium
1270 768 1338 822 ab
1355 765 1653 821 Jerusalem
1682 767 1733 821 in
1757 765 1866 820 cir—

281 868 428 921 cuilu
456 880 626 935 usque
652 864 718 918 ad
740 862 1033 934 Illyricum.
1072 859 1186 913 Hoc
1215 873 1343 935 ergo
1379 856 1521 928 quod
1553 857 1605 910 in
1637 871 1727 911 eos
1758 871 1869 927 pta:

280 956 495 1012 caeteris
528 934 811 1011 sublimius
840 961 891 1006 et
920 950 1234 1021 praeclarius
1252 934 1515 1004 'collalum
1566 957 1650 1002 est
1692 948 1867 1002 sancti

281 1044 520 1117 Spiritus
577 1046 805 1105 donum,
855 1042 1049 1096 merito
1086 1040 1355 1112 primitias
1408 1040 1581 1095 sancti
1635 1038 1868 1108 Spiritus

278 1134 588 1207 appellavit.
613 1132 680 1188 Et
706 1133 823 1186 ideo
851 1131 981 1185 dicit
1006 1143 1020 1184 :
1047 1128 1152 1185 Sed
1181 1138 1230 1183 et
1260 1146 1352 1183 nos
1380 1129 1497 1199 ipsi.
1530 1129 1585 1184 In
1614 1144 1719 1197 quo
1749 1144 1869 1199 spe-

276 1228 489 1284 cialiter
534 1224 817 1295 designare
862 1222 1075 1276 videtur
1123 1219 1474 1290 apostolicam
1529 1219 1865 1289 dignitatem.

278 1315 395 1371 Nos
444 1332 587 1383 ergo,
627 1312 820 1383 inquit,
865 1312 987 1381 ipsi,
1036 1312 1140 1365 hoc
1185 1320 1268 1364 est
1308 1309 1560 1378 apostoli,
1608 1309 1868 1379 primitias

278 1406 508 1476 Spiritus
536 1405 782 1457 habentes
809 1442 824 1467 ,
859 1403 951 1471 qui
982 1400 1141 1458 electi
1191 1416 1378 1455 smnus
1407 1401 1474 1454 ad
1510 1402 1617 1455 hoc
1650 1410 1708 1454 ut
1754 1400 1869 1469 pri-

280 1497 460 1550 mitias
512 1494 746 1563 Spiritus
804 1492 1207 1561 acciperemus,
1261 1491 1418 1544 etiam
1454 1491 1555 1561 ipsi
1596 1492 1733 1545 intra
1774 1507 1867 1545 nos

274 1587 546 1657 gemimus.
575 1584 633 1638 In
661 1593 904 1647 tantum,
940 1584 1144 1651 inquit,
1174 1581 1319 1636 nulla
1363 1590 1613 1636 creatura
1634 1590 1717 1637 est
1750 1597 1868 1652 quae

273 1675 553 1731 doloribus
594 1683 649 1729 et
681 1674 972 1745 gemitibus
1022 1681 1215 1737 vacet,
1252 1680 1312 1726 ut
1356 1672 1525 1727 etiam
1575 1686 1674 1727 nos
1726 1672 1864 1742 ipsi,

271 1769 366 1840 qui
408 1782 617 1823 summa
656 1768 723 1820 ab
776 1765 979 1836 Spiritu
1020 1776 1207 1820 sancto
1250 1774 1305 1821 et
1349 1764 1519 1820 electa
1563 1764 1703 1819 dona
1742 1779 1865 1834 per-

1972 597 2135 646 mors,
2178 580 2438 636 contentio
2469 588 2601 644 tua;
2654 577 2744 631 ubi
2792 588 2887 645 est,
2931 595 3092 647 mors,
3129 580 3343 636 aculeus
3382 591 3501 638 tuus
3533 583 3559 637 ?

1973 671 2175 743 (I'Cor.
2205 671 2317 741 xv).
2366 669 2517 725 Nunc
2565 685 2720 742 ergo,
2774 670 2965 741 inquit,
3022 686 3131 726 non
3180 670 3352 727 solum
3382 674 3558 730 omnis

1973 771 2245 827 creatura,
2284 761 2337 816 id
2370 769 2471 827 est,
2518 777 2639 818 cum
2692 775 2936 831 corpore.
2991 763 3085 818 sed
3126 764 3290 819 etiam
3324 778 3425 819 nos
3457 764 3560 836 ipsi
3615 813 3617 815 .

1969 855 2239 924 primitias
2274 853 2533 908 habentes
2571 852 2828 925 Spiritus,
2863 854 2915 908 id
2941 864 3051 920 est,
3098 872 3199 913 nos
3225 858 3420 913 animze
3463 858 3557 928 qui

1970 947 2135 1001 etiam
2166 944 2433 1015 primitias
2475 955 2686 1000 mentes
2733 952 2948 1001 nostras
2997 947 3288 1004 obtulimus
3336 950 3468 1015 Deo,
3498 948 3554 1005 in

1972 1037 2129 1091 nobis
2176 1037 2305 1105 ipsis
2345 1038 2826 1109 congemiscimus.
2880 1038 2934 1091 id
2970 1046 3072 1105 est,
3120 1049 3317 1110 praeter
3359 1055 3557 1111 corpus

1971 1128 2315 1196 adoptionem
2373 1137 2751 1199 exspectantes
2820 1130 3244 1199 redemptionem
3312 1132 3557 1204 corporis

1971 1219 2165 1282 nostri,
2212 1219 2264 1272 id
2305 1229 2406 1285 est,
2432 1230 2490 1274 ut
2520 1230 2574 1275 et
2594 1222 2770 1292 ipsum
2796 1238 2994 1294 corpus
3025 1225 3293 1293 accipiens
3353 1227 3558 1282 beneﬁ-

1971 1309 2114 1363 cium
2167 1309 2472 1379 ad0ptionis
2518 1311 2751 1367 liliorum
2780 1354 2794 1378 ,
2828 1329 2932 1383 qua
2964 1316 3138 1369 vocati
3167 1331 3383 1381 sumus,
3418 1327 3558 1372 totos

1971 1416 2070 1455 nos
2099 1400 2296 1456 liberos
2353 1404 2636 1457 transactis
2691 1405 2942 1462 omnibus
2984 1407 3249 1463 molestiis
3293 1423 3360 1463 ex
3406 1407 3557 1462 omni

1970 1502 2125 1561 parte
2152 1492 2246 1548 Dei
2276 1492 2415 1547 ﬁlios
2439 1508 2560 1547 esse
2588 1494 2914 1549 manifestet.
2947 1494 3144 1567 (0rig.)
3174 1497 3346 1552 Aliter
3371 1506 3556 1553 autem

1970 1583 2113 1652 quod
2152 1584 2307 1650 dixit,
2344 1584 2747 1655 redemptionem
2774 1588 3003 1655 corporis
3034 1589 3215 1655 nostri,
3263 1604 3364 1661 ego
3411 1590 3561 1646 arbi-

1974 1682 2085 1727 tror
2136 1676 2278 1742 quod
2321 1675 2483 1729 totius
2534 1674 2791 1730 Ecclesiae
2832 1676 3099 1732 indicetur
3144 1696 3378 1751 corpus,
3417 1690 3561 1739 sicut

1969 1771 2024 1816 et
2059 1762 2184 1818 alibi
2227 1764 2304 1817 ait
2332 1782 2343 1816 :
2391 1763 2488 1818 Vos
2515 1775 2690 1818 autem
2717 1767 2838 1820 estis
2871 1784 3055 1837 corpus
3079 1768 3294 1837 Christi,
3320 1781 3367 1825 et
3393 1789 3558 1827 mem-

274 1857 533 1927 cipimus,
582 1866 761 1910 tamen
792 1862 1169 1925 exspectantes
1211 1856 1555 1923 adoptionem
1601 1852 1853 1919 ﬁliorum,
1888 1846 1934 1905 B
1966 1853 2057 1905 bra
2100 1869 2163 1906 es
2212 1864 2359 1923 parte
2406 1854 2465 1925 (Ι
2512 1855 2636 1910 Cor.
2682 1858 2795 1927 vi).
2837 1857 3007 1914 Omne
3048 1875 3177 1931 ergo
3219 1878 3418 1932 corpus
3458 1864 3560 1919 Ec-

268 1946 328 2002 id
365 1955 480 2013 est,
523 1945 911 2017 perfectionem
952 1961 1140 2000 eorum
1185 1961 1322 2015 quos
1361 1947 1557 2001 docere
1604 1956 1660 2001 et
1702 1947 1854 2000 insti-

270 2048 428 2095 tuere
456 2040 606 2094 missi
637 2055 848 2105 sumus,
889 2039 1063 2094 donec
1103 2039 1383 2094 videamus
1430 2054 1526 2094 eos
1571 2040 1625 2094 in
1654 2048 1860 2094 tantum

268 2129 555 2203 proﬁcere,
588 2140 647 2185 ut
676 2126 1257 2200 adoptari'mereantur
1279 2133 1332 2187 in
1360 2131 1525 2198 ﬁlios,
1554 2134 1861 2193 necessario

268 2224 514 2278 dolemus
551 2230 606 2277 et
639 2223 924 2294 gemimus.
972 2224 1151 2279 Donec
1180 2239 1309 2295 ergo
1331 2239 1430 2278 nos
1450 2264 1465 2289 ,
1499 2224 1738 2293 inquam,
1768 2225 1861 2294 qui

269 2316 605 2372 instituimur
625 2315 693 2371 ab
714 2315 809 2378 eis,
839 2314 1177 2386 negligimus,
1203 2325 1258 2380 et
1279 2331 1575 2389 moramur,
1601 2324 1655 2371 et
1678 2332 1863 2372 emen-

271 2408 507 2463 dationis
530 2416 729 2462 nostra:
757 2416 1000 2477 tempora
1031 2408 1242 2479 longius
1270 2409 1606 2479 protelamus
1632 2451 1645 2475 ,
1690 2411 1862 2466 donec

268 2515 379 2556 non
404 2496 691 2554 invisibilia
718 2500 1030 2567 quarrimus,
1056 2499 1151 2552 sed
1178 2499 1483 2553 visibilibns
1506 2500 1858 2565 delectamur,

270 2591 484 2647 dolores
519 2590 778 2660 apostolis
804 2601 1225 2655 commovemus,
1247 2604 1309 2644 ac
1332 2589 1535 2645 luctum
1560 2590 1640 2660 (ut
1674 2590 1747 2644 ita
1776 2590 1859 2645 di-

271 2681 435 2751 cam)
495 2681 762 2736 universae
814 2686 1078 2734 creatura:
1125 2688 1179 2734 et
1227 2678 1460 2750 gemitus
1510 2680 1857 2734 snscitamus.

273 2771 536 2828 Universa
581 2785 814 2841 namque
858 2778 1107 2825 creatura
1153 2770 1458 2841 ingemiscit
1511 2771 1857 2838 eteondolet,

270 2864 487 2919 duritiei
518 2872 572 2918 et
602 2863 963 2918 simulationis
1001 2871 1200 2917 nostra:
1227 2863 1425 2916 damna
1464 2864 1760 2932 suspirans.
1800 2862 1859 2918 Si

268 2971 400 3011 vero
448 2956 591 3027 quod
621 2956 777 3021 dixit,
816 2954 883 3008 Et
920 2972 1012 3017 nos
1051 2956 1150 3025 ipsi
1187 2956 1447 3025 primitias
1495 2954 1724 3025 Spiritus
1764 2957 1861 3010 Ita-

269 3047 475 3111 bentes,
528 3048 594 3102 de
645 3045 895 3101 omnibus
937 3046 1141 3100 dictum
1187 3046 1279 3117 qui
1335 3046 1565 3117 gratiam
1606 3045 1859 3115 baptismi

267 3139 547 3195 consecuti
599 3138 849 3193 videntur
898 3139 1173 3207 accipias,
1231 3138 1557 3208 sperandum
1613 3145 1695 3192 est
1729 3136 1859 3193 illud

1965 1943 2143 1999 clcsizc
2190 1944 2560 1999 redimendum
2622 1955 2804 2017 sperat
2856 1948 3188 2018 Apostolus,
3252 1967 3354 2007 nec
3405 1960 3561 2023 putat

1964 2051 2144 2107 posse,
2176 2052 2295 2106 qua:
2326 2036 2565 2108 perfecta
2616 2048 2764 2106 sunt,
2814 2040 2930 2095 dari
2981 2042 3208 2112 singulis
3250 2044 3557 2115 quibusque

1962 2128 2241 2193 membris,
2284 2130 2387 2185 nisi
2440 2132 2751 2186 universum
2806 2147 3007 2203 corpus
3056 2134 3110 2188 in
3165 2152 3333 2191 unum
3383 2126 3564 2194 fuerit.

1964 2230 2370 2290 congregatum.
2431 2222 2544 2277 lloc
2589 2232 2713 2289 est,
2763 2226 2908 2293 quod
2961 2225 3160 2296 singuli
3194 2237 3415 2284 orantes
3458 2245 3558 2300 pro

1963 2313 2213 2367 omnibus
2242 2320 2480 2378 oramus,
2508 2322 2567 2368 ut
2597 2317 2778 2369 veniat
2810 2331 3035 2387 regnum
3069 2319 3184 2373 Dei.
3227 2320 3379 2376 Tunc
3409 2320 3557 2376 enim

1962 2404 2067 2458 erit
2096 2403 2342 2458 liberatio
2369 2406 2616 2475 corporis
2654 2406 2852 2473 nostri,
2894 2407 2947 2463 id
2978 2418 3080 2474 est,
3127 2412 3368 2465 omnium
3396 2411 3556 2467 Chri-

1963 2494 2283 2548 stianorum.
2340 2495 2397 2548 In
2448 2510 2674 2565 corpore
2736 2496 2879 2550 enim
2932 2513 3124 2554 omnes
3184 2500 3554 2571 signiﬁcavit,

1961 2584 2087 2652 quia
2108 2601 2290 2638 sumus
2315 2584 2448 2638 alter
2476 2585 2694 2639 alterius
2725 2587 2958 2641 membra
2989 2588 3169 2658 (Rom.
3197 2592 3316 2661 xu).
3345 2590 3553 2663 [Amb]

1961 2673 2128 2745 Igitur
2156 2689 2251 2745 per
2283 2676 2397 2731 haec
2424 2691 2543 2746 quae
2565 2691 2725 2744 supra
2748 2676 2892 2731 dicta
2925 2686 3080 2743 sunt,
3119 2682 3357 2735 ostendit
3394 2698 3556 2752 quam

1961 2767 2067 2821 vim
2090 2775 2337 2822 creatura
2367 2767 2605 2837 patiatur
2631 2768 2803 2822 nostri
2832 2782 3025 2834 causa;
3057 2784 3181 2824 cum
3211 2772 3429 2841 quando
3455 2788 3555 2828 nos

1960 2860 2157 2930 quibus
2184 2859 2501 2929 obsequium
2537 2859 2652 2930 ejus
2674 2860 2911 2929 proﬁcit,
2943 2861 3141 2931 quique
3166 2862 3257 2918 Dei
3291 2862 3553 2935 Spiritum

1962 2952 2262 3020 adjutorem
2278 2952 2561 3018 habemus,
2579 2953 2999 3023 ingemiscimus,
3019 2954 3217 3010 uthinc
3237 2955 3552 3021 liberemur,

1960 3051 2021 3097 ut
2066 3045 2333 3113 promissa
2387 3059 2785 3112 consequamur
2838 3045 3081 3113 praemia.
3132 3044 3344 3113 Quanto
3382 3047 3556 3115 magis

1962 3148 2093 3204 ergo
2119 3142 2372 3188 creatura
2412 3132 2745 3204 ingemiscit,
2774 3148 2895 3203 quae
2919 3148 3095 3204 neque
3123 3134 3423 3204 adjutorem
3459 3137 3556 3191 hac

269 3233 417 3303 quod
444 3232 586 3287 idem
613 3231 906 3302 Apostolus
962 3206 1099 3286 diuit
1129 3206 1301 3302 (Rom.
1334 3229 1411 3302 xi)
1453 3249 1464 3284 :
1498 3230 1651 3297 Quod
1680 3232 1726 3286 si
1750 3231 1859 3302 pri—
1887 3206 1932 3269 ο
1964 3227 2055 3283 bet
2090 3225 2352 3297 Spiritum
2382 3234 2653 3292 sanctum,
2680 3241 2854 3294 neque
2886 3226 2940 3279 in
2978 3241 3075 3281 sua
3110 3243 3273 3283 causa
3299 3228 3507 3285 laborat
3535 3250 3547 3286 :

266 3323 432 3378 mitia
469 3331 692 3388 sanctte,
730 3332 784 3392 et
806 3338 1021 3376 massa:
1048 3331 1095 3376 et
1124 3322 1167 3377 si
1200 3322 1355 3375 radix
1384 3331 1565 3376 sancta
1584 3362 1599 3387 ,
1631 3330 1676 3375 et
1701 3321 1855 3375 rami.

271 3412 429 3479 Quod
469 3414 574 3468 etsi
612 3414 679 3468 sit
709 3453 724 3479 ,
759 3422 944 3468 tamen
976 3412 1145 3483 ipsius
1172 3426 1363 3467 massa:
1407 3412 1461 3466 in
1507 3428 1613 3481 qua
1646 3412 1860 3467 videtur

270 3503 500 3559 indicaﬁ
531 3504 822 3560 multitudo
854 3504 1119 3570 ﬁdelium,
1150 3504 1405 3573 primitias
1434 3506 1744 3561 necessario
1776 3506 1857 3561 vi-

270 3594 539 3650 debantur
572 3595 626 3649 in
657 3594 916 3665 apostolis
946 3595 1240 3652 collocatae.
1274 3595 1367 3651 Sic
1405 3595 1553 3651 enim
1596 3599 1857 3667 scriptum

268 3693 373 3750 est,
400 3684 530 3755 quia
576 3684 631 3739 in
674 3684 916 3740 Ecclesia
942 3686 1123 3756 posuit
1164 3686 1306 3741 Deus
1332 3686 1509 3756 primo
1538 3687 1809 3757 apostolos
1839 3729 1854 3754 ,

270 3779 508 3835 secundo
556 3778 849 3849 prophetas
876 3818 891 3843 ,
948 3779 1108 3834 tertio
1148 3778 1417 3834 doctores.
1466 3778 1557 3834 isti
1585 3794 1716 3850 ergo
1763 3780 1856 3850 qui

271 3869 449 3939 primo
490 3860 613 3923 lbco
648 3869 928 3923 constituti
974 3878 1131 3936 sunt,
1177 3878 1543 3941 competenter
1585 3872 1854 3942 primitias

274 3958 446 4015 sancti
488 3958 723 4028 Spiritus
757 3959 943 4029 gratiae
976 3959 1238 4029 spiritalis
1282 3961 1483 4017 habere
1518 3962 1807 4017 credentur
1837 3980 1849 4017 :

275 4049 460 4122 (Aug.)
512 4048 634 4102 Non
668 4048 839 4111 solum
890 4058 1063 4104 autem
1095 4090 1111 4116 ,
1151 4051 1346 4120 inquit,
1403 4054 1572 4105 omnis
1611 4062 1854 4108 creatura

275 4142 605 4211 congemiscit
650 4150 698 4195 et
735 4140 872 4194 dolet
901 4180 914 4207 ,
950 4140 1039 4195 sed
1068 4150 1114 4194 et
1146 4158 1239 4195 nos
1271 4142 1389 4212 ipsi,
1429 4142 1481 4196 id
1509 4150 1610 4207 est,
1637 4158 1743 4197 non
1767 4159 1851 4198 so-

274 4230 383 4287 lum
417 4231 471 4284 in
504 4230 720 4285 homine
756 4244 953 4301 corpus
995 4240 1049 4285 et
1089 4232 1269 4285 anima
1326 4240 1380 4286 et
1420 4232 1641 4301 spiritus
1692 4234 1851 4288 simul

272 4322 456 4378 dolent
484 4338 551 4379 ex
595 4321 997 4379 diﬁicultatibus
1049 4324 1313 4395 corporis,
1357 4324 1450 4380 sed
1489 4334 1545 4381 et
1590 4342 1688 4381 nos
1725 4327 1847 4396 ipsi,

269 4415 511 4485 exceptis
547 4416 893 4486 corporibus,
934 4416 989 4469 in
1024 4416 1177 4471 nobis
1204 4416 1334 4488 ipsis
1380 4419 1843 4488 congemiscimus.

1964 3319 2178 3374 addicto
2218 3318 2353 3385 hoc,
2385 3320 2525 3388 quod
2566 3334 2632 3373 ea
2680 3333 2799 3387 qua:
2837 3317 3021 3373 labore
3058 3335 3157 3375 suo
3190 3329 3449 3389 generat,
3494 3330 3554 3377 ut

1963 3410 2233 3465 alimentis
2278 3424 2563 3465 servorum
2602 3406 2696 3463 Dei
2724 3408 2974 3478 proﬁciat
3002 3450 3015 3475 ,
3050 3418 3237 3465 contra
3280 3410 3361 3467 ias
3405 3411 3556 3468 videt

1961 3499 2117 3555 idolis
2146 3501 2413 3556 immolari
2434 3503 2446 3554 l
2481 3500 2630 3556 Unde
2654 3500 2774 3570 plus
2796 3500 2966 3566 dolet,
2990 3510 3046 3555 et
3067 3510 3216 3572 optat
3235 3500 3397 3558 citius
3420 3501 3550 3557 libe-

1962 3594 2094 3660 rari,
2117 3593 2300 3650 sciens
2323 3594 2423 3651 hoc
2460 3594 2526 3648 ad
2554 3590 2806 3661 injuriam
2833 3591 3102 3661 proﬁcere
3123 3592 3402 3648 creatoris.

2031 3684 2135 3755 Spe
2156 3687 2294 3741 enim
2320 3686 2450 3742 salvi
2480 3685 2608 3753 facti
2630 3702 2829 3739 sumus.
2863 3685 3069 3757 (Δηώ.)
3095 3684 3208 3742 [Ioc
3233 3686 3393 3753 dicit,
3420 3688 3548 3758 quia

1959 3783 2229 3853 sperando
2257 3782 2400 3851 quod
2428 3781 2676 3853 promisit
2716 3780 2861 3837 Deus
2891 3782 2945 3837 in
2973 3781 3192 3837 Christo
3238 3782 3393 3837 nobis
3435 3797 3548 3839 me-

1957 3874 2122 3928 ritum
2147 3873 2393 3939 fecimus,
2426 3880 2485 3927 ut
2513 3872 2822 3928 liberemur.
2847 3872 2988 3943 Ergo
3015 3873 3069 3927 in
3099 3887 3194 3943 spe
3214 3871 3423 3929 liberati
3458 3889 3548 3929 su-

1956 3980 2098 4031 mus,
2125 3966 2251 4034 quia
2292 3980 2398 4019 non
2446 3964 2590 4019 aliud
2619 3963 2858 4020 futurum
2884 3973 3136 4035 putamus
3168 3981 3329 4036 quam
3363 3968 3541 4021 credi-

1954 4071 2093 4112 mus.
2122 4054 2251 4126 Spes
2279 4066 2452 4110 autem
2474 4072 2591 4127 qua:
2608 4057 2809 4110 videtur
2826 4072 2927 4111 non
2951 4066 3023 4111 est
3040 4074 3173 4127 spes.
3200 4056 3544 4113 Manifestiuu

1954 4155 2036 4202 est
2062 4162 2167 4201 non
2200 4162 2317 4202 esse
2348 4162 2497 4216 spem
2527 4161 2647 4217 quae
2677 4146 2920 4212 videtur,
2958 4147 3053 4203 sed
3087 4148 3230 4217 quod
3256 4163 3363 4204 non
3390 4150 3540 4205 vidc-

1954 4247 2069 4303 tur;
2104 4253 2169 4292 ac
2212 4253 2308 4307 per
2350 4238 2454 4293 hoc
2484 4237 2765 4293 credentes
2814 4240 3051 4307 praemiis
3093 4238 3360 4293 alliciendi
3391 4249 3538 4306 sunt,

1951 4330 2077 4400 quia
2123 4345 2243 4398 qua:
2273 4345 2379 4384 non
2408 4329 2595 4384 vident
2616 4337 2855 4398 sperant.
2895 4329 3036 4384 Nam
3069 4330 3207 4401 quod
3240 4331 3373 4386 videt
3399 4334 3537 4403 quis,

1949 4422 2073 4492 quid
2098 4422 2311 4491 sperat?
2340 4420 2447 4477 Sed
2479 4423 2525 4475 si
2552 4422 2690 4490 quod
2722 4438 2824 4476 non
2858 4422 3087 4479 videmus
3116 4440 3416 4494 speramus,
3446 4442 3539 4495 per

269 4510 337 4565 Et
366 4510 506 4564 bene
546 4509 682 4562 dixit
726 4509 999 4578 primitias
1024 4508 1282 4564 habentes
1311 4508 1577 4580 Spiritus,
1629 4512 1679 4565 id
1720 4520 1845 4578 est,
1877 4554 1926 4613 Β
1951 4514 2253 4583 patientiam
2292 4511 2929 4582 exspectamusuDubium
2966 4530 3073 4568 non
3100 4522 3182 4570 est
3220 4530 3282 4570 ea
3331 4517 3538 4585 sperari

269 4610 499 4673 quorum
546 4598 660 4668 jam
707 4601 927 4671 spiritus
984 4609 1241 4672 tanquam
1296 4603 1622 4659 sacriﬁcium
1673 4605 1837 4660 oblati

270 4703 395 4752 sunt
440 4695 547 4750 Deo
587 4694 719 4749 etin
751 4695 933 4750 divino
981 4695 1262 4751 charitatis
1308 4696 1429 4765 igne
1467 4698 1843 4765 comprehensi

269 4796 425 4852 sunt;
476 4794 531 4841 et
568 4793 691 4841 sunt
733 4787 987 4857 primitiae
1024 4788 1256 4842 hominis
1280 4826 1294 4852 ,
1327 4787 1453 4856 quia
1489 4787 1691 4841 veritas
1730 4788 1843 4857 pri-

268 4892 416 4932 mum
456 4876 705 4946 spiritum
746 4885 991 4931 nostrum
1026 4876 1275 4941 obtinet,
1324 4885 1385 4931 ut
1428 4891 1525 4946 per
1562 4877 1705 4932 hunc
1745 4893 1849 4932 eae-

271 4977 386 5022 tera
426 4967 971 5035 comprehendantur.
1022 4965 1141 5021 Jam
1196 4982 1325 5037 ergo
1370 4968 1532 5023 habet
1582 4969 1849 5037 primitias

269 5059 478 5127 oblatas
504 5058 616 5112 Deo
640 5096 654 5121 ,
683 5058 775 5126 qui
814 5058 945 5113 dicit
974 5077 986 5111 ε
1023 5057 1195 5113 Mente
1230 5060 1394 5113 servio
1418 5059 1517 5129 legi
1543 5058 1660 5126 Dei,
1691 5077 1846 5114 carne

271 5162 451 5206 autem
488 5148 588 5219 legi
628 5149 824 5219 peccati
863 5147 1063 5220 (Rom.
1099 5150 1230 5221 vn).
1273 5150 1339 5206 Et
1376 5151 1468 5220 qui
1498 5150 1628 5206 dicit
1660 5166 1674 5204 :
1706 5151 1846 5207 Dens

273 5242 357 5296 cui
386 5240 551 5294 servio
582 5240 637 5291 in
663 5238 845 5308 spiritu
867 5256 979 5294 meo
1007 5239 1179 5312 (Rom.
1203 5240 1266 5313 ι).
1290 5241 1358 5297 Et
1385 5242 1449 5297 de
1478 5258 1585 5313 quo
1609 5244 1805 5299 dicitur
1830 5263 1843 5299 :

270 5331 500 5404 Spiritus
551 5329 763 5399 quidem
827 5341 1095 5401 promptus
1125 5373 1140 5399 ,
1214 5349 1336 5387 caro
1398 5342 1573 5387 autem
1634 5336 1845 5403 inﬁrma

273 5424 490 5499 (Matth.
515 5424 687 5494 xxvr).
717 5421 822 5478 Sed
847 5425 1100 5493 quoniam
1126 5426 1300 5481 adhuc
1332 5426 1464 5481 dicit
1489 5444 1501 5480 :
1536 5424 1734 5497 Infelix
1754 5444 1846 5498 ego

273 5523 443 5584 homo,
494 5519 603 5590 quis
656 5534 737 5572 me
784 5516 1017 5571 liberabit
1062 5519 1125 5571 de
1175 5533 1386 5587 corpore
1430 5516 1608 5571 mortis
1653 5516 1849 5586 hujus?

275 5612 433 5686 (Rom
486 5610 601 5682 vui)
636 5629 647 5664 :
675 5619 731 5666 et
771 5611 946 5666 adhuc
977 5611 1173 5666 talibus
1206 5611 1402 5667 dicitur
1430 5628 1442 5663 :
1480 5591 1768 5676 Viviﬁcabit
1798 5616 1847 5663 et

276 5706 516 5764 mortalia
552 5723 769 5777 corpora
803 5716 972 5761 vestra
1014 5718 1223 5777 propter
1265 5704 1505 5776 spiritum
1551 5715 1843 5759 manentem

276 5802 331 5855 in
356 5801 536 5857 vobis:
567 5800 803 5857 uoudum
837 5809 921 5859 est
950 5800 1349 5865 holocaustum;
1376 5799 1477 5855 erit
1502 5806 1701 5865 autem,
1727 5815 1844 5853 cum

1951 4617 2069 4671 quia
2114 4619 2221 4657 non
2242 4602 2531 4657 videntur:
2576 4611 2955 4672 exspectantur
2998 4605 3141 4658 enim
3175 4603 3373 4659 futura.
3409 4606 3538 4663 Haec

1951 4694 2283 4763 exspectatio
2322 4692 2579 4761 patientia
2636 4700 2751 4756 est,
2792 4708 2912 4762 qua:
2969 4694 3194 4748 multum
3225 4704 3465 4751 meretur
3503 4713 3534 4751 a

1953 4787 2089 4850 Deo;
2128 4794 2186 4838 ut
2236 4785 2302 4838 de
2345 4784 2430 4838 die
2473 4784 2525 4837 in
2566 4783 2706 4839 diem
2757 4794 3079 4855 ex5pectans
3120 4786 3301 4856 cupiat
3351 4788 3536 4843 venire

1954 4890 2174 4947 regnum
2221 4874 2345 4940 Dei,
2383 4885 2437 4930 et
2492 4891 2598 4929 non
2647 4876 2853 4930 dubitet
2909 4877 3032 4944 quia
3090 4876 3284 4931 tradet.
3332 4876 3531 4949 (θήρ.)

1956 4969 2233 5036 Quomodo
2265 4976 2445 5023 autem
2476 4969 2531 5022 in
2559 4983 2651 5038 spe
2696 4968 2767 5022 sit
2792 4967 2935 5023 salus
2964 4983 2977 5021 :
3007 4984 3131 5038 spes
3163 4984 3294 5024 vero
3322 4986 3427 5024 non
3458 4970 3529 5025 sit

1951 5062 2002 5115 in
2035 5060 2120 5114 his
2162 5060 2335 5129 posita
2364 5073 2483 5128 qua:
2525 5058 2796 5122 videntur,
2831 5062 2924 5113 sed
2960 5073 3081 5128 qua:
3112 5074 3218 5113 non
3257 5058 3525 5126 videntur,

1940 5152 2053 5221 jam
2101 5152 2346 5221 superius
2396 5150 2731 5206 edocuimus.
2784 5149 2916 5205 Illud
2960 5150 3131 5205 solum
3170 5151 3407 5206 breviter
3434 5150 3528 5205 ad-

1950 5244 2156 5307 demus,
2186 5240 2327 5311 quod
2357 5257 2423 5295 ex
2446 5241 2532 5296 his
2554 5241 2912 5305 sermonibus,
2939 5248 2994 5295 et
3014 5255 3081 5297 ex
3111 5239 3214 5295 illis
3242 5240 3296 5295 in
3328 5241 3527 5310 quibus

1948 5333 2108 5398 dicit,
2140 5330 2262 5387 Non
2300 5333 2625 5403 respicientes
2666 5332 2759 5385 illa
2799 5348 2917 5403 quin
2957 5330 3231 5395 videntur,
3277 5330 3366 5384 sed
3410 5346 3525 5400 quae

1949 5444 2049 5482 non
2091 5408 2348 5491 videntur,
2387 5425 2577 5481 edocet
2608 5440 2706 5480 nos
2746 5424 2803 5477 in
2842 5422 3037 5477 futuris
3073 5422 3233 5477 bonis
3268 5419 3403 5475 nihil
3432 5434 3526 5474 eo-

1946 5535 2064 5573 rum
2096 5534 2214 5589 quae
2244 5532 2385 5572 nunc
2412 5517 2683 5580 videntur,
2722 5514 2805 5569 vel
2828 5513 2999 5569 videri
3036 5520 3279 5582 possunt,
3305 5524 3524 5578 sperare

1945 5610 2163 5676 debere,
2196 5608 2405 5664 etiamsi
2427 5607 2626 5661 coelum
2658 5607 2841 5660 videas
2876 5604 3021 5660 istud
3054 5601 3283 5664 visibile,
3308 5600 3523 5653 etiamsi

1948 5711 2167 5757 terram.
2192 5698 2328 5753 Audi
2359 5698 2421 5752 de
2448 5698 2550 5762 his,
2584 5698 2709 5768 quia
2737 5696 2925 5751 cwlum
2954 5703 3002 5749 et
3027 5703 3163 5751 terra
3188 5690 3524 5775 praeteribant

1946 5792 2160 5866 (Matth.
2176 5790 2589 5861 xxxv),visibilia
2613 5791 2754 5846 enim
2778 5795 2939 5851 sunt;
2970 5793 3024 5843 et
3043 5781 3181 5854 quod
3208 5781 3376 5844 vides,
3398 5781 3529 5847 quid
