3948 6308
466 270 607 327 1483

460 491 527 531 ex
574 480 658 532 his
712 496 832 549 qua:
877 484 1149 540 videntur.
1195 488 1391 545 Oculus
1434 494 1579 549 enim
1620 514 1725 552 non
1765 502 1893 555 vidit
1939 521 2055 574 qua:

457 572 776 638 pra'paravit
823 570 967 627 Deus
1005 574 1086 628 Itis
1136 578 1226 647 qui
1284 580 1511 651 diligunt
1552 601 1671 639 eum
1711 588 1847 659 (lsa.
1890 570 2049 659 ωιιν;

467 656 494 711 Ι
523 655 644 711 Car.
678 661 760 731 ιι).
794 660 953 717 Videt
994 674 1172 721 autem
1221 671 1407 726 oculus
1455 676 1653 731 coelum
1695 655 1753 734 et
1791 688 1990 737 terram

456 764 565 803 non
594 764 722 822 ergo
750 764 964 823 oportet
990 757 1094 815 hoc
1114 761 1257 829 quod
1277 763 1492 818 videtur
1518 756 1663 824 credi
1686 782 2045 841 praeparatum

456 854 575 895 esse
618 856 649 894 a
675 841 788 898 Deo
829 845 914 899 his
940 848 1031 916 qui
1078 849 1305 931 diligunt
1344 868 1499 922 eum;
1544 859 1638 913 sed
1680 861 1877 918 coelum
1926 866 2046 935 qui-

454 930 613 997 dem,
681 935 789 989 imo
842 938 1030 1007 potius
1091 929 1283 1022 caelos
1320 945 1497 1006 multo
1552 929 1960 1009 eminentiores-
1991 965 2046 1010 et

451 1024 709 1081 celsiOres
739 1043 901 1097 quam
931 1040 1014 1085 est
1060 1033 1207 1089 istud
1249 1035 1649 1096 firmamentum
1682 1046 1824 1113 quod
1871 1046 2039 1102 videri

448 1115 624 1171 oculis
648 1126 847 1186 potest.
876 1118 984 1175 Sed
1014 1130 1069 1177 et
1090 1134 1231 1179 terra
1257 1130 1525 1195 speranda
1573 1141 1675 1195 est,
1724 1150 1830 1189 non
1860 1143 2036 1192 tamen

454 1202 573 1259 hinc
600 1221 721 1275 quae
760 1210 910 1264 arida
958 1212 1172 1280 dicitur,
1215 1223 1271 1269 et
1306 1218 1477 1273 oculis
1516 1222 1791 1291 subjacet;
1819 1227 1911 1281 sed
1949 1227 2037 1281 illa

445 1295 553 1349 erit
607 1310 1010 1356 mansuetorum
1063 1313 1241 1371 terra,
1285 1312 1447 1376 quam
1482 1312 1673 1368 oculus
1729 1332 1837 1371 non
1882 1318 2032 1372 vidit.

442 1380 678 1441 Evidens
702 1388 850 1443 enim
874 1400 957 1445 est
978 1392 1218 1463 Apostoli
1245 1401 1537 1465 sententia,
1564 1406 1684 1469 Quae
1732 1404 1893 1460 docet
1927 1422 2031 1461 non

440 1476 674 1531 \‘isibili‘a
704 1488 760 1532 et
808 1483 1113 1551 corporalia
1136 1489 1401 1555 speranda
1428 1490 1481 1543 in
1532 1489 1747 1557 futuris,
1782 1496 1876 1550 sed
1918 1484 2031 1565 spi¥

439 1565 623 1621 ritalia
644 1578 699 1622 et
728 1580 931 1625 aeterna
964 1592 975 1627 :
1002 1575 1126 1642 quia
1152 1592 1267 1639 qua:
1290 1578 1532 1632 videntur
1559 1584 1866 1652 temporalia
1886 1597 2027 1651 sunt,

437 1663 639 1710 etcum
681 1668 923 1730 tempore
969 1662 1258 1731 finiuntur;
1298 1682 1414 1737 qua:
1452 1678 1627 1724 autem
1656 1688 1765 1725 non
1788 1674 2030 1729 videntur

1102 282 1163 337 Β.
1208 286 1457 346 RABANI
1495 292 1713 351 MAURI
1748 296 2069 356 ARCHIEP.
2112 301 2421 364 MOGUNT.
2461 310 2747 371 OPERUM
2787 316 2970 375 PARS
3008 322 3095 377 111.

463 390 687 453 speras?
718 386 859 444 Nihil
896 394 1024 463 ergo
1053 408 1277 462 prorsus
1312 402 1635 468 sperandum
1662 414 1745 462 est
1769 409 1828 462 in
1863 408 2047 466 futuro
2077 415 2122 474 Α
2154 430 2179 468 s

3584 338 3719 397 1464

2182 430 2330 484 pera.
2356 418 2488 475 Nam
2512 432 2565 477 et
2590 427 2865 487 tribulatio
2889 434 3102 501 quando
3130 441 3328 495 accidit
3346 458 3504 501 servo
3527 446 3641 514 Dei,
3666 454 3737 507 all

2161 509 2531 608 probationem
2557 515 2640 569 vel
2662 521 3095 579 emendationem
3117 530 3327 586 videtur
3350 509 3738 609 nonnunquam

2157 596 2334 653 minus
2359 600 2786 673 iutelligentibus
2810 610 3018 670 inutilis
3047 633 3061 669 ε
3084 618 3176 673 sed
3207 619 3252 672 si
3283 622 3553 681 referatur
3573 596 3651 685 ald:
3672 596 3740 687 il:

2154 688 2244 743 lud
2270 692 2412 759 quod
2441 693 2645 748 dictum
2680 708 2803 753 est:
2836 700 2918 755 Da
2960 704 3108 759 nobis
3134 708 3390 765 auxilium
3415 715 3481 767 de
3514 719 3736 773 tribula-

2150 780 2323 844 tione;
2357 791 2407 835 et
2437 800 2572 837 vana
2599 785 2742 840 salus
2773 790 3000 846 hominis
3034 794 3204 864 (Psal.
3241 799 3385 871 ιιι),
3418 802 3741 875 intelligitur

2147 869 2273 937 quia
2302 870 2619 943 plerumque
2649 876 2715 931 de
2745 878 3088 939 tribulatione
3109 901 3207 941 nos
3233 869 3447 955 adjuvat
3477 869 3650 961 Deus;
3682 909 3741 954 et

2145 960 2343 1017 frbstra
2368 964 2512 1020 salus
2533 976 2770 1035 optatur,
2791 987 2911 1039 quae
2932 974 3219 1043 aliquando
3234 981 3458 1038 adversa
3482 994 3581 1048 est,
3606 960 3736 1043 cum

2144 1049 2502 1109 delectatione
2534 1063 2589 1108 et
2626 1071 2811 1111 amore
2846 1058 3006 1128 hujus
3034 1065 3160 1119 vitae
3198 1067 3438 1137 implicat
3468 1075 3735 1131 animam.

2140 1137 2268 1193 Inde
2290 1149 2375 1196 est
2395 1141 2525 1195 illud
2552 1157 2568 1195 :
2592 1142 3003 1201 Tribulationem
3027 1159 3077 1203 et
3097 1151 3331 1208 dolorem
3353 1157 3545 1225 inveni,
3566 1172 3616 1215 et
3641 1178 3742 1217 no-

2139 1244 2257 1281 men
2283 1227 2494 1283 Domini
2540 1232 2795 1286 invocavi.
2824 1233 2958 1290 Cum
2988 1238 3134 1292 enim
3162 1241 3317 1307 dicit,
3346 1244 3520 1300 inveni
3551 1248 3738 1318 (Psal.

2137 1318 2305 1386 cxtv),
2332 1318 2657 1387 signiﬁcavit
2681 1323 2869 1378 utilem
2892 1342 2905 1390 ;
2932 1341 3038 1380 non
3062 1329 3207 1383 enim
3227 1342 3374 1388 recte
3392 1337 3740 1404 gratulamur

2135 1423 2233 1462 nos
2256 1408 2546 1476 invenisse,
2575 1413 2677 1466 nisi
2702 1415 2845 1482 quod
2869 1418 3265 1490 quaerebamus.
3296 1424 3436 1495 Ergo
3455 1430 3586 1496 quid
3615 1446 3737 1485 ore-

2135 1513 2270 1562 mus,
2298 1500 2433 1552 sicut
2462 1512 2680 1570 oportet,
2711 1507 2995 1561 nescimus.
3023 1508 3165 1565 Deus
3188 1510 3333 1567 enim
3354 1517 3503 1570 novit
3523 1528 3578 1573 et
3599 1522 3734 1589 quid

2132 1587 2291 1640 nobis
2331 1587 2386 1641 in
2412 1589 2515 1643 bac
2545 1592 2654 1645 vita
2687 1596 2939 1663 expediat
2959 1638 2972 1660 ,
3001 1611 3057 1655 et
3093 1601 3219 1668 quid
3242 1612 3364 1671 post
3389 1606 3530 1663 hanc
3557 1587 3730 1665 vitam

2134 1676 2358 1731 daturus
2400 1679 2488 1732 sit.
2541 1679 2649 1735 Sed
2688 1684 2797 1751 ipse
2844 1682 3072 1753 Spiritus
3118 1690 3413 1759 interpellat
3447 1700 3731 1763 gemitibus

435 1760 633 1807 aeterna
678 1764 798 1806 sunt
853 1753 940 1821 (Il
967 1754 1088 1810 Cor.
1132 1758 1229 1823 iv),
1273 1775 1393 1829 qua:
1422 1765 1689 1832 speranda
1737 1766 2025 1836 Apostolus
2056 1754 2100 1812 Β
2127 1767 2588 1824 inenarrabilibus.
2614 1770 2845 1828 Gemere
2867 1774 2998 1830 dicit
3027 1753 3311 1846 Spiritum,
3337 1753 3481 1851 quod
3504 1801 3606 1840 nos

437 1837 612 1894 docet.
668 1841 876 1899 Idcirco
928 1862 1159 1917 namque
1198 1858 1255 1903 et
1294 1850 1409 1920 ipsa
1451 1856 1693 1924 corporis
1721 1860 1890 1914 nostri
1943 1877 2026 1916 re-

433 1931 646 1999 paratio
672 1947 739 1987 ex
765 1937 1099 2005 corruptibili
1150 1940 1595 2011 incorruptibilis,
1626 1954 1682 2001 et
1713 1963 1778 2002 ex
1811 1953 2024 2007 mortali

434 2019 781 2089 immortalis,
804 2034 860 2080 et
885 2042 952 2081 ex
975 2029 1293 2087 infirmitate
1317 2034 1369 2087 in
1400 2036 1600 2092 virtute
1624 2041 1947 2109 restituitur,
1970 2056 2027 2099 et

433 2124 503 2164 ex
534 2112 755 2167 animali
779 2130 1009 2193 corpore
1037 2133 1235 2187 corpus
1255 2120 1484 2177 efficitur
1517 2128 1789 2196 spiritale,
1820 2141 1879 2186 ut
1900 2148 2023 2187 cum

420 2200 676 2269 spiritale
697 2190 900 2259 factum
926 2206 1086 2261 fuerit
1112 2210 1282 2278 possit
1308 2220 1362 2266 et
1388 2212 1499 2280 jam
1523 2190 1883 2275 invisibilibus
1905 2236 2024 2290 per-

431 2288 539 2345 frui
564 2291 721 2348 bonis
750 2312 763 2348 :
794 2310 914 2364 quae
945 2298 1084 2351 bona
1115 2300 1168 2353 in
1192 2294 1443 2369 prmsetiti
1476 2306 1670 2361 smculo
1702 2324 1805 2363 non
1839 2288 2025 2366 viden-

434 2390 537 2447 tes,
566 2400 662 2454 per
681 2400 831 2455 spem
856 2404 1162 2459 speramus,
1180 2408 1275 2461 per
1297 2396 1611 2463 patientiam
1626 2408 2018 2470 exspectamus.

505 2472 760 2533 Similiter
809 2490 981 2535 autem
1030 2492 1078 2537 et
1126 2482 1353 2553 Spiritus
1398 2488 1613 2557 adjuvat
1663 2492 2022 2560 inﬁrmitatem

434 2576 691 2624 nostram.
747 2568 882 2625 Cum
928 2573 982 2626 in
1012 2574 1381 2644 superioribus
1403 2576 1658 2643 dixisset,
1689 2582 1815 2650 quia
1842 2584 2020 2638 omnis

431 2667 683 2715 creatura
734 2663 820 2717 his
861 2666 953 2733 qui
1004 2666 1056 2719 in
1108 2682 1280 2736 agone
1322 2669 1482 2738 hujus
1524 2672 1647 2725 vitae
1689 2681 1814 2727 sunt
1856 2675 2019 2743 positi

432 2752 868 2821 congemisceret
915 2761 972 2808 et
1009 2756 1341 2823 condoleret,
1375 2759 1480 2814 hoc
1507 2768 1590 2816 cst
1635 2762 2015 2830 collaboraret,

430 2841 686 2911 viresque
727 2842 1033 2911 conferret,
1084 2854 1199 2901 tum
1245 2849 1410 2903 etiam
1448 2851 1682 2920 seipsum
1709 2851 1909 2909 Paulus
1955 2869 2019 2908 ac

431 2931 518 2986 sui
547 2932 752 2988 similes
805 2934 1049 3003 proferre
1090 2938 1324 3007 gemitus
1356 2955 1457 3008 pro
1487 2939 1863 3001 laborantibus,
1903 2960 2017 2999 me-

430 3024 722 3090 morasset,
769 3033 829 3079 ut
868 3040 966 3095 per
998 3027 1113 3083 hazc
1141 3029 1468 3094 solarentur,
1508 3030 1559 3085 in
1592 3034 1886 3089 certamine
1922 3051 2018 3104 po-

431 3115 567 3171 sitos
622 3130 744 3170 cum
792 3116 1037 3172 viderent
1098 3135 1286 3174 omnes
1335 3131 1551 3176 sanctos
1600 3099 2088 3194 universamqueC

430 3215 740 3260 creaturam
780 3206 975 3261 affectu
1010 3223 1193 3263 secum
1219 3210 1489 3276 laborare,
1520 3215 1859 3283 gemitusque
1884 3230 2014 3269 con-

423 3295 685 3368 jungere;
719 3297 869 3355 addit
897 3312 1041 3351 nunc
1080 3298 1346 3354 excelsius
1381 3299 1585 3369 aliquid
1607 3311 1662 3356 et
1709 3302 2011 3360 sublimius.

427 3387 532 3454 Ne,
571 3388 769 3458 inquit,
809 3404 1035 3458 parvum
1080 3390 1280 3458 putetis
1331 3391 1473 3458 quod
1511 3391 1689 3446 omnis
1734 3393 2014 3448 nobiscum

427 3482 781 3551 congemiscit
808 3489 863 3535 et
901 3481 1150 3536 condolet
1174 3491 1425 3535 creatura
1456 3500 1468 3535 :
1499 3498 1566 3537 ne
1589 3498 1812 3553 parvum
1840 3485 2017 3540 videa-

428 3582 517 3630 tur
552 3574 694 3645 quod
752 3590 850 3629 nos
890 3573 989 3643 ipsi
1038 3574 1304 3643 gemimus
1338 3589 1435 3642 pro
1482 3573 1757 3630 laboribus
1796 3577 2010 3631 vestris.

426 3668 605 3723 Etiam
634 3667 829 3721 divinse
858 3666 958 3735 ipsi
1002 3675 1207 3719 natura:
1237 3681 1365 3736 erga
1397 3682 1597 3738 agones
1632 3679 1849 3724 nostros
1889 3669 2016 3740 (vo-

425 3757 639 3813 biscum
679 3757 825 3811 enim
873 3770 961 3809 me
1005 3770 1220 3825 quoque
1265 3754 1554 3827 conjungo)
1597 3756 1741 3810 inest
1794 3757 2012 3826 quidam

426 3847 797 3902 miserationis
833 3843 1059 3901 affectus
1079 3886 1094 3910 ,
1119 3854 1174 3899 et
1203 3846 1317 3915 ipse
1347 3844 1578 3915 Spiritus
1624 3846 1841 3915 adjuvat
1867 3847 2018 3916 inﬁr-

426 3940 663 3993 mitatem
716 3948 968 3993 nostram.
1037 3936 1300 4008 (Ambr.)
1350 3935 1580 4004 Adiuvat
1633 3945 1810 3992 autem
1867 3935 2016 3990 infir-

427 4030 674 4085 mitatem
722 4037 923 4083 nostra:
978 4027 1271 4091 orationis,
1313 4028 1566 4095 quoniam
1594 4028 1837 4096 superius
1867 4028 2017 4097 inge-

427 4124 661 4178 miscere
683 4137 782 4177 nos
811 4129 865 4175 et
884 4123 1095 4191 precari
1123 4121 1497 4177 liberationem
1521 4122 1861 4185 memoravit,
1883 4130 1939 4176 et
1960 4122 2015 4175 in

428 4216 618 4273 dolore
650 4214 844 4284 positi,
882 4224 976 4268 aut
1011 4228 1131 4283 quae
1160 4213 1318 4284 longe
1350 4213 1529 4268 futura
1558 4214 1702 4268 dicta
1731 4222 1855 4268 sunt
1889 4228 2014 4267 mox

431 4304 552 4362 fieri
574 4306 845 4369 volumus,
872 4312 962 4357 aut
980 4306 1089 4359 cito
1109 4304 1241 4371 tolli,
1266 4319 1361 4374 per
1380 4318 1500 4376 quae
1520 4305 1587 4360 ad
1609 4305 1864 4360 meritum
1886 4318 2013 4373 per-

428 4399 708 4463 venimus;
735 4406 791 4452 et
805 4397 1051 4450 videmur
1070 4396 1337 4451 imbecilla
1358 4398 1604 4451 oratione
1624 4396 1858 4465 precari,
1884 4395 2011 4450 dum

429 4489 509 4545 illi
540 4457 839 4556 denegatur
875 4483 1098 4540 affectus
1129 4483 1421 4555 [etfectus].
1466 4457 1684 4538 Infirma
1718 4491 1805 4537 est
1833 4484 2009 4548 enim,
2042 4457 2091 4514 Ῑ)

430 4577 526 4648 qui
558 4583 747 4631 contra
774 4576 1039 4629 rationem
1080 4574 1317 4643 postulat
1342 4591 1356 4627 :
1390 4589 1454 4629 ac
1478 4589 1573 4643 per
1603 4573 1705 4628 hoc
1732 4572 2014 4626 inﬁmita-

433 4677 541 4723 tem
570 4668 713 4722 hanc
738 4681 769 4720 a
792 4672 982 4720 sancto
1009 4664 1213 4733 Spiritu
1235 4664 1362 4718 dato
1388 4663 1543 4718 nobis
1570 4662 1812 4733 adjuvari
1833 4670 2016 4718 osten-

429 4760 527 4816 dit.
551 4758 783 4828 Adjuvat
804 4764 1006 4823 autem,
1028 4756 1156 4826 quia
1172 4772 1293 4825 qua:
1315 4764 1409 4809 aut
1427 4764 1551 4809 ante
1578 4762 1832 4825 petuntur
1851 4769 2013 4824 quam

430 4848 544 4918 peti
570 4846 822 4910 debeant,
863 4853 957 4899 aut
983 4855 1106 4900 sunt
1144 4844 1448 4908 contraria,
1480 4850 1538 4897 et
1569 4858 1676 4897 non
1701 4843 1842 4897 sinet
1872 4842 2010 4897 ﬁeri.

432 4936 618 5010 (Aug.)
644 4936 800 5003 Quod
825 4944 1006 4990 autem
1031 4937 1107 4990 ait
1138 4953 1150 4988 :
1186 4933 1443 4990 Similiter
1463 4943 1511 4988 et
1536 4932 1765 5004 Spiritus
1799 4934 2013 5002 adjuvat

429 5029 794 5098 inﬁrmitatem
808 5035 1039 5081 nostram
1056 5043 1073 5080 :
1088 5026 1369 5095 quid'enim
1391 5041 1620 5090 oremus,
1642 5023 1774 5078 sicut
1794 5034 2013 5093 oportet,

434 5122 718 5186 nescimus,
741 5118 1088 5174 manifestum
1116 5133 1241 5172 eum
1258 5118 1323 5171 de
1355 5116 1559 5186 Spiritu
1589 5124 1778 5172 sancto
1803 5116 2012 5182 dicere;

435 5219 578 5286 quod
616 5217 669 5269 in
718 5213 1174 5284 consequentibus
1215 5211 1420 5267 clarqu
1456 5220 1568 5276 est,
1600 5210 1689 5264 ubi
1722 5210 1799 5263 ait
1830 5224 1844 5262 :
1879 5208 2019 5274 Quia

435 5305 723 5361 secundum
746 5304 911 5357 Deum
943 5301 1239 5374 interpellat
1257 5319 1350 5372 pro
1370 5302 1583 5355 sanctis.
1612 5299 1720 5354 Nos
1740 5314 1869 5368 ergo
1892 5298 2016 5369 quid

436 5411 665 5458 oremus,
698 5395 837 5449 sicut
874 5402 1093 5462 oportet,
1118 5393 1375 5447 nescimus
1393 5432 1407 5457 ,
1432 5393 1565 5448 duas
1597 5391 1665 5446 ob
1690 5405 1779 5445 res
1799 5388 1941 5458 quod
1965 5396 2020 5442 et

437 5491 597 5546 illud:
616 5491 757 5560 quod
788 5488 1028 5543 futurum
1051 5504 1353 5557 speramus,
1375 5496 1431 5542 et
1451 5502 1558 5557 quo
1581 5485 1868 5546 tendimus,
1886 5498 2021 5537 non-

439 5581 568 5635 dum
603 5591 852 5651 apparet;
884 5589 938 5635 et
960 5580 1015 5634 in
1039 5580 1142 5633 hac
1164 5580 1277 5647 ipsa
1298 5580 1409 5634 vita
1438 5577 1599 5632 multa
1622 5582 1847 5647 possunt
1868 5574 2021 5630 nobis

436 5692 696 5745 prospera
712 5680 878 5735 videri
896 5694 1017 5747 quae
1037 5678 1259 5733 adversa
1279 5684 1425 5739 sunt,
1440 5684 1495 5730 et
1513 5675 1737 5730 adversa
1762 5689 1880 5743 qum
1896 5689 2020 5742 pro-
2064 5678 2067 5681 '

2130 1874 2279 1914 mere
2323 1859 2484 1925 facit,
2530 1863 2799 1918 charitate
2832 1868 3112 1923 concitans
3156 1870 3483 1927 desiderium
3523 1874 3728 1932 futura:

2128 1949 2271 2014 vitaz,
2309 1951 2450 2005 sit-ut
2477 1952 2630 2017 dicit,
2665 1952 2847 2008 Tentat
2876 1972 2963 2011 vos
2990 1957 3246 2014 Dominus
3275 1961 3417 2016 Deus
3450 1976 3642 2031 vester,
3666 1978 3724 2022 ut

2126 2042 2260 2094 sciat
2288 2043 2333 2095 si
2363 2042 2582 2112 diligitis
2621 2060 2737 2097 eum
2764 2045 2943 2115 (Deut.
2971 2050 3116 2113 xm),
3146 2051 3199 2104 id
3223 2062 3335 2117 est,
3370 2065 3429 2108 ut
3450 2058 3593 2110 scire
3623 2074 3723 2114 vos

2126 2128 2320 2196 faciat;
2359 2148 2467 2186 non
2498 2134 2643 2187 enim
2668 2133 2836 2188 Deum
2860 2136 3062 2205 aliquid
3090 2138 3241 2193 latet.
3271 2141 3414 2196 Nam
3428 2147 3559 2213 quid
3597 2164 3719 2200 ore-

2126 2237 2271 2284 mus,
2301 2220 2435 2273 sicut
2464 2231 2691 2290 oportet,
2723 2224 2997 2279 nescimus.
3033 2225 3226 2298 (Orig.)
3257 2228 3530 2285 Interdum
3561 2234 3713 2288 enim

2125 2323 2243 2377 qua:
2271 2311 2541 2363 contraria
2574 2312 2732 2366 saluti
2784 2323 2909 2367 sunt
2949 2316 3215 2385 cupimus,
3266 2320 3719 2378 inﬁrmitateaco-

2124 2410 2300 2470 gente.
2341 2399 2491 2455 Sicut
2519 2402 2663 2455 enim
2691 2404 2812 2471 quis
2845 2405 2896 2457 in
2934 2408 3250 2475 aegritudine
3294 2413 3544 2480 corporis
3571 2416 3717 2482 posi-

2122 2497 2209 2543 tus
2238 2504 2347 2543 non
2399 2504 2463 2544 ea
2510 2505 2630 2559 qua:
2677 2493 2745 2546 ad
2798 2494 3086 2551 sanitatem
3132 2500 3476 2568 conducunt,
3518 2505 3615 2559 sed
3650 2520 3713 2559 ea

2122 2593 2242 2648 qua:
2289 2580 2572 2647 prmsentis
2612 2580 2945 2638 inﬁrmitatis
2983 2585 3312 2643 desiderium
3355 2596 3710 2661 suggesserit,

2118 2670 2292 2739 poscit
2311 2686 2342 2724 a
2368 2672 2594 2736 medico,
2626 2672 2700 2727 ita
2725 2682 2780 2728 et
2822 2690 2919 2729 nos
2949 2677 3003 2730 in
3050 2677 3208 2747 hujus
3240 2681 3365 2735 vitae
3396 2682 3713 2740 inﬁmitate

2120 2760 2440 2831 languentes
2475 2762 2747 2818 interdum
2775 2779 2805 2818 a
2842 2765 2952 2819 Deo
2979 2768 3213 2835 petimus
3241 2772 3385 2837 quod
3412 2788 3523 2826 non
3551 2787 3714 2843 expe—

2120 2849 2199 2909 dit
2225 2851 2401 2904 nobis.
2435 2851 2678 2921 Denique
2711 2868 2841 2924 ergo
2866 2854 2980 2922 ipse
3003 2854 3202 2911 Paulus
3232 2859 3325 2927 qui
3372 2861 3491 2914 haec
3520 2862 3713 2933 loquor

2121 2942 2189 2996 ad
2209 2958 2328 3007 vos,
2356 2959 2478 2997 cum
2505 2944 2637 2998 mihi
2660 2953 2877 3015 propter
2900 2947 3285 3004 sublimitatem
3317 2952 3709 3008 revelationum

2119 3048 2188 3088 ne
2215 3035 2503 3089 extollerer
2531 3036 2690 3091 datus
2720 3036 2909 3094 fuisset
2931 3054 2961 3091 a
2991 3040 3221 3095 Domino
3243 3042 3469 3112 angelus
3495 3042 3712 3098 Satauz

2118 3126 2210 3197 qui
2232 3142 2315 3180 me
2344 3127 2705 3197 colapbizaret
2730 3127 2813 3198 (II
2845 3128 2968 3183 Cor.
2994 3131 3123 3201 xu),
3156 3140 3239 3186 ter
3277 3132 3569 3187 Dominum
3616 3150 3707 3189 ro-

2118 3218 2260 3288 gavi,
2290 3226 2351 3271 ut
2394 3218 2699 3273 discederet
2724 3235 2755 3272 a
2780 3235 2887 3283 me,
2922 3223 3167 3276 nesciens
3206 3223 3336 3291 quid
3361 3238 3581 3278 orarem
3613 3244 3627 3279 :
3653 3234 3708 3280 et

2118 3308 2239 3363 ideo
2294 3309 2416 3378 quia
2459 3310 2768 3364 nesciebam
2814 3311 3108 3365 secundum
3152 3312 3295 3381 quod
3335 3327 3575 3379 orarem,
3599 3330 3703 3369 non

2116 3412 2204 3454 me
2248 3399 2453 3452 audivit
2492 3399 2770 3464 Dominus,
2823 3401 2916 3455 sed
2958 3400 3095 3455 dixit
3122 3402 3255 3456 mihi
3302 3420 3315 3455 :
3362 3402 3568 3474 Suﬁicit
3616 3405 3704 3458 tibi

2116 3492 2295 3561 gratia
2318 3507 2453 3555 mea,
2484 3506 2606 3544 nam
2635 3492 2797 3544 virtus
2826 3491 2880 3543 in
2919 3480 3225 3560 inﬁrmitate
3277 3494 3572 3563 perﬁcitur.
3618 3495 3703 3548 Sic

2115 3594 2247 3651 ergo
2271 3581 2397 3648 quid
2423 3596 2661 3645 oremus,
2672 3583 2967 3637 secundum
2996 3585 3139 3653 quod
3164 3593 3396 3653 oportet,
3412 3586 3699 3641 nescimus.

2118 3654 2315 3742 (Ᾱηιὸ.)
2370 3670 2467 3725 Est
2509 3679 2565 3725 et
2611 3670 2900 3739 aliquando
2930 3673 3161 3741 superba
3196 3675 3251 3726 et
3296 3672 3461 3728 stulta
3492 3675 3697 3743 petitio,

2116 3762 2258 3816 sicut
2299 3762 2397 3815 fuit
2447 3760 2670 3816 duorum
2715 3763 3306 3831 apostolorum‘Jacobi
3350 3774 3407 3820 et
3446 3763 3695 3832 Joannis,

2116 3851 2311 3921 quibus
2361 3851 2656 3923 incongrua
2700 3860 2754 3906 et
2819 3853 3080 3908 immensa
3130 3856 3443 3924 petentibus
3493 3857 3695 3912 dictum

2117 3950 2200 3997 est
2229 3957 2244 3995 :
2279 3941 2503 3995 Nescitis
2521 3942 2647 4012 quid
2673 3943 2859 4012 petatis
2887 3942 3222 4013 (Matth.xx)

2202 4032 2307 4087 Sed
2350 4034 2457 4102 ipse
2514 4031 2742 4103 Spiritus
2790 4032 3021 4098 postulat
3080 4050 3173 4103 pro
3223 4036 3370 4089 nobis
3427 4037 3700 4105 gemitibus

2115 4126 2574 4195 inenarrabilibus.
2614 4124 2819 4201 (Amb.)
2864 4124 2980 4181 Non
3024 4125 3274 4181 humanis
3328 4127 3559 4196 eloquiis
3602 4142 3701 4197 po-

2117 4219 2318 4273 stulare
2341 4231 2438 4286 pro
2467 4216 2623 4271 nobis
2657 4215 2856 4269 dicitur
2882 4214 3116 4285 Spiritus
3143 4216 3387 4280 Domini,
3419 4218 3512 4271 sed
3551 4231 3703 4271 more

2116 4316 2327 4362 natura:
2359 4322 2486 4361 suae.
2512 4304 2647 4359 Cum
2673 4306 2816 4359 enim
2847 4306 2939 4374 qui
2968 4305 3033 4360 de
3060 4306 3170 4360 Deo
3189 4314 3289 4370 cst,
3306 4306 3371 4361 de
3399 4307 3511 4361 Deo
3532 4306 3707 4376 loqui-

2121 4407 2238 4465 tur;
2268 4413 2333 4454 eo
2358 4412 2509 4452 more
2530 4396 2783 4465 loquatur
2810 4410 3035 4452 necesse
3060 4405 3164 4460 est,
3193 4411 3301 4465 quo
3331 4395 3430 4458 ille,
3461 4397 3706 4466 loquitur

2117 4492 2182 4545 de
2211 4505 2318 4559 quo
2362 4496 2465 4544 est.
2515 4487 2685 4542 Nemo
2730 4487 2876 4542 enim
2923 4502 3048 4543 cum
3087 4489 3205 4542 cive
3249 4502 3348 4541 suo
3377 4488 3484 4541 alia
3521 4488 3704 4557 lingua

2115 4582 2368 4650 loquitur.
2422 4578 2626 4650 (Greg.)
2655 4578 2793 4633 Hinc
2837 4580 2890 4633 in
2938 4578 3229 4648 Evangelio
3271 4576 3536 4632 Dominus
3582 4580 3703 4632 ait:

2120 4670 2424 4738 Paracletus
2450 4680 2622 4724 autent
2648 4669 2876 4738 Spiritus
2895 4679 3129 4733 sanctus,
3154 4685 3306 4738 quem
3335 4670 3500 4723 mittet
3539 4665 3707 4722 Pater

2116 4766 2173 4818 in
2219 4764 2425 4817 nomine
2458 4777 2593 4833 meo,
2636 4760 2723 4814 ille
2770 4777 2856 4814 vos
2905 4761 3105 4815 docebit
3144 4761 3418 4824 omnia,“
3461 4770 3706 4828 suggeret

2120 4852 2295 4905 omnia
2334 4864 2655 4920 quiscunque
2700 4848 2881 4904 dixero
2924 4848 3063 4902 vobis
3114 4847 3307 4916 (Joan.
3362 4844 3497 4916 xxv).
3560 4846 3702 4901 Nam

2122 4943 2308 4999 Graeca
2346 4942 2616 4997 locutione
2638 4940 2935 5010 paraclitus
2963 4940 3244 4993 advocatus
3272 4939 3462 4994 Latine
3483 4940 3707 5005 dicitur,

2126 5033 2207 5087 vel
2233 5033 2554 5088 consolator.
2588 5030 2691 5098 Qui
2736 5030 2937 5084 idcirco
2972 5030 3265 5084 advocatus
3322 5030 3539 5092 dicitur,
3574 5032 3707 5098 quia

2121 5140 2220 5195 pro
2251 5139 2435 5179 errore
2462 5108 2887 5191 delinquentium
2928 5121 3069 5190 apud
3109 5118 3377 5188 justitiam
3410 5120 3590 5174 Patris
3622 5121 3708 5173 in-

2123 5215 2372 5271 tervenit.
2404 5214 2505 5281 Qui
2547 5212 2704 5267 unius
2748 5212 3060 5266 substantiae
3108 5217 3230 5265 cum
3261 5210 3423 5264 Patre
3470 5218 3527 5262 et
3564 5208 3707 5263 Filio

2123 5320 2347 5361 exorare
2396 5319 2493 5373 pro
2546 5301 2980 5372 delinquentibus
3028 5301 3378 5371 perhibetur,
3411 5300 3539 5369 quia
3585 5314 3703 5360 eos,

2118 5413 2253 5467 quos
2303 5394 2621 5465 repleverit,
2669 5399 2959 5447 exorantes
2986 5390 3135 5445 facit.
3193 5389 3347 5444 Unde
3394 5397 3451 5441 et
3503 5387 3706 5441 Paulus

2118 5489 2267 5551 dicit,
2302 5486 2421 5555 Ipse
2456 5486 2592 5539 enim
2642 5481 2869 5551 Spiritus
2922 5480 3152 5552 postulat
3202 5496 3297 5549 pro
3348 5478 3494 5532 nobis
3544 5479 3705 5548 gemi-

2116 5580 2251 5634 tibus
2293 5574 2750 5632 inenarrabilibus.
2796 5574 2971 5628 Minor
3012 5586 3140 5627 vero
3182 5582 3267 5625 est
3313 5569 3405 5640 qui
3466 5569 3704 5639 postulat

2119 5684 2281 5738 quam
2307 5683 2399 5736 qui
2429 5664 2731 5735 postulatur
2762 5682 2773 5716 ε
2801 5662 3068 5731 quomodo
3092 5674 3223 5729 ergo
3253 5658 3495 5729 Spiritus
3519 5664 3701 5724 postu-
