3948 6382
140 412 277 469 M65

695 410 1241 468 ENARRATIONUM
1277 412 1345 467 IN
1385 409 1535 467 EPP.
1576 409 1780 467 PAULI
1819 410 1945 466 LIB.
1989 410 2055 464 ν.
2094 437 2165 451 -
2199 407 2270 463 IN
2305 403 2524 464 EPIST.
2563 405 2653 461 AD
2692 405 2859 463 ROM.

3252 407 3391 463 N66

136 527 252 585 lare
298 526 493 582 dicitur
540 526 629 596 qui
678 526 853 583 minor
898 541 1009 580 non
1038 526 1160 579 est?
1195 524 1302 580 Sed
1330 527 1443 594 ipse
1477 524 1711 595 Spiritus
1736 525 1967 593 Αρηηα
2018 521 2235 594 (Matth.
2284 521 2457 587 xxvi).
2521 519 2688 590 Igitur
2742 519 3033 576 infirmitas
3090 529 3274 575 nostra
3322 536 3391 575 ex

135 617 393 688 postulat,
412 616 538 686 quia
578 615 647 670 ad
686 614 1067 686 postulandum
1106 628 1199 669 eos
1228 618 1364 683 quos
1393 614 1703 685 repleverit,

137 705 453 761 inflanunat.
490 704 808 760 Consolator
843 712 1026 758 autem
1074 702 1215 757 idem
1261 701 1497 773 Spiritus
1546 718 1709 757 voca-

139 807 227 853 tur
250 796 376 866 quia
406 796 473 851 de
499 795 708 865 peccati
734 792 1139 864 perpetratione
1183 793 1557 857 maerentibus,
1581 792 1709 847 dum

133 902 287 957 spem
314 888 479 942 venite
501 894 785 956 praeparat,
809 885 877 939 ab
896 882 1184 938 afﬂictione
1214 882 1447 937 tristitiae
1472 890 1707 937 mentem

134 976 297 1030 levat.
338 974 536 1046 (θήρ.)
563 972 671 1029 Sed
709 973 989 1045 videamus
1036 960 1164 1041 quid
1201 977 1302 1033 est,
1331 970 1476 1040 quod
1519 970 1649 1025 dicit
1689 988 1703 1023 :

135 1068 255 1137 Ipse
288 1065 511 1136 Spiritus
538 1082 632 1136 pro
676 1064 820 1119 nobis
863 1063 1179 1141 interpellat.
1221 1061 1335 1117 Hoc
1374 1062 1517 1116 enim
1541 1061 1706 1117 Joan-

136 1176 233 1215 nes
259 1159 444 1221 Jesum
475 1157 652 1213 facere
671 1156 947 1225 designat,
976 1170 1099 1210 cum
1120 1154 1255 1209 dicit
1282 1172 1295 1207 :
1332 1151 1545 1218 Filioli,
1596 1154 1707 1208 Iure

133 1254 302 1309 scribo
333 1254 494 1318 vobis,
532 1260 715 1306 utnon
757 1248 1005 1321 peccetis;
1036 1250 1080 1303 si
1109 1251 1281 1302 aut‘em
1329 1256 1379 1301 et
1427 1246 1709 1317 peccaverit

134 1348 323 1411 aliquis
372 1348 624 1410 nostrum,
666 1344 974 1397 advocatum
1010 1341 1257 1407 habemus
1302 1338 1443 1407 apud
1498 1335 1708 1389 Patrem

129 1436 333 1506 justum
371 1435 581 1497 Jesum,
611 1433 700 1503 qui
721 1441 770 1485 et
798 1429 1092 1501 interpellat
1120 1444 1213 1500 pro
1248 1427 1392 1481 nobis
1419 1424 1599 1498 (Joan.
1623 1422 1707 1495 ιι).

133 1529 200 1582 Ει
231 1528 319 1583 hic
369 1526 603 1596 Spiritus
635 1523 942 1592 interpellat
973 1537 1073 1592 pro
1109 1520 1284 1575 nobis.
1332 1517 1515 1590 (Aug.)
1570 1514 1709 1583 Quid

132 1626 218 1679 est
268 1624 447 1670 autem
490 1612 810 1682 interpellat,
852 1611 957 1666 nisi
1008 1608 1351 1679 interpellare
1394 1621 1493 1661 nos
1543 1603 1711 1659 facit?

132 1705 427 1774 lndigentis
452 1703 599 1759 enim
627 1702 885 1761 indicium
905 1708 990 1755 est
1014 1698 1361 1767 interpellare
1382 1696 1705 1767 gemitibus;

131 1799 331 1855 nullius
384 1806 564 1853 autem
611 1795 689 1850 rei
741 1808 861 1850 esse
906 1792 1228 1862 indigentem
1256 1790 1337 1845 fas
1363 1797 1446 1844 est
1488 1787 1711 1842 credere

1808 614 1987 668 carnis
2039 610 2356 666 infirmitate
2410 610 2703 667 descendit.
2752 609 2873 680 Ipsa
2928 616 3015 665 est
3066 610 3209 675 enim
3271 622 3393 679 qua

1807 705 2145 774 concupiscit
2162 703 2421 759 adversus
2441 702 2690 771 spiritum
2720 719 2733 755 :
2762 712 2819 758 et
2847 703 2975 757 dum
3000 701 3396 771 concupiscen-

1806 796 1913 851 tias
1962 807 2090 850 suas
2137 792 2363 862 ingerit,
2412 792 2706 862 puritatem
2755 793 2978 863 spiritus
3025 793 3282 863 impedit,
3336 799 3393 849 et

1807 885 2177 941 sinceritatem
2233 884 2497 937 orationis
2556 879 2822 936 obfuscat.
2886 880 2993 938 Sed
3053 882 3144 939 ubi
3195 864 3394 939 viderit

1808 974 2045 1045 Spiritus
2083 972 2178 1027 Dei
2227 972 2475 1028 laborare
2517 956 2764 1041 spiritum
2808 982 3053 1048 nostrum
3105 972 3159 1028 in
3195 973 3392 1028 adver-

1808 1062 1976 1117 sando
2023 1060 2195 1125 carni,
2249 1070 2309 1116 et
2350 1061 2672 1116 adhaerendo
2714 1061 2842 1126 sibi,
2874 1062 3100 1133 porrigit
3146 1078 3389 1129 manum,

1807 1162 1863 1210 et
1887 1152 2106 1221 adjuvat
2136 1153 2512 1228 infirmitatem
2546 1169 2691 1222 eius:
2726 1163 2781 1211 et
2808 1155 2957 1210 velut
2975 1138 3229 1231 magister
3258 1171 3381 1212 sus-

1808 1249 2011 1319 cipiens
2050 1249 2236 1303 rudem
2287 1248 2637 1318 discipulum,
2687 1252 2742 1305 et
2785 1250 3143 1323 ignorantem
3178 1250 3394 1319 penitus

1810 1342 2041 1408 litteras,
2070 1350 2131 1396 ut
2165 1357 2288 1397 eum
2326 1344 2519 1399 docere
2548 1343 2731 1414 possit
2754 1350 2810 1397 et
2838 1328 3145 1406 instituere,
3172 1354 3395 1396 necesse

1811 1435 1980 1490 habet
2024 1420 2368 1489 inclinarese
2413 1436 2497 1511 ad.
2527 1435 2776 1505 discipuli
2824 1435 3154 1499 rudimenta,
3181 1443 3237 1489 et
3277 1434 3394 1503 ipse

1810 1528 1963 1597 prius
1992 1527 2174 1582 dicere
2206 1541 2403 1603 nomen
2447 1512 2662 1590 litterae,
2696 1536 2753 1579 ut
2810 1525 3192 1595 respondendo
3229 1523 3392 1578 disci-

1810 1615 1968 1685 pulus
1994 1615 2187 1680 discat,
2216 1623 2271 1670 et
2318 1614 2377 1669 fit
2403 1613 2799 1687 quadammodo
2826 1615 3079 1684 magister
3108 1614 3223 1682 ipse
3250 1612 3387 1666 incl-

1809 1693 1987 1776 pien'ti
2010 1705 2272 1777 discipqu
2304 1706 2496 1777 similis
2569 1718 2632 1758 ea
2667 1703 2893 1772 loquens
2928 1713 2981 1758 et
3026 1720 3088 1759 ea
3127 1703 3392 1757 meditans

1812 1795 2388 1864 quae,incipiens'loqui
2438 1795 2629 1849 debeat
2663 1811 2727 1850 ac
2767 1794 3036 1849 meditari.
3061 1792 3138 1846 Ita
3170 1806 3298 1862 ergo
3336 1798 3392 1846 et

132 1888 396 1961 Spiritum
439 1897 705 1944 sanctum.
734 1885 841 1941 Sed
888 1886 962 1939 ita
1011 1885 1188 1939 dictus
1230 1889 1315 1937 est
1348 1879 1707 1950 interpellare,
1740 1869 1786 1927 Β
1814 1885 2049 1956 Spiritus
2076 1896 2292 1941 sanctus
2328 1886 2418 1941 ubi
2448 1887 2938 1957 oppugnationibus
2974 1884 3154 1939 carnis
3181 1891 3394 1952 pertur-

129 1981 260 2051 quia
312 1978 654 2049 interpellare
680 1991 778 2030 nos
810 1974 988 2037 efﬁcit,
1021 1973 1285 2041 nobisque
1332 1969 1710 2047 interpellandi

128 2078 186 2124 et
216 2067 463 2139 gemendi
487 2066 715 2135 inspirat
752 2062 1020 2127 affectum,
1065 2061 1205 2117 sicut
1248 2059 1378 2114 illud
1437 2060 1489 2113 in
1539 2059 1714 2112 Evan-

130 2157 309 2229 gelio:
342 2152 464 2209 Non
485 2156 621 2209 enim
645 2170 730 2208 vos
755 2152 876 2207 estis
896 2152 987 2222 qui
1011 2149 1306 2220 loquimini,
1352 2147 1441 2203 sed
1485 2144 1711 2215 Spiritus

136 2247 313 2302 Patris
357 2247 447 2317 qui
499 2245 728 2316 loquitur
776 2244 831 2297 in
889 2242 1029 2296 vobis
1085 2240 1319 2311 (Matth.
1365 2240 1461 2310 ι).
1527 2237 1714 2309 Neque

130 2340 278 2393 enim
307 2339 487 2392 ethoc
524 2337 596 2391 ita
626 2337 687 2390 fit
729 2336 794 2391 de
835 2335 989 2389 nobis
1017 2335 1172 2404 quasi
1218 2332 1350 2387 nihil
1393 2331 1714 2387 facientibus

130 2430 308 2485 nobis.
340 2426 677 2495 Adjutorium
705 2426 868 2497 igitur
890 2424 1125 2494 Spiritus
1163 2424 1334 2479 sancti
1374 2424 1452 2479 sic
1493 2437 1713 2491 expres-

130 2534 254 2574 sum
280 2517 386 2581 est,
412 2524 473 2573 ut
498 2517 611 2586 ipse
632 2514 811 2570 facere
840 2514 1133 2577 diceretur,
1182 2512 1321 2581 quod
1351 2521 1412 2567 ut
1452 2498 1714 2567 faciamus

131 2607 284 2663 facit.
344 2606 481 2669 Nam
539 2622 645 2661 non
692 2620 815 2661 esse
856 2604 1260 2675 intelligendum
1312 2604 1558 2674 spiritum
1611 2619 1712 2658 no-

131 2692 330 2763 strum,
360 2698 426 2751 de
479 2712 587 2767 quo
627 2695 959 2760 dictum‘est,
997 2693 1292 2763 interpellat
1319 2694 1591 2765 gemitibus
1632 2695 1715 2749 in-

131 2789 539 2855 enarrabilibus,
569 2789 661 2844 sed
690 2788 950 2859 Spiritum
976 2793 1245 2853 sanctum,
1285 2801 1393 2857 quo
1418 2795 1601 2841 nostra
1631 2786 1714 2840 in-

129 2882 368 2937 ﬁrmitas
393 2881 698 2950 adiuvatur,
730 2880 863 2935 satis
888 2880 1001 2950 ipse
1039 2876 1372 2935 demonstrat
1406 2878 1710 2947 Apostolus.

129 2973 262 3028 Inde
311 2974 454 3028 enim
484 2972 669 3042 coepit,
696 2970 940 3042 Spiritus,
975 2970 1164 3039 inquit,
1192 2969 1409 3038 adjuvat
1436 2969 1716 3036 inﬁmita-

130 3076 235 3119 tem
267 3074 531 3129 nostram;
570 3064 762 3118 deinde
798 3063 899 3117 ista
929 3060 1244 3127 subiunxit:
1279 3059 1421 3125 Quid
1447 3061 1582 3114 enim
1606 3076 1717 3113 ore-

132 3172 275 3219 mus,
301 3156 434 3209 sicut
456 3162 673 3224 oportet,
694 3155 971 3216 nescimus;
992 3153 1082 3205 sed
1108 3158 1216 3221 ipse
1236 3150 1462 3221 Spiritus
1486 3150 1715 3219 postulat

1811 1982 1929 2037 bari
1978 1989 2221 2036 nostrum
2267 1981 2517 2051 spiritum
2560 1981 2782 2045 viderit,
2821 1986 2876 2032 et
2904 1978 3229 2033 nescientem
3264 1973 3395 2043 quid

1812 2074 1970 2127 orare
1995 2071 2187 2126 debeat
2211 2069 2503 2137 secundum
2532 2070 2675 2138 quod
2718 2076 2947 2139 oportet,
2977 2068 3093 2136 ipse
3117 2066 3261 2120 velut
3282 2078 3396 2117 ma—

1812 2162 1980 2232 gister
1999 2161 2297 2216 orationem
2325 2160 2633 2231 praemittit,
2664 2174 2825 2229 quam
2851 2166 3036 2213 noster
3063 2156 3317 2226 spiritus,
3349 2153 3398 2209 si

1814 2262 1995 2306 tamen
2015 2250 2308 2320 discipulus
2328 2264 2447 2304 esse
2463 2249 2633 2303 sancti
2647 2247 2879 2317 Spiritus
2899 2246 3191 2308 desiderat,
3215 2257 3398 2313 prose-

1814 2353 2030 2414 quatur.
2065 2343 2183 2413 Ipse
2221 2341 2379 2397 oﬂ'ert
2422 2342 2682 2409 gemitus,
2728 2340 2924 2411 quibus
2958 2349 3144 2394 noster
3176 2336 3401 2405 spiritus

1815 2416 2071 2489 doceatur
2107 2432 2479 2503 ingemiscere,
2524 2438 2583 2484 ut
2617 2429 2933 2500 repr0pitiet
2977 2429 3079 2482 sibi
3118 2426 3307 2481 Deum.
3340 2422 3400 2478 Si

1814 2540 1944 2580 vero
1974 2524 2207 2593 Spiritus
2239 2523 2455 2592 quidem
2507 2530 2723 2586 doceat,
2759 2529 2812 2576 et
2854 2506 3038 2576 uester
3061 2519 3315 2590 spiritus,
3342 2514 3402 2585 id

1817 2628 1923 2683 est,
1950 2632 2103 2672 mens
2131 2624 2316 2671 nostra
2341 2632 2448 2671 non
2473 2625 2750 2685 sequatur,
2785 2628 2882 2669 suo
2906 2613 3037 2667 vitio
3068 2609 3408 2670 infructuosa-

1817 2711 1867 2764 ei
1896 2708 1954 2763 fit
1996 2707 2239 2778 magistri
2274 2705 2537 2762 doctrina.
2568 2704 2635 2758 Et
2672 2704 2813 2758 istud
2846 2702 3043 2757 Paulus
3084 2699 3402 2771 mysterium

1818 2800 1959 2853 intra
1995 2798 2267 2852 hominem
2297 2796 2410 2866 geri
2446 2794 2885 2859 sciens,.dicebat
2917 2807 2933 2845 :
2978 2791 3119 2846 Nam
3146 2792 3193 2845 si
3215 2790 3404 2860 loquar

1817 2890 2007 2959 linguis
2055 2890 2269 2959 spiritus
2299 2903 2444 2941 meus
2475 2895 2618 2948 orat,
2650 2885 2738 2941 sed
2765 2901 2907 2938 mens
2940 2899 3058 2937 mea
3078 2884 3189 2938 sine
3223 2880 3401 2950 fructu

1818 2990 1892 3035 est
1923 2979 1973 3051 (Ι
2008 2978 2133 3033 Cor.
2160 2978 2272 3045 xtv)
2307 2996 2319 3029 :
2349 2976 2597 3047 spiritum
2628 2990 2783 3031 suum
2814 2975 3000 3029 dicens
3025 2974 3405 3044 gratiam'san-

1821 3066 2157 3137 cti.Spiritus
2203 3080 2323 3134 quae
2360 3080 2390 3117 a
2428 3064 2537 3117 Deo
2566 3062 2874 3117 hominibus
2920 3061 3099 3115 datur.
3149 3058 3301 3116 U‘nde
3350 3065 3407 3114 et

1824 3156 2113 3210 cohortans
2155 3169 2255 3208 nos
2287 3162 2347 3207 ut
2386 3168 2491 3207 non
2527 3153 2823 3207 habeamus
2874 3151 3264 3205 infructuosum
3300 3148 3405 3205 hoc

133 3260 230 3315 pro
252 3243 420 3299 nobis.
462 3219 657 3314 (Cass)
682 3241 763 3295 Ad
813 3241 955 3295 illam
986 3219 1232 3311 ignitam,
1259 3219 1313 3294 et
1350 3256 1468 3308 qua:
1491 3254 1585 3293 ore
1615 3240 1715 3293 ho-
1744 3219 1789 3282 (ἶ
1821 3245 1995 3300 sancti
2024 3243 2259 3313 Spiritus
2302 3242 2619 3297 beneficium
2639 3282 2654 3306 ,
2683 3241 2830 3295 addit
2854 3241 3065 3295 etrdicit
3096 3259 3107 3293 :
3143 3239 3284 3305 Quid
3326 3248 3404 3295 est

134 3336 343 3392 minum
373 3348 475 3390 nec
522 3334 905 3403 comprehendi
949 3347 1050 3387 nec
1085 3333 1317 3402 exprimi
1360 3340 1557 3402 potest,
1596 3346 1719 3385 ora-

137 3425 343 3480 tionem
371 3423 765 3479 ferventissimo
791 3423 952 3479 corde
985 3424 1183 3491 quique
1236 3422 1379 3491 digni
1414 3431 1714 3492 raptantur.

138 3514 533 3581 Nonnunquam
580 3526 733 3567 mens
772 3526 891 3580 quae
929 3513 982 3565 in
1034 3511 1185 3565 illum
1230 3527 1417 3566 verum
1464 3512 1717 3581 puritatis

138 3603 355 3676 proficit
380 3601 651 3667 affectum,
676 3610 836 3670 atque
864 3602 918 3654 in
945 3617 1010 3655 eo
1027 3600 1139 3669 jam
1184 3602 1411 3670 cmperit
1454 3600 1712 3665 radicari,

138 3694 279 3749 solet
297 3694 411 3747 haec
438 3693 616 3746 omnia
663 3691 820 3746 simul
846 3692 1154 3761 pariterque
1194 3691 1520 3760 concipiens,
1554 3699 1717 3759 atque

139 3785 194 3839 in
235 3783 453 3837 modum
500 3781 777 3851 cujusdam
803 3782 1357 3850 incomprehensibilis
1397 3796 1459 3835 ac
1486 3781 1720 3848 rapacis-

138 3876 291 3930 simae
310 3867 537 3927 flammai
557 3880 749 3926 cuncta
770 3871 1116 3939 pervolitans,
1142 3869 1434 3924 ineffabiles
1456 3870 1521 3923 ad
1547 3870 1717 3924 Deum

141 3978 332 4037 preces
356 3962 628 4032 purissimi
651 3962 847 4037 vigoris
868 3959 1165 4023 effundere,
1188 3976 1323 4029 quas
1345 3961 1459 4029 ipse
1481 3960 1716 4029 Spiritus

141 4052 491 4121 interpellans
532 4050 821 4120 gemitibus
851 4049 1302 4104 inenarrabilibus
1350 4050 1719 4119 ignorantibus

144 4147 301 4201 nobis
342 4145 509 4201 mittit
536 4145 599 4206 ad
632 4144 819 4207 Deum,
850 4151 995 4197 tanta
1055 4142 1261 4197 scilicet
1288 4143 1344 4195 in
1392 4142 1534 4197 illius
1573 4144 1718 4205 horae

144 4244 424 4293 incruento
452 4235 761 4304 concipiens
788 4243 842 4288 et
871 4232 1213 4288 inetl‘abiliter
1252 4234 1303 4287 in
1333 4234 1717 4304 supplicatione

144 4326 500 4399 profundens,
531 4333 731 4395 quanta
765 4340 872 4378 non
913 4318 1085 4379 dicam
1126 4338 1220 4378 ore
1250 4338 1566 4393 percurrere
1590 4339 1717 4393 pro-

146 4417 398 4481 fundens,
428 4416 521 4470 sed
542 4430 610 4469 ne
660 4415 773 4483 ipsa
802 4414 1017 4482 quidem
1037 4421 1220 4468 mente
1246 4414 1422 4496 valeat
1450 4412 1554 4467 alio
1584 4422 1720 4467 tem-

147 4524 279 4580 pore
307 4506 601 4562 recordari.
647 4505 715 4560 Et
755 4505 878 4560 inde
912 4514 995 4560 est
1032 4505 1176 4575 quod
1209 4505 1264 4559 in
1288 4504 1535 4573 qualibet
1567 4516 1715 4559 men-

1818 3352 1939 3405 ergo
1960 3335 1984 3387 ?
2006 3332 2178 3388 Orabo
2201 3332 2407 3401 spiritu,
2435 3330 2593 3384 orabo
2629 3338 2677 3383 et
2706 3340 2873 3383 mente
2901 3346 2918 3382 :
2948 3328 3209 3399 psalmum
3228 3328 3402 3383 dicam

1807 3425 2023 3494 spiritu,
2050 3420 2309 3492 psalmum
2335 3422 2509 3473 dicam
2556 3429 2602 3473 et
2642 3430 2812 3473 mente
2833 3420 2858 3472 ?

1891 3514 1993 3580 Qui
2020 3524 2191 3568 autem
2214 3521 2479 3567 scrutatur
2522 3512 2705 3577 corda,
2731 3512 2825 3565 scit
2857 3512 2982 3581 quid
3013 3511 3269 3566 desideret
3298 3511 3406 3580 spi—

1818 3608 1986 3672 ritus,
2034 3623 2158 3677 qum
2204 3604 2488 3659 secundum
2537 3602 2705 3657 Deum
2756 3602 2983 3671 postulat
3028 3619 3120 3671 pro
3185 3602 3381 3657 sanctis

1821 3697 2025 3768 (Amb.)
2054 3695 2396 3750 Manifestum
2438 3702 2521 3748 est
2554 3693 2679 3763 quia
2711 3693 2819 3747 Deo
2839 3733 2854 3757 ,
2890 3693 2979 3748 cui
3009 3693 3143 3748 nihil
3178 3693 3402 3747 tacitum

1819 3796 1903 3844 est
1934 3797 1989 3843 et
2026 3787 2265 3864 ocultum
2289 3826 2304 3850 ,
2357 3792 2482 3839 nota
2531 3793 2617 3837 est
2657 3780 2898 3853 precatio
2940 3783 3181 3843 omnium
3239 3783 3403 3853 Spiri-

1818 3885 2000 3943 tuum;
2026 3886 2230 3948 quanto
2266 3876 2439 3947 magis
2484 3875 2655 3929 sancti
2690 3872 2962 3945 Spiritus,
3010 3874 3100 3942 qui
3157 3872 3400 3942 ejusdem

1818 3971 2003 4037 utique
2022 3956 2334 4022 substantiae
2362 3974 2462 4028 est,
2494 3973 2547 4018 et
2574 3964 2808 4032 loquitur
2832 3978 2939 4016 non
2974 3962 3203 4031 impulsu
3236 3963 3400 4028 aeris,

1820 4074 1993 4129 neque
2035 4066 2095 4111 ut
2119 4055 2289 4127 angeli
2318 4096 2332 4119 ,
2362 4065 2454 4108 aut
2487 4054 2625 4109 sicut
2656 4061 2851 4108 caetera
2880 4068 2945 4106 ex
2988 4052 3275 4117 creaturis,
3305 4053 3401 4108 sed

1820 4152 1960 4207 sicut
1978 4148 2235 4219 competit
2256 4148 2370 4218 eius
2399 4146 2663 4201 divinitati
2680 4146 2693 4199 ι
2720 4144 2832 4199 Deo
2846 4159 2973 4215 ergo
2997 4143 3255 4212 loquitur,
3278 4159 3403 4198 cum

1822 4243 1977 4298 nobis
2006 4250 2185 4297 tacere
2205 4240 2446 4303 videtur;
2470 4238 2595 4307 quia
2624 4247 2678 4292 et
2712 4237 2877 4301 videt,
2906 4251 3029 4290 cum
3071 4250 3177 4289 non
3210 4236 3399 4290 videa-

1826 4345 1931 4400 tur,
1967 4342 2019 4388 et
2067 4334 2181 4387 haec
2230 4331 2364 4405 petit
2403 4344 2521 4399 qua:
2568 4330 2671 4383 scit
2715 4328 2825 4382 Deo
2871 4327 3109 4396 placere,
3149 4333 3205 4379 et
3243 4326 3400 4381 nobis

1820 4424 2095 4495 prodesse.
2137 4420 2289 4475 Tunc
2326 4434 2456 4475 sane
2501 4435 2599 4489 pro
2641 4419 2797 4473 nobis
2826 4418 3119 4487 interponit
3168 4431 3226 4472 se
3254 4417 3399 4471 idem

1824 4498 2078 4584 Spiritus,
2101 4526 2224 4566 eum
2251 4509 2353 4575 scit
2394 4524 2492 4563 nos
2520 4523 2618 4577 per
2662 4507 3039 4578 ignorantiam,
3074 4522 3178 4560 non
3202 4520 3300 4575 per
3320 4506 3401 4575 ja-

149 4614 279 4654 sura
323 4596 445 4666 quis
487 4596 713 4666 positus.
755 4610 1135 4664 nonnunquam
1170 4611 1334 4665 puras
1378 4584 1792 4663 inmunisque"
1817 4600 2075 4656 ctantiam
2101 4597 2376 4652 contraria
2398 4595 2687 4665 postulare.
2707 4584 3163 4677 (Orig.)0s'tendit
3182 4593 3397 4662 quidem

150 4704 339 4759 preces
385 4688 660 4743 invenitur
703 4686 972 4750 emittere,
1020 4687 1148 4754 quia
1200 4686 1266 4739 de
1318 4684 1407 4738 illo
1443 4686 1615 4753 primo
1664 4691 1718 4738 et

150 4776 343 4833 humili
371 4776 579 4839 ordine,
622 4775 713 4843 qui
744 4784 828 4828 est
866 4790 1027 4843 super
1078 4759 1505 4828 recordationem
1549 4773 1718 4827 futuri

146 4867 359 4935 judicii,
386 4866 431 4919 is
457 4865 547 4933 qui
574 4866 747 4918 adhuc
773 4865 873 4919 sub
899 4864 1122 4919 terroris
1153 4873 1235 4918 est
1262 4877 1421 4933 paena
1472 4878 1535 4918 ac
1574 4872 1718 4918 metu

154 4955 401 5013 examine
425 4954 776 5017 constitutus,
824 4955 896 5008 ita
925 4955 991 5008 ad
1022 4956 1209 5009 horam
1236 4954 1517 5024 compungi
1529 4964 1629 5015 tur,
1663 4962 1724 5009 ut

154 5062 264 5102 non
288 5045 495 5100 minore
521 5045 740 5114 spiritus
780 5045 1054 5100 alacritate
1091 5047 1155 5100 de
1179 5045 1569 5099 observationis
1610 5046 1727 5114 pin-

155 5135 387 5207 guedine
437 5132 740 5202 repleatur,
791 5149 949 5203 quam
1008 5135 1095 5188 ille
1145 5134 1237 5203 qui
1290 5149 1385 5203 per
1435 5136 1723 5203 puritatem

155 5223 337 5278 cordis
371 5221 451 5276 sui
479 5220 871 5276 munificentias
914 5223 1008 5277 Dei
1042 5223 1373 5291 perlustrans
1416 5231 1577 5293 atque
1609 5238 1728 5291 per-

158 5324 408 5373 currens,
436 5306 687 5362 ineffabili
710 5311 904 5377 gaudio
933 5311 1226 5380 lmtitiaque
1248 5312 1555 5365 resolvitur.
1583 5312 1724 5367 Inci-

159 5402 237 5473 pit
257 5401 400 5454 enim
442 5400 731 5455 secundum
764 5403 1085 5456 sententiam
1116 5402 1323 5456 Domini
1351 5402 1471 5471 plus
1505 5403 1723 5472 diligere

160 5492 264 5559 qui
280 5490 496 5545 sibimet
522 5492 777 5561 ampliora
814 5495 1090 5563 cognoscit
1133 5494 1356 5548 indulta.
1388 5487 1589 5564 (θήρ.)
1613 5493 1724 5547 Hoc

160 5586 340 5634 autem
382 5578 509 5635 facit
541 5580 773 5651 Spiritus
816 5582 1010 5652 juvans
1058 5584 1424 5638 infirmitatem
1461 5593 1721 5638 nostram.

162 5667 291 5735 Qua:
324 5676 502 5724 autem
548 5671 619 5726 sit
649 5672 932 5727 infirmitas
961 5683 1175 5739 nostra,
1209 5674 1318 5744 ipse
1348 5674 1604 5728 Dominus
1626 5675 1721 5729 do-

161 5767 251 5815 cet
277 5773 399 5818 cum
443 5762 570 5816 dicit
599 5778 616 5817 ι
641 5760 865 5832 Spiritus
908 5774 1214 5831 promptus,
1258 5780 1378 5817 caro
1428 5774 1600 5817 autem
1647 5765 1728 5816 in-

1820 4709 1851 4747 a
1867 4692 1979 4747 Deo
1994 4706 2098 4745 non
2113 4698 2222 4744 tam
2238 4688 2398 4742 verba
2414 4694 2593 4740 nostra
2616 4686 2668 4738 in
2686 4685 2930 4739 oratione
2957 4700 3119 4753 quam
3140 4700 3235 4739 cor
3250 4699 3401 4738 men-

1825 4793 2037 4850 temque
2068 4774 2342 4850 perpendi.
2375 4777 2493 4847 Ipse
2520 4776 2663 4831 enim
2706 4784 2790 4829 est
2818 4776 2909 4845 qui
2937 4783 3206 4829 scrutatur
3235 4776 3395 4831 corda

1822 4881 1879 4928 et
1911 4885 2088 4925 renes.
2120 4867 2274 4947 Quod
2310 4876 2486 4922 autem
2532 4867 2770 4920 secundo
2798 4867 2945 4930 dicit,
2990 4867 3116 4934 quia
3170 4865 3397 4935 Spiritus

1820 4955 2135 5027 interpellat,
2162 4956 2265 5009 hoc
2310 4964 2425 5018 est,
2455 4954 2578 5023 quia
2608 4954 2795 5007 edocet
2834 4968 2942 5006 non
2986 4953 3261 5007 minimam
3291 4954 3400 5010 dis-

1824 5045 2195 5116 pensationem
2238 5045 2398 5097 etiam
2436 5058 2533 5111 per
2567 5040 2827 5109 Spiritum
2858 5050 3103 5103 sanctum
3135 5042 3190 5101 in
3226 5044 3399 5098 omni-

1826 5136 1926 5190 bus
1980 5135 2112 5205 geri.
2139 5132 2393 5200 Quamvis
2437 5132 2582 5185 enim
2622 5132 2932 5200 unigenitus
2964 5130 3132 5186 Filius
3160 5132 3252 5186 Dei
3300 5146 3399 5200 pro

1828 5226 2000 5280 salute
2036 5225 2253 5279 humani
2294 5222 2508 5293 generis
2553 5222 2863 5275 incarnatus
2908 5228 2961 5274 et
3004 5234 3198 5288 passus
3226 5220 3316 5284 sit,
3343 5228 3401 5277 et

1829 5324 2003 5371 morte
2023 5331 2119 5369 sua
2148 5312 2475 5369 destruxerit
2498 5320 2746 5375 mortem,
2771 5318 2823 5363 et
2853 5309 3251 5366 resurrectione
3281 5311 3401 5363 red-

1830 5406 2028 5475 diderit
2063 5405 2262 5467 vitam,
2296 5402 2466 5457 nihilo
2508 5400 2724 5469 segnius
2752 5407 2937 5453 tamen
2980 5399 3185 5466 absque
3221 5398 3401 5452 incar-

1830 5496 2045 5564 natione
2074 5492 2359 5561 magniﬁca
2384 5497 2643 5558 geruntur
2662 5488 2957 5556 etiamper
2991 5484 3249 5555 Spiritum
3279 5499 3404 5541 sna-

1831 5596 1998 5640 ctum.
2015 5584 2243 5639 Tantiun
2258 5592 2340 5637 est
2355 5581 2497 5651 quod
2520 5580 2608 5635 ille
2630 5596 2726 5650 pro
2744 5580 2923 5649 impiis
2939 5587 3183 5633 mortuus
3201 5585 3309 5641 est;
3326 5577 3409 5633 sic

1830 5677 1972 5730 enim
1996 5684 2051 5731 et
2079 5676 2189 5744 ipse
2211 5673 2405 5727 Paulus
2426 5672 2657 5726 ostendit
2692 5685 2815 5725 cum
2844 5670 2982 5723 dicit
3012 5686 3026 5718 :
3067 5667 3247 5719 Adhuc
3270 5665 3410 5718 enim

1831 5765 2093 5830 Christus,
2116 5783 2232 5819 cum
2260 5765 2454 5832 inﬁrmi
2470 5778 2696 5818 essemus
2714 5801 2730 5826 ,
2760 5760 3057 5817 secundum
3083 5769 3283 5823 tempus
3318 5767 3420 5823 pm
