3948 6320
460 306 639 406 ’ίιθτ

1136 344 1197 399 Β.
1239 340 1493 398 ΒΔΒΑΝῙ
1528 341 1747 398 MAURI
1784 340 2100 398 ABCHIEP.

2202 339 2452 399 DGUNT.
2491 340 2775 399 OPERUM
2812 342 2993 401 PARS
3021 344 3108 401 111.

3642 346 3781 402 H68

497 461 673 532 impiis
714 468 949 514 mortuus
991 464 1064 513 est
1077 474 1097 523 ;
1122 464 1343 512 sanctus
1366 464 1544 512 autem
1572 456 1808 528 Spiritus
1851 472 1955 512 non
1981 474 2079 528 pro
2105 460 2159 522 Α
2184 466 2243 511 ut
2267 470 2442 526 pmnte
2470 457 2579 511 sint
2624 456 2787 511 etiam
2814 466 3189 528 peccatorum,
3222 459 3367 514 unde
3405 460 3616 515 dictum
3655 473 3743 515 est
3778 480 3788 515 :

500 552 681 622 impiis
702 550 815 620 jam
836 548 1159 620 interpellat,
1189 548 1281 604 sed
1310 564 1409 620 pro
1435 550 1666 615 sanctis;
1695 557 1748 604 et
1779 550 2083 621 interpellat

499 659 608 699 non
637 628 930 698 secundum
956 654 1207 703 carnem,
1238 639 1333 695 sed
1367 640 1659 695 secundum
1696 641 1884 695 Deum.
1928 639 2085 694 Chri-

501 742 617 790 stus
666 741 843 788 autem
872 747 979 787 non
1009 732 1304 785 secundum
1353 731 1521 785 Deum
1566 741 1814 787 mortuus
1860 732 2080 798 dicitur,

498 826 595 881 sed
632 824 925 879 secundum
955 835 1208 888 carnem;
1241 830 1296 877 et
1344 822 1463 876 ideo
1508 838 1616 877 non
1665 824 1845 877 verbis
1890 822 2085 880 oil‘erre

500 914 697 969 dicitur
724 913 959 986 Spiritus
985 912 1451 983 interpellationes
1492 926 1592 982 pro
1623 914 1828 969 sanctis
1846 954 1861 979 ,
1885 914 1978 968 sed
2000 930 2088 985 ge-

500 1003 733 1068 mitibus,
755 1013 934 1059 etnon
965 1004 1343 1060 communibus
1375 1004 1494 1059 istis
1520 1005 1830 1073 gemitibus,
1866 1007 1959 1061 sed
2006 1006 2083 1058 in-

499 1096 903 1151 enarrabilibus.
934 1097 1214 1163 Quomodo
1246 1098 1388 1151 enim
1429 1098 1673 1150 enarrari
1719 1105 1899 1167 potest
1943 1098 2087 1167 quod

502 1183 735 1255 Spiritus
779 1184 874 1239 Dei
917 1185 1159 1256 loquitur
1213 1184 1356 1239 Deo?
1387 1200 1509 1239 cum
1546 1185 1819 1241 interdum
1866 1204 1931 1243 ne
1974 1189 2087 1258 ipse

498 1277 717 1347 quidem
753 1285 938 1333 noster
976 1279 1199 1349 spiritus
1230 1279 1375 1349 quod
1406 1281 1571 1336 sentit
1597 1288 1652 1335 et
1691 1281 1944 1346 intelligit
1974 1298 2090 1339 sera

504 1380 665 1423 mone
687 1368 857 1437 possit
878 1384 1168 1441 exponere.
1328 1371 1333 1377 ”

572 1458 781 1514 Scimus
831 1469 1005 1513 autem
1049 1461 1298 1531 quoniam
1328 1461 1664 1533 diligentibus
1712 1463 1881 1518 Deum
1912 1467 2087 1520 omnia

500 1562 848 1620 cooperantur
881 1550 935 1603 in
979 1550 1194 1615 bonum,
1226 1551 1307 1605 his
1330 1553 1418 1622 qui
1444 1556 1728 1606 secundum
1764 1557 2088 1625 propositum

499 1644 667 1696 vocati
709 1652 830 1697 sunt
851 1646 1039 1699 sancti.
1086 1643 1281 1714 (0rig.)
1311 1644 1369 1698 Si
1401 1643 1657 1714 Spiritus.
1700 1647 1892 1717 inquit,
1927 1648 2092 1704 inter-

506 1738 661 1813 pellat
687 1754 788 1809 pro
828 1738 984 1793 nobis
1028 1740 1316 1809 gemitibus
1354 1740 1828 1807 inenarrabilibus,
1872 1750 1927 1797 et
1969 1744 2089 1798 uni-

2189 547 2434 602 Tradidit
2484 547 2601 601 illos
2654 548 2791 603 Deus
2840 551 2894 603 in
2922 550 3193 619 reprobam
3225 562 3471 617 mentem,
3500 565 3557 607 ut
3585 555 3792 624 faciunt

2186 655 2303 711 qua?
2333 655 2437 694 non
2481 642 2809 707 conveniunt,
2842 657 2949 696 non
2985 643 3057 697 ibi
3091 652 3376 712 peccatum
3419 645 3514 700 Dei
3548 657 3661 709 est,
3696 650 3788 700 sed

2182 730 2462 799 judicium.
2502 718 2764 800 Quocirca
2810 733 3212 803 priedestinatio
3256 737 3351 791 Dei
3397 755 3516 808 qum
3548 742 3604 795 in
3647 744 3791 796 bono

2188 832 2292 887 est,
2340 824 2527 894 gratim
2582 833 2665 878 est
2709 828 3058 894 praeparatio;
3094 829 3265 899 gratia
3317 844 3449 884 vero
3496 842 3580 886 est
3614 833 3790 901 ipsius

2189 914 2679 984 prmdestinationis
2730 913 2972 969 eil‘ectus.
3009 918 3209 990 (Amb.)
3252 918 3391 974 lstos
3448 936 3582 989 quos
3644 938 3790 990 pra:-

2190 1005 2348 1060 scivit
2374 1004 2581 1060 futuros
2610 1005 2831 1061 devotos
2856 1007 2981 1071 sibi,
3026 1008 3172 1077 ipsos
3225 1010 3384 1080 elegit
3419 1012 3483 1064 ad
3514 1013 3789 1080 promissa

2187 1098 2409 1167 praemia
2450 1099 2812 1167 capessenda;
2860 1106 2916 1151 ut
2948 1099 3000 1152 hi
3030 1100 3119 1167 qui
3158 1103 3377 1155 credere
3420 1103 3791 1165 videntur,et

2191 1204 2294 1243 non
2328 1198 2643 1259 permanent
2669 1188 2722 1241 in
2754 1188 2856 1243 ﬁde
2891 1199 3087 1257 empta,
3115 1204 3143 1242 a
3172 1189 3280 1243 Deo
3305 1187 3463 1244 electi
3497 1204 3786 1262 negentur,

2190 1282 2316 1349 quia
2370 1294 2504 1349 quos
2560 1279 2700 1333 Deus
2744 1278 2938 1348 elegit,
2988 1279 3127 1347 apud
3180 1295 3237 1333 se
3289 1292 3634 1349 permanent.
3697 1282 3788 1335 Est

2191 1371 2333 1425 enim
2376 1370 2467 1439 qui
2514 1371 2579 1423 ad
2627 1378 2837 1438 tempus
2886 1368 3123 1438 eligitur,
3159 1370 3301 1425 sicut
3330 1370 3459 1425 Saul
3511 1382 3567 1425 et
3595 1372 3784 1437 ludas,

2188 1476 2295 1515 non
2319 1461 2384 1515 de
2413 1460 2751 1529 prmscientia
2814 1460 2907 1513 sed
2938 1461 3005 1513 de
3038 1462 3286 1528 prtesenti
3304 1460 3542 1528 justitia.
3576 1464 3593 1525 (
3601 1460 3783 1531 Orig.)

2190 1551 2324 1605 lllud
2349 1559 2527 1604 autem
2546 1550 2686 1618 quod
2710 1549 2805 1615 ait,
2822 1548 3113 1618 conformes
3125 1551 3239 1617 ﬁeri
3260 1550 3505 1619 imaginis
3527 1550 3658 1603 Filii
3680 1551 3786 1621 sui,

2190 1644 2311 1698 volo
2341 1644 2615 1713 requirere
2643 1641 2797 1710 cujus
2818 1642 3006 1697 forma:
3030 1645 3336 1698 conformes
3368 1644 3485 1717 ﬁcrj
3512 1646 3783 1698 dicantur.

2192 1733 2444 1803 Legimus
2478 1734 2621 1787 enim
2669 1732 2861 1786 Filium
2914 1733 3006 1786 Dei
3040 1733 3325 1801 aliquando
3358 1735 3412 1787 in
3453 1734 3627 1788 forma
3666 1735 3783 1799 Dei,

499 1844 658 1885 versa
690 1840 958 1886 meatum
1012 1833 1388 1903 congemiscit’
1421 1842 1474 1888 οι
1519 1834 1664 1889 dole;
1712 1850 1880 1904 usque
1925 1851 2088 1901 nunc,
2124 1842 2168 1901 Β
2197 1825 2482 1893 aliquando
2515 1826 2566 1878 in
2595 1822 2765 1877 forma
2794 1825 2938 1878 servi
2962 1840 3081 1879 esse
3102 1826 3356 1894 positum.
3388 1826 3486 1882 Cui
3518 1844 3649 1898 ergo
3677 1828 3788 1883 for—

499 1937 621 1994 quac
668 1922 987 1979 liberabitur
1014 1933 1143 1980 tunc
1172 1926 1388 1981 demum
1422 1942 1450 1980 a
1490 1928 1752 1983 servitute
1790 1930 2093 1999 corruptio—

499 2012 615 2078 nis,
669 2028 792 2068 cum
843 2014 1063 2069 libertas
1118 2016 1301 2085 gloriae
1354 2016 1588 2071 filiorum
1642 2017 1742 2072 Dei
1792 2018 2089 2084 advenerit,

499 2106 770 2177 quomodo
805 2121 910 2161 non
959 2117 1327 2177 competenter
1367 2109 1807 2179 pronuntiabitur
1838 2110 1960 2180 quia
1991 2111 2095 2165 sci-

500 2210 623 2251 mus
645 2198 787 2265 quod
806 2197 1154 2263 diligentibus
1170 2199 1337 2253 Deum
1358 2200 1538 2253 omnia
1554 2210 1915 2269 cooperantur
1936 2201 1989 2254 in
2004 2199 2096 2255 bo-

500 2270 670 2345 num'?
698 2290 755 2344 ln
794 2300 1004 2346 tantum
1037 2293 1180 2347 enim
1215 2293 1397 2347 omnia
1424 2303 1783 2363 cooperantur
1809 2294 1862 2348 in
1893 2295 2094 2349 bonum

500 2390 555 2437 et
584 2382 919 2438 collaborant
939 2384 1025 2438 his
1048 2384 1140 2453 qui
1167 2384 1396 2455 diligunt
1418 2384 1602 2446 Deum,
1639 2394 1698 2439 ut
1725 2394 1779 2439 et
1797 2386 1911 2455 ipse
1934 2384 2098 2454 Spiri-

503 2482 593 2530 tus
621 2472 869 2542 adjuvet,
904 2490 1003 2529 nec
1048 2474 1389 2545 dedignetun
1406 2475 1585 2529 divina
1622 2484 1815 2530 natura
1843 2477 1949 2531 dux
1977 2492 2096 2532 esse

502 2565 714 2621 itineris
743 2566 809 2631 ad
830 2566 1051 2620 bonum.
1082 2564 1268 2637 (Aug.)
1293 2564 1423 2621 Sine
1452 2567 1679 2622 Domino
1706 2567 1788 2621 vel
1817 2577 2091 2637 operante,

501 2663 563 2711 ut
581 2654 828 2721 velimus,
848 2654 931 2711 vel
952 2666 1295 2727 cooperante,
1312 2668 1434 2711 cum
1450 2657 1716 2723 volumus,
1741 2652 1807 2711 ad
1831 2659 1968 2713 bona
1987 2659 2099 2728 pie-

506 2752 629 2807 tatis
649 2766 810 2822 opera
852 2750 987 2805 nihil
1036 2750 1296 2805 valemus.
1329 2750 1405 2806 De
1435 2760 1697 2821 operante
1746 2752 1836 2806 illo
1873 2761 1930 2806 ut
1968 2752 2098 2807 veli-

502 2858 626 2898 mus
653 2842 853 2901 dictum
889 2850 975 2897 est
1005 2846 1019 2895 ξ
1055 2840 1192 2895 Deus
1222 2842 1359 2895 enim
1386 2843 1475 2913 qui
1514 2853 1761 2912 operatur
1788 2845 1843 2897 in
1868 2843 2011 2897 vobis
2051 2852 2098 2897 et

504 2933 631 2989 velle
659 2931 828 3001 (Phil.
861 2930 945 3002 ll).
977 2930 1054 2985 De
1083 2942 1406 3001 cooperante
1440 2932 1530 2987 illo
1554 2949 1675 2989 cum
1694 2934 1803 3004 jam
1828 2934 2096 3001 volumus,

505 3031 561 3101 et
606 3023 838 3078 volendo
901 3022 1111 3097 agimus
1163 3040 1177 3076 :
1238 3021 1448 3078 Scimus
1499 3024 1669 3086 enim,
1716 3025 1923 3095 inquit,
1976 3043 2102 3097 quo-

505 3116 648 3171 niam
677 3113 1210 3198 diligentibus/Deum
1240 3115 1417 3181 omnia
1448 3124 1796 3185 coaperantur
1826 3117 1880 3170 in
1911 3116 2101 3171 bonum

2197 1932 2297 1971 mae
2324 1918 2512 1971 harum
2566 1917 2791 1972 duarum
2825 1917 3133 1973 conformes
3178 1920 3323 1985 dicat
3365 1924 3657 1990 Apostolus
3701 1922 3787 1977 fu-

2198 2016 2347 2062 turos
2378 2024 2472 2069 eos
2520 2016 2611 2079 qui
2643 2009 2871 2079 diligunt
2896 2010 3085 2075 Deum,
3116 2020 3172 2064 et
3217 2014 3414 2081 quibus
3466 2016 3649 2069 omnia
3693 2030 3788 2069 co-

2196 2108 2491 2169 operantur
2541 2101 2594 2153 in
2650 2100 2873 2165 bonum,
2906 2114 3013 2153 non
3060 2101 3217 2154 otiosi
3250 2103 3382 2157 mihi
3422 2104 3639 2158 \‘idctut‘
3665 2121 3785 2160 esse

2180 2188 2544 2247 .discriminis.
2574 2188 2825 2243 Arbitror
2865 2191 2995 2259 ergo
3024 2192 3319 2245 secundum
3349 2210 3411 2245 ea
3439 2210 3561 2262 qum
3585 2195 3635 2248 in
3666 2195 3786 2251 aliis

2198 2278 2339 2333 idem
2370 2280 2568 2333 Paulus
2600 2280 2862 2348 designat,
2892 2281 2981 2333 ubi
3033 2281 3163 2335 dicit
3202 2300 3213 2333 :
3250 2281 3434 2336 Fili-cli
3474 2288 3609 2349 mei,
3658 2305 3784 2356 quos

2199 2369 2385 2421 iterum
2429 2370 2689 2437 parturio,
2724 2369 2887 2423 donec
2938 2369 3194 2437 fomtetur
3238 2372 3483 2427 Christus
3542 2377 3594 2428 in
3649 2378 3785 2430 vobis

2200 2456 2343 2527 (Gal.
2376 2459 2481 2528 tv),
2508 2458 2741 2527 formari
2771 2476 2823 2513 In
2878 2460 2961 2513 his
2998 2477 3088 2530 qui
3116 2462 3183 2515 ad
3230 2463 3621 2532 perfectionem
3673 2476 3783 2520 teu-

2197 2548 2333 2603 dunt
2368 2548 2645 2604 Christum
2683 2550 2861 2615 dicat,
2898 2553 3191 2606 secundum
3237 2554 3339 2609 hoc
3376 2559 3523 2624 quod
3559 2556 3784 2613 Verbum

2198 2649 2299 2705 est,
2338 2648 2409 2695 ut’
2442 2640 2521 2695 eis
2552 2638 2713 2695 Verbi
2745 2641 2839 2694 Dei
2884 2643 3169 2697 sinceritas
3194 2644 3265 2697 ad
3302 2661 3501 2714 purum
3536 2646 3788 2702 informe-

2200 2738 2309 2795 tur,
2346 2740 2400 2784 et
2421 2731 2716 2785 secundum
2745 2731 2846 2785 hoc
2874 2733 3017 2801 quod
3048 2734 3251 2787 veritas
3280 2742 3379 2797 est,
3413 2745 3474 2789 ut
3502 2739 3701 2791 veritas
3734 2739 3786 2791 iu

2199 2820 2279 2874 eis
2334 2821 2538 2890 absque
2599 2819 2757 2875 ullius
2799 2820 2907 2876 fuci
2954 2822 3276 2878 admistione
3328 2826 3667 2881 eonsistatet
3708 2846 3789 2883 se-

2200 2914 2436 2968 cundum
2485 2913 2587 2967 hoc
2621 2913 2765 2983 quod
2814 2915 3078 2983 sapientia
3117 2925 3221 2980 est,
3269 2927 3323 2971 ut
3373 2920 3644 2987 sapientia
3699 2922 3791 2976 Dei

2201 3003 2253 3057 in
2298 3004 2378 3058 eis
2406 3003 2493 3066 sit,
2528 3003 2619 3057 illa
2640 3019 2802 3073 quam
2840 3004 2983 3061 inter
3022 3007 3293 3077 perfectos
3331 3011 3579 3080 loquitur
3601 3011 3793 3068 Paulus

2200 3109 2334 3164 pura
2363 3104 2418 3149 et
2462 3096 2666 3165 abeque
2707 3094 2816 3149 ullo
2844 3096 3046 3150 erroris
3072 3096 3395 3152 diverticulo
3443 3113 3796 3157 conservetur

506 3205 685 3280 (Rom.
717 3182 857 3277 vni).
888 3184 1036 3271 Quid,
1074 3216 1157 3261 est
1194 3207 1399 3271 omnia,
1426 3205 1528 3262 nisi
1545 3182 1608 3263 et
1637 3208 1779 3278 ipsas
1830 3208 2100 3264 terribiles

2206 3182 2297 3240 Sic
2333 3193 2386 3240 et
2438 3188 2732 3241 secundum
2765 3187 2949 3242 omnia
3006 3203 3126 3257 quae
3156 3188 3413 3246 Christus
3441 3202 3559 3256 est,
3586 3194 3671 3267 vel
3708 3196 3795 3265 ju-

505 3312 785 3369 stevasque
832 3297 1149 3369 passiones?
1194 3296 1418 3352 Sarcina
1466 3300 1663 3369 quippe
1708 3314 1833 3367 quas
1877 3298 2102 3354 inﬁrmi-

506 3390 603 3446 tati
632 3387 815 3459 gravis
843 3397 948 3453 est,
974 3387 1106 3443 levis
1135 3386 1372 3443 efﬁcitur
1396 3386 1671 3443 charitati.
1711 3387 1931 3443 Talibus
1958 3388 2102 3443 enim

508 3480 768 3541 Dominus
817 3478 951 3543 dixit
1004 3494 1125 3535 esse
1170 3493 1322 3536 suam
1368 3476 1638 3534 sarcinam
1692 3479 1884 3541 levem,
1927 3478 2102 3548 qualis

508 3558 673 3645 Petro
726 3571 860 3637 fuit,
892 3586 1017 3631 cum
1044 3585 1239 3641 passus
1268 3579 1353 3627 est
1389 3585 1489 3641 pro
1517 3569 1767 3636 Christo,
1791 3586 1897 3625 non
1928 3569 2104 3640 qualis

510 3666 635 3734 fuit,
665 3666 883 3740 quando
925 3667 1139 3742 negavit
1185 3664 1477 3721 Christum.
1526 3664 1915 3721 Hmreticorum
1963 3679 2100 3734 quo—

508 3774 616 3832 que
642 3757 1015 3829 inquietudine
1039 3767 1100 3812 ut
1125 3755 1431 3826 Scripturas
1454 3754 1765 3826 vigilantius
1790 3765 2098 3825 perscrute-

512 3856 655 3915 mur,
690 3848 831 3902 unde
878 3862 945 3901 ne
975 3845 1115 3900 oculi
1163 3844 1361 3902 Christi
1412 3855 1665 3910 noceant,
1702 3845 1780 3901 eis
1820 3845 1987 3916 possit
2014 3860 2105 3899 oc-

512 3940 963 4014 curri,tanquam
1013 3937 1079 3992 de
1122 3952 1313 3993 somno
1340 3938 1567 4008 ignavia:
1591 3945 1787 4001 nostrae
1835 3938 2105 3993 excitatur

512 4031 818 4096 industria;
870 4032 943 4099 ita
987 4044 1088 4100 per
1138 4026 1489 4099 multiplicem
1533 4030 1760 4099 gratiam
1806 4025 2103 4083 Salvatoris

514 4123 680 4177 etiam
713 4135 857 4193 quoa
884 4120 1137 4173 inimicus
1164 4117 1219 4173 in
1249 4119 1544 4189 perniciem
1569 4118 1934 4184 machinatur,
1960 4116 2105 4172 Deus

516 4213 784 4271 convertit
806 4212 858 4266 in
884 4210 1235 4279 adjutorium.
1283 4207 1546 4275 Quoniam
1575 4208 1909 4280 diligentibus
1936 4207 2104 4263 Deum

516 4308 693 4360 omnia
742 4313 1091 4367 cooperantur
1135 4302 1189 4355 in
1221 4300 1430 4354 bonum.
1483 4298 1689 4371 (Amin)
1722 4298 1822 4369 Qui
1869 4300 1971 4364 etsi
2007 4300 2107 4353 im-

516 4396 688 4466 perite
715 4390 917 4448 fuerint
949 4386 1185 4463 precati,
1215 4406 1322 4445 non
1351 4391 1458 4445 illis
1487 4391 1684 4455 oberit,
1707 4390 1833 4460 quia
1863 4388 2107 4461 proposi-

520 4494 631 4542 tum
689 4486 867 4541 cordis
923 4480 1132 4539 illorum
1181 4485 1363 4561 sciens
1410 4484 1573 4548 Deus,
1609 4493 1665 4538 et
1700 4484 1968 4555 ignaviam
1996 4498 2104 4557 non

519 4580 623 4637 illis
676 4579 908 4646 imputat
949 4576 1039 4645 qui
1087 4576 1312 4629 adversa
1358 4574 1661 4644 postulant,
1689 4576 1781 4628 sed
1812 4588 1876 4627 ea
1920 4575 2113 4628 annuit

518 4685 639 4740 quae
667 4668 840 4722 danda
879 4674 1003 4719 sunt
1034 4666 1201 4721 Deum
1228 4665 1553 4719 amantibus.
1579 4663 1732 4718 Unde
1758 4671 1813 4718 et
1854 4664 2112 4717 Dominus

523 4766 635 4813 ait:
669 4755 811 4820 Scit,
863 4756 1066 4825 inquit,
1120 4751 1283 4806 Pater
1330 4763 1492 4807 vester
1535 4754 1661 4823 quid
1709 4752 1848 4806 vobis
1878 4769 2006 4826 opus
2045 4754 2113 4806 sit

522 4858 800 4919 antequam
827 4846 1012 4915 petatis
1038 4843 1102 4897 ab
1126 4860 1185 4897 eo
1212 4841 1425 4913 (Matth.
1458 4842 1553 4911 vt).
1578 4842 1643 4901 Hi
1666 4858 1794 4912 ergo
1818 4846 2113 4898 secundum

523 4937 854 5008 propositum
880 4941 1155 4998 vocantur,
1180 4948 1316 5004 quos
1338 4933 1619 4987 credentes
1638 4934 1851 5002 praescit
1872 4932 2013 4988 Deus
2032 4934 2115 5007 [ιι-

526 5042 679 5083 turos
708 5028 806 5083 sibi
842 5028 1081 5089 idoneos,
1113 5034 1172 5080 ut
1197 5033 1483 5095 antequam
1520 5024 1803 5079 crederent
1826 5026 2110 5082 scirentur.

602 5117 741 5171 Nam
769 5133 897 5181 quos
918 5116 1176 5185 pra’scivit
1196 5124 1243 5168 et
1264 5116 1649 5184 prtrdestin’auit
1672 5114 1965 5184 conformes
2000 5115 2118 5183 ﬁeri

525 5209 771 5279 imaginis
827 5206 951 5260 Filii
984 5206 1087 5260 sui.
1140 5203 1322 5276 (Aug)
1376 5204 1781 5259 Praedestinalio
1835 5214 1946 5272 est,
1995 5221 2115 5275 qua

528 5300 647 5355 sine
673 5296 1011 5364 pnescientia
1051 5311 1159 5351 non
1189 5302 1368 5369 potest
1396 5309 1547 5358 esse;
1578 5302 1756 5362 potest
1784 5302 1963 5347 autem
1995 5309 2115 5349 esse

530 5396 648 5446 sine
701 5386 1171 5458 praedestinatione
1219 5385 1577 5457 prmscientia.
1634 5384 2115 5440 Pnedestiaatione

527 5482 728 5554 quippe
758 5480 899 5534 Deus
928 5494 991 5535 ea
1033 5479 1300 5545 pmscivit
1330 5493 1449 5547 quae
1486 5477 1664 5531 fuerat
1700 5477 1814 5545 ipse
1850 5475 2110 5534 facturus.

532 5572 687 5631 Unde
706 5573 908 5627 dictum
940 5581 1044 5636 est,
1070 5569 1213 5626 Fecit
1238 5588 1353 5641 qua:
1373 5572 1555 5641 futura
1581 5580 1720 5647 sunt.
1746 5570 2005 5627 Praescire
2024 5587 2114 5633 au-

534 5672 644 5720 tem
660 5671 833 5733 potest
846 5667 1007 5718 etiam
1032 5676 1151 5732 qua:
1170 5662 1280 5733 ipse
1298 5676 1402 5715 non
1425 5661 1554 5717 facit
1577 5681 1587 5715 :
1614 5663 1753 5718 sicut
1778 5678 2115 5733 quascunque

535 5763 757 5824 peccata
780 5772 794 5812 :
816 5755 945 5829 quia
962 5759 1064 5812 etsi
1084 5762 1213 5812 sunt
1230 5754 1497 5827 quaedam,
1512 5768 1631 5825 quae
1651 5754 1725 5811 ita
1748 5743 1971 5827 peccata
1990 5763 2119 5814 sunt

2206 3276 2353 3331 stitia
2384 3275 2468 3331 vel
2499 3276 2856 3335 sanctificatio
2882 3278 2963 3333 vel
2995 3286 3203 3334 exterae
3252 3296 3498 3351 quasqua:
3547 3287 3796 3351 virtutes,

2206 3367 2251 3421 si
2279 3366 2333 3421 in
2359 3367 2440 3422 eis
2469 3366 2773 3422 formentur
2801 3369 2871 3423 ad
2912 3369 3197 3440 liquidum,
3227 3372 3318 3427 isti
3356 3375 3691 3431 videbuntur
3734 3380 3803 3434 ad

2206 3458 2350 3513 illam
2393 3457 2790 3529 formam,qua
2847 3461 2901 3514 in
2954 3460 3126 3516 forma
3176 3462 3271 3518 Dei
3329 3475 3445 3531 est,
3493 3467 3804 3525 conformes

2204 3546 2458 3627 imaginis
2484 3562 2606 3602 esse
2631 3546 2807 3603 etl‘ecti
2847 3548 3024 3620 (Rom.
3051 3550 3193 3625 vin).
3225 3551 3281 3606 Si
3311 3569 3444 3609 vero
3472 3556 3653 3611 adhuc
3682 3561 3805 3627 quis

2206 3635 2259 3691 in
2296 3624 2465 3693 initiis
2502 3648 2870 3705 conversetur,
2892 3642 3099 3695 initium
3127 3624 3309 3699 autem
3338 3647 3618 3716 sapientia'
3645 3624 3806 3704 εείιιυν

2205 3718 2303 3782 Dei
2353 3740 2426 3784 est
2459 3727 2683 3801 (Eccles.
2718 3749 2757 3797 ι,
2803 3729 2952 3786 Psal.
2985 3732 3108 3803 cx),
3161 3743 3222 3789 ut
3271 3736 3327 3790 in
3375 3737 3573 3792 timore
3623 3740 3806 3795 adhuc

2205 3822 2414 3893 positus
2441 3823 2617 3893 prima
2649 3825 2825 3880 cultus
2856 3826 2951 3880 Dei
3001 3827 3267 3883 elementa
3312 3832 3573 3905 suscipiat
3615 3848 3807 3889 secun-

2208 3913 2335 3967 dum
2364 3910 2595 3966 formam
2624 3914 2789 3981 servi,
2819 3930 2981 3985 quam
3020 3920 3260 3989 suscepit
3297 3920 3364 3973 ad
3397 3921 3497 3976 hoc
3528 3933 3589 3978 ut
3642 3926 3809 3980 rudes

2207 4012 2261 4057 et
2328 4003 2546 4074 ignaros
2580 4005 2842 4061 timorem
2893 4006 2990 4063 Dei
3046 4009 3282 4073 duceset,
3321 4010 3634 4069 confonnes
3690 4013 3805 4069 ﬁeri

2208 4094 2544 4166 intelligendi
2575 4105 2701 4152 sunt
2745 4098 2801 4153 hi
2851 4100 2941 4168 qui
2980 4101 3154 4171 prima
3183 4103 3336 4157 initia
3370 4105 3425 4158 in
3456 4106 3552 4159 Dei
3608 4106 3808 4161 timore

2208 4191 2534 4260 suscipiunt.
2570 4190 2754 4263 (Aug.)
2780 4192 2969 4248 Potest
3013 4204 3070 4248 et
3120 4196 3198 4253 sic
3226 4197 3395 4269 accipi
3448 4208 3506 4252 ut
3549 4200 3810 4269 quemad-

2210 4282 2426 4337 modum
2463 4284 2623 4338 nobis
2650 4282 2737 4339 ille
2782 4285 3135 4353 mortalitate,
3169 4287 3241 4342 ita
3268 4304 3367 4344 nos
3394 4289 3472 4344 illi
3504 4289 3807 4346 eiﬁciamnr

2210 4374 2618 4431 immortalitate
2652 4375 2963 4433 conformes
2995 4398 3007 4433 :
3037 4381 3179 4450 quod
3208 4382 3428 4451 quidem
3454 4393 3510 4438 et
3537 4385 3607 4438 ad
3634 4386 3803 4455 ipsam

2212 4469 2668 4526 resurrectionem
2719 4486 3006 4542 corporum
3053 4474 3307 4542 pertinet.
3360 4475 3565 4547 (Θήρ.)
3613 4477 3692 4533 De
3743 4493 3805 4532 eo

2215 4571 2395 4616 autem
2430 4555 2574 4632 quod
2627 4562 2762 4617 dixit
2806 4565 3101 4633 praesciuit,
3130 4574 3179 4621 et
3222 4569 3649 4636 praedestinavit,
3677 4581 3801 4641 puto

2214 4654 2356 4724 quod
2404 4654 2544 4709 sicut
2582 4669 2689 4710 non
2735 4655 2800 4709 de
2832 4656 3085 4711 omnibus
3111 4657 3265 4721 dixit,
3300 4660 3389 4729 qui
3434 4663 3783 4730 praedestinat

2215 4754 2372 4813 sunt;
2425 4748 2499 4800 ita
2527 4761 2627 4801 nec
2658 4746 2724 4800 de
2764 4747 3017 4803 omnibus
3066 4748 3221 4815 dixit,
3247 4766 3383 4820 quos
3428 4756 3706 4821 pnescivit
3744 4775 3797 4813 ac

2214 4837 2635 4922 praedestinavit.
2658 4837 2773 4893 Non
2800 4840 2945 4894 enim
2974 4842 3266 4897 secundum
3290 4858 3639 4901 communem
3667 4850 3800 4920 vulgi

2216 4929 2524 4997 opinionem
2576 4929 2875 4999 putandum
2920 4940 3003 4987 est
3057 4933 3197 4987 bona
3249 4935 3499 5007 malaque
3550 4941 3801 5008 prmsrire

2216 5016 2422 5083 Deum;
2454 5017 2547 5073 sed
2594 5020 2892 5074 secundum
2921 5019 3215 5091 Scriptura:
3262 5033 3465 5079 sanetae
3512 5040 3799 5083 consuetu-

2217 5108 2400 5183 dinem
2430 5110 2769 5166 sentiendum
2797 5118 2899 5166 est.
2932 5110 3194 5167 Observet
3225 5113 3369 5168 enim
3397 5116 3491 5188 qui
3531 5117 3798 5177 studiosus

2188 5209 2302 5271 est
2341 5201 2396 5255 in
2430 5200 2757 5271 Seripturis,
2784 5203 2959 5258 sicubi
2983 5202 3186 5259 invenit
3221 5203 3569 5275 Scripturam
3602 5209 3794 5273 dicere,

2219 5292 2344 5363 quia
2375 5292 2543 5348 malos
2583 5294 2883 5365 praescierit
2924 5294 3085 5360 Deus,
3132 5295 3273 5351 sicut
3310 5296 3364 5351 in
3395 5300 3658 5368 praesenti
3686 5299 3795 5355 loco

2220 5386 2286 5441 de
2314 5384 2469 5440 bonis
2490 5383 2777 5440 manifeste
2801 5383 2951 5449 dicit,
2978 5386 3104 5455 quia
3130 5402 3261 5457 quos
3283 5387 3549 5457 prescivit
3581 5398 3630 5442 et
3669 5406 3796 5458 pra-

2219 5474 2494 5529 destinavit
2531 5473 2820 5543 conformes
2853 5474 2971 5543 ﬁeri
2998 5476 3240 5546 imaginis
3273 5475 3405 5529 Filii
3439 5478 3544 5531 sui.
3576 5476 3635 5532 Si
3660 5480 3794 5533 enim

2218 5580 2355 5638 quos
2384 5566 2656 5638 praescivit
2672 5606 2688 5632 ,
2712 5566 2812 5621 hos
2834 5572 2890 5620 et
2915 5566 3317 5635 praedestinavit
3348 5566 3663 5623 conformes
3686 5584 3796 5625 esse

2220 5660 2469 5733 imaginis
2496 5660 2619 5721 Filii
2646 5660 2750 5725 sui,
2779 5657 2959 5715 nullus
2984 5667 3164 5715 autem
3192 5660 3366 5715 malus
3390 5660 3693 5717 conformis
3714 5677 3797 5733 po-

2220 5762 2329 5814 test
2348 5768 2469 5815 esse
2489 5753 2741 5826 imaginis
2767 5750 2890 5815 Filii
2909 5752 3006 5810 Dei
3026 5792 3042 5820 ,
3068 5751 3419 5812 manifestum
3456 5760 3545 5811 est
3579 5754 3708 5825 quis
3738 5753 3799 5808 de
