3948 6324
223 374 366 432 “69

754 370 1302 429 ENARRATIONUM
1322 367 1405 427 IN
1442 364 1589 424 ΕῬΡ.
1628 368 1790 427 PAUI

1893 367 1995 426 .IB.
2036 366 2105 425 ν.
2140 396 2211 409 -
2245 363 2315 423 ΙΝ
2350 366 2568 424 EPIST.
2606 368 2697 422 AD
2733 363 2902 425 ROM.

3326 363 3467 423 M70

220 490 378 546 bonis
408 497 611 543 tantum
644 487 805 553 dicit,
844 488 1085 542 Prtesciit
1118 502 1253 558 quos
1295 494 1350 541 et
1388 486 1787 554 praedestinavit
1813 487 1867 548 Α
1888 483 2237 538 manifestum
2265 490 2348 537 est
2385 500 2491 537 non
2523 482 2849 551 justiticatos
2876 481 2982 536 nisi
3012 490 3262 549 vocatos,
3290 496 3466 551 quan-

220 580 527 637 coniormes
558 579 673 633 fieri
702 578 946 648 imaginis
974 578 1091 631 Filii
1122 579 1203 631 sui
1230 595 1243 630 :
1272 586 1496 631 caeteros
1523 590 1651 630 vero
1683 590 1787 630 non

221 672 419 727 modo:
448 670 727 740 prazscire,
768 668 862 721 sed
891 668 1099 721 nescire
1134 666 1351 735 quidem
1394 664 1590 719 dicitur
1626 664 1785 719 Deus.

225 761 382 815 Novit
408 760 550 813 enim
586 758 841 811 Dominus
861 774 945 811 eos
967 759 1054 828 qui
1074 765 1195 809 sunt
1214 757 1345 825 ejus.
1376 755 1455 807 Ad
1480 770 1574 809 eos
1610 763 1788 808 autem

219 851 311 919 qui
339 866 443 903 non
478 857 601 902 sunt
628 847 773 917 digni
796 856 854 900 ut
880 848 1118 900 sciantur
1141 860 1170 897 a
1192 844 1318 905 Deo,
1344 843 1593 897 Salvator
1613 842 1744 897 dicit
1771 859 1783 895 :

219 944 479 998 Discedite
500 960 530 995 α
554 959 651 1005 me,
666 940 910 1010 quoniam
932 954 1194 1007 nunquam
1210 936 1419 1006 cognovi
1432 952 1538 999 vos,
1564 934 1789 1005 operarii

214 1034 509 1104 iniquitatis
526 1030 673 1101 (Luc.
692 1028 831 1098 xm).
856 1028 947 1083 Sic
964 1043 1092 1098 ergo
1115 1029 1278 1081 etiam
1301 1027 1354 1080 in
1373 1026 1625 1099 praesenti
1652 1025 1788 1090 loco,

216 1142 353 1195 quos
381 1126 614 1195 prazsdit
641 1124 797 1187 Deus,
822 1124 967 1193 ipsos
988 1130 1042 1174 et
1065 1118 1466 1190 przedestinavit
1488 1118 1792 1173 conformes

217 1216 334 1269 ﬁeri
359 1215 608 1284 imaginis
636 1213 753 1266 Filii
781 1212 892 1277 sui;
923 1220 1147 1265 exteros
1173 1219 1354 1265 autem
1389 1209 1644 1278 praescire
1683 1224 1793 1264 non

216 1309 417 1362 dicitur
446 1326 457 1359 :
490 1322 597 1360 non
632 1305 773 1374 (μισά
808 1302 1009 1373 aliquid
1049 1302 1218 1355 latere
1251 1300 1422 1371 possit
1456 1300 1600 1353 illam
1635 1291 1792 1352 natii-

219 1416 331 1453 ram
372 1415 491 1470 qua:
519 1400 715 1467 ubique
756 1404 876 1461 est,
918 1404 973 1449 et
1014 1408 1275 1462 nusquam
1327 1393 1506 1456 deest;
1544 1391 1638 1445 sed
1668 1390 1794 1459 quia

214 1508 375 1547 omne
401 1492 541 1561 quod
569 1489 767 1547 malum
803 1494 906 1553 est,
940 1484 1166 1541 scientia
1203 1482 1317 1553 ejus
1344 1483 1427 1538 vel
1453 1482 1793 1552 praescientia

217 1584 445 1639 habetur
472 1580 767 1649 indignum.

292 1669 358 1723 Ut
389 1673 455 1723 sit
483 1671 589 1737 ipse
615 1665 985 1737 primogenitus
1020 1667 1073 1717 in
1103 1666 1279 1717 multis
1306 1661 1574 1731 fratribus.
1607 1656 1793 1729 Mog.)

217 1761 296 1827 Qu
320 1760 366 1811 nl
393 1767 569 1813 autem
598 1757 749 1822 dicit,
786 1754 851 1809 Ut
878 1756 943 1810 sit
977 1753 1479 1824 ipse,prim09enitus
1522 1752 1575 1804 in
1617 1750 1793 1803 multis

1892 590 2051 645 quam
2078 588 2183 629 non
2210 588 2398 628 omnes
2425 582 2665 638 vocatos,
2694 573 2787 629 sed
2814 588 2907 633 eos
2927 573 3018 643 qui
3036 573 3320 627 secundum
3349 590 3471 644 pro-

1889 666 2114 734 positum
2142 664 2308 717 vocati
2331 672 2471 729 sunt,
2504 664 2643 718 sicut
2663 664 2910 734 superius
2940 664 3094 717 dixit.
3126 662 3469 734 Propositum

1891 767 2069 811 autem
2098 748 2191 809 Dei
2217 755 2585 823 accipiendum
2610 763 2711 819 est,
2736 771 2841 809 non
2862 756 3119 824 ipsorum.
3144 754 3262 825 Ipse
3288 765 3471 811 autem

1891 848 2109 925 exponit
2148 846 2276 915 quid
2314 847 2385 900 sit
2425 847 2719 900 secundum
2753 846 3111 915 propositum,
3143 862 3263 901 cum
3293 847 3466 901 dixit:

1894 938 2155 1003 Quoniam
2168 938 2294 1007 quos
2312 948 2430 990 ante
2439 937 2767 1005 prazscivit,et
2780 936 3165 1004 pra’destinavit
3179 936 3470 1006 conformes

1890 1030 2007 1097 ﬁeri
2036 1028 2280 1097 imaginis
2324 1026 2454 1081 Filii
2480 1028 2611 1095 ejus.
2639 1026 2753 1080 Non
2784 1028 2926 1080 enim
2956 1043 3143 1081 omnes
3172 1029 3262 1096 qui
3296 1029 3469 1082 vocati

1893 1125 2043 1181 sunt,
2081 1116 2371 1171 secundum
2412 1117 2741 1186 propositum
2773 1117 2946 1171 vocati
2984 1126 3107 1171 sunt
3148 1134 3159 1169 :
3194 1117 3297 1171 hoc
3328 1118 3471 1171 enim

1893 1208 2224 1279 propositum
2257 1208 2325 1261 ad
2354 1207 2740 1276 pnescientiam
2763 1216 2817 1261 et
2838 1209 3363 1279 praedestinationem
3379 1209 3473 1263 Dei

1895 1299 2184 1369 Spertinet;
2209 1314 2308 1354 nec
2327 1300 2722 1370 praedestinavit
2744 1300 2997 1370 aliquem,
3025 1302 3128 1357 nisi
3149 1317 3307 1373 quem
3334 1319 3471 1372 pra:-

1876 1402 1879 1403 '
1896 1388 2051 1442 scivit
2064 1390 2393 1443 crediturum
2412 1398 2467 1443 et
2483 1401 2789 1445 secuturum
2808 1393 3144 1445 vocationem
3160 1408 3474 1463 suam,quos

1895 1490 1949 1535 et
1974 1480 2174 1535 electos
2209 1480 2354 1534 dicit.
2391 1480 2538 1534 Multi
2566 1482 2709 1535 enim
2741 1497 2845 1535 non
2877 1483 3126 1543 veniunt,
3159 1498 3289 1539 cum
3322 1484 3472 1536 multi

1894 1571 2070 1625 vocati
2093 1570 2321 1623 fuerint:
2348 1585 2504 1623 nemo
2523 1578 2702 1623 autem
2720 1574 2864 1625 venit
2880 1572 2971 1639 qui
2994 1582 3215 1626 vocatus
3241 1588 3343 1626 non
3369 1572 3477 1635 fue-

1898 1664 1985 1717 rit.
2018 1661 2215 1734 (0rig.)
2244 1661 2418 1731 Supra
2441 1663 2597 1726 dixit,
2625 1662 2766 1728 Quos
2788 1664 3062 1733 prwscivit,
3087 1664 3179 1717 Iros
3202 1664 3476 1734 prmdesti-

1897 1752 2036 1805 navit
2058 1768 2074 1805 :
2097 1739 2163 1805 et
2184 1767 2325 1805 nunc
2351 1751 2521 1812 addit,
2550 1751 2690 1816 Quos
2719 1763 2902 1820 autem,
2918 1753 3328 1821 praedestinavit,
3358 1753 3477 1808 illos

215 1851 487 1922 fratribus,
519 1851 651 1903 satis
678 1850 835 1902 docet
876 1847 1033 1900 aliter
1058 1845 1457 1914 intelligendum
1500 1844 1665 1896 Deum
1696 1857 1791 1896 no.
1823 1838 1868 1898 B
1896 1852 1943 1895 et
1959 1844 2151 1896 vocavit
2177 1852 2223 1897 et
2246 1860 2373 1913 quos
2391 1842 2738 1907 vocavit,illos
2753 1852 2796 1895 et
2817 1842 3147 1912 justiﬁcavit.
3185 1844 3251 1899 Et
3278 1844 3321 1898 si
3344 1860 3480 1914 pra:-

217 1950 408 2003 strum,
444 1939 599 1993 aliter
624 1936 1058 2008 primogenitum.
1088 1932 1220 1987 Nam
1262 1933 1350 1986 ubi
1382 1932 1689 2003 unigenitus
1718 1932 1798 1985 di-

214 2033 374 2095 citur,
401 2028 593 2082 fratres
622 2042 725 2084 non
760 2026 946 2089 habet,
975 2032 1029 2077 et
1052 2020 1364 2076 naturaliter
1384 2027 1468 2075 est
1491 2018 1656 2073 Filius
1677 2018 1793 2083 Dei,

215 2124 447 2179 Verbum
474 2122 524 2177 in
556 2120 840 2191 principio,
866 2132 962 2188 per
987 2115 1129 2187 quod
1156 2114 1297 2169 facta
1325 2121 1451 2168 sunt
1471 2114 1670 2167 omnia.
1702 2110 1795 2166 Se-

215 2214 448 2271 cundum
472 2211 864 2280 susceptionem
884 2216 1062 2261 autem
1084 2205 1316 2259 hominis
1336 2213 1391 2259 et
1410 2202 1797 2258 incarnationis

215 2302 694 2373 dispensationem,
724 2313 823 2369 per
843 2311 1002 2366 quam
1031 2310 1127 2351 nos
1148 2294 1309 2348 etiam
1339 2308 1445 2347 non
1476 2290 1797 2345 naturaliter

214 2393 351 2447 ﬁlios
379 2392 432 2445 in
462 2390 798 2459 ad0ptionem
820 2375 1047 2439 filiorum
1067 2396 1261 2437 vocare
1286 2381 1535 2451 dignatus
1558 2389 1659 2444 est,
1688 2380 1797 2449 pri-

214 2484 514 2553 tnogeuitus
532 2479 725 2534 dicitur
745 2492 865 2532 cum
886 2474 1228 2544 adjunctione
1252 2472 1496 2525 fratrum.
1525 2470 1624 2526 Ubi
1652 2470 1795 2523 enim

213 2575 418 2643 primus
458 2570 683 2633 dicitur,
726 2581 832 2621 non
863 2564 1048 2633 utique
1081 2561 1257 2624 solus,
1294 2561 1388 2615 sed
1427 2558 1795 2615 consecuturis

212 2663 496 2729 fratribus,
526 2660 576 2712 in
602 2659 655 2713 id
685 2672 791 2726 quo
821 2658 933 2726 ipse
958 2653 1251 2724 praecessit.
1290 2650 1441 2707 Unde
1465 2660 1519 2705 et
1544 2650 1650 2705 alio
1677 2650 1795 2705 loco

210 2752 622 2827 primogenitum
646 2763 768 2803 eum
796 2763 826 2801 a
854 2746 1078 2801 mortuis
1104 2744 1255 2804 dicit.
1280 2750 1339 2795 ut
1372 2742 1442 2795 sit
1469 2743 1521 2795 in
1549 2742 1796 2795 omnibus

211 2846 325 2914 ipse
354 2843 643 2912 primatum
672 2846 878 2894 tenens.
912 2833 1258 2890 Resurrectio
1285 2832 1427 2887 enim
1460 2840 1795 2885 mortuorum

208 2944 269 2989 ut
292 2933 400 3001 jam
436 2947 541 2985 non
571 2928 900 2992 moriantur,
941 2934 1062 2980 ante
1089 2923 1234 2979 illum
1274 2921 1447 2985 nulla;
1483 2928 1605 2991 post
1646 2919 1794 2973 illum

208 3034 386 3079 autem
411 3024 701 3078 multorum
722 3028 1029 3075 sanctorum
1044 3026 1149 3083 εει,
1173 3030 1307 3087 quos
1325 3015 1518 3067 fratres
1540 3026 1647 3067 non
1670 3026 1798 3065 coa—

209 3120 451 3173 funditur
482 3116 749 3185 appellare
785 3122 1007 3184 propter
1045 3113 1215 3182 ipsam
1252 3106 1793 3163 communicationem

1898 1936 2047 1989 sciuit
2079 1942 2133 1988 et
2165 1935 2551 2003 prwdestinavit
2576 1934 2845 1988 Communi
2876 1934 3129 2003 opinione
3157 1934 3477 2001 sentiamus,

1897 2027 2167 2083 videbitur
2187 2029 2371 2099 utique
2390 2028 2480 2097 qui
2497 2026 2826 2097 justiﬁeatus
2846 2036 2951 2093 est,
2982 2036 3261 2097 propterea
3280 2029 3482 2099 justiﬁ-

1899 2128 2051 2174 Catus
2079 2135 2197 2173 esse
2219 2120 2345 2187 quia
2368 2129 2587 2173 vocatus
2614 2126 2727 2183 εει,
2756 2128 2808 2172 ει
2840 2119 2931 2187 qui
2965 2129 3183 2173 vocatus
3216 2128 3319 2182 est,
3352 2134 3479 2189 pru-

1897 2219 2081 2279 pterea
2117 2208 2446 2277 justiticatus
2466 2223 2585 2262 esse
2611 2208 2735 2278 quia
2759 2207 3167 2277 praedestinatus
3187 2217 3289 2274 est,
3314 2216 3368 2263 et
3386 2208 3480 2277 qui

1896 2298 2309 2371 praedestinatus
2328 2306 2432 2362 est,
2448 2307 2734 2366 propterea
2758 2296 3169 2367 praedestinatus
3202 2311 3320 2352 esse
3351 2298 3477 2368 quia

1897 2389 2256 2461 prwcognitus
2278 2395 2377 2449 est,
2414 2395 2470 2441 et
2498 2400 2714 2439 rursum
2741 2399 2771 2440 e
2794 2385 3066 2440 contrario
3100 2384 3386 2456 intelliges.
3420 2384 3477 2441 Si

1898 2481 2019 2549 quis
2039 2489 2217 2534 autem
2242 2478 2567 2548 justitlcatus
2597 2492 2701 2531 non
2720 2487 2824 2541 est,
2840 2478 2960 2533 ideo
2985 2491 3091 2531 non
3112 2487 3195 2532 est
3214 2476 3479 2548 iustiﬁca-

1899 2580 2000 2636 tus,
2022 2572 2147 2645 quia
2170 2587 2276 2626 non
2297 2579 2380 2625 est
2401 2578 2650 2635 vocatus;
2675 2577 2728 2623 et
2748 2569 2836 2639 qui
2858 2578 3081 2624 vocatus
3103 2584 3206 2624 non
3229 2578 3329 2637 est,
3355 2570 3475 2626 ideo

1897 2656 2129 2719 vocatus
2174 2677 2280 2716 non
2333 2669 2439 2725 est,
2488 2661 2611 2730 quia
2666 2667 2883 2715 nonest
2934 2659 3373 2730 prazdestinatus;
3424 2669 3479 2716 et

1898 2755 1991 2825 qui
2038 2754 2449 2823 prredestiuatus
2494 2768 2599 2808 non
2633 2760 2735 2818 est,
2789 2754 2908 2807 ideo
2946 2768 3050 2817 non
3077 2762 3163 2808 est
3199 2754 3480 2823 prtedesti-

1899 2853 2077 2909 natus,
2108 2842 2233 2912 quia
2280 2857 2385 2897 non
2428 2851 2513 2897 est
2552 2842 2928 2912 praacognitus.
2963 2839 3029 2905 Et
3064 2842 3185 2896 vide
3213 2842 3268 2896 in
3313 2858 3475 2910 quam

1899 2934 2186 2998 absurdam
2219 2933 2539 2987 sententiam
2578 2931 2829 2986 decidant
2864 2932 2917 2985 hi
2948 2932 3038 3001 qui
3078 2931 3477 3005 praescienuam

1902 3026 1997 3081 Dei
2034 3025 2086 3078 in
2125 3025 2228 3078 hoc
2252 3024 2523 3095 accipiunt
2550 3032 2773 3096 tantum,
2809 3023 2962 3091 quasi
2988 3022 3079 3093 qui
3104 3038 3169 3078 ea
3191 3039 3311 3093 qua:
3332 3032 3478 3093 post-

1902 3115 2118 3170 modum
2192 3113 2373 3177 futura
2439 3123 2565 3169 sunt
2629 3124 2754 3169 ante
2818 3123 3137 3186 praenoscat.
3202 3115 3479 3175 Invenitur

208 3206 577 3263 humanitatis.
594 3204 989 3275 Primogenitus
1005 3202 1228 3270 utiquea
1246 3194 1783 3251 mortuissecundum
1818 3176 1863 3239 Ο
1894 3208 2038 3263 enim
2081 3208 2375 3261 secundum
2430 3207 2530 3261 hoc
2576 3207 2717 3276 quod
2758 3176 2917 3276 su'pra
2963 3208 3327 3278 exposuimus.
3367 3222 3505 3268 non‘

207 3297 457 3351 eumdem
486 3291 819 3363 Apostolum,
860 3306 962 3360 qua
1012 3298 1183 3343 morte
1227 3287 1487 3342 seminata
1530 3291 1611 3337 est
1660 3298 1786 3339 caro

207 3390 327 3458 ejus
369 3388 423 3441 in
471 3383 817 3451 contumelia,
848 3381 1144 3437 resurrexit
1180 3379 1232 3433 in
1272 3378 1463 3449 gloria,
1495 3374 1789 3431 secundum

208 3480 352 3534 hanc
380 3476 662 3545 imaginem
695 3469 811 3537 filii,
841 3472 926 3526 cui
956 3486 1053 3539 per
1080 3466 1537 3523 immortalitatem
1568 3465 1787 3519 confor-

207 3566 443 3632 t‘namur,
474 3568 525 3622 in
552 3576 777 3633 corpore
804 3563 965 3616 etiam
1021 3559 1151 3613 illud
1199 3558 1428 3631 agimus,
1477 3557 1620 3629 quod
1661 3556 1790 3609 item

206 3660 343 3713 dicit
390 3659 531 3712 idem
574 3653 860 3725 Apostolus
891 3693 905 3707 .
942 3650 1089 3707 Sicut
1138 3648 1459 3719 portavimus
1510 3646 1788 3715 imaginem

207 3750 421 3815 terreni,
466 3757 724 3818 portemus
772 3754 820 3799 et
867 3744 1145 3814 imaginem
1190 3741 1302 3811 ejus
1342 3739 1431 3809 qui
1474 3738 1537 3791 de
1565 3736 1689 3790 caelo
1718 3743 1790 3788 est

208 3844 265 3916 (1
290 3842 411 3896 Cor.
444 3841 556 3905 xv),
584 3849 643 3893 ut
666 3839 875 3897 scilicet
902 3838 993 3907 qui
1020 3835 1311 3890 secundum
1338 3831 1511 3885 Adam
1536 3827 1791 3882 mortales

211 3935 432 3998 fuimus,
466 3931 760 3987 secundum
789 3928 1063 3983 Christum
1096 3924 1427 3981 immortales
1451 3937 1548 3976 nos
1582 3920 1793 3974 futuros

212 4028 319 4083 ﬁde
347 4040 472 4081 vera
515 4031 572 4077 et
611 4036 704 4095 spe
736 4030 885 4076 certa
928 4020 1126 4074 ﬁrmati
1158 4027 1455 4073 teneamus.
1511 4013 1602 4069 Sic
1650 4014 1791 4067 enim

210 4132 355 4173 nunc
382 4115 623 4169 eamdem
658 4111 944 4183 imaginem
968 4118 1183 4181 portare
1212 4120 1517 4177 possumus,
1555 4102 1792 4157 nondum

212 4210 269 4263 in
312 4206 533 4269 visione,
565 4202 659 4261 sed
704 4202 756 4256 in
801 4201 935 4266 ﬁde;
985 4198 1220 4254 nondum
1262 4196 1315 4250 in
1354 4209 1432 4257 re,
1466 4193 1559 4247 sed
1594 4192 1646 4246 in
1677 4205 1791 4261 spe.

212 4296 441 4369 (Ambr.)
470 4294 634 4349 Recte
672 4293 831 4362 igitur
869 4289 1261 4366 primogenitus
1302 4286 1519 4349 dicitur,
1551 4282 1642 4350 qui
1671 4288 1799 4336 ante

209 4400 428 4442 omnem
454 4391 759 4443 creaturam
789 4395 897 4439 non
927 4378 1121 4442 factus,
1150 4375 1243 4431 sed
1270 4384 1426 4429 natus
1454 4382 1535 4429 est
1564 4390 1576 4427 :
1608 4372 1675 4430 ad
1702 4387 1797 4425 cu-

1888 3299 2172 3370 prxcscisse
2190 3297 2343 3368 [Ms.,
2368 3298 2599 3367 praesciit
2628 3296 2710 3369 se]
2732 3297 2872 3353 Deus
2900 3313 3035 3373 quos
3059 3313 3163 3354 non
3194 3298 3473 3370 praedesti-

1890 3391 2059 3446 navit.
2099 3390 2167 3444 Et
2208 3406 2422 3444 rursum
2458 3390 2502 3444 si
2542 3389 2609 3443 ad
2649 3405 2989 3446 communem
3018 3389 3288 3447 referatur
3316 3390 3475 3447 intel-

1891 3481 2188 3551 ligentiam,
2218 3482 2320 3535 hoc
2346 3480 2488 3549 quod
2518 3482 2671 3545 dicit,
2699 3482 2822 3552 quia
2851 3498 2980 3545 quos
3017 3482 3230 3546 vocavit,
3276 3482 3395 3538 illos
3425 3493 3475 3541 et

1881 3561 2215 3643 justi/ienuit,
2248 3572 2520 3642 ingentem
2547 3571 2839 3627 fenestram
2867 3571 3253 3642 patefaciamus
3278 3556 3361 3627 his
3382 3574 3474 3644 qui

1892 3670 2090 3733 negant
2121 3677 2240 3717 esse
2268 3662 2318 3716 in
2349 3662 2584 3717 hominis
2611 3672 2878 3733 potestate
2900 3671 2959 3716 ut
2979 3662 3157 3717 salvus
3178 3642 3288 3719 ilat.
3310 3642 3478 3719 Aiunt

1889 3753 2031 3808 enim
2063 3771 2075 3805 :
2104 3751 2161 3807 Si
2192 3752 2331 3807 Deus
2363 3768 2497 3821 quos
2524 3753 2779 3822 praesciit,
2810 3752 2929 3809 illos
2954 3759 3009 3808 et
3032 3754 3475 3827 praedestinavit:

1890 3853 1944 3898 et
1962 3860 2098 3913 quos
2115 3845 2535 3912 praedestinavit,
2553 3844 2671 3899 illos
2683 3854 2739 3899 et
2752 3846 2962 3901 vocavit
2978 3862 2992 3911 ;
3014 3856 3069 3902 et
3087 3862 3222 3921 quos
3242 3848 3475 3917 vocavit,

1892 3934 2011 3989 illos
2041 3934 2455 4001 etjustiilcavit:
2485 3935 2619 3990 nihil
2643 3935 2811 4005 culpa:
2849 3936 3048 3993 habent
3076 3937 3129 3991 bi
3152 3938 3243 4007 qui
3266 3954 3371 3992 non
3392 3938 3478 4009 ju-

1892 4022 2289 4091 stitlcabuntur,
2313 4026 2436 4095 quia
2460 4040 2558 4080 nec
2582 4026 2757 4079 vocati
2786 4036 2932 4092 sunt,
2963 4041 3061 4081 nec
3087 4028 3475 4097 prmdestinati,

1892 4128 1993 4168 nec
2017 4115 2349 4184 praecogniti.
2384 4114 2519 4169 Tum
2542 4115 2704 4170 etiam
2734 4116 2862 4171 illud
2889 4117 3045 4172 nobis
3068 4127 3257 4187 aperte
3287 4120 3480 4177 adver-

1893 4215 2063 4271 satur,
2096 4208 2237 4275 quod
2270 4223 2375 4262 non
2415 4223 2601 4265 omnes
2638 4210 2729 4278 qui
2773 4219 3055 4273 vocantur,
3086 4210 3249 4267 etiam
3270 4210 3476 4278 justiti-

1893 4305 2101 4353 rantur.
2135 4296 2267 4352 Nam
2293 4307 2350 4353 et
2378 4296 2543 4351 Judas
2566 4298 2841 4367 apostolus
2873 4308 3093 4356 vocatus
3115 4308 3221 4365 est,
3246 4301 3339 4357 sed
3368 4318 3473 4358 non

1893 4393 1975 4441 est
1996 4385 2340 4454 justiticatus.
2372 4385 2522 4452 Quod
2567 4387 2613 4442 si
2638 4387 2990 4457 justiﬂcatum
3021 4403 3143 4444 eum
3188 4391 3477 4447 contendat

202 4474 294 4547 ius
322 4472 625 4542 exemplum
668 4470 812 4530 Deus
857 4468 1099 4523 homines
1145 4466 1198 4522 in
1243 4464 1381 4524 “"05
1405 4462 1503 4521 Sibi
1535 4461 1790 4565 θάοβξπο
1817 4513 1870 4574 D
1896 4474 2088 4552 aliquis
2115 4490 2180 4529 eo
2210 4475 2325 4545 ipso
2350 4491 2457 4545 quo
2500 4486 2717 4532 vocatus
2744 4486 2847 4544 est,
2894 4493 2999 4533 non
3026 4489 3110 4535 est
3134 4490 3279 4535 certe
3307 4481 3475 4550 glori-

212 4566 465 4636 dignatus
492 4573 593 4618 est.
638 4563 726 4616 Est
770 4569 824 4617 et
866 4561 1251 4632 primogenitus
1294 4559 1347 4615 in
1385 4553 1793 4627 regeneratione

211 4656 489 4720 Christus;
518 4661 602 4708 est
635 4660 689 4708 et
728 4652 1116 4724 primogenitus
1145 4664 1211 4707 ex
1237 4648 1483 4711 mortuis,
1515 4646 1668 4715 cujus
1697 4658 1792 4697 na-

214 4758 333 4803 tura
368 4749 674 4823 ignoratur;
720 4752 801 4798 est
842 4754 896 4797 et
927 4741 1312 4812 primogenitus
1341 4736 1776 4819 post-victoriam

212 4836 509 4891 ascendens
537 4834 590 4888 in
626 4832 812 4889 cmlos.
842 4831 1234 4905 Primogenitus
1269 4828 1429 4899 igitur
1461 4827 1514 4880 in
1542 4826 1790 4879 omnibus

213 4926 383 4979 frater
413 4932 597 4980 noster
624 4922 840 4986 dicitur,
870 4920 995 4989 quia
1018 4920 1177 4974 homo
1212 4918 1457 4987 dignatus
1483 4923 1566 4968 est
1607 4912 1784 4967 nasci:

212 5015 469 5070 Dominus
494 5027 620 5071 vero
643 5020 726 5067 est
754 5011 877 5087 quia
925 5010 1065 5064 Deus
1112 5016 1295 5062 nnster
1333 5014 1433 5071 est,
1470 5004 1609 5059 sicut
1656 5004 1790 5059 dixit

211 5107 472 5175 prapheta
499 5101 760 5159 Jeremias
792 5120 804 5155 :
838 5100 939 5160 Hic
968 5110 1041 5157 est
1070 5098 1207 5158 Deus
1238 5106 1431 5153 noster.

288 5197 431 5261 Quos
485 5204 655 5249 autem
707 5193 1120 5263 prrrdestinavit,
1165 5192 1256 5246 Iros
1317 5200 1362 5244 et
1432 5189 1627 5244 vocavit
1672 5203 1690 5245 .'
1742 5198 1791 5242 et

212 5306 340 5359 quos
372 5288 587 5350 rocavit,
612 5286 703 5339 Iros
731 5293 776 5339 et
800 5284 1103 5353 justiﬁcavit
1127 5297 1144 5336 .'
1168 5297 1292 5353 quos
1330 5289 1505 5334 autem
1520 5279 1785 5347 justi/ica-

214 5382 303 5443 vit,
332 5379 449 5432 illos
475 5388 522 5431 et
562 5376 895 5447 glori/ienuit.
930 5374 1109 5445 (Aug)
1138 5373 1291 5441 Quod
1323 5380 1501 5425 autem
1537 5372 1631 5436 ait,
1660 5387 1787 5441 quos

214 5468 435 5531 vocarit,
464 5466 599 5535 ipsos
626 5476 671 5518 et
704 5464 1031 5535 justi/ienuit,
1061 5471 1234 5532 potest
1271 5461 1472 5516 maveri
1514 5469 1568 5515 et
1594 5464 1785 5532 quaeri,

214 5566 396 5612 utrum
426 5554 609 5609 omnes
638 5556 727 5625 qui
758 5555 927 5610 vocati
960 5562 1083 5608 sunt
1106 5552 1486 5621 justiﬁcentur.
1513 5550 1627 5606 Sed
1660 5552 1787 5607 alibi

216 5648 442 5717 legimus
465 5663 477 5699 :
508 5645 659 5699 Multi
680 5648 865 5712 vocati,
888 5646 1042 5715 pauci
1066 5655 1239 5703 autem
1260 5642 1405 5698 electi
1430 5640 1643 5713 (Matth.
1670 5643 1781 5715 xx).

217 5738 425 5793 Tamen
462 5738 587 5793 auia
625 5738 725 5802 ipsi
761 5750 973 5813 quoque
1008 5736 1162 5798 electi
1198 5736 1383 5794 utique
1417 5735 1595 5792 vocati
1636 5746 1782 5805 sunt,

1894 4562 2103 4621 ﬁcatus.
2153 4563 2259 4618 Sed
2299 4574 2354 4621 et
2394 4564 2469 4619 illi
2500 4565 2567 4621 de
2592 4568 2786 4635 quibus
2825 4566 2957 4621 dicit
2996 4568 3305 4637 Apostolus,
3348 4572 3473 4643 quia

1892 4652 2331 4723 naufraguveruut
2360 4672 2392 4708 a
2426 4655 2531 4723 [ide
2553 4654 2605 4726 (Ι
2640 4655 2772 4709 Tim.
2804 4656 2865 4726 ι),
2890 4657 3065 4711 vocati
3102 4657 3316 4730 quidem
3353 4660 3470 4715 t‘ue—

1892 4750 2031 4804 rant,
2064 4743 2156 4796 sed
2186 4758 2292 4797 non
2316 4752 2441 4803 sunt
2463 4743 2769 4813 justiﬂcati.
2796 4744 2863 4802 Et
2884 4746 3177 4806 secundum
3195 4746 3471 4819 Evangelii

1890 4832 2170 4904 parabolas
2195 4832 2345 4904 (Luc.
2372 4838 2503 4905 XIV).
2532 4836 2605 4893 illi
2631 4838 2697 4894 ad
2719 4840 2855 4907 quas
2874 4839 3023 4893 missi
3059 4844 3275 4897 fuerant
3304 4844 3467 4908 servi,

1891 4932 1945 4978 et
1971 4914 2468 4994 excusavéruntse,
2494 4929 2669 4985 vocati
2714 4928 2946 4993 fuerant,
2991 4931 3087 4985 sed
3134 4946 3239 4989 non
3266 4932 3471 5001 justifi-

1891 5013 2028 5079 cati;
2060 5021 2114 5067 et
2152 5014 2239 5070 ille
2280 5018 2370 5097 qui
2416 5018 2691 5088 ingressus
2732 5020 3036 5075 convivium
3083 5024 3221 5091 regis
3252 5024 3466 5094 (Matth.

1892 5101 1999 5171 xx)
2034 5117 2140 5156 non
2176 5104 2359 5157 habuit
2388 5114 2590 5160 vestem
2625 5108 2939 5175 nuptialem,
2970 5117 3195 5169 vocatus
3236 5119 3339 5175 est,
3375 5111 3469 5166 sed

1891 5208 1997 5246 non
2033 5192 2485 5261 cstjustilicatus.
2531 5194 2664 5251 Cum
2708 5211 2839 5268 ergo
2881 5198 2995 5255 htec
3032 5198 3243 5266 singula
3292 5198 3365 5252 ita
3410 5214 3468 5253 se

1891 5281 2139 5343 habeant,
2183 5284 2447 5351 quomodo
2477 5285 2742 5340 videbitur
2777 5302 2939 5342 verus
2977 5300 3096 5341 esse
3125 5276 3301 5341 sermo
3332 5287 3469 5357 Apo.

1892 5371 2035 5438 stoli,
2082 5386 2241 5443 quem
2285 5373 2366 5427 vel
2404 5374 2472 5428 de
2502 5376 2910 5448 pmenosccndo,
2953 5374 3036 5429 vel
3084 5376 3151 5435 de
3190 5377 3467 5447 predesti-

1893 5462 2090 5526 nando,
2115 5461 2196 5515 vel
2220 5461 2287 5519 de
2316 5462 2571 5525 vocando,
2602 5461 2681 5515 vel
2712 5462 2876 5516 etiam
2902 5463 2967 5517 de
2985 5463 3329 5533 justiﬁcando
3358 5480 3471 5523 me-

1894 5552 2157 5607 moravit?
2192 5550 2294 5605 Sed
2327 5565 2425 5618 ego
2466 5551 2758 5606 secundum
2784 5566 2849 5607 ea
2888 5568 3009 5623 qua:
3036 5568 3197 5625 supra
3222 5555 3476 5622 exposui-

1893 5650 2047 5708 mus,
2062 5642 2329 5715 quomodo
2344 5648 2531 5695 noscat
2549 5640 2630 5695 vel
2646 5652 2950 5709 pramoscat
2976 5642 3143 5706 Deus,
3167 5643 3231 5701 ad
3246 5655 3482 5695 consue-

1890 5737 2129 5797 tudinem
2155 5734 2447 5816 Scripturze
2474 5731 2804 5795 redeundum
2847 5743 3001 5809 puto,
3034 5748 3154 5804 quae
3189 5730 3487 5791 vernawla
