3948 6362
441 362 573 422 ΗῊ

1074 360 1135 415 B.
1175 359 1427 414 RABANI
1467 357 1687 413 MAURI
1718 357 2041 428 ARCHIEP.
2083 356 2392 415 MOGUNT.
2435 359 2720 417 OPERUM
2760 361 2939 416 PARS
2979 362 3062 417 HI.

3576 359 3731 417 1472

428 476 667 545 quadam
702 471 1058 543 appellatione
1092 471 1145 525 in
1176 472 1280 525 hoc
1311 485 1583 536 sermone,
1622 471 1676 525 id
1705 479 1809 535 est,
1843 471 1897 524 in
1928 485 2019 525 co—
2046 471 2099 531 Α
2123 471 2347 525 scientia
2372 474 2692 538 sentiamus,
2722 488 2829 528 non
2860 484 3145 544 propterea
3184 484 3304 554 erit~
3333 474 3558 545 aliquid,
3588 475 3730 546 quia

428 564 741 629 guescendo
769 564 844 618 uti
872 562 1035 617 solet:
1064 562 1208 617 velut
1228 578 1351 617 cum
1376 562 1507 616 dicit
1536 586 1547 615 ;
1580 562 1827 632 Cognovit
1851 571 2022 616 autem

435 655 862 709 Adam‘uxorem
897 671 1047 707 suam
1090 651 1258 725 (Gen.
1319 653 1437 724 1v),
1481 669 1581 723 pro
1630 669 1694 709 eo
1745 663 1802 708 ut
1844 654 2023 718 dicat,

435 750 702 804 admistus
746 756 831 804 est
847 802 859 813 ,ν
881 749 1035 803 uxori
1073 764 1201 803 suas.
1242 750 1307 802 Et
1346 749 1542 803 iterum
1574 748 1640 803 de
1669 748 1915 802 Rebecca
1945 747 2026 801 di-

436 840 551 899 cit;
596 835 749 909 Virgo
778 848 891 893 erat
915 880 929 904 ,
959 842 1038 893 vir
1069 856 1171 893 non
1201 836 1503 908 cognoverat
1527 855 1643 893 eam
1670 837 1822 909 (Gen.
1850 825 2021 908 XXIV).

437 918 689 984 Sedetde
717 928 839 983 ﬁliis
854 929 985 985 Levi
1014 931 1233 993 dicitur,
1257 945 1379 983 cum
1404 930 1846 997 praevaricatores
1870 930 2026 999 puni-

438 1028 583 1081 rent,
636 1021 759 1092 quia
792 1038 895 1074 non
930 1021 1219 1091 cognoverit
1260 1019 1615 1090 unusquisque
1635 1029 1837 1089 patrem
1870 1036 2025 1073 suum

435 1122 527 1166 aut
556 1124 774 1166 matrem
814 1130 965 1166 suam
993 1113 1134 1185 (Lee.
1173 1112 1308 1183 XIX).
1348 1114 1402 1167 ln
1445 1129 1553 1182 quo
1581 1115 1696 1167 sine
1729 1114 1890 1169 dubio
1923 1115 2027 1170 hoc

434 1204 758 1267 ostenditur,
783 1205 908 1273 quia
950 1220 1055 1279 non
1094 1202 1272 1273 junxit
1312 1203 1561 1258 allectum
1593 1221 1748 1258 suum
1789 1213 1841 1259 et
1877 1221 2029 1260 amo-

435 1309 550 1349 rem
578 1310 699 1349 cum
742 1306 891 1363 patre
938 1294 1019 1349 vel
1050 1304 1239 1353 matre.
1288 1294 1392 1349 Sed
1434 1304 1487 1349 et
1530 1296 1698 1349 multa
1734 1297 2026 1350 secundum

433 1383 579 1437 hunc
604 1398 818 1437 sensum
850 1384 902 1437 in
933 1383 1229 1461 Scripturis
1260 1370 1327 1439 de
1367 1385 1743 1451 cognoscendo
1784 1386 2029 1441 invenies

432 1473 607 1529 dicta:
642 1481 698 1528 et
724 1474 843 1528 ideo
863 1474 1115 1531 etiamin
1144 1476 1399 1544 praesenti
1424 1476 1541 1544 loco
1567 1484 1783 1533 constat
1805 1475 2029 1544 Aposto-

432 1564 543 1619 lum
581 1565 875 1620 secundum
916 1563 1210 1632 Scriptura:
1258 1581 1427 1618 sacra:
1468 1565 1909 1619 consuetudinem
1941 1580 2030 1619 co-

433 1656 725 1730 gnoscendi
774 1657 1019 1725 posuisse
1068 1672 1394 1719 sermonem,
1447 1665 1506 1711 ut
1551 1657 1669 1711 illos
1716 1657 2030 1713 ostenderet

431 1749 796 1821 praecognitos
834 1765 862 1802 a
890 1748 1019 1813 Deo,
1064 1750 1115 1802 in
1145 1751 1363 1819 quibus,
1396 1750 1575 1804 sciens
1608 1749 1795 1818 quales
1822 1758 2024 1812 essent,

2128 561 2179 615 id
2210 563 2311 617 scit
2340 561 2482 618 Deus
2503 564 2742 618 futurum
2771 582 2784 618 :
2817 565 2910 619 sed
2936 566 3058 635 quia
3083 564 3321 621 futurum
3350 577 3451 630 est,
3486 568 3662 621 scitur
3689 582 3731 623 a

2127 653 2237 708 Deo
2251 663 2539 726 antequam
2565 655 2676 709 ﬁat.
2694 654 2829 710 Nam
2850 666 2905 712 et
2922 660 2990 722 si,
3013 655 3158 711 verbi
3174 659 3371 728 gratia,
3388 659 3727 730 ﬁngeremus

2129 746 2294 799 Deum
2325 762 2431 800 non
2466 738 2805 815 praenoscere
2844 748 3067 817 aliquid,
3121 747 3360 801 futurum
3388 751 3506 804 sine
3554 750 3728 804 dubio

2128 845 2243 892 erat
2270 840 2411 908 quod
2442 847 2545 902 est,
2580 840 2652 893 ita
2678 849 2737 893 ut
2762 849 2845 895 est
2874 859 2885 893 :
2911 850 2967 894 ut
3000 850 3149 910 puta,
3176 837 3343 895 Judas
3371 843 3613 910 proditor
3644 841 3730 893 fa-

2128 938 2246 983 ctus
2267 937 2369 991 est,
2399 937 2453 984 et
2481 930 2587 984 hoc
2619 931 2691 984 ita
2716 930 2979 986 tutorum
3020 933 3297 1002 propheta:
3329 934 3724 1003 prmdixeruut.

2127 1019 2244 1074 Non
2275 1035 2404 1090 ergo
2436 1023 2559 1091 quia
2590 1025 2868 1092 prophetae
2897 1025 3281 1092 praedixerunt,
3315 1026 3519 1080 idcirco
3543 1025 3732 1095 prodi-

2127 1109 2205 1164 dit
2244 1109 2437 1176 Judas;
2485 1113 2579 1166 sed
2610 1113 2737 1180 quia
2786 1111 2994 1167 futurus
3032 1123 3177 1167 esset
3205 1116 3473 1182 pro-litor,
3502 1131 3566 1169 ea
3605 1130 3730 1184 qua:

2130 1199 2218 1254 ille
2254 1215 2319 1254 ex
2354 1201 2615 1270 propositi
2648 1203 2729 1255 sui
2763 1204 3001 1272 nequitia
3042 1216 3292 1273 gesturus
3312 1215 3431 1258 erat
3462 1206 3732 1273 prmdixe-

2117 1302 2252 1347 ,runt
2288 1295 2604 1363 prophetae:
2650 1311 2771 1350 cum
2814 1298 3000 1365 utique
3026 1295 3191 1366 Judas
3241 1299 3295 1351 in
3337 1305 3611 1366 potestate
3640 1299 3735 1351 ba-

2128 1384 2334 1438 buisset
2363 1394 2422 1437 ut
2444 1396 2590 1439 esset
2616 1385 2809 1440 similis
2836 1387 2994 1440 Petro
3016 1394 3072 1439 et
3097 1385 3318 1448 Joanni,
3348 1387 3393 1441 si
3422 1388 3690 1441 voluisset
3715 1405 3730 1442 :

2129 1474 2233 1531 sed
2262 1474 2424 1544 elegit
2453 1474 2709 1544 'pecunire
2738 1477 3086 1544 cupiditatem
3112 1477 3283 1547 magis
3321 1493 3485 1545 quam
3516 1487 3737 1545 aposto-

2131 1564 2217 1618 lici
2244 1566 2501 1619 consortii
2530 1566 2789 1637 gloriam:
2818 1569 3037 1631 eLhanc
3073 1567 3190 1636 ejus
3214 1555 3737 1622 voluntatem‘futuo

2132 1670 2247 1709 ratu
2268 1657 2622 1725 prmvidentes
2638 1658 2935 1727 prophetat.
2952 1642 3213 1713 librorum
3235 1658 3513 1713 tradidere
3541 1673 3740 1713 monu-

2133 1746 2349 1800 mentis.
2384 1746 2455 1801 Ut
2479 1755 2657 1801 autem
2691 1748 2831 1832 scias
2869 1750 2994 1816 quia
3019 1765 3123 1802 non
3160 1749 3213 1801 in
3250 1749 3595 1817 prmscientia
3641 1748 3739 1805 Dei

433 1857 677 1895 amorem
737 1857 893 1895 suum
951 1842 1125 1906 Deus,
1181 1842 1538 1911 affectumqne
1582 1843 1885 1910 posuisset,
1937 1857 2027 1895 se-
2059 1825 2103 1882 Β
2133 1838 2420 1905 unicuique
2465 1838 2653 1891 salutis
2694 1825 2857 1892 causa
2884 1840 3119 1907 ponitur,
3152 1840 3245 1894 sed
3279 1840 3331 1893 iu
3372 1841 3658 1908 proposito
3684 1848 3740 1895 et

386 1984 396 1992 ,
434 1933 671 1986 cundum
711 1931 842 1985 illud
887 1934 1029 2001 quod
1059 1935 1319 2002 scriptum
1369 1942 1451 1987 est
1489 1938 1528 1985 ε’
1554 1932 1802 2003 Cognovit
1851 1932 2031 1985 Domi-

435 2038 533 2076 nus
567 2039 653 2076 eos
684 2023 773 2091 qui
796 2031 915 2075 sunt
946 2023 1097 2091 ejus:
1126 2039 1245 2077 cum
1276 2024 1460 2092 utique
1492 2031 1748 2091 quantum
1778 2023 1843 2076 ad
1866 2022 2027 2076 istam

435 2128 776 2168 communem
813 2114 1095 2168 scientiam
1128 2115 1385 2191 pertinet,
1416 2115 1555 2169 Deus
1587 2129 1690 2166 non
1730 2113 1904 2191 solum
1935 2128 2030 2168 eos

436 2204 530 2274 qui
557 2205 639 2260 sui
674 2214 818 2269 sunt,
852 2206 945 2261 sed
975 2214 1031 2261 et
1052 2188 1148 2260 eos
1189 2208 1278 2275 qui
1307 2214 1492 2259 errant
1516 2222 1544 2259 a
1576 2222 1633 2260 se
1664 2188 1778 2259 non.
1797 2206 2026 2275 ignoret.

437 2293 543 2350 Sed
570 2296 888 2365 cognovisse
923 2312 1049 2351 suos
1100 2297 1318 2361 dicitur,
1355 2298 1457 2351 hoc
1496 2307 1599 2361 est,
1648 2298 1701 2351 in
1744 2284 2031 2353 dilectione

437 2384 692 2440 habuisse
743 2385 955 2455 sibique
1012 2387 1267 2441 sociasse.
1321 2386 1397 2439 Ita
1455 2402 1583 2456 ergo
1627 2404 1755 2456 quos
1802 2387 2029 2457 prtesciit

440 2476 603 2542 Deus,
638 2477 757 2532 illos
805 2477 1297 2548 et‘prtrdestinavit,
1352 2487 1398 2531 et
1440 2494 1567 2547 quos
1616 2478 2028 2547 prwdestinavtt,

437 2567 555 2623 illos
587 2579 634 2623 et
678 2554 909 2633 vocavit,
956 2578 1005 2623 et
1034 2584 1164 2639 quos
1195 2570 1395 2622 rocuvit
1417 2608 1430 2634 ,
1465 2568 1583 2621 illos
1619 2578 1667 2620 et
1702 2567 2028 2636 iustiﬁcavit.

439 2658 702 2730 Superest
738 2660 893 2714 nobis
926 2660 1103 2715 adhuc
1138 2660 1279 2713 illius
1314 2658 1627 2727 (IlliPSllOlllS
1658 2658 1871 2721 solutio,
1894 2672 2025 2726 quo-

438 2752 600 2807 modo
645 2768 776 2821 quas
808 2752 1028 2815 vocavit,
1072 2750 1190 2803 illos
1228 2760 1274 2802 et
1296 2750 1635 2817 justiﬁcavit,
1680 2763 1800 2802 eum
1838 2736 2031 2801 secuit-

439 2843 566 2897 dum
592 2856 655 2895 ea
675 2856 795 2910 qua:
822 2856 984 2910 supra
1030 2825 1264 2897 diximus
1304 2847 1514 2893 constet
1543 2838 1740 2891 multos
1774 2852 1894 2891 esse
1940 2851 2034 2890 vo-

440 2940 611 2996 catos,
644 2913 842 3001 paucos
879 2939 1057 2984 autem
1087 2929 1307 2983 electos.
1360 2929 1464 2983 Sed
1502 2929 1716 2982 videtur
1755 2916 1886 2981 mihi
1913 2942 2033 2981 esse

440 3024 686 3093 quaedam
715 3022 1016 3077 vocationis
1048 3022 1373 3085 diﬂ‘ercntia,
1409 3020 1701 3075 secundum
1731 3018 1860 3071 illud
1889 3017 2032 3087 quod

440 3114 494 3167 in
520 3094 805 3181 superiore
842 3111 1078 3181 capitulo
1124 3111 1494 3180 exposuimus,
1532 3109 1657 3178 quia
1697 3124 1885 3162 ornnes
1915 3110 2035 3177 qui-

440 3204 562 3258 dem
596 3203 773 3257 vocati
801 3212 945 3264 sunt,
992 3218 1097 3257 non
1138 3212 1316 3255 tamen
1358 3216 1546 3254 omnes
1587 3199 1873 3253 secundant
1908 3216 2030 3267 pro-
2059 3169 2104 3231 C

438 3294 668 3363 positum
692 3292 871 3346 vocati
909 3302 1050 3346 sunt.
1074 3291 1218 3344 Nam
1262 3292 1313 3344 hi
1343 3291 1437 3358 qui
1467 3290 1758 3343 secundum
1784 3290 2030 3357 proposi-

444 3388 557 3435 tum
589 3382 786 3435 bonum
808 3421 823 3444 ,
864 3388 920 3434 et
957 3382 1153 3435 bonam
1186 3381 1518 3434 voluntatem
1561 3394 1723 3448 quam
1757 3379 1900 3432 circa
1940 3380 2031 3434 Dei

443 3471 645 3527 cultum
698 3478 912 3541 gemat,
956 3479 1250 3535 vocantur,
1295 3470 1396 3540 ipsi
1440 3477 1565 3523 sunt
1606 3470 1696 3538 qui
1745 3469 2031 3521 secundum

442 3564 766 3637 propositum
804 3564 978 3617 vocati
1012 3563 1266 3619 dicuntur
1295 3580 1309 3615 :
1334 3570 1387 3615 et
1438 3562 1524 3615 isti
1569 3568 1696 3615 sunt
1731 3560 1822 3629 qui
1855 3559 2032 3614 vocati

435 3654 823 3726 justiticantur.
877 3653 1025 3706 Bono
1084 3652 1228 3706 enim
1286 3666 1475 3706 eorum
1527 3651 1801 3719 proposito
1847 3650 2034 3703 deerat

419 3744 557 3799 'sola
586 3745 817 3797 vocatio.
849 3742 915 3796 Hi
941 3758 1073 3795 vero
1094 3742 1185 3810 qui
1220 3758 1324 3795 non
1356 3741 1559 3797 habent
1587 3742 1788 3804 bonum
1834 3740 2030 3794 ﬁxum-

441 3851 547 3907 que
574 3835 930 3905 propositum,
967 3834 1051 3886 vel
1080 3849 1206 3904 erga
1251 3834 1490 3886 divinum
1536 3832 1757 3893 cultum,
1782 3831 1865 3885 vel
1905 3846 2033 3900 erga

441 3942 577 3997 opus
604 3927 827 3990 bonum,
858 3932 1126 3992 vocantur
1150 3924 1364 3991 quidem
1395 3932 1446 3976 et
1489 3924 1609 3990 ipsi,
1654 3939 1721 3976 ne
1759 3922 1838 3976 eis
1866 3936 2033 3975 excu-

442 4017 580 4072 satio
613 4016 965 4084 relinquatur,
1004 4022 1057 4067 et
1095 4015 1212 4069 haec
1261 4015 1371 4083 ipsa
1414 4015 1620 4083 possint
1660 4013 1874 4067 causari
1909 4026 2033 4065 cum

440 4105 774 4176 judicantur.
822 4103 959 4170 Quia
988 4104 1041 4157 et
1064 4120 1162 4158 nos
1193 4105 1239 4158 si
1280 4106 1454 4158 vocati
1487 4103 1795 4168 fuissemus,
1822 4104 2035 4173 potuis-

443 4210 627 4250 semus
649 4195 834 4264 utique
856 4193 1167 4262 justilicari,
1196 4202 1254 4247 ct.
1276 4209 1380 4248 non
1409 4195 1580 4249 solum
1605 4194 1912 4264 iustiﬁcari,
1941 4194 2036 4248 sed

446 4298 503 4345 et
523 4287 832 4359 gloriﬁcari.
864 4287 987 4342 Ideo
1014 4301 1141 4356 ergo
1171 4295 1429 4342 vocantur
1455 4286 1669 4356 quidem
1699 4294 1753 4341 et
1782 4286 1916 4356 ipsi;
1941 4286 2036 4340 sed

449 4382 604 4451 quasi
631 4382 685 4433 in
724 4388 939 4448 petrosa
976 4379 1273 4433 seminetur
1300 4394 1506 4442 semen,
1549 4378 1658 4432 cito
1685 4378 1902 4447 quidem
1942 4392 2036 4431 ex-

450 4472 654 4535 oritur;
696 4470 1030 4524 increscente
1086 4472 1266 4523 antem
1294 4469 1697 4523 tribulationum
1744 4469 1877 4534 sole,
1906 4470 2033 4539 quia

446 4578 555 4618 non
590 4561 790 4616 habent
816 4560 979 4615 altam
1011 4560 1249 4615 radicem
1290 4560 1418 4614 boni
1454 4560 1741 4631 prepositi,
1775 4561 2032 4616 continuo

446 4661 701 4706 arescunt
747 4660 801 4705 et
847 4660 1093 4720 pereunt.
1140 4650 1207 4704 Et
1248 4652 1347 4721 ipsi
1410 4660 1534 4705 sunt
1571 4652 1635 4706 de
1665 4643 1860 4721 quibus
1900 4653 2034 4707 dicit

444 4740 771 4812 Apostolus:
806 4738 909 4804 Qui
950 4740 1393 4809 naufragaverunt
1444 4760 1477 4794 a
1527 4741 1633 4810 ﬁde
1681 4740 1733 4811 (Ι
1784 4742 1917 4796 Tim.
1965 4743 2028 4812 ι).

448 4830 594 4899 Quos
617 4845 745 4901 ergo
767 4829 999 4892 vocavit,
1023 4829 1077 4883 id
1097 4838 1200 4893 est,
1225 4844 1360 4898 quos
1381 4831 1673 4885 secundum
1694 4832 2030 4900 propositum

448 4922 574 4977 boni
617 4922 858 4987 vocavit,
903 4921 1021 4976 illos
1065 4922 1475 4991 etjustilicavit.
1500 4922 1656 4989 Quod
1684 4934 1738 4977 et
1763 4924 1810 4978 si
1836 4940 2031 4980 secun-

448 5011 575 5066 dum
601 5010 931 5079 propositum
960 5011 1025 5065 ad
1048 5012 1216 5066 Deum
1256 5010 1544 5076 referatur,
1578 5013 1679 5067 hoc
1713 5021 1816 5077 est,
1846 5024 1907 5068 ut
1943 5029 2032 5069 se-

447 5099 682 5155 cundum
706 5100 1037 5168 propositum
1069 5100 1187 5165 Dei,
1226 5102 1317 5170 qui
1340 5102 1519 5156 sciens
1545 5102 1599 5155 in
1621 5102 1700 5157 eis
1722 5103 2029 5174 religiosam

449 5198 708 5257 mentem,
747 5198 802 5245 et
823 5190 1010 5246 salutis
1042 5192 1218 5247 inesse
1246 5194 1592 5261 desiderium,
1622 5198 1797 5252 vocati
1836 5198 2030 5252 dicun-

450 5289 556 5343 tur,
590 5295 697 5333 uon
726 5281 997 5335 videbitur
1029 5281 1116 5336 his
1152 5297 1272 5351 quae
1324 5286 1672 5351 exposuimus
1717 5288 1878 5341 etiam
1930 5289 2032 5343 hoc

446 5383 568 5423 esse
622 5371 972 5425 contrarium.
1026 5369 1140 5425 Hoc
1185 5387 1315 5441 ergo
1360 5384 1518 5441 pacto
1573 5390 1747 5444 neque
1788 5376 1843 5429 in
1872 5363 2033 5446 prae-

449 5459 671 5515 scientia
704 5459 799 5512 Dei
836 5460 920 5514 vel
957 5462 1145 5517 salutis
1170 5463 1255 5517 vel
1284 5465 1604 5533 perditionis
1642 5476 1839 5521 nostra:
1868 5484 2027 5523 causa

448 5550 724 5614 consistit;
754 5564 927 5620 neque
952 5549 1262 5618 justiﬁcatio
1290 5570 1354 5607 ex
1380 5556 1489 5610 sola
1524 5559 1805 5612 vocatione
1833 5560 2029 5626 pende-

449 5639 567 5704 bit,
608 5654 782 5708 neque
830 5640 1120 5709 gloriﬁcari
1166 5642 1230 5695 de
1283 5656 1464 5699 nostra
1508 5648 1721 5717 penitus
1764 5657 2029 5717 potestate

452 5730 722 5784 sublatum
746 5738 847 5787 est.
877 5731 1010 5787 Nam
1037 5742 1093 5788 et
1115 5735 1159 5789 si
1186 5739 1453 5792 communi
1499 5739 1773 5795 intellectu
1800 5740 1865 5797 de
1887 5758 2026 5811 prae-

2064 4511 2113 4570 D

2132 1927 2342 1980 actibus
2388 1928 2523 1992 suis,
2569 1928 2692 1982 vide
2736 1921 2959 1982 Paulum
3007 1939 3283 1983 verentem
3323 1946 3391 1983 ue
3434 1930 3575 1984 forte
3612 1945 3736 1984 cum

2134 2016 2253 2069 aliis
2282 2017 2681 2085 prmdicaverit,
2710 2018 2823 2087 ipse
2847 2016 3428 2088 reprolms‘elliciatur,
3456 2038 3739 2077 macerare

2132 2121 2330 2175 corpus
2355 2121 2534 2171 suum,
2558 2118 2615 2161 et
2635 2108 2903 2177 subjicere
2924 2110 3193 2163 servituti.
3228 2110 3421 2165 Adhuc
3448 2114 3735 2167 adversum

2133 2214 2227 2253 eos
2247 2200 2337 2267 qui
2369 2201 2526 2255 nobis
2574 2199 2879 2267 hujusmodi
2919 2203 3249 2270 quaestiones
3296 2214 3541 2266 movent.
3570 2207 3736 2259 etiam

2134 2290 2249 2343 haec
2300 2306 2586 2358 possumus
2630 2291 2848 2344 dicere:
2885 2290 2941 2345 Si
2982 2307 3117 2360 quos
3161 2294 3457 2360 prazscivit,
3512 2295 3633 2348 illos
3689 2304 3739 2350 et

2132 2379 2570 2453 priedcstinavit;
2601 2367 2909 2434 nouantem
2930 2396 3119 2435 oumes
3140 2383 3582 2450 praedestinavit;
3610 2400 3738 2452 ergo

2134 2486 2238 2525 non
2265 2485 2454 2525 omnes
2487 2473 2726 2541 prtesciit
2763 2490 2776 2525 :
2812 2482 2868 2526 et
2892 2474 3188 2529 secundum
3218 2491 3337 2542 eos,
3362 2489 3530 2531 erunt
3557 2479 3737 2543 aliqua

2134 2576 2254 2628 quae
2275 2561 2486 2629 ignoret
2512 2563 2672 2616 Deus.
2701 2561 2758 2615 Si
2787 2577 2916 2617 vero
2945 2579 3290 2633 praanoscere
3307 2570 3609 2622 secundum
3640 2570 3737 2624 hoc

2134 2650 2430 2718 accipiatur
2455 2651 2597 2719 quod
2620 2666 2783 2719 supra
2808 2653 3063 2717 diximus,
3113 2656 3215 2709 hoc
3247 2664 3357 2720 est,
3386 2658 3441 2710 in
3485 2657 3737 2714 affectum

2135 2740 2377 2809 recipere
2407 2740 2618 2810 sibique
2649 2743 2891 2807 sociare,
2930 2758 3121 2798 verum
3152 2746 3257 2799 erit
3292 2748 3423 2816 quia
3454 2749 3601 2803 sicut
3636 2766 3737 2805 non
3784 2810 3788 2812 γ

2134 2848 2324 2888 omnes
2350 2816 2785 2903 praedestinavit,
2819 2836 2894 2891 ita
2924 2852 3103 2906 neque
3127 2852 3316 2893 omnes
3345 2845 3734 2911 pmognovit.

2136 2924 2227 2979 Sic
2266 2924 2411 2978 enim
2444 2932 2498 2977 et
2520 2923 2678 2980 Jesus
2705 2925 2902 2980 dicitur
2938 2942 3041 2981 non
3068 2930 3389 2997 cognovisse
3427 2943 3735 3000 peccatum.

2136 3013 2515 3083 Nunquidnam
2542 3016 2786 3070 dicemus
2813 3018 2939 3086 quia
2968 3019 3223 3074 nescierit
3247 3020 3409 3076 Jesus
3435 3023 3568 3092 quid
3596 3034 3737 3081 esset

2137 3122 2295 3176 pecca
2304 3102 2437 3172 tum,
2454 3110 2555 3163 hoc
2572 3111 2806 3178 est,quia
2823 3112 3080 3166 nescierit
3092 3114 3445 3169 homicidium
3457 3128 3735 3185 peceatqu

2137 3212 2277 3263 esse,
2315 3199 2399 3253 vel
2430 3199 2774 3265 adulterium,
2808 3201 2891 3256 vel
2928 3200 3153 3268 furtum,
3182 3212 3238 3257 et
3281 3205 3365 3272 his
3394 3206 3630 3260 similia?
3662 3208 3735 3261 An

2140 3287 2243 3341 hoc
2276 3289 2522 3357 estquod
2545 3289 2748 3343 dicitur
2785 3292 2998 3345 nescire
3040 3302 3339 3361 peccatum,
3366 3297 3738 3366 quiapeccato

2138 3392 2196 3431 se
2218 3392 2323 3431 non
2352 3379 2590 3443 miscuit,
2615 3394 2790 3449 neque
2839 3383 3066 3436 adhaesit
3114 3384 3165 3437 ei
3192 3386 3522 3453 peccatum?
3561 3386 3649 3441 Sic
3686 3397 3737 3443 et

2136 3469 2263 3525 alibi
2295 3472 2556 3540 scriptum
2584 3480 2667 3524 est
2704 3490 2715 3524 :
2750 3470 2853 3538 Qui
2882 3484 3053 3526 servat
3085 3475 3420 3541 mandatum,
3449 3494 3555 3532 non
3581 3496 3740 3549 agno-

2135 3571 2240 3613 scet
2281 3561 2490 3614 verbum
2521 3561 2750 3627 malum,
2782 3563 2885 3617 hoc
2922 3571 3036 3627 est,
3081 3581 3189 3620 non
3238 3568 3466 3637 recipiet
3516 3573 3739 3625 verbum

2138 3652 2361 3717 malum,
2401 3668 2506 3705 non
2534 3655 2738 3719 credet,
2770 3671 2877 3709 non
2915 3656 3146 3711 libenter
3175 3658 3376 3721 audiet,
3423 3676 3599 3723 neque
3649 3664 3743 3717 ad-

2137 3741 2316 3794 mittet
2360 3741 2567 3811 ingredi
2598 3754 2834 3798 mentem
2866 3760 3040 3799 suam.
3073 3746 3222 3813 Quos
3269 3764 3402 3818 ergo
3443 3756 3741 3808 secundum

2138 3835 2282 3887 hunc
2310 3834 2486 3888 locum
2531 3837 2747 3903 praescit
2784 3837 2946 3901 Deus,
2994 3838 3114 3894 illos
3158 3851 3213 3894 et
3262 3843 3650 3910 pnedestinat;
3688 3856 3741 3901 et

2136 3938 2272 3992 quos
2293 3924 2663 3993 praedestinat,
2690 3926 2808 3981 illos
2835 3937 2890 3981 et
2918 3939 3093 3993 vocat,
3129 3946 3193 3984 ea
3221 3934 3529 3988 vocationis
3557 3936 3741 3990 distiu-

2137 4013 2315 4067 ctione
2340 4029 2444 4082 qua
2474 4015 2737 4070 diximus:
2772 4026 2826 4071 et
2852 4034 2989 4088 quos
3022 4029 3199 4085 vocat,
3230 4022 3348 4077 illos
3367 4034 3422 4077 et
3442 4024 3737 4094 justiticat;

2137 4114 2192 4159 et
2231 4120 2367 4173 quos
2397 4105 2683 4173 justiﬁcat,
2741 4108 2860 4163 illos
2908 4119 2965 4164 et
3010 4111 3295 4182 gloriﬁcat.
3352 4114 3430 4169 De
3471 4117 3739 4186 gloriﬁca-

2140 4197 2281 4250 tione
2313 4214 2601 4266 possumus
2644 4214 2697 4253 et
2736 4201 2787 4253 in
2826 4203 3078 4270 prmsenti
3109 4205 3305 4260 saeculo
3345 4211 3644 4264 secundum
3679 4211 3739 4265 il-

2115 4286 2226 4366 lud
2256 4288 2574 4359 intelligere,
2604 4292 2748 4360 quod
2771 4292 2903 4347 dicit
2924 4294 3216 4362 Apostolus
3241 4314 3252 4348 :
3287 4297 3401 4351 Nos
3423 4312 3599 4353 autent
3630 4312 3736 4356 om-

2138 4392 2226 4429 nes
2259 4378 2485 4430 revelata
2509 4378 2645 4445 facie
2675 4378 2901 4448 gloriam
2923 4381 3140 4437 Domini
3174 4388 3527 4455 speculantes,
3556 4393 3735 4446 eadem

2134 4465 2365 4534 imagine
2391 4468 2835 4536 transformamur
2868 4489 2900 4524 a
2928 4472 3099 4541 gloria
3126 4476 3181 4529 in
3202 4475 3455 4545 gloriam,
3484 4490 3732 4552 tanquam

2139 4572 2170 4607 a
2192 4553 2406 4608 Domini
2435 4558 2668 4627 spiritus.
2689 4558 2785 4613 Est
2810 4576 2941 4631 ergo
2971 4571 3026 4616 et
3047 4565 3163 4619 haec
3192 4566 3364 4635 gloria
3388 4586 3554 4639 quam
3579 4574 3734 4641 justi-

2140 4645 2282 4700 ﬁcati
2307 4648 2508 4717 quique
2555 4649 2607 4702 in
2641 4653 2895 4718 praesenti
2924 4654 3036 4707 vita
3068 4656 3400 4726 percipiunt;
3444 4672 3531 4716 est
3566 4676 3623 4718 et
3652 4666 3731 4721 illa

2138 4752 2255 4804 quae
2286 4746 2536 4807 speratur
2571 4740 2624 4793 in
2656 4736 2858 4807 futuro,
2892 4758 3014 4811 eum
3048 4760 3245 4813 corpus
3282 4747 3385 4803 hoc
3415 4749 3731 4808 humilitatis

2138 4834 2336 4882 nostra;
2370 4829 2513 4896 quod
2544 4832 2835 4884 seminatur
2864 4832 2921 4886 in
2951 4836 3299 4902 contumelia,
3331 4852 3506 4909 surget
3540 4844 3598 4895 in
3621 4844 3728 4913 glo-

2136 4922 2216 4975 ria
2245 4935 2263 4973 .'
2286 4929 2342 4976 et
2365 4937 2487 4976 cum
2516 4923 2787 4981 sicutalia
2816 4924 2989 4995 gloria
3009 4927 3158 4995 solis,
3183 4928 3291 4983 alia
3312 4931 3483 5000 gloria
3501 4932 3665 4999 lunte,
3686 4944 3728 4989 et

2135 5008 2243 5062 alia
2267 5010 2437 5080 gloria
2468 5010 2769 5075 stellarum,
2801 5023 2852 5089 et
2870 5014 3023 5068 stella
3050 5016 3113 5069 ab
3145 5017 3296 5071 stella
3323 5020 3505 5087 differt
3544 5024 3599 5077 in
3628 5025 3727 5094 glo-

2136 5098 2237 5164 ria,
2266 5098 2339 5152 ita
2363 5101 2458 5153 erit
2480 5110 2526 5154 et
2555 5103 2870 5157 resurrectio
2895 5115 3249 5160 mortuorum.

2207 5175 2355 5253 Quid,
2373 5206 2493 5260 ergo
2519 5192 2752 5246 dicemus
2782 5193 2851 5245 ad
2877 5194 3030 5248 lucc?
3052 5194 3114 5249 Si
3138 5195 3279 5252 Deus
3299 5214 3395 5268 pro
3424 5203 3600 5267 nobis,
3622 5207 3726 5275 quis

2134 5290 2315 5335 contra
2330 5298 2423 5336 nos
2437 5283 2463 5336 ?
2478 5283 2582 5348 Qui
2594 5285 2751 5338 etiam
2770 5282 2910 5339 Filio
2923 5303 3018 5340 suo
3031 5292 3243 5359 proprio
3258 5308 3362 5344 non
3376 5300 3629 5361 pepercit,
3644 5299 3724 5350 sed

2136 5390 2230 5443 pro
2252 5374 2396 5428 nobis
2423 5378 2661 5431 omnibus
2696 5378 2915 5433 tradidit
2936 5380 3082 5435 illum
3108 5424 3121 5444 ,
3156 5386 3421 5454 quomodo
3445 5402 3551 5441 non
3580 5392 3724 5443 etiam

2138 5481 2255 5517 cum
2286 5465 2376 5519 illo
2403 5470 2579 5522 omnia
2607 5468 2753 5522 nobis
2776 5470 3030 5525 donabit?
3053 5472 3249 5545 (Orig.)
3288 5475 3432 5531 Deus
3462 5482 3724 5547 quomodo

2136 5569 2235 5623 pro
2262 5556 2416 5610 nobis
2448 5558 2518 5611 sit
2546 5556 2889 5612 manifestum
2914 5571 2999 5614 est
3025 5577 3093 5615 ex
3115 5562 3200 5616 his
3225 5580 3345 5632 qua'
3374 5580 3539 5635 supra
3569 5583 3720 5636 espo-

2137 5654 2265 5713 suit,
2313 5650 2364 5703 td
2403 5659 2503 5712 est,
2545 5650 2689 5719 quod
2722 5648 2955 5718 Spiritus
2991 5653 3085 5707 Dei
3120 5653 3329 5709 habitat
3360 5657 3415 5710 in
3462 5659 3647 5722 nobis;
3676 5668 3726 5711 et

2136 5742 2278 5812 quod
2318 5741 2552 5812 Spiritus
2586 5742 2809 5808 Christi,
2836 5744 2921 5800 vel
2951 5744 3199 5801 Christus
3227 5750 3279 5802 in
3312 5750 3478 5805 nobis
3506 5760 3624 5812 est;
3649 5752 3721 5806 vel
