3948 6376
173 388 315 446 1473

708 383 1264 442 ENARRA'I‘IONUM
1304 383 1372 438 IN
1408 383 1558 438 EPP.
1600 380 1806 438 PAULI
1842 380 1971 435 LIB.
2014 380 2080 435 γ.
2119 411 2192 422 -
2221 379 2288 434 ΙΝ
2328 380 2546 436 EPIST.
2586 382 2677 435 AD
2717 381 2883 438 ROM.

3311 384 3334 436 I
3345 384 3445 440 Πὸ

172 500 315 572 quod
344 497 578 567 Spiritus
614 493 750 562 ejus,
782 496 876 564 qui
905 497 1184 551 suscitavit
1222 495 1496 550 Christum
1522 510 1588 550 ex
1618 511 1762 550 mor-
1790 497 1840 557 Α
1870 494 2002 547 riam
2038 492 2192 563 ligari
2219 492 2358 545 circa
2398 493 2587 546 collum
2620 494 2763 563 ejus,
2797 505 2843 547 et
2881 494 3200 562 prwcipitari
3239 511 3356 549 eum
3383 497 3449 551 in

173 590 302 651 tuis,
336 585 542 641 habitat
576 583 628 638 in
666 585 853 651 nobis;
886 586 969 640 vel
1008 587 1150 656 quod
1177 584 1381 654 Spiritu
1409 585 1502 639 Dei
1530 585 1758 655 agimur,

173 680 258 736 vel
291 677 434 746 quod
479 675 729 744 spiritum
771 677 1080 746 adoptionis
1126 678 1462 750 accepimus;
1511 677 1590 730 vel
1621 675 1766 745 quod

173 783 361 843 smnus
411 765 504 821 lilii
539 767 632 820 Dei
665 776 722 822 et
770 767 1032 833 hzeredes,
1087 777 1142 823 et
1189 767 1497 822 cohaeredes
1527 764 1762 828 Christi;

173 859 257 912 vel
282 859 424 928 quod
451 857 717 927 primitias
744 857 978 926 Spiritus
1002 858 1331 927 accipimus;
1366 855 1450 912 vel
1479 857 1620 926 quod
1653 855 1766 924 ipse

173 949 410 1018 Spiritus
432 947 740 1016 interpellat
767 962 864 1015 pro
889 947 1042 999 nobis
1071 946 1362 1016 gemitibus
1394 943 1768 1000 inenarrabili-

172 1038 301 1102 bus;
327 1039 410 1094 vel
431 1038 574 1108 quod
599 1037 850 1092 universa
873 1046 1123 1091 creatura
1149 1037 1305 1091 nobis
1336 1036 1690 1107 congemiscit
1713 1043 1770 1088 et

172 1129 452 1194 condolet;
477 1128 559 1184 vel
581 1128 723 1198 quod
742 1127 921 1181 omnia
944 1127 1099 1182 nobis
1115 1134 1475 1196 cooperantur
1491 1127 1543 1180 in
1565 1124 1767 1178 bonum

173 1219 521 1289 diligentibus
562 1219 760 1281 Deum;
793 1216 877 1271 vel
905 1217 1048 1285 quod
1091 1215 1385 1271 secundum
1426 1214 1765 1284 propositum

171 1309 347 1363 vocati
376 1324 564 1379 sumus
586 1348 599 1371 ,
632 1315 686 1360 et
719 1306 1056 1376 przecogniti,
1097 1315 1150 1359 et
1179 1305 1566 1374 prmdestinati,
1603 1313 1658 1358 et
1676 1301 1766 1370 ju-

173 1399 424 1463 stificati,
455 1407 506 1452 et
541 1397 842 1468 glorificati.
876 1397 1077 1451 Horum
1110 1397 1311 1451 etenim
1341 1397 1581 1450 omnium
1605 1394 1768 1447 veluti

174 1487 576 1558 anacephaleon
593 1485 904 1559 [epilogum]
921 1485 1145 1550 faciens,
1162 1494 1215 1540 et
1238 1486 1396 1540 simul
1417 1485 1597 1540 omnia
1621 1499 1773 1552 repe-

175 1589 315 1645 tens,
335 1580 411 1634 ait
437 1595 450 1632 :
479 1579 618 1644 Quid
645 1595 766 1649 ergo
787 1580 1020 1632 dicemus
1045 1579 1114 1631 ad
1135 1580 1285 1634 lucc?
1306 1578 1419 1633 Hoc
1442 1587 1546 1644 est,
1573 1579 1638 1632 ad
1659 1580 1774 1632 ιιωο

171 1676 354 1727 omnia
381 1686 502 1741 qua:
529 1687 690 1741 supra
714 1671 951 1725 diximus
977 1688 990 1724 :
1012 1671 1136 1740 quia
1160 1671 1202 1724 si
1228 1671 1306 1726 sic
1328 1671 1470 1725 Deus
1495 1686 1594 1740 pro
1622 1669 1775 1723 nobis

172 1772 280 1828 est,
305 1771 365 1816 ut
391 1762 505 1816 haec
525 1761 679 1815 nobis
704 1771 899 1815 cuncta
924 1761 1275 1826 concesserit,
1301 1761 1421 1830 quis
1444 1774 1563 1814 esse
1587 1758 1777 1812 adver-

1865 600 2038 649 mare,
2068 599 2223 654 quam
2256 583 2578 637 scandalizet
2619 601 2779 638 unum
2810 601 2874 638 ea:
2897 586 2997 638 his.
3029 584 3171 639 Deus
3197 600 3325 656 ergo
3354 590 3450 658 qui

1865 689 1964 729 nos
1987 674 2253 744 pretiosos
2281 674 2482 742 proprii
2517 669 2634 728 Filii
2680 689 2778 744 pro
2806 675 2959 730 nobis
2988 676 3285 745 pretiosum
3327 677 3433 732 lun-

1866 765 2040 820 dendo
2079 765 2394 834 sanguinem
2434 764 2590 828 fecit,
2625 752 2892 834 quoinodo
2922 784 3021 822 non
3048 784 3165 821 cum
3195 769 3305 838 ipso
3341 786 3454 824 om-

1868 854 1956 907 nia
1985 853 2130 907 nobis
2157 853 2415 906 donabit?
2437 851 2578 907 Nihil
2607 861 2691 908 est
2728 855 2892 918 enim,
2924 856 3034 909 sive
3063 856 3308 921 visibilis,
3339 858 3453 913 sive

1867 943 2172 1006 invisibilis,
2197 952 2457 998 creaturae
2471 944 2612 1012 quod
2634 944 2770 998 Filio
2795 945 2966 1014 possit
2992 947 3280 1016 adaquari.
3297 947 3452 1002 Nullo

1868 1036 2011 1090 enim
2041 1044 2201 1104 pacto
2229 1036 2456 1090 creatori
2487 1051 2584 1090 suo
2621 1046 2865 1091 creatura
2895 1048 3072 1107 potest
3096 1041 3351 1095 conferri.
3386 1041 3452 1096 Et

1870 1123 1916 1177 si
1951 1131 2163 1177 creator
2187 1123 2301 1194 ipse
2331 1124 2557 1180 donatus
2576 1134 2660 1179 est
2689 1126 2864 1189 nobis,
2899 1128 3166 1195 quomodo
3193 1143 3297 1181 non
3330 1145 3453 1184 cum

1871 1215 1989 1285 ipso
2011 1215 2165 1269 nobis
2184 1216 2358 1270 omnis
2383 1226 2630 1271 creatura
2658 1217 2983 1272 donabitur?
3004 1222 3251 1288 quamvis
3277 1237 3456 1278 sermo

1871 1308 1960 1362 hic
1989 1307 2271 1376 dupliciter
2299 1310 2469 1378 possit
2516 1309 2759 1380 intelligi,
2812 1312 2862 1366 id
2907 1321 3008 1375 est,
3041 1313 3182 1382 quod
3219 1329 3336 1365 cum
3364 1313 3455 1368 illo

1873 1398 2048 1452 omnia
2082 1399 2312 1452 donavit.
2363 1397 2496 1452 Nam
2537 1407 2591 1453 et
2631 1385 2735 1455 hoc
2774 1411 2951 1470 potest
3001 1403 3167 1458 videri
3218 1407 3358 1475 quod
3408 1407 3457 1461 si

1873 1491 2136 1545 habemus
2161 1491 2212 1544 in
2241 1491 2396 1546 nobis
2417 1491 2688 1545 Christum
2717 1495 3006 1548 secundum
3029 1496 3132 1550 hoc
3160 1499 3302 1566 quod
3328 1497 3460 1553 Ver-

1873 1581 1999 1636 bum
2021 1589 2070 1636 et
2093 1581 2375 1650 sapientia,
2407 1590 2461 1636 et
2487 1582 2707 1642 veritas,
2734 1593 2786 1635 et
2806 1581 3034 1649 iustitia,
3065 1594 3118 1639 et
3145 1602 3246 1655 pax
3274 1594 3375 1652 est,
3406 1594 3462 1641 et

1877 1680 2070 1727 caztera
2105 1672 2285 1725 omnia
2319 1688 2436 1742 quae
2476 1672 2541 1728 de
2570 1687 2634 1727 eo
2663 1674 2861 1743 scripta
2895 1682 3019 1727 sunt
3056 1690 3176 1729 cum
3199 1676 3312 1730 hac
3349 1677 3461 1746 ple-

1879 1760 2120 1814 nitudine
2139 1760 2397 1813 virtutum
2415 1760 2569 1814 nobis
2583 1762 2759 1814 omnia
2775 1762 3135 1827 donabuntur,
3150 1770 3208 1816 ut
3220 1763 3332 1832 jam
3353 1779 3462 1818 non

173 1867 294 1908 sum
321 1848 419 1908 nos
439 1853 674 1922 poterit?
694 1851 810 1907 Non
832 1853 923 1921 qui
942 1852 1164 1907 omnino
1186 1855 1456 1906 neminem
1479 1849 1635 1905 nobis
1655 1836 1774 1904 esse
1804 1868 1850 1926 Β
1879 1865 2044 1904 unum
2065 1865 2128 1904 ex
2151 1849 2401 1905 omnibus
2428 1852 2714 1914 creaturis,
2736 1862 2788 1906 et
2803 1868 3028 1920 parvum
3057 1862 3211 1909 terrae
3234 1856 3466 1912 hunclo-

175 1949 321 2003 dicat
342 1945 716 2001 adversarium
740 1965 751 1998 :
775 1945 1006 2014 alioquin
1021 1943 1289 2012 quomodo
1305 1943 1468 1998 stabit
1488 1942 1613 1996 illud
1629 1941 1772 2011 quod

175 2038 380 2092 dictum
413 2045 495 2092 est
519 2053 549 2090 a
572 2035 732 2092 Petro
765 2055 775 2088 :
809 2035 1152 2088 Adversarius
1183 2045 1344 2088 vester
1372 2034 1611 2087 diabolus
1634 2035 1772 2087 sicut

177 2132 258 2186 leo
323 2133 532 2202 rugiens
587 2129 823 2192 circuit,
872 2145 1109 2198 quaerens
1167 2141 1317 2196 quem
1367 2127 1613 2180 devoret?
1665 2125 1772 2179 Sed

175 2223 280 2277 hoc
312 2232 397 2276 est
435 2221 577 2290 quod
606 2219 860 2282 ostendit,
912 2219 1037 2288 quia
1081 2219 1188 2273 Deo
1231 2226 1423 2286 agente
1462 2231 1561 2286 pro
1598 2215 1770 2280 nobis,

175 2312 602 2380 contemptibilis
638 2321 692 2365 et
720 2309 897 2364 nullus
925 2309 1151 2364 ellicitur
1185 2310 1531 2363 adversarius
1567 2316 1769 2362 noster.

177 2402 442 2458 Similiter
467 2412 647 2455 autem
677 2411 731 2454 et
764 2400 929 2453 David
957 2401 1087 2453 dicit
1115 2419 1127 2451 :
1165 2399 1419 2472 Dominus
1457 2398 1773 2451 illuminatio

176 2510 296 2547 mea
343 2505 388 2548 et
426 2493 657 2548 salvator
705 2509 886 2556 meus,
935 2507 1086 2560 quem
1117 2490 1343 2543 timebo?
1391 2488 1644 2541 Dominus
1688 2488 1776 2539 de-

93 2588 102 2594 "
180 2583 363 2652 fensor
392 2584 507 2636 vita:
539 2599 666 2636 mea:
686 2623 700 2646 ,
731 2599 763 2634 a
791 2597 891 2652 quo
921 2581 1232 2650 trepidabo?
1269 2578 1383 2632 Non
1418 2593 1546 2646 ergo
1575 2577 1775 2631 nullum

181 2672 316 2726 dicit
361 2685 480 2726 esse
517 2685 677 2739 quem
709 2675 945 2732 met’iIat,
995 2676 1048 2721 et
1089 2668 1179 2735 qui
1219 2667 1534 2721 adversetur
1561 2667 1649 2730 ei;
1684 2666 1779 2720 sed

180 2760 460 2829 quamvis,
492 2759 694 2826 inquit,
729 2759 1031 2827 appropient
1073 2773 1229 2826 super
1259 2774 1338 2809 me
1372 2766 1424 2808 ut
1466 2756 1620 2808 edant
1661 2771 1778 2808 car—

183 2866 275 2905 nes
309 2865 449 2902 meas
476 2848 566 2917 qui
601 2847 871 2900 ambulant
900 2847 1099 2899 inimici
1140 2846 1270 2909 mei,
1308 2854 1518 2906 tamen,
1554 2843 1780 2895 Domino

183 2939 509 2994 defendente
556 2937 721 2990 vitam
771 2951 978 2998 meam,
1019 2934 1275 3003 inﬁrmati
1322 2943 1441 2988 sunt
1489 2943 1534 2986 et
1587 2931 1781 2984 cecide-

184 3040 330 3082 runt.
366 3028 469 3082 Dat
498 3035 758 3096 praeterea
784 3026 1041 3080 indicium
1075 3026 1367 3078 maximum
1396 3022 1626 3093 ingentis
1651 3036 1779 3091 erga

185 3136 289 3174 nos
318 3119 517 3173 amoris
546 3119 662 3186 Dei,
698 3118 790 3187 qui
826 3117 880 3171 iu
908 3127 1116 3171 tantum
1136 3131 1254 3179 nos,
1289 3116 1482 3184 inquit,
1513 3113 1702 3168 dilexit
1723 3121 1783 3166 ut

186 3227 292 3267 nec
317 3210 532 3281 proprio
559 3210 698 3264 Filio
724 3209 1055 3280 pepercerit;
1087 3209 1178 3262 sed
1226 3224 1324 3278 pro
1350 3208 1504 3260 nobis
1529 3207 1781 3259 omnibus

185 3304 256 3358 ad
287 3303 595 3372 passionem
624 3301 905 3356 tradiderit
933 3314 1077 3353 eum.
1111 3298 1178 3352 Et
1206 3306 1263 3350 ut
1301 3295 1506 3363 majore
1550 3311 1648 3350 nos
1688 3295 1780 3349 ad-

185 3391 479 3450 miratione
517 3393 934 3462 constringeret,
975 3390 1180 3444 addidit
1217 3403 1520 3442 sermonem
1546 3386 1782 3455 ingentis

186 3485 379 3540 arcani
407 3483 682 3539 conscium
705 3482 911 3542 dicens,
933 3480 1058 3549 quia
1075 3477 1292 3547 pr0prio
1313 3476 1448 3530 Filio
1470 3492 1575 3531 non
1600 3490 1784 3545 peper-

187 3576 286 3629 cit.
316 3573 539 3627 Dixerat
567 3572 709 3626 enim
741 3571 1011 3640 superius,
1037 3569 1160 3636 quia
1189 3568 1351 3621 etiam
1383 3583 1481 3621 nos
1505 3565 1597 3635 qui
1619 3565 1781 3634 spiri-

186 3671 308 3716 tum
352 3660 657 3731 ad0ptionis
698 3659 1026 3727 accipimus,
1057 3657 1149 3710 lilii
1182 3658 1274 3711 Dei
1308 3673 1512 3710 sumus.
1546 3655 1622 3710 Ne
1653 3671 1783 3724 ergo

188 3752 466 3808 communi
500 3752 599 3804 ista
628 3747 982 3819 appellatione
1004 3747 1233 3800 llliorum
1262 3762 1425 3799 unum
1449 3745 1683 3814 aliquem
1719 3759 1784 3798 ex

191 3843 282 3896 his
310 3841 593 3896 tradidisse
618 3848 901 3910 putaretur
919 3838 1009 3908 qui
1033 3837 1086 3890 in
1112 3835 1585 3890 liliosvidcbantur
1606 3834 1782 3897 asciti,

191 3929 405 3984 addidit
431 3930 640 3999 proprio
671 3925 812 3979 Filio
835 3969 848 3991 ,
879 3936 933 3979 ut
965 3940 1087 3979 eum
1118 3924 1211 3992 qui
1241 3923 1386 3976 solus
1423 3937 1488 3976 ex
1526 3922 1640 3990 ipso
1679 3922 1786 3974 Deo

193 4019 452 4076 inelI'abili
499 4020 776 4073 nativitate
804 4026 1107 4087 generatur,
1137 4018 1468 4070 ostenderet.
1499 4015 1606 4068 Pro
1633 4014 1788 4068 nobis

190 4125 329 4181 ergo
358 4109 608 4163 omnibus
631 4107 853 4161 tradidit
898 4107 1066 4168 illum,
1102 4120 1206 4158 non
1238 4103 1326 4157 illa
1369 4103 1657 4157 traditione
1683 4117 1788 4172 qua

193 4203 461 4272 scriptum
484 4211 569 4254 est
589 4218 601 4253 :
623 4199 815 4253 Tradet
835 4211 1008 4252 autem
1035 4198 1202 4266 frater
1229 4197 1446 4265 fratrem
1468 4197 1521 4248 in
1548 4206 1784 4260 mortem,

193 4302 248 4347 et
292 4301 530 4360 parentes
566 4291 706 4358 ﬁlios
757 4305 774 4340 :
822 4290 914 4344 sed
959 4289 1242 4342 tradidisse
1286 4303 1407 4342 eum
1449 4288 1647 4342 dicitur
1686 4288 1789 4342 hoc

194 4384 318 4453 ipso
343 4382 484 4450 quod
527 4397 647 4436 cum
700 4382 751 4434 in
784 4379 954 4434 forma
1001 4379 1093 4432 Dei
1137 4386 1305 4443 esset,
1344 4393 1535 4448 passus
1559 4387 1640 4431 est
1665 4392 1788 4431 eum

193 4469 481 4524 exinanire
530 4470 786 4538 seipsum,
830 4476 884 4520 et
930 4466 1154 4520 formam
1207 4465 1347 4519 servi
1395 4465 1692 4533 suscipere,
1739 4471 1794 4518 et

1874 1957 1996 1997 cum
2011 1955 2171 2011 quem
2192 1957 2334 1996 nunc
2347 1941 2592 1996 videmur
2613 1943 2876 2008 habitare,
2902 1953 3177 2015 teneamus
3202 1966 3214 2000 :
3238 1949 3332 2003 sed
3345 1964 3464 2004 om-

1875 2034 1962 2088 nia
1977 2047 2312 2102 quagcunque
2332 2034 2534 2087 creavit
2558 2035 2698 2088 Deus
2724 2035 2948 2089 visibilia
2967 2045 3020 2089 et
3043 2037 3352 2102 invisibilia,
3377 2053 3467 2093 oo-

1872 2123 2016 2177 culta
2037 2132 2093 2177 et
2113 2121 2421 2184 manifesta,
2455 2124 2766 2193 temporalia
2796 2133 2848 2178 et
2867 2136 3066 2179 mterna
3097 2142 3216 2181 cum
3247 2127 3465 2183 Christo

1871 2215 2078 2282 pariter
2095 2214 2408 2268 habeamus.
2424 2211 2607 2267 Potest
2630 2223 2804 2268 autem
2828 2224 2878 2268 et
2906 2216 3009 2268 alio
3025 2218 3184 2271 modo
3209 2217 3288 2272 sic
3311 2217 3467 2271 intel-

1876 2303 1966 2374 ligi
1992 2303 2133 2372 quod
2159 2303 2294 2356 dixit
2313 2321 2323 2356 :
2342 2299 2473 2356 Cum
2491 2304 2600 2372 ipso
2622 2305 2796 2357 omnia
2819 2305 2962 2358 nobis
2979 2305 3214 2372 donabit,
3236 2306 3335 2362 hoc
3358 2314 3464 2375 est,

1876 2394 1977 2462 ipsi
2007 2393 2220 2463 quidem
2256 2403 2315 2448 ιιι
2345 2394 2574 2456 lueredi,
2608 2395 2763 2448 nobis
2795 2412 2921 2449 vero
2950 2395 3466 2466 coliazredibusejus

1877 2484 2081 2553 pariter
2112 2499 2232 2538 cum
2269 2486 2383 2553 ipso
2427 2485 2677 2539 universa
2721 2486 2924 2553 perfrui
2954 2487 3168 2542 dabitur
3194 2499 3464 2544 creatura.

1950 2572 2081 2638 Quis
2111 2574 2373 2627 accusabit
2404 2575 2650 2626 adversus
2683 2573 2865 2628 electos
2923 2575 3017 2628 Dei
3041 2577 3065 2628 ?
3094 2577 3328 2649 (AIIII)P.)
3365 2577 3469 2632 Nc-

1878 2665 2078 2718 minem
2109 2664 2330 2727 audere,
2357 2678 2455 2717 nec
2487 2679 2643 2733 posse
2667 2665 2947 2732 judicium,
2987 2675 3039 2720 et
3069 2669 3464 2736 praesciemiam

1880 2748 1971 2809 Dei
1999 2757 2052 2809 in
2078 2756 2232 2810 nobis
2285 2765 2582 2810 retractare
2617 2768 2857 2824 apertum
2909 2768 3008 2813 est.
3044 2758 3174 2825 Quis
3213 2770 3297 2814 est
3323 2762 3469 2816 enim

1878 2847 1966 2915 qui
1997 2846 2168 2914 possit
2220 2846 2334 2899 haec
2385 2862 2503 2914 quae
2555 2845 2694 2900 Deus
2726 2849 2933 2915 probat,
2971 2849 3298 2918 improbare,
3343 2866 3465 2906 cum

1881 2951 2040 2990 nemo
2069 2936 2292 3004 aequalis
2321 2937 2389 2990 sit
2426 2938 2572 2990 Deo?
2605 2937 2741 2990 Deus
2791 2940 2879 3008 qui
2923 2941 3210 3008 justi/ient.
3273 2941 3386 2997 Hoc
3412 2944 3467 2998 in

1878 3027 2015 3080 Isaia
2052 3025 2313 3095 propheta
2344 3036 2446 3089 cst,
2477 3026 2620 3094 quod
2647 3027 2733 3080 hic
2761 3029 2913 3095 quasi
2948 3045 3101 3084 suttm
3132 3031 3315 3100 ponit;
3346 3033 3472 3101 quia

1882 3129 2042 3170 nemo
2073 3125 2155 3168 est
2181 3115 2319 3169 alius
2348 3116 2437 3184 qui
2471 3117 2611 3184 quod
2641 3119 2832 3185 probat
2861 3119 3000 3173 Deus
3031 3131 3239 3188 arguat.
3271 3122 3377 3176 Aut
3404 3138 3472 3177 ne

1809 3232 1853 3294 Ο
1886 3206 2023 3262 forte
2051 3208 2165 3276 ipse
2189 3222 2288 3262 nos
2317 3217 2556 3272 accuset,
2583 3209 2673 3262 sed
2704 3225 2808 3262 non
2833 3219 3009 3277 potest
3031 3212 3172 3280 quod
3189 3213 3470 3282 justilicat,

1887 3312 2166 3351 accusare.
2219 3296 2348 3362 Quis
2403 3308 2476 3352 est
2511 3299 2600 3368 qui
2648 3300 3263 3356 condemnet?C/zrislus
3314 3302 3472 3358 Iesus

1883 3389 1974 3458 qui
2003 3399 2238 3442 mortuus
2264 3400 2359 3451 est,
2391 3391 2496 3442 imo
2521 3391 2609 3458 qui
2638 3400 2685 3442 et
2709 3393 2957 3454 surrexit,
2983 3392 3072 3462 qui
3101 3403 3176 3446 est
3202 3394 3272 3446 ad
3293 3396 3473 3448 dexte-

1886 3493 1999 3529 ram
2032 3476 2148 3539 Dei,
2177 3479 2266 3546 qui
2293 3479 2448 3530 etiam
2480 3479 2773 3548 interpellat
2799 3497 2892 3548 pro
2927 3482 3091 3534 nobis.
3126 3481 3313 3546 Deum,
3345 3485 3474 3552 quia

1886 3581 1986 3620 nos
2011 3565 2294 3635 justilicat,
2334 3583 2590 3622 accusare
2622 3586 2719 3623 nos
2755 3580 2914 3640 negat
2941 3589 2953 3623 :
2985 3571 3255 3626 Christum
3292 3583 3471 3629 autem

1889 3656 2147 3710 damnare
2174 3672 2272 3711 nos
2303 3673 2406 3711 non
2437 3657 2594 3726 posse.
2614 3700 2627 3722 ,
2661 3661 2783 3728 quia
2814 3676 2877 3714 eo
2908 3649 3099 3715 affectu
3135 3663 3311 3733 diligit
3355 3681 3474 3729 nos,

1889 3753 1947 3798 ut
1998 3755 2303 3800 moreretur
2352 3763 2450 3816 pro
2491 3748 2664 3810 nobis,
2697 3757 2750 3801 et
2782 3764 3071 3819 resurgens
3101 3766 3314 3820 semper
3355 3769 3482 3808 cau-

1889 3854 1978 3892 sas
2010 3849 2222 3894 nostras
2257 3851 2379 3909 agat
2412 3842 2550 3908 apud
2582 3841 2818 3896 Patrem.
2852 3841 3016 3909 Cujus
3039 3845 3325 3910 postulatio
3359 3862 3484 3900 con-

1888 3930 2054 3982 temni
2083 3945 2190 3984 non
2217 3939 2426 4000 potest,
2455 3931 2578 3998 quia
2613 3932 2663 3983 in
2709 3931 2929 3985 dextera
2967 3931 3060 3986 Dei
3089 3944 3191 3996 est,
3244 3937 3344 3989 hoc
3372 3946 3475 4000 est,

1891 4018 1946 4071 in
1980 4019 2184 4074 honore
2211 4021 2353 4088 quod
2383 4021 2524 4073 Deus
2548 4031 2661 4083 est;
2685 4031 2743 4074 ut
2774 4024 2838 4074 de
2869 4023 2977 4076 Deo
3003 4023 3164 4077 Patre
3195 4028 3394 4091 securi,
3425 4039 3481 4084 ct

1891 4107 2108 4163 Christo
2138 4109 2273 4163 Filio
2301 4108 2416 4178 ejus
2454 4111 2545 4178 qui
2582 4110 2922 4180 judicaturus
2961 4122 3042 4165 est
3066 4157 3080 4176 ,
3130 4116 3179 4168 in
3219 4115 3323 4170 fide
3365 4119 3482 4187 ejus

1891 4201 2156 4255 laetemur.
2188 4201 2327 4256 IIinc
2357 4201 2484 4253 illud
2533 4210 2614 4253 est
2655 4203 2798 4270 quod
2853 4203 2984 4256 dicit
3025 4203 3186 4259 Petro
3238 4208 3480 4274 apostolo

1894 4287 2044 4359 (Luc.
2071 4289 2208 4359 xxu)
2238 4306 2250 4318 ·
2284 4288 2419 4342 Ecce
2462 4293 2806 4358 expostulavit
2837 4291 3088 4357 Satanas,
3121 4305 3176 4346 ut
3209 4312 3293 4348 vos
3320 4298 3479 4350 venti-

1893 4377 1960 4430 let
1983 4387 2038 4430 ut
2065 4378 2297 4431 triticum
2325 4395 2342 4441 ;
2373 4395 2465 4448 ego
2501 4389 2676 4431 autem
2711 4381 2888 4447 rogavi
2910 4398 3003 4449 pro
3047 4391 3114 4446 te,
3166 4399 3228 4436 ne
3269 4385 3479 4453 deﬁciat

1896 4465 2026 4534 ﬁdes
2056 4478 2169 4520 tua.
2204 4465 2400 4538 (0rig.)
2449 4469 2673 4522 Videtur
2707 4470 2849 4523 cnim
2885 4471 3016 4524 mihi
3049 4475 3189 4539 quod
3214 4474 3315 4537 ait,
3349 4474 3476 4538 Quis

193 4570 371 4628 usque
399 4561 463 4613 ad
495 4570 720 4614 mortem
751 4557 930 4613 crucis
954 4557 1239 4626 pervenire
1266 4573 1278 4608 :
1309 4563 1366 4608 ut
1390 4555 1441 4606 in
1475 4555 1590 4622 ipso
1614 4555 1790 4608 omni-
1819 4588 1870 4646 D
1896 4557 2159 4608 accusabit
2190 4558 2376 4610 electos
2400 4557 2537 4610 Dei?
2562 4559 2626 4611 de
2654 4559 2867 4612 diabolo
2890 4560 3091 4615 dicere.
3123 4561 3309 4617 Nullus
3332 4565 3474 4618 enim

196 4654 303 4705 bus
335 4650 641 4718 exemplum
682 4649 1001 4703 obedientiae
1044 4654 1297 4716 poneret,
1347 4653 1401 4698 et
1429 4644 1570 4696 viam
1615 4659 1794 4698 resur—

197 4737 457 4791 rectionis
482 4737 706 4790 mortuis
728 4737 977 4803 aperiret.
1010 4735 1115 4787 Pro
1135 4735 1385 4787 onmilms
1419 4747 1548 4800 ergo
1577 4734 1794 4786 tradidit

197 4843 326 4882 eum
354 4845 366 4880 :
399 4841 502 4879 non
534 4821 703 4880 solum
727 4840 825 4894 pro
855 4824 1077 4886 sanctis,
1103 4839 1207 4876 non
1232 4823 1402 4877 solum
1435 4838 1531 4892 pro
1560 4823 1790 4892 magnis,

199 4919 300 4973 sed
321 4927 486 4986 etpro
503 4916 757 4977 minimis,
782 4925 830 4968 et
857 4929 955 4984 pro
977 4914 1226 4967 omnibus
1249 4914 1470 4966 onmiuo
1485 4913 1572 4980 qui
1597 4922 1720 4965 sunt
1737 4913 1790 4966 iu

200 5007 443 5062 Ecclesia
485 5006 704 5059 tradidit
750 5003 943 5057 Filiqu
991 5003 1264 5073 proprium
1307 5003 1468 5056 Patcr
1516 5021 1527 5053 :
1577 5011 1632 5054 et
1670 5002 1790 5055 ideo

201 5099 420 5154 etiamsi
436 5100 779 5153 minimorum
795 5097 1023 5164 aliquem
1049 5105 1102 5148 ct
1128 5095 1460 5148 infirmorum
1478 5093 1635 5146 l-.edat
1649 5093 1788 5160 quis,

202 5191 516 5261 percutiens
544 5188 660 5256 ejus
698 5189 965 5242 inﬁrmam
995 5187 1410 5248 conscientiam,
1436 5187 1487 5238 in
1515 5186 1788 5239 Christum

202 5293 434 5352 peccare
455 5279 668 5338 dicitur,
687 5278 944 5346 quoniam
967 5277 1183 5346 q’uiolem
1208 5276 1530 5329 scandalizat
1557 5277 1790 5328 animam

204 5384 310 5440 pro
330 5383 434 5437 qua
458 5367 706 5422 Christus
730 5375 972 5419 mortuus
998 5377 1099 5420 est.
1119 5366 1252 5432 Quia
1276 5383 1402 5436 ergo
1425 5381 1521 5434 pro
1543 5365 1793 5419 omnibus

205 5459 368 5514 nubis
401 5458 616 5512 tradidit
644 5457 835 5510 Filium
864 5455 1045 5519 Pater,
1068 5458 1244 5511 nullus
1271 5457 1510 5519 omnino,
1538 5471 1604 5510 ne
1630 5456 1790 5510 mini-

207 5565 336 5605 mus
355 5550 570 5619 quidem
584 5549 674 5619 qui
697 5549 851 5604 estin
877 5549 1135 5615 Ecclesia,
1151 5550 1575 5604 contemnendus
1597 5557 1680 5602 cst
1705 5568 1716 5602 :
1740 5557 1795 5601 et

211 5639 335 5694 ideo
376 5639 633 5692 Dominus
674 5639 788 5708 ipse
824 5638 1035 5692 dicebat
1068 5652 1082 5691 :
1121 5637 1183 5693 Si
1219 5638 1332 5710 quis
1360 5637 1794 5690 scandalizarerit

213 5746 381 5784 unum
405 5746 468 5784 ea:
495 5730 699 5799 pusillis
728 5731 839 5784 istis
870 5730 1127 5794 minimis,
1156 5731 1357 5800 expedit
1399 5729 1588 5782 molam
1621 5731 1796 5782 asina-

1897 4646 1971 4699 ita
1999 4645 2201 4700 electus
2231 4655 2284 4699 et
2313 4647 2385 4699 ita
2417 4662 2664 4718 magnus,
2697 4664 2857 4716 quem
2885 4649 2974 4704 ille
3023 4666 3127 4705 non
3165 4654 3361 4707 audeat
3385 4670 3476 4710 ac-

1895 4750 2105 4798 cusare,
2137 4734 2238 4788 nisi
2279 4734 2424 4788 illum
2453 4736 2624 4810 solum
2655 4739 2742 4805 qui
2765 4748 3046 4806 peccatum
3079 4757 3181 4794 non
3210 4740 3356 4804 fecit,
3383 4746 3474 4812 qui

1893 4834 1947 4878 et
1975 4825 2186 4878 dicebat
2220 4845 2231 4877 :
2270 4825 2426 4880 Nunc
2483 4828 2613 4880 venit
2643 4829 2879 4898 princeps
2926 4831 3084 4899 hujus
3116 4834 3318 4896 mundi,
3349 4835 3473 4889 etin

1893 4933 1973 4970 me
2011 4916 2140 4969 nihil
2164 4918 2353 4970 invenit
2385 4916 2566 4987 (Joan.
2604 4919 2722 4979 xu).
2757 4918 2860 4971 Sed
2892 4923 3137 4988 quamvis
3171 4923 3260 4977 illc
3288 4933 3476 4980 exerat

1896 5009 2190 5079 nequitiam
2228 5008 2487 5078 propositi
2521 5010 2626 5072 sui,
2661 5009 2771 5063 Deo
2814 5008 3144 5076 justiticante
3170 5024 3224 5068 et
3265 5015 3476 5070 delente

1891 5102 2030 5155 sicut
2060 5103 2254 5154 nubem
2288 5100 2622 5169 iniquitatem
2662 5099 2955 5155 electorum
2988 5119 3227 5167 suorum,
3259 5116 3310 5158 et
3337 5107 3474 5160 sicut

1893 5193 2177 5262 caliginem
2207 5202 2426 5261 peccata
2450 5209 2661 5257 eorum,
2693 5202 2748 5247 et
2777 5211 2803 5246 τι
2842 5196 3110 5262 prioribus
3140 5195 3347 5249 delictis
3380 5214 3474 5252 cos

1893 5281 2179 5336 dealbantc
2211 5291 2270 5336 ut
2320 5283 2496 5336 nivem
2519 5323 2533 5345 ,
2565 5292 2618 5337 et
2659 5284 2797 5337 sicut
2852 5283 3028 5336 lanam
3077 5286 3356 5340 candidam
3388 5286 3472 5341 fa-

1893 5372 2069 5427 ciente
2091 5372 2225 5441 (Isa.
2256 5373 2315 5442 l),
2334 5375 2470 5442 quid
2501 5375 2744 5443 proﬁciat
2788 5377 3114 5430 accusator?
3141 5376 3241 5430 Sed
3270 5386 3323 5430 et
3350 5393 3475 5432 cum

1894 5462 2142 5518 Christus
2189 5480 2285 5533 pro
2333 5465 2412 5518 eis
2464 5475 2706 5520 mortuus
2743 5465 2842 5528 sit,
2893 5465 3005 5518 imo
3045 5467 3218 5534 potius
3259 5481 3289 5518 a
3331 5481 3482 5520 mor-

1896 5555 2000 5609 tuis
2032 5555 2355 5621 resurrexit,
2389 5566 2445 5608 et
2474 5555 2575 5609 iste
2601 5571 2631 5608 a
2660 5540 2867 5610 dextris
2912 5553 3118 5617 Patris,
3145 5563 3198 5607 et
3226 5553 3491 5623 interpel-

1895 5653 1968 5706 lct
1997 5668 2094 5722 pro
2124 5652 2222 5714 eis,
2251 5651 2372 5721 quis
2399 5665 2492 5706 eos
2529 5651 2730 5719 poterit
2782 5647 3194 5702 condemnare?
3222 5647 3281 5699 In
3332 5660 3500 5715 supe-

1897 5742 2148 5806 rioribus,
2183 5739 2409 5795 Sanctus
2435 5740 2663 5809 Spiritus
2695 5737 3034 5807 interpellat,
3064 5735 3253 5804 inquit,
3286 5752 3382 5788 υτο
3409 5749 3515 5785 no-
