3948 6320
479 310 621 370 M75

1083 309 1148 366 Β.
1188 304 1441 365 R‘ABANI
1479 301 1700 367 MAURI
1734 306 2052 365 ARCHIEP.
2094 304 2404 365 MOGUNT.
2445 305 2729 368 OPERUM
2766 309 2946 367 PARS
2980 310 3066 366 lll.

3620 312 3765 368 1476

480 428 557 483 bis
604 425 879 498 gemitibus
923 424 1400 491 tnenarrabilibus;
1438 424 1529 479 hic
1581 422 1818 479 Christus
1883 421 2060 489 Iesus,
2086 418 2142 483 Α
2165 437 2283 476 mus
2311 432 2523 494 propter
2565 440 2684 479 eum
2712 425 2801 496 qui
2851 421 3035 477 dilexit
3076 438 3187 477 nos.
3222 421 3408 494 (Aug.)
3444 421 3606 491 Quod
3632 437 3767 492 ergo

477 521 566 591 qui
588 529 828 573 mortuus
853 501 949 583 est,
982 526 1031 571 et
1056 519 1359 583 resurrexit,
1392 517 1507 586 ipse
1533 516 1829 588 interpellat
1850 532 1943 587 pro
1973 531 2069 570 no-

478 609 576 664 bis.
611 610 753 665 Deus
799 608 889 679 qui
936 609 1216 679 proprium
1263 598 1461 663 Filium
1512 607 1736 663 tradidit
1763 621 1863 677 pro
1892 606 2066 671 nobis,

478 698 595 771 ipse
615 699 878 772 justiticat
898 697 1101 755 electos
1124 714 1138 752 :
1162 700 1284 769 quis
1312 698 1415 753 erit
1435 696 1575 752 ultra
1608 697 1699 768 qui
1722 697 1919 753 audeat
1941 710 2072 752 con-

480 790 778 846 demnare?
807 788 913 845 Sed
955 789 1261 861 diligentius
1299 791 1512 845 intuere
1540 790 1808 861 quomodo
1837 790 2068 859 Aposto-

477 880 562 935 lus
607 886 872 951 nusquam
902 881 956 935 in
984 882 1324 938 sermonibus
1353 881 1466 937 suis
1496 869 1565 936 ab
1611 883 1774 939 insita
1804 881 1906 937 sibi
1936 897 2069 936 cau-

478 972 584 1026 tela
625 971 869 1028 discedat
900 990 916 1027 :
949 971 1066 1028 Non
1095 974 1253 1029 dixit.
1286 973 1419 1040 Quis
1461 973 1740 1029 accusabit
1782 974 2067 1028 adversum

475 1073 730 1131 vocatos,
782 1065 876 1120 sed
937 1064 1211 1119 adversum
1269 1064 1478 1119 electos.
1542 1064 1658 1119 Nisi
1706 1063 1850 1119 enim
1900 1061 2070 1119 fueris

476 1157 703 1221 electus,
738 1156 841 1213 nisi
874 1156 929 1211 in
978 1157 1231 1212 omnibus
1281 1165 1334 1213 te
1370 1157 1684 1213 cxhibueris
1735 1154 2071 1226 probabilem

475 1245 605 1312 Deo,
637 1247 863 1302 habebis
886 1255 1281 1302 accusatorem.
1314 1244 1375 1300 Si
1410 1246 1573 1301 enim
1615 1261 1779 1300 causa
1810 1254 1900 1299 tua
1926 1244 2069 1299 mala

474 1343 577 1400 est,
603 1336 645 1392 si
677 1346 731 1393 te
758 1344 907 1392 tuum
935 1336 1140 1392 crimen
1174 1337 1447 1409 astringit,
1499 1335 1627 1406 quid
1681 1335 1775 1390 tibi
1824 1335 2070 1405 proderit

475 1428 801 1495 advocatus,
858 1417 1072 1484 etiamsi
1105 1426 1264 1484 Jesus
1303 1428 1375 1484 sit
1414 1427 1506 1497 qui
1555 1426 1882 1497 interpellat.
1911 1425 2069 1482 Jesus

475 1519 620 1576 enim
641 1520 845 1575 veritas
872 1531 956 1575 est
988 1537 1000 1572 :
1032 1534 1137 1574 non
1163 1526 1345 1589 potest
1368 1532 1497 1589 ergo
1529 1533 1628 1588 pro
1656 1526 1707 1573 te
1730 1518 1934 1573 veritas
1962 1514 2066 1570 fal-

474 1607 611 1665 lere.
656 1610 719 1669 In
741 1611 845 1667 hoc
877 1611 971 1666 tibi
998 1610 1353 1682 opitulabitur
1399 1610 1717 1678 advocatus,
1751 1625 1820 1667 ne
1847 1625 2069 1666 accusa-

476 1700 612 1755 toris
639 1700 928 1757 calumniis
954 1701 1268 1768 involvaris,
1301 1718 1370 1758 ne
1399 1702 1493 1758 tibi
1517 1703 1797 1773 praeterita
1820 1711 2064 1773 peccata,

2174 515 2325 582 dicit,
2366 516 2496 581 Quis
2529 535 2622 573 nos
2667 519 2929 588 separabit
2957 517 3265 571 acltaritate
3304 515 3553 569 Christi?
3593 515 3768 569 tribu-

2174 604 2322 673 latio,
2352 609 2621 677 angustia,
2651 625 2721 661 an
2747 609 3083 677 persecutio?
3128 616 3182 663 et
3224 618 3443 674 uetera,
3476 623 3545 663 ex
3594 623 3765 679 supe-

2174 695 2318 753 riore
2358 697 2579 765 pendet,
2634 696 2724 751 ubi
2757 697 2856 763 ait,
2909 695 2966 751 Si
3018 706 3191 752 tamen
3220 699 3601 768 eompatimur,
3628 706 3766 753 utet

2172 786 2566 857 gloriﬁcemur;
2596 788 2832 842 existimo
2890 788 3027 843 enim
3066 790 3204 858 quod
3252 807 3357 844 non
3403 799 3528 843 sunt
3578 788 3766 842 condi-

2171 892 2289 946 gna:
2314 879 2582 946 passiones
2612 878 2769 946 hujus
2819 879 3066 947 temporis
3107 879 3178 932 ad
3220 880 3459 948 futuram
3509 879 3764 950 gloriam,

2170 983 2288 1037 qua:
2330 962 2639 1022 revelabitur
2680 968 2735 1021 in
2768 968 2934 1022 nobis.
2978 968 3062 1022 Ad
3103 969 3277 1039 ipsam
3305 971 3451 1023 enim
3489 969 3766 1024 hortatio-

2171 1072 2295 1111 nem
2324 1058 2501 1113 omnis
2531 1058 2687 1127 hujus
2738 1058 2845 1114 loci
2902 1057 3131 1113 intentio
3186 1058 3390 1113 directa
3448 1068 3551 1122 est,
3588 1074 3662 1111 ne
3689 1058 3763 1112 illi

2171 1149 2369 1219 quibus
2410 1149 2649 1219 loquitur
2672 1149 3141 1219 persecutionibus
3171 1148 3577 1219 frangerentur,
3610 1149 3659 1203 si
3689 1149 3765 1203 vi-

2170 1247 2360 1293 verent
2387 1238 2683 1293 secundum
2714 1239 3057 1309 prudentiam
3107 1239 3307 1304 carnis,
3339 1254 3448 1310 qua
3480 1248 3751 1309 tempora-

2171 1328 2244 1384 lia
2292 1328 2430 1383 bona
2462 1336 2811 1399 appetuntur,
2841 1336 2896 1383 el.
2937 1328 3199 1383 timentur
3240 1327 3563 1397 temporalia
3596 1326 3757 1381 mala.

2174 1418 2369 1490 (Oi-ig.)
2383 1418 2489 1473 Pro
2505 1420 2608 1484 his,
2625 1419 2815 1487 inquit,
2829 1419 3101 1485 omnibus,
3116 1434 3235 1490 quae
3250 1435 3410 1489 supra
3424 1419 3753 1475 enumeravi-

2172 1524 2312 1573 mus,
2345 1510 2398 1565 id
2443 1518 2549 1575 est,
2585 1511 2728 1581 quod
2755 1509 2869 1578 jam
2897 1527 3003 1567 non
3055 1526 3243 1567 sumus
3268 1511 3323 1566 in
3354 1501 3545 1576 carne,
3577 1512 3675 1566 sed
3710 1511 3760 1564 in

2172 1600 2363 1670 spiritu
2384 1617 2397 1666 ;
2422 1602 2637 1673 etquod
2654 1602 2891 1671 Spiritus
2904 1602 3001 1657 Dei
3022 1603 3231 1657 habitat
3251 1604 3305 1657 in
3327 1604 3516 1667 nobis;
3544 1614 3600 1658 et
3619 1602 3764 1673 quod

2173 1689 2421 1746 Christus
2455 1692 2510 1745 in
2543 1692 2699 1747 nobis
2751 1699 2854 1760 est,
2906 1708 3004 1763 per
3052 1708 3216 1764 quem
3278 1708 3480 1764 corpus
3540 1694 3761 1765 quidem

475 1792 599 1862 qua:
649 1806 746 1863 per
792 1791 1122 1863 baptismum
1172 1792 1348 1848 deleta
1397 1802 1545 1861 sunt,
1608 1794 1960 1864 imputantur.
2007 1793 2065 1849 Si

2177 1788 2443 1835 mortuum
2474 1788 2557 1835 est
2580 1789 2803 1851 pr0ptcr
2830 1790 3131 1850 peccatum,
3165 1782 3391 1851 spiritus
3436 1791 3620 1839 autem
3650 1782 3761 1837 vita

473 1898 606 1961 vero
632 1891 755 1954 post
779 1884 897 1939 haec
918 1885 1115 1940 iterum
1145 1886 1447 1955 delinquas,
1476 1901 1577 1941 nec
1601 1886 1723 1941 ullis
1748 1887 1865 1943 haec
1892 1886 2067 1957 paeni-

476 1974 662 2033 tentiae
695 1974 952 2046 lacrymis
980 1975 1174 2043 diluas,
1203 1978 1506 2033 accusatori
1542 1986 1637 2033 tuo
1662 1978 1991 2034 criminandi
2014 1988 2068 2033 te

476 2064 760 2120 materiam
812 2064 986 2121 dabis.
1020 2065 1088 2121 Et
1140 2068 1389 2137 quamvis
1438 2065 1595 2123 Jcsus
1632 2068 1941 2139 interpellet
1968 2084 2073 2138 pro

476 2154 656 2221 nobis,
708 2171 817 2212 non
844 2163 1024 2226 potest
1074 2167 1252 2213 tamen
1305 2158 1487 2213 dicere
1519 2157 1679 2214 Jesus
1704 2159 1957 2217 tenebras
1989 2158 2072 2212 lu-

478 2262 596 2303 cem
625 2263 766 2312 esse,
820 2264 995 2319 neque
1040 2263 1285 2303 amarum
1317 2251 1494 2306 dulce.
1550 2252 1609 2306 Si
1655 2268 1785 2323 ergo
1830 2252 1912 2307 vis
1946 2252 2060 2307 vin-

476 2352 601 2394 cere
632 2337 1068 2408 cumjudicaris,
1098 2340 1183 2415 lac
1210 2342 1354 2411 quod
1395 2342 1460 2397 de
1481 2341 1630 2417 justo
1656 2344 1917 2415 scriptum
1943 2352 2027 2400 est
2052 2362 2064 2398 :

474 2421 704 2500 Dispone
720 2445 980 2485 sermones
1006 2440 1123 2483 tuos
1144 2431 1199 2484 in
1213 2430 1415 2499 judicio
1440 2429 1615 2503 (Psal.
1639 2432 1782 2504 cxt);
1813 2432 2069 2503 Prwpara

459 2505 635 2589 ‘opera
655 2527 748 2572 tua
768 2518 837 2572 ad
860 2519 1095 2585 exitum;
1125 2519 1386 2575 Memento
1413 2521 1812 2576 nouissimorum
1835 2532 2068 2587 tuorum,

474 2618 523 2664 et
553 2609 610 2663 in
642 2618 895 2663 azternum
925 2626 1029 2664 non
1055 2611 1292 2680 peccabis
1325 2610 1515 2681 (Eccli.
1549 2612 1646 2684 vn)
1682 2629 1695 2666 :
1725 2627 1793 2668 ne
1819 2613 1913 2668 tibi
1944 2628 2072 2669 con-

475 2701 650 2775 tingat
685 2701 816 2756 illud
862 2702 1007 2774 quod
1058 2703 1124 2758 de
1169 2704 1409 2774 quodam
1453 2704 1712 2776 scriptum
1763 2715 1847 2762 est
1886 2726 1898 2760 :
1939 2706 2070 2761 Cum

477 2790 749 2857 iudicatur
768 2833 783 2859 ,
809 2803 959 2849 exeat
984 2795 1361 2850 condemnatus
1388 2793 1561 2869 (Psal.
1591 2796 1742 2867 cvu).
1780 2796 1915 2853 Vide
1941 2813 2074 2867 quo-

476 2883 637 2938 modo
678 2884 897 2947 audias,
936 2886 1065 2953 quia
1091 2883 1247 2941 Jcsus
1291 2885 1585 2956 interpellat
1614 2904 1709 2958 pro
1750 2888 1916 2942 nobis.
1954 2888 2074 2958 Ipse

474 2983 562 3030 est
596 2975 764 3041 enim,
802 2976 869 3031 de
901 2992 1021 3046 quo
1050 2984 1107 3031 et
1141 2976 1267 3032 alibi
1313 2978 1577 3047 scriptum
1607 2989 1707 3045 est,
1751 2979 1877 3049 quia
1908 2978 2072 3032 Pater

479 3068 734 3123 neminem
787 3068 1026 3139 judicat,
1057 3070 1147 3124 sed
1206 3087 1356 3125 omne
1402 3071 1673 3140 judicium
1725 3072 1867 3127 dedit
1924 3070 2068 3126 Filio

2171 1880 2393 1943 propter
2412 1871 2887 1940 justiﬁeationem;
2922 1880 2978 1927 et
3000 1874 3144 1943 quod
3159 1871 3273 1941 jam
3302 1889 3413 1929 non
3445 1889 3635 1930 sumus
3663 1874 3760 1931 de-

2171 1963 2377 2019 bitores
2413 1964 2592 2017 carnis
2629 1972 2688 2017 ut
2731 1965 3025 2019 secundum
3057 1979 3277 2019 carnem
3316 1967 3595 2033 vivamus,
3635 1966 3760 2036 quia

2172 2054 2366 2123 Spiritu
2394 2062 2547 2109 actus
2575 2056 2753 2110 carnis
2782 2055 3254 2123 mortiﬁcavimus;
3278 2064 3332 2111 et
3358 2058 3504 2127 quod
3529 2074 3627 2127 per
3653 2059 3761 2126 spi-

2172 2147 2335 2201 ritum
2379 2149 2682 2217 adoptionis
2726 2148 2820 2201 lilii
2860 2149 2955 2203 Dei
2999 2147 3174 2204 ellecti
3222 2164 3441 2215 sumus,
3486 2157 3545 2204 et
3569 2150 3616 2204 si
3640 2149 3754 2213 ﬁlii,

2172 2236 2333 2291 etiam
2392 2237 2635 2293 hmredes
2686 2239 2804 2303 Dei,
2856 2239 3164 2294 cohazredes
3212 2256 3393 2296 autem
3440 2240 3675 2306 Christi;
3704 2249 3759 2296 et

2172 2329 2313 2401 quod
2341 2331 2593 2385 universa
2617 2339 2866 2385 creatura
2897 2333 3249 2403 congcmisc‘tt
3294 2335 3452 2388 nobis
3476 2342 3533 2387 et
3559 2335 3755 2389 condo-

2172 2423 2266 2488 let,
2304 2423 2687 2479 revelationem
2716 2423 2948 2479 ﬁliorum
3000 2426 3094 2481 Dei
3141 2437 3496 2496 exspectans;
3539 2426 3757 2496 etquod

2173 2514 2519 2583 diligentibus
2547 2515 2703 2569 nobis
2752 2515 2920 2569 Deum
2961 2517 3142 2569 omnia
3181 2527 3550 2587 cooperantur
3580 2518 3632 2570 in
3668 2517 3761 2571 hoc

2172 2618 2332 2668 num;
2378 2604 2606 2671 etquod
2655 2606 2927 2675 praescivit
2968 2615 3023 2660 et
3065 2607 3472 2677 pmchtinavit
3500 2624 3601 2663 nos
3629 2622 3758 2663 con-

2173 2695 2376 2753 formes
2401 2698 2652 2768 imaginis
2676 2698 2797 2753 Filii
2821 2700 2928 2764 sui,
2961 2700 3051 2769 qui
3085 2702 3381 2755 secundum
3425 2702 3757 2770 propositum

2173 2798 2349 2844 vocati
2386 2805 2575 2845 sumus
2610 2808 2621 2843 :
2661 2804 2780 2844 cum
2820 2804 2919 2859 pro
2966 2790 3070 2856 his,
3105 2791 3297 2861 inquit,
3318 2790 3578 2846 omnibus
3606 2791 3761 2845 bene-

2173 2878 2312 2934 ﬁciis
2357 2896 2478 2949 qua:
2521 2880 2798 2935 consecuti
2838 2897 3063 2945 sumus,
3096 2881 3190 2935 ﬁxi
3232 2890 3287 2935 et
3313 2881 3548 2936 radicati
3578 2895 3760 2935 sumus

2175 2969 2229 3025 in
2280 2971 2547 3025 charitate
2593 2972 2711 3036 Det,
2760 2972 2883 3041 quis
2912 2986 3012 3025 nos
3039 2971 3106 3025 ab
3138 2987 3202 3025 ea
3234 2972 3439 3041 poterit
3466 2970 3763 3042 separare?

2178 3063 2478 3119 Tribulatio
2509 3063 2551 3119 si
2584 3064 2815 3130 venerit,
2869 3064 3109 3119 dicemus
3136 3063 3201 3117 ad
3232 3062 3405 3117 Deum
3438 3080 3451 3115 :
3484 3061 3557 3117 In
3600 3063 3764 3115 tribu-

480 3156 664 3229 (Joan.
696 3156 791 3229 v);
826 3167 882 3214 et
930 3159 1073 3215 sicut
1136 3159 1252 3229 ipse
1278 3169 1363 3216 est
1413 3162 1591 3216 hostia
1622 3170 1678 3216 ει
1704 3162 1976 3228 ελρειηάθε,
2018 3172 2073 3217 ει
2100 3142 2144 3205 C
2177 3155 2372 3210 latione
2424 3154 2662 3209 dilatasti
2721 3170 2802 3208 me
2850 3153 3025 3225 (Psal.
3058 3155 3154 3224 tv).
3209 3154 3475 3225 Angustia
3526 3154 3571 3207 si
3600 3153 3765 3207 fuerit

480 3247 597 3320 ipse
620 3257 705 3304 est
746 3250 802 3304 in
832 3247 1007 3304 forma
1044 3250 1185 3306 servi
1220 3258 1276 3305 et
1319 3250 1375 3305 in
1404 3250 1582 3306 forma
1624 3252 1737 3317 Dei,
1772 3253 1851 3308 sic
1879 3253 1995 3323 ipse
2018 3261 2073 3308 et

479 3340 773 3395 advocatus
803 3349 858 3394 et
877 3338 1066 3408 judcx.
1099 3338 1329 3412 (Ambr.)
1383 3340 1498 3396 Hoc
1546 3357 1675 3412 ergo
1714 3344 1876 3399 modo
1905 3344 2073 3398 inter-

476 3430 644 3502 pellat
667 3445 768 3501 pro
796 3430 955 3485 nobis
987 3429 1240 3485 Salvator
1265 3448 1279 3498 ;
1314 3432 1493 3487 sciens
1513 3433 1659 3488 enim
1684 3419 2070 3503 impudentiam

479 3530 536 3577 et
563 3520 898 3588 altitudinem
948 3519 1246 3592 adversarii
1290 3523 1484 3585 nostri,
1516 3539 1639 3579 cum
1680 3540 1738 3581 sc
1768 3535 2075 3583 commovet

481 3610 770 3666 adversum
796 3624 918 3674 nos,
952 3610 997 3663 si
1028 3625 1136 3664 non
1185 3611 1235 3664 ei
1281 3600 1670 3681 aSsentiamus,
1714 3614 1965 3670 Salvator
1994 3617 2075 3670 in-

484 3700 731 3770 terpcllat
758 3715 854 3770 pro
880 3701 1057 3765 nobis,
1117 3716 1187 3757 ne
1236 3702 1437 3773 aliquid
1490 3705 1755 3761 violenter
1783 3715 2078 3777 praesumat

485 3793 630 3861 circa
680 3807 799 3858 nos,
834 3804 893 3847 ut
942 3803 1195 3848 arceatur
1242 3795 1529 3850 insolentia
1578 3798 1713 3867 ejus.
1757 3798 1871 3853 Hac
1911 3815 2075 3855 causa

489 3890 670 3937 tamen
710 3883 911 3937 dicitur
941 3884 1107 3939 Filius
1136 3886 1497 3954 interpellare,
1530 3904 1651 3943 cum
1686 3890 1800 3959 ipse
1829 3896 1953 3961 agat
1988 3900 2073 3945 to-

488 3979 625 4038 tum,
659 3986 714 4028 et
742 3973 965 4043 .cqualis
1002 3974 1073 4028 sit
1106 3976 1215 4031 Deo
1247 3975 1427 4041 Patri;
1462 3988 1516 4033 et
1557 3981 1682 4048 quia
1714 3997 1853 4037 unus
1880 3984 2077 4038 dicitur

489 4063 653 4131 Deus,
685 4078 751 4127 ne
806 4064 968 4119 Pater
997 4074 1049 4119 et
1074 4067 1242 4121 Filius
1293 4069 1600 4138 singularis,
1645 4072 1728 4124 vel
1769 4073 1893 4128 unio
1922 4083 2049 4144 puta

490 4163 662 4219 retur,
708 4154 775 4209 ad
828 4171 1183 4226 personarum
1238 4158 1637 4213 distinctiOuem
1704 4163 1782 4217 sic
1840 4164 2079 4232 loquitur

492 4241 787 4313 Scriptura,
820 4252 954 4299 utet
978 4244 1174 4298 Filium
1206 4262 1309 4299 non
1343 4248 1613 4317 diSparem
1648 4253 1825 4307 tradat
1852 4272 1865 4307 :-
1897 4264 1953 4309 et
1978 4255 2077 4311 Pa-

490 4341 651 4411 trem,
680 4334 807 4401 quia
852 4334 1017 4389 Pater
1054 4345 1153 4396 est,
1197 4344 1252 4389 cl
1280 4337 1406 4405 quia
1454 4340 1522 4393 ab
1552 4341 1670 4408 ipso
1714 4354 1840 4397 sunt
1870 4346 2074 4411 omnia,

487 4422 762 4494 praeferat.
824 4422 1026 4495 (Greg.)
1059 4424 1348 4495 Uttigcnito
1402 4429 1544 4482 enim
1573 4430 1708 4485 Filio
1735 4448 1835 4501 pro
1860 4434 2077 4489 homine

490 4515 835 4585 interpellare
879 4526 962 4569 cst
997 4516 1136 4584 apud
1190 4526 1519 4574 comtcruum
1574 4521 1790 4577 Patrem
1840 4527 2076 4595 scipsum

490 4608 763 4663 hominem
816 4608 1216 4673 demonstrare;
1271 4610 1429 4677 eique
1476 4628 1574 4680 pro
1623 4615 1855 4670 humana
1888 4627 2082 4674 natura

491 4712 712 4768 rogasse
737 4706 821 4752 est
846 4698 1092 4752 eamdem
1131 4708 1379 4753 naturam
1410 4702 1463 4753 in
1508 4703 1805 4759 divinitatis
1835 4724 1945 4763 sua:
1973 4710 2082 4763 cel-

492 4789 784 4845 situdiuem
816 4790 1139 4857 suscepisse.
1167 4790 1479 4862 lnterpcllat
1507 4794 1670 4863 igitur
1697 4799 1955 4856 Dominus
1982 4818 2081 4872 pro

496 4881 652 4935 nobis
701 4896 809 4935 non
862 4896 1018 4945 voce,
1064 4882 1157 4935 sed
1187 4884 1560 4950 miseratione,
1592 4888 1715 4955 quia
1752 4891 1897 4958 quod
1930 4893 2083 4945 dam-

495 4976 613 5031 nari
642 4978 695 5030 in
725 4976 911 5031 electis
952 4977 1138 5041 noluit,
1179 4981 1522 5049 suscipiendo
1557 4983 1820 5039 liberavit.
1854 4985 2081 5056 Adjutor

497 5082 626 5137 ergo
640 5068 920 5137 quaeritur,
942 5069 1339 5124 utdesiderium
1362 5075 1699 5140 exaudiatur,
1718 5076 1843 5145 quia
1860 5078 1960 5131 nisi
1983 5095 2080 5147 pro

500 5158 656 5213 nobis
682 5158 1043 5230 interpellatio
1077 5163 1390 5219 mediatoris
1431 5165 1817 5231 intercederet,
1850 5168 1919 5221 ab
1953 5184 2082 5223 aure

500 5248 595 5304 Dei
624 5248 812 5318 procul
851 5251 1011 5307 dubio
1044 5263 1360 5308 nostrarum
1396 5269 1615 5324 precum
1648 5273 1809 5312 voces
1839 5260 2078 5313 silerent.

574 5340 703 5405 Quis
733 5357 854 5411 ergo
880 5359 972 5397 nos
1002 5346 1261 5412 separabit
1304 5364 1334 5399 a
1363 5346 1615 5401 charitate
1644 5350 1877 5403 Christi?
1920 5354 2084 5406 tribu-

502 5426 669 5486 latio?
692 5450 761 5487 an
786 5435 1027 5504 angustia
1051 5436 1075 5488 ?
1102 5452 1171 5489 an
1198 5440 1485 5504 persecutio
1502 5440 1527 5489 ?
1558 5458 1625 5493 an
1657 5442 1861 5509 fames?
1890 5461 1959 5497 an
1987 5462 2084 5499 nu-

503 5525 639 5579 ditas
663 5526 687 5579 ?
710 5543 780 5581 an
806 5526 1136 5596 periculum?
1165 5546 1233 5582 an
1263 5528 1511 5599 gladius?
1540 5535 1673 5587 sicut
1696 5538 1946 5598 scriptum
1967 5548 2041 5592 est
2066 5555 2085 5594 :

506 5613 645 5681 Quia
673 5625 879 5687 pr0pter
912 5626 959 5671 te
1004 5618 1387 5685 mortificamur
1424 5629 1532 5675 tota
1566 5624 1666 5688 die,
1713 5628 1961 5682 atstimati
1996 5647 2085 5685 su-

508 5722 622 5762 ntus
650 5717 705 5762 ut
729 5726 843 5766 oves
894 5711 1166 5766 occisionis
1192 5729 1209 5767 .'
1238 5712 1328 5767 sed
1375 5714 1432 5769 in
1477 5715 1558 5769 Itis
1591 5719 1831 5776 omnibus
1866 5740 2083 5785 supera-

2174 3248 2391 3315 mundi,
2428 3256 2485 3303 et
2528 3264 2596 3304 ex
2650 3248 2975 3304 necessitate
3001 3248 3247 3317 corporis
3276 3248 3522 3310 veniens,
3554 3247 3766 3315 sapien-

2174 3341 2265 3394 tiae
2289 3340 2403 3404 Dei,
2433 3350 2487 3396 et
2516 3340 2756 3395 scientia:
2785 3339 3125 3394 latitudinem
3180 3340 3545 3409 requiremus,
3576 3338 3631 3391 in
3659 3351 3765 3406 qua

2174 3446 2282 3486 non
2311 3440 2601 3501 angustare
2634 3447 2740 3486 non
2768 3440 2947 3501 potest
2987 3431 3238 3487 mundus.
3284 3430 3494 3485 Redibu
3524 3430 3672 3487 enim
3698 3429 3766 3483 ad

2177 3519 2581 3591 Scripturarum
2636 3523 2939 3577 divinarum
2975 3522 3337 3591 amplissimos
3368 3537 3595 3589 campos
3626 3540 3637 3574 :
3678 3521 3767 3575 in-

2176 3614 2446 3670 tellectum
2476 3615 2629 3670 verbi
2680 3615 2775 3669 Dei
2833 3614 3132 3683 spiritalem
3186 3614 3484 3682 requiram,
3519 3622 3575 3666 et
3621 3611 3767 3675 nulla

2176 3722 2263 3761 me
2292 3707 2346 3760 in
2393 3722 2457 3761 co
2504 3705 2804 3761 coarctabit
2845 3705 3115 3774 angustia.
3146 3705 3251 3760 Per
3280 3705 3590 3775 largissima
3618 3704 3768 3759 enim

2178 3800 2353 3869 spatia
2390 3798 2757 3868 intelligentiae
2802 3797 3042 3867 mysticae
3088 3805 3142 3850 et
3178 3796 3437 3865 spiritalis
3484 3792 3765 3864 equitabo.

2177 3894 2613 3949 Persecutionem
2635 3894 2681 3946 si
2706 3892 2899 3961 patiar,
2932 3900 2986 3945 et
3009 3890 3269 3945 conﬁtear
3284 3889 3564 3943 Christum
3585 3902 3769 3941 meum

2180 4001 2362 4040 coram
2390 3984 2718 4046 hominibus,
2748 3992 2927 4037 certus
2969 3997 3087 4036 sum
3116 3982 3239 4051 quia
3270 3989 3325 4034 et
3351 3980 3439 4033 ille
3476 3995 3565 4033 me
3589 3977 3769 4032 conﬁ-

2182 4077 2381 4130 tebitur
2414 4090 2595 4129 coram
2629 4072 2789 4127 Patre
2817 4087 2915 4126 suo
2946 4071 3037 4141 qui
3065 4072 3117 4124 in
3151 4071 3302 4126 caelis
3330 4080 3414 4124 est
3441 4068 3663 4139 (Matth.
3688 4066 3767 4135 χ).

2179 4165 2374 4219 Fames
2409 4165 2455 4219 si
2485 4162 2739 4229 adfuerit,
2775 4162 2993 4217 turbare
3030 4175 3118 4215 me
3170 4176 3275 4214 non
3331 4167 3512 4227 potest
3550 4175 3562 4210 :
3596 4158 3773 4210 habeo

2180 4259 2325 4311 enim
2354 4273 2548 4327 panem
2581 4259 2706 4310 vita:
2740 4257 2830 4326 qui
2868 4256 2934 4309 de
2965 4255 3102 4309 caelo
3154 4253 3449 4311 descendit.
3477 4261 3533 4304 et
3560 4250 3771 4304 teﬁcict

2182 4352 2391 4404 animas
2419 4350 2723 4404 esurientes
2752 4367 2763 4401 :
2790 4363 2888 4401 nec
2923 4346 3210 4416 aliquando
3245 4356 3423 4414 potest
3474 4345 3636 4413 panis
3674 4345 3773 4395 iste

2184 4437 2417 4491 deﬁcere
2443 4453 2456 4501 ;
2496 4446 2579 4490 est
2605 4439 2747 4489 enim
2776 4434 3046 4504 perfectus
3076 4442 3131 4487 et
3151 4440 3403 4485 aeternus.
3436 4428 3667 4483 Nuditas
3690 4444 3772 4483 me

2186 4544 2289 4583 non
2313 4528 2592 4584 confundit
2619 4548 2631 4580 ;
2656 4528 2873 4583 indutus
2893 4540 3010 4580 sum
3034 4524 3176 4579 enim
3209 4524 3491 4577 Dominum
3523 4530 3770 4574 nostrum

2183 4621 2365 4677 .lcsum
2407 4622 2706 4684 Christum,
2734 4628 2789 4675 et
2816 4616 3179 4673 habitaculum
3208 4624 3483 4676 nostrum,
3515 4613 3665 4680 quod
3709 4612 3771 4664 dc

2186 4718 2321 4773 utr-lo
2352 4724 2465 4781 est,
2514 4714 2830 4784 superindtti
2859 4728 3036 4780 spero.
3074 4710 3285 4779 Oportet
3313 4722 3449 4761 enim
3479 4706 3579 4757 hoc
3629 4720 3768 4756 mor-

2187 4810 2289 4864 tale
2317 4811 2531 4863 induere
2568 4806 3036 4867 immortalitatem,
3084 4810 3131 4856 et
3175 4798 3511 4869 corruptibile
3567 4799 3668 4850 ltoe
3698 4797 3769 4856 in-

2189 4902 2348 4954 duere
2398 4900 2838 4969 incorruptionem
2894 4895 2946 4965 (1
2973 4892 3094 4948 Cor.
3154 4891 3265 4961 xv).
3299 4888 3612 4943 Periculum
3667 4902 3769 4939 non

2186 4993 2389 5046 timebo
2419 5010 2430 5043 :
2456 4991 2706 5045 Dominus
2730 4990 2866 5042 enim
2896 4984 3210 5039 illuminatio
3234 4994 3369 5046 mea,
3400 4990 3448 5034 et
3469 4980 3621 5033 salus
3638 4993 3768 5042 mea,

2186 5101 2338 5156 quem
2384 5081 2894 5137 timebo?Dominus
2946 5078 3190 5146 defensor
3240 5075 3356 5128 ιη’τιαε
3409 5085 3561 5135 metu,
3602 5086 3635 5122 a
3673 5085 3769 5140 quo

2188 5178 2496 5244 trepidabo?
2520 5174 2691 5247 (Psul.
2718 5171 2890 5241 xxvi.)
2920 5168 3143 5223 Gladius
3170 5174 3418 5220 terrenus
3451 5172 3665 5216 terrere
3688 5174 3772 5213 me

2188 5286 2296 5324 non
2337 5275 2515 5337 pelcst
2542 5283 2554 5320 :
2584 5266 2756 5321 habeo
2798 5262 2941 5317 enim
2977 5260 3255 5316 fortiorem
3290 5268 3500 5310 mecum
3522 5252 3769 5322 'gladiutn

2188 5362 2421 5431 spiritus,
2451 5358 2587 5430 quod
2616 5367 2689 5411 est
2722 5355 2925 5408 verbum
2962 5352 3053 5405 Dei
3086 5350 3301 5421 (lz‘phes.
3338 5347 3445 5416 v1);
3477 5354 3533 5397 et
3566 5356 3770 5397 mecum

2189 5461 2273 5507 cst
2300 5453 2468 5505 vivens
2499 5462 2545 5504 et
2584 5450 2777 5518 efﬁcax
2812 5463 2979 5501 sermo
3007 5444 3105 5497 Dei
3123 5483 3137 5506 ,
3173 5439 3262 5509 qui
3289 5446 3374 5491 est
3403 5433 3772 5505 penetrabilior

2189 5547 2329 5600 omni
2370 5542 2545 5614 gladio
2594 5541 2837 5611 utrinque
2885 5545 3036 5591 acuto
3086 5530 3283 5605 (Hebr.
3353 5527 3475 5598 iv).
3538 5525 3600 5580 Si
3648 5535 3771 5622 ergo

2190 5635 2398 5705 gladius
2428 5632 2612 5689 mundi
2638 5630 2846 5685 venerit
2899 5641 3061 5695 super
3111 5622 3354 5701 cervices
3380 5632 3559 5681 meas,
3612 5626 3773 5679 uiato-

2190 5745 2306 5785 rem
2362 5728 2491 5783 mihi
2549 5726 2615 5781 ad
2670 5725 2836 5781 Deum
2894 5718 3148 5777 conciliat
3192 5715 3545 5773 charitatem.
3596 5709 3769 5762 Dicam
