3948 6338
187 356 329 415 ΗΠ

719 352 1270 421 ιςΝΑΒΒΑΤΙΟΝυΜ
1306 356 1375 421 lN
1414 365 1561 422 EPP.
1602 364 1756 425 PAUI

1861 366 1971 424 LIB.
2012 365 2077 426 γ.
2120 398 2192 412 -
2227 369 2298 427 ΙΝ
2335 370 2555 429 EPIST.
2588 374 2682 430 AD
2714 373 2865 433 ROB!

3318 381 3341 437 l
3351 378 3458 443 473

187 486 425 541 namque
451 470 517 525 ad
548 487 695 540 cum,
727 476 851 544 quia
879 478 1014 531 sicut
1037 482 1287 549 scriptum
1310 487 1385 533 est
1414 493 1432 532 :
1466 478 1692 552 Propter
1722 490 1769 536 t'e
1798 487 1849 548 Α
1876 488 2161 556 sequentia
2186 499 2411 556 possunt
2448 491 2758 548 credentem
2786 510 2815 548 a
2842 494 3112 552 charitate
3152 496 3246 553 Det
3274 499 3455 557 detor-

186 563 576 631 mortiﬁcamur
604 574 714 619 tota
743 566 829 620 die
857 581 873 618 :
899 570 1144 622 wstimati
1185 586 1366 623 sumus
1404 581 1458 626 ut
1480 589 1596 627 oves
1626 574 1766 628 occi-

182 653 371 721 siqnis.
400 652 518 709 Non
549 656 695 711 enim
756 658 890 713 mihi
922 659 1120 714 suﬂicit
1161 676 1267 715 una
1298 661 1432 717 hora
1481 665 1619 719 mori
1672 679 1771 734 pro

181 744 429 814 Christo,
460 748 548 803 vel
601 750 853 817 cruciari,
908 751 1003 806 sed
1051 761 1161 806 tota
1188 753 1296 820 die,
1334 755 1435 810 hoc
1466 764 1571 821 est,
1621 755 1770 811 omni

184 837 309 894 vita:
348 855 481 895 meae
531 850 791 912 tempore.
828 842 886 897 Si
912 843 1055 897 enim
1111 852 1279 899 totam
1307 846 1473 901 vitam
1504 862 1681 903 meam
1715 847 1771 903 in

183 932 657 999 persecutionibus
685 942 741 987 et
788 934 1046 1004 periculis
1074 950 1255 1009 agam,
1293 938 1489 1002 dicam,
1520 941 1642 1011 quia
1666 957 1771 993 non

182 1030 306 1075 sunt
342 1023 617 1094 condigna:
647 1026 915 1094 passiones
940 1027 1101 1097 hujus
1141 1021 1387 1099 temporis
1435 1029 1504 1083 ad
1534 1030 1769 1100 futuram

182 1111 432 1182 gloriam,
478 1131 596 1186 qua:
632 1114 944 1171 revelabitur
998 1120 1055 1172 in
1100 1120 1268 1174 nobis.
1298 1119 1469 1176 Breve
1498 1130 1582 1177 est
1624 1122 1771 1177 enim

184 1204 347 1272 hujus
378 1207 503 1261 vitae
546 1216 795 1278 tempus,
847 1218 902 1265 et
935 1212 1191 1282 exiguum
1235 1213 1378 1283 quod
1436 1214 1489 1268 in
1515 1228 1769 1284 persecu-

185 1298 429 1355 tionibus
451 1302 704 1357 ducimus
730 1321 742 1356 :
770 1312 1033 1363 mternum
1061 1320 1188 1360 vero
1209 1315 1263 1361 et
1283 1316 1601 1378 perpetuum
1627 1309 1770 1377 quod

183 1402 565 1462 exspectamus
598 1394 654 1447 in
679 1395 870 1465 gloria.
914 1395 979 1450 Et
1007 1396 1128 1453 ideo
1163 1398 1215 1451 iu
1248 1398 1348 1463 his,
1378 1399 1575 1468 inQuit,
1603 1398 1771 1453 omni-

183 1483 279 1536 bus
308 1501 641 1555 superamus,
676 1503 787 1541 non
808 1497 991 1543 nostra
1047 1489 1279 1555 virtute,
1301 1491 1392 1545 sed
1425 1508 1515 1561 per
1543 1493 1769 1562 eumqui

184 1576 372 1630 dilexit
424 1595 539 1633 nos.
595 1579 731 1634 Dum
762 1581 906 1635 enim
950 1581 1004 1635 in
1031 1581 1178 1638 illius
1212 1597 1397 1639 amore
1446 1584 1766 1651 pendemus,

183 1681 405 1723 sensum
430 1670 634 1726 doloris
654 1688 760 1726 non
798 1673 1110 1742 recipimus.
1152 1674 1301 1729 Illius
1346 1674 1490 1731 enim
1531 1674 1770 1730 charitas

183 1774 287 1829 qua
328 1776 427 1817 nos
466 1763 677 1830 dilexit,
710 1774 767 1819 et
802 1776 1047 1821 nostrum
1094 1767 1160 1823 ad
1203 1782 1263 1822 se
1307 1769 1455 1839 rapit
1491 1768 1767 1833 allectum,

1872 591 2060 645 quere.
2079 575 2249 633 Nemo
2278 594 2407 652 ergo
2430 596 2666 653 separat,
2696 600 2795 641 nec
2818 587 2909 657 qui
2942 587 3179 643 minatur
3202 600 3454 659 mortem,

1873 665 1998 733 quia
2042 667 2135 736 qui
2173 670 2349 724 credit
2387 671 2439 725 in
2495 671 2728 741 Christo,
2781 674 2908 739 licet
2941 682 3229 750 moriatur,
3272 683 3454 750 vivet;

1872 770 2047 827 neque
2072 760 2161 830 qui
2185 761 2466 832 pollicetur
2494 766 2660 822 vitam
2689 786 2701 822 :
2725 771 2851 840 quia
2877 760 2967 834 ille
2996 764 3086 827 dat
3113 776 3277 830 vitam
3300 785 3459 833 teter.

1872 862 2017 902 nam.
2052 848 2184 905 Nam
2230 854 2543 924 temporalis
2572 856 2693 911 vitae
2730 852 3047 927 pollicitatio
3075 873 3292 929 acterna:
3328 867 3456 924 vitm

1872 941 2271 1009 comparatione
2297 947 2691 1006 contemnenda
2721 958 2823 1005 est.
2859 946 3039 1022 Neque
3063 956 3276 1026 angelus
3299 973 3455 1029 sepa-

1871 1033 1979 1090 rat,
2002 1029 2126 1097 quia
2151 1030 2266 1085 licet
2289 1035 2529 1106 angelus,
2545 1039 2738 1107 inquit,
2764 1041 2829 1095 de
2843 1037 2968 1095 cwlo
2990 1033 3265 1100 descendat
3288 1060 3333 1105 et
3360 1066 3457 1106 an-

1872 1120 2073 1173 nuntiet
2090 1121 2244 1181 vobis.
2261 1136 2610 1198 prwterquam
2630 1130 2770 1199 quod
2786 1134 3077 1204 accepistis,
3093 1138 3369 1195 anathema
3390 1141 3456 1195 sit

1873 1206 2014 1279 (Gal.
2047 1210 2108 1283 ι).
2145 1211 2327 1285 Neque
2362 1220 2715 1290 principatus,
2749 1223 2801 1279 id
2834 1235 2949 1291 est,L
2970 1214 3298 1295 contrarius,
3332 1232 3459 1303 quia

1871 1303 2020 1358 exuit
2072 1318 2132 1359 se
2187 1306 2301 1377 ipse
2331 1310 2431 1362 hos
2462 1311 2799 1381 principatus
2826 1326 2881 1373 et
2912 1328 3237 1388 potestates,
3269 1323 3459 1385 trium-

1870 1393 2045 1463 phans
2066 1410 2161 1450 eas
2195 1397 2248 1451 in
2282 1400 2593 1470 semetipso.
2627 1403 2808 1475 Neque
2856 1393 3155 1476 praesentia,
3182 1429 3343 1481 neque
3372 1399 3459 1482 {tt-

1870 1493 2011 1551 tura,
2052 1485 2103 1539 id
2132 1496 2235 1553 est,
2268 1492 2585 1559 temporalia
2638 1494 2723 1549 vel
2750 1510 2871 1565 qua:
2899 1486 3197 1567 delectant,
3216 1489 3307 1559 vel-
3336 1520 3458 1575 qua:

1856 1588 2143 1646 premunt,
2182 1581 2265 1635 vel
2289 1598 2409 1651 quae
2438 1600 2591 1655 spem
2622 1587 2774 1654 dant,
2806 1589 2891 1643 vel
2922 1605 3041 1660 qua:
3090 1594 3356 1654 incutiunt
3388 1598 3460 1653 ti-

1872 1682 2099 1724 morem.
2136 1669 2315 1741 Neque
2347 1674 2508 1729 rirtus
2536 1691 2555 1726 .·
2586 1685 2642 1731 et
2690 1677 2780 1745 hic
2829 1682 3086 1738 virtutem
3127 1688 3454 1744 contrariam

1872 1770 2084 1829 Oportet
2110 1762 2355 1835 intelligi,
2389 1771 2681 1825 secundum
2723 1788 2885 1841 quam
2925 1776 3056 1831 dicit
3089 1794 3101 1830 :
3140 1778 3307 1833 Nemo
3333 1799 3457 1837 uasa

182 1854 489 1909 cruciatum,
523 1857 770 1927 corporis
795 1898 810 1924 ν
843 1868 899 1913 οι
924 1859 1163 1916 dolorem
1192 1862 1399 1916 sentire
1427 1878 1530 1917 nos
1554 1878 1660 1917 non
1689 1861 1769 1917 fa-
1798 1849 1846 1910 B
1875 1850 2029 1919 fortis
2067 1854 2298 1925 diripiet,
2340 1858 2440 1911 nisi
2493 1862 2639 1931 prius
2693 1863 2983 1934 alligaverit
3025 1868 3231 1937 fortem.
3274 1869 3458 1945 Neque

182 1945 276 2000 cit.
307 1946 431 2001 ideo
460 1960 589 2017 ergo
616 1948 669 2001 in
703 1948 788 2003 bis
816 1950 1067 2005 omnibus
1105 1965 1445 2020 superamus.-

251 2038 437 2094 Certus
467 2057 583 2094 sum
621 2042 758 2096 enim
791 2045 914 2113 quia
958 2060 1120 2114 neque
1156 2061 1316 2111 mors,
1347 2062 1509 2116 neque
1529 2048 1652 2113 vita,
1678 2062 1768 2101 ne-

178 2146 278 2200 que
309 2131 502 2202 angeli,
536 2149 698 2203 neque
721 2134 1066 2205 principatus,
1110 2153 1273 2209 neque
1303 2139 1573 2203 instantia,
1604 2155 1764 2209 neque

176 2219 384 2287 futura,
422 2238 583 2293 neque
610 2223 888 2291 fortitudo,
929 2243 1091 2297 neque
1138 2228 1384 2294 altitudo,
1433 2246 1592 2300 neque
1642 2247 1764 2299 pro-

177 2313 423 2383 fundum,
462 2332 622 2385 neque
678 2318 785 2371 alia
825 2330 1071 2372 creatura
1118 2322 1306 2388 poterit
1334 2339 1427 2376 nos
1455 2337 1701 2393 separare
1729 2340 1760 2376 a

174 2406 435 2461 charitate
460 2406 576 2470 Dei,
606 2425 722 2478 qute
748 2419 823 2483 est
852 2412 906 2464 in
933 2410 1140 2465 Christo
1159 2413 1288 2466 .lcsu
1310 2413 1531 2467 Domino
1563 2426 1758 2469 nostra.

176 2498 378 2569 (Orig)
410 2501 554 2555 Duos
608 2502 822 2557 videtur
868 2504 1088 2559 ordines
1119 2504 1411 2575 Apostolus
1458 2507 1764 2561 ostendisse

174 2606 365 2645 eorum
407 2593 497 2661 qui
528 2593 863 2655 ,hominibus
930 2597 1253 2651 tentationes
1303 2598 1573 2651 suscitare
1628 2612 1761 2652 con-

172 2693 490 2739 sueverunt.
518 2683 586 2739 Et
615 2685 668 2739 in
699 2686 783 2740 his
813 2685 1029 2756 quidem
1061 2703 1180 2757 qum
1206 2688 1355 2758 prius
1385 2689 1758 2754 disseruimus,

174 2774 536 2830 humanarum
585 2777 941 2831 tentationum
998 2778 1315 2849 intelligitur
1372 2779 1508 2833 ordo
1556 2780 1761 2833 deseri-

170 2878 305 2937 ptus
340 2886 353 2922 :
384 2867 452 2923 de
486 2868 682 2939 quibus
728 2871 894 2925 etiam
925 2870 1227 2926 Corinthiis
1278 2872 1510 2938 dicebat,
1580 2881 1762 2940 utpote

172 2958 301 3028 quia
334 2956 535 3027 majora
586 2958 731 3014 ferre
769 2976 876 3015 non
928 2971 1177 3031 poterant
1222 2979 1234 3015 :
1267 2959 1505 3015 Tentatio
1540 2978 1626 3014 vos
1657 2978 1760 3014 non

170 3051 527 3120 apprehendat
582 3052 682 3105 nisi
732 3054 962 3106 humana
990 3066 1008 3103 :
1036 3052 1207 3121 fidelis
1250 3062 1422 3107 autem
1470 3054 1633 3118 Deus,
1670 3054 1761 3123 qui

172 3158 278 3196 non
323 3144 583 3213 permittet
629 3159 715 3197 vos
754 3144 944 3197 tentari
989 3154 1149 3215 supra
1200 3144 1254 3197 id
1280 3143 1423 3213 quod
1455 3144 1663 3213 potestis
1705 3143 1752 3214 (I

1871 1945 2119 2013 altitudo,
2179 1965 2342 2019 neque
2365 1951 2689 2021 profundum
2740 1955 2956 2027 (Matth.
2985 1962 3104 2031 xu).
3130 1960 3457 2033 Plermuque

1868 2036 2046 2093 inanis
2094 2040 2382 2096 curiositas
2436 2058 2623 2100 earum
2682 2063 2862 2102 rerum
2910 2065 3029 2120 quae
3081 2052 3310 2109 inveniri
3345 2072 3453 2111 non

1867 2139 2111 2197 possunt,
2142 2141 2233 2183 aut
2257 2132 2458 2187 frustra
2479 2136 2643 2190 etiam
2677 2137 3041 2208 inveniuntur,
3072 2143 3186 2198 sive
3215 2147 3265 2199 in
3291 2148 3451 2214 cmlo,

1868 2218 1981 2273 sive
2010 2219 2064 2272 in
2105 2221 2321 2290 abysso,
2361 2235 2576 2291 separat
2602 2242 2632 2279 a
2664 2228 2794 2295 Deo,
2843 2231 2945 2285 nisi
2975 2233 3217 2290 charitas
3247 2237 3449 2306 vincat,

1866 2324 1986 2378 qua:
2036 2309 2105 2363 ad
2152 2318 2300 2367 certa
2350 2314 2617 2384 Spiritalia‘
2675 2333 2778 2373 non
2832 2321 3071 2377 vanitate
3112 2333 3290 2380 rerum
3332 2343 3453 2398 qua:

1866 2396 1999 2453 foris
2037 2411 2193 2465 sunt,
2241 2403 2332 2457 sed
2375 2403 2588 2459 interno
2618 2405 2819 2462 lumine
2854 2410 3061 2465 imitat.
3102 2412 3282 2485 Neque
3307 2396 3457 2472 crea-

1866 2498 1985 2543 tura
2014 2494 2143 2544 alia.
2186 2493 2339 2560 Quod
2383 2496 2589 2551 duobus
2632 2500 2805 2554 modis
2854 2502 3075 2573 intelligi
3108 2516 3285 2574 potest
3318 2527 3330 2561 ε
3363 2518 3457 2565 aut

1866 2576 2092 2634 visibilis
2117 2592 2388 2648 creatura,
2421 2586 2547 2655 quia
2568 2596 2623 2641 et
2652 2605 2780 2653 nos,
2814 2591 2864 2646 id
2888 2601 2969 2647 est
3002 2595 3181 2650 anima
3202 2607 3454 2657 creatura

1867 2688 2074 2737 sumus,
2107 2676 2199 2729 sed
2228 2678 2550 2745 invisibilis;
2582 2692 2637 2735 ut
2667 2684 2767 2738 hoc
2791 2686 3016 2753 dixerit,
3050 2691 3191 2757 quod
3220 2708 3317 2755 nos
3345 2710 3454 2749 non

1865 2775 2082 2833 separat
2124 2768 2229 2821 alia
2274 2778 2549 2834 creatura,
2576 2773 2628 2827 id
2667 2783 2770 2841 est,
2818 2792 2971 2833 amor
3008 2794 3326 2850 corporum;
3362 2792 3456 2839 aut

1864 2866 2012 2911 certe
2055 2861 2180 2927 quia
2240 2862 2487 2919 nos'non
2540 2875 2756 2934 separat
2804 2868 2909 2924 alia
2966 2880 3215 2928 creatura
3256 2890 3285 2928 a
3324 2877 3454 2931 cha-

1864 2950 2025 3005 rilate
2068 2951 2184 3016 Dei,
2218 2968 2283 3006 cx
2309 2969 2375 3008 eo
2402 2956 2542 3024 quod
2573 2957 2718 3011 nulla
2762 2967 3013 3015 creatura
3054 2973 3137 3017 est
3166 2964 3268 3018 alia
3310 2965 3454 3021 inter

1865 3058 1962 3097 nos
1990 3052 2044 3096 et
2074 3044 2241 3099 Deum
2262 3086 2277 3111 ,
2319 3062 2437 3116 quae
2475 3062 2533 3102 se
2562 3062 2819 3119 opponat,
2860 3061 2915 3105 et
2959 3068 2991 3107 a
3025 3056 3304 3125 complexu
3336 3058 3456 3125 ejus

1865 3134 2135 3189 excludat.
2181 3135 2355 3205 Supra
2402 3138 2667 3193 humanas
2715 3142 2862 3195 enim
2901 3153 3140 3211 mentes,
3191 3162 3310 3215 qua:
3360 3164 3451 3202 ra-

171 3231 295 3288 Cor.
346 3235 426 3304 ιι).
481 3225 635 3291 Nunc
666 3251 795 3291 vero
829 3236 880 3290 in
912 3236 996 3291 his
1027 3236 1390 3300 sermonibus,
1426 3251 1561 3307 quos
1596 3238 1756 3291 habe-

1864 3228 2153 3282 tiouahilcs
2188 3239 2347 3293 sunt,
2374 3230 2488 3299 jam
2526 3231 2669 3285 nulla
2722 3242 2998 3299 creatura,
3038 3237 3133 3290 sed
3169 3238 3309 3293 Deus
3344 3249 3446 3296 cst.

172 3341 296 3380 mus
331 3325 384 3379 in
410 3327 683 3391 manibus,
724 3344 832 3383 non
862 3328 1127 3383 humanas
1176 3330 1504 3384 tentationes
1533 3329 1753 3392 indicat,

169 3418 270 3471 sed
296 3417 527 3487 majores
582 3419 854 3475 humanis.
894 3420 961 3474 Et
991 3421 1114 3477 ideo
1155 3430 1286 3491 puto
1321 3423 1461 3491 quod
1489 3422 1540 3477 in
1566 3423 1759 3491 priori-

169 3508 277 3563 bus
306 3525 429 3565 cum
468 3522 844 3566 enumerasset
874 3512 1085 3583 singula
1132 3529 1383 3583 qumque,
1412 3515 1486 3569 ad
1509 3514 1759 3570 ultimum

170 3599 304 3654 dicit
329 3619 340 3653 :
373 3600 475 3655 Sed
497 3602 551 3655 in
580 3601 661 3655 his
697 3603 935 3657 omnibus
964 3621 1293 3673 superamus.
1320 3606 1484 3661 l’nhis
1516 3624 1645 3663 vero
1672 3624 1759 3665 sc-

171 3693 333 3747 cundi
362 3694 568 3749 ordinis
592 3696 981 3750 tentationibus
1008 3710 1113 3751 non
1141 3698 1214 3751 ita
1240 3698 1577 3753 confidenter
1602 3700 1753 3765 dicit,

166 3804 478 3855 superamus
498 3828 512 3853 ,
554 3789 649 3843 sed
678 3787 831 3841 val'de
859 3789 1094 3844 tenuiter
1123 3790 1218 3855 ait,
1256 3790 1377 3861 quia
1419 3792 1547 3844 nihil
1574 3809 1754 3846 eorum

166 3880 357 3949 poterit
384 3896 475 3931 nos
505 3896 748 3949 separare
776 3898 807 3932 α
831 3882 1084 3934 charitate
1118 3881 1236 3947 Dei,
1266 3896 1383 3953 qum
1416 3893 1491 3936 est
1520 3884 1569 3936 in
1598 3884 1753 3937 Chri—

166 3977 249 4021 sto
276 3966 423 4022 Jesu.
472 3968 545 4022 De
597 3970 849 4024 humanis
875 3970 1016 4023 enim
1056 3971 1465 4037 tentatiouibus,
1500 3982 1753 4043 tanquam

164 4060 353 4129 parvis
379 4068 434 4112 ct
465 4060 694 4125 levibus,
725 4061 1062 4115 conﬁdenter
1099 4074 1198 4117 nos
1223 4078 1317 4117 eas
1348 4078 1604 4132 superare
1632 4078 1757 4134 pro-

164 4151 420 4213 nuntiat;
454 4150 571 4204 illas
600 4167 729 4205 vero
771 4154 1079 4222 superiores
1128 4162 1183 4209 et
1210 4154 1330 4224 plus
1354 4170 1515 4224 quam
1567 4156 1753 4211 huma-

164 4257 287 4301 nas,
320 4242 532 4297 etiamsi
564 4258 823 4312 superare
873 4254 927 4299 ct
953 4253 1298 4314 prosternere
1326 4258 1431 4299 non
1458 4246 1699 4301 valemus
1736 4267 1746 4301 :

162 4334 270 4389 hoc
298 4336 440 4389 enim
470 4332 637 4389 solius
662 4336 864 4392 Christi
913 4354 1047 4408 opus
1076 4348 1182 4405 est,
1220 4340 1311 4409 qui
1351 4341 1502 4394 exuit
1553 4341 1751 4410 princi-

158 4436 323 4497 patus
376 4436 431 4481 ct
474 4437 771 4497 potestates
831 4432 1159 4500 triumphans
1220 4447 1308 4485 eas
1366 4433 1419 4484 in
1480 4433 1748 4502 semetipso

161 4516 481 4587 (601053.11)
516 4536 528 4569 :
563 4525 746 4571 tamen
802 4528 856 4571 et
886 4519 987 4572 hoc
1037 4520 1089 4571 in
1132 4520 1371 4573 victorize
1402 4521 1521 4575 loco
1570 4530 1670 4583 cst,
1704 4521 1745 4573 si

160 4625 287 4663 cum
322 4625 511 4664 omnes
546 4611 595 4663 in
627 4626 725 4665 nos
756 4612 1219 4680 impugnationum
1270 4628 1488 4667 suarum
1543 4614 1747 4667 machi-

154 4715 259 4755 nas
306 4702 580 4764 torserint,
620 4716 648 4753 a
686 4702 953 4756 charitate
1010 4712 1184 4756 tamen
1224 4704 1314 4756 Dei
1366 4718 1464 4756 nos
1493 4718 1746 4772 separare

154 4806 264 4845 non
292 4790 523 4844 valeant.
554 4790 658 4844 Sed
694 4792 806 4859 jam
838 4801 1106 4846 tcntcmus
1132 4794 1341 4864 singula
1382 4795 1669 4859 discutere,
1695 4805 1748 4849 ct

156 4881 283 4949 quid
324 4882 389 4935 de
444 4897 767 4951 unoquoque
806 4899 1057 4948 sermone
1108 4885 1349 4962 Apostolj
1408 4886 1746 4939 sentiendum

153 4972 245 5035 sit,
279 4988 377 5043 pro
410 4973 614 5029 viribus
647 4976 881 5043 aperire.
924 4976 1183 5043 Quamvis
1211 4979 1400 5032 altiora
1433 4979 1485 5031 in
1512 4980 1595 5032 bis
1620 4995 1749 5033 con-

156 5064 345 5133 tigisse
384 5065 627 5119 videatur
656 5065 944 5134 Apostolus
973 5084 1132 5137 quam
1158 5070 1509 5140 expositionis
1542 5080 1740 5127 nostra:

155 5153 357 5209 suilicit
386 5148 572 5221 virtus,
605 5156 689 5211 vel
738 5160 875 5211 ratio
901 5158 1181 5215 brevitatis
1212 5161 1466 5225 admittit,
1500 5164 1743 5232 requira-

155 5261 278 5299 mus
312 5255 489 5300 tamen
518 5248 560 5301 si
588 5249 767 5303 omnia
794 5249 896 5302 ista
923 5265 1041 5319 qua:
1065 5253 1403 5306 enumeravit
1433 5252 1737 5322 Aposiolus,

155 5352 224 5389 an
250 5337 494 5406 quaedam
517 5352 579 5391 ex
605 5338 751 5408 ipsis,
775 5338 877 5393 hoc
902 5342 1062 5395 studii
1087 5342 1501 5395 vcl‘iutcutionis
1528 5352 1737 5413 gerant,

153 5437 217 5482 ut
246 5428 508 5482 humanas
544 5430 757 5483 animas
787 5446 815 5483 a
848 5432 1115 5486 charitate
1158 5435 1251 5487 Dei
1302 5450 1552 5503 separare
1606 5453 1735 5494 con-

155 5519 403 5586 tendant,
437 5530 491 5575 et
535 5531 818 5591 propterea
850 5524 1142 5579 moliantur
1187 5528 1239 5581 in
1273 5542 1371 5581 nos
1397 5537 1589 5583 cuncta
1618 5546 1737 5601 qua:

153 5610 414 5680 patimur.
448 5610 629 5681 (.4ug.)
660 5612 749 5665 Ait
781 5630 932 5684 ergo,
965 5626 1132 5669 certus
1170 5630 1285 5669 sum
1313 5614 1471 5683 enim,
1522 5634 1627 5674 non
1656 5620 1738 5675 di-

153 5702 259 5769 xit,
288 5702 490 5771 Opinor
529 5704 704 5771 enim;
738 5707 895 5774 plena
932 5707 1037 5761 {ide
1072 5710 1259 5774 tenuit,
1290 5710 1428 5779 quod
1480 5728 1569 5765 nec
1600 5727 1737 5766 mors

154 5794 290 5860 ulla,
329 5814 420 5854 nec
449 5798 550 5853 vita
583 5800 893 5866 temporalis
920 5802 1211 5868 promissa,
1254 5817 1356 5858 nec
1380 5812 1577 5860 cratera
1608 5806 1735 5862 sub-

1864 3316 2091 3389 (Ambr.)
2124 3319 2248 3373 Ηςιο
2277 3328 2403 3374 sunt
2427 3321 2629 3387 omnia,
2672 3338 2795 3391 qua:
2824 3327 2893 3379 ad
2944 3324 3318 3385 abductionetu
3348 3348 3450 3389 no-

1861 3418 2027 3463 stram
2065 3428 2093 3464 a
2132 3410 2344 3466 diabolo
2397 3412 2718 3475 inferuntur,
2751 3432 2873 3485 qua:
2922 3417 3121 3473 idcirco
3164 3433 3449 3491 memorat,

1860 3510 1922 3557 ut
1956 3503 2165 3555 muniat
2220 3519 2347 3568 nos;
2392 3505 2521 3558 utsi
2553 3505 2849 3572 advenerit,
2904 3508 3238 3567 confidentes
3260 3512 3327 3567 de
3352 3530 3450 3585 spe

1860 3600 1913 3647 ct
1945 3592 2162 3647 auxiliis
2200 3592 2422 3659 Christi,
2457 3595 2651 3649 armati
2686 3595 2792 3651 ﬁde
2836 3597 3097 3654 adversus
3126 3601 3241 3656 lucc
3291 3619 3448 3674 repu-

1858 3699 2104 3753 gnemus.
2138 3685 2275 3751 Quid
2313 3686 2455 3739 enim
2491 3686 2537 3740 si
2582 3703 2729 3741 mors
2756 3688 2901 3744 illata
2929 3691 3089 3747 fuerit
3113 3734 3127 3759 ,
3164 3710 3344 3750 nonne
3367 3695 3449 3751 lu-

1858 3794 2010 3833 crum
2039 3789 2121 3835 eSt
2150 3781 2443 3835 maximum
2474 3784 2815 3839 occasionem
2855 3786 3115 3851 invenire,
3155 3806 3261 3859 qua
3284 3792 3448 3849 citius

1856 3878 2012 3923 eatur
2042 3870 2098 3925 in
2131 3886 2355 3941 regnum
2378 3873 2747 3941 promissum?
2776 3874 2961 3945 Neque
2990 3879 3035 3933 si
3064 3893 3302 3947 praesens
3333 3883 3446 3937 vita

1856 3963 2122 4032 promissa
2156 3965 2309 4018 nobis
2356 3965 2520 4019 fuerit
2547 3958 2805 4035 dignitate
2842 3969 3066 4035 minuta,
3097 3971 3255 4026 debet
3288 3988 3385 4028 nos
3413 3990 3443 4029 a

1857 4070 1952 4125 spe
1974 4056 2220 4111 beneﬁcii
2251 4056 2477 4123 Christi,
2517 4072 2677 4126 quem
2708 4058 2932 4123 scimus,
2979 4062 3101 4128 quia
3134 4079 3237 4117 non
3268 4064 3445 4121 solum

1858 4144 1910 4197 in
1945 4144 2146 4207 futuro,
2188 4145 2279 4199 sed
2321 4145 2372 4199 iu
2403 4148 2655 4214 pra'seuti
2704 4149 2947 4216 proderit.
2972 4150 3149 4211 nobis.
3182 4151 3292 4208 Nec
3319 4157 3441 4225 quin

1856 4235 1975 4290 dem
2025 4236 2073 4288 si
2126 4250 2185 4289 se
2238 4236 2459 4304 angelus
2490 4237 2641 4291 nobis
2693 4240 2943 4293 ostendat
2988 4242 3061 4294 ad
3109 4243 3443 4301 seducendos

1854 4341 1973 4389 nos,
1992 4326 2318 4380 subornatus
2349 4327 2569 4383 fallaciis
2599 4330 2775 4398 patris
2793 4332 2873 4384 sui
2898 4331 3119 4395 diaboli,
3148 4337 3442 4403 praevalere

1853 4416 2069 4471 debebit
2119 4418 2404 4471 adversum
2460 4434 2585 4483 nos;
2627 4436 2748 4475 cum
2801 4422 3037 4476 sciamus
3090 4423 3330 4490 Christo,
3383 4436 3443 4481 ut

1854 4507 2033 4576 magni
2089 4508 2297 4562 consilii
2348 4510 2557 4579 angelo,
2593 4512 2724 4565 nihil
2780 4516 3217 4581 praeponendum.
3255 4516 3439 4585 Neque

1853 4600 1897 4655 si
1932 4601 2101 4654 virtus
2130 4602 2197 4654 ab
2224 4601 2403 4669 aliquo
2453 4602 2595 4656 facta
2652 4602 2835 4667 fuerit,
2893 4606 3033 4658 sicut
3064 4606 3264 4661 dicitur
3295 4608 3435 4663 facta

1854 4710 1883 4747 a
1911 4694 2125 4747 Simone
2158 4692 2333 4763 Mago,
2369 4695 2460 4763 qui
2491 4695 2690 4749 dicitur
2726 4697 2776 4748 in
2811 4712 2936 4749 aere
2979 4712 3215 4763 sursum,
3247 4711 3305 4753 ut
3330 4717 3429 4769 po-

1851 4785 2033 4855 pulum
2069 4784 2268 4838 Christi
2298 4786 2691 4840 scaudalizaret
2711 4826 2724 4850 ,
2757 4786 2996 4849 volasse,
3027 4786 3194 4843 ﬁdem
3216 4788 3436 4844 debebit

1853 4880 2418 4943 minuerc,scicntium
2454 4880 2785 4933 Salvatorcm
2818 4881 2959 4932 nube
2986 4880 3284 4935 {animante
3316 4898 3433 4937 sus-

1846 4979 2061 5039 ceptum
2113 4972 2423 5026 ascendisse
2454 4986 2617 5040 super
2670 4986 2862 5027 omnes
2913 4974 3100 5027 caelos.
3143 4972 3252 5028 Nec
3302 4976 3427 5029 siin

1851 5066 2189 5120 altitudinem
2224 5081 2281 5121 se
2306 5065 2459 5133 nobis
2489 5066 2759 5132 ostendat,
2795 5068 2867 5123 de
2897 5077 3001 5137 qua
3052 5068 3184 5122 dicit
3212 5078 3430 5138 aposte-

1851 5158 1933 5212 lus
1962 5157 2197 5213 Joannes
2228 5176 2237 5210 :
2268 5160 2346 5210 Au
2368 5160 2620 5227 ignoratis
2640 5159 2971 5212 altitudinem
2996 5157 3213 5213 Satamc
3242 5162 3426 5229 (Apoc.

1852 5256 1912 5317 ιι)
1941 5250 1963 5301 ?
1991 5265 2020 5302 a
2051 5250 2335 5303 devotione
2392 5264 2490 5302 nos
2519 5249 2736 5301 Domini
2764 5248 2897 5303 Iesu
2922 5248 3140 5303 debebit
3189 5250 3428 5314 auferre,

1851 5356 2011 5409 quem
2053 5340 2254 5393 sciums
2306 5338 2657 5393 descendisse
2675 5340 2741 5391 de
2786 5340 2945 5404 calo,
2987 5348 3049 5393 ut
3076 5347 3294 5392 terrena
3318 5340 3431 5408 spi-

1852 5431 2100 5488 ritalibus
2126 5432 2376 5484 sociarat.
2404 5429 2583 5497 Neque
2620 5431 2662 5483 si
2689 5445 2785 5499 per
2812 5430 3176 5499 phantasiam,
3204 5444 3307 5497 qua
3337 5445 3427 5483 se—

1846 5527 2043 5581 ducere
2078 5524 2399 5587 meditatur,
2449 5523 2770 5590 prol'undum
2817 5523 2977 5576 nobis
3020 5522 3267 5575 ostendat
3299 5522 3431 5575 hor-

1846 5632 1968 5671 rore
1999 5615 2327 5679 mirandum,
2364 5628 2468 5681 qua
2498 5613 2669 5665 territi
2708 5612 2853 5666 forte
2875 5610 3428 5671 succmnba'musilli:

1847 5714 1945 5764 nec
1975 5710 2053 5764 sic
2084 5709 2305 5777 dignum
2357 5714 2471 5771 est,
2522 5713 2577 5757 ut
2607 5705 2827 5760 Christo
2879 5704 3039 5759 ﬁdem
3098 5704 3432 5772 frangamus,

1847 5819 2009 5873 quem
2038 5802 2239 5858 scimus
2286 5799 2457 5855 nostri
2508 5813 2666 5855 causa
2694 5799 2748 5854 iu
2795 5796 3130 5869 profundum
3155 5803 3313 5848 terra:
3342 5793 3444 5847 de.
