3948 6302
388 435 393 440 ⁸
532 350 667 414 ητθ

1162 358 1226 413 Β.
1265 358 1533 413 ΒΑΒΑΝΓ
1556 350 1776 431 MAURI
1812 355 2130 413 A‘RCHIEP.
2174 354 2483 412 MOGUNT.
2524 354 2809 443 OPERUM
2847 355 3029 411 PARS
3064 356 3149 410 Ill.

3672 354 3807 410 “80

524 469 826 533 scendisse,
865 477 921 524 et
951 479 1127 524 morte
1173 484 1358 538 pressa
1416 486 1585 541 genus
1630 451 1911 525 hominum
1967 469 2104 524 libe—
2134 477 2182 534 Α
2211 478 2268 521 ut
2294 485 2431 522 unus
2464 470 2619 523 homo
2664 460 2924 523 moriatur
2947 483 3039 537 pro
3069 470 3281 537 populo,
3324 476 3374 521 et
3418 484 3524 521 non
3564 469 3805 522 universa

524 574 696 635 rasse.
726 558 922 629 Neque
937 559 982 613 si
1011 558 1190 614 futura
1221 561 1377 616 nobis
1404 563 1682 630 spondeat,
1715 577 1833 631 quae
1860 561 2111 630 promisit

523 648 668 713 Evae,
693 638 975 704 ascensum
1002 649 1251 704 dabimus
1282 650 1375 716 illi,
1400 652 1621 707 discreti
1642 668 1673 706 a
1695 652 1929 716 Christo,
1948 665 2107 721 quem

466 734 481 744 “
523 739 724 793 virtute
752 747 807 792 et
832 746 1025 793 natura
1052 738 1222 794 Deum
1261 740 1532 796 credimus
1575 749 1630 796 et
1679 742 1895 796 scimus.
1927 738 2039 794 Nec
2061 739 2108 793 si

522 837 639 883 arte
694 825 749 884 et
793 829 1123 885 sublimitate
1176 832 1390 886 astutia:
1438 848 1549 888 sua:
1584 832 1745 885 aliam
1805 841 2106 886 creaturam

496 914 692 989 tingat
718 920 787 975 ad
809 921 1020 987 horam,
1052 921 1191 977 sicut
1214 922 1487 977 finxerunt
1505 922 1744 977 Jammes
1766 930 1819 975 et
1840 921 2107 976 Mambres

518 1008 698 1078 palam
738 1008 1023 1080 Pharaone
1064 1001 1263 1083 (Exod.
1310 1011 1441 1082 vn);
1490 1002 2019 1076 inconveniens‘est,
2049 1020 2109 1065 ut

517 1113 617 1167 per
643 1098 746 1153 hoc
776 1114 807 1153 a
838 1100 949 1155 Deo
1000 1110 1245 1171 creatore
1273 1114 1402 1153 vero
1429 1113 1528 1155 nos
1556 1108 1765 1164 avocet,
1815 1115 1973 1168 quem
2002 1115 2106 1153 non

507 1187 833 1259 ignoramus
884 1206 983 1260 per
1034 1190 1308 1246 Christum
1361 1190 1557 1244 Filium
1607 1206 1764 1245 suum
1801 1199 2106 1245 creaturam

518 1280 825 1352 condidisse
862 1280 916 1334 in
966 1288 1231 1336 aeternum
1280 1281 1626 1335 existentern.
1666 1278 1997 1346 Quibusdam
2022 1277 2110 1331 vi-

460 1405 470 1435 ;-
516 1373 677 1428 detur
699 1372 861 1427 aliam
889 1382 1195 1428 creaturam
1227 1372 1429 1427 dixisse
1453 1372 1519 1425 de
1544 1370 1732 1435 idolis;
1769 1370 1864 1425 sed
1888 1385 1996 1424 non
2023 1377 2106 1423 est

515 1479 725 1531 verum,
751 1466 876 1534 quia
914 1466 1057 1534 hanc
1084 1465 1282 1540 debuit
1328 1463 1655 1534 significare,
1692 1478 1852 1530 quam
1882 1464 1980 1517 sub
2008 1463 2104 1517 ad-

514 1553 805 1609 miratione
863 1554 1193 1623 seductionis
1258 1554 1531 1608 videretur
1592 1552 1793 1622 fingere
1852 1550 2102 1606 Satanas.

514 1645 651 1701 Nam
684 1648 808 1716 quis
843 1647 1133 1703 seducatur
1160 1646 1393 1701 fidelium
1446 1647 1515 1702 ad
1565 1647 1700 1709 hate,
1735 1662 1765 1700 a
1796 1646 1992 1717 Quibus
2021 1660 2107 1700 re-

514 1738 682 1792 cessit
706 1736 1049 1793 mauifestato
1072 1738 1294 1793 errore?
1321 1737 1429 1793 Sed
1455 1738 1571 1792 haec
1600 1738 1893 1792 meditatur
1921 1753 1981 1791 ac
2010 1738 2106 1791 tin-

513 1827 613 1898 git,
640 1843 739 1898 per
765 1843 884 1897 quae
909 1828 1110 1884 electos
1130 1827 1302 1897 possit
1326 1829 1602 1881 seducere.
1626 1825 1782 1891 Nulla
1804 1841 1932 1895 ergo
1955 1834 2101 1891 sunt,
2134 1851 2179 1908 Β

513 1932 635 1985 quae
659 1933 759 1972 nos
779 1917 990 1985 possint
1015 1932 1043 1971 a
1073 1916 1339 1971 charitate
1363 1916 1459 1969 Dei
1489 1930 1763 1984 separare,
1794 1931 1913 1984 quae
1939 1922 2022 1968 est
2050 1914 2102 1967 in

491 2006 731 2061 :Christo
759 2005 907 2061 Jesu.
944 2006 1082 2061 Deus
1107 2007 1250 2060 enim
1277 2006 1594 2060 charitatem
1626 2020 1777 2059 suam
1810 2006 1863 2058 in
1890 2003 2104 2059 Christo

514 2096 672 2151 nobis
707 2097 963 2163 ostendit,
996 2098 1121 2152 dum
1150 2096 1370 2152 tradidit
1404 2089 1551 2151 illum
1578 2111 1676 2166 pro
1714 2095 1892 2150 nobis.

1109 2209 1335 2265 CAPUT
1389 2209 1494 2263 lX.’

514 2318 667 2374 Dolet
693 2320 971 2391 Apostolus
997 2320 1061 2375 de
1080 2320 1391 2374 Judtrorum
1422 2320 1790 2391 obstinatione,
1820 2337 1950 2389 quos
1986 2337 2104 2390 pro-

585 2388 828 2450 missione
866 2408 969 2443 non
997 2407 1106 2466 esse
1134 2390 1415 2457 frustratos
1456 2388 1704 2453 ostendit,
1729 2400 1781 2443 et
1831 2388 1952 2444 ante
1978 2388 2101 2460 gen-

586 2470 660 2514 tes
694 2470 899 2515 vocatos
925 2477 1036 2514 esse
1066 2470 1457 2513 commemorat.

591 2570 878 2625 Veritatem
929 2570 1043 2623 dico
1087 2570 1143 2623 in
1166 2567 1393 2635 Christo,
1424 2586 1525 2623 non
1574 2572 1818 2631 mentior,
1872 2571 2101 2624 testimo-

514 2663 659 2715 nium
709 2661 845 2714 ‘rnihi
885 2660 1181 2730 per/libente
1239 2663 1554 2715 conscientia
1612 2678 1726 2715 mea
1786 2664 1842 2715 in
1895 2661 2100 2731 Spiritu

512 2764 716 2816 sancto,
768 2753 1018 2823 quoniam
1059 2753 1273 2806 tristitia
1302 2762 1376 2806 est
1425 2755 1553 2807 mihi
1583 2771 1795 2824 magna,
1850 2765 1897 2809 et
1928 2755 2096 2807 conti-

512 2859 646 2897 nuus
676 2841 827 2896 dolor
854 2842 998 2895 cordi
1021 2858 1155 2896 meo.
1192 2841 1450 2912 Optabam
1481 2845 1617 2897 enim
1671 2846 1782 2914 ipse
1825 2861 1918 2915 ego
1961 2861 2095 2896 ana-

513 2934 687 2989 thema
709 2950 820 2988 esse
840 2951 872 2987 a
901 2932 1107 2987 Christo
1137 2924 1231 3003 pro
1252 2934 1504 3003 fratribus
1535 2936 1684 2988 meis.
1720 2935 1917 3005 (Orig.)
1942 2928 2097 2988 Veri-

511 3033 678 3096 tatem
707 3024 827 3078 dico
852 3025 904 3078 in
930 3023 1169 3090 Christo,
1191 3040 1295 3079 non
1320 3026 1569 3091 mentior,
1601 3035 1654 3081 et
1682 3026 1909 3097 reliqua,
1930 3040 2100 3095 usque

510 3116 567 3170 in
593 3113 810 3170 swcula.
845 3113 1045 3168 Videtis
1082 3114 1280 3169 Paulus
1320 3117 1479 3185 quod.
1510 3117 1556 3170 si
1610 3117 1906 3171 secundum
1950 3133 2013 3172 ea
2044 3118 2097 3171 in

2209 574 2333 627 gens
2364 566 2543 627 pereat
2565 558 2748 627 (Joan.
2779 556 2853 628 χι)
2874 573 2887 621 ;
2911 556 3006 611 sed
3030 564 3210 610 tamen
3230 556 3331 609 ista
3357 558 3562 611 veritas
3590 573 3700 612 non
3726 566 3806 612 est

2211 650 2266 703 in
2290 648 2529 702 Christo.
2558 648 2625 702 Et
2656 647 2779 702 ideo
2808 646 3095 715 Apostolus
3135 644 3202 698 ad
3231 645 3635 700 distinctionem
3667 648 3804 699 veri-

2214 738 2342 791 tatis
2377 737 2494 805 ejus
2525 750 2646 804 qua:
2675 744 2826 806 extra
2855 733 3131 788 Christum
3174 743 3273 796 est,
3305 749 3363 787 se
3390 734 3523 789 dicit
3564 737 3617 788 iu
3648 735 3804 791 Chri-

2209 836 2293 881 sto
2321 826 2464 894 loqui
2499 825 2805 879 veritatem.
2839 823 2944 879 Sed
2974 832 3030 877 et
3059 826 3161 879 hoc
3187 824 3331 893 quod
3356 825 3511 887 dicit,
3548 825 3802 879 Testimo-

2210 922 2354 974 nium
2377 918 2505 971 mihi
2535 916 2830 987 perhibente
2858 917 3173 970 conscientia
3215 933 3330 970 mea
3360 918 3415 970 in
3445 915 3648 986 Spiritu
3678 936 3801 972 san-

2208 1019 2331 1072 cto,
2380 1006 2610 1062 similem
2663 1006 2795 1059 mihi
2850 1005 3051 1060 habere
3107 1006 3323 1061 videtur
3372 1006 3795 1077 intelligentiam.

2208 1100 2403 1155 Reddit
2450 1099 2592 1153 enim
2632 1096 3007 1155 testimonium.
3054 1097 3387 1151 conscientia
3430 1106 3482 1151 et
3529 1100 3794 1170 gentibus,

2208 1193 2501 1247 secundum
2536 1190 2679 1259 quod
2707 1188 2759 1243 in
2788 1189 3159 1258 Superioribus
3188 1189 3328 1243 idem
3355 1190 3644 1260 Apostolus
3673 1192 3749 1247 ait
3779 1211 3791 1245 :

2211 1283 2587 1337 Testimonium
2614 1280 2856 1335 reddente
2883 1281 2957 1333 eis
2981 1280 3298 1334 conscientia
3329 1292 3376 1333 et
3414 1281 3551 1334 inter
3579 1299 3633 1336 se
3661 1284 3795 1353 cogi-

2208 1373 2467 1449 tationum
2484 1388 2491 1401 λ
2510 1370 2904 1434 accusantium,
2954 1379 3045 1422 aut
3090 1370 3246 1423 etiam
3278 1371 3693 1439 defendentium.
3738 1374 3793 1427 In

2209 1462 2315 1516 illis
2343 1476 2471 1532 ergo
2504 1460 2789 1531 inquibus
2823 1461 3165 1531 cogitationis
3194 1478 3307 1517 sua:
3356 1462 3558 1517 habent
3597 1464 3793 1532 aliquid

2208 1553 2353 1622 quod
2381 1562 2658 1617 accusent,
2689 1560 2744 1607 et
2766 1553 3099 1607 conscientia
3126 1552 3191 1607 ad
3219 1554 3587 1608 testimonium
3626 1555 3789 1618 venit,

2208 1660 2316 1698 non
2367 1652 2545 1713 potest
2587 1642 2695 1699 dici
2737 1644 2879 1712 quod
2922 1657 3023 1713 pro
3056 1644 3215 1697 malis
3253 1644 3465 1699 actibus
3495 1646 3550 1699 in
3588 1645 3789 1713 Spiritu

2208 1742 2396 1797 sancto
2422 1734 2753 1790 conscientia
2786 1733 3154 1789 testimonium
3188 1735 3396 1789 reddat.
3437 1735 3496 1789 lu
3541 1736 3791 1804 Apostolo

2208 1839 2336 1878 vero
2387 1824 2478 1878 ubi
2526 1822 2938 1894 cogitatiojam
2990 1840 3095 1879 non
3149 1825 3315 1879 habet
3364 1826 3507 1894 quod
3555 1836 3787 1888 accuset,

2208 1923 2354 1969 recte
2378 1913 2711 1968 conscientia
2753 1914 2805 1966 in
2837 1913 3039 1982 Spiritu
3064 1922 3251 1968 sancto
3274 1917 3641 1969 testimonium
3676 1917 3790 1971 red-

2207 2005 2304 2060 dit.
2338 2003 2471 2058 Vide
2511 2012 2690 2057 tamen
2734 2004 3157 2073 magnitudinem
3198 2004 3435 2073 pectoris
3486 2007 3783 2075 apostolici.

2202 2094 2243 2150 A
2270 2095 2367 2149 Dei
2394 2094 2658 2149 charitate
2680 2110 2786 2147 non
2808 2101 2987 2162 potest
3008 2095 3245 2162 separari
3274 2114 3286 2147 :
3313 2096 3455 2163 quod
3480 2097 3712 2165 lOQttitttr
3734 2099 3785 2150 iu

2206 2184 2419 2239 Christo
2439 2185 2681 2253 loquitur
2714 2202 2727 2237 :
2758 2185 2899 2253 quod
2936 2183 2988 2236 in
3019 2185 3346 2238 conscientia
3375 2170 3562 2249 habet,
3589 2185 3785 2257 Spiritu

2201 2283 2390 2345 sancto
2415 2274 2741 2327 continetur.
2773 2272 2899 2339 Qui,
2921 2288 3120 2341 quaeso,
3153 2275 3295 2340 cmli,
3322 2276 3411 2343 qui
3445 2276 3647 2343 throni,
3670 2294 3785 2347 qua:

2202 2364 2545 2433 amplissima:
2578 2364 2837 2418 virtutum
2884 2364 3182 2419 cmlestium
3214 2379 3422 2421 mentes
3445 2378 3557 2437 tam
3602 2371 3787 2439 amplis

2202 2456 2420 2511 sedibus
2446 2464 2615 2509 totam
2640 2465 2889 2524 poterunt
2916 2471 3111 2525 capere
3126 2456 3482 2512 Trinitatem?
3507 2460 3780 2525 Quoniam,

2201 2546 2402 2613 inquit,
2456 2545 2673 2598 tristitia
2724 2554 2797 2597 est
2835 2545 2966 2596 mihi
3002 2560 3209 2613 magna,
3236 2557 3283 2598 et
3331 2549 3613 2601 continuus
3641 2549 3785 2600 dolor

2200 2635 2345 2688 cordi
2393 2650 2526 2687 meo.
2562 2634 2690 2687 Esto
2737 2634 2940 2689 habeas
2990 2635 3263 2689 tristitiam
3315 2656 3326 2688 :
3375 2648 3494 2691 esto
3550 2640 3782 2693 dolorem

2200 2723 2382 2791 capias
2419 2726 2483 2776 de
2532 2723 2833 2791 perditione
2864 2722 3093 2777 fratrum
3131 2734 3376 2791 tuorum,
3423 2730 3512 2796 qui
3552 2742 3668 2781 sunt
3705 2746 3785 2782 co-

2200 2818 2346 2887 gnati
2375 2817 2659 2870 secundum
2691 2832 2900 2870 carnem
2926 2833 2943 2869 :
2978 2819 3215 2886 nunquid
3245 2832 3603 2891 eousque,gut
3639 2832 3786 2891 optes

2200 2908 2488 2962 anathema
2515 2906 2632 2962 fieri
2682 2922 2709 2960 a
2751 2906 3003 2962 Christo?
3036 2908 3102 2962 Et
3130 2909 3256 2977 quid
3289 2910 3383 2964 tibi
3412 2889 3637 2978 prodest
3670 2889 3783 2967 illo.

2200 3013 2319 3051 rum
2348 2998 2514 3064 salus,
2556 2999 2601 3052 si
2628 2996 2684 3052 tu
2708 2996 2742 3052 a‘
2767 2999 2941 3053 salute
2966 3001 3275 3069 separeris?
3303 3010 3357 3055 et
3385 3004 3530 3070 quod
3563 3004 3787 3057 salvabit

2202 3087 2357 3153 alios,
2389 3090 2433 3143 si
2480 3089 2595 3157 ipse
2626 3091 2860 3159 pereas?
2888 3089 3026 3154 Non,
3057 3091 3248 3160 inquit,
3273 3078 3348 3146 ita
3377 3105 3462 3148 est
3495 3110 3509 3146 :
3550 3098 3643 3149 sed
3690 3113 3787 3166 ego

514 3208 710 3275 quibus
737 3222 902 3276 supra
933 3207 1203 3277 exposuit,
1242 3180 1387 3261 nulla
1416 3208 1492 3273 vi,
1528 3208 1842 3263 coelestibus
1874 3209 1964 3263 vel-
1988 3216 2095 3263 ter—
2122 3193 2168 3257 C
2201 3180 2361 3233 (“diei
2387 3195 2417 3232 ³
2457 3181 2717 3277 ⁷¹¹³8ίεῖινθ
2738 3189 2809 3277 rei
2829 3182 3057 3236 Domino
3094 3198 3213 3277 "leo
3240 3186 3384 3252 quoa
3410 3187 3500 3277 ‘1'“
3541 3186 3646 3241 Wa
3675 3188 3789 3241 om;

510 3296 800 3359 restribus,
825 3295 1178 3364 praesentibus
1192 3296 1277 3350 vel
1305 3295 1499 3351 futuris
1525 3298 1937 3352 adversantibus
1968 3297 2092 3362 sibi,

510 3384 683 3454 possit
714 3401 742 3439 a
778 3384 979 3439 Christi
1028 3385 1291 3439 charitatc
1335 3386 1597 3456 separari,
1631 3387 2013 3454 'contrarium,
2042 3395 2097 3440 et

512 3474 826 3530 incredibile
849 3475 1120 3551 videretur
1147 3476 1290 3544 quod
1314 3492 1458 3531 nunc
1510 3477 1691 3533 dicere
1738 3479 2093 3548 proponebat,

514 3574 703 3635 optare
733 3581 791 3621 se
818 3582 849 3620 a
879 3565 1120 3631 Christo,
1152 3582 1310 3635 quem
1354 3575 1465 3622 tam
1504 3558 1934 3637 inseparabiliter
1975 3569 2093 3623 dili-

511 3654 690 3726 gebat,
738 3658 1026 3712 anathema
1073 3657 1209 3723 fieri,
1254 3660 1355 3715 hoc
1394 3661 1785 3725 est,‘alienum
1830 3661 1987 3727 eflici,
2029 3677 2096 3717 ne

512 3748 779 3803 mendacii
829 3756 1012 3802 notam
1072 3750 1253 3804 subire
1309 3752 1599 3816 videretur,
1663 3752 2091 3807 satisfactionem

454 3862 459 3867 ·
511 3837 809 3908 praemittit,
832 3846 893 3891 ut
921 3853 1256 3908 nequaquam
1285 3839 1350 3894 de
1378 3839 1494 3908 ejus
1523 3854 1774 3895 sermone
1800 3841 2091 3907 dubitetur,

510 3937 567 3982 et
602 3929 776 3983 dicit:
821 3925 1104 3983 Veritatem
1143 3929 1259 3981 dico
1288 3929 1343 3981 in
1370 3927 1603 3995 Christo,
1628 3946 1733 3983 non
1756 3931 1997 3993 mentior,
2021 3938 2096 3983 te-

516 4017 818 4085 stimonium
849 4012 983 4069 mihi
999 4017 1294 4086 perhibente
1317 4019 1634 4072 conscientia
1663 4035 1778 4074 mea
1812 4020 1865 4072 in
1894 4018 2095 4089 Spiritu

513 4118 713 4163 sancto.
755 4105 859 4161 Sed
905 4107 1185 4161 videamus
1215 4122 1384 4175 quare
1421 4108 1644 4171 dixerit,
1683 4108 1948 4160 veritatem
1977 4107 2093 4159 dico

476 4208 479 4211 λ
513 4200 569 4251 in
597 4197 805 4252 Christo
825 4236 841 4263 ,
871 4197 1025 4268 quasi
1069 4198 1361 4252 ostendens
1389 4212 1511 4252 esse
1550 4197 1780 4266 aliquam
1812 4196 2095 4250 veritatem

515 4307 634 4361 quae
657 4288 765 4344 non
797 4290 867 4345 sit
900 4290 955 4343 in
989 4288 1222 4344 Christo.
1247 4290 1317 4344 Et
1338 4290 1458 4343 vide
1488 4290 1532 4345 si
1562 4290 1828 4360 possimus
1856 4289 1950 4342 tali
1977 4290 2095 4357 qui-

516 4372 635 4460 dem
670 4381 827 4435 modo
862 4379 1141 4437 veritatem
1169 4394 1289 4449 quas
1314 4381 1366 4433 in
1402 4380 1617 4436 Christo
1643 4386 1756 4443 est,
1788 4380 1857 4432 ab
1884 4393 1946 4431 ea
1974 4392 2095 4446 qua:
2140 4416 2141 4419 η

516 4487 621 4527 non
640 4480 723 4526 est
742 4472 794 4525 in
810 4468 1024 4525 Christo
1043 4470 1371 4540 distinguere
1395 4485 1409 4522 :
1430 4471 1556 4538 quia
1578 4478 1632 4523 et
1652 4462 1778 4523 alibi
1801 4469 1941 4522 idem
1958 4467 2096 4547 Pau-

516 4562 598 4616 lus
626 4562 757 4616 dicit
783 4578 796 4614 :
828 4559 923 4614 Est
950 4560 1138 4613 veritas
1160 4558 1357 4613 Christi
1378 4559 1433 4611 in
1464 4575 1580 4623 me,
1601 4559 1725 4628 quia
1752 4574 1855 4613 non
1872 4556 2095 4610 mentior

517 4650 603 4722 (II
630 4649 750 4715 Cor.
783 4650 883 4721 ιι).
914 4648 1125 4703 Veritas
1154 4664 1283 4718 ergo
1320 4649 1525 4702 Christi
1556 4662 1673 4701 esse
1714 4645 1985 4709 credenda
2011 4652 2097 4699 est

515 4740 609 4804 ibi,
649 4740 740 4793 uhi
789 4747 845 4792 et
892 4738 1111 4807 reliquie
1153 4738 1382 4791 virtutes
1422 4753 1541 4806 quae
1580 4737 1829 4792 Christus
1854 4750 1973 4789 esse
2001 4735 2095 4787 tle-

517 4831 848 4895 scribuntur,
878 4829 934 4883 id
963 4837 1066 4894 est,
1098 4828 1188 4883 ubi
1210 4828 1440 4897 justitia,
1468 4829 1560 4883 ubi
1584 4844 1713 4898 pax,
1744 4829 1831 4883 ubi
1856 4838 1941 4883 est
1966 4840 2089 4880 ver-

515 4921 643 4975 bum
670 4919 786 4983 Dei,
813 4919 889 4973 ibi
909 4928 994 4974 est
1012 4926 1067 4973 et
1097 4920 1295 4973 veritas
1327 4917 1546 4973 Christi.
1584 4918 1678 4971 Est
1703 4926 1882 4970 autem
1903 4931 2093 4970 verum

517 5010 572 5077 et
609 5008 663 5063 in
699 5007 959 5076 injustitia
998 5022 1013 5060 :
1054 5016 1114 5061 ut
1149 5009 1194 5063 si
1236 5009 1384 5063 verbi
1418 5022 1581 5073 causa
1623 5008 1866 5060 dicamus
1894 5006 2091 5059 daemo—

518 5081 669 5177 nium
693 5096 819 5150 illud
845 5095 1121 5175 Pythonis,
1138 5098 1279 5166 quod
1302 5098 1353 5150 in
1374 5098 1597 5152 Actibus
1619 5096 1985 5165 apostolorum
2008 5110 2095 5149 re-

519 5172 691 5256 fertur
720 5188 773 5242 in
802 5186 995 5241 ancilla
1025 5172 1253 5257 quadam
1298 5188 1566 5242 habitasse
1593 5197 1647 5242 et
1681 5187 1943 5242 clamasse
1973 5193 2094 5255 post

522 5279 794 5350 apostolos
816 5280 953 5347 (Act.
976 5279 1112 5349 xv1),
1140 5266 1261 5348 quia
1284 5280 1336 5331 hi
1356 5280 1484 5332 servi
1505 5279 1599 5332 Dei
1623 5280 1811 5347 summi
1834 5288 1977 5342 sunt,
2004 5278 2095 5347 qui

523 5373 835 5428 annuntiant
862 5369 1153 5425 horninibus
1188 5372 1323 5424 viam
1356 5370 1453 5424 De:
1485 5384 1502 5421 :
1542 5379 1659 5423 erat
1697 5371 1897 5424 veritas
1925 5371 1977 5423 in
2010 5371 2096 5425 his

522 5463 753 5527 verbis;
777 5475 967 5515 verum
998 5460 1141 5513 enim
1181 5468 1299 5513 erat
1322 5461 1462 5529 quod
1505 5451 1820 5515 dicebatur:
1848 5459 1951 5514 sed
1986 5476 2093 5514 non

524 5560 644 5606 erat
666 5551 769 5605 ista
792 5550 994 5605 veritas
1028 5549 1083 5603 in
1121 5548 1370 5615 Christo;
1398 5558 1451 5604 et
1487 5559 1773 5620 propterea
1802 5565 2105 5608 conversus.

525 5643 593 5697 ad
615 5657 735 5697 eam
751 5640 948 5696 Paulus
976 5640 1111 5695 dixit
1138 5657 1149 5692 :
1178 5639 1478 5694 Obmutesce
1513 5649 1559 5692 et
1595 5642 1677 5694 eri
1698 5640 1762 5693 ab
1783 5656 1863 5693 ea.
1909 5639 2013 5696 Sed
2042 5648 2098 5695 et

523 5734 654 5791 illud
679 5735 878 5790 veritas
918 5733 1020 5795 fuit
1039 5732 1180 5805 quod
1208 5733 1344 5788 dixit
1376 5733 1645 5802 Caiphas:
1686 5733 1912 5801 Expedit
1952 5733 2096 5792 vobis

2198 3285 2337 3322 mam
2372 3286 2523 3345 suam
2552 3270 2747 3324 salvam
2782 3271 2976 3339 facere,
3022 3275 3197 3340 perdet
3233 3284 3373 3339 eam;
3405 3271 3453 3328 et
3483 3278 3575 3347 qui
3617 3278 3791 3346 perdi-

2196 3359 2328 3411 derit
2365 3376 2501 3423 eam,
2534 3361 2753 3433 inveniet
2782 3377 2895 3414 eam
2926 3362 3075 3432 (Luc.
3117 3364 3215 3435 ix).
3246 3363 3448 3437 μῆρα]
3496 3368 3790 3436 Perspicie—

2198 3465 2317 3503 mus
2346 3452 2589 3506 eamdem
2632 3461 2689 3505 et
2731 3452 2899 3527 Moysi
2927 3462 2983 3506 et
3028 3453 3177 3507 Pauli
3217 3470 3342 3523 erga
3376 3456 3643 3511 creditum
3687 3460 3787 3513 sibi

2198 3558 2415 3613 gregem
2457 3543 2729 3598 allectum.
2765 3543 2957 3599 Pastor
2984 3546 3157 3600 bonus
3184 3549 3421 3602 animam
3452 3564 3606 3603 suam
3642 3551 3793 3619 ponit

2196 3649 2296 3703 pro
2327 3634 2520 3688 ovibus
2550 3630 2968 3691 {mercenarius
2998 3650 3180 3691 autem
3215 3654 3335 3693 cum
3380 3641 3581 3695 viderit
3606 3642 3788 3710 lupum

2200 3724 2524 3788 venientem,
2561 3722 2700 3795 fugit
2722 3726 2844 3795 quia
2875 3743 2981 3781 non
3012 3738 3138 3782 sunt
3180 3729 3298 3797 ejus
3321 3745 3450 3785 oves
3482 3730 3669 3801 (Joan.
3709 3733 3787 3803 ι).

2197 3814 2265 3867 Ει
2311 3811 2415 3869 hoc
2446 3820 2619 3885 ipsum
2662 3828 2745 3870 est
2772 3819 2972 3883 dicere,
3006 3818 3265 3888 Optabam
3311 3824 3593 3877 anathema
3622 3840 3732 3897 esse
3758 3842 3789 3875 a

2198 3904 2428 3969 Christo,
2471 3916 2526 3961 et
2562 3907 2728 3962 deleri
2773 3924 2859 3964 me
2885 3910 2951 3964 de
2987 3897 3123 3967 libro
3150 3927 3312 3979 quem
3356 3913 3647 3982 scripsisti.
3687 3914 3788 3981 Qui

2197 3998 2340 4052 enim
2368 3998 2614 4051 delentur
2641 3999 2709 4052 de
2736 3999 2870 4055 libro
2895 4001 3211 4067 viventium,
3238 4014 3292 4059 et
3329 4020 3450 4058 cum
3485 4006 3654 4075 jnstis
3682 4021 3786 4060 non

2196 4089 2522 4155 scribuntur,
2541 4092 2825 4146 anathema
2844 4092 2978 4146 fiunt
2999 4110 3027 4147 a
3050 4093 3298 4149 Domino.
3319 4096 3604 4167 Simulque
3624 4115 3786 4154 cerne

2195 4180 2532 4248 Apostolum,
2565 4192 2779 4252 quanta:
2810 4185 3095 4240 charitatis
3136 4187 3188 4240 in
3217 4186 3433 4242 Christo
3458 4190 3551 4251 sit,
3600 4200 3661 4244 ut
3690 4208 3785 4260 pro

2197 4274 2289 4326 illo
2316 4274 2687 4343 eupiat.mori;
2709 4283 2762 4331 et
2788 4276 2933 4332 solus
2963 4279 3171 4346 perire,
3201 4280 3491 4336 dummodo
3517 4300 3683 4338 omne
3732 4287 3781 4338 iu

2197 4363 2287 4417 illo
2327 4366 2512 4426 credat
2560 4366 2835 4421 hominum
2873 4384 3061 4438 genus.
3112 4370 3297 4436 retire
3345 4381 3528 4426 autem
3582 4378 3779 4428 nonin

2198 4464 2536 4523 perpetuum,
2570 4458 2662 4510 sed
2688 4458 2740 4509 in
2763 4460 3169 4526 prtesentiarum
3198 4480 3210 4513 :
3238 4463 3326 4529 qui
3364 4463 3509 4516 enim
3535 4466 3781 4531 perdide-

2120 4533 2172 4592 D
2200 4546 2271 4597 rit
2312 4546 2546 4599 annuam
2594 4562 2748 4601 suam
2776 4563 2886 4619 pro
2932 4550 3167 4615 Christo,
3206 4552 3408 4605 salvam
3458 4568 3580 4608 eam
3626 4555 3777 4610 facit.

2200 4635 2399 4708 (0rig.)
2441 4636 2578 4704 Quid
2609 4653 2738 4709 ergo
2766 4641 2959 4693 mirqu
3002 4641 3043 4695 si
3076 4642 3365 4711 Apostolus
3391 4658 3491 4712 pro
3520 4644 3779 4700 fratribus

2198 4730 2309 4783 suis
2335 4732 2621 4785 anathema
2657 4731 2777 4786 fieri
2818 4732 2977 4801 velit,
3005 4734 3096 4802 qui
3128 4716 3265 4788 sciat
3300 4750 3422 4789 eum
3452 4738 3545 4805 qui
3578 4748 3697 4792 erat
3726 4741 3777 4792 in

2195 4815 2367 4879 forma
2399 4824 2489 4878 Dei
2510 4810 2815 4879 exinanisse
2844 4841 2902 4881 se
2923 4826 2989 4880 de
3012 4841 3098 4889 ea,
3130 4841 3192 4880 ac
3215 4829 3518 4899 suscepisse
3545 4829 3776 4885 formam

2196 4915 2357 4977 servi,
2384 4924 2437 4969 et
2457 4915 2657 4970 factum
2691 4932 2811 4970 esse
2836 4932 2936 4985 pro
2965 4918 3119 4971 nobis
3138 4919 3515 4975 maledictum.
3546 4922 3614 4975 Et
3650 4924 3773 4992 quid

2202 5006 2420 5069 mirum,
2447 5007 2489 5060 si
2531 5023 2655 5061 cum
2694 5008 2951 5061 Dominus
2978 5023 3075 5075 pro
3114 5008 3285 5063 servis
3328 5011 3679 5065 maledictqu
3706 5016 3780 5065 fa-

2201 5106 2317 5151 ctus
2354 5100 2442 5165 sit,
2493 5116 2683 5154 servus
2724 5115 2823 5169 pro
2876 5099 3133 5154 fratribus
3171 5101 3457 5155 anathema
3504 5102 3642 5156 ﬁat?
3666 5104 3775 5159 Hoc

2202 5199 2379 5243 autem
2397 5192 2631 5245 arbitror
2652 5193 2793 5260 quod
2815 5201 2868 5245 et
2894 5184 3121 5261 Moyses,
3155 5206 3277 5245 cum
3292 5202 3575 5262 peccasset
3608 5210 3777 5264 popa-

2201 5278 2303 5343 lus,
2335 5279 2546 5333 dicebat
2579 5282 2645 5335 ad
2684 5281 2968 5339 Dominum
3002 5297 3014 5332 :
3042 5278 3112 5332 Et
3154 5297 3292 5334 nunc
3328 5282 3541 5351 quidem
3572 5288 3776 5349 remitte

2200 5369 2274 5421 eis
2296 5379 2596 5436 peccatum;
2635 5371 2715 5423 sin
2743 5380 2938 5434 autem,
2974 5370 3085 5425 dele
3112 5387 3192 5425 me
3220 5374 3283 5425 de
3304 5372 3438 5427 fibra
3466 5375 3585 5429 vita:
3621 5392 3772 5444 quem

2198 5460 2447 5530 scripsisti
2475 5459 2670 5532 (Exod.
2703 5460 2896 5531 χχχιι).
2940 5461 3076 5528 Quid
3113 5463 3275 5531 ergo?
3320 5462 3641 5518 inferiorem
3692 5466 3776 5520 vis

2199 5548 2381 5619 Moyse
2404 5549 2624 5603 Paulqu
2649 5549 2853 5603 videri?
2876 5549 2965 5603 ille
2986 5565 3042 5605 se
3060 5551 3223 5605 deleri
3250 5553 3383 5621 petit
3404 5553 3470 5606 de
3488 5552 3628 5608 libro
3653 5555 3775 5610 vim

2198 5657 2295 5712 pro
2313 5641 2572 5696 fratribus
2594 5641 2706 5695 suis
2728 5658 2740 5693 :
2757 5640 2954 5697 Paulus
2968 5657 3072 5697 non
3095 5642 3251 5697 debet
3267 5652 3463 5711 optare
3479 5646 3776 5700 anathema

2199 5749 2318 5791 esse
2358 5749 2458 5804 pro
2497 5734 2753 5790 fratribus
2792 5735 2946 5790 suis?
2977 5734 3082 5790 Sed
3118 5734 3357 5790 fortasse
3375 5735 3523 5791 dicat
3551 5736 3772 5807 aliquis,
