3948 6362
239 441 373 498 1481

763 432 1315 493 ENARRATIONUM
1349 430 1416 487 lN
1454 428 1602 486 EPP.
1639 427 1848 487 PAULI
1883 426 2013 484 Lb}.
2053 424 2119 481 γ.
2156 453 2229 467 -
2264 421 2335 479 ΙΝ
2368 421 2587 479 EPIST.
2628 422 2721 477 AD
2757 420 2923 477 ROM.

3360 419 3503 479 M82

238 558 379 628 quod
409 554 619 624 Moyses
646 552 750 607 hoc
770 551 1003 607 oﬂ‘erens
1022 548 1249 604 salutem
1278 545 1457 617 populi
1479 544 1681 599 meruit
1714 543 1813 597 im-
1839 542 1895 602 Α
1917 546 1973 594 et
1992 536 2367 628 promissionis
2387 537 2639 628 meritum
2663 534 3031 628 perdiderunt,
3056 529 3268 628 pejores
3292 531 3506 628 gentili-

237 658 455 719 petrare
479 662 492 711 ;
528 644 726 700 Paulus
749 658 881 698 vero
918 650 1069 712 Optat
1096 640 1336 710 quidem,
1361 639 1453 693 sed
1481 653 1588 692 non
1610 643 1693 692 est
1718 650 1817 689 au-

239 738 402 792 ditus.
435 735 573 804 Quid
599 736 644 790 si
672 734 953 791 ostendam
980 732 1078 787 tibi
1110 732 1283 803 magis
1314 729 1537 784 Paulum
1576 728 1819 783 auditum

250 842 356 882 esse
383 843 547 897 quam
572 826 844 896 Moysem?
863 823 1062 880 Omnes
1089 824 1233 877 enim
1257 820 1331 876 illi
1353 822 1444 890 qui
1478 836 1573 888 per
1599 818 1818 890 Moysen

240 918 506 983 exierant,
538 918 604 973 de
628 915 881 985 Egypto,
910 912 1221 968 ceciderunt
1254 912 1307 965 in
1336 909 1571 965 deserto.
1610 906 1819 963 Posteri

237 1024 365 1063 vero
405 1022 594 1062 eorum
638 1006 731 1076 qui
760 1015 959 1059 terram
999 1002 1436 1072 repromissionis
1474 1007 1818 1069 acceperunt,

238 1096 401 1151 etiam
422 1110 567 1150 nunc
590 1102 852 1165 vagantur
871 1094 939 1148 ab
964 1108 1027 1147 ea
1048 1092 1263 1148 exsules
1298 1098 1353 1146 et
1383 1098 1648 1144 extorres.
1676 1087 1819 1142 Pau-

238 1185 322 1241 lus
346 1200 477 1241 vero
512 1185 639 1239 audi
667 1184 797 1253 quid
823 1183 968 1237 dicat
994 1183 1059 1235 de
1087 1181 1250 1236 Israel
1280 1180 1461 1235 :ANolo
1489 1198 1598 1246 vos,
1625 1178 1816 1249 inquit,

239 1278 501 1348 ignorare,
556 1274 767 1342 fratres,
812 1272 1115 1344 mysterium
1158 1271 1273 1337 hoc,
1329 1272 1453 1341 quia
1510 1272 1719 1326 ctecitas
1760 1284 1824 1323 ea:

236 1376 386 1436 parte
405 1367 461 1417 in
489 1362 660 1417 Israel
681 1365 915 1434 contigit,
950 1365 1113 1419 donec
1142 1364 1408 1434 plenitudo
1438 1366 1668 1435 gentium
1695 1364 1821 1418 sub-

237 1458 483 1521 intraret,
516 1464 563 1509 et
596 1456 671 1510 sic
698 1460 867 1511 omnis
909 1456 1080 1511 Israel
1115 1456 1291 1511 salvus
1333 1457 1478 1524 ﬁeret
1510 1452 1687 1527 (Rom.
1720 1456 1821 1526 ιι).

237 1546 401 1603 Vides
435 1562 583 1617 ergo.
622 1547 746 1616 quia
783 1548 1068 1603 exauditus
1117 1556 1200 1602 est
1232 1547 1452 1612 Paulus,
1498 1555 1552 1601 et
1592 1547 1716 1616 quia
1767 1562 1826 1600 se

238 1639 436 1693 obtulit
472 1641 761 1693 anathema
787 1653 926 1703 esse,
972 1640 1200 1694 salutem
1232 1639 1433 1694 meruit
1460 1637 1741 1701 fratribus,
1770 1645 1826 1691 et

240 1729 359 1784 ideo
383 1729 515 1783 mihi
562 1729 769 1784 videtur
794 1729 885 1783 illa
915 1730 1100 1785 omnia
1141 1730 1490 1799 praemisisse,
1515 1729 1658 1798 quod
1680 1728 1825 1783 nulla

241 1817 289 1871 vi
323 1819 495 1887 possit
539 1833 569 1871 a
600 1819 693 1873 Dei
729 1819 996 1873 charitate
1024 1819 1223 1885 divelli,
1261 1829 1317 1874 ut
1349 1835 1472 1874 cum
1520 1834 1579 1875 se
1607 1818 1826 1874 offerret

1920 630 2023 685 bus
2052 626 2203 691 facti,
2230 640 2365 695 quos
2384 627 2555 695 prius,
2585 626 2711 695 quia
2744 624 2859 680 sine
2898 623 3008 677 Deo
3036 630 3192 677 erant
3221 623 3501 677 abomina-

1919 721 2137 776 bantur.
2168 718 2499 787 Propensius
2520 718 2664 772 enim
2692 716 2893 773 malum
2926 728 3010 772 est
3037 716 3353 787 dignitatem
3382 732 3504 788 perv

1922 810 2142 876 didisse,
2165 823 2328 879 quam
2357 821 2465 862 non
2513 808 2787 862 habuisse.
2827 803 3025 877 (0rig.)
3072 806 3225 873 Quod
3254 808 3399 861 enim
3430 806 3508 861 ait

1921 892 2089 972 gloria
2110 910 2159 955 et
2186 907 2571 964 testamentum,
2602 897 2669 952 de
2695 894 2864 967 gloria
2902 897 3025 951 latae
3053 896 3187 967 legis
3226 911 3367 965 saepe
3393 896 3507 965 jam

1923 991 2128 1046 dictum
2155 999 2259 1056 est,
2303 989 2445 1046 sicut
2468 996 2524 1044 et
2574 988 2689 1058 ipse
2733 987 3021 1057 Apostolus
3063 987 3234 1042 dicit:
3264 986 3325 1041 Si
3369 987 3509 1040 enim

1921 1081 2061 1153 quod
2088 1089 2372 1136 evacuatur
2392 1096 2485 1151 per
2511 1078 2734 1150 gloriam
2760 1086 2858 1144 est,
2884 1077 2987 1132 hoc
3014 1086 3098 1132 est
3129 1078 3294 1132 Vetus
3322 1077 3512 1144 Testa-

1922 1180 2162 1227 mentum
2196 1212 2209 1234 ,
2271 1170 2435 1224 multo
2487 1171 2655 1239 magis
2701 1168 2841 1240 quod
2887 1177 3059 1222 manet
3117 1169 3173 1222 in
3212 1164 3381 1238 gloria
3434 1173 3515 1223 est

1924 1264 2009 1336 (II
2040 1262 2163 1318 Cor.
2192 1260 2300 1333 ιιι),
2328 1262 2605 1334 Evangelii
2636 1260 2843 1315 scilicet
2870 1259 3208 1330 praedicatio,
3244 1258 3337 1313 sed
3367 1258 3513 1328 quod

1925 1356 2055 1411 dicit
2093 1364 2458 1409 testamentum
2484 1362 2531 1407 et
2576 1351 2832 1422 legislatio
2875 1367 3042 1405 unum
3068 1350 3301 1405 fortasse
3334 1350 3516 1405 dicere

1925 1447 2191 1502 videatur.
2234 1444 2345 1499 Lex
2378 1445 2522 1501 enim
2552 1458 2675 1513 qua:
2700 1442 2807 1497 lata
2830 1452 2915 1497 est
2945 1443 3119 1511 ipsam
3162 1445 3326 1496 etiam
3350 1452 3517 1497 testa-

1928 1546 2167 1613 mentum
2197 1536 2447 1606 appellat.
2498 1535 2604 1591 Sed
2642 1550 2741 1603 ego
2789 1535 2928 1589 hanc
2969 1548 3091 1589 esse
3116 1533 3518 1589 distinctionem

1926 1641 2075 1701 puto,
2098 1629 2239 1700 quod
2262 1629 2526 1699 legislatio
2546 1628 2762 1697 quidem
2783 1641 2888 1680 una
2916 1624 3102 1691 fuerit,
3132 1635 3188 1681 et
3213 1625 3377 1681 semel
3417 1627 3516 1681 ha-

1925 1724 2036 1779 bita
2064 1738 2163 1794 per
2208 1722 2485 1793 Moysem;
2520 1728 2839 1776 testamenta
2888 1732 3015 1773 vero
3060 1718 3374 1788 frequenter
3403 1728 3518 1774 sta—

1927 1824 2042 1869 tuta
2103 1822 2229 1869 sunt
2274 1813 2532 1883 :quoties
2606 1811 2751 1866 enim
2809 1818 3173 1879 peccaverunt
3216 1817 3272 1863 et
3322 1806 3521 1876 abjecti

239 1909 526 1963 anathema
566 1923 662 1976 pro
694 1907 952 1963 fratribus
977 1909 1110 1973 suis,
1138 1924 1245 1962 non
1270 1908 1482 1977 lapsum
1506 1908 1623 1976 ejus
1652 1908 1825 1978 possi-
1852 1893 1901 1953 Β
1928 1914 2075 1973 sunt,
2127 1906 2287 1961 toties
2332 1901 2661 1959 exhaeredati
2701 1901 2975 1965 videntur,
3013 1908 3068 1955 et
3113 1915 3353 1965 rursum,
3388 1914 3523 1968 quo-

237 1997 400 2052 bilem
423 1998 657 2067 judices,
683 1999 777 2052 sed
801 1998 941 2053 sicut
959 1997 1069 2062 ille,
1094 1998 1184 2066 qui
1217 1998 1593 2067 inseparabilis
1614 2015 1645 2053 a
1671 2007 1825 2068 patre

235 2098 321 2144 est
345 2104 443 2159 per
470 2099 742 2155 naturam,
774 2098 827 2144 et
865 2090 1185 2144 immortalis
1219 2090 1270 2143 in
1317 2100 1545 2144 mortem
1575 2091 1743 2155 venit,
1770 2098 1825 2145 et

236 2177 293 2232 in
330 2177 601 2233 infernum
648 2178 942 2242 descendit,
994 2178 1069 2231 ita
1117 2186 1172 2232 et
1221 2178 1321 2233 iste
1360 2179 1622 2233 imitando
1654 2178 1825 2248 magi-

234 2275 431 2331 strum,
469 2284 591 2322 cum
624 2267 865 2337 separari
900 2283 929 2320 a
959 2266 1161 2321 Christi
1192 2267 1458 2322 charitate
1497 2282 1603 2322 non
1632 2266 1825 2336 possit,

237 2374 271 2413 ιι
302 2358 519 2413 Christo
553 2359 843 2411 anathema
874 2358 967 2410 fiat
995 2373 1093 2426 pro
1120 2357 1377 2413 fratribus
1403 2360 1515 2413 suis
1542 2358 1825 2413 devotione

236 2450 448 2518 utique,
489 2463 595 2501 ιιοιι
638 2447 1104 2515 praevaricatione.
1134 2446 1358 2517 (Ambr.)
1402 2448 1666 2514 Quoniam
1696 2463 1825 2517 ergo

237 2538 489 2607 superius
528 2543 717 2591 contra
757 2534 970 2590 Judaaos
1012 2534 1159 2604 loqui
1209 2536 1440 2600 videtur,
1477 2538 1568 2605 qui
1600 2552 1683 2591 ex.
1708 2535 1827 2604 lege

230 2629 523 2701 justiﬁcari
559 2646 617 2682 se
648 2636 861 2698 putant,
908 2643 1050 2681 nunc
1078 2636 1138 2680 ut
1166 2637 1353 2681 votum
1396 2642 1551 2681 suum
1593 2635 1649 2681 et
1692 2625 1825 2681 alie—

234 2730 383 2778 ctum
419 2721 563 2775 circa
607 2735 700 2775 eos
741 2720 1007 2784 ostendat,
1048 2726 1184 2774 teste
1228 2719 1559 2773 conscientia
1603 2734 1720 2783 sua,
1772 2719 1827 2772 in

233 2811 457 2867 Christo
492 2811 620 2865 Jesu
667 2820 721 2864 et
763 2811 815 2864 in
854 2810 1057 2879 Spiritu
1089 2819 1277 2864 sancto
1305 2809 1437 2864 dicit
1465 2826 1523 2865 se
1570 2810 1736 2879 loqui,
1769 2795 1831 2865 υἷ

234 2918 347 2958 ιιοιι
395 2903 537 2972 velut
572 2902 790 2955 inimico
834 2900 1047 2954 illorum
1087 2901 1217 2956 lides
1252 2901 1439 2955 haberi
1491 2916 1595 2955 non
1628 2902 1823 2969 possit.

238 2996 368 3050 ldeo
395 2993 671 3048 Christum
700 3004 753 3047 et.
783 2993 1043 3062 Spiritum
1086 3001 1333 3047 sanctum
1360 3008 1498 3063 quos
1527 2994 1662 3047 nihil
1698 2980 1853 3047 latet—

238 3091 409 3139 testes
451 3084 563 3149 dat,
602 3093 657 3136 et
701 3098 931 3151 quorum
973 3084 1339 3137 testimonium
1398 3084 1676 3153 reprobari
1719 3100 1827 3139 non

233 3184 435 3246 potest,
468 3174 662 3244 quisic
689 3174 975 3243 perhibent
1020 3176 1385 3228 testimonium
1408 3175 1665 3243 Apostolo
1701 3176 1825 3229 dum

232 3241 620 3320 commendant
638 3241 761 3318 eum
776 3266 976 3318 virtute
989 3266 1286 3335 signorum,
1304 3280 1423 3333 quae
1445 3241 1715 3320 faciebant
1732 3280 1829 3335 per
1857 3241 1902 3302 (ἶ

236 3355 409 3411 illum.
440 3355 575 3421 Quia
616 3356 759 3410 enim
787 3364 894 3409 tam
937 3371 1191 3425 magnum
1224 3356 1534 3425 praesidium
1561 3364 1645 3411 est
1672 3356 1829 3410 Chri-

236 3446 335 3512 sti,
358 3457 413 3501 et
453 3447 782 3516 praecipuam
810 3448 1131 3501 charitatem
1160 3461 1286 3517 erga
1329 3463 1498 3518 genus
1528 3449 1828 3501 humanum

234 3537 497 3601 oetendit,
523 3546 579 3591 et
619 3536 926 3607 dignatione
977 3535 1094 3604 ejus
1139 3537 1373 3606 gloriosa
1422 3547 1476 3590 et
1507 3536 1829 3590 immortalia

234 3629 463 3702 praemia
485 3629 770 3698 promissa,
789 3644 853 3683 ac
879 3643 978 3699 per
1006 3629 1109 3683 hoc
1134 3629 1277 3683 dolet
1302 3644 1469 3697 genus
1492 3643 1668 3691 suum,
1687 3627 1831 3697 quod

242 3730 327 3775 est
350 3719 646 3773 secundum
674 3711 916 3783 carnem,
942 3719 1070 3788 quia
1096 3719 1472 3773 incredulitate
1494 3735 1590 3774 sua
1616 3720 1718 3774 hoc
1738 3734 1832 3788 pe-

240 3811 399 3866 renni
442 3819 497 3865 et
536 3810 760 3864 salutari
791 3812 1053 3866 benelicio
1079 3826 1136 3866 se
1166 3811 1467 3879 privarunt.
1504 3812 1646 3883 Ergo
1673 3822 1829 3881 opta-

237 3901 367 3957 bam
392 3900 488 3967 ait,
522 3916 627 3955 non
655 3910 804 3969 opto,
836 3901 961 3969 quia
992 3901 1095 3954 scit
1133 3902 1249 3954 fieri
1290 3916 1395 3954 non
1420 3916 1600 3971 posse,
1631 3892 1690 3957 ut
1720 3912 1831 3959 tam

240 3993 531 4048 honestum
564 3994 863 4046 membrum
893 3992 1040 4045 nullo
1078 3994 1413 4060 praecedente
1457 3995 1589 4048 vitio
1617 3996 1831 4051 abscin-

243 4085 465 4141 deretur
495 4102 523 4137 a
560 4099 785 4154 corpore
814 4083 1140 4138 Christiano.
1169 4078 1434 4138 Aﬁ'ectum
1466 4094 1644 4142 tamen
1675 4095 1729 4140 et
1753 4088 1835 4141 di-

242 4176 531 4231 lectionem
576 4177 718 4231 circa
761 4190 932 4245 genus
962 4192 1115 4229 suum
1162 4177 1413 4231 ostendit.
1448 4164 1648 4248 (~0rig.)
1680 4178 1833 4244 Quod

245 4277 427 4322 autem
463 4268 678 4336 cognati
712 4267 1004 4321 secundum
1043 4283 1263 4322 carnem
1288 4267 1399 4321 sint
1426 4268 1593 4323 Paulo
1618 4268 1836 4323 Israeli-

245 4368 336 4423 ιω,
368 4359 706 4426 expositione
740 4373 843 4411 non
872 4356 1090 4428 indiget.

320 4448 557 4513 Quorum
587 4448 797 4517 adaptio
833 4458 908 4502 est
933 4447 1186 4516 ﬁliorum.
1226 4449 1480 4519 Adoptati
1526 4446 1669 4506 enim
1710 4462 1836 4507 sunt

246 4542 340 4594 filii
364 4540 525 4594 Israel
555 4555 585 4592 a
610 4540 719 4593 Deo
745 4548 919 4604 tunc,t
940 4555 1062 4594 cum
1084 4541 1345 4595 divideret
1366 4542 1623 4598 Excelsus
1647 4552 1834 4613 gentes

243 4642 298 4687 et
327 4633 660 4702 dispergeret
690 4631 827 4685 filios
865 4630 1034 4684 Adam
1077 4634 1373 4687 secundum
1406 4649 1689 4687 numerum
1724 4634 1835 4688 An-

247 4723 511 4793 gelorum,
539 4732 593 4776 et
628 4722 767 4776 facta
792 4732 874 4776 est
903 4724 1078 4791 portio
1104 4725 1311 4778 Domini
1342 4725 1531 4790 Jacob,
1561 4724 1831 4781 funiculus

248 4814 584 4869 htereditatis
612 4812 729 4880 ejus
762 4813 943 4867 Israel.
984 4833 1000 4863 ι
1032 4814 1136 4867 lsta
1168 4825 1251 4868 est
1296 4830 1423 4884 ergo
1458 4816 1673 4885 adoptio
1704 4817 1835 4871 ﬁlio-

249 4919 392 4959 rum.
421 4902 646 4973 (Αιηὸν.)
688 4902 839 4957 Juste
864 4904 1008 4957 enim
1040 4904 1222 4959 dolere
1266 4920 1323 4959 se
1364 4908 1580 4975 probat,
1621 4908 1833 4974 quando

251 4994 509 5066 praedicat
536 4994 746 5048 laudem
788 4995 999 5064 generis
1024 5010 1233 5059 eorum,
1262 4996 1386 5064 quia
1415 4996 1539 5049 olim
1582 4996 1673 5051 lilii
1708 4999 1835 5052 ado-

253 5082 673 5155 ptati,all‘eetum
689 5094 740 5137 et
760 5083 990 5153 gratiam
1013 5084 1104 5137 Dei
1131 5086 1298 5152 patris
1320 5086 1371 5139 in
1395 5086 1606 5140 irritum
1636 5088 1839 5143 habue-

256 5183 415 5239 runt;
443 5173 853 5241 adjecitadhuc,
893 5184 949 5226 ut
972 5181 1026 5226 et
1051 5174 1184 5229 alios
1214 5176 1394 5233 dolere
1429 5194 1527 5246 pro
1558 5178 1641 5233 bis
1678 5179 1840 5233 faciat

257 5265 477 5321 dicens:
509 5264 573 5317 Et
602 5263 769 5335 gloria
803 5274 850 5316 et
873 5274 1235 5319 testamentum
1268 5278 1313 5319 et
1360 5269 1640 5338 legislatio,
1672 5280 1719 5323 et
1746 5272 1838 5324 ob-

256 5357 489 5425 sequium
532 5365 580 5408 et
625 5356 901 5424 promissa,
952 5371 1173 5424 quarunt
1223 5368 1417 5425 patres,
1464 5368 1510 5411 et
1559 5376 1622 5412 ex
1653 5362 1839 5430 quibus

259 5442 496 5498 Christus
524 5443 807 5497 secundum
834 5458 1061 5505 carnem,
1085 5445 1173 5520 qui
1202 5455 1275 5498 est
1305 5463 1459 5515 super
1489 5449 1662 5501 omnia
1700 5449 1841 5504 Deus

262 5533 555 5587 benedictus
585 5534 638 5585 in
669 5530 886 5586 swcula.
924 5530 1107 5585 Amen.
1142 5533 1314 5589 Tanta
1354 5538 1622 5605 praeconia
1651 5538 1845 5609 nobili-

265 5625 411 5688 tatis,
451 5631 507 5677 et
549 5624 828 5693 dignitatis
852 5624 1065 5694 generis
1101 5624 1410 5681 Judmorum
1449 5638 1504 5683 et
1530 5632 1845 5700 promissio-

265 5731 392 5770 num
418 5725 720 5779 enumerat,
753 5726 811 5768 ut
840 5717 1091 5769 omnibus
1112 5732 1209 5785 pro
1230 5720 1313 5773 his
1334 5720 1572 5775 dolorem
1599 5723 1842 5790 incutiat,

265 5808 511 5876 quianon
529 5805 835 5874 recipiendo
849 5806 1194 5875 salvatorem,
1207 5811 1617 5881 praerogativam
1630 5822 1843 5885 patrum

615 5896 887 5960 Ρηιιοι.
939 5897 1100 5961 CXI.

1863 4585 1912 4643 D

1928 1998 2031 2052 ties
2074 1996 2458 2065 repropitiatus
2489 1994 2631 2047 Deus
2661 1991 2939 2047 revocavit
2980 2006 3095 2057 eos,
3124 2000 3179 2046 et
3206 1992 3259 2047 in
3289 1989 3521 2045 haeredi-

1927 2096 2098 2142 tatem
2124 2102 2235 2142 sum
2271 2086 2626 2157 possessionis
2665 2084 2908 2147 adduxit,
2942 2084 3101 2137 toties
3135 2068 3415 2153 reparasse
3445 2090 3523 2135 te-

1928 2188 2223 2243 stamenta,
2250 2189 2305 2233 et
2350 2177 2591 2231 hacredes
2622 2190 2716 2231 eos
2760 2176 3045 2243 scripsisse
3077 2175 3378 2229 credendus
3417 2182 3520 2229 est.

1929 2271 1999 2326 Et
2025 2271 2327 2341 obsequium
2370 2278 2416 2324 et
2444 2269 2833 2339 promissiones,
2861 2266 3182 2335 obsequium
3210 2266 3521 2321 sacerdota-

1929 2363 2000 2417 lia
2047 2364 2179 2418 dicit
2224 2361 2420 2426 oiﬁcia,
2470 2361 2859 2431 promissiones,
2911 2375 3031 2429 qua:
3076 2361 3321 2446 patribus
3367 2360 3527 2416 facta!

1930 2461 2091 2521 sunt,_
2106 2462 2161 2507 et
2196 2462 2482 2527 sperantur
2522 2452 2711 2506 dandae
2750 2451 2834 2505 his
2880 2451 2973 2522 qui
3007 2466 3105 2521 per
3130 2451 3291 2507 iidem
3323 2450 3417 2527 lilii
3446 2450 3530 2507 di—

1930 2552 2128 2598 cuntur
2194 2524 2446 2599 Abrahae.
2512 2540 2732 2596 Certum
2788 2549 2872 2597 est
2933 2550 3109 2597 tamen
3168 2544 3313 2609 quod
3362 2524 3529 2598 etiam

1930 2620 2229 2691 secundum
2274 2648 2497 2688 carnem
2533 2647 2601 2687 ex
2631 2632 2747 2701 ipso
2777 2647 2996 2703 genere,
3039 2634 3144 2688 hoc
3174 2643 3278 2698 est,
3314 2634 3532 2689 Israeli-

1930 2729 2059 2793 tico,
2093 2726 2293 2781 fuerint
2320 2741 2427 2779 non
2453 2724 2626 2780 solum
2654 2733 2854 2793 patres,
2896 2726 2990 2781 sed
3014 2735 3069 2780 et
3090 2725 3356 2790 Christus,
3390 2727 3534 2781 sicut

1931 2826 1983 2872 et
2013 2837 2029 2867 ι
2068 2816 2339 2885 Propheta
2370 2816 2538 2880 dicit,
2564 2830 2645 2869 va:
2682 2814 2815 2877 illis,
2847 2816 2971 2891 quia
2999 2831 3128 2870 caro
3156 2830 3274 2870 mea
3301 2832 3367 2870 ex
3400 2817 3531 2887 ipsis

1932 2920 2032 2964 cst.
2069 2930 2086 2961 ›
2118 2910 2228 2964 Cur
2268 2916 2447 2962 autem
2489 2924 2564 2961 va:
2592 2906 2739 2961 illis?
2778 2907 2904 2976 quia
2938 2916 3098 2962 natus
3132 2919 3215 2962 est
3242 2906 3398 2962 Jesus
3426 2892 3531 2961 «in

1931 2999 2141 3052 ruinam
2177 3006 2230 3051 et
2260 2996 2713 3051 resurrectionem
2766 2995 3061 3049 multorum
3111 2995 3265 3065 (Luc.
3299 2996 3383 3065 ιι),
3422 3016 3440 3046 »
3477 3006 3533 3051 et

1932 3090 2056 3156 quia
2088 3089 2155 3141 ab
2194 3086 2299 3141 illis
2344 3101 2572 3156 quorum
2600 3100 2727 3139 caro
2767 3095 2904 3148 erat,
2935 3087 3247 3153 repudiatus
3276 3096 3377 3151 est,
3405 3096 3461 3142 et
3500 3102 3532 3141 a

1934 3178 2183 3248 gentibus
2226 3193 2255 3230 a
2289 3176 2485 3246 quibus
2521 3174 2879 3245 ignorabatur
2920 3186 3206 3246 susceptus
3243 3187 3349 3242 est,
3391 3179 3534 3233 sicut

1933 3278 1989 3323 et
2017 3286 2114 3339 per
2160 3269 2331 3323 David
2380 3268 2512 3323 dicit
2541 3266 2713 3337 (Psal.
2752 3267 2891 3339 xvu)
2920 3285 2931 3319 ε
2963 3264 3199 3337 Populus
3233 3285 3387 3338 quem
3430 3286 3535 3324 non

1933 3362 2151 3431 cognovi
2176 3360 2381 3415 servivit
2425 3360 2571 3414 mihi.
2607 3358 2788 3430 (Aug.)
2823 3358 2977 3425 Quod
3017 3369 3194 3413 autem
3224 3362 3378 3425 dicit,
3408 3379 3535 3431 quo-

1933 3468 2053 3503 rum
2088 3460 2287 3521 patres,
2313 3460 2362 3504 et
2390 3467 2453 3504 ex
2476 3434 2673 3502 auibus
2704 3447 2948 3503 Christus
2977 3451 3264 3504 secundum
3295 3468 3530 3517 carnem,

1935 3550 1991 3594 et
2037 3538 2256 3608 adjecit,
2286 3540 2377 3609 qui
2420 3548 2496 3592 est
2539 3554 2695 3607 super
2730 3539 2909 3592 omnia
2951 3537 3093 3592 Deus
3138 3539 3437 3594 benedictus
3478 3543 3535 3593 in

1935 3629 2153 3694 saecula,
2193 3629 2506 3698 plenissima
2528 3628 2631 3683 fide
2657 3628 3021 3693 commendat,
3046 3618 3196 3697 quod
3239 3630 3408 3684 Deum
3438 3646 3535 3684 ιιο-

1940 3730 2114 3776 strum
2140 3720 2435 3774 secundum
2473 3718 2872 3787 susceptionem
2916 3720 3122 3784 carnis,
3160 3718 3329 3774 ﬁlium
3357 3720 3535 3775 homi-

1938 3808 2023 3862 nis
2052 3807 2397 3870 conﬁtemur,
2448 3813 2505 3861 et
2542 3806 2837 3859 secundum
2877 3806 3261 3870 aeternitatem,
3304 3814 3356 3860 et
3402 3806 3533 3861 Ver-

1944 3900 2072 3954 bum
2117 3899 2171 3952 in
2201 3898 2487 3967 principio,
2515 3896 2684 3950 Deum
2711 3897 3053 3951 benedictum
3084 3912 3247 3967 super
3272 3912 3461 3952 omnes
3482 3899 3539 3951 in

1940 3992 2161 4047 saecula.
2213 3990 2384 4060 Hujus
2423 3999 2601 4044 autem
2652 3988 3007 4045 confessionis
3063 3990 3233 4045 Judazi
3276 3993 3536 4060 quoniam

1935 4091 2145 4153 partem
2189 4088 2499 4145 tenuerunt,
2522 4079 2843 4134 refelluntur
2876 4095 2906 4133 a
2950 4080 3177 4136 Domino
3205 4101 3217 4135 :
3248 4098 3373 4135 nam
3412 4098 3536 4137 cum

1936 4188 2029 4227 eos
2075 4172 2465 4240 interrogasset
2493 4168 2711 4240 (Matth.
2759 4170 2927 4240 χχιι),
2972 4170 3130 4238 cujus
3172 4170 3339 4226 lilium
3396 4172 3543 4228 dice-

1938 4273 2059 4317 rent
2080 4278 2201 4317 esse
2228 4262 2524 4326 Christum,
2558 4262 2978 4332 responderunt,
3006 4262 3197 4329 David,
3224 4265 3325 4320 hoc
3353 4274 3537 4320 autem

1938 4355 2235 4410 secundum
2266 4368 2487 4409 carnem
2522 4362 2637 4418 est;
2678 4354 2743 4408 de
2780 4354 3061 4408 divinitate
3082 4370 3210 4409 vero
3242 4354 3359 4423 ejus
3392 4356 3539 4427 quod

1938 4446 2081 4501 Deus
2120 4454 2221 4511 est,
2256 4444 2390 4499 nihil
2418 4444 2836 4513 responderunt.
2868 4443 2993 4498 Ideo
3014 4444 3273 4499 Dominus
3300 4446 3376 4498 ait
3405 4448 3533 4513 illis,

1936 4538 2197 4607 quomodo
2225 4554 2344 4607 ergo
2386 4535 2556 4589 David
2584 4536 2637 4586 in
2668 4536 2857 4603 spiritu
2894 4543 3038 4587 vocat
3060 4550 3176 4587 eum
3205 4534 3540 4591 Dominum?

1942 4630 2013 4684 Ut
2049 4628 2409 4698 intelligerent
2444 4626 2545 4678 hoc
2590 4638 2647 4678 se
2678 4623 2959 4679 confessos
3006 4639 3123 4678 esse
3157 4632 3363 4679 tantum
3390 4626 3540 4697 quod

1938 4725 2188 4780 Christus
2218 4732 2300 4777 est
2336 4720 2476 4775 filius
2512 4719 2718 4784 David;
2748 4721 2851 4773 hoc
2882 4728 3061 4773 autem
3106 4720 3360 4782 tacuisse,
3391 4721 3536 4789 quod

1940 4829 2025 4872 est
2065 4815 2315 4870 Christus
2352 4813 2611 4868 Dominus
2650 4812 2820 4881 ipsius
2858 4801 3045 4865 David.
3091 4810 3226 4864 illud
3257 4812 3399 4866 enim
3446 4829 3535 4867 se—

1940 4907 2174 4961 cundum
2199 4904 2598 4972 susceptionem
2626 4904 2826 4964 carnis,
2863 4904 2967 4958 hoc
2996 4902 3292 4974 secundum
3324 4904 3539 4957 aeterni-

1940 5008 2105 5054 tatem
2146 4997 2463 5053 divinitatis.
2514 4980 3008 5065 (Ambr.)'Quando
3054 4996 3199 5049 enim
3244 4994 3388 5049 nulla
3435 5010 3536 5064 pa-

1947 5089 2088 5144 terni
2123 5087 2357 5143 nominis
2394 5085 2453 5139 lit
2495 5085 2716 5148 mentio,
2768 5085 2915 5140 etde
2960 5084 3176 5139 Christo
3222 5100 3403 5139 sermo
3428 5095 3533 5148 est,

1945 5197 2050 5237 non
2082 5188 2263 5252 potest
2302 5177 2506 5234 ditl'erri
2538 5176 2799 5249 [diffiteri]
2854 5193 2921 5233 ne
2960 5178 3100 5232 Deus
3130 5175 3359 5229 dicatur.
3406 5174 3538 5229 Fre-

1944 5282 2173 5346 quenter
2223 5272 2368 5328 enim
2421 5271 2699 5340 Scriptura
2740 5280 2962 5341 propter
2994 5270 3151 5324 unius
3195 5269 3291 5323 Dei
3328 5269 3540 5339 profes-

1945 5366 2150 5419 sionem
2181 5364 2261 5418 sic
2286 5362 2489 5417 de-Deo
2520 5370 2673 5429 patre
2714 5360 2948 5428 loquitur
2975 5373 3028 5415 et
3050 5376 3081 5414 a
3110 5360 3217 5413 tilio
3248 5360 3414 5413 Deum
3441 5375 3536 5427 pa-

1945 5465 2082 5510 trem
2105 5464 2285 5519 vocat,
2322 5460 2374 5507 et
2400 5452 2565 5505 tilium
2598 5453 2802 5505 Deum.-
2836 5449 2893 5504 Si
2920 5452 3042 5520 quis
3079 5459 3257 5504 autem
3287 5464 3394 5502 non
3431 5464 3532 5516 pu-

1948 5558 2023 5603 tat
2061 5548 2127 5601 de
2154 5546 2370 5604 Christo
2407 5544 2630 5607 dictum,
2659 5543 2751 5611 qui
2791 5551 2875 5596 est
2908 5543 3049 5597 Deus
3072 5582 3087 5607 ,
3119 5542 3205 5595 det
3243 5532 3535 5610 personam-

1948 5640 2013 5693 de
2044 5653 2149 5707 qua
2174 5637 2376 5690 dictum
2403 5642 2513 5697 est;
2540 5634 2607 5687 de
2630 5640 2785 5703 patre
2808 5635 2953 5688 enim
2982 5633 3092 5687 Deo
3122 5634 3221 5686 hoc
3250 5633 3367 5685 loco
3392 5647 3540 5685 meu-

1950 5730 2022 5783 tio
2062 5727 2203 5782 facta
2247 5741 2351 5781 non
2383 5733 2495 5787 est;
2529 5726 2621 5779 sed
2666 5725 2795 5793 quid
2835 5724 3037 5779 mirum
3083 5726 3125 5779 si
3176 5724 3227 5775 in
3274 5724 3377 5776 hoc
3418 5722 3539 5777 loco

1949 5820 2225 5876 Christum
2248 5819 2413 5871 Deum
2439 5830 2601 5884 soper
2624 5816 2806 5871 omnia
2836 5826 3027 5886 aperta
3050 5832 3177 5869 voce
3205 5814 3541 5882 loqueretur,

3040 5907 3107 5966 lt'l
