3948 6300
488 341 629 398 1485

1126 335 1187 391 Β.
1228 334 1478 391 RABANI
1515 333 1735 392 MAURI
1773 331 2086 389 ARClllEP.
2121 329 2428 389 MOGUNT.
2470 329 2752 388 OPERUM
2788 330 2967 387 PARS
3003 329 3086 385 Ill.

3596 332 3725 392 1484

482 459 548 513 de
575 470 681 526 quo
708 455 810 509 alia
860 455 913 509 in
951 450 1172 522 epistola
1210 451 1353 506 hunc
1401 465 1617 505 sensum
1667 448 1759 504 tali
1801 461 2048 505 sermone
2074 450 2124 511 Α
2152 445 2271 501 sciit
2301 443 2442 509 Deus
2479 444 2887 516 promissionem
2932 457 3081 497 suam
3112 451 3477 513 suscepturos,
3518 444 3628 499 sive
3660 459 3726 500 ex

480 545 737 614 ﬁrmavit,
765 546 948 599 dicens
971 559 984 596 :
1013 539 1076 595 Ut
1096 543 1152 596 in
1180 543 1383 611 nomine
1404 541 1529 596 Iesu
1553 558 1702 595 omne
1723 557 1853 612 genu
1874 541 2052 608 [lecta-

481 648 588 704 tur,
613 636 914 710 emlestium,
954 633 1276 687 terrestrium
1311 642 1357 702 et
1399 630 1726 701 infernarum
1757 627 1920 702 (Phil.
1966 627 2050 698 ιι).

480 731 606 794 ΙΙωο
627 737 754 786 sunt
769 727 950 798 omnia
976 741 1137 797 super
1157 741 1275 795 quin
1299 725 1440 791 Deus
1466 723 1715 780 Christus
1736 730 1838 778 est.
1871 720 2054 788 Neque

481 821 626 876 enim
688 818 927 889 exceptis
989 817 1075 872 his
1140 824 1265 872 sunt
1323 815 1542 884 aliqua,
1605 812 1678 870 ut'
1723 828 1830 873 non
1892 826 2055 882 super

482 910 662 975 omnia
686 910 828 964 Deus
850 907 1096 966 Christus
1123 909 1215 974 sit,
1245 923 1344 987 nec
1369 895 1547 978 potest
1576 923 1712 978 genu
1741 906 1880 962 ﬂecti
1907 906 2054 963 omni

477 1007 742 1057 creatura:
786 999 890 1054 nisi
939 999 1069 1054 Deo.
1102 999 1342 1068 Denique
1381 999 1618 1054 Joannes
1652 996 1926 1068 apostolus
1970 998 2053 1054 in-

479 1090 642 1155 scius,
690 1106 813 1147 cum
857 1091 1103 1160 angelum
1148 1089 1307 1152 vellet
1345 1104 1524 1153 orare,
1564 1091 1712 1146 audit
1745 1090 1811 1143 ab
1839 1102 1938 1142 eo:
1974 1084 2053 1140 Ne

481 1181 686 1248 feceris,
726 1181 969 1251 quoniam
1002 1196 1275 1246 conservus
1303 1188 1422 1234 tuus
1459 1197 1593 1233 sum.
1635 1179 1819 1244 Deum,
1857 1178 2050 1247 inquit,

478 1269 644 1323 adora
676 1269 860 1341 (Apoc.
886 1286 997 1335 xix,
1027 1268 1188 1338 χχιι),
1220 1284 1320 1324 nec
1352 1269 1609 1333 Dominus
1631 1268 1814 1338 utique
1836 1266 2053 1321 adorari

483 1378 541 1419 se
570 1372 861 1434 pateretur,
894 1364 999 1418 nisi
1028 1364 1152 1433 quia
1177 1363 1317 1417 Deus
1343 1372 1452 1418 est.»
1477 1362 1532 1416 Si
1561 1362 1865 1432 quominus,
1898 1376 2056 1414 usur-

475 1469 634 1524 passe
671 1454 928 1518 dicendus
970 1461 1074 1518 est,
1115 1462 1170 1508 et
1197 1467 1478 1522 peccasse,
1520 1452 1664 1521 quod
1712 1451 1881 1514 absit,
1929 1465 2052 1504 cum

481 1529 596 1615 ipse
628 1544 897 1606 diabolum
940 1545 1242 1614 increpans,
1286 1543 1571 1599 Dominum
1615 1543 1783 1599 Deum
1824 1543 2053 1596 adorau-

475 1637 624 1710 dum,
664 1645 716 1692 et
763 1636 867 1708 ipsi
916 1637 1016 1692 soli
1042 1636 1402 1714 .serviendum
1445 1635 1713 1692 ostendat.
1747 1633 1888 1688 Nihil
1925 1647 2053 1703 ergo

473 1724 853 1794 prtejudicatur
895 1723 1006 1780 Deo
1044 1725 1207 1794 patri,
1250 1740 1369 1795 cum
1422 1725 1678 1779 adoratur
1698 1722 1964 1787 Christus,
1995 1729 2054 1776 ut

2153 535 2366 602 Judreis,
2419 536 2530 591 sive
2574 551 2641 590 ex
2687 536 2953 607 gentibus.
2991 533 3056 587 Hi
3089 533 3229 588 enim
3264 543 3391 601 sunt
3431 534 3576 605 digni
3624 535 3725 592 dici

2153 627 2431 692 Israelita},
2464 627 2515 680 id
2545 635 2648 689 est,
2679 625 2924 679 videntes
2967 624 3155 687 Deum,
3192 622 3283 692 qui
3314 623 3562 698 credunt.
3595 624 3724 680 Nam

2155 717 2220 772 de
2243 715 2390 770 Isaac
2417 715 2601 785 utique
2623 730 2812 770 omnes
2837 714 2890 782 hi
2915 714 3008 786 ﬁlii
3039 721 3164 769 sunt
3190 712 3443 776 Abrahae.
3469 717 3593 782 quia
3616 731 3727 768 om-

2153 806 2236 861 nis
2282 821 2518 878 prepago
2574 806 2783 877 generis
2838 804 3141 875 Judmorum
3191 819 3255 874 er
3303 802 3575 857 Abraham
3639 817 3731 870 per

2152 899 2301 954 Isaac
2339 908 2440 963 est,
2472 915 2534 953 ac
2567 914 2662 968 per
2690 899 2791 953 hoc
2842 897 3030 965 reliqui
3073 895 3166 950 lilii
3217 909 3323 960 non
3362 902 3489 959 sunt
3523 894 3728 948 dicenti

2153 995 2402 1055 Abrahze.
2431 994 2700 1052 Abraham
2742 993 2884 1048 enim
2920 991 3165 1052 credens,
3197 989 3348 1041 Isaac
3381 988 3587 1055 accepit
3609 1002 3728 1055 pro-

2155 1093 2274 1154 pter
2306 1085 2484 1147 fidem,
2521 1082 2646 1151 quia
2684 1080 2912 1134 credidit
2937 1078 3066 1142 Deo,
3098 1077 3149 1131 in
3181 1091 3288 1145 quo
3310 1077 3623 1146 mysterium
3648 1076 3728 1130 fu-

2156 1184 2290 1228 turae
2313 1173 2435 1226 ﬁdei
2460 1173 2792 1242 designatum
2819 1179 2923 1232 est,
2950 1180 3007 1228 ut
3042 1170 3118 1231 illi
3143 1179 3322 1231 essent
3347 1169 3544 1235 fratres
3564 1169 3729 1234 Isaac,

2155 1265 2244 1333 qui
2283 1263 2527 1318 eamdem
2557 1262 2713 1316 ﬁdem
2741 1262 3022 1324 haberent,
3051 1261 3106 1318 in
3132 1276 3237 1329 qua
3264 1259 3415 1315 Isaac
3442 1267 3601 1314 natus
3628 1267 3729 1323 est,

2155 1355 2281 1425 quia
2309 1352 2458 1408 Isaac
2497 1353 2549 1407 in
2585 1363 2708 1423 typo
2746 1352 3040 1408 Salvatoris
3082 1362 3239 1409 natus
3279 1362 3362 1407 est
3394 1367 3460 1406 ex
3508 1351 3733 1421 promis-

2156 1444 2324 1510 sione,
2360 1443 2531 1513 utqui
2565 1443 2853 1498 crediderit
2881 1442 3151 1506 Christum
3185 1443 3366 1499 Jesum
3410 1443 3730 1511 promissum

2158 1550 2276 1589 esse
2296 1535 2545 1600 Abrahae,
2577 1534 2664 1588 hic
2695 1534 2764 1599 sit
2786 1533 2925 1601 ﬁlius
2950 1534 3198 1599 Abrahae,
3228 1534 3398 1590 frater
3418 1549 3549 1590 vero
3566 1533 3730 1589 lsaac.

2161 1626 2372 1680 Dictum
2410 1637 2493 1681 est
2527 1641 2654 1696 ergo
2680 1626 2930 1692 Abralire,
2954 1628 3079 1696 quia
3107 1629 3160 1695 in
3199 1630 3394 1685 sentiae
3416 1640 3506 1683 tuo
3534 1629 3737 1682 benedi-

2155 1727 2339 1770 centur
2372 1733 2547 1769 ontnes
2588 1726 2780 1786 gentes.
2836 1715 2987 1784 Quod
3034 1717 3220 1786 utique
3257 1719 3310 1774 in
3354 1718 3509 1773 Isaac
3542 1718 3738 1772 factum

474 1815 638 1893 Deus,
668 1815 793 1885 quia
833 1829 956 1868 cum
986 1814 1084 1868 soli
1128 1814 1237 1869 Deo
1285 1798 1622 1869 serviendum
1664 1814 1896 1878 dicatur,
1945 1828 2054 1866 ser-
2082 1799 2128 1871 Β
2160 1823 2266 1860 non
2295 1814 2398 1869 est,
2436 1807 2528 1860 sed
2559 1807 2612 1861 in
2644 1822 2726 1870 eo,
2760 1808 2848 1877 qui
2887 1808 2939 1862 in
2966 1807 3113 1863 Isaac
3137 1809 3442 1878 promissus
3463 1821 3552 1864 est
3575 1810 3742 1863 Abra-

473 1907 615 1960 vitur
640 1915 694 1959 et
721 1905 955 1960 Christo.
981 1905 1120 1959 Dicit
1147 1906 1289 1960 enim
1315 1905 1418 1958 alio
1447 1905 1585 1969 loco,
1607 1907 1695 1974 qui
1723 1906 1776 1957 in
1797 1905 1876 1957 liis
1899 1904 2052 1957 servit

474 1995 702 2061 Christo,
729 1994 897 2073 placet
939 1994 1047 2048 Deo
1085 1993 1259 2064 (Rom.
1296 1995 1425 2063 xiv).
1465 1994 1600 2061 Quid
1628 2009 1756 2064 ergo
1786 2002 2050 2064 superest,

473 2088 662 2143 nisiut
701 2087 860 2142 Pater
902 2086 1063 2150 Deus,
1113 2098 1168 2142 et
1193 2083 1362 2142 Filius
1407 2090 1568 2150 Deus,
1603 2097 1657 2142 ct
1704 2089 2054 2142 nihilominus

477 2194 616 2235 unus
664 2177 806 2232 Deus
847 2177 1100 2231 credatur
1146 2179 1413 2246 uterque?
1471 2179 1593 2231 Sive
1638 2179 1780 2232 enim
1838 2177 2053 2232 Patrem

472 2271 592 2339 quis
627 2270 833 2332 adoret,
868 2269 980 2322 sive
1009 2269 1224 2330 Filium,
1255 2285 1415 2321 unum
1449 2272 1614 2323 Demn
1647 2271 1776 2324 dicit
1801 2271 2051 2336 adorare,

469 2369 524 2416 et
553 2360 756 2416 servire
777 2358 945 2425 Patri,
975 2367 1065 2412 aut
1094 2358 1248 2423 Filio,
1281 2361 1368 2414 uni
1390 2361 1496 2428 Deo
1528 2361 1802 2414 servitium
1833 2363 2055 2416 exhibe-

472 2464 576 2508 tur.
603 2451 757 2504 Nulla
782 2451 943 2520 igitur
965 2451 1218 2504 discretio
1247 2458 1351 2516 est,
1378 2452 1501 2520 quia
1529 2451 1619 2521 qui
1647 2454 1836 2506 adorat
1860 2438 2052 2506 Filium

471 2551 590 2598 erat
624 2551 676 2595 ct
710 2541 946 2607 Patrem,»
971 2549 1022 2595 et
1044 2543 1132 2612 qui
1163 2542 1330 2595 servit
1354 2541 1522 2606 Patri,
1551 2543 1715 2596 servit
1741 2542 1893 2606 Filio,
1922 2552 1974 2595 et
1999 2550 2055 2595 ut

472 2633 588 2688 sine
620 2631 926 2685 adulatione
948 2630 1163 2684 dcitatis
1197 2630 1356 2698 hujus
1385 2630 1776 2685 confessionem
1813 2645 1931 2682 esse
1962 2632 2055 2685 do-

468 2730 638 2788 ceret,
667 2723 721 2776 in
743 2721 1086 2776 conclusione
1116 2721 1313 2789 posuit,
1341 2721 1524 2785 Amen,
1570 2723 1668 2774 hoc
1705 2731 1807 2786 est,
1841 2737 2050 2784 verum,

473 2821 532 2866 ut
559 2812 830 2867 Christum
873 2811 1040 2866 Deum
1073 2827 1231 2880 super
1257 2813 1434 2866 omnia
1466 2813 1518 2866 in
1558 2813 1782 2868 veritate
1808 2813 2055 2868 ostende—

474 2911 556 2958 ret
582 2904 919 2958 benedictum
952 2903 1005 2956 in
1037 2902 1247 2959 saecula.

543 2992 664 3044 Non
710 3003 882 3046 autent
911 2992 1048 3062 quod
1088 2993 1337 3045 exciderit
1382 2993 1590 3047 verbum
1634 2993 1748 3058 Dei,
1779 3011 1880 3047 non
1919 2995 2056 3049 enim

467 3099 643 3136 omnes
675 3083 761 3152 qui
784 3099 848 3136 ex.
885 3082 1053 3136 Israel
1082 3083 1135 3135 hi
1169 3093 1288 3134 sunt
1317 3081 1596 3146 Israelita',
1638 3101 1798 3153 neque
1822 3085 1942 3154 quia
1975 3099 2055 3136 se-

2158 1898 2262 1962 hir,
2293 1897 2384 1967 qui
2410 1907 2494 1964 est
2521 1898 2795 1965 Christus,
2821 1900 2872 1952 in
2909 1914 3016 1968 quo
3059 1913 3248 1955 omnes
3293 1910 3484 1970 gentes
3522 1899 3740 1954 benedi-

2162 2000 2354 2054 cuntur
2377 1990 2690 2056 credentes;
2733 1992 2915 2050 cancri
2967 2006 3093 2060 ergo
3118 1990 3288 2058 Judaei
3336 2001 3464 2048 sunt
3500 1992 3595 2046 lilii
3625 2007 3743 2047 car-

2161 2083 2269 2147 nis,
2295 2081 2422 2137 dum
2450 2084 2804 2152 promissione
2847 2085 3145 2153 privamur,
3193 2099 3294 2138 nec
3339 2085 3590 2152 deputari
3625 2099 3744 2152 pos-

2161 2186 2287 2229 sunt
2325 2175 2520 2229 merito
2549 2175 2799 2238 Abrahre,
2828 2177 2917 2244 qui
2971 2175 3128 2230 ﬁdem
3172 2191 3276 2230 non
3322 2185 3626 2245 sequuntur
3652 2190 3744 2244 per

2157 2281 2316 2332 quam
2365 2265 2559 2335 dignus
2581 2266 2787 2320 exstitit
2825 2266 3122 2320 Abraham.
3154 2265 3220 2317 Id
3253 2277 3348 2330 est,
3398 2282 3507 2318 non
3531 2265 3620 2334 qui
3648 2263 3743 2331 ﬁlii

2159 2357 2354 2419 carnis,
2387 2356 2440 2408 Ιιὶ
2474 2366 2593 2408 sunt
2620 2355 2715 2423 ﬁlii
2746 2354 2865 2416 Dei,
2893 2356 2982 2408 sed
3001 2356 3088 2425 qui
3115 2355 3215 2422 ﬁlii
3237 2367 3359 2410 sunt
3381 2354 3741 2425 promissionis

2157 2445 2486 2496 u‘stimantur
2505 2446 2561 2498 in
2581 2445 2793 2498 semine.
2811 2444 3068 2514 Apertum
3089 2455 3189 2504 est.
3206 2446 3332 2515 quia
3378 2461 3489 2499 non
3523 2453 3744 2512 possunt

2158 2534 2260 2587 dici
2284 2535 2375 2588 ﬁlii
2392 2536 2572 2588 carnis
2588 2534 2678 2587 ﬁlii
2703 2536 2794 2588 Dei
2816 2534 2896 2597 ;hi
2922 2535 3062 2588 enim
3089 2551 3155 2589 ex
3176 2536 3616 2604 concupiscentia
3633 2551 3746 2591 car-

2155 2623 2242 2676 nis
2277 2624 2387 2676 nali
2417 2633 2562 2687 sunt,
2605 2624 2689 2678 isti
2728 2639 2858 2681 vero
2883 2639 2948 2679 ex
2977 2625 3078 2678 ﬁde
3108 2625 3423 2696 spiritaliter
3452 2627 3744 2680 secundum

2160 2715 2301 2782 quod
2353 2716 2674 2784 promissum
2722 2725 2806 2770 est
2853 2716 3101 2780 Abrahm,
3152 2723 3211 2768 ut
3258 2716 3312 2769 hi
3351 2716 3746 2769 aestimarentur

2158 2821 2339 2876 semen
2365 2822 2507 2871 esse,
2533 2808 2626 2876 qui
2647 2807 2950 2863 crederent.
2974 2805 3351 2862 Promissionis
3370 2810 3511 2861 enim
3541 2809 3747 2861 verbum

2157 2898 2252 2951 hoc
2283 2908 2379 2964 est,
2409 2900 2694 2953 secundum
2716 2901 2812 2953 hoc
2834 2911 3033 2970 tempus
3065 2902 3282 2966 veniam,
3308 2913 3353 2954 et
3378 2902 3476 2954 erit
3503 2899 3655 2955 Sara:
3679 2902 3747 2968 ﬁ-

2157 2989 2280 3042 lius.
2314 2987 2509 3059 (0rig.)
2544 2989 2831 3058 Proposuit
2869 2989 3158 3059 Apostolus
3174 2990 3425 3060 persequi
3450 2991 3596 3059 quod
3621 2989 3747 3044 licet

2159 3079 2472 3147 repudiatus
2503 3079 2572 3136 sit
2600 3079 2827 3148 populus
2873 3079 3037 3135 Israel
3078 3095 3175 3150 per
3203 3080 3600 3146 inﬁdelitatem,
3642 3097 3745 3136 non

469 3192 587 3229 men
628 3184 745 3228 sunt
772 3173 995 3227 Abraluv
1022 3190 1195 3227 omnes
1230 3173 1348 3240 ﬁlii,
1393 3175 1483 3227 sed
1510 3175 1566 3227 in
1592 3174 1748 3228 Isaac
1789 3174 2054 3228 vocabitur
2080 3147 2125 3210 Ο
2158 3177 2337 3232 tamen
2371 3170 2754 3238 promissiones
2793 3169 2907 3235 Dei,
2939 3185 3059 3238 qum
3101 3185 3227 3241 erga
3262 3186 3357 3226 eos
3388 3171 3591 3225 habitae
3624 3172 3741 3226 fue-

471 3267 563 3318 tibi
589 3281 782 3318 semen.
813 3263 1006 3334 (Orig.)
1043 3263 1304 3330 Quoniam
1336 3279 1497 3332 supra
1525 3265 1755 3330 dixerat,
1789 3265 1930 3333 quod
1959 3280 2054 3334 pro

468 3357 728 3412 fratribus
749 3356 879 3419 suis,
909 3374 926 3405 ι
958 3355 1049 3424 qui
1081 3363 1205 3410 sunt
1239 3355 1450 3426 cognati
1493 3355 1784 3414 secundum
1812 3369 2049 3418 carnem,

470 3450 558 3518 qui
585 3457 711 3502 sunt
733 3446 1004 3510 Israeliue,
1035 3465 1052 3495 ι
1086 3454 1295 3515 Optaret
1319 3446 1479 3500 etiam
1517 3447 1800 3498 anathema
1827 3444 1963 3507 ﬁeri,
1990 3458 2055 3497 eo

469 3537 612 3608 quod
647 3539 883 3606 ipsorum
923 3545 1067 3590 esset
1093 3535 1307 3605 adoptio
1337 3535 1586 3600 ﬁliorum,
1615 3544 1670 3594 et
1708 3533 1970 3603 legislalio
2003 3541 2058 3587 et

467 3630 774 3698 promissio,
819 3628 993 3682 dehis
1039 3644 1178 3693 nunc
1210 3628 1361 3692 dicit,
1401 3627 1527 3696 quia
1571 3626 1788 3680 verbum
1822 3625 1916 3678 Dei
1947 3639 2053 3679 non

474 3721 695 3784 excidit,
720 3723 821 3775 hoc
859 3730 960 3780 est,
985 3720 1294 3789 promissio,
1317 3735 1434 3788 quin
1457 3720 1504 3771 ei
1535 3718 1674 3771 facta
1696 3727 1902 3772 estvion
1931 3730 2055 3770 cva-

471 3809 602 3870 nuit,
624 3809 848 3880 (Ambr.)
869 3810 917 3863 id
937 3820 1040 3875 est,
1060 3811 1159 3865 hoc
1180 3810 1373 3874 evenit,
1392 3809 1584 3878 inquit,
1601 3811 1741 3878 quod
1755 3810 1891 3862 dixit
1911 3807 2053 3862 Deus

472 3885 731 3964 futurum,
754 3911 940 3955 utnon
964 3902 1017 3954 hi
1045 3902 1350 3956 dicerentur
1370 3917 1552 3959 semen
1573 3915 1691 3955 esse
1710 3901 1940 3955 Abralne
1961 3900 2054 3970 qui

472 3991 567 4045 ﬁlii
593 3992 709 4057 ejus
737 4001 934 4047 essent.
963 3992 1254 4050 secundum
1287 3993 1634 4055 carnem,scd
1658 3992 1745 4046 isti
1773 3992 1865 4059 qui
1895 3991 2052 4046 ﬁdem

471 4087 800 4155 acceperint,
836 4101 932 4154 per
974 4101 1136 4155 quam
1165 4094 1324 4140 natus
1359 4096 1442 4139 est
1491 4084 1655 4150 Isaac,
1705 4086 2050 4139 reformatam

472 4189 713 4246 tempore
727 4177 945 4239 Christi,
961 4193 1064 4232 non
1082 4177 1190 4246 jam
1209 4177 1494 4246 specialem
1522 4178 1614 4232 sed
1637 4176 1957 4247 generalem.
1984 4175 2053 4231 Ut

473 4273 612 4342 quod
636 4271 905 4326 Abraham
932 4271 1156 4324 credidit
1175 4273 1240 4323 de
1263 4270 1431 4334 Isaae,
1447 4271 1532 4324 isti
1555 4270 1836 4324 crederent
1861 4270 1924 4322 de
1941 4269 2049 4322 Deo

470 4373 526 4417 et
551 4361 780 4424 Christo,
809 4361 931 4428 quia
949 4368 1104 4416 natus
1132 4359 1320 4414 cstDei
1344 4359 1510 4414 Filius
1527 4360 1591 4412 ad
1615 4360 1838 4413 salutem
1864 4357 2053 4410 huma-

470 4454 524 4506 ni
549 4453 760 4522 generis
785 4451 1166 4507 redimendam.
1188 4448 1382 4520 (0rig.)
1411 4450 1510 4516 Qui
1537 4451 1678 4503 enim
1707 4463 1865 4504 verus
1892 4447 2054 4501 {uenit

474 4547 638 4600 Israel
690 4562 791 4599 ItOIt
828 4560 894 4597 ex
937 4545 1137 4597 carnali
1188 4559 1380 4613 genere
1419 4552 1622 4596 tantum
1668 4541 1734 4595 de
1774 4540 2049 4594 Abraham

474 4653 642 4706 genus
663 4636 884 4700 ducens,
909 4653 925 4682 ι
951 4649 1052 4687 non
1074 4634 1218 4687 enim
1253 4634 1340 4701 qui
1365 4633 1456 4686 lilii
1480 4633 1657 4686 calatis
1681 4652 1697 4683 ι
1725 4641 1865 4693 sunt,
1891 4650 1908 4680 ι
1931 4631 2051 4685 hiet

477 4728 565 4780 lilii
604 4727 699 4781 Dei
731 4746 748 4778 ι
771 4762 785 4770 -
805 4734 957 4789 sunt;
1011 4725 1104 4778 sed
1124 4724 1214 4792 qui
1240 4725 1528 4778 secundum
1578 4723 2049 4792 rcpromissiouem

479 4817 598 4871 ﬁdei
629 4817 694 4870 de
721 4815 989 4871 Abraham
1012 4815 1312 4878 descendit,
1341 4814 1451 4882 ipse
1477 4815 1638 4883 etiam
1669 4813 1760 4867 Dei
1786 4812 2050 4882 promissa

476 4906 843 4974 consequitur.
894 4904 1022 4958 Nam
1059 4907 1123 4959 de
1152 4919 1344 4975 genere
1385 4904 1546 4958 lsrael
1579 4903 1729 4958 multi
1771 4910 1916 4965 sunt,
1955 4901 2050 4955 sed

476 5011 583 5049 non
613 5010 800 5058 omnes
827 4994 995 5060 [ει-εει
1020 4995 1371 5064 appellantur.
1416 4993 1578 5048 lsrael
1609 5008 1840 5062 namque
1875 4993 2038 5046 Deum

474 5087 702 5142 videndo
745 5086 1048 5140 nominatus
1094 5092 1197 5150 est,
1230 5085 1366 5138 sicut
1401 5085 1511 5152 ipse
1549 5083 1712 5139 Jacob
1749 5083 1875 5138 dicit
1901 5101 1912 5135 :
1938 5083 2043 5136 vidi

475 5178 753 5230 Dominum
790 5177 924 5245 [acie
966 5176 1034 5230 ad
1078 5175 1282 5248 facient,
1329 5183 1375 5227 et
1420 5174 1560 5227 salva
1595 5175 1732 5242 facta
1765 5183 1835 5226 est
1866 5175 2044 5226 anima

473 5284 586 5321 mea
619 5263 768 5336 (Cen.
794 5266 983 5337 xxxii).
1018 5267 1179 5336 Ergo,
1211 5266 1337 5335 quia
1375 5265 1509 5317 vidit
1536 5263 1723 5324 Deum,
1757 5262 1918 5316 Israel
1947 5278 2043 5331 ap-

473 5357 699 5426 pellatus
727 5367 838 5421 est;
869 5357 960 5425 qui
990 5373 1116 5417 vero
1143 5374 1247 5412 non
1280 5357 1420 5410 videt
1463 5373 1583 5409 eum
1612 5356 1702 5422 qui
1745 5355 1878 5408 dixit
1905 5373 1915 5406 :
1943 5355 2044 5418 Qui

474 5465 551 5502 me
576 5449 728 5512 videt,
761 5451 891 5502 videt
919 5459 965 5502 et
1001 5447 1212 5512 Putrem
1247 5450 1423 5518 (Joan.
1461 5448 1593 5520 xiv).
1633 5448 1794 5503 Israel
1822 5464 1922 5502 non
1954 5464 2048 5517 pec

478 5547 581 5592 test
603 5540 726 5594 dici.
763 5541 985 5612 (Ambr.)
1016 5541 1140 5595 Vult
1166 5558 1293 5611 ergo
1319 5542 1538 5610 intelligi
1566 5557 1669 5595 non
1691 5541 1803 5610 jam
1828 5541 1946 5596 ideo
1967 5543 2047 5596 di-

472 5642 604 5696 gnos
628 5645 744 5683 esse
764 5646 968 5696 omnes,
988 5632 1110 5700 quia
1135 5632 1223 5684 ﬁlii
1248 5639 1370 5685 sunt
1392 5632 1637 5695 Abi-alue,
1664 5634 1758 5686 scd
1785 5632 1904 5687 illos
1924 5649 2042 5688 esse

473 5719 661 5781 dignos
681 5721 771 5776 oui
801 5723 894 5777 lilii
932 5722 1298 5779 promissionis
1335 5734 1476 5787 sum,
1518 5723 1570 5778 id
1600 5733 1698 5783 est,
1745 5739 1878 5786 quos
1903 5739 2040 5784 prte-

2080 4496 2129 4557 D

2158 3270 2280 3316 rant
2328 3262 2646 3327 deciderint,
2690 3271 2744 3320 et
2781 3261 3050 3327 frustratae
3092 3264 3221 3328 sint,
3263 3264 3554 3333 docetque,
3605 3265 3741 3334 quod

2157 3370 2279 3410 cum
2300 3355 2452 3409 multi
2482 3353 2576 3409 ﬁlii
2603 3353 2803 3423 fuerint
2823 3355 3072 3418 Abrahae,
3099 3356 3150 3409 in
3174 3357 3290 3410 solo
3319 3356 3472 3411 Isaac
3502 3358 3575 3412 sit
3603 3357 3740 3411 facta

2157 3441 2511 3516 promissiod
2533 3445 2648 3500 Non
2679 3447 2844 3511 enim,
2878 3447 3069 3516 inquit,
3085 3449 3176 3517 qui
3200 3448 3294 3502 filii
3319 3451 3500 3503 carnis
3522 3458 3666 3514 sunt,
3690 3450 3739 3503 hi

2159 3537 2392 3593 suntﬁlii
2416 3537 2563 3600 Dei,»
2593 3545 2647 3592 et
2673 3538 2949 3592 contendit
2971 3539 3276 3601 ostendere,
3303 3545 3573 3608 quomodo
3598 3539 3740 3593 Isaac.

2163 3643 2270 3682 non
2317 3628 2382 3682 sit
2415 3626 2554 3682 ﬁlius
2579 3629 2779 3690 carnis,
2829 3628 2921 3681 sed
2954 3629 3022 3681 sit
3063 3627 3230 3681 Filius
3273 3627 3388 3693 Dei,
3422 3637 3478 3681 et
3508 3631 3643 3683 redit
3675 3632 3738 3683 azl

2155 3734 2217 3774 ea
2260 3733 2379 3788 quae
2413 3719 2630 3787 dc'ipso
2667 3719 2717 3771 in
2760 3717 2955 3772 Genesi
2998 3721 3201 3788 scripta
3233 3728 3392 3772 Sunt:
3423 3719 3740 3773 Promissio-

2159 3812 2256 3872 nis,
2295 3811 2488 3877 inquit,
2513 3809 2720 3862 verbum
2742 3811 2836 3862 hoc
2869 3821 2961 3874 est,
2993 3810 3062 3862 ad
3088 3810 3186 3882 hoc
3214 3820 3412 3880 tempus
3442 3813 3660 3874 veniam,
3691 3820 3737 3864 et

2159 3902 2256 3955 erit
2274 3900 2422 3955 Sura:
2452 3901 2617 3969 ﬁlius.
2653 3899 2766 3954 Non
2795 3916 2943 3970 ergo,
2977 3901 3170 3969 inquit,
3203 3915 3300 3969 per
3328 3901 3574 3955 ordinem
3603 3900 3739 3954 nati-

2161 3992 2387 4047 tivitatis
2449 3990 2680 4045 carnalis
2739 3989 2885 4043 Isaac
2943 3991 3220 4055 nascitur,
3270 3992 3466 4059 quippe
3511 4005 3635 4042 cum
3685 3998 3740 4044 et

2155 4083 2425 4137 Abraham
2449 4081 2676 4136 emortui
2699 4080 2812 4148 jam
2854 4081 3096 4149 corporis
3134 4081 3444 4143 haberetur,
3491 4089 3549 4134 et
3575 4079 3736 4134 vulva

2157 4174 2305 4230 Sara:
2335 4183 2479 4229 esset
2503 4183 2768 4237 emortua,
2797 4173 2936 4226 sicut
2961 4188 3122 4241 supra
3151 4172 3352 4226 dictum
3375 4182 3478 4236 est,
3519 4173 3614 4226 sed
3641 4187 3738 4240 per

2155 4268 2408 4321 virtutem
2444 4265 2579 4334 ejus,
2615 4266 2705 4334 qui
2743 4265 2896 4329 dixit,
2947 4264 3015 4317 ad
3056 4265 3152 4318 hoc
3195 4251 3395 4334 tempus
3429 4281 3654 4327 ventum,
3693 4274 3741 4318 et

2155 4360 2250 4411 erit
2278 4357 2424 4410 Sara:
2459 4358 2621 4424 ﬁlius.
2657 4356 2844 4410 Merito
2877 4357 3036 4426 igitur
3063 4373 3170 4412 non
3202 4359 3404 4422 carnis,
3439 4359 3535 4413 sed
3572 4358 3742 4414 Filius

2158 4451 2248 4504 Dei
2299 4448 2529 4513 dicitur,
2565 4449 2653 4516 qui
2701 4463 2768 4501 ex
2810 4449 3042 4501 adventu
3091 4457 3145 4500 et
3195 4462 3444 4503 sermone
3489 4451 3737 4502 nascitur

2159 4543 2272 4596 Dei.
2315 4541 2542 4611 (.clmbr;)
2571 4538 2966 4602 Promissionis,
3016 4539 3209 4607 inquit,
3258 4541 3470 4593 verbum
3512 4541 3612 4592 hoc
3639 4551 3737 4601 es‘,

2155 4635 2296 4704 quod
2311 4634 2707 4705 prteliguratum
2732 4632 2783 4685 in
2809 4631 2905 4686 Chi
2924 4632 3025 4685 isto
3047 4640 3223 4696 est,ul.
3253 4631 3466 4685 futurus
3488 4631 3740 4686 Christus

2153 4729 2559 4797 promitteretur
2615 4725 2754 4779 ﬁlius
2804 4723 3052 4787 Abrahae,
3109 4725 3162 4775 in
3209 4738 3316 4790 quo
3358 4725 3737 4790 promissionis

2154 4817 2375 4870 verbum
2424 4817 2757 4884 impleretur,
2814 4822 2872 4866 ut
2920 4814 2974 4866 in
3021 4812 3235 4866 Christo
3285 4813 3736 4868 benedicerentur

2155 4922 2342 4961 omnes
2385 4916 2571 4977 gentes
2615 4915 2802 4961 terras:
2830 4905 3044 4975 quando
3081 4905 3221 4958 enim
3267 4905 3558 4974 promissio
3596 4906 3736 4961 facta

2153 5006 2228 5052 est
2248 4997 2500 5062 Abrahae,
2519 5007 2573 5052 et
2593 4997 2813 5060 audivit,
2834 4999 2957 5067 quia
2979 4995 3034 5050 in
3047 4997 3241 5049 semine
3263 5004 3352 5048 tuo
3370 4996 3739 5052 benedicentur

2155 5103 2328 5141 omnes
2361 5097 2533 5158 gentes
2572 5099 2741 5151 term,
2792 5087 3040 5142 Christus
3087 5085 3270 5153 utique
3313 5083 3385 5138 illi
3437 5089 3738 5155 promissus

2154 5185 2325 5230 estex
2351 5177 2570 5231 traduce
2594 5176 2765 5240 Isaae,
2797 5175 2848 5227 in
2883 5189 2990 5242 quo
3019 5173 3121 5227 hoc
3161 5173 3434 5242 impletum
3465 5176 3731 5231 videmus.

2230 5265 2349 5319 Non
2370 5266 2537 5319 solum
2582 5276 2752 5319 autent
2798 5263 2912 5329 illa,
2942 5263 3030 5317 sed
3054 5273 3100 5316 et
3136 5261 3365 5316 Rebecca
3389 5281 3454 5319 ea:
3484 5282 3590 5320 uno
3619 5283 3739 5320 con-

2155 5357 2329 5409 cubitu
2361 5351 2562 5410 habens.
2594 5356 2746 5409 Isaac
2776 5356 2941 5426 patris
2974 5355 3158 5408 nostri.
3190 5353 3372 5424 (.Aug.)
3403 5354 3518 5409 Non
3560 5359 3734 5412 solum

2154 5447 2328 5515 inquit
2353 5448 2500 5502 Isaac
2533 5447 2832 5517 promissus
2860 5454 2967 5510 cst,
3015 5459 3134 5497 cum
3171 5444 3374 5496 dictum
3403 5455 3507 5511 est,
3543 5449 3612 5500 ad
3639 5449 3736 5500 hoc

2149 5547 2346 5606 tempus
2377 5539 2601 5603 veniam,
2645 5548 2690 5590 et
2719 5537 2814 5590 erit
2860 5521 3009 5590 Sara:
3036 5532 3179 5602 ﬁlius
3203 5531 3356 5603 (Gen.
3392 5551 3548 5600 xvm,
3584 5539 3734 5606 xxv),

2149 5632 2239 5702 qui
2281 5633 2466 5702 utique
2516 5631 2674 5686 nullis
2717 5630 2970 5700 eperibus
3018 5635 3392 5698 promcrucrat
3429 5628 3625 5690 Deum,
3675 5637 3737 5681 ut

2149 5726 2452 5782 nasciturus
2489 5727 2911 5791 promitteretur,
2953 5729 3022 5776 ut
3054 5718 3110 5774 in
3152 5717 3302 5775 lsaac
3333 5709 3623 5775 vocaretdr
3651 5735 3735 5775 se.
