3948 6380
161 397 300 454 “85

683 386 1231 447 ENARRATIONU‘M
1266 385 1338 442 ΙΝ
1365 383 1513 440 ΕΡΡ.
1549 376 1755 439 PAULI
1793 370 1919 433 LIB.
1963 379 2026 433 V.
2065 407 2133 416 —
2172 374 2241 430 ΙΝ
2273 370 2492 428 EPIST.
2532 369 2624 423 AD
2660 369 2824 425 ROM.

3272 366 3412 425 1486

162 523 284 563 men
312 503 566 567 Abrahae,
600 502 653 557 id
682 510 785 566 est,
815 501 891 555 illi
923 500 1257 571 pertinerent
1286 495 1352 553 ad
1386 501 1587 551 sortem
1614 507 1739 547 san-
1765 494 1820 556 Α
1842 488 1965 560 quia
1996 486 2246 557 indignus
2271 484 2371 548 sit;
2404 484 2509 539 hoc
2544 482 2696 551 quasi
2736 481 2997 553 praescius
3024 496 3131 543 non
3159 496 3419 551 persona-

160 608 389 660 ctorum,
426 611 543 665 qua:
593 594 645 648 in
672 592 887 647 Christo
914 600 1016 654 est,
1051 591 1140 659 qui
1172 604 1230 645 se
1282 584 1640 653 intelligerent
1677 582 1738 634 ﬁ-

160 688 261 745 lios
289 684 659 759 promissionis
693 698 798 736 non
839 679 1207 750 superbientes
1254 679 1319 733 de
1362 676 1570 732 meritis
1604 675 1736 740 suis,

160 780 256 835 sed
297 778 484 849 gratiae
524 772 824 829 vocationis
872 771 1207 841 deputantes,
1254 768 1397 840 quod
1435 764 1743 821 cohmredes

159 876 344 926 essent
367 866 587 929 Christi.
614 864 748 918 Cum
789 862 929 916 enim
969 860 1295 932 promissum
1320 866 1421 922 est,
1451 868 1510 916 ut
1538 861 1740 920 essent,

160 961 296 1017 nihil
319 960 506 1028 utique
531 962 847 1011 meruerunt
870 952 960 1022 qui
990 952 1223 1010 nondum
1254 957 1434 1013 erant,
1459 947 1547 1001 sed
1570 955 1615 1000 et
1648 944 1745 998 lie—

163 1052 317 1106 becca
368 1065 431 1102 ea:
472 1064 575 1102 uno
617 1043 894 1099 concubitu
938 1041 1130 1100 habens
1168 1038 1324 1093 Isaac
1350 1038 1514 1106 patris
1558 1036 1742 1102 nostri,

161 1136 578 1209 vigilantissime
616 1135 709 1199 ait,
741 1149 809 1188 ex
851 1146 957 1189 uno
986 1129 1294 1192 concubitu,
1325 1126 1528 1199 gemini
1555 1140 1747 1181 conce-

162 1228 239 1299 pti
271 1235 451 1291 erant,
481 1240 549 1285 ne
570 1224 655 1286 vel
687 1222 929 1293 paternis
973 1220 1183 1274 meritis
1224 1218 1503 1282 tribueret,
1534 1216 1578 1271 si
1608 1215 1750 1274 auis-

165 1335 328 1391 quam
368 1318 507 1372 forte
546 1318 789 1371 diceret:
819 1313 940 1385 ideo
970 1312 1091 1366 talis
1118 1318 1274 1365 natus
1308 1316 1390 1364 est
1430 1308 1593 1373 ﬁlius,
1624 1314 1748 1377 quia

163 1422 317 1481 pater
344 1412 417 1465 ita
454 1416 573 1466 erat
601 1406 825 1464 allectus
854 1405 943 1461 illo
975 1406 1029 1460 in
1062 1412 1323 1474 tempore,
1364 1417 1487 1457 cum
1532 1401 1667 1477 sevit
1695 1402 1750 1455 in

165 1510 322 1559 utero
364 1502 580 1564 matris,
612 1510 704 1553 aut
745 1498 819 1553 ita
854 1504 972 1553 erat
1013 1503 1189 1553 mater
1230 1491 1442 1558 aﬁ‘ecta,
1476 1506 1595 1547 cum
1628 1507 1750 1548 eum

166 1594 439 1663 concepit,
484 1591 643 1648 simul
678 1592 822 1647 enim
862 1588 1023 1643 ambo
1054 1594 1180 1642 sunt
1216 1600 1325 1641 uno
1350 1593 1589 1653 tempore
1618 1600 1749 1654 con—

168 1662 503 1757 ceptiaCum
545 1682 681 1739 enim
713 1681 943 1735 nondum
999 1679 1108 1731 nati
1138 1677 1380 1746 fuissent,
1431 1685 1519 1728 aut
1554 1673 1753 1744 aliquid

168 1781 391 1851 egissent
404 1778 562 1842 .boni,
596 1784 686 1829 aut
724 1773 875 1838 mali,
908 1780 963 1825 ut
988 1770 1273 1825 secundum
1312 1767 1608 1821 electionem
1634 1781 1753 1837 pro-

1839 597 1957 635 rum
2011 587 2303 648 acceptor:
2338 592 2461 631 nam
2507 575 2781 630 neminem
2826 575 3070 641 damnat,
3127 585 3419 646 antequam

1841 683 2046 745 peccet,
2076 684 2129 729 et
2157 670 2360 733 nullum
2386 678 2609 733 coronat
2633 676 2924 738 antequam
2942 669 3140 731 vincat.
3167 669 3280 729 [ioc
3298 685 3418 739 per-

1843 766 1977 820 tinet
2017 765 2081 819 ad
2112 778 2332 821 causam
2369 761 2695 830 Judaeorum,
2738 761 2830 830 qui
2874 760 2977 821 sibi
3009 765 3420 833 praerogativam

1843 858 2154 925 defendunt,
2186 859 2328 928 quod
2372 855 2462 910 ﬁlii
2507 855 2616 910 sint
2643 855 2889 912 Abrahae.
2918 853 3208 924 Apbstolus
3242 866 3423 911 autem

1844 949 2153 1003 consolatur
2195 963 2275 1013 se,
2322 956 2381 1001 ut
2417 946 2543 1015 quia
2589 944 2799 999 dixerat
2848 944 3087 1004 dolorem
3125 945 3324 1011 habere
3362 964 3421 1004 se

1846 1039 2025 1093 cordis
2048 1038 2384 1103 continuum,
2414 1052 2579 1091 causa
2606 1036 3001 1093 incredulitatis
3024 1036 3262 1104 illorum,
3285 1053 3420 1108 quo-

1847 1142 1969 1183 rum
2030 1128 2245 1197 adoptio
2299 1137 2418 1183 erat
2465 1128 2720 1194 ﬁliorum,
2753 1136 2807 1183 et
2834 1128 2969 1198 legis
2998 1131 3329 1197 constitutio,
3369 1140 3423 1185 et

1849 1235 1916 1274 ex
1942 1219 2137 1289 quibus
2165 1217 2410 1279 Christus
2439 1218 2709 1285 Salvator,
2751 1220 2894 1275 sicut
2928 1227 2982 1275 et
3018 1220 3132 1290 ipse
3169 1222 3263 1287 ait,
3302 1224 3428 1291 quia

1850 1306 1994 1361 salus
2025 1324 2087 1361 ex
2114 1307 2317 1362 Judwis
2341 1308 2623 1379 estr(.loan.
2649 1311 2745 1380 ιν),
2780 1318 3009 1364 tractata
3042 1310 3159 1379 lege
3181 1350 3195 1375 ,
3226 1311 3431 1364 invenit

1850 1400 1976 1471 quia
2003 1415 2109 1456 non
2151 1416 2359 1466 omnes,
2397 1403 2488 1471 qui
2516 1416 2579 1454 ex
2608 1402 2771 1456 Israel
2797 1412 2939 1466 sunt,
2983 1404 3240 1457 credituri
3282 1414 3426 1468 sunt,

1853 1508 2029 1563 neque
2057 1494 2181 1563 quia
2207 1494 2459 1548 dicuntur
2489 1492 2585 1548 ﬁlii
2614 1493 2865 1557 Abrahae,
2892 1510 3082 1550 omnes
3107 1495 3338 1550 Abraha:
3367 1495 3433 1549 ﬁ-

1854 1582 1954 1638 lios
2002 1582 2279 1648 dicendos,
2332 1584 2471 1638 sicut
2510 1599 2671 1653 supra
2709 1585 3027 1639 memoravi.
3080 1585 3269 1639 Minuit
3304 1602 3435 1658 ergo

1854 1675 2095 1731 dolorem
2123 1691 2301 1741 suum,
2326 1676 2601 1731 inveniens
2630 1676 2755 1731 olim
2782 1678 3116 1745 praedictum,
3152 1680 3292 1747 (ιιιοὰ
3325 1696 3435 1734 non

1857 1777 2038 1824 essent
2075 1783 2263 1823 omnes
2306 1768 2585 1833 credituri,
2617 1778 2676 1823 ut
2704 1770 2759 1823 hi
2812 1770 2909 1825 soli
2952 1770 3187 1835 doleant,
3222 1762 3312 1840 qui
3340 1786 3439 1841 per

167 1873 396 1943 positum
419 1869 515 1923 Dei
538 1877 791 1931 maneret,
822 1881 925 1919 non
949 1879 1014 1917 ex
1043 1862 1302 1931 operibus,
1328 1861 1417 1918 sed
1446 1874 1517 1911 ea:
1539 1868 1753 1912 vocante
1786 1858 1833 1917 B
1859 1860 2117 1914 invidiam
2168 1860 2221 1912 in
2272 1861 2699 1917 incredulitatem
2749 1862 2999 1917 laborant
3032 1881 3043 1915 :
3069 1872 3293 1931 possunt
3327 1864 3438 1919 Deo

168 1966 369 2026 dictum
407 1972 480 2016 est
530 1961 597 2025 ei,
644 1959 766 2029 quia
798 1956 971 2025 major
998 1954 1178 2008 serviet
1226 1952 1416 2005 minori
1447 1952 1579 2002 sicut
1620 1950 1755 2002 scri-

168 2064 315 2126 ptum
341 2063 439 2118 est,
462 2050 628 2105 Jacob
660 2047 842 2111 dilexi,
870 2046 1015 2106 Esau
1043 2044 1164 2099 odio
1195 2041 1377 2099 habui.
1408 2038 1604 2113 (Orig.)
1634 2038 1759 2095 Haec

170 2162 319 2219 ergo,
352 2143 548 2215 inquit,
580 2141 720 2196 ratio
747 2155 855 2195 non
877 2138 1051 2199 solum
1076 2137 1142 2193 de
1170 2135 1349 2199 lsaac,
1382 2134 1475 2188 sed
1496 2132 1561 2187 de
1590 2130 1757 2186 Jacob

172 2235 484 2305 recipienda
512 2240 613 2287 est.
645 2229 776 2285 Nam
806 2236 862 2283 et
889 2228 1154 2291 Rebecca,
1200 2224 1393 2296 inquit,
1427 2238 1533 2277 non
1566 2236 1757 2276 secun-

177 2328 308 2383 dum
347 2326 583 2382 carnalis
627 2322 923 2377 nativitatis
971 2318 1215 2375 ordinem
1253 2315 1475 2387 protulit
1520 2322 1754 2384 partum.

172 2394 309 2486 Cum
332 2416 477 2470 enim
502 2428 569 2468 ex
592 2428 699 2469 uno
723 2409 1010 2467 concubitu
1045 2408 1194 2465 Isaac
1219 2408 1459 2480 geminos
1487 2403 1762 2473 concepis-

174 2515 282 2571 set,
310 2506 546 2560 nondum
584 2510 744 2571 partu
783 2500 929 2555 edito
954 2512 1128 2568 neque
1158 2497 1281 2552 ullis
1313 2496 1523 2551 actibus
1558 2509 1756 2565 puero-

173 2613 297 2653 rum
320 2597 475 2652 bonis
506 2594 726 2651 malisve
753 2592 894 2647 inter
915 2591 1160 2646 homines
1185 2588 1403 2651 habitis,
1438 2602 1567 2657 erga
1595 2584 1761 2641 lacob

178 2688 359 2744 divina
388 2687 614 2740 habetur
640 2682 854 2747 electio,
892 2689 947 2735 et
977 2680 1189 2741 dicitur,
1222 2678 1348 2748 quia
1378 2676 1549 2744 major
1575 2676 1761 2729 serviet

177 2778 395 2841 minori,
427 2784 473 2829 et
503 2774 668 2828 Jacob
694 2772 879 2836 dilexi,
905 2770 1051 2829 Esau
1092 2779 1265 2824 autem
1305 2767 1424 2819 odio
1447 2766 1621 2819 habui.
1654 2762 1763 2817 Cur

179 2877 361 2923 autem
394 2867 505 2920 haec
547 2865 624 2919 ita
652 2865 795 2919 dicta
829 2863 938 2917 sint
976 2863 1152 2924 docet,
1187 2880 1207 2917 ί
1240 2869 1301 2913 ut
1332 2857 1624 2923 secundum
1655 2854 1764 2909 ele-

178 2961 438 3023 ctionem,
467 2957 661 3025 inquit,
683 2954 1018 3025 propositum
1042 2952 1136 3007 Dei
1160 2959 1396 3015 maneat,
1426 2966 1529 3003 non
1557 2964 1619 3001 ea:
1640 2964 1762 3017 ope-

179 3053 349 3119 ribus,
376 3050 465 3117 sed
486 3066 550 3117 ea;
580 3059 790 3109 vocante
821 3047 1018 3101 dictant
1063 3053 1161 3111 est,
1190 3062 1207 3094 θ
1246 3044 1350 3099 hoc
1396 3049 1496 3105 est,
1536 3055 1641 3095 non
1673 3039 1764 3108 qui

180 3139 283 3195 ﬁlii
321 3139 521 3200 carnis,
549 3136 642 3191 sed
667 3135 757 3211 qui
797 3134 889 3190 ﬁlii
915 3133 1011 3191 Dei
1044 3140 1189 3198 sunt,
1227 3132 1332 3202 ipsi
1357 3131 1682 3199 deputentur
1710 3129 1764 3181 in

1862 1952 2102 2017 credere,
2133 1950 2278 2021 quod
2311 1968 2378 2007 ex
2408 1952 2665 2021 subjectis
2699 1955 2894 2023 aperit,
2941 1955 3229 2011 incredulis
3259 1962 3439 2010 tamen

1861 2048 2133 2116 praedictis
2172 2064 2277 2103 non
2321 2048 2472 2104 valde
2501 2049 2806 2113 dolendum,
2840 2051 2983 2126 quia
3011 2067 3117 2104 non
3151 2060 3274 2105 sunt
3301 2066 3440 2119 prae—

1862 2139 2112 2194 destinati
2142 2139 2211 2193 ad
2258 2140 2461 2193 vitam:
2488 2138 2833 2194 Praeseientia
2873 2141 3016 2193 enim
3046 2140 3139 2194 Dei
3180 2141 3306 2195 olim
3342 2145 3440 2197 hos

1862 2247 1971 2283 non
2003 2231 2288 2284 salvandos
2318 2231 2574 2285 decrevit.
2602 2230 2736 2296 Quis
2770 2231 2912 2285 enim
2941 2232 3160 2302 plangat
3194 2250 3318 2289 eum
3348 2236 3440 2304 qui

1862 2320 1989 2374 olim
2027 2328 2271 2375 mortuus
2298 2320 2559 2375 habetur?
2589 2320 2694 2374 Sed
2721 2320 3146 2377 subintrantibus
3169 2325 3437 2393 gentibus,

1864 2428 1982 2483 quae
2013 2414 2129 2468 sine
2168 2414 2279 2469 Deo
2301 2414 2451 2483 prius
2477 2423 2650 2479 erant,
2680 2422 2734 2467 et
2757 2414 3003 2481 salutem,
3028 2432 3188 2484 quam
3223 2417 3295 2470 illi
3322 2433 3444 2486 per-

1864 2503 2115 2557 diderunt
2153 2504 2560 2575 accipientibus,
2601 2505 2961 2560 exsuscitatur
2990 2507 3170 2573 dolor;
3214 2510 3303 2562 scd
3339 2509 3440 2562 ite-

1866 2611 1986 2649 rum
2014 2597 2138 2664 quia
2175 2598 2276 2666 ipsi
2316 2597 2417 2651 sibi
2464 2598 2780 2667 perditionis
2824 2614 2984 2653 causa
3025 2607 3168 2663 sunt,
3216 2600 3442 2670 sopitur.

1867 2688 2132 2743 Praescius
2170 2691 2350 2759 itaque
2386 2691 2526 2744 Deus
2556 2690 2709 2746 malae
2735 2690 2855 2745 illos
2875 2690 3169 2746 voluntatis
3210 2691 3444 2756 futuros,

1866 2794 1970 2833 non
2000 2779 2121 2833 illos
2147 2780 2335 2835 habuit
2366 2781 2418 2833 in
2446 2795 2674 2835 numero
2701 2780 2983 2849 bonarum,
3016 2781 3269 2850 quamvis
3298 2781 3445 2835 dicat

1867 2868 2117 2925 Salvatbr
2147 2871 2249 2925 illis
2275 2872 2609 2941 septuaginta
2632 2871 2910 2941 discipulis
2934 2888 3069 2941 quos
3099 2872 3333 2942 elegerat
3358 2886 3448 2929 se-

1868 2960 2041 3015 cunda
2071 2960 2263 3026 classe,
2290 2962 2380 3029 qui
2411 2966 2479 3016 ab
2510 2962 2599 3016 illo
2622 2971 2807 3031 postea
2839 2972 3199 3027 recesserunt,
3234 2963 3448 3016 nomina

1869 3058 2034 3103 vestra
2063 3051 2256 3120 scripta
2286 3061 2406 3104 sunt
2444 3052 2498 3105 in
2528 3052 2653 3106 calo
2690 3051 2839 3122 (Luc.
2872 3052 2950 3123 χ),
2982 3054 3075 3107 sed
3102 3054 3203 3107 hoc
3230 3062 3452 3123 propter

1866 3136 2152 3205 justitiam,
2182 3142 2305 3209 quia
2339 3141 2441 3195 hoc
2470 3141 2793 3208 estjustum,
2825 3150 2883 3196 ut
2903 3143 3199 3211 unicuique
3213 3160 3311 3213 pro
3336 3160 3452 3198 me-

181 3244 392 3285 semen.
439 3227 591 3293 Sicut
612 3208 756 3280 enim
796 3223 869 3281 ibi
916 3237 983 3277 ex
1024 3220 1209 3278 multis
1251 3220 1374 3283 ﬁliis
1397 3219 1579 3276 carnis
1615 3217 1766 3271 Isaae

1874 3229 1978 3283 rito
2006 3231 2415 3299 respondeatur,
2447 3232 2570 3301 quia
2595 3232 2737 3285 enim
2779 3231 2904 3286 boni
2934 3220 3109 3297 eiant,
3139 3233 3297 3287 electi
3325 3243 3452 3288 sunt
3492 3246 3495 3257 "

182 3319 403 3389 eligitur
443 3332 472 3370 a
502 3317 633 3381 Deo,
672 3314 763 3384 qui
808 3312 1090 3382 adoptetur
1127 3312 1182 3364 in
1217 3310 1416 3363 Filium
1455 3308 1573 3373 Dei,
1608 3308 1682 3361 ita
1714 3314 1770 3362 et

183 3412 277 3467 hic
302 3426 370 3465 ex
398 3410 604 3463 duobus
633 3406 811 3460 minor
846 3402 1063 3473 eligitur
1082 3399 1248 3457 Jacob
1271 3401 1365 3474 qui
1394 3400 1683 3469 adoptetur
1713 3398 1770 3452 in

182 3502 385 3557 Filium
412 3500 537 3562 Dei;
566 3506 620 3552 et
652 3498 733 3552 sic
755 3510 942 3556 verum
978 3494 1058 3559 ﬁt,
1088 3494 1233 3563 quod
1261 3492 1649 3563 promissiones
1673 3492 1769 3546 Dei

182 3608 297 3648 non
328 3592 381 3644 in
420 3589 543 3644 ﬁliis
580 3588 780 3653 carnis,
824 3586 919 3642 sed
950 3586 1003 3639 in
1047 3585 1146 3641 Dei
1191 3584 1316 3640 ﬁliis
1356 3591 1625 3640 constent.
1664 3581 1769 3637 Sed

187 3686 307 3740 haec
334 3682 516 3737 omnia
559 3695 622 3736 eo
651 3685 918 3749 spectant,
955 3684 1016 3731 ut
1054 3676 1183 3732 illud
1222 3676 1415 3747 probet
1456 3673 1768 3745 Apostolus,

188 3774 422 3846 quod.si
465 3771 551 3826 vel
577 3772 750 3836 lsaac,
784 3767 867 3822 vel
911 3765 1079 3821 Iacob
1102 3780 1201 3835 pro
1247 3766 1330 3821 bis
1376 3765 1583 3818 meritis
1614 3762 1772 3818 electi

189 3867 421 3922 fuissent
440 3879 486 3917 .a
524 3865 663 3926 Deo,
705 3877 825 3931 qua:
852 3861 903 3915 in
932 3876 1096 3916 carne
1123 3860 1285 3930 positi
1313 3858 1692 3928 acquisierant,
1722 3865 1776 3911 et

190 3975 292 4031 per
317 3972 479 4028 opera
511 3956 689 4009 carnis
710 3952 994 4024 jnstiﬁcari
1015 3954 1362 4015 meruissent,
1387 3960 1567 4023 posset
1592 3950 1777 4018 utique

192 4052 377 4108 meriti
406 4064 593 4103 eorum
638 4047 811 4117 gratia
841 4046 914 4101 ad
951 4044 1325 4114 posteritatem
1355 4056 1566 4113 quoque
1597 4040 1777 4095 carnis

194 4154 255 4201 et
298 4142 573 4215 sanguinis
599 4140 901 4211 pertinere;
953 4152 1095 4192 nunc
1138 4150 1266 4191 vero
1313 4151 1435 4190 cum
1471 4135 1779 4193 electiow

197 4253 322 4293 rum
351 4251 456 4290 non
483 4249 551 4288 ex
577 4218 828 4302 operibus
854 4232 997 4285 facta
1028 4230 1116 4295 sit,
1149 4228 1243 4283 sed
1263 4243 1325 4283 ex
1353 4228 1631 4298 proposito
1663 4224 1776 4289 Dei,

197 4336 257 4383 et
288 4343 355 4382 ex
379 4324 622 4381 vocantis
663 4322 905 4387 arbitrio,
935 4320 1352 4391 promissionum
1382 4318 1553 4388 gratia
1587 4331 1693 4373 non
1724 4316 1778 4368 in

197 4420 327 4475 ﬁliis
358 4418 537 4473 carnis
564 4414 834 4483 impletur,
878 4413 971 4467 sed
996 4413 1050 4466 in
1092 4410 1218 4465 ﬁliis
1263 4410 1377 4474 Dei,
1421 4410 1523 4464 hoc
1552 4417 1654 4475 est,
1687 4406 1779 4478 qui

200 4507 453 4566 similiter
471 4515 530 4560 ut
570 4505 671 4575 ipsi
701 4519 767 4558 ex
794 4503 1069 4572 proposito
1103 4501 1199 4555 Dei
1229 4500 1517 4571 eliguntur,
1551 4508 1606 4554 et
1648 4500 1777 4553 ado-

200 4551 441 4566 .,......-.ν.
475 4551 530 4560 ..-
572 4551 671 4575 -,,..-
705 4551 767 4558 ν.-
796 4551 1062 4572 ,ηρ---π
1106 4551 1131 4554 _
1157 4551 1199 4555 --
1560 4551 1602 4554 -_
1654 4551 1737 4553 μη

196 4606 424 4671 ptantur
445 4598 499 4651 in
532 4594 688 4650 ﬁlios.
720 4593 1029 4663 Completur
1056 4608 1289 4661 namque
1317 4593 1477 4647 etiam
1512 4593 1567 4668 in
1611 4591 1696 4651 his
1722 4590 1781 4643 il-
1802 4551 1856 4610 Β

202 4691 297 4745 lud
328 4689 469 4757 quod
501 4688 611 4757 jam
646 4700 805 4754 supra
835 4684 1202 4755 exposuimus,
1223 4686 1345 4753 quia
1371 4698 1497 4752 quos
1528 4681 1777 4751 prwsciit,

204 4780 324 4835 illos
352 4789 397 4832 et
414 4777 817 4845 praedestinavit,
846 4784 891 4828 et
916 4790 1043 4843 quos
1065 4773 1445 4843 pra’destjnavit
1472 4771 1589 4824 illos
1612 4779 1659 4829 et
1692 4788 1779 4825 vo-

206 4873 363 4935 cavit,
393 4880 438 4929 et
467 4886 595 4941 quos
618 4868 814 4928 vocarit
842 4866 961 4923 illos
976 4875 1025 4920 et
1038 4865 1370 4933 justiftcavit,
1394 4873 1441 4916 et
1470 4879 1597 4932 quos
1619 4863 1784 4932 justi—

207 4962 387 5031 ﬁcavit
426 4959 544 5017 illos
568 4969 615 5015 et
637 4957 964 5027 gloriﬁcavit.
1003 4955 1234 5027 (Ambr.)
1257 4952 1657 5009 Prmscientiam
1688 4950 1783 5005 Dei

207 5052 421 5124 ﬂagitat
454 5052 510 5111 in
538 5050 621 5111 his
660 5050 861 5117 causis,
883 5049 1006 5117 quia
1037 5063 1144 5107 non
1182 5046 1325 5101 aliud
1353 5053 1530 5115 potest
1569 5043 1789 5099 evenire

212 5160 376 5217 quam
432 5143 579 5198 novit
637 5143 779 5198 Deus
833 5140 1090 5194 futurum.
1157 5138 1384 5195 Sciendo
1448 5138 1592 5190 enim
1646 5135 1791 5204 quod

214 5232 591 5303 unusquisque,
608 5230 820 5285 illorum
848 5228 1055 5285 iuturus
1085 5235 1253 5293 esset,
1283 5226 1437 5290 dixit,
1467 5226 1557 5280 hic
1583 5226 1686 5279 erit
1711 5224 1792 5278 di-

218 5339 378 5396 gnus,
404 5324 495 5391 qui
540 5322 646 5376 erit
688 5321 863 5374 minor
904 5326 958 5376 et
1007 5320 1096 5389 qui
1128 5318 1317 5387 majop,
1363 5319 1468 5380 erit
1511 5317 1789 5386 indiguus;

218 5430 390 5472 unum
419 5412 580 5481 elegit
612 5411 980 5483 przescientia,
1010 5418 1064 5464 et
1107 5410 1333 5474 alterum
1374 5408 1603 5477 sprevit;
1640 5415 1693 5460 et
1738 5407 1789 5459 in

222 5507 323 5567 illo.
342 5518 500 5571 quem
525 5503 705 5573 elegit,
753 5504 1085 5573 propositum
1112 5502 1211 5561 Dei
1245 5510 1456 5565 manet;
1494 5501 1617 5570 quia
1649 5500 1791 5555 aliud

223 5616 333 5656 non
360 5604 537 5655 potest
564 5596 799 5659 evenire,
841 5611 1001 5664 quam
1030 5596 1158 5659 scit,
1188 5603 1245 5649 et
1268 5593 1546 5664 praposuit
1590 5592 1644 5645 in
1684 5592 1792 5655 illo,

224 5697 289 5744 ut
324 5687 493 5743 salute
527 5688 716 5757 dignus
744 5685 832 5749 sit,
869 5693 926 5740 et
963 5685 1015 5738 in
1054 5684 1143 5739 illo
1171 5700 1330 5754 quem
1377 5684 1597 5751 spernit,
1638 5681 1800 5738 simili

230 5789 397 5839 modo
438 5785 619 5833 manet
657 5775 1007 5847 propositum,
1070 5775 1211 5843 quod
1254 5772 1531 5844 proposuit
1577 5771 1645 5829 de
1687 5773 1796 5840 illo,

1875 3322 1942 3377 ad
1992 3322 2384 3388 ministerium,
2428 3331 2483 3377 et
2527 3332 2683 3377 erant
2730 3323 2930 3393 scripta
2972 3324 3191 3378 nomina
3237 3325 3452 3380 illorum

1875 3415 1928 3469 in
1974 3415 2111 3469 caelo
2165 3424 2386 3485 propter
2428 3415 2731 3485 justitiam,
2785 3416 2924 3470 sicut
2968 3416 3099 3470 dixi.
3146 3415 3455 3473 Secundum

1872 3507 2271 3575 przescientiam
2313 3520 2444 3560 vero
2484 3507 2537 3559 in
2590 3520 2816 3561 numero
2861 3514 3016 3560 erant
3058 3505 3355 3560 malorum:
3386 3508 3454 3563 de

1869 3597 2079 3668 justitia
2106 3599 2249 3652 enim
2273 3598 2416 3652 Deus
2436 3598 2667 3669 judicat,
2701 3614 2807 3653 non
2844 3599 3200 3669 praescientia.
3230 3582 3379 3654 Unde
3402 3608 3459 3653 et

1877 3692 2045 3762 Moysi
2082 3691 2248 3745 dicit:
2280 3690 2336 3745 Si
2376 3690 2491 3759 quis
2517 3690 2798 3757 peccaverit
2846 3699 2966 3743 ante
2992 3706 3091 3755 me,
3135 3688 3312 3742 delebo
3339 3706 3457 3743 eum

1877 3782 1941 3834 de
1972 3780 2101 3833 libro
2129 3797 2240 3834 meo
2274 3778 2467 3851 (Exod.
2521 3778 2714 3851 xxx"),
2762 3789 2819 3834 ut
2860 3780 3153 3835 secundum
3188 3780 3458 3850 justitiam

1872 3870 2071 3941 judicis
2108 3879 2234 3925 tunc
2268 3870 2511 3924 videatur
2540 3870 2705 3923 deleri
2738 3886 2857 3923 cum
2887 3878 3105 3939 peccat;
3131 3868 3287 3936 juxta
3323 3886 3459 3939 prte-

1879 3959 2158 4014 scientiam
2188 3973 2315 4012 vero
2343 3974 2617 4027 nunquam
2662 3959 2716 4011 in
2747 3958 2884 4012 libro
2929 3959 3051 4011 vita:
3092 3957 3279 4013 fuisse.
3322 3958 3460 4013 Hinc

1880 4059 1935 4105 et
1985 4050 2260 4119 apostolus
2301 4050 2535 4111 Joannes
2578 4051 2643 4104 de
2692 4042 2997 4117 huiusmodi
3045 4050 3157 4103 ait:
3190 4049 3273 4103 Ea:
3314 4050 3461 4103 nobis

1879 4143 2140 4205 exierunt,
2170 4140 2260 4194 sed
2288 4157 2393 4192 non
2437 4148 2585 4193 erant
2615 4154 2679 4192 ea:
2700 4140 2844 4192 nobis
2868 4138 2947 4192 :si
2988 4140 3124 4191 enim
3152 4139 3371 4207 fuissent
3397 4154 3462 4192 ea:

1882 4230 2051 4294 nobis,
2100 4230 2504 4298 permansissent
2556 4229 2733 4296 utique
2775 4228 3043 4279 nobiscum
3093 4225 3145 4296 (Ι
3173 4225 3333 4280 Joan.
3372 4226 3456 4297 ιι).

1881 4320 1997 4375 Νοη
2012 4327 2455 4388 estpersonarum
2476 4318 2718 4386 acceptio
2738 4316 2789 4370 in
2812 4315 3151 4387 praescientia
3174 4315 3287 4369 Dei.
3312 4315 3460 4370 Prae—

1882 4414 2109 4469 scientia
2128 4414 2271 4467 enim
2295 4420 2398 4477 est,
2422 4428 2527 4482 qua
2549 4411 2830 4467 deﬁnitum
2864 4412 3045 4477 habet,
3078 4411 3251 4481 qualis
3272 4413 3461 4467 unius-

1882 4504 2141 4575 cujusque
2168 4504 2345 4558 l'utura
2368 4504 2614 4558 voluntas
2643 4504 2765 4568 erit,
2813 4504 2867 4557 in
2899 4520 3003 4572 qua
3043 4518 3329 4582 mansurus
3359 4513 3461 4569 est,

1882 4612 1981 4667 per
2008 4612 2169 4666 quam
2196 4604 2256 4650 ut
2284 4598 2566 4651 damnetur
2596 4602 2689 4649 aut
2729 4602 3034 4649 coronetur.
3062 4592 3299 4663 Denique
3328 4609 3465 4663 quos

1888 4689 1988 4742 scit
2012 4689 2066 4741 in
2094 4690 2236 4743 bono
2259 4703 2565 4752 mansuros,
2588 4686 2900 4757 frequenter
2931 4697 3057 4741 ante
3083 4696 3206 4741 sunt
3233 4688 3382 4754 mali,
3412 4697 3467 4742 ct

1888 4795 2023 4847 quos
2049 4778 2216 4832 malos
2244 4779 2347 4832 scit
2378 4792 2780 4847 permansuros,
2828 4778 3111 4844 aliquoties
3152 4778 3303 4845 prius
3340 4786 3466 4831 sunt

1850 4878 1857 4883 ‘
1888 4870 2011 4924 boni
2042 4886 2054 4920 :
2085 4868 2227 4921 unde
2264 4877 2441 4923 cessat
2489 4868 2729 4936 querela,
2773 4868 2898 4935 quia
2924 4866 3065 4920 Deus
3108 4881 3463 4935 personarum

1890 4966 2139 5025 acceptor
2178 4972 2283 5011 non
2324 4966 2425 5012 est.
2484 4957 2617 5011 Nam
2650 4966 2703 5011 et
2745 4955 2875 5009 Saul
2912 4965 2966 5009 et
2994 4955 3159 5009 Judas
3203 4956 3466 5010 lscarioth

1894 5058 2018 5104 ante
2062 5049 2434 5112 fuerantboni,
2466 5040 2674 5103 dicente
2713 5048 2992 5118 Scriptura
3038 5050 3105 5103 de
3143 5048 3308 5102 Sauli:
3334 5050 3467 5103 Erat

1891 5144 1972 5195 vir
2020 5142 2204 5205 bonus,
2255 5150 2303 5195 et
2349 5158 2447 5193 non
2495 5150 2604 5193 erat
2655 5140 2745 5193 illo
2788 5139 2969 5193 melior
3012 5140 3066 5192 in
3119 5139 3243 5207 ﬁliis
3297 5138 3468 5193 Israel

1896 5234 1947 5305 (Ι
1977 5233 2104 5303 Reg.
2137 5234 2239 5304 ix),
2274 5234 2412 5287 etde
2440 5231 2574 5286 Juda
2598 5232 2856 5287 lscarioth
2884 5231 3013 5286 dicit
3036 5228 3228 5283 Petrus
3257 5239 3469 5300 aposto-

1895 5325 1976 5379 lus
2004 5340 2016 5378 :
2045 5325 2147 5389 Qui
2169 5326 2383 5379 sortitus
2422 5335 2494 5377 est
2526 5332 2714 5377 sortem
2753 5322 3027 5375 ministerii
3049 5321 3206 5389 hujus
3231 5322 3283 5373 in
3308 5322 3468 5390 signis

1894 5424 1939 5466 et
1961 5414 2211 5482 prodigiis
2243 5414 2497 5481 faciendis
2526 5414 2659 5482 (Act.
2708 5412 2770 5481 ι).
2799 5410 3081 5476 Quomodo
3120 5410 3281 5479 igitur
3306 5409 3468 5463 mini-

1896 5505 2120 5559 sterium
2171 5504 2405 5558 salutare
2461 5502 2766 5565 sortiretur,
2824 5500 2929 5553 nisi
2972 5507 3123 5553 esset
3164 5498 3368 5551 bonus?
3414 5495 3476 5549 In

1899 5603 2042 5649 sorte
2079 5595 2220 5648 enim
2254 5594 2347 5649 Dei
2367 5591 2627 5663 judicium
2652 5591 2770 5654 fuit,
2803 5590 3032 5659 dignum
3066 5588 3213 5641 illum
3240 5596 3481 5655 tempore

1902 5698 2008 5752 quo
2034 5685 2242 5739 electus
2286 5692 2384 5737 est.
2437 5681 2587 5736 Sicut
2633 5681 2706 5735 illi
2758 5678 3110 5749 septuaginta
3154 5692 3286 5747 quos
3320 5689 3491 5744 supra

1902 5774 2215 5830 memoravi.
2248 5772 2381 5827 Hinc
2422 5778 2522 5836 est,
2568 5769 2707 5825 unde
2735 5768 2981 5825 etJ’udas
3025 5776 3151 5835 post
3177 5765 3300 5821 mali
3324 5763 3501 5819 totius
