3948 6322
486 360 624 414 4487

1157 358 1219 413 Β.
1261 354 1517 414 RABANI
1530 347 1535 351 ’
1550 356 1770 413 MAURI
1804 356 2059 414 ARCHIE

2166 353 2477 416 MOGUNT.
2515 356 2803 417 OPERUM
2835 355 3015 413 PARS
3051 355 3139 411 IIl.

3616 355 3747 417 i588

477 476 773 531 admissum
802 475 979 530 scelus
1006 475 1325 545 paenitentia
1347 485 1544 544 motus,
1580 477 1775 549 laqueo
1800 478 1966 533 vitam
1996 477 2059 529 ﬁ-
2088 478 2141 539 Α
2166 475 2263 532 ﬁlii
2294 479 2417 545 Det,
2448 480 2542 533 sed
2580 478 2670 547 qui
2700 476 2797 532 ﬁlii
2847 484 2973 531 sunt
3008 474 3472 545 repromissxonis,
3502 473 3592 528 isti
3616 474 3754 532 testi-

476 565 635 632 nivit,
669 582 776 621 non
804 566 948 621 enim
986 573 1165 634 potest
1192 567 1246 621 in
1277 567 1455 637 aliquo
1479 582 1642 623 omne
1679 567 1878 623 bonum
1908 568 2061 638 peni-

474 666 565 713 tus
611 658 886 714 obliterari
917 659 1150 729 :quippe
1196 675 1318 715 cum
1355 668 1550 715 natura
1589 676 1697 717 non
1730 668 1913 730 posset
1962 658 2062 713 im-

474 749 696 815 mutari,
733 749 825 805 sed
851 749 1122 817 voluntas,
1151 767 1259 807 non
1282 752 1334 818 in
1369 753 1623 808 omnibus
1651 760 1830 821 tamen
1859 748 2060 818 causis,

471 841 599 911 quia
621 849 870 896 remanet
897 836 951 895 in
973 851 1191 909 natura,
1207 845 1351 913 quod
1374 847 1685 901 testimonio
1708 847 1777 901 sit
1801 846 2056 901 creatori.

548 931 688 999 Quid
706 948 829 1003 ergo
856 932 1115 986 dicemus?
1145 936 1383 1005 nunquid
1406 937 1656 1006 iniquitas
1685 937 1825 1006 apud
1851 937 2062 991 Deum?

470 1022 640 1075 Absit.
670 1019 865 1092 (Hien)
895 1019 1048 1087 Quod
1097 1022 1367 1091 signiﬁcet
1423 1024 1554 1077 illud
1594 1025 1739 1093 quod
1786 1026 2061 1094 apostolus

470 1110 670 1167 Paulus
703 1110 946 1181 disputat
996 1112 1065 1166 ad
1108 1111 1384 1167 Romanos
1431 1113 1704 1179 scribens,
1760 1114 1899 1180 Quid
1939 1131 2061 1184 ergo

470 1204 743 1260 dicemus!
792 1205 1029 1275 nunquid
1075 1205 1324 1275 iniquitas
1354 1215 1429 1260 est
1455 1206 1596 1276 apud
1632 1206 1845 1260 Deum?
1873 1207 2059 1273 Absit,

470 1310 644 1366 usque
668 1294 736 1350 ad
766 1294 943 1350 locum
978 1294 1069 1348 ubi
1101 1295 1176 1348 ait
1207 1309 1222 1348 :
1254 1293 1376 1349 Nisi
1409 1295 1661 1349 Dominus
1701 1294 1933 1351 Sabaoth
1982 1313 2062 1350 re-

471 1384 704 1456 liquisset
739 1384 886 1438 nobis
918 1399 1094 1438 semen
1119 1424 1134 1445 ,
1181 1384 1317 1438 sicut
1355 1382 1585 1437 Sodoma
1626 1383 1756 1453 facti
1792 1400 2018 1438 essemus
2043 1424 2058 1448 ,

478 1484 517 1529 2t
545 1477 680 1530 sicut
720 1475 1016 1531 Gomorrha
1056 1475 1251 1529 similes
1280 1476 1557 1545 fuissemus
1586 1494 1603 1530 :
1640 1478 1816 1532 omnis
1842 1478 2059 1547 quidem

476 1567 538 1622 ad
582 1567 869 1631 Romanos,
900 1566 1141 1637 Epistola
1189 1566 1635 1636 interpretatione
1700 1568 1906 1638 indiget
1935 1608 1949 1634 ,
2007 1576 2061 1622 et

474 1657 637 1711 tantis
661 1656 1085 1711 obscuritatibus
1117 1656 1355 1709 involuta
1388 1664 1501 1721 est,
1532 1664 1589 1710 ut
1623 1657 1675 1710 in
1714 1658 2061 1727 intelligenda

470 1762 531 1802 ea
561 1746 800 1815 Spiritus
830 1745 1003 1800 sancti
1044 1746 1381 1817 indigeamus
1409 1748 1631 1811 auxilio,
1668 1749 1759 1817 qui
1794 1764 1891 1818 per
1918 1748 2061 1817 Apo-

2167 577 2385 623 mautur
2424 569 2479 622 in
2524 568 2749 623 semine.
2799 566 2870 621 Et
2894 567 2998 621 hoc
3028 580 3136 620 non
3184 565 3357 620 solum
3406 566 3463 620 in
3488 565 3659 622 slsaac
3698 573 3753 622 et

2164 659 2357 715 lsmael
2383 699 2397 724 ,
2427 659 2693 715 accidisse
2717 660 3119 723 convincimus,
3148 658 3243 713 sed
3271 658 3437 713 etiam
3465 659 3518 713 in
3551 660 3753 715 duobus

2167 750 2430 805 Rebecca:
2460 749 2617 813 ﬁliis,
2646 749 2788 804 Esau
2838 756 2894 802 et
2929 747 3128 813 Iacob,
3178 764 3411 818 quorum
3468 750 3607 805 alter
3654 752 3751 807 ab-

2159 841 2359 912 jectus,
2392 840 2531 895 alter
2555 838 2760 894 electus
2786 846 2889 892 est.
2922 837 2989 892 Et
3035 837 3140 893 hoc
3181 847 3356 893 totum
3402 840 3557 905 dicit,
3595 850 3653 896 ut
3697 841 3751 897 in

2163 932 2435 1002 prioribus
2466 929 2742 1001 fratribus,
2776 928 2967 983 lsmael
2995 937 3050 983 et
3076 920 3218 984 Esau
3254 929 3514 999 populum
3542 928 3749 985 Judaeu-

2164 1041 2284 1080 rum
2315 1023 2583 1093 abjectum
2610 1038 2730 1079 esse
2750 1023 3041 1091 signiﬁcet.
3056 1023 3115 1077 In
3134 1024 3531 1093 posterioribus
3552 1034 3747 1089 autem,

2165 1116 2271 1170 hoc
2303 1123 2409 1188 est,
2437 1115 2589 1169 Isaac
2618 1123 2672 1170 et
2708 1114 2875 1169 Jaeob
2902 1114 3133 1169 electum
3176 1116 3435 1185 populum
3474 1118 3709 1185 gentium
3735 1158 3749 1182 ,

2164 1194 2250 1261 vel
2271 1221 2386 1271 eos,
2412 1206 2503 1276 qui
2526 1221 2593 1260 ex
2625 1204 2845 1268 Iudaeis,
2872 1206 2925 1258 in
2966 1205 3240 1260 Christum
3273 1206 3536 1260 credituri
3580 1217 3750 1262 erant.

2165 1296 2234 1351 Et
2262 1296 2517 1366 quoniam
2544 1297 2649 1351 hoc
2684 1296 2869 1350 volens
2896 1295 3195 1365 approbare
3224 1305 3586 1365 proposuerat
3611 1298 3755 1353 testi-

2164 1386 2408 1442 monium
2450 1386 2788 1440 nascentium
2818 1388 3153 1455 geminorum
3182 1385 3323 1441 Esau
3349 1397 3402 1441 et
3430 1386 3601 1442 Ja’cob
3628 1429 3642 1451 ,
3692 1388 3756 1444 de

2166 1477 2361 1546 quibus
2390 1476 2653 1546 scriptum
2686 1484 2786 1536 est,
2815 1476 2990 1544 major
3011 1476 3195 1530 serviet
3229 1478 3445 1541 minori,
3474 1486 3531 1531 et
3562 1478 3614 1530 in
3648 1478 3755 1533 Ma-

2165 1567 2341 1621 lachia
2372 1567 2600 1638 legimus
2634 1584 2646 1620 :
2676 1566 2840 1620 Jacob
2887 1566 3073 1631 dilexi,
3125 1566 3277 1620 Esau
3305 1577 3481 1620 autem
3519 1570 3639 1622 odio
3666 1569 3758 1622 ha-

2166 1658 2253 1711 bui
2295 1656 2451 1727 (Mat.
2484 1657 2567 1728 ι),
2600 1654 2907 1712 venientem
2944 1673 2975 1711 a
3016 1657 3187 1713 latere
3223 1660 3581 1727 quaestionem
3614 1677 3758 1717 more

2168 1765 2267 1805 suo
2298 1751 2549 1820 proponit
2578 1760 2632 1804 et
2652 1750 2905 1821 disserit,
2946 1760 3001 1805 et
3045 1750 3147 1805 hac
3174 1750 3344 1806 soluta
3376 1754 3672 1808 revertitur
3696 1754 3758 1807 ad

468 1840 669 1895 stolum
718 1839 835 1893 btec
868 1838 981 1907 ipsa
1029 1836 1271 1891 dictavit.
1319 1836 1424 1893 Sed
1458 1839 1734 1910 praecipue
1766 1838 1917 1907 locus
1947 1840 2057 1905 hic,
2090 1823 2139 1883 B
2168 1839 2223 1893 id
2272 1839 2339 1894 de
2385 1853 2491 1909 quo
2546 1847 2788 1908 cmperat
2844 1839 3139 1910 disputare.
3188 1837 3244 1893 Si
3295 1841 3435 1895 Esau
3492 1851 3545 1895 et
3600 1840 3760 1897 Iacob

469 1933 523 1986 in
564 1947 673 2001 quo
708 1930 929 2000 quidam
969 1930 1214 1985 volentes
1262 1929 1357 1985 Dei
1409 1945 1629 1986 servare
1675 1929 1938 1999 justitiam
1993 1946 2061 1985 ex

467 2022 903 2095 praecedentibus
937 2022 1139 2085 causis,
1182 2021 1369 2075 dicunt
1404 2022 1634 2076 electum
1672 2020 1727 2075 in
1764 2030 1921 2075 utero
1956 2021 2062 2075 Re-

468 2114 649 2167 beccae
679 2110 868 2176 Jacob,
917 2120 971 2167 et
1020 2111 1288 2181 abjectum
1328 2111 1469 2167 Esau
1495 2153 1508 2177 ,
1539 2112 1680 2169 sicut
1707 2109 1968 2166 Jeremias
2007 2118 2062 2165 et

469 2204 719 2275 Baptista
743 2202 981 2258 Joannes
1010 2202 1283 2274 eliguntur
1316 2204 1369 2257 in
1402 2212 1575 2268 utero,
1609 2212 1663 2256 et
1689 2203 1803 2271 ipse
1832 2201 2063 2271 Aposto-

470 2296 558 2351 lus
604 2296 803 2350 Paulus
846 2295 1265 2364 praedestinatur
1312 2294 1366 2347 in
1420 2293 1711 2363 Evangelio
1771 2302 2061 2361 antequam

467 2395 745 2442 nascatur.
785 2385 950 2441 Nobis
999 2394 1177 2439 autem
1222 2383 1356 2438 nihil
1400 2384 1591 2454 placet,
1630 2384 1734 2437 nisi
1781 2383 1922 2451 quod
1973 2398 2063 2438 ec-

471 2478 835 2534 clesiasticum
869 2485 992 2539 est;
1037 2472 1091 2529 et
1128 2474 1340 2545 publice
1372 2474 1427 2527 in
1457 2473 1696 2527 Ecclesia
1744 2473 1923 2527 dicere
1953 2487 2061 2525 non

468 2570 747 2633 timemus,
774 2583 841 2622 ne
865 2565 1027 2634 juxta
1054 2565 1415 2635 Pythagoram
1440 2574 1495 2617 et
1524 2563 1798 2625 Platonem
1823 2571 1877 2617 et
1901 2563 2063 2639 disci-

468 2663 624 2733 pulos
652 2676 856 2721 eorum,
887 2658 978 2727 qui
1003 2657 1103 2712 sub
1130 2656 1349 2711 nomine
1376 2655 1689 2710 Christiano
1713 2655 2063 2709 introducunt

471 2755 666 2823 dogma
700 2749 1014 2821 gentilium,
1064 2748 1307 2801 dicamus
1355 2746 1564 2799 animas
1618 2745 1798 2812 lapsas
1840 2758 1959 2798 esse
1995 2743 2069 2796 de.

469 2843 630 2907 caelo,
669 2850 724 2895 et
765 2854 863 2909 pro
903 2837 1218 2907 diversitate
1260 2835 1576 2890 meritorum
1614 2834 1667 2887 in
1698 2834 1781 2888 his
1804 2875 1817 2897 ,
1844 2833 1929 2887 vel
1956 2832 2061 2888 illis

469 2937 790 3005 corporibus
837 2947 1028 3003 poenas
1074 2932 1419 3000 antiquorum
1468 2931 1619 2987 luere
1663 2940 2013 3000 peccatorum
2042 2970 2057 2995 ,

469 3027 749 3096 multoque
786 3025 976 3079 melius
1016 3031 1101 3078 est
1143 3023 1458 3091 simpliciter
1505 3022 1832 3091 imperitiam
1891 3020 2062 3076 conﬁ-

468 3121 593 3185 teri,
624 3129 678 3174 et
707 3121 849 3172 inter
877 3125 1074 3171 caetera
1099 3131 1221 3185 quae
1250 3116 1522 3170 nescimus
1563 3117 1723 3170 etiam
1771 3115 1931 3183 hujus
1956 3116 2059 3169 loci

2170 1931 2403 1986 necdum
2452 1939 2608 1985 erant
2638 1932 2755 1985 nati
2783 1972 2798 1997 ,
2830 1940 2923 1985 aut
2956 1931 3155 2001 aliquid
3209 1932 3451 2002 egissent
3498 1933 3625 1986 boni
3674 1940 3763 1986 aut

2171 2024 2318 2085 mali,
2353 2032 2412 2077 ut
2438 2034 2885 2094 promererentur
2923 2024 3091 2079 Dedm
3119 2066 3133 2090 ,
3164 2025 3246 2078 vel
3292 2025 3630 2079 oﬁ‘énderent
3656 2067 3670 2089 ,
3711 2036 3761 2081 et

2171 2115 2363 2170 electio
2388 2130 2571 2169 eorum
2600 2125 2760 2185 atque
2789 2114 3019 2184 abjectio
3042 2133 3150 2170 non
3187 2118 3379 2172 merita
3403 2118 3759 2186 singulorum,

2171 2205 2265 2259 sed
2288 2204 2623 2261 voluntatem
2647 2206 2896 2275 eligentis
2921 2215 2977 2259 et
3010 2204 3319 2274 abjicientis
3342 2209 3607 2272 ostendit,
3637 2207 3760 2277 quid

2170 2314 2298 2367 ergo
2346 2299 2618 2363 dicemus,
2666 2298 2884 2366 iniquus
2938 2307 3021 2353 est
3062 2300 3244 2353 Deus?
3288 2301 3589 2355 secundum
3640 2300 3761 2353 illud

2170 2390 2477 2459 exemplum
2514 2390 2657 2459 quod
2702 2391 2942 2460 loquitur
2984 2393 3049 2445 ad
3111 2392 3327 2462 Moysen
3376 2412 3389 2423 -
3435 2394 3757 2457 Μὶδενὲιὸογ,

2170 2482 2256 2535 cui
2311 2482 2553 2535 misertus
2600 2482 2792 2550 fuero;
2824 2492 2869 2536 et
2913 2483 3330 2537 miscricordiam
3373 2489 3639 2554 pra‘stabo
3684 2487 3760 2539 cui

2170 2572 2454 2626 miserebor
2475 2572 2674 2642 (Exod.
2708 2573 2924 2643 xxxm).
2956 2574 3013 2628 Si
3045 2574 3166 2637 hoc,
3201 2576 3397 2645 inquit,
3429 2580 3720 2647 recipimus
3745 2619 3759 2644 ,

2170 2672 2231 2717 ut
2272 2663 2435 2717 faciat
2478 2663 2618 2719 Deus
2668 2665 3028 2735 quodcunque
3064 2666 3298 2720 voluerit
3338 2668 3547 2737 absque
3576 2670 3762 2725 merito

2170 2762 2225 2809 et
2249 2756 2522 2824 operibus,
2552 2756 2639 2810 vel
2668 2756 2832 2827 eligat
2858 2757 3092 2827 aliquem
3119 2759 3204 2813 vel
3236 2760 3568 2814 condemnet
3592 2804 3605 2821 ,
3639 2778 3762 2834 ergo

2173 2861 2277 2897 non
2304 2856 2377 2897 est
2407 2844 2649 2910 volentis,
2684 2863 2845 2915 neque
2872 2849 3129 2901 currentis
3154 2888 3168 2913 ,
3202 2849 3292 2902 sed
3324 2851 3625 2904 miserantis
3649 2851 3761 2916 Dei,

2172 2936 2432 3007 maxime,
2463 2952 2585 2991 cum
2617 2938 2804 2992 eadem
2837 2936 3142 3007 Scriptura,
3170 2941 3274 2995 hoc
3298 2951 3405 3005 est,
3433 2943 3579 2999 idem
3606 2944 3758 3010 Deus,

2171 3022 2424 3093 loquatur
2448 3025 2512 3079 ad
2550 3025 2890 3081 Pharaonem
2920 3028 2975 3081 in
3006 3028 3101 3081 hoc
3128 3030 3299 3098 ipsum
3327 3033 3551 3087 excitavi
3597 3045 3667 3096 le,
3712 3042 3762 3087 ut

2174 3115 2445 3167 ostendam
2472 3116 2526 3168 in
2554 3124 2603 3169 te
2633 3118 2872 3191 virtutem
2895 3135 3093 3184 meam,
3128 3131 3175 3174 et
3206 3124 3555 3176 annuntietur
3584 3142 3764 3179 nomen

472 3208 862 3267 obscuritatem
912 3206 1177 3276 refugere.
1223 3205 1471 3273 Quandiu
1510 3205 1759 3260 volumus
1808 3202 1903 3260 D‘ei
1936 3220 2064 3275 pro-
2095 3176 2140 3238 Ο
2170 3221 2344 3257 meum
2375 3206 2429 3258 in
2456 3188 2698 3260 universa
2729 3217 2893 3273 terra,
2918 3210 2963 3263 si
2995 3212 3098 3265 hoc
3125 3211 3199 3263 ita
3227 3221 3371 3266 esset
3399 3255 3413 3276 ,
3445 3230 3546 3282 pro
3579 3216 3761 3269 volun-

468 3302 602 3357 bare
640 3299 907 3369 justitiam
936 3338 951 3362 ,
981 3296 1235 3351 Basilidis
1278 3304 1333 3350 et
1389 3295 1669 3351 Manichaei
1696 3296 1946 3351 haeresim
1974 3296 2064 3350 de-

468 3389 724 3455 fendere,
774 3384 829 3443 et
878 3388 1061 3441 lberas
1112 3387 1316 3441 ntenias
1362 3385 1743 3455 Egyptiorum
1810 3394 2064 3455 portenta

470 3480 689 3537 sectari.
722 3478 980 3532 Dicamus
1022 3476 1211 3546 igitur,
1240 3484 1300 3529 ut
1340 3489 1630 3544 possumus
1657 3482 1709 3528 et
1740 3472 2065 3543 Apostolicac

468 3571 764 3639 voluntatis
794 3576 1083 3637 sequentes
1106 3566 1355 3638 vestigia,
1393 3581 1462 3621 ne
1490 3574 1692 3635 puncto
1719 3566 1961 3635 quidem,
2006 3574 2067 3619 ut

476 3666 697 3729 dicitur,
730 3670 893 3731 atque
919 3675 1098 3731 ungue
1126 3669 1462 3723 transverso,
1501 3659 1568 3712 ab
1611 3658 1754 3712 illius
1779 3657 2064 3713 sententiis

471 3756 813 3815 recedamus,
831 3750 1055 3806 ﬂeverat
1071 3759 1318 3821 supra,et
1340 3749 1523 3804 dolore
1537 3764 1756 3818 pressus
1784 3748 2065 3802 conscien-

471 3850 561 3903 tia:
576 3854 769 3902 testem
788 3844 1134 3898 invocaverat
1148 3841 1411 3909 Spiritum
1436 3849 1685 3895 sanctum
1701 3839 1843 3909 quod
1866 3838 2065 3894 fratres

474 3939 557 3993 sui
585 3946 639 3991 et
664 3935 881 4006 cognati
930 3932 1226 3988 secundum
1269 3945 1487 3985 carnem
1514 3972 1528 3995 ,
1570 3931 1621 3984 id
1657 3939 1780 3994 est,
1805 3929 2066 3984 Israelita:

474 4029 572 4085 Dei
610 4028 806 4082 Filium
824 4042 927 4080 non
966 4024 1318 4094 recepissent,
1354 4020 1723 4092 quorumfuit
1751 4020 1988 4090 adoptio,
2013 4027 2068 4074 et

472 4122 661 4194 gloria,
704 4129 759 4174 et
813 4126 1196 4173 testamentum
1225 4156 1239 4180 ,
1289 4123 1343 4168 et
1400 4112 1695 4184 legislatio,
1742 4120 1797 4166 et
1833 4110 2062 4179 cultura,

476 4221 531 4268 et
566 4209 882 4282 promissio,
913 4224 979 4261 ex
1008 4207 1206 4275 quibus
1249 4205 1414 4258 etiam
1454 4203 1567 4272 ipse
1593 4201 1843 4256 Christus
1874 4215 2065 4255 secun-

474 4302 603 4355 dum
628 4313 849 4354 carnem
880 4296 947 4349 de
968 4296 1135 4350 Maria
1162 4300 1451 4365 generatus
1473 4301 1556 4347 est
1578 4290 1833 4362 Virgine,
1858 4298 1912 4345 et
1953 4300 2065 4343 tam

473 4392 735 4448 continuo
764 4388 947 4449 cordis
976 4386 1159 4440 dolore
1187 4392 1491 4452 torquetur,
1521 4391 1580 4436 ut
1606 4382 1722 4452 ipse
1755 4390 1903 4452 optet
1935 4397 2066 4455 ana-3

475 4485 655 4537 thema
682 4492 802 4533 esse
834 4493 863 4530 a
905 4476 1141 4539 Christo,
1171 4475 1223 4527 id
1250 4470 1353 4539 est,
1381 4472 1529 4527 solus
1555 4474 1753 4541 perire,
1798 4488 1866 4527 ne
1905 4485 2065 4526 omne

470 4570 829 4627 lsraeliticum
862 4582 1030 4637 genus
1050 4574 1255 4635 pereat,
1283 4573 1338 4617 et
1359 4564 1485 4631 quia
1516 4563 1619 4615 hoc
1640 4561 1850 4615 dixerat
1879 4561 2060 4615 statim

477 4663 781 4716 venientem
831 4673 862 4711 e
904 4657 1123 4727 regione
1187 4654 1445 4723 praevidet
1492 4652 1863 4721 quaestionem.
1926 4648 2063 4715 Quid

474 4769 603 4823 ergo
626 4752 802 4807 dicis?
842 4764 1033 4803 omnes
1069 4748 1161 4816 qui
1194 4762 1257 4801 cx
1296 4745 1463 4800 Israel
1494 4753 1620 4798 sunt
1659 4744 1973 4815 perierunt?
2008 4752 2063 4797 et

474 4839 747 4909 quomodo
779 4846 833 4889 tu
867 4837 979 4905 ipse
1005 4843 1058 4888 et
1092 4832 1273 4889 caeteri
1320 4831 1583 4900 Apostoli,
1619 4840 1675 4885 et
1716 4831 1923 4884 inﬁnita
1970 4829 2063 4901 Ju-

476 4932 613 4987 daici
645 4928 827 4999 populi
869 4926 1175 4988 multitudo,
1214 4924 1489 4978 Christum
1530 4922 1624 4976 Dei
1672 4920 1866 4974 Filium
1914 4935 2063 4975 rece-

474 5021 673 5094 pistis?
699 5033 860 5088 quam
898 5018 974 5069 ita
1003 5015 1187 5078 solvit,
1214 5011 1381 5067 Israel
1423 5013 1474 5065 in
1515 5011 1810 5081 Scripturis
1859 5010 2062 5065 sanctis

478 5112 767 5181 dupliciter
797 5106 1116 5177 appellatur,
1145 5117 1200 5159 et
1239 5105 1293 5157 in
1334 5105 1469 5158 duos
1501 5102 1760 5157 dividitur
1798 5100 1970 5165 ﬁlios;
2004 5101 2059 5154 in

477 5218 668 5266 unum,
696 5200 787 5270 qui
815 5200 971 5266 juxta
998 5210 1215 5251 carnem
1242 5203 1344 5258 est,
1371 5206 1424 5248 et
1455 5195 1507 5247 in
1534 5194 1763 5247 alterum
1791 5194 1881 5261 qui
1904 5193 2059 5261 juxta

478 5293 954 5366 repromissiouem
981 5298 1036 5343 et
1062 5288 1310 5358 spiritum
1340 5302 1353 5349 ;
1388 5286 1659 5339 Abraham
1705 5285 1837 5338 duos
1876 5282 2062 5336 habuit

478 5388 641 5449 ﬁlios,
669 5382 861 5438 lsmael
887 5390 941 5435 et
968 5381 1147 5444 Isaac;
1180 5377 1502 5447 lsmael,qui
1524 5377 1816 5431 secundum
1838 5389 2058 5429 carnem

478 5486 641 5532 natus
690 5484 812 5537 est,
855 5472 1225 5526 haereditatent
1274 5470 1443 5538 patris
1496 5484 1601 5523 non
1643 5468 1880 5537 accepit;
1910 5467 2060 5521 Isaac

477 5571 571 5641 qui
604 5565 1022 5637 repromissione
1044 5572 1332 5633 generatus
1360 5571 1443 5616 est
1471 5577 1535 5615 ex
1568 5562 1719 5626 Sara,
1752 5576 1933 5617 semen
1961 5561 2057 5618 Dei

479 5656 799 5729 appellatur.
835 5654 1105 5724 Scriptum
1154 5664 1237 5708 est
1284 5654 1425 5708 enim
1469 5672 1479 5705 :
1512 5651 1576 5705 lu
1602 5652 1757 5706 Isaac
1794 5654 2059 5707 vocabitur

482 5751 572 5806 tibi
595 5765 765 5805 semen
796 5745 949 5818 (Gen.
988 5745 1132 5815 ut),
1170 5745 1223 5801 id
1248 5753 1351 5810 est,
1382 5760 1489 5801 non
1518 5744 1611 5814 qui
1646 5744 1739 5801 ﬁlii
1770 5746 1972 5811 carnis,
2003 5745 2056 5799 hi

2172 3304 2281 3349 tate
2311 3312 2405 3350 sua
2442 3297 2734 3351 miseretur
2780 3300 2977 3364 Israel,
3031 3310 3085 3356 et
3136 3302 3351 3357 indurat
3403 3304 3760 3360 Pharaonem.

2170 3384 2310 3454 Ergo
2364 3383 2563 3439 frustra
2591 3388 2837 3454 queritur
2874 3398 3036 3458 atque
3072 3403 3329 3447 causatur
3356 3408 3453 3447 nos
3481 3394 3568 3448 vel
3626 3396 3764 3450 bona

2170 3492 2274 3530 non
2306 3476 2501 3533 fecisse
2528 3478 2613 3532 vel
2642 3479 2838 3536 fecisse
2866 3482 3028 3546 mala,
3059 3500 3182 3539 cum
3206 3488 3265 3554 in
3314 3496 3583 3556 potestate
3625 3490 3764 3545 illius

2170 3573 2241 3625 sit
2291 3582 2346 3626 ct
2376 3573 2657 3629 voluntate
2700 3574 2904 3646 absque
2933 3576 3091 3633 bonis
3120 3588 3173 3633 ct
3208 3580 3366 3634 malis
3399 3580 3658 3651 operibus
3680 3580 3764 3635 vel

2171 3662 2369 3732 eligere
2414 3665 2647 3734 aliquem
2676 3708 2689 3730 ,
2720 3667 2804 3722 vel
2838 3668 3114 3738 abjicere;
3163 3674 3461 3731 praesertim
3516 3691 3637 3729 cum
3672 3690 3766 3730 vo-

2170 3755 2363 3810 luntati
2416 3756 2561 3811 illius
2605 3759 2841 3813 humana
2877 3760 3140 3831 fragilitas
3188 3765 3445 3819 resistere
3476 3776 3761 3836 nequeat,

2168 3860 2329 3913 quam
2379 3846 2610 3901 validam
2663 3850 3013 3918 quzestionem
3087 3854 3480 3921 scripturarum
3554 3858 3762 3914 ratione

2168 3943 2478 3991 contextam
2507 3978 2523 4004 ,
2572 3947 2628 3992 et
2676 3953 2821 4008 pene
2873 3940 3213 3997 insolubilem
3275 3945 3423 3999 brevi
3475 3947 3762 4015 Apostolus

2167 4039 2417 4081 sermone
2457 4018 2735 4092 dissolvit,
2787 4030 2973 4086 dicens
3009 4049 3020 4085 :
3056 4029 3102 4085 0
3138 4034 3313 4097 homo,
3340 4044 3397 4087 tu
3425 4036 3545 4103 quis
3569 4020 3764 4108 πέφνε

2168 4116 2482 4186 respondeas
2514 4117 2659 4171 Deo?
2687 4112 2874 4173 Et'est
2907 4136 3115 4184 sensus,
3149 4139 3213 4177 ex
3245 4139 3310 4179 eo
3354 4127 3498 4194 quod
3534 4143 3759 4196 respon-

2165 4203 2296 4259 deas
2324 4204 2456 4271 Deo,
2480 4216 2534 4261 et
2556 4208 2885 4263 calumniam
2924 4209 3060 4267 facis
3086 4214 3156 4276 ei,
3196 4214 3261 4268 de
3291 4215 3583 4285 scripturis
3608 4226 3756 4272 tanta

2166 4298 2435 4365 perquiris
2458 4339 2472 4362 ,
2507 4307 2568 4353 ut
2609 4299 2847 4370 loquaris
2883 4313 3071 4358 contra
3126 4306 3290 4362 Deum
3319 4348 3333 4371 ,
3378 4317 3436 4364 et
3488 4311 3755 4380 justitiam

2167 4388 2463 4445 voluntatis
2494 4390 2611 4458 ejus
2642 4393 2903 4462 inquiras,
2934 4398 3177 4461 ostendis
3213 4409 3263 4455 te
3307 4400 3466 4457 liberi
3499 4404 3710 4458 arbitrii
3737 4443 3752 4469 ,

2168 4490 2222 4531 et
2250 4478 2432 4535 facere
2457 4484 2598 4550 quod
2627 4485 2730 4548 vis,
2772 4494 2827 4537 et
2865 4496 3044 4540 tacere
3068 4528 3081 4551 ,
3115 4489 3197 4541 vel
3227 4489 3394 4559 loqui.
3426 4492 3481 4547 Si
3516 4496 3660 4548 enim
3704 4497 3755 4549 in

2170 4570 2578 4625 similitudinem
2616 4572 2761 4627 vasis
2806 4573 2986 4629 fictilis
3015 4584 3065 4629 te
3093 4592 3121 4629 a
3155 4577 3266 4633 Deo
3297 4592 3544 4635 creatum
3578 4597 3751 4652 putas,

2166 4668 2220 4713 et
2246 4660 2386 4716 illius
2415 4678 2520 4716 non
2548 4678 2707 4732 posse
2733 4660 2989 4718 resistere
3013 4666 3295 4731 voluntati,
3321 4670 3423 4725 hoc
3444 4664 3750 4741 considera,

2166 4752 2292 4818 quia
2318 4766 2414 4807 vas
2442 4752 2607 4806 ﬁctile
2630 4769 2733 4807 non
2763 4754 2893 4808 dicit
2917 4755 3106 4825 ﬁgulo:
3134 4773 3301 4827 quare
3325 4776 3413 4815 me
3433 4763 3514 4817 sic
3546 4763 3753 4819 fecisti?

2163 4841 2385 4912 Figulus
2409 4843 2553 4896 enim
2600 4843 2763 4897 habet
2786 4854 3109 4913 potestatem
3140 4848 3205 4903 de
3232 4850 3423 4905 eodem
3462 4851 3577 4906 luto
3608 4854 3747 4909 aliud

2164 4947 2259 4985 vas
2290 4932 2470 4986 facere
2500 4933 2554 4985 in
2587 4933 2869 4998 honorem,
2900 4935 3045 4989 aliud
3071 4953 3199 4994 vero
3236 4940 3288 4994 in
3335 4946 3741 5001 contumeliam.

2165 5022 2306 5074 Deus
2331 5030 2511 5074 autem
2542 5022 2734 5091 aequali
2758 5032 2982 5080 cunctos
3010 5035 3155 5083 sorte
3189 5034 3488 5097 generavit,
3513 5044 3569 5088 et
3607 5036 3747 5090 dedit

2165 5111 2373 5165 arbitrii
2402 5112 2728 5178 libertatem,
2755 5124 2815 5167 ut
2854 5113 3012 5171 faciat
3044 5123 3415 5192 unusquisque
3444 5126 3587 5192 quod
3615 5126 3742 5191 vult,

2162 5202 2274 5256 sive
2321 5201 2539 5267 bonum,
2579 5204 2693 5258 sive
2734 5204 2955 5259 malum.
2998 5206 3055 5260 In
3111 5216 3319 5265 tantum
3362 5223 3547 5269 autem
3604 5216 3743 5269 dedit

2161 5292 2411 5347 omnibus
2456 5300 2801 5361 potestatem,
2834 5303 2893 5347 ut
2916 5310 3021 5349 vox
3063 5296 3225 5365 impia
3281 5300 3521 5370 disputet
3560 5314 3741 5357 contra

2162 5392 2461 5438 creatorem
2491 5399 2670 5449 suum,
2700 5392 2755 5439 et
2785 5400 2977 5441 causas
3007 5388 3298 5444 voluntatis
3332 5390 3449 5458 ejus
3495 5410 3740 5463 perscru-

2162 5481 2338 5536 tetur;
2398 5473 2480 5526 sin
2530 5480 2709 5527 autem
2746 5474 2934 5528 volens
2976 5476 3117 5531 Deus
3179 5480 3471 5535 ostendere
3510 5482 3646 5535 itam
3688 5492 3740 5538 ct

2160 5572 2345 5618 notam
2367 5562 2547 5617 facere
2571 5564 2867 5633 potentiam
2894 5578 3066 5631 suam,
3097 5568 3352 5623 sustinuit
3382 5574 3438 5623 in
3463 5572 3634 5627 multa
3658 5588 3742 5641 pa-

2162 5653 2347 5709 tientia
2393 5669 2521 5708 vasa
2576 5654 2670 5720 iraa
2713 5662 2835 5723 apta
2876 5655 2931 5709 in
2974 5656 3271 5721 interitum,
3324 5671 3383 5714 ut
3433 5664 3739 5719 ostenderet

2159 5746 2373 5802 divitias
2414 5746 2595 5818 gloria:
2622 5762 2731 5802 suae
2763 5746 2817 5801 in
2856 5763 2985 5805 vasa
3012 5748 3422 5819 misericordiae,
3454 5768 3576 5821 qua:
3601 5766 3735 5825 pre-
