3948 6376
214 360 356 417 1489

747 357 1297 417 ENA'RRATIONUM
1333 356 1402 412 lN
1439 354 1586 412 EPP.
1628 348 1833 409 PAULI
1870 351 1996 407 LIB.
2035 352 2099 407 γ.
2141 380 2213 393 --
2247 349 2315 405 ΙΝ
2352 348 2574 407 EPIST.
2617 351 2708 405 AD
2745 350 2915 408 ROM.

3348 348 3485 405 1490

209 474 423 546 paravit
462 474 517 530 in
555 473 778 545 gloriam
803 515 817 539 ,
846 489 981 543 quos
1003 484 1057 528 et
1086 473 1317 538 vocavit,
1365 485 1473 526 non
1517 468 1690 525 solum
1720 481 1786 521 ex
1817 468 1864 529 Α
1895 464 2084 520 luntati
2148 458 2284 535 ejus
2318 468 2433 536 quis
2486 476 2652 537 potest
2712 468 2998 522 resistere?
3045 466 3123 521 sic
3170 464 3486 534 Apostolum

208 564 429 633 Judzeis,
460 564 556 620 sed
584 566 746 620 etiam
778 582 845 620 cx
871 564 1141 636 gentibus,
1180 563 1317 617 sicut
1356 562 1409 615 in
1440 560 1577 629 Osee
1615 560 1747 614 dicit
1777 573 1794 612 :

226 656 413 712 Vocavi
439 674 543 712 non
572 658 770 728 plebem
800 672 990 721 meam,
1024 654 1221 727 plebem
1263 670 1429 707 meam
1458 662 1548 717 ;et
1581 668 1684 705 non
1709 650 1795 703 di-

209 747 396 801 lectam
416 787 431 810 ,
460 743 736 811 dilectam,
780 754 829 798 et
875 745 972 798 erit
1000 744 1057 797 in
1103 742 1215 797 loco
1256 742 1345 795 ubi
1376 742 1576 794 dictum
1601 750 1673 795 est
1704 740 1751 793 ei
1779 779 1795 804 ,

211 836 337 891 Non
383 836 525 907 plebs
578 853 691 889 mea
740 851 868 899 vos,
916 834 987 886 ibi
1029 833 1352 888 vocabuntur
1398 831 1499 899 ﬁlii
1554 830 1649 883 Dei
1700 829 1797 884 vivi

211 925 358 988 (Ose.
390 926 451 997 ιι)
478 967 491 988 ,
539 937 593 979 et
628 933 820 980 caetera
853 939 973 993 quae
1003 934 1304 992 sequuntur
1328 938 1351 987 ;¹
1376 922 1443 986 si,
1479 920 1672 990 inquit,
1703 934 1799 988 pa-

215 1018 403 1071 tientia
441 1018 535 1071 Dei
562 1016 835 1071 induravit
864 1017 1199 1071 Pharaonem
1226 1056 1240 1079 ,
1270 1023 1325 1068 et
1351 1013 1517 1068 multo
1554 1020 1798 1082 tempore

207 1122 400 1178 ptenas
427 1109 636 1164 distulit
657 1110 892 1172 lsraelis,
918 1118 975 1162 ut
990 1108 1195 1177 justius
1216 1106 1627 1169 condemnaret,
1660 1119 1796 1173 quos

206 1208 359 1254 tanto
402 1208 646 1271 tempore
674 1201 1046 1265 sustinuerat,
1092 1214 1202 1254 non
1240 1199 1335 1253 Dei
1367 1195 1667 1252 accusanda
1702 1209 1797 1264 pa-

207 1290 395 1346 tientia
425 1302 509 1347 est
531 1301 586 1347 et
608 1292 818 1346 inﬁnita
846 1291 1132 1347 clementia
1160 1331 1174 1356 ,
1226 1290 1319 1345 sed
1349 1304 1539 1344 eorum
1573 1286 1795 1352 duritia,

206 1382 301 1452 qui
350 1381 595 1437 bonitate
633 1381 730 1435 Dei
761 1381 815 1434 in
849 1381 1210 1450 perditionem
1248 1394 1401 1434 suam
1451 1378 1604 1433 abusi
1647 1384 1794 1432 sunt.

202 1471 459 1542 Alioquin
492 1488 632 1527 unus
656 1480 741 1526 est
762 1472 891 1527 solis
926 1474 1093 1537 calor,
1127 1482 1182 1527 et
1208 1472 1502 1527 secundum
1531 1470 1799 1525 essentias

204 1563 569 1633 subjacentes,
606 1563 713 1616 alia
748 1561 1055 1631 liquefacit,
1088 1562 1189 1615 alia
1216 1562 1451 1623 indurat,
1483 1560 1587 1614 alia
1615 1558 1793 1623 solvit,

206 1652 314 1707 alia
348 1652 701 1723 constringit;
743 1652 980 1721 liquatur
1016 1652 1161 1705 enim
1211 1666 1334 1704 cera
1360 1691 1373 1715 ,
1421 1659 1477 1704 et
1515 1649 1808 1703 induratur‘

202 1746 396 1810 lutum,
427 1754 481 1800 et
508 1754 686 1801 tamen
726 1761 832 1800 non
878 1752 963 1800 est
990 1745 1203 1799 diversa
1226 1744 1422 1798 caloris
1445 1750 1672 1807 natura;
1718 1741 1796 1795 sic

1900 557 2266 639 respondisse,
2291 570 2325 611 ο
2362 557 2542 622 homo,
2573 558 2667 627 qui
2696 569 2841 615 terra
2893 566 2949 613 et
2998 557 3139 613 cinis
3180 572 3239 612 es
3266 597 3280 623 ,
3320 556 3489 612 audes

1897 647 2010 702 Deo
2052 646 2231 702 facere
2271 649 2658 716 quaestionem,
2700 662 2734 702 o
2760 663 2855 703 vas
2886 647 3083 719 fragile
3108 654 3278 717 atque
3317 654 3486 701 testa-

1898 750 2054 791 ceum
2104 735 2337 791 rebellas
2385 746 2575 792 contra
2619 735 2840 807 figulum
2889 737 3077 790 tuum?
3125 734 3368 804 nunquid
3419 733 3485 788 ﬁ-

1898 838 2174 898 gmentum
2213 838 2390 898 potest
2436 830 2617 885 dicere
2665 830 2715 885 ei
2761 829 2853 899 qui
2896 844 2953 884 se
2983 828 3162 894 ﬁnxit,
3202 842 3370 898 quare
3398 841 3488 881 me

1898 919 1979 975 sic
2014 919 2233 976 fecisti?
2265 931 2359 974 aut
2389 937 2493 975 non
2524 922 2687 976 habet
2727 929 3053 991 potestatem
3076 918 3270 990 ﬁgulus
3292 918 3390 973 luti
3420 934 3490 974 ex

1898 1009 2085 1063 eadem
2119 1026 2299 1083 massa
2330 1010 2475 1065 aliud
2504 1011 2721 1081 quidem
2753 1027 2845 1066 vas
2869 1010 3049 1065 facere
3093 1012 3146 1064 in
3180 996 3443 1066 honorem
3470 1050 3489 1075 ,

1900 1103 2045 1157 aliud
2090 1119 2222 1160 vero
2253 1106 2306 1159 in
2356 1106 2784 1161 contumeliam?
2817 1116 3022 1161 aeterno
3058 1107 3223 1178 igitur
3271 1106 3491 1161 silentio

1899 1195 2227 1262 conticesce,
2252 1204 2307 1250 et
2334 1197 2469 1251 scito
2502 1197 2852 1266 fragilitatem
2897 1210 3044 1252 tuam
3071 1239 3085 1263 ,
3125 1208 3179 1252 et
3226 1213 3332 1252 non
3379 1198 3493 1253 Deo

1900 1303 2115 1342 moveas
2142 1289 2495 1358 quaestionem
2535 1289 2629 1357 qui
2658 1288 2785 1344 fecit
2806 1291 2950 1359 quod
2976 1290 3165 1354 voluit,
3193 1298 3255 1344 ut
3279 1290 3333 1344 in
3356 1289 3492 1343 alios

1901 1378 2158 1453 clamans,
2203 1380 2257 1434 in
2312 1380 2452 1435 alios
2503 1396 2726 1436 severus
2772 1383 3053 1438 existeret.
3107 1380 3306 1453 (θήρ.)
3350 1380 3491 1447 Quid

1900 1450 2020 1541 ει·ᾖο
2052 1514 2065 1537 ,
2112 1473 2331 1549 inquit,
2388 1474 2668 1528 dicemus?
2720 1473 2975 1539 Nunquid
3037 1450 3294 1544 iniquitas
3350 1471 3493 1540 apud

1900 1561 2297 1617 Deum?abslt.
2348 1563 2425 1617 Ex
2469 1563 3169 1633 personacontradicentis
3214 1562 3319 1618 sibi
3364 1562 3496 1619 dicit

1898 1654 2189 1722 Apostolus
2222 1655 2520 1727 :.Nunquid
2546 1658 2794 1729 iniquitas
2828 1658 2969 1729 apud
3006 1658 3196 1723 Deum,
3224 1665 3280 1713 et
3305 1657 3491 1712 statim

1900 1744 1954 1821 in
1989 1745 2158 1801 initiis
2184 1748 2493 1818 respondet,
2528 1750 2682 1813 absit,
2733 1759 2794 1805 ut
2820 1751 2886 1804 ad
2922 1750 3103 1804 omnia
3141 1757 3337 1804 caetera
3371 1764 3493 1818 quae

203 1845 259 1893 et
302 1838 516 1892 bonitas
548 1837 643 1892 Dei
674 1845 837 1904 atque
865 1835 1151 1891 clementia
1184 1849 1312 1888 vasa
1358 1834 1452 1887 irre
1476 1872 1489 1896 ,
1520 1846 1640 1900 quae
1672 1837 1795 1900 apta
1825 1831 1966 1899 Bex
2013 1853 2240 1906 persona
2292 1841 2714 1896 contradicentis
2746 1840 3048 1909 objicienda
3082 1850 3223 1902 sunt,
3256 1841 3325 1894 ab
3350 1839 3494 1908 Apoo

200 1938 332 1984 sunt
363 1931 414 1983 iu
444 1929 747 1989 interitum,
781 1927 832 1981 id
872 1934 997 1991 est,
1045 1924 1296 1995 populum
1342 1923 1506 1979 lsrael
1555 1923 1791 1977 indurat.

200 2016 344 2072 Vasa
373 2028 552 2072 autem
574 2017 1117 2085 misericordiamque:
1129 2015 1452 2085 praeparavit
1476 2014 1527 2068 in
1546 2013 1793 2084 gloriam,

199 2127 322 2183 qua:
351 2120 406 2166 et
442 2104 689 2175 vocavit,
723 2112 826 2165 hoc
860 2120 962 2174 est,
996 2126 1114 2176 nos,
1146 2112 1233 2179 qui
1260 2126 1367 2164 non
1397 2110 1569 2165 solum
1597 2124 1663 2164 ex
1698 2107 1793 2162 Ju—

198 2202 331 2257 daeis
356 2218 562 2266 sumus,
595 2202 690 2255 sed
716 2194 880 2255 etiam
912 2216 979 2256 ex
1008 2201 1277 2273 gentibus,
1313 2216 1418 2255 non
1450 2200 1626 2254 salvat
1656 2200 1796 2253 irra—

199 2290 533 2345 tionabiliter
583 2300 635 2345 et
679 2291 884 2360 absque
921 2291 1112 2362 judicii
1158 2292 1420 2357 veritate;
1478 2286 1575 2345 sed
1617 2290 1798 2346 causis

195 2383 647 2453 praecedentibus,
678 2384 802 2451 quia
834 2382 924 2436 alii
947 2398 1054 2437 non
1077 2391 1433 2452 susceperunt
1457 2382 1648 2437 Filium
1672 2384 1795 2450 Dei,

192 2474 290 2527 alii
338 2489 432 2528 sua
458 2481 649 2541 sponte
674 2474 917 2543 recipere
960 2473 1267 2528 voluerunt.
1296 2472 1422 2528 Haec
1456 2481 1638 2528 autem
1665 2488 1795 2529 vasa

200 2565 606 2629 misericordiae,
634 2580 739 2619 non
768 2564 939 2619 solum
968 2566 1196 2635 populus
1218 2565 1459 2635 gentium
1495 2572 1599 2629 est,
1626 2564 1721 2619 sed
1744 2572 1800 2620 et

199 2654 279 2717 hi,
307 2654 400 2721 qui
439 2668 506 2707 ex
540 2652 742 2709 Judaeis
786 2654 1012 2709 credere
1056 2654 1378 2717 voluerunt,
1422 2662 1478 2708 et
1505 2669 1645 2709 unus
1674 2668 1796 2708 cre—

200 2745 441 2800 dentium
472 2744 695 2801 et'fectus
716 2756 801 2801 est
834 2747 1082 2815 populus.
1114 2747 1191 2801 Ex
1223 2762 1330 2816 quo
1358 2748 1665 2802 ostenditur
1688 2763 1796 2803 non

198 2844 390 2906 gentes
414 2835 560 2908 eligi,
610 2838 704 2892 sed
740 2827 1377 2915 hominumsvoluntates,
1428 2846 1589 2909 atque
1611 2834 1693 2893 ita
1721 2839 1799 2893 fa-

199 2935 349 2982 ctum
382 2936 499 2991 est,
533 2936 591 2982 ut
624 2928 940 2999 impleretur
974 2930 1105 2985 illud
1136 2931 1280 2999 quod
1331 2931 1533 2986 dictum
1580 2940 1665 2987 est
1700 2948 1799 3003 per

197 3015 395 3072 Oscam
428 3036 441 3071 :
487 3017 677 3073 νοιςαυὶ
705 3036 805 3073 ηοη
846 3020 1042 3089 plebem
1086 3038 1255 3076 meam
1285 3063 1299 3088 ,
1347 3023 1545 3093 plebem
1580 3041 1746 3078 meam
1779 3064 1794 3090 ,

200 3109 308 3165 hoc
334 3119 441 3175 est,
474 3111 729 3181 populum
754 3114 1014 3183 gentium,
1034 3108 1095 3168 'et
1128 3115 1324 3184 quibus
1374 3117 1525 3186 prius
1571 3118 1792 3172 diceba-

1901 1927 2040 1981 stolo
2061 1944 2275 1999 semper
2300 1932 2613 2001 responderi
2636 1932 2900 1997 videatur,
2926 1932 3080 1985 absit.
3102 1930 3335 2001 (Ambr.)
3352 1930 3492 1997 Quia

1901 2023 2046 2076 enim
2076 2038 2243 2077 unum
2271 2023 2465 2095 diligit,
2499 2031 2553 2079 et
2576 2022 2803 2078 alterum
2836 2025 2970 2090 odit,
3002 2024 3243 2092 nunquid
3278 2022 3355 2076 ait
3383 2021 3489 2075 iui-

1902 2130 2042 2183 quus
2065 2115 2188 2167 est?
2217 2130 2324 2168 non
2355 2114 2532 2184 plane,
2567 2115 2661 2169 sed
2682 2124 2883 2182 justus.
2927 2113 3044 2169 Scit
3071 2114 3216 2168 enim
3245 2112 3374 2182 quid
3406 2110 3491 2165 fa-

1902 2204 2013 2258 ciat
2040 2211 2094 2257 et
2124 2218 2226 2258 nec
2253 2205 2662 2259 retractandum
2691 2214 2777 2259 est
2801 2203 2919 2273 ejus
2954 2204 3240 2274 judicium.
3287 2203 3401 2257 Hoc
3438 2203 3494 2257 in

1900 2292 2163 2348 Malachia
2190 2295 2453 2365 propheta
2484 2295 2715 2350 habetur
2745 2313 2757 2348 :
2788 2295 2953 2349 Jacob
2984 2295 3167 2360 dilexi,
3198 2295 3343 2348 Esau
3372 2292 3491 2348 vero

1900 2385 2020 2438 odio
2060 2385 2219 2439 habui
2251 2384 2408 2456 (Mal.
2441 2386 2481 2457 ι)
2508 2403 2522 2452 ;
2550 2386 2656 2441 hoc
2679 2384 2793 2455 jam
2840 2387 2905 2441 de
2933 2384 3145 2441 Iudicio
3176 2386 3329 2449 dicit,
3361 2400 3490 2438 nam

1900 2475 2051 2545 prius
2079 2476 2144 2531 de
2188 2477 2529 2547 praescientia
2556 2478 2632 2531 ait
2659 2518 2674 2543 ,
2705 2480 2831 2549 quia
2862 2478 3034 2548 major
3067 2479 3249 2533 serviet
3278 2478 3493 2531 minori.

1902 2564 2055 2620 Sicut
2079 2575 2133 2620 et
2157 2566 2225 2620 de
2247 2568 2587 2636 praescientia
2609 2562 2950 2623 Pharaonem
2978 2554 3276 2633 damnavit,
3312 2569 3495 2624 sciens

1900 2672 1959 2711 se
1984 2671 2091 2710 non
2117 2666 2510 2713 correcturum.
2541 2657 2860 2729 Apostolum
2911 2674 3039 2714 vero
3092 2659 3317 2713 Paulum
3358 2674 3485 2727 per-

1899 2755 2214 2817 sequentem
2239 2747 2419 2819 elegit,
2444 2750 2703 2819 praescius
2728 2750 2915 2818 utique
2939 2743 3084 2820 quod
3104 2748 3317 2803 futurus
3344 2757 3494 2805 esset

1900 2838 2093 2892 bonus.
2128 2836 2285 2893 Hunc
2321 2854 2450 2910 ergo
2475 2838 2739 2908 prazvenit
2779 2849 2904 2894 aute
2947 2849 3159 2909 tempus
3184 2879 3200 2904 ,
3232 2840 3357 2915 quia
3395 2854 3490 2893 ne-

1902 2931 2174 2985 cessarius
2200 2939 2339 2996 erat,
2367 2940 2422 2985 et
2448 2931 2787 2986 Pharaonem
2814 2940 2940 2985 ante
2965 2932 3204 2985 futurum
3228 2931 3492 3001 judicium

1901 3022 2194 3086 damnavit,
2253 3030 2311 3075 ut
2355 3023 2672 3076 crederetur
2716 3020 3078 3089 judicaturus.
3137 3020 3309 3091 Moysi
3353 3022 3493 3075 enim

1901 3113 2025 3165 dicit
2060 3126 2077 3162 :
2105 3111 2394 3165 Miserebor
2435 3115 2518 3165 cui
2566 3114 2810 3167 misertus
2844 3128 2951 3176 ero,
2982 3123 3028 3165 et
3073 3112 3489 3166 misericordiae:

199 3206 313 3265 tur,
352 3198 476 3253 Non
514 3200 655 3270 plebs
695 3219 830 3269 mea,
887 3218 1030 3257 nunc
1058 3212 1335 3258 ‘vocentur
1375 3205 1476 3273 ﬁlii
1522 3204 1620 3259 Dei
1669 3209 1790 3261 vivi.
1824 3190 1869 3250 C
1905 3207 2187 3274 praestabo,
2217 3205 2301 3257 cui
2325 3204 2626 3259 miserebor.
2660 3205 2801 3274 Ergo
2832 3203 3351 3272 miserebor,inquit,
3381 3204 3495 3273 ejus

200 3289 354 3358 Quod
399 3307 466 3345 ne
497 3292 671 3348 solum
716 3295 782 3349 de
822 3296 1071 3363 gentibus
1103 3296 1283 3351 dicere
1304 3298 1601 3363 videretur,
1627 3300 1792 3354 etiam

199 3384 296 3454 qui
344 3399 407 3438 ex
450 3384 671 3440 lsraelis
708 3386 1049 3441 multitudine
1076 3387 1443 3454 crediderunt,
1472 3405 1599 3443 vasa
1627 3391 1790 3445 mise-

198 3472 448 3529 ricordia:
493 3483 547 3528 et
590 3474 874 3530 electionis
913 3476 1164 3546 appellat.
1208 3476 1417 3531 Clamat
1446 3478 1591 3532 enim
1623 3479 1792 3535 Isaias

198 3578 300 3635 pro
324 3563 489 3618 lsrael
521 3584 533 3617 :
569 3564 627 3619 Si
671 3564 826 3633 fuerit
873 3584 1117 3622 numerus
1158 3568 1390 3637 ﬁliorum
1428 3570 1632 3635 Israel,
1667 3582 1794 3645 tan-q

195 3669 356 3724 quam
385 3670 545 3707 arena
576 3656 737 3721 maris
763 3696 778 3721 ,
831 3656 1062 3727 reliquiae
1110 3659 1270 3712 salvae
1327 3660 1457 3727 ﬁant
1521 3661 1653 3731 (Isa.
1685 3661 1741 3732 χ)
1773 3703 1788 3728 ,

199 3743 305 3799 hoc
335 3752 440 3808 est,
486 3744 701 3800 etiamsi
758 3747 1047 3802 multitudo
1097 3763 1203 3803 non
1240 3750 1550 3816 crediderit,
1607 3760 1787 3807 tamen

198 3836 357 3905 pauci
403 3837 644 3889 credent.
680 3837 915 3893 Verbum
956 3842 1102 3894 enim
1150 3852 1584 3897 consummatum
1627 3852 1802 3914 atque-

196 3928 503 3983 breviatum
546 3928 599 3981 in
639 3945 734 3983 sua
770 3930 911 3985 Deus
950 3933 1204 4001 :equitate
1248 3934 1504 4001 libravit,
1536 3944 1589 3989 et
1613 3938 1792 3992 humi-

197 4018 373 4083 litate,
404 4026 463 4072 ut
502 4019 870 4074 incarnatione
897 4019 1098 4076 Christi
1138 4023 1316 4078 salvos
1360 4025 1582 4091 faceret,
1614 4029 1704 4097 qui
1734 4028 1789 4082 in

197 4122 324 4161 eum
353 4107 575 4163 credere
597 4108 927 4175 voluissent;
963 4110 1065 4165 hoc
1099 4111 1273 4181 ipsum
1304 4122 1358 4167 et
1402 4114 1458 4167 in
1512 4115 1617 4171 alio
1667 4116 1787 4171 loco

198 4196 332 4251 dicit
365 4198 531 4252 Isaias
562 4218 574 4251 :
612 4198 731 4253 Nisi
778 4200 1032 4254 Dominus
1060 4200 1293 4258 Sabaoth
1320 4206 1612 4276 reliquisset
1640 4209 1786 4264 nobis

197 4304 392 4353 semen,
414 4290 546 4341 sicut
570 4289 803 4344 Sodoma
826 4292 953 4359 facti
979 4310 1226 4361 essemus,
1252 4305 1299 4349 et
1325 4298 1459 4351 sicut
1484 4298 1783 4356 Gomorrlia

196 4378 393 4432 similes
424 4377 722 4445 fuissemus.
752 4379 993 4450 Cumque
1036 4384 1339 4439 testimonia
1372 4390 1740 4456 proposuisset
1768 4431 1783 4454 ,

195 4468 395 4536 quibus
426 4469 621 4538 duplex
644 4473 856 4526 vocatio
877 4476 1207 4543 praedicitur,
1233 4486 1287 4532 et
1316 4482 1578 4550 gentium,
1612 4491 1664 4537 et
1691 4498 1787 4554 po-

196 4558 308 4627 puli
350 4557 679 4627 Judasorum,
727 4564 921 4619 transit
959 4567 1025 4621 ad
1075 4570 1435 4626 cohaerentem
1467 4574 1784 4644 disputatio-

196 4664 343 4714 rem,
368 4661 423 4705 et
458 4652 658 4709 idcirco
690 4654 852 4720 dicit,
904 4669 1091 4726 gentes
1138 4676 1257 4727 quae
1294 4679 1401 4719 non
1434 4668 1785 4724 sectabantur

186 4737 460 4810 justitiam
495 4745 970 4814 apprehenderunt
1003 4748 1270 4817 justitiam
1303 4754 1429 4823 quia
1460 4771 1567 4811 non
1594 4772 1781 4827 super-

193 4833 431 4901 bieruut,
463 4838 556 4892 sed
582 4838 635 4891 in
665 4837 937 4894 Christum
968 4844 1577 4903 credideruntzlsraelis
1599 4858 1778 4905 autem

194 4940 447 4995 magnam
478 4936 685 4995 partem
732 4929 853 4984 ideo
891 4933 1188 4997 corruisse,
1228 4952 1347 5004 qua:
1389 4937 1675 4993 offenderit
1723 4941 1778 4995 in

195 5015 425 5085 lapidem
458 5016 767 5073 offensionis
802 5031 856 5074 et
904 5031 1111 5091 petram
1157 5026 1412 5091 scandali,
1468 5036 1521 5082 et
1565 5028 1781 5099 ignora-

196 5106 334 5161 verit
374 5104 639 5174 justitiam
678 5110 795 5174 Dei,
847 5120 901 5164 et
947 5128 1194 5181 quaerens
1242 5124 1479 5172 statuere
1512 5118 1780 5186 justitiam

195 5190 369 5259 suam,
394 5195 618 5263 justitiae
652 5198 780 5263 Dei,
818 5202 907 5269 qui
942 5212 1023 5256 est
1053 5203 1302 5262 Christus
1327 5248 1343 5273 ,
1372 5208 1562 5278 subjici
1595 5211 1783 5266 nolue-

194 5285 282 5338 rit.
318 5284 447 5355 Legi
484 5286 536 5339 in
566 5288 887 5356 quibusdam
934 5297 1339 5350 commentariis
1363 5338 1377 5361 ,
1433 5299 1511 5352 sic
1559 5315 1781 5369 respon-

192 5376 341 5433 disse
368 5379 707 5449 Apostolum,
728 5392 785 5437 ut
814 5387 985 5457 magis
1017 5387 1535 5461 implicuerit,quam
1558 5395 1781 5451 solverit

193 5472 545 5539 quaestionem
576 5489 587 5524 :
618 5473 694 5526 ait
715 5476 859 5529 enim
886 5479 951 5531 ad
977 5477 1027 5532 id
1056 5481 1196 5548 quod
1220 5492 1611 5552 proposuerat:
1634 5484 1775 5551 Quid

191 5575 316 5629 ergo
360 5562 625 5614 dicimus?
676 5568 910 5635 nunquid
956 5569 1204 5637 iniquitas
1253 5573 1393 5641 apud
1441 5573 1658 5627 Deum?
1706 5575 1776 5629 Et

193 5666 300 5706 non
321 5659 397 5705 est
420 5651 636 5707 volentis
663 5671 825 5725 neque
854 5662 1112 5714 currentis
1140 5700 1153 5727 ,
1188 5663 1277 5716 sed
1313 5666 1604 5718 miserentis
1634 5665 1731 5720 Dei
1756 5707 1771 5731 ,

186 5751 241 5799 et
268 5742 421 5813 cujus
455 5743 564 5799 vult
587 5746 863 5803 miseretur
885 5788 900 5816 ,
937 5760 985 5805 et
1014 5766 1166 5816 quem
1197 5753 1305 5809 vult
1332 5756 1567 5822 indurat,
1601 5768 1649 5814 et
1686 5775 1774 5815 vo-

1900 3296 2053 3365 cujus
2081 3296 2325 3349 misertus
2356 3313 2467 3358 ero,
2512 3297 2615 3351 hoc
2664 3305 2748 3351 est
2785 3296 2902 3365 ejus
2950 3296 3287 3360 miserebor,
3341 3294 3497 3365 cujus

1897 3388 2158 3456 praescius
2192 3403 2363 3453 eram,
2393 3390 2537 3457 quod
2568 3390 2997 3445 misericordiam
3040 3392 3263 3445 daturus
3291 3405 3493 3457 essem,

1898 3481 2077 3536 sciens
2104 3498 2497 3537 conversurum
2524 3482 2673 3537 illum
2698 3492 2752 3537 et
2776 3498 3195 3553 permansurum
3219 3485 3360 3553 apud
3382 3500 3489 3551 me,

1895 3580 1940 3624 et
1979 3573 2398 3626 misericordiam
2425 3573 2681 3643 pr‘a'stabo
2705 3574 2774 3637 ei,
2799 3575 2882 3627 cui
2913 3574 3329 3627 misericordiam
3353 3592 3491 3643 pra:-

1895 3664 2099 3729 stitero,
2124 3664 2175 3717 id
2204 3673 2307 3729 est,
2353 3665 2399 3718 ei
2425 3664 2852 3720 misericordiam
2891 3666 3050 3731 dabo,
3085 3682 3246 3736 quem
3275 3666 3494 3735 prmscii

1894 3761 2017 3822 post
2042 3768 2283 3808 errorem
2330 3762 2481 3809 recto
2523 3755 2687 3809 corde
2722 3770 3067 3829 reversurum
3121 3755 3186 3809 ad
3238 3770 3347 3821 me,
3392 3756 3494 3811 hoc

1894 3855 1997 3909 est,
2030 3844 2161 3898 dare
2209 3845 2317 3911 illi,
2350 3846 2435 3900 cui
2462 3846 2698 3899 dandum
2733 3856 2847 3911 est,
2890 3860 3064 3914 neque
3091 3846 3223 3901 dare
3280 3845 3376 3912 illi,
3406 3846 3493 3901 cui

1894 3933 2131 3987 dandum
2161 3950 2267 3988 non
2294 3944 2397 4001 est,
2434 3946 2494 3989 ut
2518 3950 2640 3989 eum
2676 3946 2831 3991 vocet
2858 3952 3020 4006 quem
3048 3937 3187 3991 sciat
3204 3936 3488 4003 obaudire,

1894 4026 2044 4080 illum
2094 4039 2277 4081 autem
2320 4044 2427 4083 non
2464 4036 2642 4094 vocet,
2670 4034 2831 4099 quem
2877 4031 3017 4084 sciat
3063 4030 3284 4085 minime
3314 4031 3489 4085 obau-

1894 4117 2041 4183 dire;
2074 4133 2272 4173 vocare
2319 4128 2500 4173 autem
2544 4129 2648 4185 est,
2696 4138 2804 4175 non
2830 4116 3072 4193 pugnare
3111 4123 3179 4176 ad
3221 4122 3492 4193 recipiens-

1892 4209 2015 4262 dam
2043 4208 2223 4263 fidem.
2255 4210 2438 4280 (Anq)
2466 4211 2602 4265 Hinc
2629 4213 2933 4267 ostenditur
2957 4230 3063 4269 non
3086 4228 3207 4269 esse
3230 4214 3489 4283 iniquita-

1891 4308 1999 4353 tem
2044 4302 2184 4370 apud
2226 4301 2418 4367 Deum,
2447 4304 2591 4371 quod
2618 4314 2844 4373 possunt
2870 4306 3050 4361 dicere
3077 4306 3297 4377 quidam
3320 4346 3334 4371 ,
3360 4321 3485 4361 cum

1891 4391 2119 4446 audiunt
2145 4410 2157 4446 :
2187 4404 2466 4464 antequam
2500 4406 2861 4463 nascerentur,
2890 4398 3055 4453 Jacob
3103 4398 3286 4464 dilexi,
3338 4398 3490 4453 Esau

1889 4494 2066 4537 autem
2101 4486 2221 4539 odio
2254 4487 2433 4540 habui.
2490 4487 2798 4553 Miserebor,
2852 4490 3061 4560 inquit,
3108 4494 3193 4545 cui
3237 4493 3484 4547 misertus

1890 4594 2000 4633 ero.
2056 4577 2240 4634 Primo
2287 4581 2430 4634 enim
2482 4581 2737 4636 misertus
2794 4592 2875 4638 est
2930 4584 3099 4639 nostri
3138 4584 3302 4650 Deus,
3359 4600 3480 4640 cum

1890 4679 2207 4739 peccatores
2251 4686 2497 4725 essemus
2534 4682 2593 4725 ut
2635 4682 2878 4730 voearet.
2928 4673 3026 4730 Cui
3070 4692 3197 4748 ergo
3228 4678 3485 4733 misertus

1889 4775 2004 4825 ero,
2048 4760 2242 4828 inquit,
2292 4768 2350 4815 ut
2395 4777 2520 4815 eum
2550 4777 2759 4829 vocem,
2808 4765 3112 4821 miserebor
3149 4767 3324 4822 adhuc
3363 4766 3481 4835 ejus

1889 4862 2013 4902 cum
2047 4848 2355 4911 crediderit.
2385 4850 2665 4917 Quomodo
2691 4862 2872 4910 autem
2912 4856 3087 4912 adhuc
3111 4858 3134 4909 ἲ
3159 4858 3264 4912 nisi
3306 4866 3365 4913 ut
3388 4859 3480 4914 det

1889 4942 2128 4997 credenti
2154 4954 2208 4997 et
2230 4946 2437 5013 petenti
2462 4944 2723 5015 Spiritum
2752 4958 3000 5004 sanctum
3025 4951 3047 5003 ?
3074 4966 3181 5020 quo
3216 4953 3342 5008 dato
3370 4953 3477 5007 mi-

1886 5032 2237 5087 sericordiam
2264 5035 2543 5104 praestabit
2567 5037 2655 5091 cui
2700 5040 2955 5095 misertus
2986 5039 3171 5106 fuerit,
3201 5043 3252 5096 id
3278 5051 3384 5108 est,
3417 5050 3480 5097 ut

1886 5122 2050 5177 faciat
2093 5139 2216 5177 eum
2246 5124 2655 5181 misericordem
2681 5144 2787 5198 quo
2824 5132 2960 5185 bona
2983 5134 3153 5199 possit
3192 5148 3289 5202 per
3338 5136 3474 5189 dile-

1885 5212 2119 5267 ctioneui
2147 5215 2381 5283 operari.
2431 5214 2600 5270 Nemo
2627 5233 2757 5289 ergo
2802 5221 2907 5274 sibi
2953 5221 3147 5275 audeat
3188 5225 3424 5279 tribuere
3450 5264 3469 5289 ,

1885 5306 2029 5374 quod
2056 5305 2483 5383 misericorditer
2504 5321 2779 5379 operatur,
2808 5312 2936 5380 quia
2962 5315 3101 5369 Deus
3123 5314 3197 5368 illi
3228 5331 3324 5385 per
3349 5316 3475 5387 Spi—

1887 5397 2049 5450 ritum
2094 5408 2341 5453 sanctum
2390 5402 2536 5455 dedit
2576 5403 2954 5468 dilectionem,
3007 5407 3123 5460 sine
3163 5422 3267 5477 qua
3308 5421 3474 5463 nemo

1884 5495 2061 5557 potest
2101 5504 2222 5544 esse
2252 5492 2581 5546 misericors.
2615 5492 2729 5547 Non
2778 5510 2917 5564 ergo
2945 5495 3106 5565 elegit
3150 5496 3293 5551 Deus
3329 5497 3472 5551 bene

1882 5589 2189 5647 operantes,
2221 5584 2315 5635 sed
2361 5581 2645 5636 credentes
2694 5586 2889 5652 potius
2917 5625 2933 5649 ,
2962 5595 3020 5638 ut
3064 5587 3173 5654 ipse
3216 5584 3335 5639 illos
3388 5585 3473 5638 fa-

1882 5672 1989 5725 ciat
2010 5673 2145 5725 bene
2171 5674 2403 5743 operari.
2435 5672 2686 5728 Nostrum
2711 5676 2870 5730 enim
2900 5685 2985 5731 est
3004 5676 3220 5730 credere
3240 5683 3294 5728 et
3316 5675 3484 5740 velle,

1882 5760 2025 5815 illius
2069 5771 2249 5818 autem
2286 5762 2419 5818 dare
2442 5764 2793 5821 credentibus
2834 5776 2903 5821 et
2926 5766 3228 5821 volentibus
3255 5764 3478 5819 faculta-
