3948 6318
520 269 650 325 1491

1147 269 1206 325 Β.
1253 269 1497 326 RABANI
1532 270 1750 328 MAURI
1788 272 2104 330 ARCHIEP.
2148 271 2451 331 MOGUNT.
2483 273 2763 332 OPERUM
2797 275 2976 332 PARS
3012 275 3096 330 Ill.

3617 284 3639 336 t
3649 283 3740 339 (l9?

519 397 623 440 tem
646 386 780 439 bene
799 384 1054 453 operandi
1074 398 1172 454 per
1197 384 1456 454 Spiritum
1495 394 1758 450 sanetum,
1794 401 1887 455 per
1917 401 2078 455 quem
2107 388 2478 448 Acustodiunt
2547 403 2659 442 eant
2726 388 2917 458 (Psat.
2979 389 3202 456 exxvx).
3275 389 3336 444 ln
3397 405 3504 459 quo
3570 400 3736 448 osten-

515 479 752 532 cbaritas
793 476 891 530 Dei
933 475 1248 532 diffunditur
1281 481 1331 533 in
1360 478 1610 533 cordibus
1653 479 1868 544 nostris,
1902 486 1960 533 ut
1986 496 2083 536 nos

515 568 891 623 misericordes
928 567 1143 621 efﬁciat.

584 657 757 725 Igitur
792 673 891 709 non
929 656 1140 709 volentis
1161 697 1174 721 ,
1203 675 1359 728 neque
1384 658 1654 721 currentis,
1683 659 1772 711 sed
1792 660 2082 714 miserentis

513 757 587 802 est
611 747 724 800 Dei.
743 745 965 818 (Αιηιιν.)
986 747 1169 811 Recte,
1185 749 1305 816 quia
1325 762 1429 801 non
1457 749 1511 802 in
1534 748 1804 803 voluntate
1827 751 2078 818 petentis,

475 827 482 831 ’
513 839 605 894 sed
633 840 687 893 in
727 838 908 894 dantis
941 840 1164 894 arbitrio
1193 839 1351 892 debet
1383 855 1524 903 esse,
1549 840 1690 909 quod
1717 841 1982 910 poscitur;
2011 855 2080 893 an

511 931 654 985 enim
684 930 914 984 dandum
954 930 1022 984 sit
1049 929 1226 983 dantis
1252 931 1410 998 debet
1430 931 1632 1000 judicio
1660 931 1895 998 pensari.
1947 929 2080 984 Nam

513 1019 641 1076 Saul
664 1034 912 1088 peccans,
947 1035 1067 1073 cum
1111 1020 1333 1088 petisset
1367 1020 1598 1082 veniam,
1622 1036 1724 1073 non
1749 1021 1956 1089 accepit
1982 1037 1996 1086 ;
2025 1027 2080 1072 at

510 1121 697 1166 contra
735 1111 898 1164 David
951 1125 1205 1180 peccans,
1233 1118 1289 1163 et
1319 1109 1522 1177 ignosci
1549 1108 1648 1162 sibi
1680 1108 1954 1178 postulans
1984 1125 2076 1162 ve-

509 1203 654 1256 niam
698 1213 1016 1255 consecutus
1040 1211 1148 1264 est;
1189 1215 1253 1254 ex
1297 1201 1398 1254 hoc
1438 1201 1623 1269 utique
1651 1201 1830 1254 dantis
1872 1201 1998 1264 Dei,
2025 1209 2080 1254 et

509 1307 614 1347 non
659 1293 836 1346 dantis
869 1291 1129 1358 judicium
1159 1291 1493 1360 sequendum
1531 1300 1643 1354 est,
1687 1292 1810 1356 quia
1861 1308 1966 1346 non
1999 1293 2079 1346 in-

501 1380 645 1450 juste
679 1381 920 1449 judicat,
945 1382 1035 1450 qui
1078 1396 1266 1435 omnes
1302 1381 1476 1433 salvos
1507 1380 1620 1432 vult
1668 1380 1782 1435 ﬁeri
1826 1390 2078 1437 manente

503 1470 732 1538 justitia.
761 1471 1033 1538 lnspector
1054 1469 1195 1521 enim
1224 1469 1402 1523 cordis
1428 1470 1527 1523 scit
1561 1478 1829 1538 petentem
1874 1487 1942 1524 an
1977 1473 2078 1526 hac

509 1571 690 1615 mente
739 1569 927 1630 poscat
977 1568 1035 1613 ιιι
1080 1569 1356 1614 mercatur
1398 1561 1643 1628 accipere
1681 1602 1694 1623 ,
1741 1571 1795 1615 et
1831 1563 2076 1630 quamvis

505 1657 864 1726 periculosum
909 1657 979 1710 sit
1012 1655 1271 1724 judicium
1320 1656 1413 1710 Dei
1471 1656 1779 1711 discernere
1835 1674 1846 1709 :
1895 1665 2076 1714 tamen

505 1724 725 1818 propter
778 1747 1074 1803 difﬁdentes
1101 1788 1114 1812 ,
1156 1755 1208 1800 et
1269 1758 1328 1803 ut
1371 1763 1520 1802 mens
1573 1763 1755 1804 eorum
1809 1751 2078 1805 medelam
2107 1724 2154 1786 Β

507 1841 759 1908 consequi
790 1840 981 1908 possit,
1027 1856 1092 1894 ne
1133 1833 1322 1908 putent
1359 1840 1620 1909 judicium
1653 1841 1746 1896 Dei
1777 1841 2031 1910 injustum
2063 1883 2078 1908 ,

506 1931 746 1986 dicentes
787 1948 798 1983 :
827 1947 992 1985 unum
1015 1941 1173 1987 vocat
1200 1941 1248 1987 cl
1283 1932 1510 1988 alterum
1548 1935 1800 2006 negligit,
1828 1935 2082 1991 sicarbi-

507 2029 716 2075 trantes
761 2023 1010 2077 excusari
1073 2038 1229 2092 posse
1272 2024 1602 2079 damnandos
1652 2043 1664 2078 :
1717 2027 1880 2080 rebus
1939 2027 2081 2080 istud

503 2113 683 2182 potius
737 2113 1028 2182 probemus
1067 2128 1230 2182 quam
1288 2115 1500 2179 verbis;
1549 2115 1639 2169 ubi
1694 2117 1835 2170 enim
1897 2132 2077 2170 rerum

506 2212 779 2274 gestarum
810 2205 1054 2273 exempla
1080 2213 1202 2258 sunt
1229 2245 1241 2270 ,
1275 2221 1431 2259 nemo
1475 2207 1631 2260 audet
1659 2208 1830 2274 queri,
1861 2222 1959 2261 nec
1985 2207 2081 2260 ali-

505 2311 664 2364 quam
708 2296 1107 2350 excusationem
1139 2297 1447 2350 obtendere.
1492 2298 1605 2351 Duo
1637 2300 1884 2363 fuerunt,
1913 2299 2080 2354 David

505 2393 559 2440 et
607 2384 755 2451 Saul,
810 2385 1147 2453 requiramus
1196 2386 1470 2450 historias,
1515 2388 1686 2456 qualis
1715 2390 2080 2458 unusquisque

503 2490 690 2529 eorum
737 2485 980 2544 repertus
1019 2477 1087 2530 sit
1136 2483 1258 2545 post
1306 2475 1564 2542 judicium
1607 2478 1722 2542 Dei,
1762 2487 1820 2531 ut
1859 2479 1900 2532 si
1953 2478 2080 2533 Saul

502 2567 642 2622 bene
689 2582 746 2621 se
786 2568 959 2638 egisse
987 2609 1000 2633 ,
1032 2577 1316 2637 postquam
1350 2569 1775 2623 misericordiam
1823 2585 1926 2622 non
1985 2585 2077 2624 ac-

503 2661 667 2730 cepit,
707 2663 984 2731 probetur,
1009 2664 1290 2733 injustum,
1323 2665 1463 2733 quod
1501 2663 1661 2729 absit,
1687 2663 1779 2719 Dei
1816 2663 2079 2733 judicium

505 2751 860 2817 arbitremur;
915 2762 1006 2808 aut
1060 2755 1103 2808 si
1153 2754 1344 2820 David,
1386 2762 1602 2826 accepta
1661 2755 2078 2832 misericordia,

504 2842 672 2898 Dctttn
703 2845 1093 2914 contempsisse
1128 2846 1449 2909 inveniatur,
1491 2862 1556 2900 an
1589 2845 1642 2899 in
1670 2860 1733 2900 eo
1768 2847 2072 2911 manserit,

507 2936 559 2988 in
610 2949 716 3002 quo
753 2934 1174 2988 misericordiam
1224 2944 1546 2989 consecutus
1584 2944 1702 2998 est,
1751 2942 1834 2998 et,
1865 2942 1923 2988 ut
1958 2943 2080 2988 utar

501 3025 841 3093 compendio,
874 3034 1098 3094 uterque
1137 3027 1512 3079 necessitatem
1544 3028 1734 3094 passus
1774 3035 1856 3080 est
1887 3026 2073 3095 regni;

2186 477 2284 540 dit,
2313 493 2418 532 non
2446 479 2571 547 quia
2616 479 2692 542 is,
2735 480 2825 546 qui
2873 478 3087 532 domum
3116 477 3347 533 aedificat
3373 482 3509 536 nihil
3531 493 3670 552 agat,
3691 495 3739 541 et

2185 569 2389 624 otiosus
2418 569 2507 632 sit,
2537 575 2589 621 et
2619 567 2694 621 ita
2725 582 2843 622 eam
2876 567 3102 622 aediﬁcet
3147 569 3408 624 Dominus
3435 613 3448 635 ,
3499 575 3593 628 sed
3637 576 3738 644 ipse

2185 660 2424 729 quidem,
2451 666 2707 725 quantum
2736 667 2816 710 est
2845 658 2899 710 in
2934 659 3166 723 homine,
3192 659 3569 715 sollicitudinis
3594 673 3643 717 et
3668 666 3737 719 la-

2183 748 2328 801 boris
2349 747 2630 816 expendat,
2661 746 2754 800 Dei
2784 747 2853 807 sit
2877 759 3080 810 autem,
3109 757 3165 801 ut
3189 749 3479 802 obstaculis
3506 753 3740 808 omnibus

2184 837 2397 901 amotis,
2441 853 2576 906 opus
2607 839 2882 907 perveniat
2924 840 2989 891 ad
3023 838 3289 894 effectum.
3323 839 3458 893 Cum
3486 855 3610 910 ergo
3655 858 3740 910 per

2183 929 2284 985 hoc
2305 930 2578 991 doceatur,
2616 928 2757 996 quod
2782 930 2942 981 homo
2970 930 3186 996 quidem
3215 931 3453 984 laborem
3484 932 3741 1002 impendat

2181 1030 2236 1078 et
2263 1019 2698 1085 sollicitudinem,
2726 1019 2866 1073 Deus
2898 1028 3075 1074 autem
3109 1035 3424 1096 sneccssqm
3460 1027 3606 1091 Operi
3650 1025 3736 1078 tri-

2181 1111 2313 1166 buat
2359 1119 2413 1164 et
2465 1109 2709 1165 effectum
2737 1151 2751 1176 ,
2788 1112 2933 1182 pium
2979 1112 3165 1181 utique
3209 1122 3264 1168 et
3318 1113 3622 1183 religiosum
3667 1126 3741 1170 est

2182 1200 2300 1255 ideo
2349 1198 2553 1255 homini
2603 1201 2744 1270 quod
2775 1201 2827 1254 in
2871 1216 2930 1255 se
2974 1210 3055 1256 est
3085 1203 3287 1272 operis,
3337 1219 3604 1258 summam
3644 1205 3740 1258 Deo

2180 1292 2353 1359 magis
2388 1307 2548 1361 quam
2587 1290 2790 1345 homini
2843 1291 3117 1361 deputare.
3169 1293 3259 1348 Sic
3296 1303 3349 1348 et
3388 1311 3511 1349 cum
3556 1286 3742 1349 Paulus

2180 1381 2486 1450 plantabat,
2529 1390 2584 1435 et
2620 1381 2808 1450 Apollo
2835 1382 3081 1450 rigabat,
3125 1382 3266 1437 Deus
3293 1383 3422 1437 dare
3455 1385 3649 1437 dicitur
3671 1385 3742 1437 in-

2181 1481 2536 1533 crementum,
2571 1479 2626 1523 ct
2666 1470 2898 1534 additur,
2949 1472 3121 1538 itaque
3172 1489 3333 1540 neque
3379 1474 3468 1540 qui
3503 1471 3697 1542 plantat
3731 1515 3744 1538 ,

2181 1577 2341 1631 neque
2367 1562 2454 1630 qui
2484 1561 2637 1630 rigat,
2671 1573 2742 1613 est
2771 1557 2988 1630 aliquid,
3020 1561 3108 1613 sed
3139 1562 3226 1631 qui
3256 1563 3630 1616 incrementum
3661 1563 3743 1615 dat

2187 1649 2319 1705 Deus
2355 1650 2404 1720 (l
2434 1649 2553 1704 (ἔον.
2589 1653 2692 1719 ιιι).
2744 1651 2819 1704 Ita
2863 1665 2990 1721 ergo
3035 1652 3197 1705 etiam
3240 1652 3292 1704 in
3337 1655 3590 1722 praesenti
3638 1651 3746 1706 loco

2181 1756 2466 1813 possumus
2482 1741 2661 1796 dicere
2677 1759 2688 1794 :
2706 1739 2888 1809 Itaque
2912 1755 3084 1810 neque
3105 1741 3194 1809 qui
3217 1741 3407 1806 currit,
3427 1748 3509 1795 est
3533 1743 3746 1809 aliquid,

2180 1849 2353 1904 neque
2385 1833 2476 1902 qui
2507 1832 2637 1894 vult,
2671 1831 2764 1886 sed
2788 1832 2878 1902 qui
2911 1831 3157 1886 effectum
3183 1831 3272 1885 dat
3301 1832 3460 1885 Deus.
3491 1831 3594 1897 Qui
3615 1832 3749 1885 enim

2177 1923 2291 1976 vult
2329 1931 2383 1977 et
2422 1923 2512 1992 qui
2553 1921 2760 1985 currit,
2809 1921 2909 1976 hoc
2938 1921 3152 1974 videtur
3194 1935 3314 1975 esse
3356 1921 3502 1990 quod
3541 1929 3621 1974 est
3671 1920 3752 1973 ille

2179 2014 2269 2081 qui
2301 2011 2502 2081 plantat
2549 2019 2603 2066 et
2636 2011 2723 2065 ille
2776 2011 2867 2080 qui
2905 2011 3063 2081 rigat,
3107 2011 3201 2064 sed
3255 2025 3379 2064 eum
3429 2009 3522 2078 qui
3556 2010 3753 2076 plantat

2179 2115 2233 2159 et
2271 2120 2393 2159 eum
2429 2105 2520 2173 qui
2568 2104 2707 2174 rigat
2759 2101 2888 2157 nihil
2925 2113 3043 2185 esse
3097 2100 3220 2156 dicit
3277 2095 3602 2171 Apostolus;
3653 2116 3751 2154 non

2179 2195 2321 2264 quod
2379 2185 2510 2247 nihil
2579 2200 2777 2262 agant,
2827 2192 2922 2248 sed
2950 2175 3116 2261 "quod
3173 2191 3240 2246 ad
3301 2191 3750 2261 comparationem

2181 2285 2297 2350 Dei,
2330 2285 2421 2355 qui
2473 2285 2866 2340 incrementum
2920 2284 3011 2337 dat
3059 2283 3207 2352 operi
3252 2282 3335 2335 vel
3379 2281 3651 2346 effectum,
3682 2283 3749 2336 illi

2182 2379 2316 2433 nihil
2345 2392 2464 2432 esse
2491 2377 2776 2430 ducantur.
2803 2374 3000 2447 (Casa)
3035 2373 3321 2428 Evidenter
3347 2373 3616 2442 probatur
3642 2390 3754 2444 gra-

2185 2469 2314 2522 tiam
2355 2468 2447 2521 Dei
2481 2482 2542 2521 ac
2569 2465 2996 2520 misericordiam
3028 2479 3238 2532 semper
3274 2465 3491 2532 cperari
3527 2466 3579 2516 in
3609 2466 3750 2518 nobis

2183 2574 2244 2612 ea
2285 2572 2404 2626 quae
2442 2555 2577 2609 bona
2608 2563 2754 2619 sunt,
2800 2570 2904 2624 qua
2942 2553 3226 2608 deserenle
3265 2550 3396 2606 nihil
3438 2553 3624 2608 valere
3651 2563 3754 2608 stu-

2181 2647 2326 2700 dium
2377 2645 2715 2710 laborantis,
2764 2653 2818 2698 et
2863 2643 3259 2713 quantumlibet
3307 2643 3476 2697 animi
3539 2645 3754 2698 nitentis

2179 2733 2500 2792 induStriam
2563 2737 2680 2790 sine
2746 2724 2917 2804 ipsius
2968 2735 3164 2788 iterum
3232 2731 3508 2803 adiutorio
3561 2745 3751 2790 statum

2179 2827 2466 2896 pristimnn
2501 2840 2823 2894 recuperare
2864 2838 2970 2878 non
2999 2838 3179 2894 posse,
3205 2822 3444 2894 illudque
3486 2825 3646 2880 nobis
3669 2825 3754 2894 jn-

2181 2919 2318 2988 giter
2367 2918 2645 2986 adimpleri
2679 2935 2691 2970 :
2727 2935 2744 2965 ι
2773 2933 2877 2972 non
2932 2917 3178 2979 volentis.
3220 2933 3395 2986 neque
3436 2918 3711 2973 currentis
3735 2960 3748 2984 ,

2180 3009 2274 3062 sed
2314 3009 2620 3062 miserentis
2644 3015 2725 3060 est
2749 3007 2862 3069 Dei,
2886 3026 2904 3058 ι
2936 3022 3056 3076 quae
3089 3009 3254 3076 gratia
3300 3018 3687 3078 nonnunquam
3726 3025 3755 3064 e

503 3125 558 3170 et
598 3126 798 3184 quanta
847 3116 948 3170 fuit
994 3119 1285 3172 necessitas
1315 3118 1500 3182 David,
1538 3125 1596 3171 ιιι
1619 3118 1755 3171 ﬁlius
1781 3117 1896 3185 ejus
1923 3117 2078 3171 vellet

2183 3098 2454 3154 contrario
2487 3098 2816 3168 negligentes
2853 3110 2916 3153 ac
2943 3098 3210 3154 resolutos
3236 3099 3592 3168 inspiratione
3618 3102 3713 3155 hac
3737 3141 3751 3166 ,

503 3205 653 3260 illum
685 3221 850 3276 regno
881 3209 1094 3275 privare
1120 3209 1130 3260 !
1176 3207 1232 3260 In
1262 3224 1365 3276 qua
1411 3209 1731 3263 necessitate
1761 3206 1892 3261 flens
1939 3207 2079 3260 nudo

504 3299 636 3368 pede
673 3299 777 3352 iter
803 3297 1052 3362 faciebat,
1079 3307 1134 3351 ιιι
1159 3297 1366 3367 fugeret
1408 3316 1498 3352 rex
1535 3308 1588 3353 et
1624 3299 1726 3351 dux
1757 3297 1933 3368 populi
1961 3297 2075 3363 Dei,

507 3389 560 3442 in
595 3397 799 3443 tantum
833 3391 1162 3455 liutniliatus,
1206 3399 1265 3444 ut
1323 3399 1377 3444 et
1425 3390 1476 3444 in
1514 3390 1706 3444 faciem
1760 3390 1860 3443 sibi
1913 3403 2070 3443 servo

511 3495 609 3534 suo
639 3479 978 3534 maledicenti
1010 3497 1112 3536 non
1146 3483 1514 3551 responderet,
1555 3491 1612 3535 ut
1641 3497 1736 3551 per
1762 3481 2077 3549 patientiam

508 3572 676 3625 Deum
708 3573 808 3626 sibi
842 3574 1126 3642 propitium
1174 3575 1394 3639 faceret,
1420 3591 1515 3643 per
1539 3589 1697 3644 quem
1730 3588 1949 3642 regnum
1979 3572 2076 3626 slhi

506 3663 732 3716 credidit
752 3665 1014 3718 reservari
1036 3683 1046 3715 :
1069 3665 1193 3719 Saul
1228 3674 1405 3720 autem
1435 3682 1534 3720 nec
1559 3667 1608 3719 in
1638 3665 1728 3718 tali
1758 3659 2078 3736 necessitate

507 3753 776 3816 inventus,
800 3755 924 3822 quia
952 3755 1124 3824 majus
1157 3757 1353 3810 malum
1391 3766 1472 3811 est
1501 3757 1812 3810 intestinum
1840 3755 2036 3809 bellum
2061 3796 2074 3816 ,

508 3859 668 3912 quam
698 3854 980 3899 externum
1004 3888 1015 3906 ,
1042 3847 1261 3916 insuper
1285 3864 1424 3918 aegre
1456 3848 1654 3912 ferens,
1683 3847 1808 3916 quia
1834 3846 1999 3901 semel
2025 3855 2079 3899 et

508 3937 705 3991 iterum
737 3953 841 3991 non
869 3939 938 3991 sit
969 3940 1199 4002 auditus,
1233 3955 1351 3993 cum
1387 3949 1526 3993 esset
1555 3941 1824 4008 indignus,
1881 3953 1982 3992 nec
2023 3939 2076 3991 in

505 4045 664 4098 prece
677 4032 927 4100 perstitit,
945 4042 1003 4084 ιιι
1025 4032 1272 4086 meritum
1298 4032 1398 4085 sibi
1423 4032 1642 4095 faceret,
1665 4031 1913 4100 perquod
1937 4038 2080 4083 esset

507 4125 715 4193 dignus.
751 4126 842 4180 sed
877 4126 1164 4194 impatiens
1199 4135 1252 4179 et
1301 4126 1366 4180 de
1413 4127 1502 4178 Dei
1524 4124 1728 4193 judicio
1753 4124 2074 4191 indignatus,

511 4217 576 4268 ab
609 4215 761 4269 idolis
797 4232 913 4284 qurc
947 4216 1095 4284 prius
1141 4216 1285 4269 velut
1323 4216 1520 4269 nullius
1571 4215 1825 4269 momenti
1855 4214 2078 4268 damna—

507 4315 682 4371 verat,
707 4308 962 4360 auxilium
985 4306 1283 4375 requisivit.
1308 4306 1445 4359 Eccc
1463 4307 1662 4374 justum
1680 4321 1799 4359 esse
1815 4302 2076 4371 judicium

507 4399 854 4469 przescientim
904 4400 997 4451 Dei
1042 4399 1202 4451 etiam
1236 4397 1557 4458 nolentibus,
1594 4397 1935 4450 manifestum
1975 4402 2073 4448 est.
2109 4437 2156 4493 Β

515 4489 694 4559 Ling.)
747 4489 896 4553 Quod
940 4498 1117 4541 aulem
1160 4488 1276 4541 ait:
1310 4488 1481 4555 Igitur
1532 4502 1632 4540 non
1668 4485 1880 4538 volentis
1919 4495 2077 4552 neque

509 4580 790 4642 currentis,
839 4578 927 4630 sed
958 4578 1245 4630 miserentis
1289 4587 1360 4629 est
1392 4575 1507 4640 Dei,
1553 4590 1657 4628 non
1690 4574 1825 4627 tollit
1850 4573 2076 4627 liberum

511 4669 832 4730 arbitrium,
891 4668 982 4721 sed
1020 4683 1124 4721 non
1171 4665 1412 4721 suflicere
1453 4667 1578 4720 dicit
1615 4665 1749 4718 velle.
1790 4674 2031 4718 nostrum
2061 4706 2074 4729 ,

511 4761 612 4814 nisi
647 4760 862 4829 adjuvet
897 4761 1035 4815 Deus
1063 4801 1076 4824 ,
1129 4758 1506 4814 misericordes
1557 4773 1653 4813 nos
1703 4755 1976 4811 efﬁciendo
2009 4758 2075 4811 ad

513 4851 555 4903 b-
585 4864 648 4903 ‘le
683 4852 1010 4916 Operandum
1039 4892 1052 4914 ,
1105 4866 1199 4919 per
1253 4850 1450 4903 donum
1489 4850 1719 4918 Spiritus
1766 4849 1955 4902 sancti.
1993 4847 2075 4902 Ad

516 4942 616 4993 hoc
646 4938 884 4994 referens
913 4943 1054 5008 quod
1084 4942 1331 5008 superius
1357 4941 1486 4995 dicit
1521 4959 1533 4992 :
1571 4939 1852 4992 Miserebor
1879 4940 1961 4992 cui
1983 4941 2079 4990 mi-

511 5048 675 5087 sertus
721 5049 830 5097 ero,
876 5042 920 5084 ct
960 5009 1370 5084 miscricordiam
1399 5031 1652 5100 pra’stubo
1677 5031 1759 5082 cui
1791 5032 2078 5083 misericors

516 5123 554 5190 ιο
595 5140 682 5173 'rn.
713 5123 846 5186 Quia
879 5138 1052 5190 neque
1083 5123 1214 5176 velle
1247 5136 1530 5190 possumus
1554 5162 1566 5183 ,
1600 5120 1700 5173 nisi
1728 5135 1997 5183 vocemur,
2027 5129 2081 5172 et

515 5225 636 5262 cum
682 5221 794 5277 post
844 5214 1174 5265 vocationem
1223 5212 1572 5273 voluerimus,
1616 5227 1718 5263 non
1749 5208 1941 5262 sufﬁcit
1983 5226 2077 5263 vo-

514 5300 1177 5364 luntasnostra,etcttrsus
1201 5313 1404 5366 noster,
1426 5303 1525 5355 nisi
1553 5300 1694 5354 Dens
1722 5310 1774 5354 et
1794 5300 1935 5353 vires
1960 5315 2080 5354 cur-

515 5394 753 5447 rentibus
784 5394 1016 5461 pra-beat
1040 5405 1092 5448 et
1118 5395 1378 5464 perducat
1401 5410 1504 5462 quo
1525 5402 1698 5455 vocat,
1727 5391 1918 5462 (Oi-ig.)
1945 5392 2082 5446 sicut

516 5493 569 5535 et
603 5483 766 5535 David
797 5484 923 5537 dicit
951 5485 1000 5537 in
1030 5485 1235 5553 psalmo
1266 5499 1279 5535 :
1318 5482 1433 5536 Nisi
1463 5483 1714 5536 Dominus
1745 5481 2079 5547 a'diﬁcarcrit

516 5574 746 5638 domum,
779 5576 832 5627 in
879 5592 1065 5628 vanum
1109 5575 1344 5628 [aliarant
1382 5574 1469 5643 qui
1507 5575 1765 5641 u'diﬁcant
1794 5588 1928 5625 eam.
1964 5571 2081 5624 Nisi

521 5662 774 5718 Dominus
808 5667 1106 5720 custodierit
1133 5666 1408 5730 civitatem,
1455 5665 1508 5718 in
1537 5681 1722 5718 vanum
1753 5663 1968 5733 vigilant
1994 5663 2082 5732 qui

2180 3205 2298 3259 qtne
2324 3190 2538 3255 dicitur,
2564 3198 2770 3253 sancta,
2799 3197 2853 3242 et
2887 3189 3213 3243 abundantia
3251 3191 3581 3260 spiritalium
3611 3194 3752 3262 cogi-

2184 3283 2464 3345 tationum,
2495 3282 2713 3335 visitare
2738 3297 2844 3334 non
2875 3283 3072 3345 renuit,
3101 3277 3193 3335 sed
3227 3282 3461 3351 inspirat
3481 3280 3748 3353 indignos,

2179 3383 2233 3428 et
2256 3374 2481 3427 suscitat
2509 3374 2857 3438 dormientes,
2897 3381 2952 3427 et
2989 3373 3251 3426 illuminat
3296 3368 3621 3442 ignorantia!
3651 3389 3750 3427 czeo

2180 3464 2343 3518 citate
2384 3477 2692 3532 possessos,
2738 3461 3136 3534 clementerque
3184 3475 3284 3515 nos
3335 3463 3555 3532 arguit,
3592 3469 3752 3531 atque

2180 3555 2429 3623 castigat,
2465 3553 2752 3607 infundens
2777 3569 2835 3608 se
2865 3553 3115 3606 cordibus
3140 3552 3362 3614 nostris,
3395 3560 3454 3606 ιιι
3478 3550 3561 3607 vel
3591 3554 3667 3607 sic
3689 3549 3754 3606 de

2180 3647 2388 3701 inertia:
2437 3661 2626 3699 somno
2667 3643 3081 3713 compunctione
3124 3641 3290 3713 ipsius
3331 3644 3573 3713 instigati
3622 3660 3753 3700 cou-

2180 3751 2401 3806 surgcre
2428 3751 2802 3806 provocetnur.
2835 3735 3073 3803 Denique
3105 3733 3416 3805 frequenter
3443 3715 3606 3790 etiam
3629 3736 3756 3788 odo-

2182 3826 2331 3883 ribus
2356 3827 2495 3880 ultra
2521 3842 2734 3881 omnem
2767 3828 3085 3881 suavitatem
3128 3827 3537 3895 compositionis
3567 3827 3757 3880 Imma-

2181 3933 2264 3972 nre.
2294 3917 2345 3969 in
2382 3917 2465 3970 his
2518 3915 2648 3984 ipsis
2688 3915 2865 3969 subito
2912 3911 3307 3969 visitationilms
3350 3913 3707 3984 adimplcmur
3735 3957 3750 3979 ,

2183 4009 2254 4062 ita
2287 4018 2343 4062 ut
2371 4024 2522 4062 mens
2561 4009 2663 4061 hac
2689 4006 3044 4061 oblectatione
3077 4004 3308 4060 resoluta
3355 4007 3408 4060 in
3454 3994 3750 4076 quemdam

2182 4100 2400 4169 spiritus
2429 4100 2674 4167 rapiatur
2698 4113 2980 4152 excessum
3008 4138 3022 4161 ,
3053 4107 3218 4167 seqde
3259 4098 3586 4153 commorari
3624 4097 3756 4151 obii.

2181 4192 2419 4244 viscatur
2448 4191 2500 4245 in
2542 4205 2724 4244 carne.
2757 4189 2939 4260 (Aug)
2965 4187 3079 4244 Non
3107 4206 3236 4258 ergo
3259 4191 3377 4245 ideo
3401 4191 3658 4245 misertus
3681 4200 3761 4244 est

2187 4283 2353 4343 Deus,
2383 4282 2504 4350 quia
2537 4282 2705 4334 voluit
2735 4289 2787 4334 et
2834 4281 3074 4335 cucurrit
3102 4280 3288 4345 Jacob,
3317 4280 3409 4337 sed
3443 4282 3563 4335 ideo
3593 4281 3761 4334 voluit

2181 4371 2494 4425 ct‘cucurrit
2521 4369 2706 4432 Jacob,
2733 4370 2859 4437 quia
2896 4371 3152 4424 misertus
3192 4379 3274 4423 est
3319 4370 3462 4424 Deus
3489 4389 3503 4421 :
3529 4368 3761 4423 Paratur

2183 4463 2324 4515 enim
2357 4461 2648 4514 voluntasa
2679 4459 2926 4523 Domino,
2955 4465 3008 4514 et
3035 4478 3065 4512 a
3097 4459 3318 4513 Damino
3341 4476 3552 4528 gressus
3583 4460 3756 4512 homi-

2185 4551 2262 4604 nis
2305 4551 2640 4620 diriguntur,
2693 4561 2741 4604 et
2788 4551 2924 4604 riam
2961 4550 3072 4619 ejus
3120 4550 3250 4603 rotet
3300 4547 3493 4617 (I’sal.
3535 4555 3754 4616 xxxvi);

2184 4641 2371 4696 deinde
2397 4642 2518 4710 quia
2549 4646 2767 4711 propter
2787 4641 2949 4695 Jacob
2973 4643 3111 4696 dicta
3138 4653 3217 4696 est
3241 4642 3342 4695 ista
3365 4643 3634 4694 sententia
3667 4658 3756 4710 ge-

2181 4730 2398 4794 neralis,
2417 4745 2517 4784 non
2540 4730 2756 4785 rofe'ntfs
2781 4747 2942 4800 neque
2971 4731 3349 4793 currentis,sed
3375 4732 3670 4784 miserentis
3687 4744 3757 4784 est

2183 4821 2298 4883 Dei,
2328 4822 2482 4874 datur
2508 4821 2672 4874 etiam
2695 4819 2996 4888 exemplum
3040 4819 3104 4872 de
3129 4818 3429 4876 Pharaone.
3457 4830 3681 4888 propter
3711 4822 3758 4873 ίιΙ

2184 4911 2325 4979 quod
2343 4912 2542 4966 dictum
2569 4912 2671 4974 est,
2692 4908 2831 4963 Esau
2856 4919 3026 4962 autem
3044 4909 3162 4962 odio
3179 4911 3356 4970 habui,
3372 4918 3426 4962 et
3443 4910 3756 4977 subjicitur:

2256 5022 2391 5076 Dicit
2428 5024 2562 5076 enim
2596 5022 2867 5092 Scriptura
2899 5019 3185 5084 Pharaoni,
3219 5024 3342 5093 quia
3372 5023 3442 5074 ad
3469 5024 3568 5076 hoc
3593 5024 3760 5090 ipsum

2185 5113 2402 5165 excitari
2424 5123 2492 5176 te,
2523 5101 2577 5163 u't
2621 5111 2888 5165 ostendam
2929 5112 2980 5165 in
3010 5122 3057 5166 te
3084 5115 3322 5166 virtutem
3357 5129 3548 5176 meum,
3593 5123 3642 5165 et
3672 5131 3762 5164 an-

2189 5205 2450 5258 nuntietur
2505 5221 2688 5257 nomen
2741 5220 2908 5256 meum
2959 5205 3011 5257 in
3058 5205 3293 5258 universa
3343 5213 3505 5256 terra.
3567 5202 3761 5272 (Oi-ig.)

2187 5293 2400 5348 Certum
2441 5303 2521 5347 est
2569 5294 2734 5347 Deum
2775 5308 2891 5347 non-
2920 5294 3090 5347 solum
3141 5294 3278 5347 scire,
3338 5292 3762 5362 uniuscuiusque

2187 5387 2516 5455 propositum
2567 5403 2628 5440 ac
2679 5385 3024 5449 voluntatem,
3055 5386 3146 5439 sed
3178 5394 3231 5437 et
3269 5385 3547 5453 praescire.
3579 5385 3765 5440 Sciens

2189 5484 2364 5528 autem
2397 5485 2450 5528 ct
2504 5486 2874 5544 praenescens,
2925 5484 3175 5545 tanquam
3209 5472 3380 5528 bonus
3429 5473 3765 5544 dispensator

2188 5562 2450 5632 ctjustus,
2493 5565 2909 5634 uniuscujusque
2939 5566 3170 5618 motibus
3192 5572 3246 5616 et
3274 5565 3558 5632 proposito
3602 5563 3766 5616 utitur

2189 5660 2254 5715 ad
2281 5673 2342 5712 ea
2368 5673 2532 5728 opera
2561 5657 2854 5724 efﬁcienda,
2896 5672 3015 5728 quzc
3046 5656 3468 5728 uniuscujusque
3497 5656 3677 5709 anima
3706 5664 3765 5704 ac
