3948 6384
230 381 369 439 H95

232 560 547 639 teriamilias
593 577 639 631 si
667 568 787 647 quis
818 564 888 630 sit
918 572 1133 642 sapiens
1189 566 1245 626 et
1285 571 1487 640 justus,
1515 578 1570 623 et
1602 560 1809 623 habens

232 672 402 730 multa
451 655 691 734 serviiia,
727 662 903 722 nOnne
938 671 1140 733 quanta
1171 660 1285 715 fieri
1316 651 1492 729 potest
1520 657 1813 728 sagacitate

234 760 704 834 contemplabitur,
728 772 955 830 quorum
982 750 1048 810 ex
1084 755 1170 810 his
1194 746 1405 807 animus
1447 759 1603 822 aptus
1645 742 1716 804 sit
1746 738 1811 801 ad

234 875 328 915 rus
358 845 657 919 colendum,
684 861 739 908 et
764 854 907 921 ipsos
928 844 1041 903 ruri
1071 836 1391 916 deputabit?
1417 844 1570 913 cujus
1595 847 1731 896 Veto
1746 838 1814 893 ad

234 948 635 1020 negotiandum,
667 938 815 1009 cujus
865 939 1029 994 etiam
1078 937 1143 990 ad
1195 926 1540 989 nutriendum
1591 945 1811 1002 pecora,

236 1018 389 1105 cujus
425 1040 554 1090 vero
606 1033 673 1086 ad
722 1029 1101 1093 ministerium,
1132 1035 1185 1080 et
1236 1023 1555 1079 observandi
1586 1018 1815 1077 cubiculi

237 1128 320 1183 sui
351 1134 532 1194 aptum
582 1117 1144 1193 probabitingenium,
1178 1124 1231 1171 et
1258 1116 1329 1168 ita
1381 1108 1817 1181 unumquemque

237 1215 666 1287 competentibus
692 1210 903 1273 ofﬁciis,
933 1220 991 1263 ut
1025 1213 1149 1280 pote
1179 1208 1412 1277 sapiens,
1444 1198 1818 1272 mancipabit?

235 1308 437 1363 Verum
473 1303 727 1373 quoniam
767 1294 873 1354 non
916 1298 1045 1352 latet
1079 1313 1223 1359 eum,
1270 1296 1384 1350 sive
1424 1291 1818 1364 paterfamilias

237 1401 353 1455 sive
382 1391 473 1451 rex
518 1380 617 1449 iste
648 1377 737 1454 sit,
767 1389 907 1461 quod
959 1388 1184 1443 necesse
1216 1394 1299 1441 cst
1331 1385 1601 1441 interdum
1633 1380 1813 1439 rebel-

237 1488 365 1543 lare-
390 1485 678 1554 sunjectn's,
710 1480 763 1536 et
792 1475 1085 1549 disciplinae
1099 1477 1223 1546 jura
1250 1472 1617 1546 corrumpere,
1650 1482 1706 1528 et
1750 1472 1821 1528 ob

237 1577 343 1631 hoc
360 1572 709 1630 .corret-tione
737 1586 800 1625 ac
845 1569 1159 1642 verberibus
1188 1564 1448 1637 indigere,
1494 1579 1712 1619 necesse
1734 1570 1818 1618 est

238 1682 370 1739 ergo
396 1662 455 1720 ut
479 1666 639 1733 eligat
674 1662 739 1716 ei
765 1650 1014 1717 omnibus
1055 1658 1219 1714 etiam
1264 1668 1387 1728 apta
1415 1657 1481 1712 ad
1536 1657 1638 1710 hoc
1667 1657 1817 1725 iuge-

764 352 1311 429 ENARRATIONUM
1347 362 1416 423 IN
1451 358 1601 422 EPP.
1640 356 1848 420 PAULI
1882 352 2014 416 LIB.
2054 352 2118 413 v.
2151 356 2223 397 ‘—-
2260 342 2329 411 tu
2366 340 2586 410 EPIST.
2628 339 2720 405 An‘
2756 336 2919 403 anu.

3342 338 3483 403 1494

230 483 478 566 voluntas
516 478 695 559 elegit.
728 480 903 566 Velut,
932 485 977 541 si
1002 484 1151 539 verbi
1189 464 1375 548 causa,
1402 482 1644 565 dicamus
1672 498 1683 534 :
1712 474 1807 549 pa-
1833 468 1887 538 Λ
1910 485 2045 540 tum,
2076 456 2134 529 ut
2163 468 2275 566 per.
2304 468 2471 561 ipsam
2495 479 2880 566 poenamhmate
2925 460 3234 566 operentur,
3265 460 3406 560 sicut
3431 473 3487 521 et

1910 542 2315 635 superiusiid'e'in
2336 547 2465 615 dicit
2492 546 2796 631 Apestoliis,
2816 562 2849 636 ut
2869 566 2925 612 ct
2944 551 3200 628 quoniam
3216 556 3337 633 non

1909 632 2176 711 haveru‘nt
2221 638 2389 707 Deum
2424 653 2480 706 in
2525 646 2775 706 notitiam
2816 632 3045 714 habere,
3101 632 3323 727 tradidit
3368 645 3491 703 illos

1912 748 2055 803 Deus
2108 748 2162 801 in
2207 737 2494 815 reprobum
2546 759 2764 799 sensum
2790 784 2804 809 ,
2855 732 2916 796 ut
2944 735 3180 817 “faciant
3222 733 3342 812 quae
3380 757 3493 799 non

1914 834 2256 894 conveniunt.
2312 837 2649 906 Quapropter
2695 836 2775 892 ita
2818 822 3092 889 concludit
3134 830 3423 903 Apostolus
3475 852 3492 890 :

1986 914 2127 997 Ergo
2174 928 2259 981 cui
2297 928 2402 981 vult
2448 920 2757 993 miseretur,
2795 936 2842 981 et
2890 927 3041 997 quem
3090 925 3195 981 vult
3247 913 3495 982 obdurat.

1917 1016 2112 1088 (Orig)
2139 1009 2292 1082 Quod
2320 1024 2500 1070 autem
2531 1000 2685 1081 dicit,
2715 1032 2834 1087 ergo
2866 1015 2951 1069 cui
2986 1013 3096 1069 vult
3120 1016 3416 1081 miseretur,
3449 1025 3498 1070 et

1914 1125 2066 1179 quem
2095 1106 2199 1163 vult
2223 1108 2455 1172 indurat,
2483 1098 2550 1161 ei
2574 1107 2660 1167 his
2699 1122 2816 1176 qum
2847 1108 2902 1161 in
2930 1098 3113 1161 Exodo
3145 1104 3345 1175 scripta
3374 1113 3504 1159 sunt

1915 1201 2129 1255 videtur
2158 1214 2450 1255 assumere.
2479 1197 2558 1253 Ibi
2584 1192 2727 1252 enim
2753 1191 2919 1253 dicit:
2950 1189 3219 1251 Indurabo
3243 1212 3333 1249 cor
3355 1193 3499 1250 Pha-

1918 1289 2113 1355 raonis,
2148 1298 2203 1342 ut
2252 1304 2315 1342 ne
2360 1288 2589 1342 dimittat
2634 1283 2903 1359 populum.
2934 1277 3293 1342 lndurabatur
3321 1295 3503 1340 autem

1917 1396 2014 1435 cor
2040 1372 2338 1436 Pharaonis
2376 1381 2478 1435 hoc
2507 1377 2667 1435 medo
2692 1376 2705 1432 ἑ
2730 1370 2901 1434 noluit
2931 1378 3073 1433 Deus
3109 1378 3164 1433 in
3196 1376 3320 1432 eum
3350 1364 3501 1432 subi-

1919 1480 2027 1527 tam
2060 1470 2116 1527 et
2141 1474 2353 1542 plenam
2375 1474 2505 1528 dare
2535 1473 2823 1528 vindictam
2851 1491 2864 1525 :
2891 1468 3305 1542 quamvis'enim
3336 1478 3502 1536 esset,

1919 1568 2303 1617 consummatae
2348 1561 2597 1626 malitiae;
2629 1568 2807 1614 tamen
2855 1575 2951 1629 per
2988 1560 3506 1630 patientiamsuam

1913 1654 2062 1709 Deus
2089 1671 2189 1709 nee
2218 1656 2320 1725 ipsi
2351 1654 2663 1710 facultatem
2699 1654 3068 1709 conversionis
3096 1653 3423 1725 excluserat,
3454 1661 3509 1707 et

239 1736 349 1822 nia,
373 1760 414 1813 si
440 1774 543 1809 nua
570 1754 655 1809 illa
686 1750 809 1808 sunt
850 1751 1085 1805 atrocius
1114 1750 1354 1813 incitata,
1386 1763 1504 1817 qum
1552 1745 1821 1827 suisqui-
1854 1822 1857 1823 ν
1886 1819 1893 1827 ι
1922 1750 2043 1807 ideo
2085 1749 2260 1818 primo
2304 1736 2616 1811 lenioribus,
2646 1756 2757 1801 tum
2803 1748 2965 1801 etiam
3016 1746 3291 1816 paulatim,
3323 1746 3505 1816 ingra-

240 1850 361 1902 dem
417 1847 648 1903 itmtibus
675 1829 936 1904 ferantur,
974 1836 1399 1894 emendationem
1429 1844 1607 1890 tamen
1648 1834 1819 1889 delin-
1845 1827 1894 1888 B
1922 1842 2264 1901 vescentibus
2290 1840 2345 1893 in
2370 1855 2491 1893 eum
2518 1838 2835 1893 verberibus
2854 1839 3052 1902 utitur;
3082 1839 3176 1893 sed
3201 1838 3343 1908 quod
3365 1837 3509 1894 Deus

240 1935 527 2007 quentib'ds
586 1924 944 1989 necessariam
1004 1927 1298 1985 conferant.
1354 1927 1622 1981 Ponamus
1668 1940 1816 1996 ergo,

239 2029 326 2085 vel
346 2018 786 2098 patremfamilias
820 2022 1003 2088 istum,
1042 2021 1127 2075 vel
1158 2018 1336 2091 regem
1378 2018 1575 2072 vidisse
1610 2024 1821 2086 tempus

242 2120 351 2191 quo
410 2115 685 2173 emendari
748 2102 943 2170 debent
1013 2099 1068 2167 bi
1131 2110 1223 2181 qui
1274 2108 1462 2191 contra
1524 2113 1705 2165 meres
1758 2120 1822 2161 ac

242 2189 580 2280 di3ciplinam
630 2198 795 2261 inulla
844 2202 1251 2267 cummiserint,
1285 2189 1339 2255 ei
1376 2198 1601 2270 elegisse
1648 2196 1823 2254 duris-

243 2305 439 2359 simum
495 2302 725 2371 aliquem
770 2310 825 2355 et
875 2285 960 2353 liis
991 2298 1133 2369 ,ipsis
1185 2297 1277 2367 qui
1325 2295 1647 2363 corripiendi
1699 2290 1826 2349 sunt

243 2395 415 2450 multo
439 2395 713 2456 diriorem,
756 2393 843 2461 qui
874 2406 971 2461 pro
994 2390 1289 2447 sceleribus
1319 2390 1430 2444 suis
1453 2390 1565 2459 jam
1601 2405 1707 2443 non
1756 2388 1825 2442 sit

246 2486 439 2555 dignus
460 2483 850 2548 emendatione,
866 2482 957 2536 sed
971 2488 1163 2536 morte.
1181 2471 1381 2535 Voiens
1397 2477 1524 2533 vero
1546 2478 1825 2533 interitum

246 2576 365 2647 ejus
395 2576 461 2629 ad
496 2561 922 2629 emendationem
960 2569 1222 2641 prolicere
1262 2574 1612 2636 caeterorum,
1662 2569 1830 2624 mittit

247 2681 372 2722 eum
398 2658 462 2737 ad
495 2652 611 2720 illos
636 2680 770 2734 quos
795 2672 967 2719 morte
987 2664 1102 2734 ejus
1117 2662 1314 2733 corrigi
1338 2661 1504 2730 cup'it,
1526 2670 1580 2716 et
1601 2660 1728 2716 dicit
1751 2660 1824 2725 ei,

247 2759 372 2829 quia
406 2757 474 2811 ad
501 2758 595 2810 hoc
624 2757 791 2825 ipsum
820 2768 866 2811 te
886 2758 1148 2818 suscitavi,
1180 2764 1232 2809 ut
1260 2754 1530 2810 ostendam
1557 2748 1619 2807 in
1635 2764 1684 2807 te
1724 2753 1826 2805 vir-

249 2858 410 2902 tutem
433 2864 618 2911 meam,
645 2856 690 2901 et
720 2843 1055 2901 annuntietur
1078 2850 1263 2900 nomen
1307 2862 1476 2899 meum
1504 2845 1559 2897 in
1589 2845 1827 2897 universa

250 2950 410 2994 terra.
438 2937 571 2993 Vide
593 2939 756 3001 enim,
788 2938 913 3007 quia
935 2936 1040 2991 non
1057 2936 1189 2990 dixit
1208 2955 1219 2989 :
1238 2935 1363 3005 quia
1386 2932 1451 2988 ad
1470 2934 1762 3004 hocipsum
1778 2941 1829 2987 te

252 3028 375 3095 feci,
398 3026 633 3098 alioquin
660 3027 726 3083 ad
756 3027 1086 3083 conditorem
1114 3016 1301 3082 referri
1349 3023 1503 3095 eulpa'
1533 3025 1825 3087 videretur,

253 3122 344 3176 sed
368 3122 459 3181 ait,
481 3119 549 3172 ad
569 3120 663 3172 hoc
685 3120 850 3189 ipsum
875 3121 922 3173 te
942 3118 1209 3181 suscitavi,
1231 3117 1335 3170 hoc
1358 3109 1515 3169 estut
1540 3129 1635 3184 per
1662 3114 1826 3169 animi

1921 1934 2140 2007 gerebat
2178 1948 2274 2002 per
2312 1933 2664 2008 patientiam,
2690 1947 2758 1986 ex
2787 1932 2888 1987 hoc
2928 1918 3015 1987 ille
3056 1917 3411 1987 indurabatur
3440 1934 3509 1987 ad

1921 2032 2310 2094 contemptum,
2360 2020 2618 2090 majorem
2656 2019 2757 2076 sibi
2802 2020 2940 2075 iram
2989 2012 3311 2086 recondens,
3345 2019 3420 2074 ita
3454 2030 3508 2094 ut

1923 2118 1992 2171 ad
2030 2090 2207 2186 ipsum
2248 2114 2352 2169 dici
2382 2111 2664 2195 conveniat
2710 2110 2840 2164 illud
2881 2110 3025 2180 quod
3056 2110 3343 2180 Apostolus
3371 2090 3509 2165 scri-

1922 2207 2002 2262 bit
2032 2200 2207 2277 (Rom.
2242 2198 2305 2275 Ii)
2333 2201 2345 2257 ἐ
2372 2201 2451 2257 Αη
2479 2201 2686 2256 divitias
2713 2200 2957 2255 bonitatis
2984 2200 3095 2270 ejus
3121 2209 3167 2253 et
3198 2198 3513 2270 longanimi-

1924 2298 2045 2353 tatis
2074 2278 2654 2369 contemnis,ignorans
2679 2294 2928 2369 quoniam
2950 2292 3202 2362 patientia
3238 2291 3331 2345 Dei
3371 2301 3419 2345 te
3442 2292 3511 2345 ad

1924 2368 2291 2461 penitentiam
2328 2387 2581 2447 adducit?
2626 2368 2921 2440 Secundum
2964 2385 3217 2438 duritiam
3264 2393 3436 2438 autem
3467 2393 3515 2438 et

1927 2498 2017 2536 cor
2042 2479 2365 2550 impaenitens
2396 2476 2721 2549 thesaurizas
2757 2476 2847 2529 tibi
2880 2476 2978 2546 ipsi
3015 2476 3151 2529 iram
3185 2476 3241 2530 in
3276 2464 3360 2529 die
3398 2475 3513 2545 ire.

1928 2573 2043 2627 Non
2066 2588 2195 2642 ergo
2217 2585 2377 2640 quem
2402 2569 2515 2622 vult
2541 2567 2682 2623 Deus
2708 2567 2945 2632 indurat,
2980 2566 3073 2621 sed
3114 2566 3203 2635 qui
3242 2557 3519 2635 patientia:

1928 2662 2163 2718 noluerit
2205 2645 2578 2730 obtemperare
2627 2658 2932 2712 induratur.
2980 2654 3184 2728 (Aug.)
3233 2654 3517 2711 Cuienim

1928 2758 2220 2812 miseretur
2250 2752 2379 2807 facit
2420 2768 2542 2807 eum
2570 2751 2769 2805 bonum
2797 2750 3033 2820 operari,
3071 2758 3125 2804 et
3156 2764 3318 2821 quem
3343 2734 3519 2803 obdu-

1930 2855 2035 2912 rat,
2064 2844 2317 2914 relinquit
2343 2859 2466 2898 eum
2485 2883 2499 2907 ,
2525 2852 2585 2897 ut
2611 2842 2752 2897 mala
2781 2850 3036 2912 operetur
3062 2860 3074 2893 :
3101 2842 3196 2896 sed
3236 2834 3324 2895 illa
3354 2836 3520 2895 mise-

1932 2937 2164 2994 ricordia
2209 2935 2533 3008 praecedenti
2587 2935 2782 2989 merito
2834 2933 2960 2996 ﬁdei
3009 2933 3295 2997 tribuetur,
3325 2940 3382 2988 et
3416 2933 3520 2988 ista

1932 3027 2217 3085 obduratio
2249 3026 2572 3097 praecedenti
2609 3024 2893 3094 impietati,
2923 3032 2982 3077 ut
3025 3032 3080 3078 et
3116 3021 3259 3079 bona
3295 3040 3393 3094 per
3422 3024 3519 3079 do-

1932 3136 2062 3174 num
2110 3118 2206 3173 Dei
2254 3131 2562 3187 operemur,
2592 3124 2648 3170 et
2693 3110 2837 3170 mala
2882 3128 2979 3185 per
3026 3114 3379 3186 suppliéium;
3414 3132 3525 3172 non

252 3212 328 3266 ῑυί
360 3209 638 3273 malitiam,
677 3224 837 3277 quam
879 3208 972 3263 libi
1010 3199 1255 3272 infrenis,
1284 3214 1339 3261 θι
1364 3206 1478 3260 Sine
1502 3204 1597 3260 Dei
1639 3204 1831 3259 “more
1857 3182 1903 3245 Ε
1935 3212 2179 3268 aufertur
2219 3210 2448 3263 liberum
2484 3208 2777 3263 voluntatis
2823 3207 3131 3274 arbitrium,
3164 3208 3278 3263 sive
3309 3200 3376 3262 ad
3407 3223 3524 3263 cre-

252 3286 481 3355 vivcndo
506 3298 765 3368 quaesisti,
798 3303 852 3353 et
895 3298 948 3351 in
978 3297 1112 3351 alios
1156 3294 1425 3367 iri-egetur
1451 3293 1597 3349 utilis
1626 3309 1690 3349 ac
1720 3294 1831 3348 fru-

252 3374 749 3463 ctdoSa‘cor'rectio,
780 3385 835 3444 et
867 3389 919 3442 in
952 3389 1179 3457 teipsum
1206 3387 1271 3440 ad
1297 3386 1629 3456 poSteritatis
1652 3399 1833 3440 exem-

252 3480 399 3553 pluiu
430 3478 818 3537 famosissimus
857 3479 1167 3534 conferatur
1196 3478 1465 3532 interitus.
1494 3476 1720 3548 (Ambr.)
1752 3465 1833 3529 Ad

255 3574 359 3628 hoc
383 3565 526 3625 enin'i
555 3564 797 3625 Servatus
825 3554 1059 3634 Pharao,
1099 3558 1158 3623 ut
1200 3566 1367 3621 multa
1394 3564 1545 3637 signa
1576 3574 1628 3620 et
1664 3566 1835 3637 plagae

255 3662 670 3719 ostenderentur
701 3662 753 3715 in
778 3660 950 3725 illum,
972 3660 1125 3729 quasi
1170 3658 1281 3727 jam
1317 3666 1607 3713 mortuum.
1654 3655 1837 3713 Susci-

258 3750 401 3812 tatus
428 3756 605 3809 autem
636 3741 806 3809 dictus
838 3740 941 3820 est,
973 3749 1099 3824 quia
1146 3770 1268 3808 cum
1312 3746 1451 3823 apud
1497 3735 1665 3807 Deum
1696 3768 1836 3807 mor-

258 3858 383 3903 tuus
429 3838 590 3912 essei,
666 3846 931 3901 modicum
984 3842 1194 3916 tempus
1254 3842 1481 3915 accepit,
1541 3853 1602 3899 ut
1653 3842 1835 3899 vivere

257 3941 551 4003 videretur,
578 3944 637 3993 ut
662 3948 802 3993 esset
830 3939 883 3994 in
910 3939 1061 4008 cujus
1084 3938 1323 4008 poenam,
1346 3947 1401 3993 et
1420 3936 1571 3993 varia
1596 3946 1835 3992 tormen-

264 4041 439 4086 torum
470 4044 665 4099 gen‘era
690 4044 859 4100 usque
886 4028 952 4084 ad
978 4020 1226 4101 mortem,
1250 4044 1438 4083 omnes
1468 4029 1559 4098 qui
1583 4029 1699 4083 sine
1729 4028 1839 4083 Deo

262 4132 420 4176 erant
450 4123 733 4186 intuentes,
763 4128 909 4176 metu
932 4118 1127 4186 territi,
1164 4112 1307 4174 hunc
1328 4118 1502 4174 solum
1534 4119 1699 4173 Deum
1721 4133 1841 4173 esse

264 4228 387 4267 eum
441 4212 793 4292 admiratione
841 4211 1075 4265 maxima
1132 4210 1432 4266 faterentur
1472 4229 1483 4263 :
1535 4226 1564 4265 a
1604 4225 1710 4278 quo
1756 4211 1840 4264 hae

263 4306 514 4361 vindictae
544 4304 696 4358 fiunt.
738 4286 849 4359 Hoc
877 4300 1041 4359 etiam
1075 4308 1272 4376 genere
1308 4286 1526 4373 antiqui.
1559 4301 1752 4356 medici
1788 4301 1840 4354 in

265 4396 572 4451 hominibus
594 4405 763 4449 morte
792 4386 986 4466 dignis,
1014 4394 1095 4448 'vel
1134 4394 1326 4447 mortis
1356 4392 1678 4446 sententiam
1707 4407 1839 4446 cou-

1936 3302 2169 3358 dendum
2197 3301 2339 3365 Deo,
2376 3306 2438 3353 ut
2462 3306 2824 3367 consequatur
2856 3312 2955 3353 nos
2980 3298 3375 3364 misericordia,
3411 3297 3524 3353 sive

1938 3396 2005 3451 ad
2031 3394 2383 3465 impietatem,
2409 3400 2466 3447 ut
2488 3398 2848 3462 consequatur
2874 3391 3233 3461 supplicium;
3260 3406 3367 3461 qua
3394 3406 3527 3447 con-

1936 3488 2176 3543 clusione
2215 3486 2391 3549 illata,
2439 3483 2603 3539 infert
2637 3483 2991 3554 quaestionem
3036 3489 3289 3553 tanquam
3334 3498 3365 3537 a
3397 3498 3527 3539 con-

1938 3564 2271 3645 tradicente,
2287 3578 2363 3632 ait
2388 3578 2532 3632 enim
2563 3596 2575 3631 :

2009 3669 2153 3723 Dicis
2194 3671 2368 3739 itaque
2406 3668 2533 3721 mihi
2558 3680 2577 3718 :
2601 3654 2744 3732 Quid
2771 3665 2943 3719 adhuc
2968 3659 3246 3736 quwritur,
3267 3683 3391 3720 nam
3436 3683 3526 3721 vo-

1940 3761 2126 3815 luntali
2167 3762 2281 3830 ejus
2317 3760 2433 3831 quis
2478 3742 2707 3825 resistit?
2749 3741 3024 3813 Cui‘sane
3073 3744 3406 3827 inquisitioni
3452 3758 3532 3813 sic

1939 3852 2250 3924 respondet,
2307 3861 2367 3907 ut
2423 3850 2821 3922 intelligamus,
2870 3848 3237 3920 spiritualibus
3288 3838 3421 3905 viris
3476 3859 3535 3907 et

1933 3945 2043 4015 jam
2094 3960 2199 3998 non
2251 3928 2548 3998 secundum
2601 3949 2877 3995 terrenum
2915 3940 3187 3995 hominem
3223 3925 3529 3996 viventibus

1938 4042 2123 4105 patere
2163 4032 2321 4103 posse
2349 4031 2522 4102 prima
2568 4032 2762 4084 merita
2792 4015 2916 4085 fidei
2946 4038 3001 4085 et
3031 4030 3356 4099 impietatis,
3395 4046 3530 4100 quo-

1941 4124 2101 4178 modo
2130 4121 2274 4177 Deus
2300 4109 2643 4193 prmscientia
2695 4110 2855 4193 eligat
2900 4120 3230 4188 credituros,
3276 4129 3331 4176 et
3377 4121 3528 4176 dam-

1942 4225 2034 4271 net
2064 4214 2371 4270 incredulos
2395 4256 2407 4278 ,
2461 4230 2569 4269 non
2620 4213 2739 4269 illos
2785 4228 2851 4269 ex
2891 4214 3148 4283 operibus
3174 4212 3399 4285 eligens,
3430 4228 3531 4268 nec

1942 4307 2074 4360 istos
2102 4320 2169 4359 ex
2202 4304 2456 4373 operibus
2486 4303 2767 4369 damnans,
2805 4303 2899 4359 sed
2945 4301 3158 4358 illorum
3209 4302 3332 4358 fidei
3395 4317 3532 4372 pra:-

1943 4402 2092 4455 stans
2122 4402 2183 4448 ut
2225 4394 2361 4448 bene
2387 4403 2700 4463 operentur,
2728 4388 2785 4447 et
2818 4392 3045 4448 istorum
3074 4392 3405 4463 impietatem
3431 4378 3529 4448 ob-

266 4485 487 4545 secutis,
522 4480 869 4553 requirebant
890 4477 1157 4551 ηιιοίἥὸάο
1181 4478 1502 4551 prodessent
1529 4481 1691 4547 Vivis,
1721 4496 1841 4552 quae
1869 4531 1918 4554 τι
1945 4485 2146 4540 durans
2199 4484 2532 4549 deserendo,
2580 4492 2641 4538 ut
2679 4483 2818 4538 male
2877 4491 3202 4553 operentur;
3251 4482 3345 4554 qui
3395 4497 3530 4548 quo-

269 4573 319 4627 in
344 4572 559 4628 homine
579 4564 818 4627 latebant
833 4569 1053 4643 apertis,
1070 4560 1222 4627 utbis
1244 4570 1633 4641 cognOSCerent
1648 4587 1841 4627 causas

268 4662 621 4742 mgritudipis,
651 4672 709 4717 ut
738 4660 895 4733 piens
920 4649 1199 4742 murieutis
1228 4664 1473 4733 proficiat
1516 4654 1584 4717 ad
1613 4658 1841 4719 salutem

270 4740 714 4825 viventis.ﬁ(zlug.)
733 4756 882 4820 Quod
905 4740 1032 4824 ergo
1058 4758 1185 4809 tunc
1206 4748 1417 4808 Pharao
1442 4769 1548 4808 non
1570 4753 1845 4823 obtempe-

269 4846 426 4901 raba’t
436 4844 716 4916 priceeptis
729 4845 841 4909 Dei,
852 4844 965 4913 jam
989 4847 1052 4900 de
1068 4845 1327 4916 supplicio
1340 4842 1607 4900 veniebat.
1623 4837 1737 4900 Non
1752 4862 1843 4900 au-

269 4949 377 5017 tem
398 4926 681 5005 quisquam
698 4925 1063 5005 potestdicere
1076 4938 1483 4992 obdurationem
1506 4924 1649 4993 illam
1664 4938 1843 4993 cordis

269 5024 541 5081 immerito
570 5024 829 5080 accidisse
853 5026 1145 5091 Pharaoni,
1176 5026 1269 5081 sed
1295 5024 1498 5095 judicio
1546 5026 1659 5082 Dei
1679 5022 1843 5082 retri-

268 5116 485 5173 buentis
510 5116 867 5172 incredulitati
889 5116 1005 5186 ejus
1025 5118 1260 5173 debitarr
1290 5132 1527 5187 poenam.
1559 5116 1676 5172 Non
1717 5132 1845 5189 ergo

270 5195 405 5262 hoc'
436 5205 510 5260 illi
580 5207 873 5277 imputatur
917 5209 1058 5278 quod
1110 5216 1237 5263 tunc
1281 5208 1387 5263 non
1438 5208 1843 5279 obtemperarit,

273 5298 489 5368 quando
506 5293 720 5367 quidem
748 5298 1012 5353 obdurato
1032 5299 1195 5354 corde
1216 5302 1593 5369 obtemperare
1618 5316 1724 5355 non
1749 5316 1846 5370 po-

273 5398 451 5454 terat;
474 5389 568 5444 sed
597 5389 721 5459 quia
764 5389 981 5460 dignum
1018 5405 1076 5445 se
1100 5390 1346 5459 praebuit,
1370 5390 1457 5445 cui
1489 5404 1583 5445 cor
1607 5391 1845 5446 obdura—

274 5490 428 5537 retur
474 5482 660 5551 priori
696 5480 1051 5546 infidelitate;
1092 5482 1233 5536 sicut
1275 5480 1418 5536 enim
1471 5480 1523 5535 in
1578 5478 1661 5535 his
1713 5480 1849 5550 ques

274 5573 441 5643 elegit
488 5571 659 5639 Deus,
702 5582 807 5628 non
841 5588 1003 5644 opera
1035 5560 1129 5629 Sed
1160 5573 1291 5631 fides
1323 5572 1540 5628 inchoat
1570 5573 1846 5638 meritum,

274 5668 339 5718 ut
386 5678 481 5732 per
507 5668 705 5720 munus
732 5662 828 5720 Dei
864 5666 1000 5719 bene
1029 5673 1337 5734 operentur,
1384 5665 1461 5719 sic
1510 5666 1562 5719 in
1594 5666 1680 5720 his
1716 5681 1849 5735 quos

278 5755 526 5825 datnnat,
553 5755 839 5815 infidelitas
879 5767 935 5815 et
960 5759 1211 5830 impietas
1238 5761 1453 5816 inchoat
1481 5774 1654 5832 poena:
1682 5760 1850 5817 meri-

1867 4531 1919 4590 Ι)

1949 4575 2095 4631 niam
2158 4562 2485 4639 intellectus,
2544 4581 2604 4627 ut
2671 4573 2813 4639 dixi,
2884 4573 3216 4643 spiritalibus
3279 4581 3450 4644 patet,
3500 4588 3531 4628 a

1950 4667 2153 4723 carnali
2182 4676 2362 4725 autem
2408 4666 2691 4735 prudentia
2730 4665 2886 4737 longe
2928 4674 3169 4721 remotus
3198 4673 3310 4731 est;
3343 4667 3422 4722 sic
3450 4682 3533 4722 re-

1951 4757 2085 4813 fellit
2128 4756 2517 4825 inquirentem,
2546 4764 2604 4809 ut
2650 4755 2915 4831 intelligat
2970 4771 3029 4811 se
3073 4756 3341 4827 deponere
3382 4758 3534 4827 prius

1950 4850 2221 4905 hominem
2266 4849 2381 4913 luti,
2417 4858 2477 4905 ut
2505 4850 2607 4904 ista
2636 4864 2736 4919 per
2778 4850 3028 4919 spiritum
3058 4850 3384 4921 investigare
3414 4866 3530 4907 me-

1952 4947 2154 4995 reatur.
2201 4930 2405 5010 itaque,
2431 4940 2625 5009 inquit,
2656 4950 2712 4993 tu
2733 4942 2847 5011 quis
2867 4957 2919 4994 es
2937 4942 3026 5010 qui
3047 4941 3359 5011 respondeas
3383 4932 3535 4996 Deo?

1949 5034 2345 5104 nunquiddicit
2374 5034 2676 5104 ﬁgmentum
2708 5034 2756 5087 ei
2799 5035 2888 5105 qui
2927 5051 2981 5088 se
3025 5034 3204 5103 finxit,
3242 5052 3407 5106 quare
3452 5037 3530 5091 sic

1946 5138 2030 5177 me
2053 5124 2259 5193 fecisti?
2293 5138 2359 5178 an
2396 5139 2503 5178 non
2546 5124 2708 5179 habet
2739 5133 3064 5194 potestatem
3105 5125 3301 5197 ﬁgulus
3324 5126 3421 5181 luti
3464 5142 3532 5183 ex

1948 5213 2138 5268 eadem
2169 5214 2550 5283 conspersione
2579 5229 2673 5269 vas
2701 5214 2899 5281 facere,
2928 5215 3071 5271 aliud
3101 5216 3313 5284 quidem
3345 5216 3399 5269 in
3422 5216 3530 5272 ho-

1951 5317 2163 5367 norem,
2192 5302 2335 5357 aliud
2382 5304 2436 5356 in
2485 5303 3159 5376 contumeliam?quandiu
3212 5304 3532 5377 ﬁgmentum

1951 5410 2029 5459 es,
2062 5395 2256 5463 inquit,
2285 5386 2340 5448 et
2368 5393 2435 5448 ad
2469 5409 2701 5448 massam
2729 5393 2824 5473 luti
2849 5395 3113 5463 pertines,
3141 5396 3379 5451 nondum
3416 5410 3539 5464 per-

1952 5490 2142 5545 ductus
2171 5491 2236 5545 ad
2270 5484 2557 5560 Spiritalia,
2594 5496 2651 5542 ut
2674 5488 2748 5543 sis
2776 5474 3035 5558 spiritalis
3074 5490 3261 5544 omnia
3282 5488 3544 5557 judicans

1953 5588 2007 5634 et
2036 5579 2304 5633 apnemine
2328 5578 2612 5654 iudiceris,
2647 5578 2901 5632 cohibeas
2927 5586 2982 5633 te
3011 5588 3222 5650 oportet
3252 5579 3322 5633 ab
3346 5576 3549 5646 hujus-

1956 5672 2099 5726 modi
2123 5671 2485 5742 inquisitione,
2510 5676 2563 5723 et
2590 5683 2697 5722 non
2719 5669 3053 5739 respondeas
3074 5670 3204 5735 Deo,
3229 5669 3394 5737 cujus
3412 5678 3558 5724 .con-

1957 5761 2133 5817 silium
2176 5760 2404 5833 quisque
2450 5758 2590 5815 scire
2631 5759 2882 5830 cupiens,
2912 5768 3135 5829 oportet
3183 5767 3244 5815 ut
3286 5758 3454 5829 prius
3509 5750 3576 5804 in
