3948 6348
422 328 561 386 M95

1087 334 1147 388 ιι.
1190 332 1443 389 ιιΑΒΑΝι
1480 308 1704 390 muni
1734 329 1992 390 meum

2094 328 2690 409 memoreset!
2724 327 2907 397 ptas
2941 327 3031 385 ιιι.

3537 324 3672 383 N98

418 452 534 520 ejus
564 448 855 503 amicitiam
883 408 1204 519 recipiatur,
1229 447 1371 517 quod
1399 445 1714 516 contingere
1752 445 1856 501 nisi
1886 445 1989 515 spi-
2016 452 2069 512 Α
2091 443 2467 514 continuisque
2503 443 2700 515 vigiliis
2738 422 2901 507 altius
2945 441 3257 512 Scripturas
3282 439 3497 498 divinas
3525 454 3675 497 scru—

416 541 668 598 ritalibus
695 557 801 596 non
824 548 1019 611 potest,
1045 541 1159 611 jam
1196 538 1535 611 portantibus
1564 538 1851 608 imaginem
1884 551 1996 614 cm-

414 630 566 687 lestis
577 631 809 686 hominis
829 631 980 686 :Jam
999 631 1158 696 enim,
1172 630 1362 699 inquit,
1379 645 1482 684 non
1496 644 1585 682 vos
1605 627 1779 681 dicam
1797 642 1990 692 servos,

413 718 506 777 sed
535 723 750 785 amicos,
781 721 957 776 omnia
984 722 1121 775 enim
1148 736 1264 791 quia
1291 719 1469 773 audivi
1500 735 1531 771 a
1556 728 1703 787 patre
1730 732 1841 771 meo
1869 704 1994 770 nota

409 811 556 868 vobis
602 810 702 880 feci
735 808 918 883 (Joan.
964 810 1078 882 xv).
1108 809 1355 876 Quandiu
1392 809 1571 877 itaque
1606 820 1700 861 vas
1742 804 1887 877 ﬁguli
1911 820 1989 871 es,

412 900 797 955 conterendum
826 900 929 954 hoc
954 900 1126 968 ipsum
1151 899 1205 953 in
1228 908 1281 952 te
1309 898 1459 968 prius
1491 897 1639 967 virga
1671 895 1760 951 illa
1788 894 1989 960 ferrea,

411 988 478 1045 de
490 1003 601 1058 qua
623 989 824 1045 dictum
845 996 955 1044 est:
975 988 1136 1060 Reges
1158 1004 1245 1044 eos
1274 989 1328 1041 in
1352 990 1498 1058 virga
1523 987 1713 1056 ferrea,
1740 996 1990 1057 tanquam

402 1096 500 1135 luas
521 1079 689 1150 ﬁguli
732 1080 1061 1150 confringens
1088 1097 1174 1134 eos
1206 1077 1378 1151 (Psal.
1407 1079 1468 1150 ιι)
1486 1117 1501 1144 ,
1532 1087 1589 1131 ut
1615 1084 1871 1147 corrupto
1898 1092 1992 1131 ex-

411 1170 609 1224 teriore
635 1170 872 1235 homine,
906 1169 1165 1227 interiore
1194 1169 1450 1224 innovate
1471 1207 1485 1233 ,
1516 1166 1692 1238 possis
1710 1164 1773 1221 in
1805 1165 1987 1221 chari-

405 1270 528 1316 tate
547 1262 822 1317 radicatus
865 1271 920 1316 et
963 1260 1216 1317 fundatus
1257 1260 1714 1331 comprehendere
1751 1258 1990 1313 latitudi-

405 1368 551 1421 nem,
584 1350 990 1428 longitudinem,
1021 1354 1378 1417 altitudinem,
1402 1350 1758 1421 profundum;
1791 1364 1989 1420 cogno-

404 1461 561 1501 scere
607 1447 771 1502 etiam
831 1444 1339 1516 supereminentiam
1399 1443 1639 1499 scientiae
1700 1441 1985 1497 charitatis

405 1536 606 1592 Christi
655 1536 875 1610 (Ephes.
923 1537 1041 1609 ιιι).
1087 1536 1239 1591 Nunc
1288 1538 1467 1604 itaque
1513 1549 1637 1589 cum
1682 1549 1750 1589 ex
1798 1535 1986 1588 eadem

404 1630 787 1700 conspersione
820 1631 963 1686 Deus
1001 1630 1108 1684 alia
1135 1644 1264 1683 vasa
1305 1629 1359 1683 in
1402 1629 1662 1683 honorem
1702 1626 1853 1692 fecit,
1879 1628 1985 1681 alia

403 1719 461 1773 in
483 1720 886 1785 contumeliam,
902 1735 1007 1774 non
1030 1728 1112 1774 est
1137 1728 1285 1773 tuum
1310 1719 1598 1785 discutere,
1613 1719 1657 1773 si
1687 1718 1983 1774 secundum

2097 544 2296 601 tantur,
2316 536 2536 605 aperiri,
2561 552 2626 593 ex
2644 535 2841 607 quibus
2868 548 2954 589 me
2974 548 3084 588 non
3103 547 3223 588 esse
3240 548 3342 604 ego
3361 534 3502 589 bene
3527 532 3672 589 novi.

2096 625 2153 681 Si
2181 628 2303 697 quis
2348 636 2529 681 tamen
2559 628 2649 693 sit,
2677 627 2769 697 qui
2801 626 2875 681 ita
2903 632 3125 695 quaerat,
3158 624 3441 691 inveniet;
3487 627 3680 681 verum

2093 730 2149 779 et
2171 735 2270 775 nos
2295 735 2394 789 pro
2419 719 2628 773 viribus
2670 719 2738 773 ad
2781 734 2847 773 ea
2888 732 3007 788 quae
3046 716 3317 771 habentur
3339 717 3395 771 in
3424 716 3671 773 manibus

2092 819 2489 869 convertamur.
2535 807 2696 881 (60.)
2738 806 2783 863 0
2833 810 3009 874 homo,
3036 807 3229 887 inquit,
3258 816 3317 860 tu
3356 809 3474 877 quis
3502 807 3674 877 «qui

2092 903 2401 973 respondeas
2446 901 2595 955 Deo?
2619 900 2962 971 Respondere
2987 900 3098 955 Deo
3132 914 3239 953 non
3266 911 3427 968 posse
3454 898 3675 952 convin-

2091 995 2249 1058 citur,
2276 992 2368 1063 qui
2415 993 2578 1047 bomo
2620 992 2949 1063 nominatur,
2987 990 3113 1060 quia
3160 1002 3257 1059 per
3282 989 3386 1042 hoc
3430 987 3573 1055 quod
3604 986 3673 1042 de

2090 1084 2255 1138 humo
2281 1090 2528 1153 sumptus
2554 1089 2654 1141 est,
2677 1081 2877 1150 judicia
2907 1094 3139 1148 superna
3169 1080 3443 1134 discutere
3482 1076 3672 1146 dignus

2087 1189 2200 1229 non
2233 1181 2335 1229 est.
2381 1170 2533 1226 Unde
2561 1170 2615 1224 in
2646 1167 2745 1223 Job
2775 1167 2971 1238 legitur
2996 1185 3008 1221 :
3040 1166 3170 1232 Quis
3198 1168 3372 1227 dicere
3400 1166 3453 1218 ei
3475 1173 3670 1243 potest,

2088 1264 2197 1320 Cur
2237 1266 2313 1319 ita
2343 1266 2474 1335 facis
2492 1264 2527 1316 2η
2542 1262 2683 1335 (Job.
2717 1257 2818 1330 XI.)
2842 1260 3093 1315 Auctoris
3141 1258 3284 1314 facta
3326 1272 3544 1327 semper
3586 1259 3673 1311 in-

2088 1361 2330 1416 discussa
2371 1355 2675 1410 veneranda
2718 1359 2873 1417 sunt,
2906 1351 3033 1422 quia
3075 1350 3274 1419 injusta
3308 1363 3429 1403 esse
3473 1362 3673 1417 nequa-

2087 1467 2249 1523 quam
2273 1457 2517 1520 possunt.
2548 1447 2834 1503 Rationem
2857 1446 3053 1516 quippe
3074 1446 3142 1499 de
3164 1442 3379 1499 occulto
3407 1441 3525 1510 ejus
3549 1456 3675 1497 oon-

2087 1546 2206 1602 silio
2263 1558 2527 1614 quaerere,
2572 1541 2706 1597 nihil
2762 1549 2847 1595 est
2903 1539 3049 1593 aliud
3094 1553 3259 1608 quam
3311 1546 3506 1592 contra
3559 1538 3674 1607 ejus

2085 1632 2370 1691 consilium
2406 1630 2706 1702 superbire.
2755 1629 2889 1684 Cum
2918 1643 3047 1699 ergo
3076 1627 3342 1683 factorum
3368 1642 3533 1683 causa
3567 1641 3672 1682 non

2088 1726 2524 1798 deprehenditur,
2559 1730 2727 1793 restat
2758 1731 2818 1777 ut
2856 1723 2955 1776 sub
2988 1721 3145 1776 factis
3180 1720 3327 1774 illius
3356 1734 3483 1774 cum
3507 1718 3675 1773 humi-

400 1809 645 1864 eamdem
674 1809 1110 1879 conspersionem
1138 1809 1313 1864 adhuc
1340 1809 1506 1889 vivis,
1546 1809 1598 1862 id
1641 1817 1725 1863 est
1768 1816 1982 1863 terreno

2094 1820 2237 1874 litate
2260 1816 2655 1884 taceatur,quia
2675 1827 3017 1899 nequaquam
3040 1808 3233 1866 suﬁicit
3254 1825 3449 1877 sensus
3470 1810 3671 1874 carnis,

401 1912 566 1953 sensu
591 1907 649 1953 et
690 1900 979 1954 carnaliter
1020 1900 1184 1969 sapis.
1226 1898 1436 1971 (Orig)
1480 1898 1816 1986 Superﬁuum
1853 1914 1983 1970 ergo

400 2001 507 2056 est,
539 1990 679 2059 quod
703 1991 838 2046 dicis
863 1990 1139 2062 Apostolo,
1172 1999 1229 2045 tu
1250 1992 1339 2060 qui
1364 1992 1687 2055 adversaria,
1709 1991 1834 2061 quid
1860 2007 1981 2061 ergo

400 2078 573 2133 adhuc
600 2081 858 2149 queritur,
886 2080 1140 2137 voluntati
1168 2080 1305 2133 enim
1324 2082 1438 2150 ejus
1468 2081 1583 2150 quis
1628 2082 1816 2134 resistit
1841 2081 1865 2134 ?
1888 2096 1983 2137 vo-

400 2169 595 2224 luntati
633 2169 845 2237 quidem
873 2168 967 2223 Dei
992 2178 1201 2224 certum
1241 2179 1324 2224 est
1363 2172 1506 2239 quod
1532 2170 1712 2227 nullus
1732 2172 1978 2239 obsistat,

400 2260 495 2316 sed
524 2260 853 2315 voluntatem
871 2261 987 2329 ejus
1008 2259 1211 2329 justam
1237 2269 1551 2330 rectanique
1578 2276 1699 2332 esse
1728 2264 1868 2318 scire
1886 2278 1983 2318 nos

400 2348 670 2403 convenit.
697 2346 765 2403 Ut
791 2348 918 2403 boni
946 2349 1089 2403 enim
1111 2360 1205 2403 aut
1232 2350 1358 2404 mali
1387 2350 1555 2407 simus
1578 2363 1776 2407 nostrae
1795 2353 1983 2407 volun—

402 2441 532 2495 tatis
581 2447 683 2494 est.
728 2439 897 2494 Malus
941 2451 1160 2505 autem,
1192 2442 1260 2495 ad
1302 2441 1602 2509 cujusmodi
1648 2444 1899 2508 verbera,
1929 2452 1983 2498 et

399 2531 574 2587 bonus
621 2530 688 2586 ad
733 2521 1027 2598 cujusmodi
1079 2530 1304 2601 gloriam
1349 2532 1649 2588 destinetur
1690 2533 1983 2589 voluntatis

401 2631 485 2677 est
503 2621 623 2676 ‘Dei.
654 2622 699 2677 0
724 2622 898 2687 homo,
932 2632 987 2675 tu
1015 2623 1130 2691 quis
1156 2638 1208 2675 es
1236 2623 1324 2692 qui
1354 2624 1667 2692 respondeas
1688 2624 1822 2689 Deo,
1851 2642 1985 2679 nun-

399 2714 528 2787 quid
556 2714 682 2769 dicit
719 2713 1021 2783 ﬁgmentum
1066 2714 1114 2767 ei
1142 2714 1231 2783 qui
1257 2731 1312 2769 se
1337 2713 1511 2783 ﬁnxit,
1540 2713 1666 2784 quid
1696 2730 1776 2768 me
1815 2714 1985 2783 fecisti

399 2808 521 2865 sic?
561 2807 813 2878 Legimus
840 2814 896 2861 et
934 2806 987 2860 in
1029 2806 1331 2877 Evangeliis
1371 2820 1485 2870 eos,
1515 2806 1606 2874 qui
1655 2814 1907 2875 proterve
1930 2813 1984 2859 et

402 2898 693 2957 inﬁdeliter
742 2898 1082 2967 inquirebant
1113 2912 1142 2951 a
1172 2898 1397 2956 Domino
1419 2938 1432 2962 ,
1464 2898 1518 2951 in
1572 2912 1677 2967 qua
1717 2905 1983 2952 notestate

402 2992 521 3047 haec
564 2989 785 3054 faceret,
810 3004 930 3059 quae
958 2988 1210 3055 faciebat,
1239 2998 1292 3043 et
1320 2989 1440 3058 quis
1468 2989 1519 3042 ei
1549 2988 1784 3043 dedisset
1829 2997 1982 3057 pote-

404 3090 599 3138 statem
632 3082 794 3145 hanc,
823 3095 891 3135 ne
926 3081 1279 3149 responsione
1317 3080 1532 3149 quidem
1561 3080 1751 3149 dignos
1770 3079 1986 3134 habitos

2084 1920 2143 1967 ut
2170 1919 2377 1966 secreta
2404 1906 3005 1980 penetret‘majestatis;
3032 1905 3123 1975 qui
3150 1918 3281 1974 ergo
3304 1904 3359 1957 in
3389 1901 3551 1957 factis
3580 1900 3674 1957 Dei

2084 2001 2349 2055 rationem
2376 2013 2484 2053 non
2509 1998 2678 2061 videt,
2704 1996 3073 2057 inﬁrmitatem
3111 2001 3271 2075 suam
3293 1993 3670 2056 considerans,

2084 2106 2183 2146 cur
2214 2104 2318 2143 non
2356 2088 2537 2143 videat
2564 2084 3042 2141 rationem'videt.
3092 2082 3249 2139 Unde
3297 2098 3398 2153 per
3446 2081 3683 2145 Paulum

2085 2178 2302 2253 quoque
2336 2180 2731 2250 subsequenter
2767 2177 3115 2248 adiungitur:
3161 2174 3419 2245 Nunquid
3454 2174 3582 2226 dicit
3612 2172 3675 2239 βρ

2040 2314 2054 2327 .
2085 2284 2349 2345 gmentum
2376 2274 2422 2327 ei
2445 2274 2535 2344 qui
2566 2290 2621 2326 se
2643 2258 2819 2341 ﬁnxit,
2846 2286 3010 2340 quare
3032 2284 3113 2322 me
3142 2268 3310 2336 fecisti
3340 2266 3461 2319 sic?
3490 2278 3598 2333 quo
3618 2276 3675 2318 se

2084 2367 2227 2423 enim
2257 2366 2431 2420 cernit
2462 2364 2776 2435 ﬁgmentum
2805 2350 2968 2417 divirii
3001 2375 3121 2416 esse
3149 2360 3350 2428 operis,
3374 2372 3441 2412 eo
3483 2365 3675 2411 semet-

2086 2457 2260 2527 ipsum
2287 2456 2587 2525 redarguit,
2615 2470 2682 2507 ne
2708 2461 2897 2506 contra
2927 2463 3146 2504 manum
3180 2447 3405 2501 resultet
3435 2460 3674 2514 operan-

2087 2548 2180 2610 tis,
2208 2546 2333 2615 quia
2374 2544 2465 2613 qui
2502 2544 2732 2612 benigne
2773 2540 2915 2609 quod
2952 2554 3060 2592 non
3088 2545 3207 2591 erat
3243 2535 3373 2590 fecit
3400 2535 3549 2604 quod
3574 2542 3673 2598 est,

2090 2635 2282 2704 injuste
2321 2648 2427 2687 non
2465 2632 2687 2687 deserit.
2732 2630 2814 2683 Ad
2852 2628 3199 2697 semetipsam
3226 2639 3358 2694 ergo
3396 2630 3524 2698 post
3550 2636 3675 2691 per-

2086 2727 2389 2783 cussionem
2419 2737 2573 2777 mens
2615 2723 2823 2783 redeat,
2850 2729 2904 2773 et
2943 2718 3086 2787 quod
3127 2714 3535 2785 apprehendere
3571 2727 3675 2767 non

2086 2817 2248 2881 valet,
2275 2829 2383 2869 non
2413 2813 2654 2882 requirat
2678 2824 2694 2865 :
2719 2825 2786 2865 ne
2814 2809 2859 2863 si
2884 2807 3081 2863 divinae
3124 2805 3218 2860 irae
3244 2819 3409 2860 causa
3450 2802 3675 2858 discuti-

2087 2907 2239 2969 titur,
2277 2902 2507 2971 amplius
2537 2901 2780 2955 discussa
2802 2906 3151 2967 provocetur,
3175 2903 3233 2948 et
3275 2908 3442 2963 quam
3464 2891 3678 2961 placare

2087 2993 2363 3051 humilitas
2393 2998 2626 3061 poterat,
2655 2986 3164 3055 inexstinguibiliter.
3202 2983 3457 3054 superbia
3488 2995 3679 3035 accen-

2091 3087 2202 3142 dat.
2246 3085 2329 3137 Αη
2371 3079 2474 3138 non
2502 3081 2653 3135 habet
2690 3088 2989 3149 potestatem
3037 3074 3229 3144 ﬁgulus
3266 3074 3365 3126 luti
3403 3088 3469 3125 ex
3497 3071 3677 3125 eadem

404 3172 557 3245 (Luc.
589 3170 706 3241 xx).
745 3169 1009 3225 Similiter
1037 3184 1250 3239 quoque
1274 3179 1324 3224 et
1353 3172 1407 3223 in
1434 3170 1687 3239 praesenti
1729 3169 1848 3224 loco
1874 3185 1986 3224 mo-

2094 3194 2261 3233 massa
2305 3174 2453 3229 aliud
2490 3190 2579 3228 vas
2608 3173 2665 3227 in
2693 3173 2962 3235 honorem,
2990 3167 3139 3223 aliud
3173 3182 3291 3221 vero
3328 3167 3382 3218 in
3417 3174 3680 3219 contume-

403 3271 520 3318 tum
542 3262 787 3318 videmus
808 3245 1122 3331 Apostolum
1144 3269 1199 3314 et
1219 3262 1504 3315 adversum
1534 3261 1828 3315 insolentes
1849 3276 1988 3329 quae-

406 3353 631 3416 stiones,
657 3365 722 3404 ac
748 3364 843 3419 per
871 3365 935 3403 ea
964 3366 1083 3420 qua:
1115 3348 1409 3420 respondit,
1424 3351 1775 3419 proponentis
1802 3359 1989 3404 contu-

405 3440 638 3496 maciam
669 3438 990 3502 conl‘udisse,
1020 3440 1096 3503 ait
1124 3440 1266 3493 enim
1292 3457 1305 3492 :
1332 3438 1376 3492 0
1399 3439 1648 3503 homo,tu
1686 3441 1802 3509 quis
1827 3456 1879 3493 es
1900 3441 1990 3509 qui

398 3535 591 3590 t‘dntra
637 3528 946 3599 respondeas
988 3528 1136 3584 Deo?
1165 3528 1277 3583 Hoc
1322 3536 1405 3583 est
1452 3530 1595 3583 enim
1646 3530 1808 3584 homo
1850 3531 1989 3601 apud

407 3621 577 3674 Deum
601 3619 742 3689 quod
774 3618 914 3687 apud
943 3616 1161 3688 ﬁgulum
1189 3618 1389 3683 lutum;
1426 3627 1481 3673 et
1505 3620 1645 3674 sicut
1677 3636 1865 3675 servus
1894 3637 1989 3675 ne-

408 3728 574 3783 quam
626 3713 671 3766 si
708 3712 853 3791 forte
898 3710 1166 3766 videbitur
1219 3712 1438 3766 domino
1491 3712 1606 3767 ﬁeri
1656 3712 1851 3768 debere
1897 3713 1994 3767 ali-

408 3806 554 3877 quod
582 3819 738 3875 opus,
765 3804 906 3873 quod
934 3814 991 3859 et
1019 3805 1243 3859 rationis
1268 3814 1322 3860 et
1363 3805 1613 3860 utilitatis
1652 3806 1869 3875 plenum
1898 3808 1990 3873 sit,

412 3896 503 3953 ille
533 3905 711 3952 autem
755 3898 967 3967 Operari
1009 3897 1231 3963 nolens,
1286 3913 1349 3952 ea
1399 3913 1519 3967 qua:
1568 3899 1994 3969 dominusjubet

413 3987 683 4066 discutere
724 3987 967 4057 incipiat,
1014 3996 1067 4042 et
1116 3988 1391 4064 requirere
1420 4003 1449 4042 a
1474 3988 1726 4055 domino,
1761 3989 1832 4045 Ut
1862 3992 1993 4059 quid

413 4080 519 4135 hoc
547 4094 683 4149 opus
711 4078 826 4133 ﬁeri
847 4078 1041 4146 iubes?
1086 4079 1183 4133 Cui
1212 4080 1466 4148 prodest?
1491 4079 1589 4135 Cui
1628 4082 1995 4136 necessarium

411 4172 531 4227 est?
563 4170 864 4225 contumaci
895 4184 1052 4224 servo
1077 4184 1195 4239 quae
1221 4170 1327 4224 erit
1370 4178 1478 4223 tam
1508 4170 1665 4240 digna
1696 4171 1993 4239 responsio,

412 4262 517 4318 nisi
546 4271 607 4316 ut
624 4262 833 4316 dicatur
845 4261 916 4325 ei,
935 4260 1012 4314 Tu
1034 4261 1150 4331 quis
1166 4277 1219 4315 es
1240 4260 1329 4332 qui
1350 4270 1531 4313 contra
1562 4261 1873 4330 respondeas
1904 4262 1999 4315 do—

413 4354 597 4409 mino?
620 4338 752 4422 puto
775 4360 951 4405 autem
982 4352 1123 4420 quod
1146 4352 1222 4405 ita
1256 4351 1430 4421 placet
1452 4350 1699 4415 domino;
1735 4366 1839 4405 non
1868 4359 1998 4421 puto

416 4454 595 4501 autem
623 4442 766 4512 quod
800 4442 847 4496 si
885 4441 1056 4497 ﬁdelis
1103 4457 1291 4496 servus
1320 4452 1375 4496 et
1402 4444 1638 4511 prudens
1675 4444 1993 4513 interroget,

2092 3268 2258 3323 liam?
2300 3265 2536 3336 (Ambr.)
2582 3261 2927 3316 Manifestum
2964 3269 3050 3315 est
3089 3275 3217 3315 vasa
3257 3258 3440 3326 aliqua
3472 3253 3681 3311 ﬁeriad

2092 3346 2380 3420 honorem,
2412 3355 2621 3423 quaead
2648 3342 2782 3407 usus
2807 3353 3062 3406 hunestos
3088 3351 3199 3405 sint
3223 3348 3559 3412 necessaria,
3581 3345 3678 3400 alia

2091 3463 2221 3504 vero
2246 3448 2315 3502 ad
2342 3445 2722 3502 contumeliam
2741 3484 2754 3507 ,
2787 3458 2908 3513 qua;
2937 3444 3298 3497 instrumenta
3333 3442 3442 3496 sint
3472 3439 3679 3495 culina-

2094 3554 2235 3593 rum.
2280 3537 2451 3593 Unius
2484 3544 2665 3589 tamen
2692 3547 2812 3588 esse
2832 3530 3189 3606 substantiae,
3214 3530 3315 3584 sed
3345 3526 3565 3584 diﬁ'erre
3594 3542 3684 3582 vo-

2094 3628 2300 3682 luntate
2321 3626 2527 3695 opiﬁcis
2548 3625 2602 3678 in
2624 3625 2905 3678 honorem.
2930 3621 3008 3675 lta
3028 3630 3084 3675 et
3110 3621 3250 3675 Deus
3264 3634 3388 3674 cum
3410 3632 3602 3673 omnes
3618 3631 3683 3671 ex

2094 3737 2201 3776 una
2229 3726 2390 3787 atque
2408 3716 2599 3772 eadem
2620 3729 2796 3779 massa
2824 3714 2993 3768 simus
3016 3712 3069 3766 in
3089 3710 3416 3773 substantia,
3432 3716 3487 3762 et
3508 3707 3685 3764 cuncti

2095 3819 2433 3883 peccatores,
2471 3806 2562 3861 alii
2608 3806 2898 3859 miseretur
2929 3812 2983 3857 et
3027 3793 3255 3856 alterum
3285 3800 3549 3869 despicit,
3580 3813 3685 3852 non

2094 3899 2474 3969 sineajustitia.
2509 3896 2566 3950 ln
2595 3894 2756 3965 ﬁgulo
2786 3893 2930 3948 enim
2954 3892 3068 3947 sola
3090 3892 3339 3946 voluntas
3362 3898 3464 3954 est,
3496 3890 3551 3944 in
3579 3890 3685 3943 Deo

2097 4001 2277 4047 autem
2306 3989 2553 4043 voluntas
2579 4001 2701 4041 cum
2726 3984 2957 4053 justitia.
3004 3983 3121 4038 Sdit
3143 3982 3289 4037 enim
3318 3980 3472 4049 cujus
3498 3978 3690 4034 debeat

2097 4082 2366 4145 misereri.
2405 4078 2602 4151 (0rig.)
2632 4077 2699 4131 Et
2731 4076 2870 4147 apud
2912 4073 3204 4130 Jeremiam
3230 4074 3553 4143 prophetam
3582 4071 3687 4126 tale

2100 4175 2301 4245 aliquid
2345 4173 2572 4244 legimus
2619 4170 2753 4241 (Jer.
2785 4167 2941 4239 xvm)
2965 4206 2981 4230 ,
3012 4166 3103 4220 ubi
3142 4165 3363 4235 jubetur
3393 4182 3423 4218 a
3452 4164 3562 4219 Deo
3604 4165 3687 4218 in-

2098 4267 2265 4321 troire
2293 4264 2346 4317 in
2376 4260 2788 4330 domum-ﬁguli,
2803 4267 2859 4314 et
2880 4259 3063 4314 videre
3091 4273 3215 4312 eum
3238 4257 3552 4328 ﬁngentem,
3582 4255 3691 4310 uti-

2101 4372 2205 4428 que
2236 4371 2331 4410 vas
2359 4354 2651 4423 collapsum
2680 4354 2746 4406 de
2778 4352 3029 4407 manibus
3053 4352 3165 4406 suis
3204 4350 3544 4421 rccolligens,
3571 4364 3693 4402 rur-

2104 4463 2223 4502 sum
2277 4445 2433 4498 ﬁnxit
2484 4444 2611 4497 illud
2660 4443 2958 4498 secundum
3010 4443 3343 4497 voluntatem
3393 4456 3571 4495 suam.
3624 4439 3693 4494 Et

414 4533 600 4588 volens
625 4530 925 4600 intelligere
951 4537 1007 4585 et
1031 4530 1214 4583 mirari
1244 4530 1563 4598 sapientiam
1592 4531 1828 4595 domini,
1858 4531 2002 4600 quod
2026 4529 2079 4587 D
2106 4540 2275 4608 factus
2303 4546 2396 4595 est,
2420 4535 2613 4604 inquit,
2641 4551 2810 4587 sermo
2835 4532 2932 4587 Dei
2960 4533 3029 4586 ad
3051 4549 3169 4586 eum
3194 4533 3371 4586 dicens
3396 4549 3414 4586 :
3440 4530 3693 4598 Nunquid

416 4624 629 4679 dicatur
651 4623 724 4687 ei,
752 4618 830 4674 Tu
849 4620 965 4692 quis
991 4636 1043 4673 es
1061 4620 1085 4673 7
1103 4620 1346 4689 Denique
1374 4634 1495 4672 cum
1525 4619 1707 4674 Daniel
1738 4621 2002 4689 propheta

416 4714 751 4770 voluntatem
784 4712 997 4766 Domini
1030 4712 1393 4765 desiderasset
1437 4724 1749 4780 agnoscere,
1783 4712 1921 4764 unde
1949 4720 2004 4766 et

418 4805 501 4859 vir
529 4802 923 4859 deSideriorum
954 4800 1253 4870 appellatus
1278 4809 1363 4854 est
1393 4800 1553 4869 (Dan.
1592 4816 1668 4865 ιιι,
1699 4799 1777 4870 x),
1809 4816 1917 4855 non
1953 4801 2005 4855 ei

422 4896 639 4953 dictum.
682 4891 760 4946 Tu
782 4894 897 4963 quis
926 4893 1018 4946 es?
1046 4893 1152 4945 Sed
1181 4892 1491 4945 missuse’st
1518 4892 1737 4961 angelus
1762 4892 1853 4961 qui
1882 4907 2006 4946 eum

423 4983 492 5039 de
512 4983 763 5038 omnibus
779 4982 874 5035 Dei
898 4981 1389 5051 dispensationibus
1409 4988 1464 5035 et
1483 4978 1697 5048 judiciis
1717 4982 2000 5047 edoceret;

420 5078 481 5129 et
504 5086 603 5126 nos
629 5085 781 5141 ergo,
812 5071 857 5124 si
889 5071 1088 5138 aliquid
1129 5085 1194 5125 ex
1234 5071 1459 5126 secretis
1490 5071 1603 5135 Dei,
1636 5079 1691 5124 et
1718 5074 2007 5129 reconditis

425 5160 796 5218 desideramus
818 5174 1126 5229 agnoscere,
1157 5160 1201 5213 si
1240 5160 1627 5214 desileriorum
1670 5168 1724 5214 et
1758 5177 1861 5215 non
1887 5178 2010 5217 con-

428 5252 729 5307 tentionum
767 5249 870 5303 viri
919 5266 1135 5313 sumus,
1182 5251 1445 5305 occultius
1484 5252 1536 5305 in
1576 5251 1771 5307 divinis
1820 5254 2010 5310 litteris

428 5344 633 5396 inserta
662 5341 758 5395 Dei
777 5341 978 5409 judicia
1017 5342 1244 5397 ﬁdeliter
1269 5350 1324 5397 et
1351 5342 1623 5398 humiliter
1650 5331 2006 5413 requiramus,

426 5438 712 5502 propterea
760 5446 993 5500 namque
1029 5443 1082 5486 et
1116 5433 1373 5487 Dominus
1417 5434 1627 5489 dicebat
1651 5453 1663 5488 :
1690 5434 2011 5503 Scrutamini

432 5519 737 5591 Scripturas
779 5520 958 5589 (Joan.
1004 5522 1077 5593 ν),
1128 5524 1304 5577 scions
1345 5524 1459 5579 inec
1487 5540 1591 5578 non
1618 5526 1686 5580 ab
1717 5526 1801 5580 his
1830 5527 1918 5596 qui
1956 5528 2009 5582 in

432 5610 554 5667 aliis
578 5611 805 5680 negotiis
844 5612 1088 5681 occupati
1133 5616 1438 5671 transitorie
1464 5615 1545 5671 vel
1578 5617 1802 5672 audiunt
1828 5618 1909 5671 vel
1939 5618 2012 5673 le-

436 5712 592 5770 gunt,
630 5705 723 5760 sed
748 5705 833 5759 his
854 5705 946 5773 qui
972 5714 1116 5761 recto
1139 5714 1193 5761 et
1212 5707 1439 5776 simplici
1461 5709 1645 5773 corde,
1664 5707 1780 5779 jugi
1810 5710 2010 5774 labore,

2104 4645 2195 4699 ego
2219 4644 2321 4681 non
2344 4642 2555 4696 possum
2578 4625 2749 4695 facere
2769 4626 2983 4679 domum
3001 4624 3171 4679 Israel
3192 4627 3325 4679 sicut
3347 4624 3542 4693 ﬁgulus
3564 4625 3659 4677 iste
3673 4623 3699 4677 ι

2108 4716 2294 4789 (Ibid)
2322 4716 2387 4769 Et
2422 4714 2695 4784 Sapientia
2728 4713 2858 4769 dicit
2887 4729 2902 4768 :
2935 4712 3076 4767 Vasa
3097 4713 3249 4784 ﬁguli
3272 4713 3459 4782 probat
3480 4713 3693 4783 fornae,

2106 4818 2152 4863 et
2184 4809 2414 4861 homines
2453 4808 2626 4876 justos
2666 4808 2879 4860 tentatio
2905 4805 3096 4877 (Eccli.
3122 4806 3315 4874 xxv").
3349 4805 3524 4860 Habet
3560 4819 3689 4877 ergo

2110 4902 2279 4958 nostri
2311 4902 2452 4956 Deus
2482 4909 2827 4970 potestatem,
2846 4900 2988 4955 sicut
3007 4909 3061 4955 et
3083 4900 3276 4972 ﬁgulus
3300 4900 3422 4967 luti,
3452 4912 3514 4956 ut
3533 4901 3699 4957 faciat

2112 4992 2179 5046 ab
2208 4992 2393 5046 eadem
2429 5005 2606 5044 massa
2636 5005 2763 5044 vasa
2791 4991 2857 5045 ad
2889 4993 3183 5055 honorem,
3216 5000 3275 5045 et
3304 5007 3431 5047 vasa
3462 4992 3532 5045 ad
3572 5008 3699 5048 con-

2113 5081 2403 5136 tumeliam.
2449 5081 2564 5135 Tibi
2608 5096 2738 5151 ergo
2773 5081 2864 5150 qui
2913 5082 3207 5136 insolenter
3237 5084 3537 5153 respondes
3566 5085 3698 5150 Deo,

2113 5171 2227 5224 haec
2264 5169 2477 5225 audisse
2513 5169 2774 5235 suﬂiciat;
2802 5170 2900 5239 qui
2930 5184 3060 5225 vero
3088 5186 3253 5241 opera
3282 5170 3579 5242 Sapientia:
3606 5174 3698 5229 Dei

2114 5262 2167 5315 in
2210 5260 2699 5329 dispensationibus
2747 5261 2861 5327 ejus
2906 5261 3177 5317 desiderat
3219 5265 3484 5330 contueri,
3518 5267 3701 5321 audiat

2113 5353 2166 5406 in
2196 5350 2300 5406 alio
2340 5351 2457 5407 loco
2487 5354 2553 5408 de
2588 5353 2674 5408 his
2713 5353 3092 5422 ipsisPaulum
3122 5355 3428 5411 divinorum
3463 5366 3701 5414 secreto-

2116 5456 2234 5497 rum
2257 5444 2531 5508 conscium,
2556 5444 2915 5513 disputantem
2940 5446 2988 5518 (1
2999 5446 3025 5500 Ι
3052 5446 3184 5502 Tim.
3212 5447 3306 5519 n):
3332 5447 3398 5502 In
3424 5449 3583 5503 domo
3608 5467 3702 5504 au-

2116 5544 2214 5588 tem
2248 5550 2438 5604 magna
2466 5552 2570 5589 non
2598 5547 2741 5601 sunt,
2766 5536 2957 5608 inquit,
2988 5540 3346 5593 tantummodo
3379 5558 3509 5596 vasa
3542 5559 3702 5597 aurea

2116 5635 2161 5679 et
2193 5630 2456 5693 argentea,
2484 5627 2573 5680 sed
2596 5638 2642 5681 et
2672 5627 2843 5696 lignea
2869 5639 2915 5683 et
2937 5629 3139 5697 ﬁctilia.
3175 5641 3224 5685 et
3258 5631 3367 5686 alia
3394 5634 3609 5701 quidem
3633 5634 3702 5689 ad

2117 5714 2388 5782 honorem,
2411 5718 2520 5771 alia
2544 5728 2721 5775 autem
2745 5720 2814 5774 ad
2849 5724 3234 5780 contumeliam.
3275 5723 3338 5780 Si
3363 5712 3489 5796 ergo
3517 5744 3701 5785 οιιιιιιιο
