3948 6362
158 398 295 459 «Μ

155 574 560 675 sanctiﬁcatum,
583 606 630 653 et
661 574 788 651 utile
834 574 1075 655 Domino,
1115 590 1184 643 ad
1203 574 1363 643 omne
1388 604 1517 658 opus
1545 586 1736 641 bonum

154 674 415 769 paratum.
441 689 609 745 Audis
638 674 834 741 Paulus
882 685 935 737 in
962 682 1050 737 his
1087 680 1139 734 in
1181 679 1376 751 quibus
1404 693 1511 733 non
1552 676 1741 769 habuit

156 766 463 857 protervum
498 777 969 838 contradictorem,
990 770 1261 841 quomodo
1284 782 1537 823 vasorum
1563 766 1741 820 diver-

154 878 343 933 sitates
363 870 605 944 aperuit?
628 882 751 922 nam
780 866 852 921 ibi
880 865 970 921 ubi
999 862 1215 917 auditor
1237 875 1352 915 non
1370 865 1490 913 erat
1514 857 1733 943 dignus,

154 966 249 1022 sed
276 962 641 1019 contradictor
664 963 799 1019 erat,
818 955 932 1010 sola
956 952 1141 1007 fictilia
1164 965 1294 1005 vasa
1316 953 1739 1004 commemorat:

153 1057 242 1111 hic
263 1063 441 1108 autem
465 1058 522 1105 et
544 1062 708 1103 aurea
730 1046 858 1101 dicit
876 1059 1012 1107 esse,
1032 1051 1088 1099 et
1102 1049 1380 1112 argentea,
1400 1048 1454 1094 et
1470 1038 1668 1108 lignea,
1688 1042 1744 1091 et

154 1142 363 1207 fictilia,
390 1148 447 1196 et
470 1139 573 1194 alia
603 1138 818 1207 quidem
841 1149 962 1190 esse
989 1134 1056 1188 ad
1088 1133 1345 1188 honorem
1368 1171 1383 1193 ,
1413 1128 1518 1182 alia
1555 1136 1743 1181 autem

154 1218 649 1291 ad‘contnmeliam
697 1229 847 1293 fieri;
878 1224 1127 1283 similiter
1172 1232 1235 1278 ut
1282 1222 1374 1278 ubi
1423 1218 1745 1276 memoravit

153 1326 422 1382 rationem
451 1337 620 1393 quare
640 1322 746 1375 alia
770 1318 837 1373 ad
862 1320 1143 1380 honorem,
1171 1314 1274 1368 alia
1303 1328 1433 1368 vero
1460 1312 1527 1366 ad
1554 1317 1744 1366 contu-

156 1416 372 1472 meliam
406 1415 559 1476 fiant,
606 1412 677 1466 ibi
721 1409 890 1472 siluit,
934 1406 1025 1461 hic
1068 1404 1296 1475 aperuit.
1348 1402 1407 1458 Si
1452 1401 1587 1456 enim
1628 1398 1744 1471 quis

153 1507 403 1561 emundat
432 1504 783 1572 semetipsum,
806 1498 1000 1567 inquit,
1032 1498 1097 1551 ab
1123 1497 1224 1561 his,
1253 1495 1370 1549 sine
1400 1493 1577 1554 dubio,
1614 1504 1741 1560 pec-

154 1596 265 1651 cati
301 1595 579 1658 sordibus,
610 1592 705 1645 erit
732 1606 822 1645 uas
869 1588 937 1662 ad
971 1588 1217 1641 honorem
1240 1583 1665 1657 sanctiﬁcatum,
1695 1588 1745 1634 et

155 1690 285 1742 utile
305 1682 534 1740 Domino
555 1725 569 1750 ,
594 1684 661 1737 ad
702 1698 855 1736 omne
879 1697 1008 1751 opus
1036 1662 1227 1733 bonum
1264 1684 1528 1746 paratum.
1555 1673 1749 1727 Restat

156 1780 327 1850 igitur
366 1786 425 1832 ut
461 1777 551 1846 qui
586 1791 644 1831 se
672 1790 779 1829 non
805 1770 1197 1834 emundaverit,
1225 1783 1327 1850 nec
1358 1780 1454 1837 per
1479 1764 1746 1835 paeniten-

680 383 1229 445 ENARRATIONUM
1265 382 1335 440 IN
1369 380 1521 439 EPP.
1559 371 1771 433 PAULI
1808 369 1937 428 LIB.
1976 370 2044 428 ν.
2085 400 2155 417 -
2191 372 2261 428 ΙΝ
2297 369 2517 428 EPIST.
2558 369 2654 426 AD
2686 368 2855 427 ROM.

1754 28 2801 57 M-F’hj-‘
2890 44 2901 49 ,
2932 36 3057 49 -.αι-ηπ
3550 24 3561 31 ⁸
3584 34 3589 35 ν

3290 366 3430 424 1498

156 516 352 574 «laverit
386 510 502 584 quis
537 507 863 575 semetipsum
898 503 962 557 ab
997 503 1100 577 his,
1124 498 1222 554 erit
1252 496 1447 584 parad
1485 495 1732 548 honorem
1759 488 1814 548 Α
1837 487 2087 584 suStinet,
2120 464 2167 584 si
2208 486 2349 584 forte
2400 486 2745 584 resipiscam,
2791 496 2848 541 et
2874 490 3276 584 eonvertantur
3297 504 3310 539 :
3334 500 3431 556 po.

1841 580 2089 645 tentiam,
2120 580 2247 635 dum
2272 580 2560 651 aliquando
2588 580 2760 650 punit,
2788 587 2843 634 et
2867 577 3067 650 flagitia
3098 594 3205 635 non
3234 594 3431 650 usque-

1839 684 2054 740 quaque
2075 670 2249 725 inulta
2276 671 2621 741 derelinquit.
2644 670 2713 725 Et
2733 685 2948 727 rursum
2977 690 2996 723 ι
3025 670 3080 725 in
3099 672 3245 727 vasis
3266 674 3434 730 mise-

1839 758 2144 831 ricordiaa,»
2179 759 2283 814 hoc
2311 769 2395 815 est
2426 761 2517 831 qui
2547 760 2868 829 semetipsos
2909 760 3342 816 emundaverunt
3366 764 3434 818 ab

1841 852 1987 915 omni
2016 851 2174 906 sorde
2188 852 2416 921 peccati,
2437 867 2505 907 ex
2527 865 2633 920 qua
2655 870 2672 902 ι
2696 852 2927 921 mundus
2949 867 3109 907 nemo
3120 861 3228 917 est,
3244 852 3439 907 etiam-

1842 944 1889 1000 si
1911 944 2071 999 unius
2096 943 2201 998 diei
2231 942 2392 998 fuerit
2417 944 2529 999 vita
2548 944 2717 1014 ejus,»
2740 952 2900 998 notas
2922 941 3051 999 facit
3073 945 3295 1001 divitias
3321 946 3442 1019 glo-

1844 1034 1940 1089 rite
1964 1049 2231 1104 sum,qum
2252 1048 2383 1087 vasa
2419 1050 2525 1089 non
2571 1033 2928 1089 irrationabili
2954 1034 3156 1105 aliqua,
3192 1044 3285 1089 aut
3325 1035 3439 1091 for-

1845 1127 1984 1181 tuita
2007 1127 2201 1197 gratia,
2225 1128 2321 1181 sed
2341 1121 2598 1198 quoniam
2633 1128 2748 1198 ipsa
2781 1144 2812 1182 a
2841 1128 3169 1198 supradictis
3190 1128 3442 1185 sordibus

1843 1233 1905 1276 se
1945 1206 2401 1290 expurgaveru'nt,
2442 1220 2768 1290 praeparavit
2815 1220 2869 1274 in
2911 1220 3161 1291 gloriam.
3207 1219 3441 1293 (Ambr.)

1846 1308 2112 1364 Patientia
2142 1318 2195 1364 et
2219 1310 2602 1381 longanimitas
2629 1301 2724 1364 Dei
2753 1310 2866 1379 ipsa
2889 1319 2993 1375 est,
3024 1323 3145 1381 quae
3165 1310 3308 1366 sicut
3328 1324 3443 1365 ma-

1846 1399 1927 1456 los
1954 1406 2224 1471 praeparat
2257 1400 2325 1454 ad
2368 1400 2643 1454 interitum
2664 1441 2678 1463 ,
2702 1400 2775 1454 ita
2798 1408 2855 1455 et
2876 1400 3049 1456 honos
3074 1409 3234 1468 parat
3263 1400 3332 1454 ad
3356 1415 3445 1455 co-

1849 1506 2071 1561 ronam;
2090 1490 2217 1546 boni
2244 1490 2389 1544 enim
2417 1497 2579 1555 sunt,
2608 1490 2660 1543 in
2686 1490 2884 1558 quibus
2914 1503 3039 1559 spes
3058 1488 3184 1545 fidei
3206 1498 3309 1553 est,
3334 1504 3447 1544 om-

1848 1599 1947 1639 nes
1967 1583 2114 1638 enim
2147 1584 2397 1648 sustinet,
2428 1580 2606 1638 sciens
2628 1582 2836 1637 exitum
2864 1581 3220 1653 singulorum,
3249 1598 3315 1637 ac
3349 1596 3449 1651 per

1849 1673 1952 1728 hoc
1979 1672 2240 1743 patientia
2262 1681 2377 1737 est,
2400 1686 2519 1742 quae
2547 1671 2668 1726 illos
2689 1672 2784 1741 qui
2806 1686 2873 1725 ex
2899 1669 3056 1733 malis
3077 1669 3445 1740 corriguntur,

1851 1773 1945 1819 aut
1978 1766 2034 1819 in
2064 1765 2207 1839 bono
2240 1772 2652 1843 perseverantes
2675 1770 2819 1827 sunt,
2841 1768 3109 1832 praeparat
3131 1762 3199 1816 ad
3219 1760 3446 1833 gloriam

156 1834 291 1924 tiam
328 1834 537 1938 peccati
571 1864 810 1926 maculas
858 1861 1120 1925 abluent,
1149 1859 1218 1913 sit
1242 1848 1340 1912 vas
1359 1834 1445 1910 ad
1470 1834 1749 1909 contume-
1775 1834 1825 1894 Β
1853 1857 1969 1911 Dei.
2018 1835 2230 1926 Divitiae
2274 1837 2456 1910 autem
2494 1854 2677 1935 gloriae
2722 1862 2848 1909 sunt
2889 1850 3123 1924 dignitas
3170 1852 3450 1923 multiplex

157 1960 317 2023 liam;
350 1959 493 2028 quod
519 1958 620 2014 etsi
658 1956 870 2011 auxerit
898 1952 1158 2012 malitiam
1187 1947 1506 2022 et'convcrti
1535 1961 1632 2015 per
1653 1944 1753 1998 du-

157 2049 341 2102 ritiam
382 2048 578 2101 mentis
620 2052 676 2100 et
719 2059 814 2099 cor
857 2041 1205 2112 impuenitens
1248 2038 1469 2093 omnino
1513 2044 1755 2090 contem-

156 2136 349 2207 pserit,
386 2136 491 2190 erit
518 2133 630 2203 jam
669 2148 778 2187 non
820 2132 995 2186 solum
1036 2126 1129 2183 vas
1158 2127 1529 2191 contumeliae,
1564 2126 1659 2180 sed
1698 2132 1755 2179 et

158 2241 259 2280 vas
282 2226 395 2280 irae.
427 2225 505 2280 ita
535 2238 664 2294 ergo
691 2207 978 2287 rationem,
1002 2235 1165 2290 quam
1192 2220 1263 2274 ibi
1288 2219 1503 2289 indigne
1530 2231 1755 2287 poscen-

158 2317 307 2372 tibus
344 2315 562 2379 claudit,
602 2316 689 2369 hic
734 2314 893 2383 digne
939 2310 1371 2366 desiderantibus
1413 2306 1618 2377 pandit.
1653 2306 1756 2359 Per

158 2408 325 2481 quam
353 2411 512 2465 etiam
551 2409 680 2463 illud
717 2409 860 2477 quod
890 2406 1052 2476 paulo
1082 2414 1209 2460 ante
1234 2405 1300 2459 de
1329 2403 1497 2459 Iacob
1533 2410 1588 2458 et
1612 2402 1754 2457 Esau

157 2498 443 2570 proposuit
483 2497 724 2566 apertius
755 2496 1095 2565 explanatur.
1140 2494 1211 2549 Ut
1237 2495 1381 2549 enim
1421 2492 1588 2548 Jacob
1612 2499 1757 2547 esset

160 2604 260 2644 vas
289 2589 355 2642 ad
388 2589 648 2643 honorem
693 2585 1084 2657 sanctificatum
1116 2592 1172 2639 et
1215 2584 1346 2639 utile
1394 2584 1639 2646 Domino,
1688 2582 1758 2638 ad

159 2694 326 2737 omne
349 2694 484 2749 opus
505 2679 703 2732 bonum
728 2685 1001 2745 paratum,
1023 2675 1202 2729 anima
1236 2674 1350 2742 eius
1372 2673 1759 2728 emundaverat

160 2774 531 2843 semetipsam,
562 2781 617 2827 et
661 2772 851 2827 videns
896 2771 1041 2843 Deus
1075 2772 1368 2840 puritatem
1414 2766 1553 2836 ejus,
1585 2771 1761 2835 etpo—

162 2838 417 2920 testatein
446 2864 653 2918 habens
674 2877 742 2916 ex
769 2861 959 2916 eadem
990 2838 1169 2915 massa
1190 2860 1370 2914 facere
1400 2858 1545 2913 aliud
1567 2871 1662 2911 vas
1691 2855 1760 2910 ad

163 2957 453 3019 honorem,
486 2953 629 3008 aliud
665 2952 732 3007 ad
757 2951 1159 3016 contumeliam,
1182 2948 1350 3024 Iacob
1375 2949 1614 3019 quidem,
1641 2947 1758 3017 qui,

162 3054 227 3100 ut
268 3046 532 3110 diximus,
562 3044 953 3107 emundaverat
996 3041 1364 3116 semetipsum,
1402 3037 1531 3095 fecit
1564 3052 1659 3092 vas
1692 3035 1762 3090 ad

164 3139 463 3194 honorem:
493 3136 630 3191 Esau
662 3150 789 3190 vero
835 3134 988 3203 cujus
1023 3134 1257 3187 animam
1301 3147 1408 3186 non
1435 3132 1510 3186 ita
1540 3143 1757 3200 puram,

165 3246 273 3285 nec
305 3231 379 3283 ita
425 3228 725 3298 simplicem
756 3227 922 3292 vidit,
949 3241 1016 3282 ex
1049 3226 1236 3281 eadem
1290 3238 1469 3279 massa
1508 3222 1637 3277 fecit
1666 3237 1763 3277 vas

166 3320 235 3374 ad
271 3318 674 3374 contumeliam.
708 3316 779 3372 Ut
817 3325 997 3371 autem
1037 3316 1178 3371 scias
1213 3315 1354 3384 quod
1402 3328 1503 3383 pro
1530 3313 1766 3382 puritate

164 3417 224 3463 et
254 3407 604 3477 simplicitate
636 3408 831 3462 anima:
859 3406 1028 3462 Iacob
1061 3406 1235 3461 factus
1261 3405 1425 3460 fuerit
1451 3419 1547 3459 vas
1569 3405 1636 3460 ad
1662 3405 1765 3460 ho-

164 3516 393 3565 norem,
423 3500 549 3554 audi
586 3501 747 3569 quale
773 3499 824 3553 ei
860 3500 1040 3553 divina
1084 3496 1363 3566 Scriptura
1404 3496 1767 3572 simplicitatis

168 3590 543 3645 testimonium
568 3590 855 3659 perhibet:
880 3586 1031 3652 Erat,
1050 3586 1247 3657 inquit,
1268 3586 1435 3640 Iacob
1463 3588 1618 3639 homo
1640 3587 1766 3641 sim-

165 3682 291 3753 plex
338 3680 580 3739 habitans
620 3680 836 3734 domum
878 3678 1043 3750 (Gen.
1075 3680 1209 3750 xxv)
1253 3697 1264 3732 :
1304 3678 1424 3733 ideo
1465 3692 1595 3748 ergo
1626 3677 1768 3747 Apo-

168 3770 345 3825 stolus
372 3770 503 3825 dicit
524 3771 592 3826 de
620 3771 700 3825 eis
727 3771 853 3839 quia
881 3770 1196 3839 priusquam
1222 3767 1600 3833 nascerentur,
1632 3767 1768 3823 dici-

170 3868 266 3915 tur
290 3861 355 3914 de
385 3846 491 3924 eis,
522 3858 734 3931 «ancob
765 3860 964 3923 dilexi,
998 3860 1139 3914 Esau
1165 3866 1343 3914 autem
1367 3860 1491 3914 odio
1519 3858 1706 3913 habui.
1743 3877 1762 3910 ι

249 3948 403 4015 Quod
425 3950 470 4004 si
488 3948 665 4004 volens
692 3950 831 4003 Deus
857 3952 1128 4003 ostendere
1148 3951 1371 4015 iram,et
1396 3960 1571 4004 notam
1600 3950 1772 4019 facere

168 4040 461 4111 potentiam
483 4055 655 4104 suam,
678 4040 928 4102 sustinuit
952 4041 1006 4092 in
1028 4038 1193 4093 multa
1224 4041 1497 4109 patientia,
1523 4057 1650 4095 vasa
1676 4040 1771 4094 irae

170 4138 359 4201 aptata
392 4124 444 4183 in
473 4130 765 4195 interitum,
793 4138 847 4183 ut
884 4130 1171 4185 ostenderet
1211 4131 1423 4185 divitias
1453 4132 1635 4202 gloria:
1661 4147 1774 4185 sua:

173 4240 273 4294 per
296 4240 423 4277 vasa
446 4222 820 4276 misericordia:
839 4238 955 4293 qua:
977 4223 1289 4291 praeparavit
1306 4223 1363 4275 in
1384 4221 1628 4291 gloriam,
1643 4237 1773 4291 quos

170 4323 223 4367 et
270 4313 464 4366 vocavit
508 4328 631 4376 nos,
681 4328 783 4365 non
826 4311 996 4365 solum
1040 4327 1103 4365 ea:
1134 4310 1373 4377 Iudaeis,
1409 4312 1499 4366 sed
1524 4313 1680 4366 etiam
1710 4328 1776 4367 ea:

172 4396 665 4475 gentibus.‘(0rig.)
703 4403 855 4474 Saepe
884 4404 950 4457 de
981 4402 1354 4473 incompositis
1375 4404 1774 4460 elocutionibus

172 4496 420 4568 Apostoli
458 4496 864 4565 defectibusque
909 4511 1095 4550 earum
1141 4495 1595 4561 commonuimus,
1628 4496 1773 4564 quod

171 4597 236 4647 et
265 4590 319 4643 in
350 4589 602 4659 praesenti
630 4588 746 4643 loco
774 4586 1123 4642 nihilominus
1154 4587 1458 4652 invenitur,
1490 4576 1596 4643 non
1627 4587 1773 4643 enim

174 4680 424 4737 redditur
452 4680 518 4734 ad
559 4679 761 4749 aliquid
790 4680 893 4734 hoc
934 4678 1077 4747 quod
1122 4679 1199 4733 ait
1238 4679 1292 4733 in
1334 4679 1601 4747 principio
1628 4680 1776 4750 capi-

175 4772 332 4836 tuli,¢
353 4771 495 4840 quod
521 4771 566 4823 si
598 4771 780 4825 volens
800 4770 994 4835 Deus,»
1027 4770 1175 4823 verbi
1205 4784 1390 4834 causa,
1414 4777 1473 4824 ut
1499 4778 1554 4825 et
1580 4770 1632 4824 in
1654 4771 1776 4826 aliis

178 4866 299 4933 ipse
327 4861 485 4926 dixit,
520 4880 537 4912 ι
564 4861 708 4943 quod
740 4861 784 4915 si
812 4862 1063 4930 primitiae
1107 4871 1308 4915 sancte
1334 4871 1390 4917 et
1417 4877 1650 4927 massa,»
1686 4863 1775 4918 hic

178 4952 317 5009 nihil
371 4951 478 5006 tale
527 4952 721 5016 reddit,
753 4952 846 5006 sed
892 4953 1049 5021 quasi
1094 4968 1287 5023 vagam
1337 4951 1772 5025 conjunctionem

179 5048 347 5102 istam
376 5043 610 5113 reliquit,
643 5059 764 5114 quae
795 5044 959 5098 etiam
988 5044 1034 5098 si
1056 5059 1163 5097 non
1192 5053 1522 5109 assumatur,
1546 5044 1778 5101 lucidior

179 5136 393 5206 absque
443 5148 508 5188 ea
548 5134 763 5189 dabitur
807 5135 1112 5189 intellectus
1154 5136 1326 5205 (verbi
1372 5136 1556 5205 causa)
1603 5144 1661 5188 ut
1702 5136 1775 5189 ita

182 5226 454 5294 legamus,
480 5225 650 5280 volens
676 5226 817 5280 Deus
854 5226 1123 5279 ostendere
1151 5227 1286 5278 iram
1323 5236 1369 5279 et
1403 5236 1577 5280 notam
1606 5227 1779 5297 facere

179 5317 476 5387 potentiam
501 5332 671 5379 suam,
698 5317 945 5370 sustinuit
973 5316 1027 5369 in
1052 5315 1216 5370 multa
1238 5318 1491 5386 patientia
1535 5335 1657 5371 vasa
1684 5319 1777 5373 ira:

184 5416 316 5477 apta
354 5408 413 5461 in
441 5407 802 5478 perditionem,
836 5416 891 5460 ut
922 5418 1071 5461 notas
1107 5407 1295 5476 faceret
1339 5408 1548 5462 divitias
1595 5408 1778 5479 gloriw

181 5513 323 5562 sure,
353 5498 411 5551 in
444 5514 566 5552 rasa
591 5497 985 5551 misericordim.
1018 5497 1075 5551 In
1104 5512 1212 5567 quo
1242 5497 1343 5551 hoc
1383 5498 1598 5552 videtur
1625 5500 1780 5554 intel«

179 5587 306 5659 ligi,
336 5590 463 5659 quia
498 5589 623 5644 dum
651 5589 883 5643 sustinet
912 5589 1073 5655 Deus,
1108 5598 1162 5643 et
1188 5604 1283 5658 per
1319 5590 1638 5659 patientiam
1671 5591 1779 5646 fert

184 5679 504 5737 incredulos
551 5689 603 5735 et
654 5678 913 5745 infideles,
952 5690 1133 5735 notam
1183 5680 1311 5735 facit
1355 5679 1693 5749 hominibus,
1726 5694 1781 5739 et

188 5772 515 5841 patientiam
541 5780 596 5827 et
620 5772 918 5843 potentiam
952 5788 1127 5829 suam.
1156 5773 1500 5843 Patientiam,
1526 5779 1653 5835 dum
1686 5778 1777 5837 diu

1851 1954 2155 2017 przeparata
2205 1946 2588 2009 credentibus,
2641 1959 2734 1999 eos
2781 1951 2961 1998 autem
3012 1944 3104 2019 qui
3151 1958 3217 1999 ex
3283 1944 3445 2000 bonis

1856 2037 1993 2093 fiunt
2030 2037 2156 2092 mali
2195 2047 2251 2092 et
2280 2037 2333 2090 in
2366 2044 2548 2105 ccepto
2578 2034 2908 2107 perdurant,
2941 2040 3212 2103 praeparat
3251 2033 3320 2087 ad
3360 2033 3451 2087 in-

1857 2130 2105 2205 teritum.
2133 2128 2249 2205 Hoc
2275 2137 2359 2182 est
2387 2136 2566 2183 autem
2598 2124 2949 2180 manifestare
2970 2125 3269 2195 potentiam
3299 2139 3453 2180 suam

1859 2202 2117 2275 inmulta
2146 2202 2437 2290 patientia,
2469 2217 2595 2287 quia
2633 2231 2758 2271 cum
2796 2223 3020 2286 putatur
3056 2231 3165 2270 non
3209 2216 3455 2271 vindica-

1860 2319 2037 2375 turus,
2070 2310 2195 2379 quia
2236 2308 2328 2362 diu
2361 2306 2687 2371 dissimulat,
2726 2321 2848 2361 cum
2874 2306 3119 2376 coeperit
3151 2306 3452 2374 vindicare,

1857 2399 2137 2471 apparebit
2165 2397 2281 2467 ejus
2308 2398 2549 2468 potentia
2577 2414 2590 2463 ;
2622 2398 2748 2468 quia
2776 2412 2898 2452 cum
2924 2398 3098 2467 possit
3126 2399 3310 2453 statim
3343 2399 3459 2453 vin-

1858 2493 2061 2558 dicare,
2078 2492 2170 2547 diu
2191 2492 2467 2555 sustinuit,
2493 2499 2551 2545 ut
2569 2490 2761 2559 perfidi
2782 2491 2937 2561 queri
2954 2506 3058 2545 non
3084 2490 3461 2561 possintdam-

1860 2589 1991 2642 nati.
2025 2588 2341 2657 Praeparare
2371 2594 2456 2641 est
2483 2593 2690 2651 autem,
2724 2600 3167 2661 unumquemque
3193 2584 3456 2655 praescire

1861 2678 1990 2747 quid
2036 2676 2276 2731 futurum
2332 2684 2435 2731 est.
2470 2676 2695 2748 (Aug.)
2742 2676 2879 2731 Hinc
2932 2676 3064 2731 satis
3101 2675 3462 2747 significavit

1861 2767 2275 2822 obdurationem
2322 2765 2472 2837 illam
2529 2766 2739 2833 cordis,
2795 2782 2915 2836 quae
2956 2769 3011 2821 in
3054 2765 3337 2822 Pharaone
3375 2766 3460 2820 fa-

1861 2868 1950 2915 cta
1987 2868 2087 2923 est,
2130 2874 2196 2913 ex
2234 2858 2427 2913 merito
2461 2859 2677 2914 venisse
2710 2859 2920 2914 occulte
2955 2860 3223 2929 superiori
3264 2862 3457 2931 impie-

1863 2950 1992 3014 tati,
2026 2964 2185 3020 quam
2218 2958 2395 3017 tamen
2424 2950 2695 3019 patienter
2719 2950 2979 3005 sustinuit
3008 2951 3150 3006 Deus
3179 2951 3352 3007 donec
3390 2952 3459 3008 ad

1865 3042 1993 3096 illud
2041 3051 2251 3112 tempus
2301 3043 2704 3110 perduceretur,
2755 3057 2862 3113 quo
2891 3053 3194 3113 Opportune
3225 3044 3280 3099 in
3330 3059 3455 3100 eum

1867 3131 2106 3188 vindicta
2166 3132 2489 3201 procederet
2527 3133 2594 3187 ad
2632 3133 3028 3188 correctionem
3077 3148 3265 3190 eorum
3326 3149 3464 3205 quos

1866 3225 1934 3280 ab
1972 3238 2160 3279 errore
2198 3224 2505 3278 instituerat
2542 3224 2811 3289 liberare,
2854 3233 2911 3278 et
2946 3225 3013 3279 ad
3051 3224 3253 3279 cultum
3296 3240 3455 3281 suum

1864 3316 2068 3386 pietate
2096 3316 2341 3374 vocando
2370 3316 2686 3384 perducere,
2714 3316 2966 3385 precibus
2994 3330 3181 3371 eorum
3213 3327 3270 3372 et
3297 3320 3466 3389 gemi-

1868 3406 2012 3461 tibus
2061 3420 2219 3475 opem
2265 3406 2534 3475 praebens.
2565 3403 2790 3479 (0rig.)
2821 3408 2974 3475 Quod
3012 3410 3454 3479 autemesubjun-

1868 3497 1946 3565 git
1973 3513 2102 3567 quos
2150 3505 2204 3551 et.
2228 3498 2425 3550 vocavit
2460 3514 2576 3562 nos,
2607 3512 2707 3568 pro
2736 3513 2823 3564 eo,
2855 3506 2914 3553 ut
2942 3500 2987 3553 si
3021 3500 3278 3567 dixisset,
3315 3503 3463 3558 sicut

1869 3602 1997 3650 nos,
2038 3601 2173 3656 quos
2210 3588 2427 3641 vocavit
2460 3604 2563 3641 non
2600 3578 2771 3641 solum
2803 3604 2868 3643 ea:
2903 3588 3140 3656 Judwis,
3178 3591 3269 3645 sed
3307 3593 3469 3649 etiam

1870 3693 1934 3733 ea:
1961 3677 2216 3748 gentibus.
2250 3677 2541 3747 Superiora
2570 3680 2715 3733 enim
2746 3680 2902 3750 quasi
2938 3682 3005 3737 de
3031 3681 3341 3748 Pharaone,
3374 3686 3470 3755 qui

1871 3766 1973 3822 fuit
2008 3783 2104 3821 vas
2140 3768 2266 3831 irae,
2302 3778 2355 3823 et
2391 3770 2455 3823 de
2491 3768 2615 3823 filiis
2647 3769 2843 3834 lsrael,
2880 3772 3161 3841 quierant
3188 3789 3322 3830 vasa
3362 3776 3468 3831 mi-

1872 3858 2181 3915 sericordiae
2202 3869 2523 3929 prosecutus
2545 3861 2792 3928 videtur;
2819 3862 2907 3918 hic
2927 3878 3057 3934 ergo
3079 3864 3222 3934 Quod
3243 3867 3471 3937 subjun-

1872 3952 1982 4023 git,
2023 3968 2154 4021 quos
2191 3962 2239 4006 et
2282 3954 2480 4007 vocavit
2516 3970 2609 4007 nos
2645 3970 2750 4008 non
2789 3954 2962 4009 solum
3002 3972 3066 4010 ea:
3101 3955 3339 4024 Judwis,
3378 3959 3471 4016 sed

1873 4046 2030 4099 etiam
2060 4062 2124 4099 ex
2158 4046 2395 4116 gentibus
2417 4086 2431 4111 ,
2471 4045 2880 4102 similitudinem
2920 4049 3136 4104 videtur
3162 4065 3469 4121 assumere,

1876 4136 1979 4190 hoc
2009 4144 2111 4200 est,
2145 4144 2206 4189 ut
2246 4136 2319 4189 ita
2350 4136 2552 4189 dictum
2582 4136 2867 4196 videatur:
2903 4138 3037 4193 sicut
3072 4149 3125 4194 et
3152 4156 3250 4195 nos
3281 4156 3473 4200 sumus

1876 4242 2005 4282 vasa
2046 4227 2470 4291 misericordiae,
2510 4242 2645 4296 quos
2680 4227 2894 4284 vocavit
2930 4243 3037 4282 non
3079 4228 3249 4287 solum
3281 4246 3349 4285 ex
3378 4231 3473 4288 Ju-

1877 4320 2057 4384 dzcis,
2087 4320 2183 4375 sed
2221 4320 2385 4374 etiam
2421 4334 2487 4373 ex
2526 4312 2796 4388 gentibus.
2841 4318 3060 4393 (Aug.)
3092 4318 3281 4376 Totins
3309 4321 3474 4394 hujus

1878 4410 2261 4481 disputationis
2296 4410 2631 4480 propositum
2667 4410 2735 4465 ad
2773 4410 2878 4467 hoc
2916 4413 3199 4483 perducit,
3233 4423 3291 4469 ut
3324 4431 3467 4486 quo-

1881 4500 2025 4554 niam
2057 4501 2238 4555 docuit
2265 4501 2694 4555 misericordiam
2723 4502 2817 4557 Dei
2844 4518 2985 4569 esse,
3010 4506 3154 4573 quod
3180 4506 3321 4563 bene
3338 4521 3471 4579 ope;

1882 4607 2100 4657 ramnr,
2136 4607 2242 4646 non
2274 4600 2527 4664 tanquam
2571 4609 2638 4649 ex
2665 4595 2919 4673 operibus
2948 4596 3117 4651 Judaei
3146 4599 3466 4671 glorientur,

1882 4684 1974 4753 qui
2014 4698 2138 4738 cum
2178 4683 2525 4753 Evangelium
2556 4685 2942 4755 percepissent,
2973 4695 3228 4758 tanquam
3260 4693 3473 4750 meritis

1883 4775 1995 4829 suis
2023 4774 2078 4829 id
2109 4773 2516 4828 retribuendum
2554 4776 2932 4834 existimantes
2953 4818 2967 4844 ,
3000 4779 3256 4836 nolebant
3291 4785 3488 4855 genti-i

1882 4871 1981 4925 bus
2036 4868 2185 4933 dari,
2228 4883 2256 4921 a
2298 4884 2404 4938 qua
2458 4869 2710 4940 superbia
2760 4870 2873 4940 jam
2925 4870 3125 4925 debent
3170 4872 3472 4944 desistere,

1880 4960 2241 5030 intelligentes
2266 5002 2279 5025 ,
2313 4963 2571 5031 quoniam
2608 4976 2714 5016 non
2747 4976 2812 5015 ex
2850 4964 3141 5033 operibus,
3173 4966 3269 5021 sed
3304 4967 3469 5022 mise-

1880 5053 2113 5107 ricordia
2148 5054 2261 5118 Dei,
2281 5063 2335 5107 et
2361 5054 2643 5107 vocatione
2677 5054 2781 5108 hoc
2810 5054 3159 5110 credentibus
3179 5067 3474 5127 prmstatur

1881 5154 1940 5198 nt
1972 5145 2107 5198 bene
2141 5160 2447 5213 cperemur,
2481 5160 2583 5199 non
2624 5155 2709 5199 est
2745 5146 2997 5216 gentibus
3037 5148 3139 5202 ista
3174 5136 3467 5205 invidenda

1880 5235 2272 5300 misericordia,
2303 5235 2455 5303 quasi
2486 5236 2709 5304 praelato
2738 5238 2935 5292 merito
2960 5236 3291 5304 Judazorum,
3322 5241 3469 5310 quod

1882 5325 2086 5379 nullum
2122 5333 2223 5380 est.
2263 5323 2460 5397 (0rig.)
2503 5324 2658 5391 Haec,
2699 5335 2959 5395 quantum
3000 5327 3081 5397 ad,
3114 5328 3280 5397 ipsius
3318 5330 3468 5399 Apo-

1882 5414 2056 5469 stolici
2103 5414 2367 5490 sermonis
2411 5415 2659 5470 ordinem
2707 5414 3251 5487 explanationemque
3284 5419 3473 5475 verbo-

1884 5524 2004 5561 rum
2042 5502 2304 5578 pertinet,
2348 5506 2491 5561 dicta
2530 5509 2677 5572 sint;
2716 5522 2859 5562 nunc
2890 5508 3129 5563 breviter
3163 5519 3471 5578 repetentes

1884 5599 2060 5668 aliqua
2083 5598 2245 5654 etiam
2268 5598 2331 5651 de
2357 5597 2627 5653 intellectu
2654 5599 2915 5653 interiore
2936 5600 3309 5669 requiramus;
3336 5616 3476 5668 quo-

1884 5691 2044 5749 modo
2078 5706 2207 5761 ergo
2239 5689 2381 5745 Deus
2414 5699 2597 5745 notam
2630 5676 2760 5744 facit
2792 5690 2931 5745 iram
2963 5691 3157 5745 suam?
3183 5706 3275 5759 per
3309 5706 3475 5759 vasa,

1886 5780 2087 5851 inquit,
2129 5782 2223 5835 irte
2261 5787 2442 5850 aptata
2478 5781 2544 5837 ad
2578 5780 2961 5851 perditionem.
3004 5779 3338 5845 Obstupesoo
3372 5794 3485 5842 eeo
