3948 6306
549 283 685 348 H99

1188 277 1254 336 B;
1293 276 1546 336 RABANI
1584 273 1803 335 MAURI
1839 275 2159 334 ARCBIEP.
2200 274 2507 334 MOGUNT.
2545 275 2831 334 OPERUM
2867 276 3046 334 PARS
3081 279 3168 336 Ill.

3659 283 3789 340 ίεοο

547 398 688 472 apud
717 397 1091 464 memeleSum
1137 390 1309 445 sancti
1361 383 1592 461 Spiritus
1636 389 1918 444 consilium
1950 387 2003 468 in
2034 387 2119 443 di-
2145 393 2204 473 Α
2223 389 2555 444 vocabantur
2591 390 2739 460 plebs
2768 390 2895 458 Dei,
2950 391 3024 447 ibi
3053 403 3380 449 vocarentur
3408 394 3506 451 lilii
3548 394 3643 452 Dei
3665 398 3789 453 vivi.

546 489 687 547 vitiis
711 484 1069 542 voluminibus
1092 487 1354 540 contuens
1373 522 1386 547 ,
1417 495 1536 536 nam
1572 481 1709 534 iram
1741 481 1957 550 quidem
1988 479 2116 545 Dei,

547 567 778 652 quae—est
802 580 831 630 ἐ
863 581 1058 629 patara
1087 573 1203 644 ejus
1231 582 1509 638 extranea,
1535 580 1717 625 notam
1746 571 1863 625 fieri
1888 571 2113 624 homini-

538 668 650 724 bus
681 665 840 730 dicit,
874 663 1014 719 sicut
1037 668 1276 732 praesens
1308 663 1395 716 hic
1425 660 1662 731 Apostoli
1697 655 1896 715 indicat
1926 660 2074 715 locus
2100 673 2114 723 ;

547 758 844 816 bonitatem
893 762 1021 819 vero
1067 755 1185 824 ejus
1225 761 1279 808 et
1318 753 1684 818 dulcedinem,
1727 753 1868 821 quod
1913 760 2120 806 natura:

546 848 664 920 ejus
707 840 985 917 proprium
1027 851 1141 910 ρει,
1167 844 1420 899 abscondi
1441 854 1713 899 memorat
1741 852 1793 899 et
1822 845 2118 910 occultari,

548 941 689 996 sicut
718 937 886 994 David
917 938 1046 994 dicit
1073 952 1088 990 :
1115 953 1271 1008 quant
1303 953 1493 1006 magna
1522 937 1798 990 multitudo
1827 925 2115 990 dulcedinis

546 1040 670 1095 tum,
705 1031 955 1098 Domine,
984 1038 1141 1101 quam
1168 1029 1484 1083 abscondisti
1508 1029 1801 1083 timentibus
1832 1029 1912 1082 te!
1943 1027 2114 1099 (Psal.

545 1124 715 1196 xxx.)
744 1124 880 1191 Quid
917 1131 1050 1194 ergo
1098 1138 1274 1178 causa:
1317 1123 1588 1185 dicemus,
1619 1121 1760 1189 quod
1802 1121 1943 1187 Deus
1978 1121 2114 1175 iram

541 1214 856 1272 manifestat
904 1214 1240 1284 hominibus,
1294 1220 1347 1266 et
1394 1211 1730 1267 dulcedinem
1778 1211 1955 1266 celat?
2004 1210 2119 1266 Scit

533 1318 664 1365 line
692 1307 854 1361 dubio
884 1305 1070 1380 fragile
1108 1318 1227 1360 esse
1263 1304 1542 1358 hominum
1580 1303 1774 1374 genus,
1807 1311 1859 1357 et
1895 1303 1962 1356 ad
2000 1303 2130 1372 lapw

543 1415 683 1456 suur.
715 1399 949 1471 proclive
1001 1413 1099 1468 per
1151 1397 1531 1469 negligentiam
1561 1438 1574 1460 ,
1624 1397 1818 1465 quibus
1866 1397 2118 1465 expediat

547 1492 718 1560 magis
746 1506 865 1545 esse
889 1489 989 1545 sub
1015 1495 1158 1544 metu
1189 1485 1314 1553 ira},
1344 1503 1502 1556 quam
1529 1501 1622 1556 spe
1651 1487 1993 1558 benignitatis
2025 1488 2119 1542 Dei

544 1585 600 1634 et
628 1570 920 1634 dulcedinis
961 1579 1209 1634 relaxari.
1245 1572 1474 1632 Sicut'et
1507 1576 1780 1648 sapientia
1813 1579 1907 1633 Del
1938 1579 2068 1633 dicit
2101 1596 2114 1631 :

547 1668 653 1739 aut
679 1672 843 1741 parcit
874 1668 1057 1726 baculo
1079 1712 1094 1736 ,
1121 1671 1227 1724 odii
1257 1671 1426 1740 ﬁlium
1455 1673 1606 1725 suum
1633 1685 1650 1723 :
1681 1673 1724 1725 si
1745 1672 1882 1725 enim
1907 1688 2119 1740 percus-
2160 1733 2170 1749 ‘

2221 477 2378 533 Prius
2408 479 2551 533 enim
2583 495 2846 548 nusquam
2876 480 3210 536 vocabantur
3265 483 3360 539 ﬁlii
3392 484 3490 540 Dei
3519 486 3660 554 vivi,
3691 488 3791 544 nisi

2223 569 2275 624 in
2299 568 2506 634 Judaea,
2535 570 2635 624 hoc
2659 579 2741 624 est
2773 569 3175 642 Hierosolymis,
3203 573 3292 626 ubi
3321 573 3517 632 domus
3540 577 3792 642 Dei’erat,

2223 662 2363 716 sicut
2391 659 2523 714 dicit
2561 660 2613 712 in
2645 661 2851 730 psalmo
2880 678 3022 716 Lxxv
3052 680 3064 716 :
3103 661 3272 717 Notus
3301 665 3355 718 in
3392 652 3587 721 Judwd
3620 671 3790 734 Deus,

2221 760 2408 822 postea
2431 745 2611 804 autem
2642 751 2694 804 in
2722 751 2982 822 propheta
3010 751 3269 807 Zacharia
3294 771 3308 804 τ
3337 752 3542 807 anam
3563 795 3577 818 ,
3604 757 3790 826 inquit,

2226 846 2559 900 Hierusalem
2589 848 2644 900 in
2675 845 2912 900 omnibus
2948 847 3182 916 gentibus
3205 888 3218 911 ,
3247 848 3372 916 quia
3403 848 3602 916 ubique
3630 831 3792 902 futuri

2219 947 2374 994 erant
2406 938 2497 992 lilii
2528 939 2654 1003 Dei,
2688 947 2741 993 et
2773 940 2963 993 domus
2996 940 3085 993 De:
3120 941 3170 993 in
3199 941 3450 995 omnibus
3481 941 3644 1004 locis,
3677 956 3793 1009 qua

2218 1038 2300 1084 est
2321 1031 2584 1091 Ecclesia.
2608 1031 2742 1085 Hinc
2767 1031 3023 1085 Dominus
3051 1033 3125 1085 ait
3150 1031 3350 1087 Judmis
3379 1031 3607 1104 (Matth.
3637 1035 3791 1105 xxi),

2219 1124 2345 1193 quia
2375 1123 2585 1177 tolletur
2610 1139 2641 1175 a
2670 1123 2806 1177 vobis
2839 1135 3053 1193 regnum
3083 1121 3212 1187 Dei,
3241 1131 3287 1176 et
3315 1122 3528 1176 dabitur
3551 1127 3690 1192 genti
3719 1126 3795 1193 {a-

2219 1220 2372 1274 cienti
2398 1219 2786 1289 fructum‘ejus.
2821 1218 2838 1287 (
2855 1217 3041 1287 Orig.)
3071 1217 3243 1272 Aliter
3270 1225 3451 1272 autem
3481 1229 3537 1272 et
3563 1219 3795 1272 testimo-

2219 1313 2366 1367 nium
2397 1311 2540 1381 quod
2572 1310 2639 1365 de
2665 1312 2802 1366 Osee
2831 1310 3058 1365 assumit
3083 1311 3372 1380 Apostolus
3394 1351 3410 1376 ,
3440 1320 3702 1379 quantum
3733 1312 3792 1363 ad

2218 1401 2392 1455 locum
2423 1400 2597 1469 ipsum
2625 1400 2902 1470 prOphetti:
2923 1401 3187 1480 pertinet,
3214 1415 3319 1454 non
3347 1399 3562 1453 videtur
3587 1401 3651 1454 de
3680 1415 3792 1469 gen-

2220 1492 2362 1548 tibus
2391 1508 2530 1559 csse,
2564 1492 2655 1548 sed
2685 1494 2750 1547 de
2791 1494 2906 1562 ipso
2939 1493 3132 1563 populo
3159 1493 3470 1548 lsraelitico
3489 1493 3619 1557 dici,
3642 1501 3795 1561 atque

2217 1598 2276 1640 ut
2321 1587 2372 1640 in
2421 1586 2787 1657 superioribus
2815 1586 3049 1640 diximus
3071 1628 3085 1652 ,
3117 1603 3182 1641 ex
3214 1587 3374 1642 simili
3407 1587 3609 1641 Paulus
3640 1587 3796 1640 sumit

2218 1675 2554 1745 exemplum,
2586 1682 2645 1732 nt
2694 1677 2943 1730 ostendat
2989 1677 3112 1746 quia
3163 1666 3305 1732 sient
3354 1677 3460 1731 illis
3489 1677 3792 1748 quondam,

543 1761 673 1818 ie‘r‘ts
705 1768 818 1816 cuni
851 1757 994 1833 virga
1018 1789 1033 1828 ί
1061 1762 1162 1816 non
1191 1763 1479 1816 morietur:
1523 1779 1753 1816 ammam
1794 1771 1967 1816 autem
2003 1763 2117 1833 ejus
2149 1750 2192 1817 Β
2221 1781 2343 1821 cum
2371 1765 2561 1833 abjecti
2589 1775 2785 1821 essent
2805 1774 2860 1821 et
2898 1766 3204 1837 desperati,
3241 1768 3447 1822 dictum
3473 1765 3559 1824 est
3587 1769 3793 1839 primo:

542 1849 743 1905 salva'm
769 1851 932 1919 facies
959 1867 988 1903 α
1018 1856 1182 1904 marte
1210 1847 1402 1922 (Prov.
1434 1850 1583 1920 xm).
1612 1850 1804 1906 Nolam
1835 1852 1964 1907 facit
1991 1867 2119 1922 ergo

541 1941 834 2012 potentiam
866 1946 1016 1996 suam
1049 1941 1222 2003 Deus,
1256 1941 1378 1996 dum
1412 1942 1604 2010 impios
1632 1943 1889 2012 castigat,
1920 1951 1976 1998 et
2003 1953 2118 1996 cor-

543 2030 693 2100 ripit,
723 2040 782 2084 tit
812 2029 1106 2084 secundum
1140 2028 1432 2099 Scriptura:
1469 2033 1811 2094 sententiam,
1850 2033 1975 2086 dum
2012 2033 2118 2101 ﬂa-

541 2120 1032 2199 gellaturpestilens
1052 2164 1066 2187 ,
1097 2122 1342 2180 intioceni
1371 2125 1592 2177 astutior
1618 2125 1710 2192 ﬁat
1743 2123 1936 2199 (Prov.
1968 2123 2114 2196 XIX).

543 2211 708 2268 Notas
730 2194 906 2269 autem
931 2213 1239 2269 facitetiam
1269 2211 1523 2270 «divitias
1555 2194 1871 2285 glorite‘sug
1893 2217 1946 2270 in
1977 2194 2119 2270 vasis

541 2298 945 2367 misericordiae,
977 2315 1096 2374 quae
1135 2305 1456 2373 praeparavit
1484 2305 1540 2359 in
1569 2305 1815 2374 gloriam.
1847 2325 1864 2356 ›
1899 2303 2115 2358 lnn‘ote-

542 2403 700 2454 scunt
727 2394 928 2449 diritia:
957 2394 1086 2459 Dei,
1117 2405 1239 2448 cum
1267 2396 1395 2466 "erga
1425 2409 1549 2460 eos,
1583 2397 1673 2466 qui
1703 2395 1842 2454 inter
1872 2396 2117 2451 homines

540 2484 867 2554 spernuntur
889 2491 944 2540 et
968 2486 1196 2541 humiles
1223 2495 1378 2551 sunt,
1409 2486 1775 2540 misericordia
1801 2486 1916 2555 ejus
1940 2495 2143 2542 osten-"

541 2575 704 2639 ditur,
725 2577 815 2646 Qui
847 2589 952 2661 non
978 2577 1031 2631 in
1056 2577 1258 2632 divitiis
1280 2578 1392 2631 suis
1420 2592 1518 2632 nec
1540 2579 1598 2649 in
1619 2579 1857 2647 potentia
1884 2595 1999 2646 sua,
2024 2581 2118 2636 sed

539 2667 595 2723 in
648 2667 873 2723 θύηιίὴο
920 2664 1188 2738 sperant:
1239 2670 1377 2723 sicut
1423 2675 1551 2722 time
1597 2661 1943 2727 Hebrteortuu
1987 2685 2117 2741 gens

541 2757 821 2829 desperata
841 2760 995 2814 inter
1035 2759 1282 2815 homines
1331 2767 1386 2814 et
1427 2757 1634 2827 abjecta
1674 2775 1704 2814 a
1746 2761 1856 2816 De‘o
1904 2761 2115 2816 miseri-

540 2850 1110 2907 cordiamchnSecuta
1167 2861 1289 2917 est;
1334 2851 1408 2905 ita
1441 2865 1568 2920 ergo
1609 2861 1665 2906 et
1704 2869 1847 2907 nunc
1888 2854 2118 2924 populus

541 2941 813 3012 gentium,
844 2943 932 3011 qui
963 2942 1417 3012 spernebatur'ab
1465 2943 1552 2997 his
1584 2943 1676 3012 qui
1724 2943 1777 2997 in
1829 2944 2114 3000 circumci-

2227 1854 2330 1908 Vos
2361 1872 2474 1927 non.
2492 1855 2715 1926 populus
2746 1873 2921 1922 meus,
2953 1865 3002 1912 et
3031 1871 3258 1928 egonon
3289 1875 3407 1913 sum
3438 1859 3586 1913 Deus
3617 1868 3794 1922 vester,

2218 1946 2273 2004 ei
2316 1949 2514 2004 addidit
2556 1949 2848 2020 propheta,
2879 1955 2934 2006 et
2973 1947 3150 2007 dicit:
3189 1950 3258 2005 Et
3303 1953 3400 2005 erit
3427 1965 3448 2003 :
3494 1950 3564 2005 In
3607 1951 3718 2006 loco
3746 1952 3798 2004 in

2218 2058 2318 2113 quo
2365 2042 2560 2097 dictum
2611 2052 2727 2098 est:
2762 2042 2886 2098 Non
2925 2043 3037 2098 inea
3076 2041 3216 2115 plebs
3245 2061 3366 2109 vos,
3393 2045 3720 2100 vocabuntur
3754 2055 3798 2118 et

2218 2133 2319 2202 ipsi
2345 2133 2442 2200 filii
2469 2133 2569 2187 Dei
2598 2134 2726 2199 viri;
2763 2136 2834 2188 ita
2856 2175 2870 2198 ,
2913 2135 3120 2203 inquit,
3145 2143 3199 2188 et
3232 2154 3257 2186 ι
3278 2133 3400 2199 nos,
3432 2151 3572 2203 quos
3600 2136 3801 2189 vocavit

2219 2239 2324 2278 non
2357 2224 2527 2278 solum
2563 2241 2630 2279 ex
2671 2224 2899 2287 Iudaeis,
2925 2225 3017 2278 sed
3043 2224 3203 2280 etiam
3244 2241 3311 2280 ex
3356 2226 3631 2295 gentibus,
3662 2246 3681 2276 ι
3713 2227 3797 2295 qui

2218 2322 2344 2368 ante
2361 2331 2463 2369 non
2482 2330 2696 2371 eramus
2717 2317 2867 2388 plebs
2886 2316 3023 2385 ejus,
3039 2332 3181 2372 nunc
3195 2316 3406 2387 plebem
3423 2333 3526 2372 nos
3539 2333 3692 2372 suam
3715 2333 3801 2373 vo-

2219 2407 2378 2472 cavit,
2404 2428 2420 2457 ι
2444 2413 2496 2461 et
2515 2425 2619 2464 non
2643 2408 2913 2476 dilectam,
2930 2409 3198 2475 dilectam,
3214 2418 3268 2464 et
3288 2410 3478 2466 inloco
3494 2411 3586 2466 ubi
3607 2409 3799 2466 dictum

2219 2509 2303 2554 est
2331 2522 2346 2550 ε
2383 2501 2559 2566 nobis,
2597 2522 2615 2553 ‹
2648 2518 2753 2556 non
2787 2503 2936 2572 plebs
2988 2517 3117 2559 mea'
3157 2519 3274 2569 vos,
3327 2505 3400 2559 ibi
3433 2515 3452 2555 δ
3490 2506 3800 2571 vocabimur

2225 2606 2242 2638 ‹
2273 2587 2367 2642 lilii
2411 2589 2504 2642 Dei
2550 2590 2679 2643 vivi.
2713 2609 2730 2641 ›
2767 2588 2872 2646 Sed
2907 2592 3153 2647 fortassis
3187 2594 3475 2662 requirant
3498 2610 3528 2649 a
3562 2587 3720 2651 usus
3748 2594 3798 2650 bi

2217 2671 2307 2748 qui
2328 2669 2392 2732 ea
2422 2679 2833 2746 circumcisione
2848 2689 3063 2746 sunt.et
3089 2685 3291 2748 dicant,
3311 2685 3403 2740 ubi
3433 2688 3584 2741 enim
3619 2687 3685 2741 ad
3714 2703 3802 2742 vos

2217 2768 2418 2824 dictum
2449 2779 2565 2834 est,
2595 2768 2739 2841 quod
2768 2790 2873 2828 non
2905 2775 3023 2829 sitis
3052 2775 3202 2846 plebs
3230 2777 3322 2830 Dei
3353 2793 3483 2842 vos,
3519 2786 3580 2832 ut
3611 2779 3682 2832 ibi
3712 2795 3800 2834 vo-

2218 2855 2410 2913 cemini
2443 2859 2536 2914 ﬁlii
2566 2861 2660 2916 Dei
2689 2863 2836 2917 vivi?
2862 2861 3120 2920 Asserent
3159 2867 3303 2921 enim
3333 2864 3478 2937 quod
3522 2869 3666 2924 Deus
3697 2871 3800 2924 inec

2221 2948 2274 3003 in
2325 2945 2509 3006 Iudaea
2547 2947 2760 3009 lociiius
2798 2963 2882 3010 est
2922 2955 3008 3025 (in
3056 2957 3170 3026 ipéa
3211 2958 3356 3013 enim
3425 2961 3796 3017 tantummodo

542 3032 696 3124 sione
723 3033 1040 3103 gloriantur,
1066 3034 1491 3124 misericordiam
1523 3037 1844 3090 consecutus
1873 3033 1974 3090 est.
2011 3035 2118 3091 Sed
2144 3096 2186 3124 Α
2221 3051 2377 3098 notus
2418 3053 2501 3099 est
2540 3037 2724 3117 Deus).
2755 3054 2808 3100 et
2839 3047 2969 3102 nihil
3012 3047 3126 3104 haec
3153 3051 3219 3105 ad
3249 3059 3347 3106 nes
3375 3062 3648 3122 spectent,
3681 3055 3800 3124 quia

538 3122 671 3180 illud
711 3133 794 3180 est
830 3124 974 3194 quod
1016 3124 1195 3179 acrius
1236 3123 1491 3179 debemus
1533 3125 1845 3217 intendere,
1892 3127 2032 3195 quod
2062 3134 2116 3180 ct
2142 3106 2199 3169 (δ’
2225 3152 2243 3184 ‹
2267 3133 2349 3188 lex
2399 3135 2467 3190 ad
2519 3131 2646 3202 eos,
2682 3106 2774 3207 qui
2825 3139 2877 3192 in
2909 3139 3026 3210 lege
3076 3148 3198 3197 sunt
3229 3106 3804 3217 loquiturliﬁl'nio‘egu

541 3215 622 3271 illi
664 3215 940 3271 consecuti
1000 3219 1129 3269 sunt
1180 3213 1635 3292 misericordiam,
1690 3221 1744 3267 et
1787 3212 1976 3292 plebes
2020 3214 2115 3267 Dei

543 3307 796 3379 appellati
834 3316 989 3370 sunt,
1019 3297 1282 3360 et'dilecti
1312 3289 1405 3359 Dei
1436 3299 1675 3358 fuerunt.
1721 3303 1826 3359 Sed
1857 3289 2112 3374 quoniam

548 3411 768 3453 servare
815 3394 1092 3465 acceptam
1143 3396 1369 3466 gratiam
1419 3395 1755 3459 nescierunt,
1805 3394 2005 3448 dicitur
2049 3395 2115 3449 ad

541 3492 668 3553 obs,
701 3487 752 3540 in
780 3475 963 3558 quibus
1004 3486 1359 3540 namcltabutur
1396 3485 1733 3539 commoratio
1782 3483 1977 3549 Israel,
2033 3485 2115 3539 di—

541 3579 664 3633 misi
693 3585 806 3631 eam
826 3618 840 3642 ,
870 3587 918 3630 et
947 3577 1066 3631 dedi
1094 3577 1142 3630 ei
1167 3575 1396 3629 libellum
1427 3575 1631 3644 repudii
1672 3576 1727 3628 in
1767 3588 1954 3628 manus
1992 3592 2115 3628 suas

545 3668 698 3740 (Jer.
732 3674 791 3723 tu
814 3667 852 3733 ).
883 3667 950 3721 Et
980 3667 1106 3721 item
1137 3664 1262 3721 alibi
1291 3681 1306 3720 :
1335 3664 1490 3720 Facti
1520 3667 1641 3720 estis
1671 3667 1799 3736 mihi
1827 3666 1882 3719 in
1905 3668 2116 3720 satieta-

543 3768 676 3824 tem,
701 3760 816 3831 j‘an‘t
847 3769 949 3814 non
975 3759 1234 3813 dimittam
1259 3768 1470 3821 peccata
1500 3768 1667 3812 vestra
1695 3760 1712 3828 (
1737 3757 1850 3812 Jer.
1880 3758 2020 3830 vrt').
2051 3757 2116 3812 Et

543 3864 642 3923 per
689 3853 934 3909 eumdem
975 3852 1264 3908 Jeremiani
1311 3851 1574 3907 Dominus
1619 3852 1780 3917 dicit,
1825 3851 1958 3906 sicut
2002 3856 2119 3921 spe:

546 3944 702 4000 lunca
731 3946 909 4017 ligena:
934 3947 1074 4016 facta
1101 3951 1174 3999 est
1203 3943 1481 3999 hau-editas
1508 3961 1643 3998 mea.
1681 3943 1757 3998 Ne
1790 3944 1928 3999 forte
1955 3944 2118 3997 etiam

545 4046 645 4091 nos
695 4035 784 4104 Qui
841 4047 946 4089 non
995 4033 1195 4095 fuimus
1241 4031 1392 4103 plebs
1441 4033 1564 4095 Dei,
1618 4032 1711 4086 sed
1759 4046 1857 4101 per
1903 4031 2119 4086 divitias

543 4124 727 4199 gloria:
754 4135 864 4181 sua:
918 4126 1130 4180 vocavit
1166 4139 1266 4180 nos
1307 4123 1516 4194 plebem
1557 4139 1707 4178 suam
1731 4162 1746 4188 ,
1780 4131 1836 4178 et
1874 4123 1966 4193 qui
2012 4137 2118 4177 non

544 4215 744 4272 fuimus
776 4215 989 4282 dilecti,
1020 4217 1114 4273 Sed
1145 4217 1269 4272 facti
1313 4222 1500 4272 sumus
1541 4216 1761 4282 dilecti,
1801 4227 1857 4272 et
1895 4217 1988 4270 lilii
2023 4217 2118 4271 Dei

548 4307 691 4374 vivi,
730 4307 772 4361 si
805 4312 908 4361 non
938 4314 994 4361 ut
1024 4307 1118 4361 nm
1143 4306 1311 4370 lucis,
1345 4311 1400 4361 et
1428 4293 1521 4361 ﬁlii
1552 4306 1646 4362 Dei
1676 4294 2038 4370 ambulemus,
2073 4307 2118 4361 si

545 4409 652 4454 nun
693 4403 751 4451 tit
770 4397 920 4469 plebs
942 4397 1036 4453 Dei
1061 4396 1133 4452 ita
1167 4397 1412 4468 agamus,
1443 4417 1460 4448 ι
1480 4404 1539 4450 ut
1565 4399 1808 4454 videntes
1829 4419 1846 4452 ι
1866 4399 2119 4454 homines

551 4498 572 4540 ε
591 4495 754 4560 opera
774 4507 791 4540 ι
821 4495 1005 4543 hoStra
1031 4507 1050 4538 ι
1072 4485 1234 4551 bbh’a,
1255 4486 1600 4558 magniﬁcent
1618 4493 1826 4558 patrem
1850 4495 2116 4553 nostrum,

545 4576 636 4648 qui
686 4579 738 4633 in
784 4565 937 4633 caelis
985 4585 1069 4632 est
1116 4577 1329 4649 (Matth.
1364 4577 1454 4649 v),
1485 4595 1504 4629 ι
1538 4577 1832 4632 verendum
1875 4585 1992 4642 est,
2052 4593 2118 4632 ne

545 4669 692 4723 illum
750 4676 1052 4723 sermonem
1107 4667 1444 4723 incurramus
1497 4666 1778 4735 Apostoli,
1830 4681 1936 4735 quo
1994 4666 2112 4720 ait:

547 4758 738 4830 (Rom.
782 4774 834 4812 xi
861 4757 924 4819 l:
973 4755 1031 4811 Si
1070 4759 1206 4811 enim
1247 4757 1390 4811 Deus
1434 4757 1761 4811 naturalibus
1805 4759 1963 4811 ramis
2014 4775 2116 4813 non

546 4845 806 4920 pepercit;
842 4859 932 4902 nec
973 4849 1064 4902 tibi
1114 4859 1310 4919 parcet.
1343 4847 1581 4902 —Sicut
1643 4849 1696 4900 in
1745 4840 1874 4904 Useé
1924 4851 2051 4904 dicit
2095 4869 2113 4907 :

557 4939 762 4994 Vorabo
808 4957 912 4994 non
954 4941 1147 5010 plebem
1180 4957 1382 5008 meam,
1419 4941 1616 5011 plebem
1660 4959 1864 5007 meam,
1917 4954 1964 4998 et
2010 4962 2114 5000 non

547 5031 959 5090 misericordiam
1003 5043 1365 5097 consecutam,
1418 5034 1832 5088 misericordiam
1873 5051 2114 5091 consecu-

549 5131 680 5187 tam;
711 5122 806 5177 erit
833 5123 969 5177 enim
998 5123 1053 5175 in
1081 5121 1193 5176 loco
1213 5163 1227 5188 ,
1259 5122 1345 5176 ubi
1376 5125 1572 5186 dictum
1599 5136 1668 5179 est
1706 5143 1805 5179 non
1834 5127 1970 5195 plebs
1999 5145 2112 5184 mea

547 5229 668 5278 vos,
709 5213 781 5267 ibi
819 5215 1140 5269 vocabuntur
1172 5213 1271 5284 ﬁlii
1301 5215 1399 5269 Dei
1440 5217 1555 5270 rivi.
1599 5218 1828 5289 (Δηώ.)
1859 5222 2112 5289 Apertum

550 5314 634 5360 est
676 5305 818 5360 istud
857 5305 922 5359 de
963 5292 1210 5376 gentibus
1249 5320 1369 5361 esse
1412 5307 1756 5376 praedictam,
1802 5311 1927 5379 quia
1968 5313 2115 5381 prius

549 5411 656 5451 non
673 5404 830 5450 erant
850 5395 1000 5465 plebs
1022 5397 1138 5462 D’ei,
1163 5408 1346 5466 postea
1373 5408 1549 5454 autem
1574 5401 1638 5453 ad
1663 5403 2007 5472 opprobrium
2025 5402 2116 5458 Ju-

551 5487 782 5541 dzeoruw
809 5487 1232 5543 misericordiam
1257 5489 1603 5559 accipientes,
1621 5502 1818 5547 vocatae
1832 5507 1955 5549 sunt
1968 5495 2116 5564 plebs

550 5578 665 5633 Dei.
701 5581 765 5633 Et
797 5581 888 5651 qui
917 5580 1093 5638 dilecti
1125 5591 1250 5636 ante
1272 5599 1376 5637 non
1408 5593 1579 5651 erant,
1606 5586 1865 5643 abdicatis
1894 5589 2113 5654 «uda-eis,

551 5667 788 5724 adontati
817 5670 871 5726 in
901 5670 1036 5728 filios
1069 5674 1126 5728 et
1151 5667 1332 5730 dilecti
1362 5678 1517 5743 aunt,
1547 5682 1608 5731 ut
1643 5676 1698 5735 in
1741 5678 1858 5737 loco
1887 5679 1980 5736 ubi
2008 5695 2117 5737 non

2219 3227 2500 3300 ostendam
2544 3228 2717 3284 locum
2753 3232 2920 3287 multo
2948 3234 3281 3304 digniorem,
3311 3238 3404 3292 ubi
3445 3235 3620 3293 Deam
3663 3239 3802 3309 loqui

2219 3326 2275 3371 et
2301 3318 2479 3372 decuit
2505 3328 2560 3374 et
2586 3321 2842 3388 possibile
2874 3322 2995 3378 fuit.
3026 3311 3211 3396 Neque
3237 3325 3382 3382 enim
3413 3321 3805 3399 consequenter

2219 3407 2362 3463 Deus
2391 3409 2536 3478 loqui
2571 3411 2624 3464 in
2655 3412 2927 3467 montibus
2954 3405 3008 3469 et
3040 3416 3263 3487 rupibus
3302 3426 3359 3473 et
3396 3409 3806 3490 quibuscunqtic

2217 3490 2453 3554 agitems
2483 3497 2614 3555 locis
2636 3501 2864 3568 dicetur,
2895 3505 2988 3559 sed
3018 3506 3071 3560 in
3103 3517 3282 3562 mente
3311 3497 3549 3566 hominis
3577 3507 3808 3581 loquitur

2216 3585 2380 3654 Deus,
2399 3591 2450 3646 in
2469 3607 2632 3648 sensu
2655 3591 2982 3663 rationabili,
3001 3607 3057 3652 et
3073 3598 3126 3652 in
3142 3589 3424 3671 principali
3444 3601 3644 3671 cordis,
3669 3615 3721 3660 et
3739 3607 3807 3660 ibi

2214 3672 2338 3736 cum
2365 3681 2567 3754 in’digni
2601 3689 2657 3738 et
2691 3687 2852 3741 alieni
2875 3703 2906 3740 a
2937 3679 3046 3744 Deo
3077 3697 3228 3745 actus
3257 3696 3591 3750 conscientia
3623 3680 3806 3753 redar-

2217 3774 2413 3844 guente
2433 3773 2740 3858 culpantur,
2764 3777 2860 3842 ibi,
2881 3778 3122 3848 inquam,
3150 3783 3551 3852 pronuntiatur,
3579 3789 3653 3844 ibi
3679 3792 3808 3847 dici—

2215 3875 2306 3934 tur
2335 3868 2402 3922 ad
2424 3868 2660 3939 singulos
2681 3886 2939 3940 quosque,
2958 3872 3082 3942 quia
3110 3895 3127 3926 ι
3152 3893 3258 3931 non
3293 3867 3444 3948 plebs
3475 3898 3595 3938 mea
3625 3901 3720 3939 vos
3743 3903 3758 3948 ;
3783 3907 3800 3937 ι

2219 3957 2264 4011 si
2292 3972 2421 4012 vero
2451 3960 2703 4029 emundet
2730 3976 2790 4018 se
2820 3963 2940 4032 quis
2961 3965 3155 4031 abhis,
3189 3978 3246 4022 et
3265 3972 3534 4038 purilicet,
3577 3997 3596 4027 ‹
3634 3986 3686 4030 et
3709 3993 3805 4045 pax

2218 4046 2338 4111 Dei,
2359 4064 2477 4136 qua:
2506 4049 2724 4134 superat
2745 4045 2963 4108 Omnem
2988 4053 3221 4112 mentem
3262 4080 3279 4111 ι
3315 4077 3411 4115 cor
3440 4062 3559 4130 ejus
3590 4067 3806 4137 incipiat

2217 4138 2513 4204 custodire,
2533 4140 2628 4205 ibi,
2645 4142 2748 4196 hoc
2775 4144 2936 4198 estin
2960 4147 3136 4201 cordis
3157 4162 3370 4205 secreto
3387 4155 3649 4222 paciﬁcus
3679 4159 3804 4214 eiic-

2217 4237 2371 4295 ctus,
2408 4231 2576 4286 Filius
2610 4231 2704 4287 Dei
2733 4234 3062 4311 conscientia
3099 4240 3464 4311 adstipulante
3501 4251 3800 4303 vocabitur.

2287 4315 2464 4375 Baias
2493 4323 2667 4375 autem
2692 4307 2888 4400 statim
2914 4342 3008 4395 pro
3037 4325 3206 4384 Israel
3279 4327 3338 4386 Si
3366 4332 3526 4400 fuerit
3558 4335 3800 4394 numerus

2223 4408 2454 4480 ﬁliorum
2483 4410 2652 4465 Iarael
2689 4398 2938 4481 ianquam
2966 4433 3128 4471 arena
3160 4423 3347 4487 maria,
3383 4424 3623 4495 reliquicc
3651 4429 3804 4482 salem

2223 4501 2366 4571 ﬁent.
2399 4497 2762 4572 Posteaquam
2806 4519 2904 4574 per
2945 4507 3039 4562 Dei
3079 4503 3398 4580 sapientiam
3431 4532 3598 4584 quam
3638 4519 3802 4588 loqui-

2227 4603 2314 4649 tur
2341 4594 2536 4651 Paulus
2566 4597 2708 4651 inter
2735 4598 3025 4667 perfectos,
3061 4602 3269 4658 secreta
3300 4609 3354 4660 et
3381 4607 3697 4665 abscondita
3721 4614 3797 4666 di-

2226 4687 2362 4740 vina:
2416 4685 2836 4756 dispensationis
2877 4693 3156 4762 exposuit,
3189 4702 3243 4748 et
3284 4699 3522 4752 ostendit
3567 4715 3675 4769 qua
3716 4718 3796 4755 ra-

2226 4778 2368 4833 tione
2398 4794 2572 4848 quove
2603 4779 2820 4846 ordine,
2847 4781 2931 4836 vel
2960 4782 3098 4837 iram
3127 4783 3267 4840 Deus
3297 4788 3551 4842 ostendat
3582 4792 3636 4844 in
3666 4793 3799 4846 vasis

2224 4870 2344 4937 irae,
2378 4871 2463 4924 vel
2502 4872 2716 4926 divitias
2758 4873 2940 4943 gloria:
2979 4891 3090 4931 suae
3122 4864 3175 4931 in
3205 4880 3351 4934 vasis
3393 4881 3796 4951 utiseriCordize,

2224 4972 2279 5018 et
2327 4964 2508 5020 docuit
2544 4966 2686 5034 quod
2710 4981 2805 5019 vas
2833 4967 2927 5021 ira:
2956 4967 3050 5022 fiat
3075 4974 3446 5043 unusquisque
3476 4974 3545 5031 e'x
3568 4992 3634 5033 eo
3667 4979 3797 5048 quod

2223 5070 2320 5125 per
2358 5057 2611 5112 duritiam
2661 5073 2811 5112 suam
2855 5067 2911 5113 et
2952 5075 3047 5115 cor
3090 5059 3432 5132 impmnitens
3477 5066 3798 5125 thesaurizet

2224 5147 2327 5203 sibi
2358 5148 2493 5202 iram
2524 5151 2580 5203 in
2610 5149 2695 5203 die
2724 5151 2815 5203 irze
2839 5189 2854 5215 ,
2885 5165 3012 5206 vasa
3059 5163 3240 5208 autem
3282 5150 3674 5215 misericordia:
3702 5162 3797 5214 sint

2224 5239 2309 5304 lii,
2341 5240 2431 5308 qui
2469 5257 2526 5296 se
2565 5243 2974 5298 emundaverint
3013 5229 3080 5300 ab
3122 5245 3234 5312 his,
3268 5257 3321 5302 et
3352 5249 3420 5303 ad
3466 5265 3633 5306 omne
3677 5269 3797 5322 opus

2222 5332 2421 5385 bonum
2470 5330 2913 5402 praaparaveriut,
2948 5349 3119 5400 nunc,
3156 5348 3224 5410 ¹ιιι
3270 5339 3386 5406 haec
3432 5341 3551 5410 ipsa
3608 5341 3797 5410 majore

2224 5422 2544 5477 auctoritate
2565 5422 2878 5490 confirmet,
2911 5427 3069 5481 etiam
3096 5429 3146 5482 in
3178 5427 3470 5499 Prophetis
3500 5432 3662 5490 docet
3689 5449 3796 5490 esse

2221 5517 2550 5586 prtcscripta.
2594 5517 2802 5581 Isaias,
2848 5519 3051 5588 inquit,
3100 5521 3291 5575 clamat
3335 5540 3444 5592 pro
3491 5523 3707 5580 Israel:
3746 5524 3795 5579 Si

2225 5606 2381 5675 fuerit
2423 5624 2664 5661 numerus
2706 5606 2937 5675 ﬁliorum
2976 5606 3143 5663 Israel
3179 5620 3433 5680 tanquam
3477 5619 3648 5669 a‘rena
3690 5630 3791 5668 inn-

2224 5701 2330 5760 ris.
2377 5700 2608 5766 reliquia:
2653 5699 2812 5757 salva:
2853 5701 2996 5764 ﬁent.
3038 5697 3336 5761 Provideus
3377 5707 3586 5762 etenim
3618 5689 3687 5762 de
3725 5702 3794 5759 fu-
