3948 6348
176 317 316 374 1501

713 303 1260 365 ENARRA'I‘IONUM
1296 300 1363 358 IN
1400 298 1547 356 EPP.
1584 283 1791 351 PAULI
1825 291 1957 349 LIB.
2001 291 2070 348 Υ.
2111 319 2180 331 -
2214 290 2283 348 IN
2316 290 2532 350 EPIST.
2563 294 2856 352 AD'ROM.

3317 293 3454 350 1502

175 435 320 491 ειη-ξε
368 427 670 498 Propheta,
717 423 931 477 videbat
979 418 1120 490 quod
1185 413 1400 487 plurimi
1449 429 1514 468 ex
1565 411 1757 474 Israel,
1787 405 1984 469 As’olo
2032 403 2250 459 nomine
2295 403 2506 459 Domini
2555 406 2853 462 conditoris
2900 413 3269 476 consequatur
3313 403 3458 462 salu-

173 537 236 582 et
277 525 332 580 hi
376 519 609 576 maxime
660 516 752 586 qui
795 528 972 568 arena:
1029 508 1199 564 maris
1231 517 1636 576 comparantur,
1663 518 1760 574 per

175 615 437 672 duritiam
491 613 641 666 suam
709 616 764 661 et
840 620 935 659 cor
987 603 1331 672 impccnitens
1384 598 1549 652 futuri
1606 604 1762 652 erant

182 729 200 757 ι
224 721 360 760 vasa
414 705 537 764 irae,
571 708 753 770 aptata
787 697 852 751 ad
882 696 1260 766 perditionem,
1287 714 1304 745 ›
1333 708 1440 746 non
1479 691 1762 745 credentes

175 794 306 848 vita:
335 808 474 856 sua),
524 791 618 845 sed
663 789 946 843 Dominum
993 785 1293 854 maiestatis
1336 783 1756 851 cruciﬁgentes;

176 886 223 940 si
279 900 440 953 ergo,
496 879 692 948 inquit,
746 876 953 931 fuerint
1007 884 1303 944 «tanquam
1343 888 1506 925 arena
1557 871 1759 933 maris,

177 972 422 1042 reliquias
470 970 632 1024 salva}
684 969 814 1022 ﬁent
843 985 860 1018 ι
911 965 989 1018 11Ιὶ
1039 965 1130 1034 qui
1177 979 1281 1017 non
1324 962 1602 1016 salvantur
1647 969 1764 1013 lan-

178 1079 344 1134 quam
377 1077 540 1117 arena
572 1061 737 1114 maris
766 1068 926 1124 sunt;
973 1057 1214 1125 reliquis:
1251 1070 1400 1116 vero,
1451 1069 1571 1122 qua:
1603 1052 1762 1106 salva:

177 1156 311 1211 ﬁent
360 1165 614 1223 tanquam
670 1151 836 1206 stella:
893 1149 1018 1204 (ξωΙί
1079 1157 1241 1210 sunt,
1299 1154 1587 1214 utrumque
1647 1152 1762 1196 etc-

176 1248 290 1301 nini
355 1243 762 1313 promissionis,
813 1255 932 1310 qum
986 1239 1052 1292 ad
1113 1237 1387 1292 Abraham
1458 1235 1598 1289 facta
1656 1242 1759 1298 est,

176 1339 423 1392 continet
466 1349 644 1390 sermo
678 1349 692 1387 :
728 1332 876 1398 Erit,
925 1332 1133 1401 inquit,
1191 1347 1362 1385 semen
1426 1339 1572 1382 tuum
1630 1328 1762 1380 sicut

178 1449 342 1486 arena
368 1432 562 1493 maris,
593 1439 640 1482 et
671 1430 804 1481 sicut
833 1426 996 1480 stella:
1027 1425 1158 1480 cceli.
1193 1424 1344 1492 (Gen.
1377 1439 1488 1477 xxu
1515 1427 1530 1493 )
1577 1420 1760 1493 [Aug]

177 1522 300 1576 Alio
329 1530 508 1575 autem
533 1535 715 1583 sensu,
741 1519 792 1570 in
825 1533 887 1572 eo
913 1517 1054 1585 quod
1080 1516 1229 1580 dicit,
1257 1514 1428 1568 Isaias
1452 1513 1643 1566 clamat
1665 1525 1762 1582 pro

178 1609 373 1674 Israel,
406 1619 460 1665 ct
485 1610 706 1676 reliqua,
732 1609 966 1662 ostendit
987 1605 1439 1676 quemadmodum
1475 1605 1547 1657 sit
1585 1603 1764 1655 Domi-

178 1717 284 1754 nus
315 1701 450 1769 lapis
482 1700 1058 1768 angularisutrmnquc
1076 1698 1335 1766 parietem
1361 1695 1410 1748 in
1436 1694 1757 1764 scjnugeas.

1868 509 1974 555 tem
2003 507 2284 564 creatura,
2315 498 2418 552 hoc
2446 508 2560 565 est,
2591 516 2689 570 per
2721 500 2878 555 ﬁdem
2897 542 2912 566 ,
2931 499 3061 570 quia
3092 499 3318 556 sublatis
3344 501 3460 558 om-

1867 591 2026 646 nibus
2064 593 2362 648 neomcniis
2413 601 2468 646 et
2515 593 2775 657 sabbato,
2821 600 2876 646 et
2917 591 3368 656 circumcisione,
3400 596 3456 646 et

1866 687 1982 757 lege
2011 702 2290 751 escarum,
2334 696 2389 740 et
2427 684 2791 740 oblationibus
2830 699 3088 754 pecorum
3116 726 3130 750 ,
3169 685 3281 739 sola
3322 683 3456 739 ﬁdes

1865 783 2036 852 posita
2093 791 2176 835 est
2229 780 2295 834 ad
2357 781 2617 844 salutem,
2676 793 2795 849 quae
2848 779 3164 833 abbreviata
3219 795 3286 834 ex
3339 777 3457 849 lege

1865 884 1979 939 est,
2014 867 2138 944 quia
2170 875 2310 944 quod
2346 875 2397 928 in
2436 875 2538 928 ﬁde
2593 883 2709 938 est,
2757 876 2809 927 in
2845 873 2959 941 lege
3003 873 3254 937 habetur,
3299 874 3458 943 quasi

1865 965 2162 1036 principale
2214 965 2364 1035 legis,
2398 966 2609 1020 dicente
2667 965 2949 1020 Salvatore
3000 983 3012 1018 :
3068 962 3146 1018 De
3191 982 3272 1019 me
3320 982 3456 1019 enim

1865 1060 2069 1128 scripsit
2103 1057 2308 1128 Moyses
2341 1060 2358 1128 (
2381 1057 2544 1113 Joan.
2571 1076 2602 1110 v
2702 1059 3028 1114 Abbreviata
3063 1069 3147 1114 est
3178 1074 3307 1130 ergo
3334 1059 3422 1113 Iex
3442 1101 3456 1126 ,

1865 1146 2107 1216 reliquias
2161 1146 2468 1202 Iudaeorum
2522 1148 2819 1211 salvantur,
2866 1147 3048 1201 caeteri
3088 1162 3218 1201 vero
3259 1147 3457 1202 salvari

1866 1255 1974 1292 non
2006 1247 2252 1308 possunt,
2291 1241 2417 1308 quia
2460 1239 2876 1308 prreﬁnitionem
2909 1239 3002 1294 Dei
3036 1248 3328 1309 spernunt.
3364 1256 3461 1308 per

1867 1345 2026 1398 quam
2075 1345 2243 1400 genus
2287 1331 2584 1384 humanum
2635 1330 2876 1384 decrevit
2923 1331 3153 1383 salvare.
3212 1331 3278 1384 Et
3323 1332 3459 1397 sicut

1865 1422 2106 1493 pra'dixit
2158 1422 2330 1476 Isaias
2358 1439 2376 1476 :
2431 1421 2551 1476 Nisi
2604 1421 2858 1475 Dominus
2904 1419 3137 1474 Sabaoth
3167 1421 3457 1491 reliquisset

1867 1514 2014 1566 nobis
2063 1529 2258 1577 semen,
2308 1515 2442 1566 sicut
2494 1511 2726 1567 Sodoma
2773 1513 3052 1580 fuissemus
3092 1523 3139 1566 et
3181 1513 3313 1566 sicut
3356 1510 3460 1564 Co-

1867 1605 2080 1658 moriha
2103 1604 2299 1656 similes
2323 1604 2626 1671 fuissemus,
2651 1603 2834 1674 (Orig.
2857 1602 2874 1672 )
2900 1603 3052 1670 Quod
3080 1617 3262 1657 semen
3293 1601 3458 1657 Isaias

1869 1709 1898 1746 a
1951 1693 2178 1747 Domino
2226 1692 2357 1746 dicit
2399 1691 2758 1746 derelictum?
2786 1692 2912 1745 illud
2954 1693 3070 1746 sine
3112 1691 3276 1746 dubio
3315 1692 3459 1760 quod

177 1788 515 1843 Tcstimouio
568 1789 710 1842 enim
761 1787 914 1842 Osca:
965 1788 1240 1855 propheta:
1287 1785 1486 1838 dictum
1529 1793 1612 1837 est
1666 1795 1764 1852 pro
1793 1773 1840 1832 Β
1869 1783 2314 1852 idemApostolus
2337 1783 2930 1850 exponitinaliis,cnm
2951 1783 3165 1836 dicitad
3184 1781 3460 1836 Abraham

175 1882 431 1950 gentibus
460 1897 473 1932 :
511 1868 710 1933 Vocabo
741 1895 842 1931 non
871 1875 1066 1947 plebem
1099 1891 1263 1927 meam
1286 1915 1298 1937 ,
1331 1874 1526 1942 plebem
1558 1888 1761 1938 meam,

174 1981 225 2027 et
270 1990 371 2026 non
412 1971 683 2035 dilectam,
729 1968 991 2022 dilectam.
1034 1967 1098 2020 Et
1126 1966 1275 2020 Isaia:
1300 1964 1663 2019 testimonium
1688 1962 1767 2015 di-

168 2070 328 2120 ‘ctum
370 2079 466 2132 pro
506 2048 1006 2130 Israel,‘quoniam
1047 2057 1279 2128 reliquae
1320 2055 1480 2108 salva:
1515 2055 1674 2123 ﬁent,
1707 2061 1766 2105 ut

179 2154 315 2222 ipszc
344 2154 666 2220 deputentur
694 2150 749 2204 in
779 2164 962 2204 semen
993 2146 1244 2209 Abi-alae,
1277 2159 1396 2214 qua:
1419 2143 1767 2198 crediderunt

176 2245 236 2299 in
281 2244 580 2302 Christum,
617 2243 688 2296 ita
720 2240 1016 2295 concordes
1045 2238 1232 2292 ambos
1260 2235 1484 2306 pepulos
1514 2233 1642 2288 facit
1674 2248 1762 2287 se-

175 2336 412 2389 cundum
439 2334 648 2387 Domini
676 2333 1040 2386 testimonium
1064 2330 1292 2382 dicentis
1313 2328 1366 2380 in
1387 2326 1678 2397 Evangelio
1701 2326 1764 2378 de

176 2425 457 2496 gentibus:
485 2424 666 2477 Habeo
698 2423 829 2475 alias
861 2428 976 2476 oves
996 2437 1112 2491 qua’
1131 2436 1232 2472 non
1261 2431 1378 2472 stitit
1403 2419 1465 2470 de
1494 2419 1590 2470 hoc
1620 2417 1760 2481 ovili,

173 2531 311 2585 quas
343 2524 540 2584 oportet
570 2529 650 2566 me
677 2512 972 2577 adducere,
1013 2521 1059 2564 et
1091 2511 1186 2563 erit
1219 2526 1354 2562 unus
1383 2524 1508 2579 great
1542 2518 1590 2561 et
1630 2523 1764 2560 unus

175 2594 362 2676 pastor
413 2603 610 2675 (Joan.
645 2601 735 2676 χ).
769 2601 1002 2675 [Greg.]
1045 2601 1241 2654 Sancta
1298 2614 1527 2668 namque
1580 2597 1764 2652 Eccle-

177 2695 261 2750 sia
287 2695 338 2748 in
370 2695 657 2765 primitivis
685 2695 798 2748 suis
826 2693 1170 2748 multitudine
1189 2692 1430 2759 gentium
1455 2689 1760 2755 fecundata,

174 2785 271 2840 vix
304 2785 357 2839 in
388 2785 570 2838 mundi
605 2785 708 2839 ﬁne
737 2783 985 2849 Iudaeos,
1016 2799 1152 2853 quos
1181 2781 1470 2839 invenerit,
1505 2781 1762 2850 suscipit,

176 2885 234 2932 ct
283 2885 523 2931 extrema
572 2877 858 2948 colligens,
895 2891 1018 2942 cos,
1064 2877 1218 2945 quasi
1261 2871 1517 2944 ieliquias
1547 2872 1763 2943 frugum

173 2974 348 3047 ponit.
382 2974 459 3028 De
487 2973 680 3045 quibus
712 2975 965 3029 nimirum
998 2975 1241 3044 reliquiis
1282 2974 1447 3028 Isaias
1487 2973 1659 3028 dicit:
1705 2970 1765 3025 Si

176 3066 339 3135 fuerit
398 3082 643 3118 numerus
702 3065 934 3133 ﬁliorum
984 3064 1153 3118 Israel
1197 3066 1350 3136 quasi
1391 3081 1588 3128 arena,
1634 3061 1759 3116 reli-

174 3157 315 3228 quia:
342 3156 500 3209 salva:
528 3157 672 3223 ﬁent.
705 3155 923 3226 (Amb.)
956 3155 1168 3210 Clamat
1197 3171 1324 3225 ergo
1352 3156 1518 3208 Isaias
1549 3170 1646 3224 pro
1676 3154 1762 3208 his

175 3247 269 3315 qui
303 3246 526 3299 credunt
558 3245 610 3299 in
646 3244 920 3300 Christum
941 3287 954 3310 ,
988 3247 1039 3300 lii
1093 3247 1239 3300 enim
1282 3261 1409 3299 verc
1438 3255 1563 3300 sunt
1597 3246 1764 3300 Israc-

174 3335 310 3398 like,
351 3335 488 3388 sicut
521 3335 778 3389 Dominus
807 3331 872 3388 ad
904 3335 1199 3389 Nathanael
1232 3354 1245 3388 :
1283 3334 1417 3388 Ecce
1445 3353 1557 3389 vere
1589 3334 1763 3389 Israe-

172 3425 300 3489 lita,
344 3427 398 3479 in
428 3443 529 3496 quo
566 3426 718 3480 dolus
761 3443 864 3479 non
905 3437 977 3480 est
1009 3427 1190 3494 (Joan.
1223 3427 1259 3496 ι)
1294 3446 1305 3480 :
1340 3447 1358 3475 ι
1384 3427 1441 3481 Si
1475 3426 1634 3481 fuerit
1666 3443 1763 3480 nti—

175 3529 360 3569 mcrus
403 3512 630 3567 ﬁliorum
671 3514 867 3580 Israel,
915 3524 1170 3584 tanquam
1213 3530 1378 3569 arena
1419 3515 1584 3570 maris
1638 3515 1764 3570 reli-

174 3604 318 3673 quiic
361 3603 522 3657 salva:
571 3604 758 3658 ﬁent.»
797 3603 1189 3658 Reccdentibus
1235 3602 1435 3658 Judmis
1467 3621 1496 3657 a
1529 3605 1760 3670 merito,

173 3703 230 3747 ct
260 3694 618 3762 promissione
647 3703 884 3763 patrum,
914 3695 1044 3748 dum
1077 3695 1222 3748 illam
1251 3710 1356 3748 non
1387 3695 1674 3764 recipiunt,
1706 3695 1763 3750 lii

173 3783 368 3852 reliqui
410 3793 533 3836 sunt
573 3784 663 3852 qui
711 3785 981 3838 credendo
1021 3786 1073 3838 in
1120 3785 1222 3839 ﬁde
1261 3774 1639 3854 promissionis
1668 3802 1763 3855 pa-

178 3874 356 3928 tribus
394 3873 550 3929 factze
584 3875 901 3944 persistunt.
942 3875 984 3927 A
1021 3875 1135 3945 lege
1169 3876 1313 3928 enim
1349 3877 1636 3942 recedunt,
1670 3877 1762 3946 qui

174 3964 232 4019 in
263 3980 384 4019 eum
417 3981 575 4035 quem
606 3965 688 4019 lex
720 3964 892 4020 solum
925 3966 990 4019 ad
1023 3966 1249 4021 salutem
1283 3965 1526 4022 suﬁicere
1557 3969 1761 4038 promi-

171 4056 276 4121 sit,
310 4073 416 4112 non
444 4059 687 4111 credunt.
714 4056 882 4126 Igitur
906 4049 1178 4126 Apostaue
1208 4057 1511 4113 habeantur
1541 4074 1762 4114 necesse

172 4160 257 4205 est
278 4192 292 4214 ,
329 4151 418 4219 qui
448 4149 574 4203 dum
606 4149 879 4204 Christum
913 4167 1019 4206 non
1053 4154 1346 4222 recipiunt,
1387 4154 1462 4206 rei
1493 4163 1618 4206 sunt
1648 4154 1762 4206 vin-

172 4237 297 4292 Iata:
342 4239 495 4308 legis.
544 4238 617 4293 De
657 4240 893 4292 maxima
961 4241 1141 4308 itaque
1205 4242 1551 4298 multitudine
1614 4243 1760 4300 solos

173 4329 460 4383 credentes
493 4327 621 4381 dicit
651 4327 878 4392 salvari,
912 4345 1048 4398 quos
1075 4333 1313 4400 praesciit
1344 4333 1504 4387 Deus.

259 4417 478 4472 Verbum
517 4420 654 4472 enim
701 4435 1104 4487 consummans,
1148 4431 1194 4475 et
1238 4423 1472 4478 brevians
1508 4425 1561 4478 in
1591 4425 1756 4496 tequi-

171 4517 313 4572 tate,
360 4508 482 4577 quia
532 4507 737 4561 verbum
784 4507 1066 4563 breviatum
1112 4510 1267 4578 faciet
1312 4503 1567 4566 Dominus
1606 4531 1760 4585 super
1787 4484 1838 4543 D

173 4605 386 4649 terrain.
425 4595 650 4665 (Orig.)
683 4597 914 4651 Verbum
946 4598 1278 4664 breviatum,
1311 4602 1398 4655 ubi
1443 4604 1592 4657 multi
1638 4617 1758 4660 sunt

173 4685 359 4748 vocati,
394 4687 751 4754 pauci‘aulem
782 4687 949 4741 electi.
975 4689 1268 4746 Possumus
1297 4701 1349 4746 et
1383 4694 1544 4749 totius
1569 4695 1760 4750 doctri-

173 4794 256 4831 nze
304 4778 524 4832 verbum
564 4775 744 4832 dicere
786 4779 1082 4834 breviatum
1104 4823 1118 4846 ,
1150 4791 1210 4836 ut
1237 4784 1380 4852 quod
1411 4787 1560 4854 prius
1591 4786 1675 4841 lex
1706 4797 1760 4842 et

171 4868 453 4938 propheta:
483 4869 832 4924 continebant
858 4871 908 4924 in
941 4871 1222 4928 latitudine
1248 4887 1639 4946 praeceptorum
1668 4895 1759 4934 vc-

173 4961 331 5015 niens
348 4961 603 5016 Dominus
632 4965 1010 5032 pronuntiaret
1033 4974 1087 5020 et
1111 4966 1345 5022 diceret:
1367 4969 1562 5040 Diliges
1579 4971 1760 5026 Domi-

175 5069 300 5105 num
318 5054 482 5106 Deum
507 5063 676 5117 tuum,
691 5069 754 5106 ex
767 5064 872 5106 toto
891 5055 1044 5108 corde
1060 5066 1169 5122 tuo,
1185 5068 1230 5110 et
1247 5075 1310 5110 εα-
1326 5068 1434 5111 tota
1451 5061 1628 5114 anima
1643 5072 1755 5129 tua,

173 5155 222 5197 et
238 5161 304 5198 cr
317 5146 439 5198 totis
455 5146 645 5198 viribus
662 5148 785 5210 tuis,
802 5157 848 5200 et
874 5149 1169 5217 proximum
1187 5159 1332 5203 tuum
1353 5152 1487 5205 sicut
1513 5156 1754 5223 teipsum,

175 5237 230 5290 in
255 5237 337 5320 Iris
363 5237 564 5291 duobus
596 5237 856 5293 mandatis
885 5242 1072 5310 pendet
1103 5248 1269 5298 omnis
1300 5245 1385 5299 lea:
1412 5257 1460 5300 et
1490 5249 1758 5318 propheta!

178 5327 406 5402 (Matth.
435 5330 579 5400 xxu)
601 5372 613 5395 ,
646 5333 699 5384 in
731 5347 836 5399 quo
863 5334 1138 5390 evidenter
1169 5339 1462 5406 prephctas
1503 5349 1558 5394 et
1589 5341 1757 5412 legem

176 5419 388 5477 duobus
417 5422 502 5475 his
532 5424 868 5478 sermonibus
899 5426 1180 5481 breviavit.
1205 5427 1389 5484 Potest
1409 5438 1460 5484 et
1493 5451 1510 5481 ‹
1534 5435 1760 5488 verbum

177 5513 480 5568 breviatum
507 5534 524 5567 ι
563 5515 665 5569 dici
694 5515 826 5570 ﬁdes
857 5518 1083 5587 symboli
1123 5535 1242 5589 qua:
1273 5522 1618 5580 credentibus
1653 5535 1761 5580 tra-

178 5607 348 5673 ditur,
380 5609 431 5661 in
463 5625 566 5677 qua
598 5610 761 5663 totius
790 5613 1030 5681 mystcrii
1062 5628 1269 5668 summa
1296 5615 1482 5684 paucis
1512 5633 1758 5675 connexa

179 5699 522 5773 sermonibus
551 5702 876 5759 continetur.
907 5702 1130 5778 (Amb.)
1159 5704 1423 5764 Convenit
1449 5710 1596 5768 enim
1618 5721 1679 5770 ut
1703 5713 1759 5772 in

1789 3131 1836 3195 C

1869 1877 2072 1932 dictum
2115 1891 2236 1931 esse
2269 1893 2282 1928 :
2329 1875 2442 1928 Tibi
2465 1874 2599 1928 dabo
2639 1884 2830 1928 terram
2860 1876 3014 1937 hanc,
3039 1883 3087 1926 et
3118 1873 3303 1926 semini
3331 1883 3458 1939 tuo;

1868 1983 1970 2020 non
2018 1967 2186 2031 dixit,
2233 1977 2279 2020 et
2329 1966 2643 2030 seminibus,
2694 1975 2946 2034 tanquam
3001 1964 3056 2016 in
3106 1963 3320 2027 multis,
3366 1963 3458 2016 sed

1867 2060 2054 2112 semini
2081 2069 2171 2113 tuo
2203 2068 2455 2128 tanquam
2490 2057 2544 2109 in
2574 2073 2702 2121 uno,
2733 2055 2872 2126 quod
2903 2065 2978 2109 est
3009 2053 3252 2108 Christus
3296 2050 3456 2124 (Gal.

1867 2150 1971 2222 ιιι).
1997 2142 2111 2204 ¹Ποσ
2133 2159 2220 2204 est
2239 2164 2367 2220 ergo
2395 2147 2538 2218 quod
2565 2148 2693 2202 dicit
2719 2147 2919 2200 Isaias:
2951 2145 3070 2199 Nisi
3098 2144 3352 2200 Dominus
3381 2163 3464 2200 re-

1867 2238 2102 2316 liquisset
2157 2244 2303 2298 nobis
2350 2260 2554 2308 semen,
2610 2243 2662 2296 id
2707 2252 2820 2306 est,
2873 2241 2972 2295 nisi
3022 2241 3261 2294 dedisset
3305 2239 3463 2294 nobis

1867 2337 2176 2399 Christum,
2227 2344 2287 2390 ut
2335 2351 2401 2391 ex
2453 2335 2607 2389 nobis
2661 2343 2994 2396 nasceretur,
3044 2337 3177 2387 sicut
3229 2332 3460 2387 Sodoma

1868 2431 2150 2498 fuissemus
2181 2470 2194 2493 ,
2245 2435 2508 2497 quantum
2563 2427 2630 2480 ad
2688 2425 2982 2495 impietatis
3035 2426 3461 2494 magnitudinem

1867 2527 2106 2588 spectat,
2143 2519 2244 2573 nisi
2280 2518 2405 2587 quia
2449 2525 2504 2572 et
2536 2516 2752 2588 gravius
2783 2515 2987 2584 aliquid
3023 2515 3162 2585 apud
3194 2507 3464 2570 Israelitas

1868 2597 2079 2682 gestum
2110 2618 2211 2665 est.
2245 2609 2380 2664 Nam
2415 2607 2708 2664 Sodomita:
2737 2606 3035 2677 inhospites
3084 2608 3274 2662 incesti
3318 2608 3462 2663 refe-

1868 2713 2062 2756 runtur
2102 2711 2158 2756 et
2203 2702 2494 2770 impudici;
2553 2700 2782 2771 populus
2837 2715 2968 2753 vero
3021 2693 3185 2754 Israel
3232 2700 3287 2754 in
3338 2716 3462 2755 eum

1867 2794 2166 2866 sacrilegus
2221 2793 2466 2856 exstitit,
2528 2793 2619 2862 qui
2666 2806 2789 2846 cum
2846 2789 3127 2846 Dominus.
3160 2791 3464 2860 maiestatis

1868 2887 1968 2950 sit,
2005 2888 2174 2940 trater
2201 2900 2390 2939 eorum
2417 2893 2471 2939 et
2499 2884 2604 2938 dici
2637 2883 2834 2946 voluit,
2885 2892 2938 2938 et
2985 2898 3125 2938 esse.
3176 2878 3288 2938 Nisi
3331 2900 3463 2954 ergo

1869 2993 2055 3032 semen
2089 2977 2232 3032 istud
2261 2977 2520 3030 Dominus
2547 2975 2884 3043 reliquisset,
2916 2990 3013 3046 per
3037 2970 3179 3046 quod
3224 2977 3465 3046 reliquite

1869 3068 2032 3124 salva:
2087 3068 2308 3130 tierent,
2365 3076 2420 3120 et
2474 3081 2601 3119 vasa
2663 3065 3048 3120 misericordim
3096 3066 3460 3134 salvarentur,

1868 3160 2161 3216 interiisset
2211 3159 2440 3230 populus
2486 3157 2575 3212 ille
2618 3165 2674 3211 ut
2718 3156 2993 3222 Sodoma;
3047 3167 3102 3213 et
3144 3166 3321 3214 tamen
3355 3175 3463 3215 non

1866 3251 2039 3306 otiose
2070 3249 2235 3303 Isaias
2275 3264 2458 3304 semen
2501 3249 2835 3314 nominavit,
2873 3237 3015 3319 quod
3059 3249 3304 3304 relictqu
3338 3262 3460 3307 est:

1867 3355 2051 3396 semen
2087 3354 2321 3409 namque
2350 3338 2563 3399 dicitur,
2601 3338 2743 3408 quod
2780 3341 3083 3394 seminatur
3118 3341 3171 3396 in
3215 3343 3382 3409 terra,
3410 3352 3466 3399 et

1866 3427 2101 3483 fructum
2148 3428 2500 3496 multiplicem
2537 3429 2746 3495 reddit,
2788 3430 2987 3486 docens
3029 3446 3123 3500 per
3157 3432 3261 3487 hoc
3296 3435 3462 3489 etiam

1866 3519 2144 3576 Christum
2177 3522 2551 3576 seminandum
2581 3538 2702 3577 esse
2723 3565 2737 3588 ,
2774 3523 2825 3578 id
2859 3533 2969 3587 est,
3003 3525 3375 3594 sepeliendum
3407 3529 3459 3582 in

1867 3619 2045 3676 terra,
2079 3622 2135 3666 et
2179 3612 2305 3667 inde
2351 3623 2726 3684 resurgentem
2774 3614 3010 3669 fructum
3052 3619 3350 3686 plurimum
3381 3626 3465 3675 to-

1869 3703 1977 3758 tius
2009 3702 2267 3758 Ecclesize
2298 3703 2656 3758 multitudinis
2687 3706 3026 3775 prolaturum
3049 3748 3062 3769 ,
3096 3707 3236 3762 sicut
3265 3704 3465 3780 ct'ipse

1865 3795 2127 3851 Dominus
2150 3797 2316 3852 dicit:
2345 3799 2446 3852 nisi
2473 3807 2694 3869 granum
2731 3801 2981 3868 frumenti
3011 3803 3061 3856 in
3092 3811 3230 3856 terra
3265 3806 3464 3860 cec‘ide-

1864 3888 1953 3960 rit,
1981 3896 2027 3940 et
2054 3898 2318 3941 mortuum
2343 3888 2531 3957 fuerit,
2571 3890 2800 3958 fructum
2836 3909 2938 3946 non
2980 3895 3165 3961 affert;
3201 3896 3246 3947 si
3286 3907 3462 3950 autent

1864 3988 2130 4032 mortuum
2154 3971 2333 4049 fuerit,
2361 3981 2591 4050 fructum
2617 3982 2905 4052 plurimum
2934 3985 3087 4054 affert
3120 3984 3304 4055 (Joan.
3336 3988 3456 4059 xu).

1941 4070 2083 4136 Quid
2120 4089 2240 4143 ergo
2281 4075 2564 4128 dicemus?
2602 4076 2755 4141 Quod
2793 4087 2966 4147 gentes
2997 4095 3113 4147 qua?
3159 4096 3261 4134 non
3293 4092 3464 4134 secta-

1864 4163 2056 4216 bantur
2085 4163 2353 4232 justitiam
2402 4166 2904 4234 comprehemlerunt
2944 4167 3249 4236 justitiam,
3291 4172 3458 4239 justi-

1860 4252 1988 4304 tiam
2021 4262 2194 4304 autem
2221 4269 2337 4323 quin
2369 4270 2434 4307 ex
2473 4254 2578 4323 ﬁde
2616 4266 2710 4308 est.
2753 4255 3017 4310 Videatur
3059 4256 3311 4314 fortassis
3356 4262 3461 4318 hoc

1861 4341 2192 4395 contrarium
2223 4357 2343 4398 esse
2372 4344 2456 4398 vel
2487 4345 2591 4400 illis
2638 4348 2705 4401 de
2764 4348 2960 4417 quibus
2991 4365 3154 4420 supra
3186 4352 3423 4409 diximus
3443 4395 3458 4419 ,

1862 4432 2004 4499 quod
2034 4433 2401 4502 unusquisque
2447 4437 2705 4491 emundet
2744 4452 2801 4490 se
2841 4444 2895 4492 et
2933 4450 3222 4508 expurget,
3269 4450 3326 4494 ut
3366 4442 3461 4498 ﬁat

1864 4538 1960 4578 vas
2011 4523 2142 4578 utile
2193 4535 2247 4580 et
2300 4541 2394 4580 vas
2457 4529 2878 4592 misericordiae,
2927 4530 3011 4584 vel
3059 4531 3164 4587 illis
3220 4549 3340 4602 qua:
3404 4537 3459 4592 in

1863 4618 2232 4688 superioribus
2281 4619 2670 4685 disseruimus,
2728 4622 2872 4692 quod
2905 4625 3139 4678 naturali
3194 4625 3346 4696 lege,
3405 4629 3458 4684 in

1863 4725 1965 4778 qua
2006 4709 2120 4762 sine
2152 4709 2312 4762 dubio
2344 4719 2423 4763 est
2453 4719 2507 4764 et
2532 4710 2764 4778 iustitia,
2799 4723 3021 4769 utantur
3047 4717 3210 4770 etiam
3243 4729 3454 4788 gentes.

1863 4797 2142 4866 Quomodo
2189 4814 2320 4870 ergo
2363 4801 2449 4854 hic
2482 4801 2641 4868 dicit,
2694 4805 2836 4872 quod
2889 4825 2906 4856 ‹
2944 4814 3151 4875 gentes,
3187 4825 3307 4878 quae
3349 4827 3456 4865 non

1862 4890 2207 4944 sectabantur
2231 4889 2519 4958 justitiam,
2549 4896 3403 4968 comprehenderuntjustitiam?
3433 4925 3449 4956 ι

1862 4981 1984 5035 vide
2030 4984 2074 5037 si
2117 4983 2219 5038 hoc
2260 4986 2418 5038 modo
2457 5001 2744 5054 possumus
2786 4974 3134 5058 respondere.
3169 4993 3330 5048 Aliud
3375 5005 3458 5051 est

1863 5077 2098 5139 sectari,
2131 5076 2272 5130 aliud
2319 5078 2538 5130 insitum
2583 5079 2818 5145 habere;
2852 5083 3048 5137 sectari
3095 5084 3298 5139 dicitur
3329 5087 3452 5154 ille,

1861 5168 1951 5237 qui
1985 5183 2079 5238 per
2109 5169 2411 5241 doctrinam
2441 5179 2496 5224 et
2525 5170 2815 5227 lectionem
2850 5174 3074 5228 multam
3105 5179 3320 5246 assequi
3353 5179 3453 5233 ali-

1863 5260 1991 5329 quid
2017 5261 2198 5329 cupit;
2231 5262 2370 5316 unde
2397 5271 2451 5316 et
2476 5278 2506 5317 a
2537 5265 2792 5318 sectando
2819 5273 2980 5319 secta:
3011 5267 3292 5336 appellatae
3326 5280 3452 5326 sunt

1867 5349 2172 5420 hujusmodi
2214 5353 2502 5415 doctrinae,
2547 5369 2666 5422 quae
2715 5355 2997 5410 hominum
3049 5359 3338 5414 traditione
3368 5361 3457 5415 di-

1870 5452 2112 5496 scuntur.
2151 5441 2350 5498 Gentes
2387 5458 2515 5514 ergo
2557 5446 2684 5514 quia
2726 5446 2898 5516 legem
2945 5449 3144 5504 tabulis
3175 5451 3258 5505 vel
3301 5451 3464 5508 libris

1868 5535 2123 5605 scriptam
2171 5550 2277 5589 non
2324 5537 2656 5602 habuerunt,
2729 5554 2835 5593 non
2912 5541 3166 5596 dicuntur
3236 5551 3470 5598 sectatae

1868 5639 1987 5680 esse
2021 5624 2308 5693 justitiam,
2345 5627 2647 5681 habuerunt
2675 5636 2852 5685 tamen
2885 5614 3129 5686 'insitam
3159 5648 3322 5701 quam
3373 5634 3478 5687 lex

1867 5730 1962 5775 eos
1991 5717 2254 5776 naturalis
2285 5717 2516 5775 edocuit.
2549 5719 2759 5779 Idcirco
2800 5738 2942 5797 ergo
2966 5724 3203 5796 proximi
3238 5723 3492 5782 fuerunt
