3948 6310
493 348 631 405 1503

1126 341 1184 397 Β.
1231 338 1483 401 ΒΑΒΑΝῘ
1520 337 1741 397 MAURI
1778 336 2055 396 ARCHlEl

2159 330 2448 395 »ίΟίῖῐΣΝΤ⁸
2487 335 2771 395 OPERUM
2807 336 2985 394 PARS
3021 337 3107 395 Ill.
3166 378 3175 383 ι

3612 341 3741 399 15οι

485 464 707 536 iustitiae
750 461 799 516 ei
834 473 956 532 quae
988 472 1055 516 ex
1085 458 1190 513 ﬁde
1230 466 1344 523 est,
1372 460 1421 513 id
1446 464 1561 521 est,
1598 456 1834 512 Christo.
1869 455 2069 527 (Δηώ.)
2095 461 2149 522 Α
2173 454 2441 508 sarcinam
2472 446 2863 509 observationis
2891 453 3061 509 Judtei
3091 457 3373 512 credentes
3412 456 3612 513 vellent
3647 462 3743 516 im-

490 556 549 612 ln
590 555 698 609 Deo
741 552 886 607 enim
924 566 1051 607 vera
1093 550 1303 620 justitia
1352 556 1467 609 est,
1517 557 1573 603 et
1610 562 1966 618 permanens,
2014 546 2060 601 si

491 651 853 717 agnoscatur;
894 641 1019 711 quid
1058 640 1200 695 enim
1230 649 1314 695 est
1350 648 1459 693 tam
1495 637 1698 707 justum
1742 653 1901 709 quam
1960 651 2058 692 no-

480 752 646 793 scere
679 738 846 791 Deum
884 733 1132 797 Patrem,
1180 746 1247 786 ex
1294 746 1399 803 quo
1429 737 1554 785 sunt
1582 731 1783 794 omnia,
1819 738 1874 785 et
1901 728 2060 784 Chri-

490 811 631 880 stum
665 824 829 877 ﬁlium
858 822 971 891 ejus
1002 837 1111 890 per
1128 836 1286 889 quem
1324 829 1448 896 sunt
1477 821 1657 874 omnia
1682 822 1704 874 Τ
1732 820 1912 874 Prima
1932 836 2061 891 ergo

490 915 606 969 haec
629 912 839 983 justitia
867 922 969 977 est,
993 926 1283 982 agnoscere
1310 911 1647 975 Creatorem,
1671 912 1863 966 deinde
1880 921 2063 966 custo-

489 1006 607 1061 dire
663 1020 783 1075 qua:
824 1004 1081 1072 praecepit
1121 1020 1132 1056 :
1177 1010 1362 1071 gentes
1416 1018 1546 1072 ergo
1594 1017 1713 1071 qua:
1755 1002 1903 1070 prius
1955 1018 2063 1056 non

490 1095 834 1166 requirebant
856 1077 1233 1163 justitiam,id
1262 1100 1375 1156 est,
1408 1092 1602 1161 legem,
1657 1106 1777 1160 quae
1818 1090 2061 1147 Creatori

488 1187 853 1242 testimonium
898 1186 1246 1255 perhibebat,
1300 1185 1547 1239 veniente
1580 1182 1814 1249 Christo,
1846 1185 2063 1238 invene-

490 1277 899 1347 runtjnstitiam
945 1276 1469 1346 superabundantem
1514 1274 1797 1344 plusquam
1841 1275 2061 1329 Scriba-

488 1388 607 1427 rum
647 1382 701 1426 et
740 1370 1134 1425 Pharismorum
1167 1388 1179 1421 :
1226 1368 1316 1437 qui
1361 1368 1503 1421 enim
1544 1374 1671 1421 tunc
1711 1367 1850 1436 quod
1886 1366 2063 1422 minus

484 1471 566 1516 est
609 1478 714 1516 non
738 1462 1103 1523 sectabantur,
1144 1459 1666 1529 comprehenderunt
1702 1466 1886 1525 postea
1920 1457 2062 1525 quod

485 1554 658 1622 majus
699 1562 801 1608 est.
842 1551 1012 1608 Judmi
1059 1560 1237 1606 autem
1282 1551 1336 1603 in
1376 1550 1489 1616 lege
1518 1547 1716 1617 positi,
1745 1547 1870 1615 quia
1900 1547 2064 1617 proﬁ-

486 1662 609 1702 cere
647 1647 817 1717 magis
857 1645 1153 1699 debuerant
1198 1641 1689 1697 deterioraverttnt.
1733 1628 1916 1693 Israel
1945 1656 2061 1693 vero

483 1731 731 1799 sectanda,
776 1733 935 1804 legem
963 1734 1192 1804 justitite
1222 1734 1276 1785 in
1307 1732 1467 1802 legem
1487 1720 1714 1801 justitia:
1744 1746 1845 1783 non
1887 1746 2062 1799 perve-

485 1825 579 1878 nit.
613 1823 852 1894 (Amb.)
886 1822 1155 1878 Perfectio
1196 1822 1330 1893 legis
1372 1822 1505 1877 ﬁdes
1532 1830 1648 1887 est,
1680 1836 1839 1891 quam
1872 1830 2061 1891 gentes

485 1916 979 1986 apprehendentes,
1004 1924 1170 1969 totam
1198 1915 1372 1986 legem
1405 1914 1627 1984 implere
1659 1915 1938 1979 videntur;
1969 1914 2063 1967 Ju-

461 2001 581 2062 daei
612 2017 789 2062 autem
816 2007 942 2061 dum
966 2010 1063 2076 pe'r
1090 2006 1345 2060 invidiam
1375 2005 1643 2060 Salvatori
1669 2020 1774 2059 non
1802 2004 2058 2071 credunt,

477 2096 741 2168 justitiam
772 2113 890 2167 quae
922 2098 980 2152 in
1010 2097 1125 2168 lege
1156 2096 1408 2149 mandata
1446 2104 1530 2149 est
1550 2135 1563 2160 ,
1594 2096 1961 2160 vindicantes,
2005 2094 2062 2149 id

481 2196 587 2253 est,
620 2188 901 2242 sabbatum
923 2227 938 2251 ,
970 2187 1461 2250 circumcisionem,
1496 2194 1626 2251 etc.,
1661 2188 1714 2239 in
1747 2186 1921 2257 legem
1953 2200 2059 2239 non

480 2286 874 2348 pervenerunt,
919 2279 1023 2332 hoc
1067 2284 1181 2341 est,
1226 2276 1400 2346 legem
1442 2291 1547 2330 non
1588 2265 1959 2345 perfecerunt,
2008 2283 2064 2329 et

488 2368 580 2437 qui
618 2382 725 2423 non
754 2367 1039 2437 perﬁciunt
1069 2366 1240 2437 legem
1273 2368 1351 2420 rei
1391 2375 1516 2420 sunt
1547 2366 1700 2435 juxta
1736 2365 1938 2436 legem,
1971 2367 2061 2421 hic

490 2458 633 2513 enim
680 2458 866 2528 implet
912 2450 1105 2527 legem,
1138 2458 1229 2525 qui
1275 2472 1303 2509 a
1336 2456 1449 2526 lege
1502 2455 1668 2527 Moysi
1702 2456 1947 2526 pervenit
1993 2457 2061 2513 ad

485 2548 645 2605 ﬁdem
694 2548 915 2604 Christi.
973 2548 1147 2614 Quare
1173 2550 1197 2602 ?
1222 2547 1359 2614 Quia
1391 2566 1493 2604 non
1522 2566 1585 2603 ex
1620 2550 1742 2617 ﬁde,
1782 2551 1873 2604 sed
1907 2551 2062 2620 quasi

487 2646 554 2695 ea:
601 2639 860 2710 operibus.
904 2635 1136 2711 (Orig.)
1172 2638 1389 2693 Certum
1423 2647 1506 2693 est
1540 2639 1681 2692 enim
1721 2639 1848 2708 quia
1896 2639 2060 2693 Israel

481 2732 791 2786 sectabatur
825 2731 1000 2798 legem
1028 2727 1254 2796 iustitiae
1289 2731 1582 2785 secundum
1634 2729 1869 2785 litteram
1898 2771 1914 2797 ,
1966 2731 2059 2785 sed

482 2821 539 2876 in
589 2820 763 2891 legem
800 2834 909 2875 non
943 2822 1215 2891 pervenit;
1268 2836 1429 2890 quam
1478 2820 1696 2889 legem?
1744 2822 1861 2875 sine
1895 2821 2059 2877 dubio

479 2912 718 2982 spiritus.
769 2912 952 2983 Neque
994 2912 1137 2968 enim
1181 2912 1285 2967 hoc
1337 2912 1541 2966 diceret
1569 2912 1885 2981 Apostolus,
1912 2914 2055 2983 quia

480 3002 653 3075 legem
697 3019 858 3074 quam
911 3005 1236 3069 sectabatur,
1272 3012 1326 3058 et
1359 3018 1519 3073 quam
1557 3006 1774 3060 tenebat
1808 3012 1862 3058 et
1897 3018 2059 3072 quam

480 3093 752 3157 habebat,
796 3095 850 3149 in
885 3096 1024 3149 hanc
1058 3110 1162 3149 non
1201 3096 1528 3164 pervenerit.
1566 3094 1762 3149 Reddit
1806 3084 1935 3166 ergo
1968 3112 2059 3151 ra-

480 3184 681 3241 tionem
709 3200 807 3240 cur
849 3186 902 3239 in
930 3186 1100 3256 legem
1125 3185 1286 3240 lsrael
1316 3202 1423 3240 non
1460 3186 1699 3256 potuerit
1733 3188 2015 3255 pervenire
2039 3227 2054 3253 ,

480 3277 604 3347 quia
652 3293 755 3330 non
804 3292 867 3330 ea:
911 3277 1049 3346 ﬁde,
1104 3278 1307 3346 inquit,
1359 3278 1447 3331 sed
1497 3279 1645 3348 quasi
1695 3294 1758 3331 ea:
1796 3279 2053 3348 operibus.

2162 559 2361 615 ponere
2385 586 2399 610 ,
2442 554 2572 600 tunc
2610 546 2885 614 apostolus
2918 544 3109 600 Petrus
3146 548 3261 600 ait:
3300 547 3445 613 Quid
3481 550 3740 619 imponitis

2153 632 2342 701 jugum
2368 648 2527 701 supra
2555 636 2802 687 cervicem
2826 635 3053 704 fratrum
3073 674 3088 699 ,
3110 634 3249 703 quod
3274 651 3441 705 neque
3466 654 3558 691 nos
3586 656 3742 709 neque

2162 730 2333 789 patres
2360 721 2526 773 nostri
2550 731 2758 789 portare
2783 733 3059 791 potuerunt
3076 722 3101 774 Ρ
3128 720 3275 792 (Act.
3301 726 3417 793 xv.)
3441 726 3488 778 Α
3512 736 3743 797 tempore

2162 810 2304 863 enim
2347 809 2549 864 Christi
2581 809 2905 880 indulgentia
2939 812 3063 866 data
3095 820 3179 866 est
3207 815 3478 882 promissa
3516 816 3567 868 in
3607 818 3739 888 lege.

2163 887 2256 954 Ait
2288 900 2431 954 enim
2488 901 2653 957 Isaias
2678 949 2686 958 .
2700 904 2961 972 propheta
3013 902 3162 973 (Isa.
3195 919 3285 959 th
3307 903 3326 975 )
3350 945 3365 969 ,
3400 925 3419 957 ‹
3456 908 3631 960 veniet
3667 887 3742 965 ex

2166 990 2323 1055 Sion,
2355 993 2446 1060 qui
2474 994 2669 1063 eripiat
2708 1003 2763 1047 et
2812 1003 3020 1049 avertat
3050 996 3380 1064 impietatem
3408 1014 3439 1051 a
3465 996 3660 1064 Jacob,
3692 1007 3745 1055 et

2162 1079 2266 1134 hoc
2308 1080 2411 1134 illis
2458 1096 2489 1134 a
2536 1096 2622 1135 me
2663 1082 3069 1136 Testamentum
3126 1100 3248 1137 cum
3308 1088 3584 1142 abstulero
3622 1104 3744 1157 pec-

2163 1182 2283 1227 cata
2314 1189 2517 1237 eorum,
2551 1193 2569 1225 ι
2597 1175 2700 1229 hoc
2721 1183 2805 1229 est
2826 1174 3033 1230 Novum
3058 1175 3469 1232 Testamentum
3509 1181 3741 1248 promis-

2164 1278 2281 1316 sum
2314 1276 2343 1315 a
2381 1263 2486 1317 Deo
2518 1263 2570 1317 in
2602 1263 2836 1320 Christo.

2256 1352 2601 1424 Oﬂ'enderunt
2654 1358 2710 1410 in
2762 1356 2988 1428 lapidem
3048 1360 3394 1427 offensionis,
3449 1372 3498 1414 et
3551 1371 3744 1431 petram

2163 1446 2435 1510 scandali,
2476 1456 2522 1500 et
2574 1449 2742 1501 omnis
2788 1449 2876 1518 qui
2904 1449 3078 1513 credit
3116 1451 3169 1501 in
3215 1466 3331 1503 eum
3376 1467 3482 1503 non
3523 1453 3743 1520 confun-

2163 1535 2334 1588 detur.
2369 1533 2559 1606 (Orig.
2588 1535 2605 1607 )
2638 1536 2773 1602 Quia
2818 1537 2989 1607 legem
3033 1538 3381 1592 sectabantur
3426 1555 3531 1592 non
3559 1557 3747 1595 secun-

2165 1625 2289 1679 dum
2336 1640 2498 1693 opera
2539 1624 2762 1694 justitire
2813 1626 2941 1693 Dei,
2971 1630 3065 1682 sed
3113 1630 3411 1683 secundum
3453 1646 3615 1699 opera
3662 1631 3748 1698 ju-

2167 1718 2327 1771 stitiaa
2370 1733 2501 1794 suat,
2535 1718 2739 1773 idcirco
2775 1739 2794 1769 ί
2824 1718 3165 1774 offenderunt
3217 1722 3271 1774 in
3312 1720 3548 1790 lapidem
3579 1721 3745 1775 oii‘en-

2167 1808 2355 1871 sionis,
2385 1828 2403 1859 ι
2442 1811 2505 1863 de
2534 1825 2641 1878 quo
2670 1811 2931 1880 scriptum
2963 1820 3045 1867 est
3079 1830 3091 1866 :
3146 1812 3281 1866 Ecce
3331 1830 3469 1883 pono
3525 1815 3581 1866 in
3620 1813 3750 1868 Sion

2167 1895 2393 1965 lapidem
2423 1897 2727 1966 offensionis
2746 1938 2763 1964 ,
2790 1908 2839 1952 et
2864 1909 3064 1967 petram
3092 1901 3355 1964 scandali,
3386 1912 3431 1955 et
3465 1904 3556 1971 qui
3582 1903 3750 1956 credet

2163 1989 2217 2043 in
2239 2006 2390 2053 eum,
2417 2006 2519 2043 non
2545 1990 2827 2044 erubescet.
2873 1990 3161 2046 Sciendum
3197 1980 3378 2047 autem
3410 2004 3497 2048 est
3527 1996 3670 2062 quod
3697 1995 3750 2049 in

2162 2079 2297 2133 Isaia
2320 2081 2581 2150 propheta
2604 2082 2707 2137 hoc
2729 2083 3095 2137 testimonium
3116 2084 3189 2136 ita
3207 2084 3469 2153 scriptum
3488 2096 3572 2139 est
3594 2084 3745 2155 (Isai.

2164 2171 2354 2242 xxvut)
2395 2189 2406 2224 :
2441 2171 2576 2225 Ecce
2604 2189 2696 2242 ego
2720 2174 2948 2226 immitto
2981 2175 3033 2226 in
3070 2172 3415 2241 fundamenta
3456 2173 3589 2228 Sion
3621 2174 3752 2242 lapi-

2161 2264 2278 2316 dem
2318 2264 2635 2331 pretiosum,
2666 2263 2918 2327 electum,
2951 2263 3284 2334 angularem,
3335 2266 3653 2335 praeclarum
3694 2268 3749 2320 in

2160 2351 2505 2420 fundamenta
2533 2352 2689 2421 ejus;
2719 2362 2767 2405 et
2800 2354 2889 2423 qui
2920 2354 3197 2408 crediderit
3229 2357 3285 2408 in
3324 2372 3443 2408 eum
3487 2337 3593 2409 no’n
3630 2373 3748 2410 con-

2162 2445 2430 2515 fundetur.
2462 2447 2754 2515 Apostolus
2782 2456 2987 2509 autem,
3025 2466 3042 2496 ι
3072 2447 3303 2515 lapidem
3350 2447 3665 2503 offensionis
3694 2456 3749 2505 et

2160 2546 2368 2607 petram
2398 2539 2658 2601 scandali,
2683 2539 2798 2598 t,de
2830 2539 2937 2594 alio
2957 2540 3075 2594 loco
3094 2541 3262 2610 ipsius
3293 2541 3444 2595 lsaize
3474 2542 3748 2610 propheta:

2162 2630 2289 2684 huic
2328 2629 2635 2685 testimonio
2666 2630 2961 2684 inseruisse
2991 2631 3223 2695 videtur,
3261 2630 3314 2684 in
3352 2646 3462 2700 quo
3504 2632 3579 2686 ita
3618 2633 3747 2687 scri—

2160 2728 2309 2789 ptum
2341 2729 2426 2775 est
2452 2735 2465 2773 :
2504 2719 2573 2773 Et
2606 2720 2723 2775 non’
2744 2730 2996 2791 tanquam
3036 2721 3201 2790 lapidi
3232 2722 3543 2791 oﬁ‘emionis
3571 2740 3748 2777 occur-

2160 2812 2282 2865 retis
2325 2812 2405 2877 ei,
2453 2827 2614 2882 neque
2655 2822 2714 2864 ut
2754 2811 2918 2881 lapidi
2962 2812 3129 2865 ruina:
3174 2810 3327 2880 (Isa.
3366 2812 3541 2881 vnt),
3588 2823 3749 2867 et'ex

2160 2913 2391 2972 utroque
2420 2903 2540 2958 loco
2568 2917 2866 2972 excerpens
2896 2918 3018 2971 quae
3044 2903 3438 2958 assertionibus
3464 2905 3580 2958 suis
3604 2920 3747 2959 com-

2159 2996 2314 3049 moda
2360 2995 2685 3051 videbantur
2720 2995 2941 3065 aptavit.
2981 2994 3229 3065 (Amb.)
3271 2993 3566 3050 Multorum
3613 2996 3749 3051 rela-

2161 3087 2304 3139 tione
2343 3094 2675 3155 compertum
2715 3094 2799 3139 est
2844 3086 2896 3139 in
2944 3093 3094 3155 petra
3125 3085 3208 3140 vel
3248 3085 3427 3153 lapide
3472 3086 3747 3142 Christum

2159 3192 2280 3231 esse
2323 3176 2706 3246 signiﬁcatum.
2742 3175 2929 3231 Daniel
2962 3177 3105 3230 enim
3147 3178 3412 3246 propheta
3450 3177 3632 3247 (Dan.
3666 3178 3741 3247 tt)

2159 3269 2389 3337 lapidem
2413 3270 2555 3323 hunc
2599 3268 2748 3332 dicit,
2780 3268 2869 3337 qui
2912 3267 3183 3322 abscissus
3209 3284 3239 3321 a
3279 3276 3461 3322 monte
3485 3269 3604 3323 sine
3637 3285 3746 3322 ma-

482 3366 724 3439 (Amb.)
767 3366 1093 3437 Spernentes
1147 3368 1289 3421 enim
1316 3367 1504 3433 ﬁdem,
1548 3383 1686 3436 quae,
1739 3367 1877 3423 sicut
1924 3370 2053 3434 dixi,
2085 3356 2130 3419 C
2161 3362 2318 3417 nibus
2344 3361 2610 3432 percussit
2645 3370 2699 3416 et
2735 3360 3056 3415 comminuit
3093 3360 3276 3421 omnia
3328 3376 3492 3430 regna
3518 3402 3532 3424 ,
3564 3371 3619 3414 et
3658 3377 3743 3415 re-

483 3459 742 3531 perfectio
783 3460 914 3528 legis
958 3469 1070 3526 est,
1103 3476 1165 3515 ex
1190 3461 1451 3530 operibus
1496 3460 1627 3530 legis
1667 3458 1956 3527 justiﬁcari
2001 3475 2059 3514 se

482 3549 767 3613 dicebant;
812 3549 864 3603 id
898 3558 1016 3615 est,
1069 3566 1165 3619 per
1211 3551 1525 3614 sabbatum,
1570 3552 1901 3617 neomenias,
1946 3551 2055 3605 cir—

482 3641 862 3695 cumcisionem
886 3681 902 3702 ,
936 3651 1037 3694 etc.
1081 3640 1425 3695 Immemores
1458 3641 1751 3710 Scriptum:
1790 3642 2056 3707 dicentis,

481 3728 607 3798 quia
653 3728 822 3795 justus
857 3745 920 3781 ex
952 3729 1055 3796 ﬁde
1090 3729 1206 3783 vivit
1257 3727 1446 3799 (Rom.
1482 3729 1561 3799 ι).
1613 3728 1829 3784 Iustitia
1877 3737 2057 3783 autem

481 3819 613 3890 legis
642 3821 842 3876 idcirco
872 3822 1087 3886 dicitur,
1119 3823 1241 3892 quia
1267 3821 1412 3890 justo
1433 3822 1636 3891 judicio
1685 3825 1777 3879 Dei
1827 3826 1939 3880 hzec
1964 3824 2057 3880 Ju-

483 3910 612 3965 daeis
639 3910 762 3965 data
791 3920 950 3977 sunt,
982 3921 1202 3983 propter
1226 3911 1479 3966 duritiam
1508 3913 1686 3969 cordis
1718 3912 1960 3980 illorum,
1994 3923 2055 3970 ut

482 3998 527 4053 si
575 4000 853 4054 mustelam
889 4000 1026 4056 forte
1065 4003 1187 4071 quis
1225 4012 1489 4057 mortuam
1524 4003 1811 4070 calcasset,
1850 4014 1941 4058 aut
1976 4015 2055 4060 te-

482 4089 695 4159 tigisset
734 4091 950 4160 aliquod
1001 4093 1391 4157 morticinium,
1445 4102 1535 4146 aut
1586 4095 1630 4147 si
1679 4109 1838 4148 sorex
1870 4097 1932 4148 in‘
1960 4111 2055 4151 vas

484 4179 714 4244 ruisset,
744 4180 1096 4246 immundum
1139 4182 1408 4236 diceretur
1449 4200 1461 4234 :
1505 4183 1645 4251 quod
1692 4197 1882 4253 magna
1929 4202 2053 4242 cum

482 4267 840 4325 sollicitudine
886 4270 1259 4338 observantes,
1286 4288 1353 4326 ex
1398 4287 1719 4341 quacunque
1764 4287 1924 4327 causa
1966 4274 2051 4327 in-

480 4360 801 4424 currebant,
842 4367 902 4412 ut
938 4360 1196 4433 immundi
1247 4370 1444 4416 essent.
1484 4360 1555 4433 _Si
1606 4370 1782 4417 autem
1832 4363 2051 4433 sanguis

482 4448 721 4503 mustelae
774 4451 1138 4519 pavimentum
1198 4430 1549 4518 maculasset,
1604 4470 1709 4508 non
1764 4454 1868 4509 levi
1921 4471 2050 4510 cura

482 4539 804 4608 expiandum
858 4548 1004 4606 erat,
1056 4549 1115 4595 ut
1142 4550 1195 4595 et
1226 4558 1252 4595 a
1287 4542 1422 4596 cibis
1462 4543 1772 4596 melioribus
1814 4544 2052 4597 abstine-

480 4635 645 4680 retur.
698 4627 991 4683 Sabbatum
1041 4646 1167 4685 vero
1197 4641 1249 4685 ct
1279 4633 1621 4687 circumcisio
1652 4634 1922 4702 propriam
1954 4634 2053 4686 ha-

2159 3453 2325 3522 plevit
2374 3464 2591 3507 omnem
2641 3459 2877 3516 terram,
2918 3450 3060 3520 quod
3086 3449 3367 3504 evidenter
3411 3450 3480 3503 de
3530 3448 3744 3504 Christo

2161 3548 2361 3601 dictum
2409 3555 2509 3600 est.
2568 3545 2634 3599 Et
2683 3545 2737 3598 in
2786 3544 2903 3614 lege
2951 3551 3139 3612 petra,
3191 3542 3257 3595 de
3307 3557 3416 3610 qua
3469 3540 3743 3597 ﬂuxerunt

2158 3651 2343 3704 aquae,
2387 3635 2636 3691 Christus
2682 3634 2980 3704 appellatus
3009 3641 3093 3687 est
3123 3628 3314 3703 (Psal.
3348 3647 3531 3693 vatt;
3568 3631 3737 3686 Exod.

2157 3727 2332 3797 xvn).
2374 3724 2534 3789 Petra
2573 3734 2777 3789 autent,
2822 3724 3028 3793 inquit,
3071 3732 3181 3776 erat
3231 3720 3472 3776 Christus
3514 3722 3586 3793 (Ι
3616 3721 3739 3777 Cor.

2154 3816 2251 3886 χ).
2284 3815 2350 3869 Et
2399 3813 2592 3867 Petrus
2647 3812 2922 3882 apostolus
2972 3813 3112 3866 inter
3166 3821 3365 3867 ctetera
3413 3814 3481 3867 ad
3528 3811 3741 3869 Iudaeos

2156 3912 2269 3965 ait:
2303 3909 2403 3963 Hic
2444 3919 2519 3964 est
2560 3908 2727 3983 lapis,
2770 3909 2860 3979 qui
2899 3906 3201 3977 reprobatus
3230 3916 3304 3959 est
3350 3923 3383 3958 a
3429 3907 3571 3961 vobis
3613 3908 3739 3959 trdi-

2152 3999 2448 4067 ﬁcantibus.
2510 3998 2744 4053 Oll'ensio
2802 4011 2931 4067 ergo
2980 3996 3153 4065 posita
3204 3996 3257 4048 in
3309 3994 3439 4049 Sion
3491 3995 3738 4051 Christus

2154 4096 2265 4150 est;
2316 4086 2443 4141 Sion
2481 4103 2607 4142 vero
2651 4087 2877 4140 altitudo
2918 4093 3029 4149 est,
3059 4086 3173 4139 sive
3218 4086 3409 4139 civitas
3438 4086 3553 4154 ipsa
3581 4086 3736 4140 Jeru-

2153 4178 2349 4242 salem,
2403 4194 2522 4247 quae
2570 4190 2790 4247 propter
2842 4176 3087 4230 notitiam
3147 4175 3243 4229 Dei
3294 4191 3401 4230 non
3462 4178 3734 4231 immerito

2151 4267 2358 4322 excelsa
2389 4267 2531 4322 dicta
2562 4276 2673 4332 est,
2706 4268 2755 4320 in
2789 4282 2894 4336 qua
2928 4265 3175 4320 Salvator
3206 4281 3235 4319 a
3282 4266 3393 4320 Deo
3434 4266 3594 4322 Patre
3637 4284 3733 4322 suo

2150 4359 2355 4429 positus
2377 4360 2715 4429 praedicator,
2740 4358 2962 4414 ollensio
2983 4357 3161 4414 factus
3182 4368 3266 4414 est
3287 4358 3508 4425 Judwis,
3524 4360 3651 4414 duttt
3675 4375 3732 4415 se

2152 4450 2344 4504 Filium
2376 4451 2469 4503 Dei
2496 4451 2771 4519 praedicat,
2792 4459 2950 4504 natus
2978 4450 3045 4505 de
3068 4451 3269 4519 Spiritu
3301 4461 3492 4507 sancto
3522 4469 3587 4508 ex
3618 4470 3731 4508 mu-

2150 4542 2303 4595 liere.
2332 4538 2435 4592 Per
2465 4554 2659 4607 corpus
2689 4548 2869 4594 antem
2899 4538 3016 4606 ejus
3045 4541 3357 4595 scandalum
3391 4544 3538 4611 passi
3573 4552 3725 4605 sunt,

2150 4640 2205 4685 et
2234 4631 2481 4685 dicebant
2511 4649 2523 4684 :
2566 4628 2753 4684 Nonne
2788 4641 2955 4684 mater
2988 4639 3035 4684 et
3076 4631 3265 4699 fratres
3299 4633 3413 4701 ejus
3448 4634 3591 4702 apud
3640 4651 3728 4687 nos

478 4714 711 4770 buerunt
741 4716 1009 4785 justitiam
1040 4728 1281 4789 tempore
1313 4736 1439 4787 suo,
1473 4724 1595 4791 quia
1634 4724 1686 4776 itt
1722 4724 1888 4793 ﬁgura
1922 4725 2044 4778 data
2070 4711 2124 4771 D
2149 4723 2318 4775 sunt?
2354 4720 2626 4785 Quomodo
2675 4737 2795 4790 ergo
2838 4722 2921 4774 hic
2965 4721 3129 4786 dicit,
3173 4720 3310 4789 Quia
3358 4724 3422 4776 de
3470 4724 3595 4778 ctelo
3642 4726 3729 4779 de-

477 4813 617 4860 sunt.
645 4806 755 4863 lloc
782 4810 1036 4865 Dominus
1058 4827 1152 4879 per
1170 4812 1505 4868 Ezechielem
1534 4815 1845 4883 prophetam
1867 4825 2046 4870 osten-

479 4896 583 4961 dit,
626 4898 764 4953 inter
797 4910 988 4955 caetera
1027 4901 1211 4957 dicens
1241 4916 1255 4955 :
1292 4902 1569 4972 Propterea
1608 4903 1727 4956 dedi
1761 4904 1864 4957 illis
1901 4922 2040 4973 prm-

476 4998 621 5057 cepta
666 5007 765 5042 non
795 4993 925 5044 bona
957 4993 1189 5062 (Ezeclt.
1222 5010 1288 5047 xx
1312 4996 1361 5064 ),
1394 4996 1517 5063 quia
1552 5003 1707 5049 erant
1743 4996 2041 5049 irreveren-

478 5085 557 5131 tes
588 5088 640 5131 et
671 5080 834 5133 inlidi.
868 5080 923 5133 ln
956 5083 1185 5135 adventu
1207 5092 1382 5136 autem
1405 5084 1625 5148 Christi,
1648 5085 1774 5153 quia
1808 5086 2041 5140 salutare

480 5169 672 5221 donum
702 5178 819 5223 erat
848 5171 1088 5233 daturus,
1108 5187 1201 5239 per
1216 5170 1499 5227 Jeremiam
1520 5175 1794 5242 praedicat,
1817 5174 2000 5229 dicens
2024 5191 2038 5229 :

477 5258 623 5312 Dabo
658 5261 760 5313 illis
809 5261 1190 5316 Testamentum
1242 5282 1425 5318 novum
1447 5307 1459 5326 ,
1494 5282 1591 5318 non
1616 5265 1768 5334 quale
1794 5266 1912 5317 dedi
1944 5285 2037 5334 pa-

476 5352 641 5407 tribus
666 5351 872 5405 illorum
908 5354 1120 5425 (Jerem.
1148 5356 1339 5425 xxxr):
1374 5359 1473 5410 hoc
1522 5358 1919 5409 Testamentum
1968 5357 2041 5409 le-

476 5454 596 5510 gem
649 5452 835 5505 vocat,
879 5444 930 5498 in
962 5462 1121 5513 quam
1156 5462 1255 5500 non
1273 5454 1645 5515 pervenerunt
1667 5486 1680 5510 ,
1714 5446 1849 5498 sicut
1880 5461 2037 5514 supra

477 5535 800 5601 memoravi;
827 5551 951 5590 nam
976 5550 1096 5591 cum
1124 5540 1370 5609 gentibus
1392 5555 1509 5609 qua:
1536 5538 1875 5594 crediderant
1905 5538 2039 5593 hunc

2150 4813 2371 4866 scendi?
2399 4811 2664 4866 Nolehant
2693 4812 2836 4865 enim
2875 4812 3036 4866 verba
3072 4812 3238 4881 gestis
3281 4827 3631 4882 comparare,
3671 4822 3727 4868 ut

2150 4901 2370 4972 perinde
2409 4908 2761 4971 agnoscerent
2803 4915 2909 4954 non
2954 4900 3245 4954 absurdum
3279 4916 3429 4966 esse,
3464 4904 3608 4971 quod
3648 4902 3724 4956 di-

2150 4992 2304 5044 cebat
2343 4992 2408 5044 de
2442 4989 2579 5044 caelo
2622 5004 2679 5043 se
2722 4984 3099 5053 descendisse,
3130 4990 3282 5058 quasi
3314 5006 3512 5061 corpus
3539 5007 3722 5061 opera-

2149 5094 2321 5149 retur,
2353 5094 2407 5139 et
2436 5100 2539 5139 non
2572 5086 2713 5139 Deus
2742 5084 2947 5151 latens,
2979 5085 3235 5153 operibus
3278 5093 3460 5138 tamen
3505 5100 3564 5139 se
3605 5100 3723 5154 pro-

2144 5179 2276 5232 dens
2324 5178 2377 5230 in
2427 5193 2671 5247 corpore.
2720 5177 2879 5232 Petra
2926 5193 3053 5247 ergo
3104 5179 3218 5232 hinc
3272 5177 3593 5232 scandalum
3644 5186 3723 5232 est

2142 5268 2339 5322 .lndtcis
2383 5276 2436 5321 et
2484 5268 2738 5331 oilettsio;
2793 5283 2911 5336 qua:
2954 5278 3107 5339 petra
3155 5269 3272 5323 sine
3319 5268 3484 5323 dubio
3527 5282 3718 5337 corpus

2145 5356 2457 5427 intelligitur
2509 5356 2835 5429 salvatoris,
2894 5357 3006 5411 haec
3060 5358 3242 5411 excisa
3295 5357 3413 5411 sine
3472 5356 3719 5410 manibus

2142 5456 2457 5517 propterea,
2507 5448 2632 5516 quia
2674 5447 2790 5502 sine
2828 5446 2946 5503 viro
2988 5448 3053 5501 de
3100 5446 3305 5515 Spiritu
3345 5455 3539 5503 sancto
3577 5444 3715 5499 facta

2142 5540 2206 5592 de
2238 5538 2445 5607 virgine
2474 5545 2574 5593 est.

1744 5729 2414 5765 ψ
