3948 6328
198 339 346 401 1505

196 486 3285 519 W

732 344 1388 405 ENARRATIONUM-IN
1422 345 1572 404 EPP.
1612 342 1821 403 PAULI
1860 344 1987 403 LIB.
2027 344 2112 403 VI.
2146 375 2218 389 —-
2249 345 2319 403 IN
2356 345 2577 404 EPIST.
2614 348 2706 403 AD
2745 345 2911 405 ROM.

3326 352 3469 412 1500

1278 626 1688 742 LIBER
1774 624 2369 743 SEXTUS.

819 938 1045 995 CAPUT
1083 937 1151 993 Χ.

192 1052 327 1108 Orat
371 1055 650 1124 Apostolus
691 1068 785 1122 pro
829 1053 1054 1115 Judazis,
1092 1052 1366 1124 ostendens
1403 1052 1541 1124 quod
1563 1053 1776 1124 justitia

262 1121 461 1193 [ueiens
498 1121 713 1193 dignum
762 1123 866 1176 vita
910 1133 1104 1177 aeterna
1145 1122 1314 1178 solum
1357 1138 1421 1175 ex
1448 1121 1557 1192 lege
1585 1132 1631 1175 et
1671 1122 1777 1189 ﬁde

265 1192 461 1248 Christi
484 1192 572 1247 sit.

263 1302 485 1357 Fratres
521 1302 759 1356 voluntas
785 1303 991 1373 quidem
1030 1302 1201 1357 cordis
1238 1304 1369 1367 mei,
1416 1312 1463 1357 et
1492 1303 1777 1357 obsecratio

187 1397 261 1450 ad
303 1396 469 1450 Deum
511 1397 571 1464 ﬁt
601 1414 694 1466 pro
734 1396 839 1449 illis
879 1398 934 1449 in
958 1395 1599 1460 salutem;.testimonium
1640 1397 1777 1451 enim

185 1488 430 1558 perhibeo
480 1488 608 1553 illis,
654 1488 793 1559 quod
845 1488 1233 1542 (emulationem
1285 1488 1383 1542 Dei
1426 1490 1632 1554 habent,
1686 1488 1777 1542 sed

186 1594 293 1631 non
313 1579 597 1632 secundum
621 1578 910 1632 scientiam.
930 1577 1113 1648 (Aug.)
1132 1578 1232 1633 Hic
1251 1578 1364 1647 jam
1392 1578 1579 1647 incipit
1602 1579 1666 1634 de
1681 1593 1778 1647 spe

184 1665 501 1722 Iudaeorum
525 1668 692 1738 loqui,
722 1685 790 1723 ne
822 1668 985 1723 etiam
1016 1679 1204 1739 gentes
1232 1654 1512 1739 superbire
1540 1669 1778 1724 audeant

185 1759 449 1813 adversus
495 1759 727 1814 Iudaeos.
778 1760 930 1815 Sicut
976 1761 1119 1814 enim
1175 1758 1481 1815 Iudaeorum
1526 1759 1775 1829 superbia

184 1850 478 1906 refellenda
510 1860 628 1907 erat
652 1860 911 1921 tanquam
936 1867 1003 1906 ex
1032 1852 1286 1919 operibus
1308 1853 1674 1922 gloriantium,
1697 1850 1778 1906 sic

184 1953 243 1998 et
280 1946 533 2014 gentibus
560 1944 978 2008 occurrendum,
1011 1959 1079 1999 ne
1120 1953 1374 2013 tanquam
1407 1944 1606 2000 Iudaeis
1634 1959 1775 2015 prte-

180 2033 279 2088 lati
322 2033 651 2103 superbiant.
700 2032 897 2104 (0rig.)
928 2033 1062 2100 Quia
1090 2050 1219 2104 ergo
1246 2034 1300 2088 in
1338 2034 1422 2088 his
1444 2049 1563 2103 quae
1605 2048 1778 2102 nuper

183 2116 625 2193 exposita‘sunt,
678 2124 862 2177 multis
909 2124 1234 2177 testimoniis
1276 2124 1561 2178 adversum
1606 2123 1772 2179 Israel

181 2227 317 2267 usus
368 2222 453 2268 est
496 2214 904 2283 prophetarum,
958 2214 1031 2267 ita
1064 2223 1124 2267 ut
1163 2213 1433 2284 proferret
1472 2217 1536 2270 de
1572 2215 1710 2270 Isaia
1754 2233 1767 2269 :

1802 944 1851 1002 Α
1879 935 2305 993 Machabaeorum
2348 941 2604 1010 scriptum
2661 949 2792 998 est:
2836 942 2974 1008 Quia
3032 946 3228 1004 celatus
3292 960 3368 1006 est
3387 952 3464 1019 Litt

1882 1024 1992 1095 lege
2047 1024 2146 1080 Dei
2173 1067 2188 1093 ,
2240 1035 2289 1081 et
2340 1028 2719 1085 intremuerunt
2763 1048 2910 1087 renes
2956 1034 3089 1103 ejus,
3130 1042 3462 1095 et'ascendit

1882 1114 2034 1184 furor
2052 1116 2167 1185 ejus
2194 1118 2480 1173 secundum
2510 1121 2788 1186 iudicium.
2816 1122 3019 1179 Horum
3048 1129 3286 1183 omnium
3314 1130 3462 1186 zelus

1879 1212 1936 1258 et
1983 1205 2256 1260 aemulatio
2295 1210 2589 1264 secundum
2638 1211 2919 1274 scientiam
2967 1216 3100 1282 fuit;
3152 1214 3476 1273 Judaeorum‘

1879 1308 2011 1349 vero
2053 1295 2211 1349 zelus
2257 1312 2365 1350 non
2404 1308 2522 1353 erat
2561 1301 2856 1357 secundum
2905 1304 3210 1373 scientiam,
3261 1308 3463 1365 idcirco

1880 1383 2005 1450 quia
2047 1384 2354 1455 ignorantes
2400 1388 2494 1442 Dei
2514 1390 2802 1458 justitiam,
2852 1398 3127 1466 propriam
3184 1402 3461 1460 conaban-

1880 1480 1988 1539 tur,
2018 1473 2071 1529 id
2113 1485 2217 1542 est,
2249 1492 2369 1546 quae
2414 1478 2727 1536 hominibus
2767 1485 2978 1552 justitia
3008 1490 3309 1555 videbatur,
3356 1492 3459 1545 im-

1878 1564 2057 1635 plere,
2110 1582 2233 1622 cum
2288 1570 2473 1638 utique
2526 1571 2669 1640 ipsos
2715 1576 2887 1643 magis
2922 1577 3014 1630 Dei
3039 1575 3295 1644 justitiae,
3338 1595 3459 1649 quae

1878 1670 1961 1717 εει
1988 1660 2259 1725 Christus,
2290 1664 2601 1719 convenerit
2643 1664 2883 1722 obedire.
2916 1667 3022 1723 Sed
3049 1671 3169 1725 vide
3214 1686 3357 1728 nunc
3394 1688 3464 1729 ne

1878 1752 2017 1809 forte
2059 1768 2168 1807 non
2206 1752 2311 1807 illis
2336 1754 2465 1808 solis
2501 1756 2605 1809 dici
2651 1771 2828 1811 sermo
2874 1759 2976 1813 iste
3016 1762 3292 1827 videatur,
3334 1764 3463 1833 quia

1879 1842 2050 1897 zelum
2074 1842 2171 1901 Dei
2200 1843 2408 1905 habent,
2438 1844 2527 1898 sed
2552 1861 2655 1898 non
2682 1848 2968 1902 secundum
2988 1850 3275 1905 scientiam.
3307 1852 3467 1908 Simi-

1878 1930 2002 1987 liter
2026 1933 2171 1987 enim
2204 1942 2386 2001 potest
2422 1933 2601 1989 dicere
2637 1936 2928 2005 Apostolus
2967 1941 3115 1995 etde
3145 1941 3285 2007 aliis,
3334 1943 3462 2013 quia

1876 2023 2226 2076 testimonium
2249 2023 2490 2093 perhibeo
2526 2026 2618 2092 eis,
2651 2029 2791 2096 quod
2820 2030 3058 2084 timorem
3086 2031 3184 2086 Dei
3210 2034 3459 2101 habeant,

1877 2110 1967 2164 sed
1998 2126 2101 2163 non
2137 2112 2423 2166 secundum
2450 2115 2725 2169 scientiam
2746 2158 2760 2182 ,
2790 2127 2845 2173 et
2868 2120 2932 2173 de
2958 2120 3097 2187 aliis,
3128 2123 3253 2191 quia
3284 2124 3458 2180 chari-

1879 2210 2045 2255 tatem
2089 2202 2183 2256 Dei
2209 2204 2489 2269 \habeant,
2523 2206 2618 2261 sed
2659 2223 2766 2261 non
2806 2213 3100 2267 secundum
3130 2216 3455 2272 scientiam:

190 2300 319 2355 Nisi
358 2281 614 2356 Dominus
645 2302 877 2357 Sabaoth
904 2281 1189 2374 reliquisset
1230 2305 1375 2359 nobis
1400 2323 1596 2371 semen,
1639 2306 1772 2359 sicut
1801 2281 1850 2342 Β
1879 2292 1924 2345 εί
1945 2293 2090 2347 enim
2114 2293 2312 2348 habea‘
2331 2296 2453 2365 quis
2484 2296 2732 2353 θαθοιυιη
2757 2315 2883 2371 3'83
2908 2294 3340 2375 Deumﬁbnoml
3363 2325 3460 2364 ³11-

185 2384 419 2445 Sodoma
444 2391 573 2459 facti
600 2409 849 2457 essemus,
875 2404 922 2446 et
943 2397 1077 2447 sicut
1106 2394 1399 2448 Gomorrha
1420 2396 1612 2450 similes
1642 2396 1774 2463 fuis-

183 2498 358 2535 semus
376 2498 397 2546 ;-
419 2490 473 2535 et
516 2482 711 2536 iterum
742 2500 753 2535 :
788 2482 859 2538 Si
885 2483 1043 2551 fuerit
1073 2500 1328 2539 numerus
1340 2485 1573 2554 ﬁliorum
1603 2485 1774 2540 Israel

186 2577 439 2639 tanquam
466 2587 627 2624 arena
650 2572 835 2635 maris,
868 2572 1101 2640 reliquid:
1126 2573 1285 2626 salva:
1303 2574 1469 2640 ﬁent;
1498 2582 1553 2627 et
1573 2575 1658 2629 his
1684 2575 1775 2629 ad-

187 2658 348 2723 didit,
378 2658 504 2727 quia
527 2658 697 2713 Israel
720 2670 923 2714 sectans
953 2661 1113 2731 legem
1128 2663 1377 2731 justitiaz,
1398 2664 1454 2716 in
1480 2664 1643 2733 legem
1669 2682 1773 2718 non

181 2749 452 2812 pervenit;
494 2758 778 2818 propterea
810 2765 953 2803 nunc
989 2751 1257 2806 consolari
1295 2768 1485 2807 rursus
1516 2753 1769 2822 populum

182 2835 336 2894 illum
384 2838 589 2902 volens,
639 2847 694 2893 et
726 2854 822 2908 per
864 2840 967 2893 hoc
1012 2841 1240 2895 invitare
1280 2842 1347 2895 ad
1383 2842 1565 2905 ﬁdem,
1594 2844 1766 2896 dicit:

192 2946 209 2977 ι
250 2924 493 2991 Fratres,
518 2926 768 2983 voluntas
795 2929 1010 2997 quidem
1034 2931 1213 2984 cordis
1235 2931 1359 2995 mei,
1390 2940 1445 2984 et
1468 2932 1773 2986 obsecratio

184 3020 328 3089 apud
358 3020 644 3073 Dominum
672 3022 731 3075 ﬁt
756 3036 855 3089 pro
885 3021 989 3076 illis
1020 3024 1073 3076 in
1121 3022 1401 3077 salutem.»
1432 3024 1496 3078 Et
1526 3040 1767 3090 causam,

188 3124 290 3163 cur
324 3108 573 3163 voluntas
616 3126 714 3164 sua
754 3120 810 3165 et
837 3112 1139 3165 obsecratio
1173 3128 1270 3181 pro
1297 3112 1401 3167 illis
1430 3116 1579 3183 apud
1601 3116 1769 3171 Deum

186 3199 474 3266 habeatur,
498 3200 736 3254 ostendit
759 3218 771 3253 :
801 3200 1173 3255 Testimonium
1196 3202 1355 3265 enim,
1379 3203 1579 3271 inquit,
1597 3204 1771 3272 perhi-

186 3290 279 3345 beo
302 3291 430 3357 illis,
454 3292 599 3361 quod
627 3293 1013 3347 aemulationem
1047 3293 1143 3347 Dei
1168 3294 1412 3360 habeant,
1440 3296 1530 3349 sed
1553 3313 1655 3349 non
1687 3313 1768 3350 se-

185 3383 418 3436 cundum
443 3385 734 3438 scientiam.
767 3386 1044 3450 Quamvis,
1068 3386 1282 3454 inquit,
1312 3394 1389 3439 tot
1415 3397 1469 3441 et
1497 3388 1661 3441 tantis
1689 3389 1771 3443 in-

190 3473 356 3528 voluti
397 3468 506 3530 sint
536 3483 878 3542 peccatorum
914 3491 1133 3530 suorum
1176 3477 1362 3542 malis,
1415 3486 1594 3532 tamen
1643 3479 1769 3547 quia

186 3564 511 3621 ineﬁ‘abilem
530 3566 702 3620 zelum
718 3575 771 3621 et
783 3567 1178 3632 aemulationem
1195 3568 1291 3623 Dei
1309 3569 1530 3632 habent,
1554 3570 1669 3624 haec
1685 3585 1769 3624 me

185 3657 481 3712 commovit
518 3672 711 3721 causa,
733 3659 1045 3735 obsecrasse
1074 3661 1241 3714 Deum
1287 3676 1384 3729 pro
1418 3661 1569 3729 ipsis,
1596 3670 1651 3714 ut
1684 3662 1769 3715 vel

189 3750 245 3804 in
287 3749 725 3820 ﬁnegaliquando
767 3752 1087 3821 perveniant
1124 3754 1191 3807 ad
1239 3754 1487 3808 salutem.
1538 3754 1767 3825 (Ambr.)

184 3842 355 3914 Igitur
399 3843 654 3912 quoniam
695 3858 727 3895 a
773 3843 888 3913 lege
931 3859 1023 3898 eos
1059 3845 1172 3899 vult
1198 3844 1433 3909 auferre,
1463 3846 1765 3912 credentes,

185 3935 314 4004 quia
362 3934 605 3989 velamen
659 3942 742 3989 est
778 3932 999 3999 Judzeis,
1052 3951 1120 3988 ne
1182 3937 1284 3991 hoc
1332 3938 1455 3991 odio
1507 3936 1766 3991 Judaismi

187 4026 369 4082 facere
399 4028 692 4090 videretur,
740 4027 976 4082 ostendit
1016 4026 1263 4082 allectum
1301 4044 1453 4083 suum
1479 4030 1623 4085 circa
1652 4030 1770 4085 illos

186 4125 241 4171 et
271 4106 379 4188 legi
401 4120 491 4172 dat
518 4118 747 4171 multum
773 4159 787 4181 ,
819 4119 911 4172 sed
942 4118 1097 4172 docet
1126 4127 1335 4187 tempus
1353 4119 1462 4187 jam
1490 4120 1769 4173 servandae

184 4206 323 4279 legis
350 4225 453 4263 non
490 4224 630 4272 esse,
681 4223 745 4263 ac
785 4224 884 4277 per
935 4209 1036 4262 hoc
1070 4209 1353 4276 providere
1398 4224 1457 4263 se
1494 4208 1597 4264 illis
1632 4208 1768 4263 velle

184 4308 438 4361 testatur,
470 4301 513 4355 si
538 4301 696 4355 modo
724 4300 943 4353 audiant
978 4299 1124 4353 illum
1163 4315 1225 4354 ac
1259 4301 1486 4369 probent
1514 4317 1616 4356 non
1646 4316 1768 4355 esse

185 4406 342 4446 suum
396 4391 695 4453 inimicum,
746 4391 960 4458 quando
1002 4400 1056 4443 et
1100 4390 1465 4444 testimonium
1520 4391 1767 4460 perhibet

183 4480 293 4535 illis
324 4481 620 4535 nobilitatis
659 4490 714 4535 et
749 4480 1053 4534 traditionis
1083 4490 1342 4549 paternze.
1379 4480 1580 4535 Habent
1608 4483 1765 4546 enim,

186 4570 301 4637 ait,
337 4570 505 4625 selum
533 4569 649 4632 Dei,
683 4571 771 4625 sed
800 4588 903 4625 non
933 4572 1215 4625 secundum
1242 4573 1529 4624 scientiam.
1569 4570 1766 4642 (Orig.)

184 4660 252 4714 Et
294 4661 488 4729 probat
534 4662 803 4727 quomodo
852 4676 956 4715 non
1010 4662 1304 4715 secundum
1350 4661 1628 4723 scientiam
1676 4678 1768 4715 ze-

183 4748 297 4803 lum
338 4750 432 4815 Dei
469 4750 733 4812 habeant,
766 4750 892 4818 quia
946 4750 1271 4818 ignorantes,
1318 4750 1520 4819 inquit,
1559 4750 1652 4803 Dei
1672 4752 1767 4819 ju-

182 4843 408 4915 stitiam,
436 4858 545 4896 sum
561 4842 783 4911 iustitiae
809 4843 1207 4910 obtemperant.
1242 4840 1354 4895 Non
1382 4842 1603 4895 multum
1636 4856 1765 4912 ergo

170 4931 406 5004 prodest
436 4930 639 4985 habere
675 4931 848 4985 zelum
875 4931 993 4994 Dei,
1026 4940 1081 4985 et
1110 4946 1215 4983 non
1259 4931 1455 4984 habere
1486 4931 1765 4986 scientiam
1789 4955 1843 5015 D

182 5020 311 5078 zeli.
339 5020 579 5089 Denique
612 5018 779 5073 Judaei
814 5027 1068 5087 putantes
1094 5035 1153 5073 se
1188 5019 1302 5074 zelo
1328 5020 1423 5075 Dei
1457 5034 1637 5087 agere,
1680 5036 1767 5075 sa-

185 5110 375 5180 crilegi
402 5108 725 5163 exstiterunt
748 5108 799 5160 in
822 5107 1015 5160 Filium
1042 5108 1157 5171 Dei,
1183 5108 1305 5176 quia
1332 5123 1438 5161 non
1469 5110 1763 5164 secundum

185 5200 470 5254 scientiam
518 5196 673 5251 zelati
706 5203 830 5250 sunt
875 5196 1015 5249 sicut
1056 5195 1282 5249 Phinees
1328 5196 1761 5263 ﬁlius-Eleazari,

185 5292 279 5360 qui
295 5291 592 5344 secundum
606 5287 883 5342 scientiam
901 5286 1103 5339 zelatus
1128 5286 1402 5343 interemit
1416 5286 1763 5341 Madianitem

186 5384 394 5454 pariter
408 5381 766 5436 etlsraelitam
788 5378 1141 5433 fornicantem
1165 5393 1287 5431 cum
1310 5392 1373 5432 ea
1390 5377 1573 5448 (Nam.
1598 5378 1758 5449 xxv);

187 5486 243 5531 et
270 5476 412 5531 sicut
435 5474 576 5528 Elias
605 5475 695 5542 qui
724 5474 859 5528 dixit
887 5490 901 5525 :
928 5470 1129 5524 Zelans'
1150 5472 1348 5524 zelatus
1378 5488 1493 5525 sum
1522 5472 1764 5540 omnipo-

189 5566 318 5619 tenti
372 5563 481 5617 Deo
520 5562 722 5627 Israel,
765 5564 889 5632 quia
928 5560 1310 5629 dereliquerunt
1341 5570 1387 5613 te
1430 5560 1528 5627 ﬁlii
1577 5560 1764 5615 Israel.

195 5656 485 5726 Prophetas
512 5664 627 5707 tuos
656 5653 970 5715 occiderunt,
1007 5662 1054 5706 et
1078 5650 1273 5705 altaria
1298 5660 1388 5703 tua
1409 5651 1768 5705 subuerterant

193 5746 313 5819 (III
338 5744 467 5817 Reg.
486 5744 632 5815 xix);
662 5744 879 5801 et-sicut
909 5740 1261 5809 Mathathias,
1280 5738 1347 5798 de
1370 5753 1477 5813 quo
1510 5740 1567 5802 in
1590 5740 1728 5802 libro
1750 5757 1770 5801 ι

1878 2389 1986 2435 tem
2017 2380 2143 2452 quia
2171 2384 2415 2439 cbaritas
2448 2382 2658 2454 patiens
2685 2404 2804 2444 esse
2839 2391 3017 2459 debet,
3053 2409 3172 2450 esse
3198 2396 3454 2470 benigna,

1874 2488 1981 2525 non
2017 2473 2284 2538 invidens,
2310 2491 2414 2530 non
2442 2491 2723 2546 perperam
2750 2494 2934 2547 agens,
2972 2497 3075 2537 non
3110 2484 3314 2554 inﬂata,
3346 2504 3456 2543 non

1874 2562 2181 2626 ambitiosa,
2226 2580 2334 2619 non
2358 2580 2605 2635 quaerens
2638 2584 2759 2637 quae
2791 2586 2889 2625 sua
2916 2582 3040 2627 sunt
3066 2573 3116 2645 (I
3151 2575 3273 2630 Cor.
3305 2580 3454 2651 xm),

1874 2653 1990 2708 haec
2031 2664 2086 2708 et
2126 2656 2213 2710 his
2241 2657 2435 2711 similia
2484 2661 2527 2712 si
2571 2660 2625 2713 in
2654 2660 2921 2718 charitate
2952 2678 3057 2719 non
3090 2666 3308 2734 habeat,
3358 2670 3454 2726 sed

1873 2744 1927 2798 in
1949 2746 2064 2800 solo
2085 2743 2284 2801 affectu
2304 2747 2491 2818 diligat
2512 2750 2701 2815 Deum,
2719 2761 3085 2822 competenter
3116 2765 3170 2810 et
3194 2758 3261 2812 ad
3278 2759 3455 2828 ipsum

1873 2834 2100 2900 dicetur,
2136 2838 2262 2905 quia
2306 2837 2631 2893 charitatem
2658 2840 2751 2895 Dei
2777 2841 2961 2909 habet,
2996 2844 3090 2899 sed
3120 2860 3225 2901 non
3256 2834 3454 2905 εεςιωιέ

1873 2924 1999 2977 dum
2043 2926 2357 2993 scientiam;
2410 2930 2661 2983 similiter
2722 2942 2899 2986 autem
2952 2924 3274 3005 dici’potest
3305 2948 3359 2993 et
3389 2942 3457 2997 de

1874 3016 1997 3081 alio,
2032 3019 2155 3086 quia
2176 3017 2334 3073 ﬁdem
2369 3021 2466 3075 Dei
2490 3022 2675 3087 habet,
2704 3024 2798 3078 sed
2825 3040 2930 3080 non
2959 3030 3251 3084 secundum
3280 3032 3456 3087 scien-

1873 3108 2025 3175 tiam,
2050 3110 2094 3163 si
2124 3111 2353 3180 ignoret,
2373 3114 2497 3182 quia
2521 3132 2539 3164 ί
2565 3115 2703 3189 ﬁdes
2720 3117 2836 3171 sine
2861 3120 3113 3186 operibus
3134 3131 3347 3178 mortua
3370 3133 3458 3181 est

1874 3196 2015 3265 (Jac.
2051 3199 2134 3266 ιι),
2172 3221 2189 3251 ι
2225 3210 2279 3256 et
2307 3204 2431 3271 quia
2464 3204 2595 3257 ﬁdes
2634 3206 2728 3258 Dei
2758 3222 2862 3259 non
2889 3207 2941 3260 in
2991 3208 3119 3262 solis
3144 3213 3325 3267 verbis
3349 3222 3452 3280 est,

1874 3302 1996 3355 quae
2028 3288 2297 3344 interdum
2327 3291 2394 3343 ab
2422 3291 2528 3349 alio
2559 3295 2854 3363 composita
2882 3294 2963 3349 vel
3008 3282 3454 3367 scripta'discun-

1874 3382 2102 3444 tur,:sed
2127 3382 2181 3436 in
2208 3383 2403 3438 all'ectu
2426 3388 2621 3441 mentis
2659 3388 2751 3440 tali
2800 3390 3215 3457 quodammodo,
3242 3380 3453 3464 qualem

1873 3469 2060 3524 habuit
2080 3469 2167 3523 illa
2195 3486 2315 3540 quae
2334 3472 2471 3526 dixit
2493 3474 2631 3527 intra
2658 3490 2746 3529 se:
2768 3476 2829 3531 Si
2852 3479 3063 3547 tetigero
3084 3481 3348 3548 ﬁmbriam
3367 3501 3458 3539 ve-

1873 3560 2101 3613 stimenti
2126 3562 2257 3629 ejus,
2291 3562 2434 3617 salva
2455 3565 2778 3635 ero.(llatth.
2809 3568 2909 3640 Ix).
2937 3567 2995 3623 Si
3026 3572 3147 3641 quis
3181 3586 3311 3645 ergo
3344 3590 3453 3631 non

1874 3651 1949 3703 ita
1980 3651 2174 3706 habeat
2199 3653 2357 3707 ﬁdem
2378 3695 2392 3719 ,
2434 3664 2490 3708 ut
2514 3672 2577 3710 ex
2619 3658 2828 3713 actibus
2854 3660 2966 3714 suis
2995 3661 3149 3717 bonis
3175 3666 3261 3719 cui
3283 3667 3458 3721 credit

1871 3743 2137 3809 ostendat,
2168 3753 2349 3813 potest
2370 3754 2423 3799 et
2451 3747 2517 3800 ad
2540 3747 2713 3816 ipsum
2742 3750 2865 3814 dici,
2893 3752 3016 3820 quia
3048 3752 3205 3808 ﬁdem
3236 3755 3331 3811 Dei
3353 3758 3455 3812 ha-

1869 3837 1960 3891 bet
1980 3876 1994 3903 ,
2026 3836 2121 3891 sed
2149 3852 2255 3892 non
2283 3840 2579 3892 secundum
2609 3841 2912 3895 scientiam.
2940 3842 3128 3913 \Potest
3166 3854 3221 3899 et
3250 3848 3317 3902 de
3353 3847 3458 3904 alio

1870 3929 1997 3993 dici,
2032 3928 2157 3997 quia
2196 3932 2499 3985 castitatem
2530 3929 2623 3985 Dei
2665 3933 2849 3997 habet,
2891 3920 2983 3988 sed
3013 3949 3119 3989 non
3158 3940 3455 3995 secundum

1870 4019 2185 4085 scientiam;
2218 4029 2271 4074 et
2303 4020 2438 4073 alius
2464 4036 2650 4074 curam
2684 4038 2980 4091 pauperum
3012 4024 3194 4087 habet,
3232 4027 3324 4080 sed
3351 4043 3456 4082 non

1870 4108 2165 4161 secundum
2198 4108 2503 4171 scientiam,
2536 4110 2732 4178 quippe
2764 4111 2805 4163 si
2836 4111 2902 4163 ab
2925 4111 3227 4165 hominibus
3250 4112 3458 4168 laudari

1871 4197 2014 4261 vult;
2040 4205 2093 4251 et
2112 4198 2249 4251 alius
2274 4198 2550 4251 abstinens
2573 4209 2752 4266 potest
2777 4199 3010 4263 dici,sed
3038 4214 3146 4253 non
3162 4204 3456 4257 secundum

1870 4286 2153 4340 scientiam
2177 4328 2191 4352 ,
2225 4288 2268 4340 si
2309 4296 2595 4357 proiiterea
2624 4287 2869 4356 jejunat,
2897 4299 2955 4343 ut
2996 4290 3303 4346 hominibus
3334 4292 3459 4362 pla-

1871 4383 2018 4439 ceat;
2044 4386 2099 4431 et
2123 4377 2201 4431 sic
2214 4394 2309 4447 per
2326 4378 2534 4445 singula
2552 4392 2671 4445 quae.
2692 4379 2948 4446 gerimus,
2964 4378 3007 4432 si
3032 4392 3137 4432 non
3158 4382 3453 4435 secundum

1870 4466 2151 4523 scientiam
2181 4479 2234 4521 et
2260 4468 2588 4534 intellectum
2617 4483 2886 4538 geramus,
2916 4475 3093 4536 potest
3129 4470 3196 4523 ad
3220 4484 3319 4524 nos
3348 4470 3457 4526 dici

1870 4558 1996 4626 quia
2026 4560 2289 4614 habemus
2313 4560 2486 4613 zelum
2526 4560 2704 4627 operis
2738 4559 2884 4621 boni,
2912 4558 3004 4613 sed
3029 4575 3132 4614 non
3158 4562 3454 4617 secundum

1871 4651 2185 4715 scientiam;
2220 4660 2273 4703 et
2294 4650 2415 4705 ideo
2443 4651 2618 4704 danda
2654 4652 2923 4719 praecipue
2945 4660 3067 4705 sunt
3094 4667 3259 4721 opera
3282 4655 3457 4708 scien-

1872 4741 1979 4804 tite,
2015 4755 2082 4794 ne
2112 4755 2197 4794 res
2230 4741 2384 4793 nobis
2411 4738 2701 4794 infeliciter
2730 4740 2961 4803 accidat,
2996 4748 3052 4793 ut
3076 4742 3129 4793 in
3162 4738 3264 4795 ﬁde
3290 4740 3454 4809 positi

1872 4832 2196 4885 frustremur
2232 4845 2261 4882 a
2292 4830 2413 4893 ﬁde,
2448 4842 2502 4882 et
2524 4830 2695 4883 zelum
2740 4829 2999 4884 habentes
3043 4829 3305 4883 bonorum
3354 4832 3453 4885 de-

1870 4922 2113 4976 cidamus
2165 4935 2196 4974 a
2248 4921 2425 4974 bonis.
2489 4918 2584 4973 Vis
2636 4930 2814 4972 autem
2887 4920 3028 4974 scire
3092 4919 3219 4987 quia
3279 4926 3459 4988 potest

1871 5014 2013 5081 quis,
2044 5013 2090 5067 si
2119 5012 2398 5067 scientiam
2442 5025 2549 5065 non
2602 5012 2818 5074 habeat,
2852 5024 3178 5065 evanescere
3216 5010 3271 5063 in
3315 5010 3455 5065 ﬁde?

1872 5104 1997 5158 audi
2027 5104 2202 5173 ipsum
2231 5102 2453 5157 Paulum
2485 5102 2806 5171 quibusdam
2834 5102 3099 5156 dicentem
3134 5119 3145 5153 :
3181 5098 3302 5153 Nisi
3341 5101 3455 5154 sine

1872 5210 2034 5248 causa
2089 5194 2381 5248 credidistis
2424 5192 2655 5263 (ICor.
2712 5192 2821 5261 xv).
2886 5191 3097 5259 Accidit
3154 5204 3284 5258 ergo
3338 5192 3455 5245 sine

1871 5299 2073 5349 causa,
2122 5283 2414 5338 credidisse
2477 5282 2563 5337 his
2633 5282 2725 5351 qui
2781 5281 3020 5335 scientiae
3064 5294 3285 5349 Operam
3344 5294 3450 5334 non

1871 5375 2019 5439 dant,
2063 5382 2120 5427 ut
2172 5374 2226 5426 in
2274 5386 2339 5427 eo
2382 5388 2487 5441 quo
2533 5370 2880 5425 crediderunt
2922 5370 3084 5424 etiam
3122 5367 3451 5423 intellectum

1866 5466 2109 5519 veritatis
2144 5464 2431 5532 accipiant.
2477 5461 2718 5530 Denique
2765 5468 2818 5513 et
2866 5459 3107 5529 Apostoli
3154 5459 3293 5511 hanc
3332 5472 3455 5514 esse

1869 5554 2227 5610 diﬁerentiam
2260 5553 2379 5607 ﬁdei
2408 5550 2727 5621 simpliciter
2749 5548 2981 5614 traditae,
3008 5557 3062 5603 et
3084 5545 3207 5601 ﬁdei
3229 5560 3347 5617 qua:
3368 5555 3457 5602 est

1869 5647 2166 5702 secundum
2188 5644 2469 5699 scientiam
2499 5643 2865 5712 pervidentes,
2893 5640 3142 5696 dicebant
3165 5639 3230 5693 ad
3259 5636 3455 5691 Salva-

1874 5747 2069 5805 torem,
2102 5737 2245 5807 Auge
2284 5736 2429 5791 nobis
2455 5734 2639 5803 ﬁdem,
2676 5733 2777 5789 hoc
2807 5739 2927 5798 est,
2956 5738 3017 5787 ut
3050 5730 3463 5801 habenteseam
