3948 6324
478 347 615 408 15θῖ

1118 344 1181 403 Β.
1222 341 1477 403 RABANI
1511 335 1733 407 MAURI
1765 337 2093 405 ARCHIEP.
2135 343 2450 407 ιιοευΝτ.
2491 344 2778 405 OPERUM
2809 340 2988 404 PARS
3024 348 3114 409 ιιι.

3629 341 3754 405 1508

473 458 661 526 ﬁdem,
698 474 818 530 quae
849 475 957 517 non
980 465 1065 516 est
1093 461 1390 516 secundum
1431 459 1735 524 scientiam,
1768 459 2066 517 habeamus
2093 469 2146 528 Α
2170 471 2254 519 est
2265 461 2535 532 justitiam
2574 463 2692 518 sine
2727 461 2944 518 Christo
2972 462 3267 534 adimplere
3302 469 3511 534 potent
3531 502 3547 528 ,
3580 464 3668 533 qui
3696 463 3757 520 ﬂ-

475 560 534 610 et
555 568 677 608 eam
715 569 834 622 quae
866 561 951 607 est
979 552 1279 607 secundum
1313 553 1618 608 scientiam.
1649 552 1837 622 Itaque
1865 550 2066 608 Judzeis

474 644 845 700 testimonium
891 644 1140 714 perhibet
1193 645 1421 712 Paulus,
1473 644 1616 714 quod
1666 645 2067 703 :rmulationem

475 733 574 790 Dei
611 735 867 800 habeant,
911 735 1037 791 licet
1061 751 1169 790 non
1197 737 1491 791 secundum
1526 736 1831 791 scientiam.
1863 736 2068 791 Tamen

475 818 603 898 quia
635 834 911 897 utcunque
948 828 1222 883 habebant
1251 827 1651 882 aemulationem
1681 828 1807 890 Dei,
1845 842 2066 882 causam

474 913 743 971 dederunt
769 916 1053 986 Apostolo,
1082 933 1189 994 qua
1221 917 1649 975 obsecrationem
1672 931 1772 988 pro
1798 916 1901 972 illis
1933 914 2068 970 oil'e-

474 1016 560 1063 rat
606 1009 733 1064 Deo.
781 1009 972 1066 Melius
1017 1020 1100 1066 est
1139 1010 1284 1071 enim
1322 1010 1522 1071 habere
1561 1011 1739 1066 zelum
1792 1011 1911 1074 Dei,
1945 1009 2070 1064 licet

472 1113 581 1154 non
607 1100 906 1154 secundum
933 1101 1237 1165 scientiam,
1271 1115 1436 1170 quam
1457 1101 1673 1161 penitus
1705 1116 1812 1155 non
1845 1099 2067 1156 habere.

475 1191 579 1258 Qui
630 1194 774 1248 enim
814 1194 1008 1261 habet,
1051 1195 1192 1266 sicut
1227 1194 1492 1264 scriptum
1536 1200 1620 1253 est
1657 1193 1898 1266 (Matth.
1933 1209 2066 1260 xm;

472 1281 604 1337 Luc.
641 1283 789 1356 nx),
832 1285 1046 1341 dabitur
1074 1286 1142 1352 ei,
1174 1283 1261 1345 vel
1285 1285 1341 1340 in
1377 1284 1705 1350 novissimis,
1745 1299 1871 1340 cum
1895 1283 2071 1340 omnis

470 1373 637 1430 Israel
660 1376 842 1440 salvus
872 1376 986 1435 ﬁet.
1021 1375 1127 1449 Qui
1161 1386 1337 1435 autent
1371 1395 1477 1434 non
1509 1376 1688 1440 habet,
1732 1377 1893 1432 etiam
1929 1375 2070 1446 quod

455 1468 625 1524 habet
659 1470 939 1540 auferetur
973 1471 1037 1536 ab
1079 1489 1160 1529 eo.

551 1561 862 1636 lquor-antes
899 1563 1037 1618 enim
1075 1563 1173 1624 Dei
1194 1563 1485 1633 justitiam,
1526 1571 1574 1616 et
1607 1579 1759 1618 suam
1779 1573 2071 1639 quaerentes

474 1658 815 1722 constituere,
852 1657 1081 1726 justitia:
1123 1658 1222 1717 Dei
1247 1674 1350 1712 non
1387 1665 1510 1716 sunt
1550 1657 1795 1730 subjecti.
1833 1655 2078 1732 (Ambr.)

473 1746 578 1804 Per
629 1748 992 1827 ignorantiam
1031 1748 1164 1804 dicit
1203 1748 1324 1808 illos
1372 1765 1481 1805 non
1531 1749 1770 1806 credisse
1807 1749 1863 1808 in
1910 1749 2070 1810 Chri-

2171 569 2295 609 nem
2328 554 2460 622 legis
2488 570 2594 608 non
2621 554 2845 625 suscipit
2875 554 3168 610 Christum.
3214 553 3344 608 Haec
3367 570 3526 624 ergo,
3544 569 3664 623 qua
3689 569 3756 612 es

2171 644 2277 699 ﬁde
2303 653 2386 702 est
2397 643 2632 713 justitia,
2653 660 2773 714 qua:
2798 652 2880 700 est
2903 644 3171 709 Christus,
3201 654 3466 713 tanquam
3497 646 3682 702 vivens
3701 651 3759 704 et

2171 737 2494 800 subsistens,
2519 737 2650 791 dicit
2674 754 2686 790 :

2245 825 2329 880 Ne
2359 827 2557 882 dixeris
2586 827 2641 882 in
2672 828 2825 881 corde
2857 837 2966 892 tuo,
3000 829 3130 895 Quis
3162 829 3409 884 ascendet
3451 830 3508 884 in
3534 833 3757 890 celum!

2172 919 2267 974 hoc
2312 929 2409 984 est,
2461 918 2728 974 Chﬂstum
2771 920 3048 987 deducere,
3098 932 3191 976 aut
3234 924 3352 994 quis
3396 924 3668 980 descendet
3707 927 3758 981 in

2172 1009 2461 1079 abyssum?
2485 1011 2582 1064 hoc
2612 1020 2688 1064 est
2723 1009 2988 1064 Christum
3023 1027 3088 1066 ea:
3108 1014 3332 1067 mortuis
3357 1030 3638 1080 reuocare;
3670 1016 3757 1070 sed

2171 1102 2297 1174 quid
2325 1103 2448 1158 dicit
2477 1101 2751 1172 Scriptura
2777 1102 2800 1155 ?
2834 1098 3007 1171 Prope
3032 1112 3107 1156 est
3143 1104 3354 1158 verbum
3385 1106 3451 1157 in'
3466 1122 3554 1159 ore
3596 1117 3684 1160 tuo
3715 1117 3760 1161 et

2171 1192 2228 1246 in
2257 1192 2412 1246 corde
2433 1202 2542 1246 tuo.
2567 1191 2804 1263 (Ambr.)
2830 1189 3104 1247 Justitiam
3140 1193 3279 1249 hanc
3305 1193 3442 1248 dicit
3469 1210 3591 1250 esse
3620 1195 3756 1261 ﬁdei,

2173 1284 2218 1339 si
2259 1299 2365 1339 non
2397 1284 2674 1339 dubitetur
2706 1284 2773 1340 de
2802 1299 2898 1353 spe
2928 1284 3058 1347 Dei,
3089 1301 3206 1355 qua:
3236 1286 3292 1340 in
3321 1285 3548 1342 Christo
3573 1297 3676 1351 est,
3699 1304 3760 1342 nc

2173 1373 2423 1431 difﬁdens
2447 1377 2593 1431 dicat
2621 1395 2633 1430 :
2660 1376 2783 1448 quis
2799 1377 2974 1446 potuit
2989 1379 3283 1435 ascendere
3300 1380 3355 1434 in
3382 1379 3584 1435 cadum
3597 1381 3622 1433 ἲ
3642 1383 3759 1451 quia

2173 1466 2298 1524 ideo
2319 1482 2511 1537 passus
2541 1477 2646 1536 est,
2679 1477 2739 1522 ut
2764 1468 3078 1544 exspoliatis
3117 1469 3307 1526 inferis
3337 1471 3543 1526 virtute
3569 1471 3760 1535 Patris,

2174 1559 2385 1615 devicta
2431 1568 2607 1614 morte
2644 1574 2935 1630 resurgens
2977 1575 3100 1615 cum
3144 1561 3432 1616 animabus
3475 1562 3676 1631 ereptis
3712 1561 3758 1614 in

2175 1650 2372 1706 coelum
2400 1650 2759 1718 ascenderet;
2793 1651 2971 1707 omnis
2991 1651 3134 1706 enim
3165 1653 3480 1726 quicunque
3508 1653 3627 1706 viso
3650 1649 3763 1705 Sal-

2174 1750 2365 1803 vatore
2387 1743 2528 1813 apud
2556 1740 2762 1798 inferos
2789 1744 3028 1812 speravit
3057 1745 3124 1798 de
3151 1743 3242 1799 illo
3275 1744 3533 1811 salutem,
3579 1745 3764 1800 libera-

472 1848 636 1904 stum,
663 1826 1085 1902 iretnulationem
1127 1841 1346 1916 quidem
1386 1841 1484 1897 Dei
1515 1843 1793 1907 habentes,
1842 1843 1938 1904 sed
1975 1858 2072 1898 νο-
2098 1826 2148 1886 Β
2177 1841 2265 1890 tus
2298 1846 2409 1900 est,
2453 1835 2614 1890 Petro
2653 1835 2899 1908 apostolo
2936 1836 3041 1891 hoc
3079 1845 3403 1904 attestante;
3450 1838 3586 1892 dicit
3624 1839 3762 1893 enim

470 1929 735 1989 luutatem
766 1940 822 1986 et
844 1931 1130 1989 consilium
1169 1934 1286 2004 ejus
1315 1935 1646 2002 nescientes,
1683 1945 1874 1993 contra
1902 1938 2075 1996 Deum

471 2024 737 2100 agebant,
766 2040 929 2099 quem
957 2041 1018 2083 se
1045 2026 1337 2082 defendere
1369 2031 1726 2094 testabantur.
1762 2032 1838 2086 De
1878 2030 1960 2087 his
1991 2030 2073 2086 di-

471 2116 564 2183 cit,
619 2117 713 2194 qui
769 2134 875 2181 non
927 2118 1303 2180 malevolentia
1361 2129 1416 2184 et
1463 2121 1692 2188 invidia,
1741 2123 1837 2183 sed
1883 2137 2073 2184 errore

475 2205 755 2269 Christum
786 2222 893 2262 non
923 2219 1265 2279 receperunt.
1304 2209 1512 2280 Quibus
1543 2220 1598 2267 et
1619 2211 1815 2277 Petrus
1849 2222 2070 2284 aposto-

472 2296 559 2352 lus
589 2297 719 2354 dicit
742 2298 879 2369 (Act.
905 2298 988 2369 tu)
1009 2318 1021 2352 :
1045 2298 1190 2365 Scio,
1219 2301 1435 2370 fratres,
1452 2304 1575 2374 quia
1603 2320 1695 2374 per
1714 2305 2071 2374 ignorantiam

469 2391 701 2464 gessistis
724 2391 822 2445 hoc
846 2391 1066 2458 malum,
1085 2393 1226 2447 sicut
1252 2402 1301 2454 et.
1324 2393 1586 2474 principes
1608 2396 1762 2450 vestri
1780 2413 1797 2459 ;
1817 2395 2070 2466 ignoran-

470 2489 555 2537 tes
574 2482 720 2550 enim
743 2483 886 2545 hunc
904 2497 1026 2547 esse
1051 2483 1351 2550 Christum,
1371 2500 1532 2568 quem
1554 2485 1881 2556 promiserat
1904 2489 2066 2553 Deus,

476 2574 708 2634 alterum
744 2578 1166 2647 exspectandum
1202 2577 1479 2643 dicebant,
1513 2579 1638 2642 huic
1666 2578 1907 2647 iustitias
1945 2596 2074 2638 suas

470 2681 607 2738 quas
636 2682 703 2724 ex
729 2667 846 2740 lege
871 2668 1164 2734 habebant,
1192 2676 1604 2738 anteponentes,
1626 2670 1717 2740 qui
1746 2679 1828 2731 est
1856 2671 1950 2729 Dei
1983 2670 2072 2739 ju-

476 2758 624 2820 stitia
653 2758 710 2818 in
748 2759 872 2813 fide.
908 2757 1124 2823 iustitia
1155 2760 1301 2822 enim
1334 2761 1448 2830 ipse
1477 2769 1580 2826 est,
1615 2761 1742 2830 quia
1767 2762 1911 2831 quod
1940 2777 2068 2832 pro-

469 2849 695 2908 miserat
745 2851 907 2917 Deus,
959 2851 1012 2905 in
1053 2851 1182 2921 ipso
1224 2851 1493 2921 implevit,
1549 2849 1703 2906 Finis
1752 2852 1893 2912 enim
1942 2852 2070 2923 tegis

473 2934 714 2994 Christus
740 2940 808 2993 ad
831 2940 1097 3009 justitiam
1128 2941 1271 2996 omni
1292 2941 1541 2998 credenti.
1577 2940 1814 3013 (Arnim)
1848 2941 1960 3005 Hoc
1991 2943 2072 2998 di-

471 3031 570 3097 cit,
621 3032 749 3106 quia
799 3030 1190 3101 perfectionem
1242 3031 1376 3101 legis
1429 3032 1612 3097 habet,
1664 3031 1758 3101 qui
1798 3034 1972 3094 credit
2014 3033 2072 3088 in

471 3121 771 3180 Christum.
823 3122 956 3183 Cum
993 3123 1139 3177 enim
1167 3122 1346 3183 nullus
1384 3124 1780 3193 iustiﬁcaretur
1819 3141 1886 3184 ex
1933 3127 2067 3197 lege,

472 3216 600 3289 quia
623 3229 790 3276 nemo
809 3215 1068 3278 implebat
1091 3216 1300 3287 legem,
1336 3189 1443 3272 nisi
1473 3219 1833 3290 quispcraret
1861 3221 1914 3276 in
1943 3189 2072 3290 pro;
2099 3189 2144 3251 Ο

473 3311 641 3366 misso
703 3309 939 3374 Christo,
999 3309 1134 3370 ﬁdes
1183 3310 1359 3379 posita
1391 3319 1496 3376 est,
1531 3326 1652 3380 qua:
1701 3306 1918 3368 cederet
1945 3327 2073 3382 per-

472 3401 697 3465 fectioui
740 3402 912 3472 lcgis,
961 3409 1020 3462 ut
1066 3403 1317 3462 omnibus
1362 3403 1748 3474 praetermissis
1807 3403 1943 3461 ﬁdes
1980 3420 2072 3460 sa-

473 3493 752 3554 tisfaceret
777 3508 876 3563 pro
905 3501 1017 3552 tota
1038 3493 1158 3563 lege
1196 3503 1250 3555 et.
1276 3487 1576 3564 prophetis.

548 3585 755 3657 Moyses
781 3586 917 3640 enim
935 3587 1164 3656 scripsit,
1189 3587 1438 3656 quoniam
1452 3588 1721 3656 justitiam
1740 3604 1858 3659 qua:
1879 3606 1942 3644 ea:
1962 3590 2070 3660 lege

475 3690 572 3745 est,
605 3680 694 3750 qui
723 3678 901 3747 fecerit
941 3679 1115 3744 homo,
1159 3680 1287 3734 vivet
1335 3681 1386 3733 in
1417 3697 1498 3734 ea.
1537 3681 1666 3746 Qua:
1693 3691 1868 3736 autem
1907 3693 1982 3736 est
2006 3699 2072 3737 ea:

475 3769 580 3840 ﬁde
601 3769 814 3838 justitia
855 3769 928 3825 sic
960 3769 1105 3828 dicit.
1149 3768 1369 3828 Iustitia
1395 3770 1529 3841 legis
1567 3771 1764 3842 Moysis
1805 3788 1925 3828 reos
1951 3773 2071 3828 illos

476 3876 583 3924 non
621 3858 853 3926 faciebat
893 3858 959 3922 ad
993 3869 1204 3928 tempus
1226 3901 1240 3926 ,
1275 3861 1324 3916 si
1349 3873 1683 3926 servaretur,
1709 3862 1760 3917 id
1793 3872 1893 3928 est,
1925 3866 2069 3921 vive-

477 3953 610 4011 bant
650 3951 904 4013 Kaciend:
942 3952 1134 4023 legem,
1162 3954 1435 4011 debitores
1465 3957 1610 4010 enim
1645 3965 1822 4012 erant.
1869 3958 2069 4030 (0rig.)

478 4045 596 4102 Jam
622 4055 678 4103 et
703 4046 757 4108 in
787 4049 1157 4117 superioribus
1180 4051 1467 4120 Apostolus
1485 4052 1713 4107 duarum
1732 4053 2071 4123 justitiarum

479 4139 688 4195 fecerat
712 4143 1041 4197 meutionem
1065 4182 1079 4206 ,
1116 4143 1206 4196 ubi
1235 4143 1387 4208 dicit,
1413 4159 1538 4212 qum
1569 4145 1821 4214 ignorans
1858 4145 1950 4199 Dei
1979 4143 2069 4212 ju-

481 4233 705 4299 stitiam,
735 4249 889 4288 suam
918 4233 1186 4304 justitiam
1212 4243 1451 4290 statuere
1483 4237 1758 4304 quaerebat
1787 4235 1970 4290 Israel.
2005 4235 2074 4288 Et

480 4323 572 4380 hic
602 4340 750 4380 nunc
783 4323 920 4379 duas
952 4324 1147 4379 iterum
1182 4325 1422 4394 justitias
1462 4325 1610 4389 dicit,
1658 4341 1822 4379 unam
1852 4341 1975 4394 qute
2004 4340 2072 4380 ex

480 4415 617 4487 lege,
641 4424 696 4470 et
717 4416 876 4470 aliam
907 4431 1026 4486 qum
1047 4431 1112 4470 ex
1139 4416 1240 4468 fide
1267 4425 1372 4470 est.
1401 4415 1509 4471 Sed
1531 4417 1661 4470 mihi
1684 4416 1900 4475 videtulr
1927 4417 2069 4486 quod

479 4506 568 4562 illa
597 4522 757 4575 quam
793 4507 1040 4576 superius
1069 4507 1206 4560 dixit
1234 4507 1472 4575 ignorari
1498 4509 1566 4562 ab
1597 4508 1757 4562 Israel
1792 4508 1887 4561 Dei
1912 4507 2070 4575 just-i-

481 4595 642 4660 tiam,
672 4595 795 4665 ipsa
818 4596 889 4649 sit
910 4593 1121 4662 justitia
1152 4596 1267 4649 haec
1294 4611 1412 4664 qua:
1434 4612 1499 4650 ex
1532 4595 1637 4650 ﬁde
1663 4605 1770 4662 cst;
1802 4597 1891 4650 illa
1919 4612 2069 4665 vero,

479 4685 546 4741 de
571 4702 677 4756 qua
705 4688 856 4749 dicit,
897 4708 913 4738 ι
943 4703 1096 4742 suam
1117 4684 1387 4754 justitiam
1421 4697 1727 4757 quazrentes
1755 4697 2016 4754 statuere,
2047 4709 2064 4740 ι

480 4778 595 4848 ipsa
653 4780 754 4846 Sit,
801 4781 867 4834 de
923 4797 1027 4849 qua
1082 4787 1134 4836 et
1189 4781 1280 4836 hic
1327 4782 1494 4854 Moysi
1567 4785 1748 4839 verbis
1810 4785 2067 4850 insinuat,

477 4871 599 4942 quia
615 4871 902 4940 justitiam,
927 4889 1043 4942 qua:
1059 4890 1121 4926 ea:
1143 4873 1252 4943 lege
1274 4877 1475 4944 est-mni
1504 4875 2000 4943 fecerithomo,rivet
2015 4880 2068 4932 in

478 4963 677 5019 ea.Sed
706 4963 1177 5030 videjustitiarum
1217 4964 1572 5021 differentiam
1614 4969 1817 5037 pariter
1846 4979 1900 5023 et
1935 4971 2072 5024 vita-

481 5072 600 5112 rum
623 5076 634 5110 :
661 5055 751 5110 ilia
774 5056 916 5118 enim
927 5055 1161 5125 justitia,
1180 5057 1230 5112 id
1254 5067 1338 5112 est
1354 5058 1622 5117 Christus,
1649 5060 1767 5128 (qui
1791 5060 1962 5115 Iactus
1983 5071 2068 5115 est

477 5147 634 5203 nobis
677 5147 886 5217 justitia
916 5163 944 5200 a
981 5148 1089 5201 Deo
1117 5168 1134 5199 ι
1177 5156 1232 5201 et
1269 5163 1406 5216 pax,
1443 5149 1559 5202 vide
1589 5149 1858 5217 quomodo
1887 5149 2017 5206 dicit
2049 5164 2066 5203 :v

480 5240 610 5294 ch
629 5250 703 5293 est
726 5249 899 5294 autem
926 5241 1030 5294 vita
1057 5250 1275 5302 wterna,
1300 5253 1354 5291 ut
1382 5249 1692 5309 cognoscant
1715 5249 1764 5292 te
1788 5239 1958 5292 solum
1979 5256 2066 5293 ve—

479 5345 595 5384 rum
635 5329 835 5394 Deum,
882 5339 929 5382 et
960 5347 1113 5400 quem
1145 5329 1332 5384 misisti
1364 5328 1548 5382 Jesum
1580 5328 1844 5384 Christum
1879 5329 2062 5401 (Joan.

477 5421 634 5492 xvn).
670 5420 798 5474 Haec
829 5435 957 5490 ergo
989 5421 1199 5491 justitia
1250 5432 1358 5475 non
1395 5429 1600 5474 tantum
1643 5422 1806 5475 vitam
1842 5422 2065 5491 praebet,

479 5515 574 5568 sed
605 5521 866 5568 aeternam
908 5516 1092 5568 vitam.
1140 5514 1290 5569 Illam
1315 5531 1444 5570 vero
1477 5514 1892 5586 legisjustitiam
1928 5537 1946 5568 ‹
1975 5518 2066 5587 qui

478 5604 670 5661 fecerit
691 5607 870 5674 homo,
900 5627 917 5659 ›
946 5623 1054 5662 non
1078 5607 1215 5662 dixit
1245 5607 1299 5662 in
1327 5617 1586 5664 mternum
1624 5610 1788 5674 vivet,
1819 5610 1915 5664 sed
1949 5620 2072 5665 tan-

480 5697 757 5751 tummodo
785 5717 802 5747 ‹
833 5697 976 5752 vivet
999 5699 1061 5752 in
1101 5715 1182 5754 ca.
1209 5719 1227 5751 ›
1257 5699 1416 5766 Quod
1444 5701 1485 5755 si
1517 5700 1639 5756 ﬁnis
1661 5701 1815 5773 legis,
1840 5711 1899 5757 ut
1923 5703 2066 5773 Apo-

479 5784 830 5856 stoius’dixit,
867 5790 1118 5847 Christ-us
1167 5800 1249 5847 est
1270 5832 1284 5859 ,
1332 5806 1434 5846 nec
1467 5793 1660 5862 ipsam,
1691 5810 1809 5862 quae
1850 5809 1917 5849 ex
1948 5793 2066 5864 lege

2174 1927 2298 2006 quia
2335 1936 2382 1981 et
2425 1928 2645 1982 mortuis
2670 1928 2986 1999 praedicatus
3009 1928 3151 2000 est(I
3183 1926 3298 1983 Pet.
3331 1929 3414 1999 ιιι)
3436 1946 3450 1982 :
3475 1930 3572 2006 qui
3597 1929 3663 1984 de
3685 1928 3765 1984 his

2175 2035 2305 2092 ergo
2328 2022 2385 2076 in
2410 2021 2574 2076 corde
2595 2037 2692 2077 suo
2716 2036 2825 2075 non
2850 2021 3080 2086 dubitat,
3097 2020 3432 2090 justiﬁeatus
3453 2032 3620 2076 estex
3645 2021 3761 2075 ﬁde.

2177 2112 2253 2168 Ex
2289 2113 2406 2184 lege
2429 2111 2915 2181 autemjustilicari
2943 2113 3105 2168 timor
3137 2112 3285 2168 facit.
3321 2111 3504 2166 Timet
3526 2113 3670 2166 enim
3697 2115 3763 2167 Ic-

2175 2220 2329 2275 gem,
2373 2206 2498 2273 quia
2536 2205 2683 2260 videt
2712 2203 2857 2260 illam
2896 2218 3115 2273 poenam
3163 2203 3366 2266 inferre
3393 2205 3760 2274 peccantibus,

2175 2295 2296 2362 ideo
2329 2312 2435 2351 non
2463 2311 2659 2367 magna
2689 2295 2899 2366 justitia
2931 2293 3065 2356 legis
3093 2302 3197 2360 est,
3241 2310 3340 2350 nec
3379 2295 3638 2350 meritum
3668 2296 3765 2350 eol-

2173 2386 2317 2442 locat
2343 2387 2483 2458 apud
2507 2387 2699 2452 Deum,
2725 2386 2820 2441 sed
2843 2386 2909 2442 ad
2935 2401 3177 2456 praesens
3207 2406 3219 2440 :
3251 2386 3385 2442 ﬁdes
3413 2398 3622 2455 autem,
3647 2387 3766 2459 quia

2174 2478 2467 2539 incredulis
2497 2476 2728 2533 stultitia
2757 2484 2865 2543 est,
2892 2476 3198 2532 mercedem
3227 2477 3392 2533 habet
3409 2479 3555 2547 apud
3583 2479 3759 2546 Deum,

2175 2571 2242 2631 de
2277 2585 2385 2642 quo
2425 2569 2570 2640 quod
2599 2585 2707 2624 non
2743 2569 2960 2626 videtur
2987 2578 3255 2638 speratur.
3291 2567 3494 2640 (0rig.)
3531 2568 3642 2637 Nec
3670 2571 3764 2625 mi—

2173 2659 2312 2718 reris
2339 2660 2483 2728 quod
2523 2674 2646 2713 cum
2676 2658 2926 2715 Christus
2965 2660 3081 2730 ipse
3119 2659 3190 2713 sit
3222 2658 3434 2727 justitia
3459 2701 3475 2721 ,
3517 2662 3677 2731 quasi
3703 2661 3765 2717 de

2174 2751 2278 2806 alio
2310 2752 2382 2806 ita
2413 2751 2479 2806 de
2518 2767 2576 2814 se
2606 2751 2721 2808 haec
2751 2751 2932 2806 dieere
2974 2751 3240 2806 videatur.
3291 2751 3347 2805 In
3393 2751 3582 2807 multis
3627 2753 3765 2808 enim

2171 2847 2306 2921 locis
2343 2847 2589 2901 invenies
2635 2844 2971 2900 Salvatorem
3017 2845 3172 2914 quasi
3215 2845 3281 2899 de
3326 2844 3455 2910 alio,
3498 2846 3578 2905 ita
3614 2846 3681 2900 de
3711 2860 3768 2904 se

2174 2934 2343 3006 loqui,
2369 2946 2427 2993 ut
2452 2923 2829 3009 in'Evaugelio
2861 2937 2994 2992 dicit
3016 2936 3231 3008 (Matth.
3257 2937 3389 3007 xxv)
3420 2955 3439 2991 ι
3471 2936 3542 2993 Et
3581 2945 3765 2991 statuet

2175 3047 2288 3086 oues
2313 3032 2578 3098 adextris,
2596 3032 2776 3094 ltwdos;
2798 3042 2971 3086 autem
2995 3050 3027 3086 a
3051 3033 3280 3087 sinistris
3297 3072 3310 3096 ,
3336 3041 3384 3088 et
3419 3031 3562 3087 dicet
3580 3032 3659 3091 his
3679 3032 3765 3103 qui

2175 3144 2207 3180 a
2233 3126 2432 3180 dextris
2462 3134 2606 3191 sunt,
2631 3134 2738 3182 etc.
2774 3125 2842 3179 Et
2865 3126 3057 3183 iterum
3088 3124 3168 3187 his
3192 3124 3335 3196 quia
3365 3125 3602 3182 sinistris
3627 3135 3764 3193 sunt,

2177 3234 2245 3282 ea
2285 3233 2405 3288 qua:
2443 3219 2646 3288 scripta
2683 3225 2832 3273 sunt.
2867 3217 3021 3285 Quod
3059 3232 3191 3287 ergo
3231 3217 3326 3283 ait,
3366 3233 3430 3274 ne
3472 3215 3671 3275 dixeris
3713 3219 3766 3276 in

2177 3308 2331 3369 corde
2352 3318 2460 3372 tuo,
2491 3307 2622 3375 Quis
2646 3308 2883 3363 ascendit
2907 3308 2962 3362 in
2984 3308 3208 3371 emtum?
3233 3318 3322 3368 aut
3355 3309 3475 3379 quis
3505 3309 3765 3369 descendit

2175 3402 2231 3456 in
2252 3401 2496 3472 abyssum
2512 3401 2538 3453 ?
2566 3400 2812 3470 exceptis
2835 3396 2920 3454 lﬂs
2957 3415 3076 3470 qua:
3095 3400 3273 3459 media
3299 3400 3604 3470 interserit,
3630 3423 3648 3452 ι
3668 3400 3766 3456 hoc

2177 3502 2278 3558 est,
2295 3491 2571 3551 Christum
2588 3491 2883 3549 deducere»
2905 3490 2992 3545 vel
3012 3507 3070 3546 sa
3085 3493 3312 3555 mortuis
3326 3493 3610 3555 reducere.
3624 3515 3643 3546 ι
3664 3493 3765 3550 Sed

2176 3584 2311 3640 dicit
2342 3583 2644 3652 Scriptura,
2683 3600 2700 3632 ι
2731 3597 2898 3653 prope
2924 3591 3008 3638 est
3032 3585 3259 3638 verbum
3290 3584 3343 3641 in
3375 3599 3474 3638 ore
3497 3594 3608 3648 tuo,
3641 3592 3693 3640 ct
3713 3585 3765 3638 in

2176 3677 2339 3743 corde
2362 3684 2471 3736 tuo,
2486 3696 2503 3726 ›
2525 3677 2601 3730 De
2625 3675 3042 3741 Deuteronomio
3063 3676 3277 3741 videtur
3299 3686 3662 3748 assumptum,
3678 3677 3765 3738 ubi

2175 3771 2281 3826 hoc
2321 3769 2484 3824 modo
2516 3768 2778 3836 scriptum
2812 3774 2895 3821 est
2925 3780 2939 3820 :
2981 3765 3294 3820 Mandatum
3329 3769 3461 3831 hoc,
3507 3770 3646 3837 quod
3677 3784 3764 3837 ego

2175 3863 2371 3924 mando
2397 3861 2487 3915 tibi
2513 3860 2692 3922 hodie,
2723 3873 2827 3913 non
2859 3867 2932 3912 est
2961 3856 3410 3928 superexaltatu-m
3453 3875 3487 3909 α
3515 3868 3585 3921 te,
3609 3874 3764 3927 neque

2176 3956 2329 4026 longe
2361 3972 2391 4007 a
2416 3964 2483 4018 te;
2511 3970 2614 4006 non
2639 3953 2788 4006 estin
2817 3951 2964 4013 caelo,
2987 3959 3045 4005 ut
3067 3951 3234 4014 dicas,
3262 3949 3396 4016 Quis
3422 3951 3654 4004 ascendit
3685 3968 3767 4011 no-

2177 4047 2253 4100 bis
2291 4047 2345 4099 in
2373 4044 2575 4104 cadum,
2620 4053 2667 4099 et
2704 4043 2923 4114 accipiet
2949 4041 3082 4096 illud
3111 4042 3280 4106 nobis,
3312 4051 3368 4094 ut
3392 4041 3663 4095 audientes
3688 4041 3767 4109 [a-

2176 4141 2377 4194 ciamus
2429 4136 2601 4190 illud?
2633 4152 2793 4205 neque
2845 4145 2992 4189 trans
3034 4150 3180 4188 mare
3207 4142 3306 4198 est,
3342 4143 3400 4187 ut
3445 4135 3627 4198 dicas,
3654 4135 3763 4205 quis

2175 4231 2419 4288 transibit
2445 4231 2591 4284 nobis
2619 4238 2766 4291 trans
2790 4245 2956 4293 mare,
2982 4237 3029 4282 et
3052 4228 3272 4298 accipiet
3295 4227 3450 4292 illud,
3478 4238 3535 4280 ut
3558 4230 3765 4282 audien-

2177 4339 2251 4383 tes
2270 4329 2529 4398 faciamus
2550 4326 2683 4380 illud
2699 4326 2724 4378 Σ)
2733 4325 2893 4394 juxta
2916 4333 2964 4382 te
2976 4333 3051 4378 est
3069 4323 3280 4382 verbum
3305 4321 3453 4377 valde
3475 4325 3530 4374 in
3554 4338 3642 4376 ore
3657 4331 3761 4384 tuo,

2176 4431 2222 4474 et
2259 4423 2312 4474 in
2347 4419 2502 4474 corde
2534 4437 2658 4482 suo,
2696 4427 2744 4472 et
2781 4419 2834 4470 in
2873 4415 3114 4470 manibus
3155 4417 3280 4480 tuis,
3327 4423 3384 4466 ut
3434 4413 3603 4482 facias
3640 4413 3762 4463 iliud

2179 4510 2357 4580 (Deut.
2384 4510 2534 4578 xxx).
2571 4508 2705 4563 Cum
2729 4522 2857 4575 ergo
2885 4507 3001 4561 hinc
3024 4505 3089 4559 de
3114 4503 3532 4559 Deuteronomio
3555 4519 3760 4556 assmu-

2177 4616 2269 4676 pta
2301 4605 2436 4667 sint,
2477 4610 2532 4656 et
2567 4600 2857 4669 Apostolus
2894 4598 3099 4652 scribat
3138 4597 3262 4665 quia
3291 4595 3525 4664 iustitia,
3559 4610 3677 4664 qum
3697 4609 3760 4648 cx

2179 4696 2284 4750 ﬁde
2301 4703 2406 4758 cst,
2439 4695 2550 4762 ipsa
2574 4692 2688 4746 haec
2710 4689 2859 4754 dicit,
2892 4704 3011 4757 quae
3044 4696 3128 4742 est
3158 4686 3439 4748 Christus;
3467 4687 3584 4740 sine
3609 4686 3760 4740 dubio

2176 4803 2298 4858 quae
2329 4787 2380 4840 in
2415 4782 2834 4843 Deuteronomio
2861 4781 3133 4844 dicuntur,
3178 4778 3469 4849 Apostolus
3491 4793 3519 4830 a
3550 4777 3759 4832 Christo

2176 4881 2320 4936 dicta
2344 4895 2461 4934 esse
2500 4875 2832 4947 pronuntiat.
2863 4872 2979 4942 Ipse
3004 4879 3086 4925 est
3115 4886 3240 4941 ergo
3269 4869 3360 4938 qui
3390 4869 3528 4922 dixit
3563 4887 3574 4920 :
3609 4865 3755 4921 Man-

2176 4974 2360 5027 datum
2393 4973 2510 5034 hoc,
2554 4969 2692 5040 quod
2744 4983 2835 5036 ego
2871 4965 2938 5018 do
3002 4962 3092 5016 tibi
3125 4962 3297 5027 hodie,
3341 4979 3444 5019 non
3483 4969 3557 5014 est
3589 4975 3759 5027 super-

2177 5063 2468 5122 eraltatum
2498 5079 2528 5114 α
2573 5070 2640 5122 te,
2671 5074 2835 5128 neque
2872 5057 3022 5124 longe
3051 5072 3083 5108 a
3123 5064 3189 5115 te,
3222 5061 3275 5106 et
3302 5060 3501 5110 caetera
3533 5066 3651 5119 alue
3682 5065 3759 5105 se-

2176 5166 2440 5227 quuntur.
2476 5155 2615 5221 Quid
2644 5166 2771 5219 ergo
2798 5157 2901 5214 est,
2941 5148 3084 5218 quod
3108 5161 3203 5216 per
3228 5147 3330 5199 hoc
3353 5143 3646 5213 Apostolus
3669 5143 3756 5197 do-

2179 5248 2300 5303 cet?
2328 5261 2396 5300 ne
2421 5245 2629 5299 scilicet
2657 5243 2900 5297 dicamus
2922 5239 2974 5291 in
3009 5237 3173 5292 corde
3197 5243 3404 5298 nostro,
3434 5243 3495 5292 et
3517 5244 3755 5303 putemus

2177 5339 2321 5408 quod
2373 5336 2623 5391 Christus
2667 5334 2717 5386 in
2758 5333 2871 5397 loco
2924 5329 3102 5398 aliquo
3148 5328 3517 5389 contineatur,
3569 5335 3626 5379 et
3661 5341 3754 5379 non

2179 5431 2378 5498 ubique
2420 5427 2512 5490 sit,
2561 5442 2623 5480 ac
2660 5438 2756 5493 per
2794 5421 2976 5474 omnia
3013 5421 3126 5488 ipse
3173 5417 3530 5475 dimmdatut.
3565 5417 3756 5486 Quippe

2176 5521 2272 5589 qui
2319 5535 2440 5573 cum
2489 5523 2634 5571 esset
2679 5515 2732 5568 in
2775 5512 2973 5575 terris,
3005 5510 3216 5566 dicebat
3259 5508 3386 5577 quia
3439 5516 3588 5569 esset
3621 5517 3672 5562 et
3708 5505 3754 5559 in

2177 5609 2336 5665 cmlo.
2373 5609 2464 5664 Sic
2494 5608 2637 5662 enim
2670 5605 2990 5675 loquebatur
3031 5602 3095 5655 ad
3126 5599 3400 5669 apostolos
3431 5614 3564 5656 suos
3587 5595 3753 5667 (Ιοίικ.

2174 5700 2262 5771 ιιι)
2293 5717 2306 5752 :
2342 5697 2508 5753 Nemo
2537 5696 2771 5752 ascendit
2796 5696 2852 5748 in
2883 5692 3097 5757 coelum,
3143 5691 3243 5744 nisi
3281 5689 3374 5760 qui
3414 5689 3480 5743 de
3513 5687 3639 5743 ca‘lo
3673 5687 3753 5740 dc-

2175 5793 2393 5857 scendit,
2419 5792 2590 5848 Filius
2613 5791 2834 5845 hominis
2854 5788 2940 5858 qui
2974 5796 3046 5841 est
3079 5787 3132 5840 in
3157 5784 3318 5849 cado;
3354 5799 3466 5840 non
3498 5784 3655 5848 dixit,
3676 5777 3753 5851 qui
