3948 6330
146 357 165 410 l
176 350 282 411 509

678 352 1232 414 ENARRATIONUM
1266 353 1338 410 IN
1373 353 1524 411 EPP.
1563 351 1770 418 PAULI
1808 350 1941 409 LIB.
1981 350 2069 408 Vl.
2110 379 2181 390 -—
2218 351 2285 406 ΙΝ
2323 351 2540 408 EPIST.
2579 353 2670 408 AD
2710 349 2880 410 ROM.

3285 354 3424 419 i510

140 468 257 532 fuit.
282 467 376 523 sed
408 468 498 538 qui
533 476 606 522 est
629 469 686 522 in
716 469 862 525 εωιο.
905 471 971 524 Ει
995 485 1206 537 rursus,
1237 485 1304 525 ne
1327 477 1575 539 putemus
1598 484 1722 530 eum
1751 472 1800 532 Δ
1827 453 2164 532 citur,°inter
2187 467 2472 532 credentes
2495 483 2622 524 vero
2651 468 2911 534 efﬁcacia,
2944 468 3002 527 id
3022 478 3125 532 est.
3150 471 3228 530 rei
3253 472 3426 540 ipsius

138 559 193 614 in
227 559 367 614 ccelo
411 574 529 614 esse
558 563 928 617 tantummodo
954 602 969 627 ,
1014 575 1208 618 vacare
1235 571 1418 616 autem
1445 561 1563 630 ejus
1589 575 1728 630 pra:-

139 650 314 704 sentia
340 651 617 720 abyssum,
644 651 765 714 ideo
787 652 998 722 justitia
1025 667 1146 721 quae
1175 667 1242 707 ex
1275 651 1377 713 ﬁde
1411 659 1513 714 est,
1547 650 1680 704 dicit
1709 665 1723 702 :

141 740 224 794 Ne
250 741 446 795 dixeris
469 742 524 795 in
544 743 698 797 corde
730 753 819 797 tuo
849 760 867 798 .'
897 744 1027 809 Quis
1067 743 1300 797 ascendit
1328 743 1384 796 in
1411 741 1644 796 caelum?
1674 748 1729 796 et

135 832 294 899 quasi
322 832 499 889 simile
525 834 596 888 sit
630 835 730 890 hoc
753 835 978 899 dicenti,
1006 833 1279 892 Christum
1306 835 1374 889 de
1393 833 1530 888 coelo
1557 833 1726 887 dedu-

135 937 282 987 cere,
305 924 380 978 ita
403 926 610 980 addidit
632 926 945 994 Apostolus,
969 943 986 977 ‹
1017 925 1119 982 hoc
1142 935 1243 988 est,
1263 924 1538 979 Christum
1563 923 1729 979 dedu-

136 1030 284 1076 cere,
309 1033 328 1068 ι
356 1022 412 1069 et
434 1029 672 1082 rursum,
687 1017 730 1071 si
755 1018 876 1087 quis
890 1025 1133 1076 menteet
1155 1017 1484 1088 cogitatione
1499 1017 1726 1076 descen-

137 1106 232 1160 dat
276 1107 332 1171 in
373 1109 660 1178 abyssum,
694 1119 888 1180 putans
917 1111 992 1168 ibi
1034 1120 1248 1168 tantum
1268 1112 1537 1167 contineri
1573 1110 1729 1166 Chri-

135 1208 303 1262 stum,
338 1199 496 1268 quasi
527 1200 703 1260 simile
735 1203 804 1262 sit
834 1202 1110 1257 Christum
1138 1219 1396 1261 revocare
1418 1219 1450 1258 a
1475 1204 1726 1268 mortuis,

142 1293 224 1356 ita
273 1292 570 1363 subiungit,
604 1296 700 1353 hoc
728 1306 801 1351 est
841 1295 1106 1351 Christum
1134 1297 1380 1352 reducere
1416 1314 1448 1352 a
1482 1298 1727 1352 mortuis.

136 1381 247 1436 Sed
284 1381 380 1446 ita,
412 1382 604 1451 inquit,
649 1383 811 1443 debes
849 1387 1049 1444 sentire
1087 1387 1154 1441 de
1191 1387 1432 1452 Christo,
1472 1395 1730 1456 tanquam

134 1471 203 1526 de
248 1474 415 1542 verbo
462 1481 517 1530 et
557 1474 802 1537 veritate,
851 1483 904 1532 et
947 1477 1234 1546 sapientia,
1275 1487 1330 1535 et
1351 1477 1561 1548 justitia
1599 1479 1724 1545 Dei;

136 1563 256 1618 limo
277 1573 459 1631 autem
485 1566 669 1620 omnia
694 1581 799 1622 non
824 1567 878 1621 in
909 1567 1027 1624 loco
1049 1580 1386 1639 qmeruntur,
1411 1572 1505 1627 sed
1530 1571 1730 1641 ubique

131 1655 352 1722 adsunt,
380 1671 555 1727 neque
582 1659 649 1712 ab
674 1657 900 1716 infernis
922 1659 1055 1716 locis
1083 1669 1402 1726 evocantur,
1430 1663 1526 1718 sed
1548 1671 1731 1717 mente

131 1748 246 1804 sola
280 1749 662 1820 intellectuque
700 1751 1005 1821 capiuntur.
1037 1753 1316 1824 Tanquam
1347 1755 1569 1810 verbum
1601 1769 1731 1824 ergo

1831 568 1887 614 et
1911 560 2091 630 operis
2106 558 2331 628 ,etl‘ectu.

1904 648 2022 708 Hoc
2064 660 2138 704 est
2183 652 2394 712 verbum
2418 654 2543 722 ﬁdei
2575 654 2715 723 quod
2745 654 3122 722 praedicamus.
3177 655 3419 728 (Ambr.)

1832 740 2047 796 Nullum
2078 758 2214 812 opus
2244 744 2373 799 dicit
2393 745 2550 815 legis,
2586 745 2679 800 sed
2711 745 2881 805 solam
2907 745 3069 802 fidem
3105 747 3336 812 dandam
3365 750 3421 813 in

1833 846 1995 887 causa
2033 831 2257 888 Christi.
2311 832 2493 907 (Aug)
2547 834 2715 893 Totus
2749 835 2837 892 hic
2883 834 3034 895 locus
3059 837 3125 892 ad
3155 837 3300 897 illum
3327 853 3420 895 ron

1831 925 2006 991 fertur
2043 925 2187 996 quod
2224 927 2475 996 superius
2504 927 2639 982 dixit
2679 943 2694 980 :
2740 925 2965 984 Verbum
2996 929 3132 992 enim
3173 945 3421 992 consum-

1831 1033 1980 1071 mans
2009 1031 2056 1072 et
2084 1018 2321 1072 brevians
2346 1018 2466 1088 fecit
2481 1017 2738 1072 Dominus
2758 1034 2913 1092 super
2934 1027 3147 1073 terram.
3176 1018 3422 1076 Remotis

1830 1108 1973 1163 enim
2006 1108 2494 1174 innumerabilibus
2524 1117 2579 1179 et
2607 1107 2995 1178 multiplicibus
3035 1108 3418 1176 sacramentis,

1829 1198 2024 1268 quibus
2045 1197 2302 1264 Judaicus
2327 1199 2556 1270 p0pulus
2580 1202 2949 1269 premebatur,
2989 1215 3086 1269 per
3115 1199 3417 1264 misericor-

1831 1289 1974 1344 diam
2005 1289 2100 1343 Dei
2143 1288 2346 1352 factum
2375 1299 2491 1354 est,
2521 1299 2577 1346 nt
2605 1291 2875 1346 brevitate
2910 1287 3267 1353 confessionis
3293 1289 3420 1345 fidei

1832 1379 1901 1434 ad
1927 1379 2155 1434 salutem
2185 1381 2617 1450 perveniremus.

1904 1471 2042 1537 Quid
2072 1472 2118 1526 si
2155 1473 2454 1542 conﬁtearis
2484 1475 2539 1529 in
2567 1491 2656 1539 ore
2693 1484 2781 1541 tuo
2823 1475 3106 1528 Dominum
3139 1475 3341 1542 Iesum,
3370 1483 3421 1539 et

1833 1564 2120 1618 credideris
2156 1565 2212 1618 in
2261 1565 2416 1618 corde
2449 1575 2538 1640 tuo
2562 1607 2577 1633 ,
2623 1567 2763 1638 quod
2810 1566 2953 1629 Deut
2986 1566 3137 1630 illum
3176 1569 3418 1624 excitavit

1832 1673 1865 1710 α
1888 1657 2139 1719 mortuis,
2179 1655 2353 1711 salvus
2388 1659 2512 1712 eris.
2545 1657 2714 1716 Corde
2743 1659 2878 1720 enim
2907 1658 3137 1715 creditur
3161 1659 3230 1712 ad
3253 1658 3420 1728 justi-

1834 1749 1980 1813 tiam,
2033 1767 2120 1804 ore
2165 1759 2339 1804 autem
2389 1750 2645 1821 confessio
2690 1751 2748 1819 [tt
2795 1751 2863 1804 ad
2905 1749 3148 1810 salutem.
3183 1749 3418 1819 (Ambr.)

129 1851 188 1894 et
245 1841 507 1910 sapientia
563 1857 734 1911 prope
787 1851 872 1898 est
925 1845 982 1898 in
1033 1859 1129 1900 ore
1184 1855 1277 1900 tuo
1339 1854 1396 1901 et
1458 1845 1513 1900 in
1572 1837 1967 1905 cordeBQuae
1995 1842 2241 1911 superius
2269 1842 2482 1898 locutus
2505 1852 2610 1909 est,
2642 1844 2727 1914 hic
2750 1843 2838 1896 illa
2869 1841 3252 1906 manifestavit,
3280 1843 3422 1901 hanc

131 1939 247 1986 tuo.
300 1931 529 2004 (Anton)
571 1931 708 1998 Quia
739 1949 847 1994 non
890 1942 972 1990 est
1003 1934 1158 2005 longe
1197 1936 1263 1990 ab
1297 1937 1478 1990 animo
1521 1947 1727 2004 nostro,

130 2023 216 2078 vel
267 2037 398 2088 ore,
444 2025 590 2094 quod
635 2025 792 2080 nobis
838 2025 1039 2081 dicitur
1083 2035 1142 2081 ut
1181 2028 1496 2094 credamus;
1540 2043 1732 2098 quam-

130 2114 214 2170 vis
235 2115 380 2169 enim
403 2115 574 2171 oculis
596 2133 704 2172 non
731 2118 1004 2184 videatur,
1030 2134 1061 2173 a
1091 2135 1288 2174 na:ura
1317 2130 1495 2176 tamen
1527 2121 1732 2176 anima-

134 2220 260 2258 rum
289 2215 344 2258 ct
379 2204 634 2275 loquendi
684 2208 892 2264 ratione
929 2224 1037 2264 non
1068 2211 1342 2266 discordat
1388 2213 1531 2282 quod
1561 2213 1730 2268 credi-

132 2313 281 2362 mus,
312 2297 368 2352 in
405 2315 522 2368 ipsa
548 2301 692 2358 enim
724 2310 921 2356 natura
951 2303 1154 2358 inserta
1177 2313 1303 2358 sunt
1324 2305 1473 2359 velut
1498 2306 1726 2372 semina,

129 2405 258 2459 qum
290 2392 474 2446 auditu
504 2401 558 2446 et
583 2394 858 2450 voluntate
893 2397 1108 2451 exculta
1136 2396 1464 2452 fructificant
1484 2401 1728 2454 testimo-

140 2483 296 2537 nium
327 2485 617 2541 Creatoris.
663 2485 884 2560 (Oi-ig.)
936 2489 1205 2545 Debemus
1243 2492 1408 2545 etiam
1453 2493 1555 2546 hoc
1589 2493 1732 2547 scire

144 2579 292 2648 quod
315 2579 460 2633 aliud
484 2582 992 2651 estpossibilitatem
1013 2599 1134 2639 esse
1157 2585 1208 2638 in
1229 2585 1427 2654 aliquo,
1458 2585 1599 2638 aliud
1622 2585 1733 2639 elli-

133 2671 352 2727 caciam
367 2671 450 2725 vel
465 2671 828 2728 eliicientiam.
847 2673 998 2741 Quod
1016 2674 1188 2730 Graeci
1214 2675 1426 2746 δυναμὶν
1441 2685 1494 2730 et
1508 2677 1732 2749 ἐνέργιαν

133 2773 360 2830 vocant,
389 2766 536 2820 verbi
572 2781 759 2832 causa,
782 2768 1038 2835 parvulus
1070 2751 1240 2839 nuper
1273 2777 1431 2823 natus
1458 2768 1730 2839 possibili-

136 2864 256 2910 tate
287 2857 625 2913 rationabilis
648 2858 812 2913 homo
841 2869 941 2925 est,
981 2868 1157 2929 potest
1179 2861 1322 2914 enim
1345 2875 1464 2914 esse
1494 2861 1732 2914 rationa-

134 2946 269 3001 bilis
312 2948 360 3003 si
408 2948 726 3014 adoleverit,
772 2958 826 3004 et
867 2951 1231 3020 possibilitate
1267 2951 1429 3005 etiam
1479 2951 1631 3006 faber
1677 2959 1733 3007 et

142 3039 482 3108 gubernator
526 3050 582 3096 et
627 3042 1014 3110 grammaticus
1055 3044 1254 3100 dicitur
1293 3061 1305 3098 :
1348 3044 1602 3114 possibile
1649 3052 1734 3100 est

132 3131 308 3195 enim,
326 3140 385 3185 ut
402 3132 594 3186 horum
617 3133 821 3202 aliquid
844 3134 932 3188 sit.
963 3134 1211 3189 Efﬁcacia
1233 3150 1362 3190 vero
1385 3136 1468 3189 vel
1491 3135 1730 3190 ellicien-

1836 1946 1955 1988 esse
1981 1932 2218 2004 regulam
2242 1931 2388 1996 ﬁdei,
2422 1933 2645 1994 credere
2673 1933 2958 1990 Dominum
2985 1948 3105 2000 esse
3134 1948 3340 1996 .esum,
3366 1940 3421 1987 et

1834 2040 1941 2080 non
1972 2025 2292 2080 erubescere
2315 2026 2577 2094 proﬁteri,
2609 2025 2734 2095 quia
2756 2025 2898 2082 Deus
2925 2026 3074 2082 illum
3103 2041 3167 2080 ex
3195 2025 3423 2082 mortuis

1833 2115 2120 2180 reducens,
2153 2116 2372 2170 deduxit
2406 2115 2458 2170 in
2486 2115 2684 2170 cmlum
2710 2131 2836 2171 cum
2877 2131 3126 2186 corpore,
3159 2117 3300 2170 unde
3324 2131 3420 2172 ve—

1834 2213 1991 2258 nerat
2032 2206 2398 2260 inearnandus
2438 2203 2657 2276 t0rig.).
2707 2204 2983 2262 Videbitur
3017 2206 3161 2261 enim
3195 2206 3419 2274 quibus-

1834 2296 1957 2357 dam
1985 2311 2084 2366 per
2119 2296 2254 2362 hoc,
2287 2297 2412 2366 quia
2443 2297 2654 2352 etiamsi
2691 2297 2872 2352 desint
2903 2297 3062 2354 alicui
3091 2297 3219 2355 boui
3245 2297 3427 2366 operis

1833 2386 2132 2457 privilegia,
2178 2387 2392 2441 etiamsi
2435 2386 2726 2444 virtutibus
2765 2403 2989 2457 operam
3036 2403 3142 2442 non
3193 2389 3424 2454 dederit,

1834 2477 1936 2533 hoc
1963 2479 2077 2548 ipso
2102 2487 2281 2534 tamen
2314 2479 2458 2549 quod
2487 2480 2735 2542 credidit,
2766 2494 2870 2534 non
2895 2488 3103 2549 pereat,
3137 2481 3234 2534 sed
3255 2479 3430 2536 salve-

1836 2581 1923 2626 tur
1951 2581 2005 2628 et
2034 2574 2233 2631 habeat
2261 2575 2526 2639 salutem,
2555 2574 2768 2642 etiamsi
2809 2575 3162 2630 beatitudinis
3199 2576 3428 2644 gloriam

1833 2663 2035 2719 habere
2071 2680 2176 2719 non
2208 2665 2426 2735 poterit.
2460 2665 2564 2721 Sed
2591 2666 2713 2722 vide
2743 2682 2813 2721 ue
2840 2667 3011 2736 magis
3045 2667 3175 2724 illud
3205 2667 3430 2739 intelligi

1834 2755 2053 2821 debeat,
2089 2757 2235 2825 quod
2275 2757 2367 2826 qui
2404 2772 2555 2822 vero,
2589 2766 2781 2812 etnon
2822 2757 2960 2812 falso
3008 2758 3296 2816 conﬁtetur
3333 2774 3430 2816 ore

1833 2845 2122 2901 Dominum
2143 2844 2351 2912 Jesum,
2373 2855 2427 2900 et
2453 2849 2615 2901 corde
2646 2848 2836 2911 credit,
2864 2849 3071 2917 pariter
3101 2851 3428 2908 conﬁteatur

1833 2952 1892 2991 se
1917 2937 2218 2993 dominatui
2245 2937 2544 3006 subjectum
2570 2953 2690 2994 esse
2715 2939 3014 3008 sapientiae,
3039 2925 3348 3007 etjustitiaé,
3375 2947 3432 2996 et

1832 3029 2080 3083 veritatis
2119 3039 2173 3083 et
2221 3029 2492 3095 omnibus,
2543 3045 2662 3098 quae
2707 3028 2956 3087 Christus
3007 3039 3113 3098 est.
3163 3029 3274 3084 Nec
3325 3030 3431 3085 sibi

1832 3120 1972 3176 ultra
1993 3137 2116 3177 esse
2139 3121 2417 3190 dominum
2443 3137 2828 3186 mammonam,
2857 3121 2910 3175 id
2927 3130 3027 3186 est,
3048 3115 3226 3192 neque
3249 3124 3427 3178 avari-

137 3219 238 3284 tia,
296 3221 398 3278 boc
441 3229 523 3277 est
569 3223 747 3292 reipsa
785 3234 947 3294 atque
993 3225 1187 3280 edectu
1227 3227 1360 3281 nihil
1397 3228 1590 3282 borum
1623 3237 1728 3294 est,

1838 3212 1968 3266 tiam
1993 3211 2095 3266 sibi
2109 3211 2274 3277 ultra,
2293 3226 2469 3282 neque
2483 3210 2780 3279 injustiam,
2811 3227 2987 3280 neque
3011 3208 3429 3281 impudicitiam,

135 3313 270 3366 dum
300 3319 384 3367 est
413 3313 696 3381 parvulus,
731 3316 825 3370 sed
857 3331 978 3370 cum
1007 3317 1235 3385 cmperit
1261 3317 1343 3372 vel
1374 3319 1600 3373 rationis
1613 3319 1729 3386 jatn

133 3417 312 3471 capax
349 3419 466 3459 esse
487 3445 500 3470 ,
533 3405 614 3460 vel
641 3406 843 3476 aliquid
877 3406 1086 3462 fabrilis
1121 3409 1289 3474 artis,
1321 3418 1414 3462 aut
1443 3409 1734 3477 cujuslibet

135 3497 376 3553 alterius
402 3498 646 3564 edicere,
677 3506 804 3554 tunc
827 3500 940 3569 jam
972 3500 1206 3556 eilicacia
1237 3503 1574 3557 rationabilis
1600 3503 1734 3558 dici-

134 3599 250 3654 tur,
297 3590 381 3645 vel
430 3590 582 3647 faber
605 3633 618 3655 ,
665 3593 751 3648 vel
795 3593 841 3648 si
871 3595 999 3664 quid
1035 3594 1178 3649 aliud
1216 3605 1330 3661 est,
1359 3597 1504 3666 quod
1534 3596 1731 3654 effectu

132 3681 323 3750 Operis
352 3683 481 3752 agit.
518 3682 631 3738 Hoc
663 3698 791 3754 ergo
827 3685 986 3739 modo
1029 3686 1192 3740 etiam
1222 3686 1470 3741 Christus
1491 3729 1504 3752 ,
1532 3688 1623 3757 qui
1649 3696 1734 3743 est

140 3772 378 3827 Verbum
404 3773 519 3838 Dei,
550 3773 904 3843 possibilitate
930 3776 1147 3844 quidem
1171 3776 1327 3845 juxta
1350 3793 1470 3843 nos,
1497 3781 1599 3832 hoc
1628 3787 1731 3844 est,

124 3858 286 3928 juxta
315 3876 527 3915 omnem
553 3862 851 3928 hominem,
876 3881 994 3920 esse
1023 3867 1322 3922 credendus
1349 3876 1452 3933 est,
1473 3877 1732 3939 tanquam

133 3952 280 4005 ratio
323 3952 564 4021 parvulis
602 3970 615 4006 :
649 3951 888 4008 ellicacia
936 3972 1061 4010 vero
1101 3966 1226 4012 tunc
1264 3974 1476 4013 mecum
1507 3975 1626 4014 esse
1661 3961 1738 4014 di-

135 4044 304 4109 citur,
337 4059 460 4099 cum
492 4045 546 4098 in
579 4060 674 4100 ore
699 4061 820 4100 meo
849 4048 1130 4102 confessus
1152 4049 1304 4103 fuero
1331 4050 1616 4105 Dominum
1639 4050 1733 4105 Je-

135 4155 277 4202 suin,
333 4147 388 4192 ct
437 4139 488 4192 in
523 4140 686 4194 corde
729 4155 850 4194 meo
894 4141 1176 4196 credidero
1224 4144 1367 4212 quod
1405 4141 1545 4196 Deus
1583 4142 1734 4196 illum

135 4232 432 4286 suscitavit
465 4247 496 4284 a
551 4233 796 4288 mortuis.
831 4233 925 4288 V’is
952 4243 1131 4287 autem
1178 4235 1318 4288 scire
1354 4273 1367 4297 ,
1409 4235 1534 4302 quia
1582 4235 1734 4287 adest

137 4325 363 4391 ubique,
416 4333 470 4377 et
521 4325 730 4378 medius
762 4333 846 4378 est
874 4325 1036 4378 etiam
1069 4339 1258 4378 eorum
1288 4366 1300 4388 ,
1347 4323 1735 4394 qui‘ignorant

135 4432 284 4479 cum,
333 4424 388 4470 et
434 4432 539 4470 non
589 4417 959 4469 confitentur?
1008 4417 1132 4470 audi
1175 4417 1445 4484 quomodo
1496 4415 1734 4469 Joannes

133 4505 384 4575 Baptista
417 4521 483 4559 de
526 4521 591 4560 co
632 4507 748 4559 haec
779 4507 888 4575 ipsa
929 4516 1156 4560 testatur
1193 4525 1204 4560 :
1241 4506 1473 4570 Medius,
1526 4507 1729 4576 inquit,

1833 3319 2010 3373 neque
2070 3305 2413 3361 mendacium
2469 3303 2772 3369 dominari;
2824 3304 2994 3358 semel
3047 3305 3192 3367 enim
3245 3305 3430 3361 Jesum

1833 3396 2115 3452 Christum
2147 3397 2433 3451 Dominqu
2463 3395 2775 3462 confessus,
2818 3397 2949 3451 nulli
2979 3398 3171 3452 horum
3199 3399 3434 3454 servitu-

1835 3497 1942 3544 tem
1991 3489 2293 3558 profitetur,
2341 3489 2436 3544 sed
2476 3497 2532 3546 et
2569 3490 2800 3544 credens
2841 3490 2896 3544 in
2947 3490 3111 3546 corde
3149 3507 3249 3547 suo
3287 3494 3429 3563 quod

1835 3578 1980 3634 Deus
2003 3593 2127 3632 eum
2155 3579 2438 3634 suscitavit
2467 3595 2498 3634 a
2531 3582 2783 3646 mortuis,
2806 3589 3015 3635 certum
3039 3591 3144 3647 est,
3176 3583 3302 3651 quia
3337 3601 3430 3640 su-

1837 3675 2088 3730 scitatum
2125 3691 2247 3730 eum
2275 3675 2343 3729 ad
2373 3674 2928 3750 justiticationemvsui
2956 3677 3164 3731 credit:
3189 3677 3428 3747 alioquin

1837 3767 1965 3836 quid
2020 3766 2265 3835 proderit
2325 3767 2465 3820 scire
2529 3781 2614 3821 me
2673 3775 2728 3821 et
2782 3766 3005 3821 credere
3052 3768 3196 3836 quod
3239 3768 3429 3824 Jesum

1837 3859 1980 3912 Deus
2012 3860 2295 3914 suscitavit
2321 3859 2627 3924 a'mortuis,
2655 3860 2779 3914 siin
2806 3862 3012 3930 meipso
3053 3877 3178 3916 eum
3203 3878 3309 3917 non
3341 3866 3434 3918 ha-

1837 3950 1996 4005 beam
2020 3951 2377 4004 suscitatum?
2420 3949 2560 4020 Ergo
2589 3951 2632 4004 si
2667 3966 2770 4005 non
2801 3951 2854 4004 in
2893 3953 3132 4013 novitate
3166 3953 3290 4007 vita:
3320 3969 3431 4007 am-

1837 4041 1985 4108 bulo,
2005 4050 2059 4097 et
2080 4051 2348 4096 vetustam
2373 4041 2632 4111 peccandi
2656 4043 3107 4098 consuetudinem
3131 4060 3235 4098 non
3263 4045 3429 4116 fugio,

1838 4134 2076 4188 nondum
2102 4134 2234 4188 mihi
2255 4133 2502 4188 Christus
2532 4134 2830 4189 resurrexit
2851 4150 2881 4188 a
2907 4136 3152 4190 mortuis.
3182 4136 3344 4209 (66.)
3375 4139 3432 4192 In

1839 4224 2002 4279 corde
2039 4234 2220 4277 autem
2246 4223 2481 4279 lideliuin
2515 4232 2625 4277 tres
2647 4238 2990 4296 summopere
3016 4241 3236 4282 manere
3264 4229 3434 4283 virtu-

1837 4324 1922 4371 tes
1942 4302 2172 4371 testatur:
2192 4314 2514 4384 Apostolus,
2545 4315 2730 4370 dicens
2761 4328 2775 4367 :
2812 4313 2988 4395 Nunc
3009 4327 3186 4395 autem
3216 4331 3427 4373 manent

1838 4408 1989 4476 fides,
2021 4411 2174 4478 'spes,
2233 4407 2483 4472 charitas,
2533 4422 2668 4476 quas
2709 4415 2935 4461 cunctas
2979 4394 3153 4462 Subita
3195 4410 3431 4480 repletus

1843 4507 2036 4575 gratia,
2070 4516 2123 4559 et
2158 4508 2366 4572 accepit
2394 4503 2556 4565 latro,
2587 4512 2640 4555 et
2669 4503 2902 4556 servavit
2931 4502 2980 4554 in
3011 4517 3194 4557 cruce.
3241 4505 3426 4559 Fidem

136 4614 364 4651 restrain
409 4609 509 4652 stat
544 4639 558 4663 ,
607 4614 764 4666 quem
815 4617 901 4652 eos
935 4600 1172 4663 uescitis',
1213 4601 1302 4669 qui
1343 4609 1456 4667 post
1487 4617 1565 4652 me
1601 4602 1730 4654 venit
1763 4593 1811 4650 D
1840 4613 2071 4666 namque
2136 4597 2345 4659 habuit,
2399 4595 2488 4662 qui
2547 4602 2894 4663 regnaturum
2957 4595 3126 4648 Deum
3176 4598 3428 4662 credidit,

135 4693 322 4758 (.a'mm.
357 4689 419 4761 ι).
465 4691 564 4742 Est
595 4706 722 4759 ergo
771 4690 978 4742 medius
1007 4691 1169 4743 etiam
1203 4692 1344 4743 inter
1371 4705 1465 4744 eos
1491 4691 1580 4758 qui
1607 4705 1731 4744 eum

138 4786 408 4844 nesciunt,
465 4784 560 4837 sed
611 4782 965 4851 possibilitate
1001 4785 1078 4837 eis
1104 4784 1310 4837 melius
1335 4792 1438 4847 est,
1485 4800 1586 4838 non
1623 4783 1732 4838 elli-

135 4877 290 4930 cacia
330 4891 342 4926 :
378 4883 602 4943 possunt
629 4873 772 4926 enim
813 4889 936 4926 eum
972 4889 1186 4942 capere,
1230 4875 1322 4928 sed
1361 4876 1600 4929 nondum
1641 4892 1733 4930 ca-

135 4968 316 5037 piunt.
348 4963 598 5018 Bllionem
628 4980 757 5018 vero
785 4964 863 5017 vel
891 4962 1175 5039 elﬁcientia
1207 4966 1348 5018 inter
1376 4966 1493 5018 illos
1523 4968 1733 5022 medius

135 5070 223 5113 cst
253 5059 451 5126 quibus
488 5057 703 5112 dicebat
739 5075 750 5109 :
792 5055 1093 5127 Ubicunque
1131 5058 1322 5125 fuerint
1363 5059 1467 5112 duo
1495 5060 1571 5113 vel
1598 5070 1732 5124 (res,

138 5153 444 5223 congregati
485 5153 539 5204 iu
586 5152 792 5204 nomine
822 5168 956 5216 meo,
988 5152 1058 5204 ibi
1107 5169 1221 5205 sum
1271 5154 1324 5206 in
1355 5154 1524 5206 medio
1554 5171 1734 5208 eorum

144 5243 373 5314 (Matth.
401 5241 683 5314 xvtu).lsti
712 5242 854 5296 enim
879 5242 1277 5296 confitebantur
1306 5235 1478 5298 inore
1505 5260 1600 5297 suo
1625 5244 1732 5297 Do-

141 5338 354 5392 tninum
381 5334 588 5400 Jesum,
607 5344 661 5388 et
687 5335 978 5390 credebant
1002 5335 1054 5388 in
1089 5335 1248 5399 corde
1274 5350 1392 5396 suo,
1412 5334 1556 5403 quod
1588 5336 1732 5388 Deus

141 5432 298 5485 illum
332 5430 612 5486 suscitavit
653 5447 681 5483 a
715 5430 963 5494 mortuis,
998 5429 1233 5498 alioquin
1261 5429 1555 5482 absurdum
1589 5429 1736 5483 vidc-

146 5532 261 5589 tur,
288 5524 332 5578 si
355 5533 409 5579 et
430 5523 570 5577 inter
591 5538 704 5586 eos,
729 5523 820 5592 qui
845 5523 896 5575 in
923 5521 1138 5575 nomine
1158 5519 1274 5588 ejus
1315 5530 1730 5591 congregantur,

144 5615 364 5670 medius
398 5630 517 5668 esse
543 5614 772 5678 dicitur,
820 5623 874 5669 et
900 5615 1040 5667 inter
1065 5629 1160 5668 eos
1189 5613 1278 5682 qui
1312 5627 1435 5667 eum
1464 5613 1734 5678 nesciunt,

145 5711 256 5765 nisi
285 5709 588 5780 hujusmodi
612 5707 912 5763 diﬂ'crentia
945 5717 1213 5773 teneatur,
1249 5707 1390 5776 quod
1420 5706 1559 5760 inter
1587 5705 1737 5776 igno-

151 5812 362 5869 rantes,
379 5811 434 5859 et
466 5803 706 5861 nondum
723 5802 1008 5859 credentes
1031 5801 1393 5871 possibilitate
1421 5801 1631 5857 medius
1654 5800 1736 5856 di-

1839 4706 2000 4760 qucm
2041 4704 2224 4744 secum
2259 4687 2462 4756 pariter
2502 4687 2821 4739 morientem
2853 4688 3016 4748 vidit;
3058 4702 3206 4756 spem
3240 4689 3429 4743 habuit

1837 4787 1927 4856 qui
1958 4783 2105 4854 regni
2145 4782 2261 4850 ejus
2302 4781 2504 4834 aditum
2549 4780 2856 4850 postulavit,
2895 4782 3077 4835 dicens
3115 4801 3127 4835 :
3164 4779 3428 4836 Memento

1839 4879 1953 4936 mei,
1986 4893 2101 4930 cum
2131 4875 2326 4929 rcneris
2354 4874 2406 4926 iu
2438 4889 2653 4941 regnum
2676 4882 2819 4925 tuum
2853 4872 3004 4940 (Luc.
3026 4874 3202 4941 XXIII).
3230 4875 3427 4928 Chari-

1839 4978 2006 5023 tatcm
2037 4981 2248 5036 quoque
2274 4966 2325 5017 in
2361 4971 2533 5017 morte
2564 4978 2660 5016 sua
2688 4963 2948 5016 vivaciter
2978 4966 3168 5026 tenuit,
3202 4966 3291 5034 qui
3325 4965 3428 5018 fra-

1840 5070 1975 5116 trem
2017 5068 2069 5114 ct
2111 5060 2460 5114 eollatronem
2499 5073 2596 5126 pro
2629 5057 2787 5112 simili
2838 5058 3045 5113 scelere
3075 5060 3421 5121 morientem,

1837 5163 1891 5208 et
1917 5155 1982 5207 dc
2013 5154 2295 5222 iniquitate
2323 5168 2417 5206 sua
2448 5154 2645 5222 arguit,
2675 5160 2728 5205 et
2748 5151 2794 5204 ei
2821 5152 3005 5213 vitam,
3035 5167 3196 5218 quam
3228 5169 3427 5220 cogno-

1839 5253 1989 5299 verat
2012 5244 2321 5313 prmdieavit
2344 5245 2532 5298 dicens
2556 5258 2568 5295 :
2600 5243 2775 5308 Neque
2797 5251 2850 5292 tu
2876 5241 3023 5293 limes
3052 5241 3236 5303 Deum,
3260 5247 3346 5312 qui
3371 5243 3423 5294 in

1839 5337 2018 5390 eadem
2038 5335 2373 5388 damnatione
2394 5351 2468 5397 es,
2492 5345 2538 5387 et
2566 5350 2655 5386 nos
2679 5325 2888 5400 quidem
2917 5331 3053 5395 iuste
3080 5350 3098 5386 :
3125 5348 3243 5382 nam
3267 5332 3426 5399 digna

1840 5429 1995 5498 factis
2028 5426 2321 5497 recipimus,
2346 5426 2426 5477 hic
2450 5441 2563 5477 vero
2587 5423 2716 5476 nihil
2744 5422 2880 5475 male
2909 5422 3065 5491 gessit
3095 5420 3303 5491 (ΗΜΛ).
3334 5420 3428 5473 Ille

1842 5525 1934 5594 qui
1977 5523 2098 5576 talis
2134 5522 2198 5575 ad
2244 5536 2454 5575 crucem
2499 5517 2649 5572 venit
2687 5535 2753 5572 ex
2784 5516 2939 5583 culpa
2962 5555 2977 5577 ,
3013 5529 3158 5577 ecce,
3185 5513 3360 5581 qualis
3397 5529 3430 5565 a

1843 5629 2003 5670 cruce
2033 5613 2237 5667 recedit
2271 5612 2337 5664 ad
2363 5608 2596 5679 gratiam
2649 5603 3032 5658 Conlitebatur
3052 5605 3215 5657 Deum
3238 5639 3253 5666 ,
3273 5618 3436 5670 quem

1845 5707 2059 5762 videbat
2121 5717 2300 5758 secum
2368 5698 2615 5753 burnan'a-
2667 5696 2998 5753 inﬁrmitate
3070 5693 3388 5748 morientem
3427 5731 3442 5756 ,

1845 5797 2064 5870 quando
2097 5793 2367 5862 negabant
2403 5786 2657 5855 apostoli,
2703 5785 2800 5854 qui
2841 5799 2973 5840 eum
3013 5779 3264 5838 miracula
3294 5779 3448 5834 vide-
