3948 6328
522 393 655 449 1511
698 382 701 383 ν

1158 388 1220 442 B.
1254 384 1511 441 mnam
1547 380 1767 439 MAURI
1802 375 2122 434 ARCHIEP.
2161 334 2471 432 uocum.
2513 370 2797 430 omnem
2834 370 3012 426 PARS
3046 372 3134 426 ιιι.

3654 368 3778 423 1512

521 512 645 559 rant
665 502 847 558 divina
863 499 1065 554 virtute
1091 498 1397 555 facientem".
1430 492 1537 552 Sed
1557 496 1634 560 hi,
1661 494 1751 563 qui
1776 490 1969 548 salvari
1996 490 2095 545 ho-
2122 496 2176 555 Α
2198 485 2513 541 invocaverit
2534 501 2720 538 nomen
2743 484 2953 539 Domini
2989 482 3162 537 salvus
3191 490 3312 535 erit.
3339 480 3581 553 (Ambr.)
3609 480 3664 533 In
3690 471 3779 534 bii-

522 594 722 649 minem
742 592 975 662 propriis
998 590 1201 646 viribus
1233 596 1500 651 astruunt,
1527 586 1771 671 eamdem
1799 584 2094 641 confessio-

522 700 642 740 nem
676 685 912 739 hominis
951 686 1018 739 ab
1068 683 1235 753 ipsius
1270 697 1391 738 esse
1416 683 1615 736 virtute
1650 677 1885 734 hominis
1922 676 2097 745 suspi-

521 785 746 842 cantur;
776 777 919 846 quod
964 777 1009 831 si
1052 776 1130 832 ita
1181 786 1345 841 esset,
1378 777 1431 830 in
1479 776 1572 829 Dei
1622 774 1777 829 laude
1807 772 2094 829 Psalmista

519 884 626 926 non
668 849 871 924 diceret
911 868 1083 941 (Psal.
1127 870 1216 940 cx)
1250 857 1261 923 Ξ
1302 866 1573 945 Confessio
1616 878 1666 923 et
1704 868 2097 937 magniﬁcentia

519 974 649 1027 opus
686 958 820 1027 ejus.
862 957 944 1013 Ab
972 973 1037 1012 eo
1068 958 1248 1027 itaque
1283 958 1590 1026 accepimus
1616 964 1760 1011 recta
1791 955 2042 1011 conﬁteri
2065 970 2095 1007 a

520 1065 628 1119 quo
655 1050 810 1105 nobis
835 1057 889 1104 et
920 1064 1113 1120 magna
1148 1050 1347 1104 dantur
1380 1048 1619 1119 operari,
1647 1047 1887 1109 adhunc
1916 1054 2096 1101 autem

517 1154 738 1195 sensum
766 1140 928 1193 etiam
950 1155 1013 1194 ea
1036 1141 1381 1205 conveniunt,
1406 1156 1529 1210 quae
1552 1146 1854 1208 sequuntur
1879 1157 1892 1191 :

590 1232 728 1285 Dicit
767 1232 903 1285 enim
950 1230 1255 1302 Scriptura,
1298 1232 1479 1287 Omnis
1514 1233 1602 1303 qui
1641 1233 1803 1287 credit
1840 1234 1893 1286 in
1922 1230 2095 1297 illum,

518 1339 621 1377 non
657 1321 1022 1391 confundetur.
1063 1320 1084 1392 (
1111 1321 1305 1393 Orig.)
1342 1321 1455 1378 Hoc
1496 1332 1675 1377 autem
1718 1322 1857 1393 apud
1904 1322 2095 1376 Isaiam

516 1412 771 1481 scriptum
802 1419 905 1476 εει,
956 1412 1097 1480 (ιιιοά
1138 1412 1183 1465 si
1216 1413 1391 1467 omnis
1430 1413 1519 1482 qui
1554 1414 1726 1467 credit
1761 1414 1811 1465 in
1840 1429 1962 1467 eum
1991 1428 2096 1466 non

514 1501 808 1565 erubescit,
851 1501 1125 1555 erubescit
1153 1512 1333 1556 autem
1381 1504 1554 1556 omnis
1585 1503 1675 1571 qui
1705 1512 1912 1571 peccat,
1960 1502 2100 1556 sicut

514 1598 568 1645 et
596 1590 766 1645 Adam
791 1590 1053 1660 peccavit,
1096 1599 1149 1645 et
1177 1591 1411 1657 erubuit,
1460 1600 1513 1644 et
1551 1589 1831 1645 abscondit
1860 1607 1915 1645 se
1956 1606 1970 1644 :
2006 1593 2099 1659 qui

513 1681 689 1735 adhuc
720 1695 840 1734 cum
871 1679 1121 1735 ruborem
1161 1681 1368 1748 peccati
1401 1681 1693 1735 incurrerit
1730 1681 1952 1735 credere
1990 1697 2098 1735 non

512 1771 743 1849 videtur.
793 1770 1018 1841 (Δηώ.)
1070 1770 1202 1826 Cum
1249 1774 1393 1826 enim
1432 1788 1659 1828 examen
1708 1775 1933 1843 coeperit
1980 1773 2095 1843 fieri

2195 579 2344 633 chma
2365 576 2569 629 dictum
2590 582 2705 639 est;
2733 574 2845 642 ipse
2875 574 3018 628 enim
3040 574 3181 627 Deus
3202 573 3294 641 qui
3318 573 3472 626 visus
3494 579 3578 625 est
3599 569 3777 641 Moysi,

2199 669 2345 733 dicit,
2379 685 2397 718 ι
2430 681 2627 722 nomen
2649 664 2779 719 mihi
2800 664 3057 719 Dominus
3086 672 3221 719 εει.»
3255 662 3355 716 Hic
3375 672 3461 716 est
3485 662 3650 716 Filius
3666 660 3777 724 Dei,

2198 761 2287 832 qui
2312 760 2432 814 ideo
2453 768 2507 813 et
2530 757 2752 828 angelus
2768 764 2823 811 et
2833 756 2973 811 Deus
2994 770 3112 809 esse
3132 754 3309 808 dictus
3331 762 3436 817 est,
3462 761 3523 806 ut
3548 769 3651 807 non
3676 753 3781 821 ipse

2197 865 2336 915 esse,
2365 866 2395 903 a
2425 862 2532 917 quo
2555 855 2680 901 sunt
2701 845 2905 909 omnia,
2937 853 3251 915 putaretur,
3287 842 3383 898 sed
3425 841 3514 895 hic
3544 858 3662 897 esse
3692 854 3783 909 per

2197 955 2355 1010 quem
2380 948 2505 993 sunt
2522 937 2726 1002 omnia,
2742 944 2801 990 ut
2821 936 2888 1007 ad
2911 934 2963 988 id
2989 936 3274 1005 pertineat,
3298 933 3423 1003 quia
3451 932 3591 987 Deus
3612 932 3783 985 dictus

2197 1038 2298 1093 est,
2315 1030 2458 1098 quod
2475 1024 2639 1082 unum
2664 1034 2789 1081 sunt
2802 1026 2961 1080 Pater
2975 1034 3030 1079 et
3044 1025 3243 1090 Filius;
3263 1025 3504 1096 Angelus
3529 1022 3782 1078 autemad

2198 1124 2323 1187 hoc,
2339 1124 2465 1192 quia
2479 1121 2703 1175 nuntius
2714 1119 2993 1189 promissa:
3015 1117 3204 1172 salutis
3226 1127 3309 1171 est
3334 1120 3529 1172 missus
3552 1134 3582 1170 a
3603 1117 3779 1171 Patre.

2197 1216 2266 1270 Et
2288 1215 2482 1268 missus
2511 1212 2630 1267 ideo
2657 1212 2874 1277 dicitur,
2897 1219 2958 1265 ut
2982 1226 3084 1265 non
3119 1211 3233 1279 ipse
3262 1208 3427 1264 Pater
3457 1224 3577 1263 esse
3603 1212 3785 1263 creda-

2201 1315 2309 1370 tur,
2344 1304 2436 1359 sed
2465 1304 2532 1357 ab
2561 1318 2625 1357 eo
2648 1302 2883 1373 genitus,
2914 1302 3139 1371 ideoque
3162 1302 3785 1373 quicunque'invocarerit

2202 1413 2387 1450 nomen
2401 1394 2615 1448 Domini
2637 1394 2810 1448 salvus
2833 1395 2950 1447 erit.
2969 1393 3081 1449 Hoc
3102 1410 3264 1449 sensu
3282 1394 3562 1464 etMoyses
3586 1394 3786 1449 loeutus

2200 1494 2281 1541 est
2307 1484 2485 1555 (Deut.
2521 1484 2699 1555 xviii),
2735 1502 2753 1533 ι
2775 1483 3116 1553 Quicunque,
3140 1486 3237 1548 ait,
3264 1500 3367 1538 non
3396 1485 3628 1539 audierit
3662 1484 3785 1537 Pco-

2201 1576 2417 1645 phctam
2452 1573 2622 1638 illum,
2660 1574 3110 1629 exterminabitur
3136 1575 3201 1628 de
3228 1575 3403 1644 plebe.
3435 1594 3452 1627 i
3483 1574 3541 1629 Si
3574 1571 3683 1644 ipse
3708 1584 3786 1629 est

2199 1664 2441 1719 omnium
2481 1663 2758 1725 Dominus,
2796 1663 2911 1732 ipse
2952 1673 3234 1718 .nvocatur
3284 1679 3315 1715 a
3366 1665 3561 1717 servis.
3595 1662 3785 1733 (θήρ.)

2203 1756 2394 1810 Sermo
2453 1764 2631 1809 tamen
2677 1754 2783 1815 hic,
2820 1770 2980 1823 quem
3034 1754 3185 1824 ponit
3240 1755 3557 1824 Apostolus,
3594 1755 3644 1809 id
3686 1764 3785 1818 est,

512 1846 755 1917 omnium
784 1878 964 1917 rerum
1002 1840 1058 1917 in
1089 1864 1173 1918 die
1207 1861 1415 1931 iudicii,
1465 1873 1517 1919 ει
1555 1866 1735 1919 omnia
1784 1840 1919 1919 falsa
1948 1840 2097 1920 οδω,
2124 1840 2172 1899 Β
2206 1868 2223 1898 ι
2248 1852 2556 1919 quicunque
2579 1849 2913 1903 invocaverit
2939 1864 3138 1904 nomen
3158 1848 3390 1911 Domini,
3423 1849 3603 1902 salvus
3630 1850 3780 1911 erit,»

516 1961 691 2005 menta
741 1952 823 2006 vel
865 1952 1116 2023 dogmata
1162 1954 1215 2007 in
1263 1953 1575 2009 confusione
1619 1955 1828 2019 deduci,
1878 1963 1991 2009 tum
2040 1956 2093 2008 in

510 2040 785 2095 Christum
819 2042 1102 2098 credentes
1137 2044 1525 2113 tripudiabunt,
1567 2047 1809 2101 videntes
1845 2048 2096 2101 omnibus

512 2130 852 2185 manifestari
880 2171 894 2196 ,
930 2132 1056 2200 quia
1104 2134 1246 2201 quod
1292 2136 1637 2190 crediderunt
1679 2152 1861 2191 verum
1905 2146 2003 2201 est,
2044 2146 2099 2191 et

510 2221 768 2292 prudens,
816 2223 959 2291 quod
992 2225 1285 2292 putabatur
1336 2227 1577 2280 stultum.
1630 2228 1907 2294 Aspicient
1952 2228 2096 2281 enim

513 2310 658 2365 inter
680 2318 904 2366 caeteros
948 2327 1007 2366 εε
1047 2313 1189 2367 solos
1230 2325 1285 2369 et
1312 2315 1573 2385 gloriosos
1607 2326 1660 2370 et
1688 2316 1979 2385 prudentes
2006 2318 2096 2385 qui

513 2401 767 2455 aestimati
817 2400 1034 2456 fuerant
1061 2406 1492 2474 contemptibiles
1520 2415 1574 2459 et
1603 2407 1770 2460 stulti.
1804 2407 1914 2461 lilic
1951 2409 2099 2462 enim

515 2506 643 2546 vera
666 2491 911 2561 probatio
935 2492 1026 2546 ubi
1066 2495 1429 2549 remuneratio
1466 2504 1519 2549 et
1540 2496 1939 2570 condemnatio.
1973 2496 2095 2550 Non

513 2584 651 2637 enim
687 2584 949 2639 distinctio
975 2586 1169 2651 Judaei
1192 2597 1239 2640 et
1266 2586 1455 2641 Graeci.
1492 2588 1714 2658 (Amb.)
1760 2588 2097 2643 Generaliter

514 2688 704 2731 omnes
734 2684 828 2732 aut
858 2677 1114 2733 confundi
1157 2686 1374 2748 propter
1404 2676 1752 2733 diiiidentiam
1804 2679 1952 2743 dicit,
2005 2688 2123 2732 aut.

513 2768 794 2824 sublimari
824 2786 986 2825 causa
1016 2771 1370 2835 credulitatis,
1415 2771 1539 2839 quia
1569 2770 1684 2824 sine
1714 2770 1931 2824 Christo
1957 2771 2097 2839 apud

514 2858 683 2914 Deum
724 2862 868 2916 nulla
895 2862 1039 2917 salus
1059 2870 1163 2927 est,
1201 2862 1309 2916 imo
1338 2877 1493 2931 poena
1522 2870 1625 2924 est,
1660 2870 1751 2913 aut
1780 2876 1948 2915 mors.
1989 2860 2095 2915 Nec

512 2949 727 3005 Iudaeos
769 2952 914 3005 enim
960 2953 1337 3009 commendare
1374 2952 1573 3020 poterit
1614 2953 1966 3021 prmrogativa
1996 2952 2095 3004 Pa-

518 3049 657 3093 trum
706 3048 797 3094 aut
841 3040 1126 3111 legislatio,
1162 3043 1251 3111 qui
1298 3043 1545 3096 meritum
1583 3050 1637 3095 et
1682 3042 2096 3111 promissionem

513 3129 732 3185 Patrum
769 3147 875 3186 non
916 3140 1235 3202 receperunt
1265 3152 1277 3185 :
1309 3132 1510 3187 Gentes
1550 3141 1729 3186 autem
1765 3131 1967 3185 nullum
2000 3133 2097 3186 ha-

514 3224 644 3278 bent
676 3223 1073 3287 testimonium,
1118 3239 1229 3292 quo
1260 3224 1341 3277 vel
1374 3223 1666 3279 secundum
1697 3239 1916 3277 carnem
1948 3238 2095 3277 com-

514 3312 859 3377 mendentur,
910 3313 1015 3367 nisi
1055 3313 1279 3368 credant
1328 3314 1383 3367 in
1430 3312 1722 3368 Christum.
1771 3312 1913 3366 Nam
1958 3313 2094 3366 idem

514 3400 770 3465 Dominus
812 3403 1076 3467 omnium,
1113 3402 1250 3457 dives
1280 3404 1334 3455 in
1373 3404 1611 3457 omnibus
1643 3405 1732 3472 qui
1768 3404 2006 3456 invocant
2035 3402 2096 3455 il-

515 3492 644 3545 lum.
694 3491 1037 3547 Manifestum
1083 3502 1163 3549 est
1206 3494 1273 3547 ad
1304 3510 1491 3549 omnes
1534 3496 1637 3548 hoc
1685 3494 1954 3564 pertinere
1986 3495 2098 3548 sive

516 3580 730 3636 Judueos
760 3582 874 3638 sive
902 3583 1149 3648 Graecos,
1189 3585 1312 3653 quia
1355 3586 1469 3639 sine
1505 3585 1840 3639 invocatione
1885 3584 2095 3640 Domini

513 3673 712 3728 Christi
743 3688 900 3728 nemo
924 3675 1055 3729 vivit
1085 3676 1223 3746 apud
1267 3676 1453 3730 Deum.
1497 3674 1709 3747 (0rig.)
1741 3676 1891 3741 Quod
1917 3684 2094 3730 autem

516 3763 657 3818 idem
687 3764 757 3819 sit
782 3763 1040 3820 Dominus
1063 3767 1324 3831 omnium,
1358 3769 1431 3821 ita
1462 3767 1833 3836 accipiendum
1871 3776 1971 3831 est,
1996 3768 2097 3821 hoc

520 3863 625 3919 est,
655 3856 697 3909 si
726 3854 1114 3926 justitiaqnobis
1153 3865 1208 3911 et
1234 3858 1434 3911 veritas
1468 3866 1523 3910 et
1552 3858 1844 3927 sapientia,
1887 3867 1939 3912 et
1974 3873 2096 3912 san-

515 3946 795 4011 ctiﬁcatio,
822 3948 964 4018 quod
986 3940 1157 4003 totum
1181 3948 1521 4003 esthristus
1545 3948 1820 4013 Dominus,
1848 3949 2093 4004 domine-

515 4044 634 4101 tur;
669 4038 784 4091 hare
808 4038 949 4091 enim
980 4046 1105 4091 sunt
1130 4038 1351 4103 divitias,
1384 4048 1443 4091 ut
1473 4048 1593 4107 pote
1630 4040 1683 4091 in
1722 4056 1824 4108 quo
1865 4040 2096 4093 thesauri

514 4128 782 4196 sapientia:
839 4136 889 4180 et
937 4128 1167 4180 scientia:
1207 4136 1327 4180 sunt
1380 4128 1672 4180 absconditi
1704 4124 1939 4197 (Coloss.
1974 4128 2091 4197 u);

515 4231 651 4285 quas
692 4226 872 4271 tamen
901 4217 1116 4271 divitias
1153 4233 1257 4271 non
1300 4217 1435 4271 dixit
1481 4217 1666 4287 largiri
1694 4234 1815 4272 eum
1840 4218 2101 4279 omnibus

516 4308 866 4373 hominibus,
920 4310 1011 4363 sed
1062 4311 1310 4364 omnibus
1372 4297 1678 4380 quicunque
1724 4311 2096 4365 invocaverint

516 4415 710 4454 nomen
749 4397 883 4467 ejus.
919 4399 1114 4469 (Amb.
1142 4400 1160 4469 )
1192 4400 1323 4455 Cum
1370 4417 1498 4470 ergo
1543 4403 1783 4455 omnium
1834 4402 2097 4456 Dominus

2198 1945 2339 2012 apud
2357 1942 2471 1996 Joel
2492 1941 2811 2012 prephetam
2843 1944 2945 1996 hoc
2972 1942 3129 1996 modo
3150 1941 3387 2011 scriptus
3410 1949 3533 1995 est:
3569 1942 3635 1993 Et
3658 1940 3787 1993 dabo

2196 2037 2432 2105 prodigia
2462 2038 2515 2088 in
2539 2035 2664 2087 caelo
2688 2050 2919 2100 sursum,
2949 2044 2996 2089 et
3020 2038 3075 2089 in
3098 2046 3241 2089 terra
3272 2035 3520 2089 deorsum
3539 2076 3552 2097 ,
3582 2035 3789 2103 sangui-

2165 2157 2169 2161 -
2199 2144 2313 2180 nem
2349 2137 2396 2179 et
2428 2128 2597 2194 ignem
2628 2138 2676 2181 et
2708 2144 2952 2197 vaporem
2982 2128 3138 2196 fumi,
3168 2126 3245 2180 sol
3285 2136 3619 2180 convertetur
3641 2128 3695 2178 in
3721 2135 3789 2179 te-

2200 2216 2383 2269 nebras
2407 2256 2419 2280 ,
2446 2225 2491 2269 et
2523 2216 2649 2270 luna
2681 2219 2735 2271 in
2766 2218 3101 2288 sanguinem,
3143 2218 3451 2289 priusquam
3485 2217 3656 2271 veniat
3684 2218 3785 2270 dies

2196 2307 2408 2360 Domini
2438 2324 2681 2377 magnus,
2710 2318 2756 2361 et
2793 2310 3078 2373 horribilis,
3107 2319 3153 2362 et
3182 2310 3300 2374 erit,
3328 2311 3628 2379 quicunque
3652 2311 3777 2362 into

2197 2400 2387 2452 caverit
2437 2416 2620 2453 nomen
2648 2400 2861 2453 Domini
2898 2400 3075 2453 salvus
3104 2401 3199 2453 erit
3224 2400 3242 2470 (
3264 2400 3402 2453 Joel.
3434 2416 3472 2453 ιι
3497 2399 3514 2468 )
3542 2416 3557 2464 ;
3586 2401 3776 2453 videtui

2198 2490 2331 2543 mihi
2362 2499 2539 2543 tamen
2586 2490 2790 2558 grande
2824 2489 3026 2558 aliquid
3055 2489 3107 2542 in
3141 2488 3441 2557 Scripturis
3467 2490 3666 2542 divinis
3695 2490 3785 2543 sub

2199 2584 2302 2637 hoc
2349 2583 2709 2637 invocationis
2755 2583 2972 2636 nomine
3020 2582 3334 2652 designari,
3384 2596 3495 2635 non
3546 2582 3690 2634 enim
3728 2580 3786 2634 de

2199 2673 2663 2742 qualibuseunque
2695 2674 2847 2738 viris,
2874 2674 2966 2727 sed
3006 2675 3070 2727 de
3098 2673 3413 2741 ingentibus
3432 2673 3786 2743 et'praecipuis

2199 2749 2473 2827 scribitur,
2509 2762 2653 2831 quod
2683 2783 2700 2812 ί
2738 2764 2882 2817 Enos
2914 2764 3118 2832 primus
3154 2763 3392 2831 speravit
3418 2763 3673 2817 invocnre
3700 2779 3786 2817 no-

2199 2868 2320 2905 men
2359 2852 2594 2916 Domini;
2623 2861 2677 2907 ει
2705 2854 2758 2905 in
2788 2852 3016 2906 Psalmis
3042 2871 3055 2906 :
3085 2852 3289 2922 Moyses
3318 2863 3367 2906 et
3404 2855 3589 2907 Aaron
3628 2856 3680 2905 in
3703 2870 3785 2907 sa-

2200 2943 2494 2996 cerdotibus
2524 2945 2659 3013 ejus,
2687 2955 2733 2997 et
2762 2944 3000 3009 Samuel,
3025 2946 3081 2998 in
3102 2946 3181 2998 his
3220 2947 3309 3015 qui
3337 2947 3583 2999 invocant
3614 2964 3786 3001 nomen

2205 3035 2340 3103 ejus.
2373 3035 2699 3088 [avocabant
2740 3034 3023 3088 Dominum
3048 3046 3097 3089 et
3129 3038 3238 3105 ipse
3266 3037 3583 3090 exaudiebat
3610 3054 3713 3101 eos,
3740 3038 3787 3093 iu

2202 3125 2445 3177 columna
2476 3124 2626 3178 nubis
2648 3124 2955 3195 loquebatur
2975 3127 3043 3179 ad
3078 3143 3162 3180 eos
3190 3127 3207 3182 (
3233 3124 3383 3181 Psal.
3420 3131 3649 3198 xcvm).

2275 3218 2548 3281 Quomodo
2572 3234 2692 3287 ergo
2712 3220 3027 3272 invocabant
3052 3221 3106 3272 in
3129 3236 3282 3290 quem
3300 3236 3406 3275 non
3437 3221 3785 3275 crediderunt.

2202 3306 2440 3377 (Oi-ig.)
2492 3306 2772 3361 Manifeste
2812 3323 2909 3377 per
2956 3310 3087 3375 hoc,
3135 3310 3278 3379 quod
3327 3311 3481 3376 dicit,
3533 3311 3786 3381 quomodo

2200 3412 2320 3464 ergo
2348 3396 2660 3449 invocabant
2687 3398 2741 3450 in
2767 3414 2916 3467 quem
2944 3416 3045 3451 non
3082 3400 3464 3455 crediderunt?
3489 3401 3622 3455 Illud
3653 3402 3792 3471 quod

2200 3486 2451 3553 superius
2478 3487 2657 3554 posuit
2686 3487 2752 3540 de
2776 3488 3038 3559 propheta
3066 3489 3292 3556 dictum,
3324 3493 3452 3561 quia
3480 3494 3651 3547 omnis
3675 3493 3792 3562 qui-

2200 3594 2402 3647 cunque
2444 3578 2757 3632 invocaverit
2816 3596 3003 3633 nomen
3049 3580 3261 3635 Domini
3308 3581 3491 3637 salvus
3542 3584 3641 3636 erit
3666 3623 3681 3647 ,
3726 3582 3791 3636 ad

2199 3668 2471 3722 Christum
2528 3669 2813 3723 Dominum
2862 3669 3043 3724 docuit
3088 3669 3452 3726 referendum.
3494 3672 3787 3742 Postquam

2199 3760 2342 3816 enim
2375 3760 2511 3814 dixit
2544 3779 2555 3813 :
2585 3760 2769 3814 Omnis
2792 3762 3087 3831 quicunque
3113 3763 3430 3816 invocaverit
3460 3780 3649 3817 nomen
3693 3764 3795 3817 Do-

2197 3850 2346 3915 mini,
2390 3849 2566 3902 satvus
2596 3850 2716 3914 erit,
2758 3848 3067 3919 subiungit:
3102 3850 3376 3916 Quomodo
3418 3869 3543 3923 ergo
3575 3855 3790 3911 invoca-

2199 3939 2347 4002 bunt,
2392 3939 2446 3991 in
2474 3954 2626 4007 quem
2660 3956 2763 3993 non
2793 3940 3164 3995 crediderunt?
3188 3940 3405 3997 Christo
3426 3943 3574 3997 enim
3622 3942 3790 3998 Judaei

2198 4044 2306 4081 non
2333 4029 2697 4083 crediderunt.
2730 4028 2833 4083 Sed
2865 4042 2919 4084 et
2956 4031 3010 4084 in
3042 4031 3309 4101 principio
3342 4033 3610 4103 epistolae,
3632 4049 3789 4102 quam

2197 4118 2489 4174 Corinthiis
2520 4121 2739 4185 scribit,
2768 4122 2857 4176 ubi
2891 4122 3021 4176 dicit
3055 4138 3067 4175 :
3106 4120 3238 4178 Cum
3262 4125 3505 4179 omnibus
3529 4128 3623 4195 qui
3653 4128 3790 4181 inro-

2195 4220 2317 4263 cant
2353 4227 2538 4285 nomen
2577 4212 2790 4265 Domini
2836 4223 2999 4267 nostri
3034 4205 3163 4267 Iesu
3193 4214 3390 4269 Christi
3412 4217 3469 4269 in
3498 4218 3643 4271 omni
3680 4218 3787 4271 ioco

2198 4302 2431 4371 ipsorum
2464 4312 2512 4356 et
2541 4314 2744 4368 nostro,
2781 4319 2905 4358 eum
2934 4303 3089 4373 cujus
3134 4322 3329 4361 nomen
3359 4307 3650 4362 invocatur
3685 4309 3786 4362 Do-

2196 4394 2405 4447 minum
2435 4391 2617 4448 Jesum
2648 4395 2923 4449 Christum
2955 4410 3077 4450 esse
3109 4397 3451 4472 pronu_ntiat.
3499 4397 3557 4452 Si
3588 4414 3717 4470 ergo
3737 4408 3785 4453 et

516 4490 587 4543 sit
616 4489 987 4543 consentiente
1024 4490 1182 4544 Petro
1210 4490 1450 4559 apostolo
1486 4484 1539 4546 et
1565 4492 1777 4546 dicente
1807 4509 1821 4546 :
1852 4492 1955 4545 Hic
1996 4503 2089 4558 est,
2120 4520 2174 4582 Β
2199 4484 2364 4582 E008.
2411 4494 2468 4537 ει
2492 4483 2721 4582 Μογξθε,
2762 4494 2817 4538 ει
2840 4488 3039 4551 Aaron.
3065 4494 3119 4540 ει
3157 4486 3375 4540 Samuel
3413 4505 3430 4537 ι
3463 4488 3779 4543 inﬂict!le

521 4579 733 4648 inquit,
788 4580 1018 4631 omnium
1071 4580 1351 4645 Dominus,
1396 4581 1546 4636 dives
1590 4594 1767 4637 tamen
1826 4598 1931 4637 non
1976 4593 2093 4651 est,

521 4669 625 4725 nisi
667 4669 721 4722 in
765 4670 850 4723 his
883 4670 969 4737 qui
1017 4670 1267 4725 invocant
1311 4672 1480 4736 illum,
1512 4673 1633 4741 quia
1678 4674 1775 4741 ipsi
1830 4675 2098 4745 accipient

522 4759 1033 4813 remunerationem.
1082 4758 1309 4814 Periidis
1334 4775 1462 4815 vero
1501 4779 1606 4817 non
1643 4774 1726 4817 est
1761 4765 1928 4829 dives,
1971 4768 2095 4834 quia

516 4851 811 4920 participes
836 4865 939 4905 non
971 4859 1095 4904 sunt
1124 4851 1391 4906 bonorum
1426 4853 1578 4920 ejus;
1616 4871 1788 4924 neque
1827 4858 1969 4911 enim
2005 4874 2097 4913 ac-

524 4941 727 5009 cipent,
769 4941 912 5008 quod
939 4940 1187 4995 daturum
1215 4941 1363 4997 illum
1391 4958 1497 4998 non
1525 4945 1889 5011 crediderunt,
1931 4958 1985 5001 et
2016 4958 2096 5003 ta-

524 5039 649 5079 men
676 5040 781 5080 non
810 5027 946 5080 dixit
974 5027 1141 5084 Deum
1172 5032 1391 5087 divitem
1427 5036 1792 5103 credentibus,
1822 5041 1918 5095 sed
1948 5042 2104 5098 invo-

523 5114 775 5169 cantibus
818 5115 1008 5182 illum;
1061 5127 1121 5172 ut
1158 5129 1440 5190 postquam
1486 5127 1714 5181 credidit
1748 5145 1853 5183 non
1894 5132 2106 5187 desinat

524 5208 735 5261 animus
768 5207 820 5262 id
862 5210 1134 5277 postulare
1171 5214 1311 5281 quod
1343 5230 1371 5267 a
1412 5215 1521 5269 Deo
1552 5234 1765 5287 semper
1804 5222 1989 5279 doctus
2018 5235 2102 5281 est

521 5299 931 5371 postulandum;
963 5302 1089 5371 quia
1120 5304 1172 5357 in
1202 5303 1492 5375 Evangelio
1516 5307 1673 5362 Lucae
1699 5308 1847 5373 dicit,
1883 5321 2101 5381 propter

522 5387 911 5457 adversarium,
943 5391 1068 5463 quia
1098 5395 1315 5450 subtilis
1334 5405 1388 5451 et
1408 5408 1658 5453 versutus
1682 5409 1785 5464 est,
1818 5410 1870 5455 et
1890 5417 2101 5472 semper

520 5481 782 5535 orandum
811 5497 948 5537 esse.
982 5482 1334 5542 Credentibus
1360 5498 1541 5544 autem
1577 5490 1687 5545 sola
1724 5491 1885 5545 datur
1912 5494 2099 5549 remis-

520 5568 601 5623 sio
626 5579 969 5638 peccatorum
996 5590 1009 5638 ;
1043 5574 1287 5644 sequitur
1321 5589 1494 5635 autem
1522 5588 1579 5633 ut
1609 5582 1859 5649 precibus
1888 5582 2099 5641 deditus

521 5655 779 5713 liberetur
818 5676 849 5714 a
881 5662 1043 5727 malo,
1072 5674 1125 5719 et
1171 5666 1340 5734 possit
1384 5671 1639 5740 consequi
1678 5674 1820 5741 quod
1850 5673 2097 5743 promisit

504 5745 661 5805 (Deus
688 5759 801 5809 toto
832 5755 995 5812 corde
1028 5757 1393 5829 vigilantibus.
1426 5762 1607 5819 Omnis
1640 5767 1776 5821 enim
1803 5769 2096 5840 quicunque

2200 4571 2506 4636 Dominum,
2540 4581 2595 4626 et
2624 4573 2739 4642 ipse
2767 4574 3223 4638 exaudiebat‘eos,
3256 4595 3275 4628 ›
3302 4576 3421 4630 sine
3446 4579 3615 4632 dubio
3636 4578 3777 4632 Chri-

2197 4672 2339 4719 stum
2362 4664 2543 4719 Jesum
2596 4664 2876 4719 Dominum
2926 4667 3276 4730 invocabant,
3332 4677 3389 4723 et
3436 4670 3483 4723 si
3534 4671 3782 4725 invocare

2197 4771 2392 4809 nomen
2421 4755 2633 4809 Domini
2656 4765 2710 4809 et
2738 4771 2895 4810 orare
2926 4757 3230 4822 Dominum,
3257 4774 3426 4813 unum
3454 4770 3624 4831 atque
3646 4764 3777 4816 idem

2198 4854 2311 4910 est,
2368 4846 2510 4899 sicut
2557 4848 2837 4899 invocatur
2881 4846 3041 4912 Deus,
3098 4849 3431 4905 invocandus
3491 4863 3577 4906 est
3625 4852 3775 4907 Chri-

2199 4946 2347 4999 stus;
2384 4943 2438 4989 et
2472 4936 2613 4990 sicut
2640 4945 2829 4990 oratur
2862 4937 3021 5000 Deus,
3050 4938 3122 4990 ita
3150 4948 3205 4993 et
3234 4942 3473 4996 orandus
3510 4952 3597 4997 εει
3631 4942 3777 4997 Chri-

2195 5034 2340 5090 stus;
2392 5035 2446 5080 et
2472 5027 2609 5080 sicut
2650 5025 2928 5080 offerimus
2977 5026 3086 5080 Deo
3128 5028 3271 5082 Patri
3320 5031 3501 5098 primo
3539 5034 3772 5086 omnium

2194 5118 2487 5182 orationes,
2516 5119 2589 5172 ita
2618 5128 2673 5172 et
2700 5118 2928 5172 Domino
2961 5119 3086 5174 Jesu
3119 5119 3365 5186 Christo;
3394 5132 3451 5178 et
3482 5125 3627 5192 sicut
3645 5125 3768 5180 olfe-

2196 5216 2365 5269 rimus
2393 5215 2791 5283 postulationes,
2812 5215 3054 5283 patri,ita
3079 5214 3355 5273 offerimus
3382 5222 3768 5288 postulationes

2193 5315 2248 5359 et
2280 5305 2418 5369 tilio;
2452 5314 2506 5359 et
2534 5306 2675 5360 sicut
2712 5305 2988 5361 oﬂ‘erimus
3028 5310 3328 5377 gratiarum
3357 5312 3604 5368 actiones
3642 5314 3764 5376 Deo,

2191 5396 2267 5451 ita
2296 5398 2498 5467 gratias
2525 5397 2808 5451 referimus
2855 5397 3154 5465 Salvatori;
3188 5418 3353 5457 unum
3384 5420 3622 5474 namque
3647 5407 3767 5461 utri-

2190 5501 2295 5556 que
2320 5489 2580 5541 honorem
2614 5485 2983 5553 deferendum,
3020 5490 3071 5544 id
3102 5500 3205 5555 est,
3256 5491 3404 5547 Patri
3436 5506 3494 5548 et
3530 5495 3665 5549 Filio
3692 5496 3765 5549 di-

2192 5579 2348 5633 vinus
2377 5580 2565 5633 edocet
2590 5593 2786 5643 sermo,
2819 5595 2941 5633 cum
2970 5581 3101 5635 dicit
3130 5583 3149 5651 (
3172 5581 3331 5637 Joan.
3351 5587 3419 5655 v)
3447 5602 3459 5638 :
3495 5584 3561 5639 Ut
3598 5604 3762 5640 omnes

2189 5672 2531 5740 honoriﬁcent
2561 5671 2759 5727 Filium
2779 5674 2914 5726 sicut
2940 5674 3287 5742 honoriﬁcam
3321 5676 3561 5733 Patrem.
3589 5680 3758 5751 (Aug.)

2188 5764 2374 5825 Potest
2410 5773 2591 5822 tamen
2640 5773 2693 5820 et
2727 5764 2795 5819 de
2839 5763 3088 5833 gentibus
3112 5766 3311 5823 dictum
3352 5768 3582 5841 intelligi
3629 5762 3761 5840 quod
