3948 6374
228 355 373 411 1515

763 345 1310 405 ENABRATIONUM
1347 345 1412 401 IN
1451 344 1597 399 EPP.
1637 341 1844 398 PAULI
1877 339 2004 395 LIB.
2048 339 2136 395 Vl.
2176 368 2246 378 —
2283 336 2349 393 ΙΝ
2389 334 2607 392 EPIST.
2649 334 2740 388 AD
2772 333 2940 389 ROM.

3348 332 3485 386 15M

226 465 326 530 ait,
363 458 620 533 quomodo
659 474 780 528 ergo
811 457 1118 513 invocabant
1161 458 1217 510 in
1251 471 1403 526 quem
1438 471 1541 509 non
1579 451 1812 507 credidc-
1837 456 1883 514 Α
1907 450 2114 518 jnstitia
2163 448 2418 514 suadeat,
2452 447 2519 502 de
2560 447 2828 508 castitate,
2888 448 2953 500 de
3003 446 3294 515 pudicitia,
3331 457 3385 501 et
3421 449 3489 505 de

226 565 374 619 runt,
407 559 496 602 aut
519 547 775 620 quomodo
800 548 1026 618 credent,
1051 563 1201 617 quem
1232 562 1334 600 non
1354 544 1676 599 audierunt?
1702 542 1809 597 Eos

223 645 373 702 enim
402 639 615 695 volebat
636 637 881 694 refellere
905 638 1094 691 doctor
1122 637 1381 706 gentium,
1424 637 1516 706 qui
1545 637 1811 705 putabant

223 735 376 807 genti
404 717 774 788 tantummodo
809 729 1143 794 Judzeorum,
1175 744 1280 783 non
1311 735 1492 782 autem
1520 716 1812 783 incircum-

222 823 356 880 cisis
402 822 652 895 gentibus
678 819 1027 892 Evangelium
1066 819 1466 895 praedicandum
1503 837 1516 872 :
1549 818 1692 888 quod
1717 807 1812 872 ve-

223 917 348 973 lens
385 890 673 972 ostendere
701 929 809 968 non
843 890 912 967 ad
937 910 1152 967 Iudaeos
1183 890 1424 976 iantum,
1467 911 1562 966 sed
1597 913 1664 967 ad
1694 925 1812 966 om-

221 1020 322 1061 nes
353 1010 541 1075 gentes
580 1003 880 1073 pertinere,
929 1002 1081 1073 prius
1110 1001 1290 1072 posuit
1337 1000 1705 1056 testimonium
1745 1000 1813 1055 de

221 1096 489 1167 prepheta
523 1114 535 1149 :
571 1095 691 1150 Erit
715 1096 882 1150 omnis
931 1096 1226 1166 quicunque
1271 1094 1582 1149 invocaverit
1624 1110 1812 1148 nomen

219 1184 461 1252 Domini,
491 1185 669 1240 salvus
713 1187 831 1239 erit.
861 1184 939 1239 Ac
977 1184 1173 1240 deinde
1215 1199 1339 1240 cum
1378 1182 1634 1248 dixisset,
1669 1182 1813 1249 Quo-

221 1275 380 1330 modo
424 1286 598 1330 autem
632 1275 971 1340 invocabant,
1014 1277 1070 1327 in
1102 1290 1254 1344 quem
1295 1290 1398 1328 non
1433 1273 1813 1327 crediderunt?

219 1373 316 1418 aut
344 1363 604 1434 quomodo
643 1363 852 1417 credent
885 1378 1040 1433 quem
1070 1379 1172 1416 non
1198 1361 1521 1415 audierunt?
1556 1361 1811 1416 continuo

218 1453 524 1524 subjunxit,
554 1452 826 1520 Quomodo
863 1463 1037 1508 autem
1077 1453 1286 1506 audient
1321 1453 1433 1506 sine
1469 1451 1809 1522 prwdicante,

219 1553 316 1598 aut
344 1544 604 1612 quomodo
631 1543 1021 1614 prwdicabunt,
1056 1545 1166 1598 nisi
1201 1541 1516 1596 mittantur?
1557 1541 1631 1595 ita
1665 1540 1812 1598 refu-

219 1641 350 1688 tans
375 1647 469 1688 eos
504 1633 596 1703 qui
638 1633 908 1704 negabant
931 1633 1000 1688 ad
1029 1632 1439 1688 incircumcisas
1463 1640 1650 1703 gentes
1671 1646 1811 1702 prte-

217 1721 497 1778 dicatores
526 1722 730 1800 Christi
757 1737 878 1779 esse
912 1723 1226 1780 mittendos.
1251 1721 1449 1794 (Orig.)
1472 1721 1625 1790 Quod
1649 1710 1809 1776 modo

1910 542 2158 597 omnibus
2192 537 2350 593 simul
2378 536 2671 592 virtutibus
2698 545 3058 606 protestetur,
3097 536 3237 590 sicut
3273 543 3328 589 et
3372 536 3489 604 ipse

1911 632 2039 687 dicit
2071 649 2082 685 :
2118 630 2250 684 Oves
2292 611 2417 683 mea:
2464 643 2638 683 vocem
2687 643 2852 681 meam
2884 626 3105 680 audiunt
3136 624 3340 696 (Joan.
3383 641 3416 678 κ
3445 626 3484 697 ).

1914 721 2002 778 Sic
2029 721 2282 790 denique,
2311 727 2366 774 et
2399 719 2454 773 in
2483 718 2645 774 corde
2666 716 2819 771 Pauli
2839 716 3176 785 loquebatur,
3211 717 3285 771 ita
3314 725 3375 771 ut
3404 716 3492 771 ille

1911 817 2152 872 diceret:
2187 815 2267 869 An
2304 814 2713 883 experimentum
2757 811 2868 879 ejus
2899 811 3155 880 quaeritis,
3193 811 3283 880 qui
3319 811 3372 864 in
3410 826 3491 864 me

1909 903 2139 974 loquitur
2190 899 2474 956 Christus?
2515 899 2612 972 (ΙΙ
2657 897 2781 952 Cor.
2830 897 2994 967 xm.)
3020 897 3275 967 Sequitur
3303 916 3315 951 :
3348 898 3492 964 Quo-

1911 994 2066 1048 modo
2095 1001 2273 1047 autem
2298 991 2508 1045 audient
2538 992 2650 1044 sine
2668 989 3028 1059 prtedicante?
3072 987 3268 1059 (Orig.)
3300 988 3357 1042 In
3389 991 3492 1043 hoc

1910 1085 2083 1156 magis
2103 1099 2200 1154 per
2219 1080 2626 1159 prredicantium
2649 1093 2958 1136 sermonem
2969 1076 3242 1134 Christum
3257 1078 3494 1133 ostendit

1910 1174 2108 1238 audiri,
2132 1173 2186 1227 in
2215 1172 2431 1241 quibus,
2468 1171 2765 1227 secundum
2797 1185 2860 1224 ea
2890 1184 3011 1240 quae
3046 1183 3204 1238 supra
3233 1170 3492 1233 diximus",

1910 1266 2158 1322 Christus
2181 1265 2326 1334 loqui
2351 1272 2406 1318 et
2430 1265 2627 1320 docere
2650 1270 3002 1317 monstratur.
3025 1259 3299 1327 Quomodo
3320 1271 3494 1314 autem

1911 1357 2294 1429 praedicabunt,
2327 1356 2426 1410 nisi
2441 1353 2726 1419 mittantur
2747 1356 2771 1408 ?
2794 1353 3027 1426 (Ambr.)
3054 1353 3168 1410 lloc
3196 1354 3345 1419 dicit,
3366 1355 3494 1423 quia

1912 1463 2020 1507 non
2055 1455 2216 1502 erunt
2253 1445 2368 1500 veri
2411 1444 2676 1514 Apostoli,
2703 1445 2808 1500 nisi
2850 1461 2880 1498 a
2929 1443 3144 1500 Christo
3189 1445 3492 1509 mittantur,

1912 1553 2010 1593 nec
2038 1544 2290 1608 poterunt
2313 1536 2609 1606 praedicare
2638 1536 2755 1591 sine
2779 1543 3021 1591 auctore.
3051 1534 3207 1588 Nulla
3231 1536 3376 1589 enim
3409 1535 3496 1588 his

1912 1631 2066 1700 signa
2093 1629 2353 1683 virtutum
2386 1627 2675 1697 perhibent
2719 1627 3105 1684 testimonium.
3150 1627 3348 1697 (Orig.)
3389 1626 3498 1682 Sed

1914 1712 2196 1776 dillicultas
2245 1717 2379 1772 mihi
2431 1718 2677 1788 quamam
2719 1717 2775 1771 in
2823 1718 2924 1772 hoc
2979 1730 3230 1775 sermone
3281 1716 3498 1770 videtur

219 1821 410 1868 autem
445 1814 512 1870 de
535 1813 789 1885 Epistolis
828 1814 896 1869 ad
932 1814 1243 1872 Corinthios
1267 1815 1647 1885 proposuimus
1671 1853 1686 1880 ,
1719 1813 1810 1868 ubi
1839 1803 1886 1863 Β
1915 1824 2227 1880 exsurgere.
2291 1807 2350 1863 Si
2394 1808 2536 1862 enim
2581 1808 2655 1861 ita
2701 1807 3083 1876 intelligamus,
3107 1807 3251 1875 quod
3281 1813 3499 1875 propter

217 1904 518 1975 Apostolus
543 1906 719 1976 primo
745 1908 963 1976 quidem
991 1908 1151 1963 dicit:
1178 1906 1429 1961 Ecclesia:
1454 1907 1571 1972 Dei,
1601 1922 1718 1975 quin
1741 1915 1815 1959 est

219 1992 490 2061 Corinthi,
528 1996 872 2065 sanctiﬁcatis
912 1997 968 2050 in
1013 1993 1219 2051 Christo
1265 1994 1416 2062 Iesu,
1447 1994 1659 2071 vocatis.
1691 2011 1817 2048 san-

216 2085 321 2139 ctis
352 2084 371 2157 (
396 2085 426 2139 Ι
459 2085 582 2142 Cor.
609 2086 670 2158 ι),
696 2095 752 2143 et
774 2094 896 2157 post
935 2088 1074 2154 haec,
1104 2087 1259 2157 quasi
1287 2086 1512 2142 alterius
1536 2087 1734 2157 gradus
1760 2094 1817 2140 et

216 2175 449 2232 alterius
483 2179 693 2234 ordinis
721 2180 860 2244 sint,
892 2179 965 2234 ita
1010 2177 1285 2250 subjungit
1312 2177 1574 2248 quosdam
1601 2178 1668 2232 de
1696 2177 1816 2246 qui-

219 2266 327 2322 bus
357 2266 489 2321 dicit
517 2285 530 2320 :
561 2264 693 2322 Cum
719 2269 973 2323 universis
993 2269 1084 2339 qui
1108 2269 1353 2324 invocant
1381 2282 1571 2322 nomen
1597 2265 1816 2320 Domini

219 2355 356 2412 Iesu
386 2349 585 2412 Christi
630 2359 686 2413 in
712 2360 854 2414 omni
895 2360 1008 2414 loco
1055 2361 1220 2414 nostri
1265 2361 1498 2430 ipsorum
1525 2367 1574 2413 et
1603 2368 1812 2412 nostro:

222 2447 500 2502 videbitur
535 2435 783 2504 fortassis
828 2449 1030 2504 habere
1069 2447 1271 2517 aliquid
1299 2446 1635 2512 differentiae,
1671 2445 1817 2516 quod

223 2536 350 2592 illos
375 2538 594 2608 quidem
615 2537 914 2594 Ecclesiam
934 2538 1030 2593 Dei
1054 2539 1318 2604 nominat,
1342 2546 1399 2592 et
1423 2526 1815 2606 sanctificatos,

224 2636 284 2685 et
298 2638 521 2685 vocatos
538 2637 784 2697 sanctos;
803 2631 938 2686 istos
953 2638 1134 2685 autem
1157 2637 1388 2695 tantum,
1411 2647 1430 2680 ‹
1450 2630 1543 2698 qui
1563 2629 1816 2683 invocant

223 2734 425 2776 nomen
451 2721 664 2776 Domini
688 2722 859 2777 noStri
881 2721 1009 2776 Jesu
1037 2721 1259 2777 Christi.
1291 2741 1309 2773 ι
1343 2721 1413 2776 Et
1434 2721 1557 2776 vide
1580 2735 1648 2776 ne
1672 2720 1816 2777 forte

222 2809 333 2865 ista
363 2810 666 2866 adversitas
705 2809 812 2864 tale
847 2810 1050 2878 aliquid
1086 2811 1367 2874 ostendat,
1406 2811 1564 2879 quale
1592 2818 1647 2865 et
1677 2803 1815 2880 prae-

221 2915 353 2957 sens
397 2899 610 2955 videtur
640 2899 841 2955 habere
883 2891 1208 2969 capitulum,
1255 2899 1312 2955 in
1354 2915 1464 2970 quo
1505 2900 1663 2955 docet
1704 2915 1815 2956 non

223 3003 386 3060 posse
409 2989 646 3045 invocari
675 3004 874 3046 nomen
904 2990 1137 3054 Domini,
1169 2989 1274 3045 nisi
1294 2990 1444 3060 prius
1473 2991 1729 3046 credatur
1758 2991 1814 3046 in

223 3077 523 3136 Christum.
579 3077 713 3134 Cum
777 3088 958 3134 autem
1019 3080 1313 3135 crediderit
1370 3082 1493 3150 quis
1560 3080 1810 3147 Christo,

224 3167 445 3222 etiamsi
476 3165 714 3222 nondum
749 3167 1120 3223 sanctificatus
1152 3170 1254 3234 sit,
1303 3177 1359 3224 et
1401 3169 1658 3226 Ecclesiae
1688 3185 1814 3227 cor-
1843 3139 1891 3202 θ

224 3254 348 3323 peri
397 3249 670 3321 sociatus,
724 3265 903 3311 tamen
946 3272 1166 3313 necesse
1216 3266 1302 3313 est
1350 3267 1407 3312 ut
1439 3258 1554 3329 jam
1607 3261 1821 3317 invocet

228 3359 354 3400 eum
393 3346 478 3420 cui
507 3345 758 3401 credidit.
813 3346 1062 3403 Christus
1096 3349 1243 3404 enim
1273 3350 1420 3404 venit
1449 3352 1706 3406 mundum
1735 3367 1822 3407 re-

229 3433 522 3489 conciliare
548 3434 679 3500 Deo,
712 3443 767 3489 et
793 3435 1075 3491 credentes
1101 3437 1202 3492 sibi
1229 3437 1425 3494 offerre
1449 3437 1617 3495 Patri.
1674 3440 1822 3508 Quos

231 3532 415 3580 autem
440 3523 597 3580 oﬂ‘ert
614 3524 783 3593 Patri,
805 3525 1040 3596 Spiritus
1070 3539 1289 3584 sanctus
1319 3530 1562 3600 suscipit,
1594 3539 1653 3585 ut
1694 3545 1820 3586 san-

233 3613 436 3670 ctiiicet
473 3629 587 3681 eos,
625 3623 681 3670 et
711 3623 967 3685 tanquam
1009 3617 1246 3674 caelestis
1290 3618 1546 3675 Ecclesiae
1583 3620 1822 3690 primiti-

234 3720 425 3761 vorum
457 3706 699 3762 membra
733 3708 968 3763 vivificet
989 3749 1004 3776 ,
1032 3718 1194 3779 atque
1224 3711 1280 3766 in
1307 3711 1629 3767 soliditatem
1655 3712 1823 3770 totius

235 3799 480 3866 corporis
524 3798 1022 3870 perfectionemque
1067 3802 1341 3868 restituat,
1388 3811 1444 3857 et
1485 3804 1560 3858 ita
1606 3805 1822 3860 demum

235 3887 479 3944 Ecclesia
536 3888 631 3944 Dei
678 3905 783 3944 non
838 3889 1033 3944 habens
1089 3891 1354 3945 maculam
1415 3877 1577 3962 neque
1635 3908 1823 3964 rugam

235 3979 494 4051 appellari
541 3986 813 4035 mereatur
854 3978 1094 4049 (Ephes.
1139 3980 1230 4052 v).
1284 3981 1443 4035 Prius
1489 3995 1615 4052 ergo
1659 3996 1823 4051 quam

237 4069 308 4123 ad
338 4069 564 4138 gradum
616 4069 776 4124 istius
829 4069 1177 4140 perfectionis
1222 4071 1515 4137 accedant,
1569 4080 1823 4140 tanquam

235 4157 551 4214 mediatoris
579 4157 675 4212 Dei
706 4167 762 4213 et
800 4159 1077 4215 hominum
1109 4160 1360 4216 invocant
1388 4176 1584 4216 nomen
1607 4161 1822 4216 Domini

235 4249 409 4302 nostri
439 4243 569 4301 Jesu
615 4245 820 4308 Christi
854 4266 866 4300 :
900 4258 1086 4317 postea
1115 4264 1246 4303 vero
1276 4265 1436 4320 quam
1466 4248 1696 4319 Spiritus
1726 4250 1822 4305 Dei

236 4334 404 4391 fuerit
444 4336 496 4391 in
527 4335 690 4392 corde
719 4351 909 4391 eorum
957 4337 1215 4406 clamans,
1256 4339 1402 4393 Abba
1433 4337 1596 4394 Pater
1623 4341 1640 4410 (
1667 4339 1820 4394 Rom.

235 4439 333 4479 vm
363 4423 407 4494 ),
457 4425 571 4495 ipse
619 4424 855 4496 Spiritus
883 4442 977 4483 eos
1020 4428 1183 4483 etiam
1227 4443 1424 4484 nomen
1472 4429 1647 4485 Patris
1693 4429 1824 4485 edo-

237 4525 328 4571 cet
371 4516 644 4572 invocare.
689 4517 815 4573 ldeo
868 4531 1019 4586 ergo,
1047 4519 1328 4588 quomodo,
1377 4519 1567 4589 inquit,
1615 4519 1824 4573 invoca-

238 4608 403 4673 bunt,
444 4608 500 4661 in
545 4624 700 4678 quem
746 4625 851 4663 non
891 4609 1263 4663 crediderunt?
1307 4618 1361 4665 et
1401 4610 1456 4664 in
1503 4611 1602 4665 hoc
1635 4611 1827 4666 arctis-

238 4696 378 4752 sima
404 4711 501 4752 eos
527 4697 876 4753 conclusione
905 4699 1244 4768 constringit.
1281 4699 1460 4765 Salus,
1499 4699 1691 4769 inquit,
1718 4715 1824 4754 non

237 4797 328 4845 est
355 4789 458 4843 nisi
490 4788 784 4845 invocanti.
828 4787 996 4844 Nemo
1022 4804 1150 4844 vero
1177 4789 1390 4844 invocat
1434 4791 1526 4858 qui
1565 4805 1672 4846 non
1709 4805 1828 4845 cre-

239 4877 340 4933 dit.
374 4877 514 4948 Ergo
558 4877 684 4947 quia
716 4892 824 4933 non
861 4879 1101 4945 creditis,
1133 4894 1241 4934 non
1278 4879 1582 4947 invocatis;
1615 4890 1669 4937 et
1700 4882 1826 4952 quia

240 4985 354 5028 non
381 4970 665 5037 invocatis,
689 4985 798 5025 non
831 4969 1130 5025 salvamini.
1165 4970 1272 5026 Sed
1308 4971 1567 5043 quomodo
1613 4973 1822 5027 credent

241 5066 317 5132 ei,
346 5079 498 5136 quem
527 5070 633 5119 non
652 5064 975 5119 audierunt?
1002 5063 1199 5136 (Orig.)
1223 5065 1375 5132 Quod
1397 5083 1507 5123 non
1538 5068 1824 5124 audierunt

241 5172 532 5232 possumus
567 5157 649 5212 sic
702 5157 1024 5229 intelligere,
1066 5160 1192 5231 quia
1218 5160 1302 5216 vel
1329 5161 1504 5231 ipsum
1550 5163 1605 5217 in
1659 5179 1824 5220 carne

243 5247 505 5320 positum,
521 5247 605 5302 vel
625 5247 910 5318 Apostolos
935 5247 1050 5316 ejus
1075 5249 1431 5318 praedicantes
1460 5253 1527 5307 de
1551 5265 1615 5307 eo
1636 5253 1824 5308 audire

245 5336 541 5394 noluerint.
566 5335 656 5391 Sic
681 5336 824 5390 enim
851 5344 908 5390 et
947 5336 1061 5405 ipse
1104 5337 1367 5394 Dominus
1390 5338 1522 5395 dicit
1547 5358 1558 5394 :
1594 5340 1698 5407 Qui
1736 5356 1822 5396 vos

248 5428 420 5492 audit,
444 5445 526 5482 me
560 5427 708 5482 audit
731 5441 748 5479 :
771 5437 820 5482 et
841 5430 930 5498 qui
958 5444 1046 5482 vos
1085 5432 1300 5500 spernit,
1342 5449 1423 5486 me
1446 5435 1640 5502 spernit
1666 5433 1817 5504 (Luc.

250 5519 330 5588 ι).
362 5517 545 5574 Potest
570 5529 750 5574 autem
781 5527 836 5574 et
855 5518 959 5574 hoc
984 5519 1225 5591 intelligi,
1247 5524 1390 5591 quod
1415 5522 1576 5577 etiam
1605 5533 1659 5578 et
1681 5540 1822 5581 nunc

251 5619 308 5667 et
332 5625 545 5680 semper
585 5611 834 5667 Christus
865 5621 1117 5680 tanquam
1149 5612 1383 5669 Verbum
1424 5624 1478 5669 ct
1507 5615 1666 5671 Ratio
1709 5617 1824 5672 uni-

253 5701 451 5774 cuique
495 5702 744 5772 loquatur
794 5704 847 5756 in
881 5704 1061 5768 corde,
1088 5714 1143 5758 et
1180 5706 1244 5761 de
1286 5708 1482 5776 pietate
1520 5708 1726 5774 doceat,
1760 5710 1825 5766 de

736 5799 1009 5862 Paeon.
1061 5795 1229 5862 CXI.

1916 1917 1980 1956 ea
2019 1915 2128 1955 non
2151 1899 2463 1968 praedicent,
2486 1897 2614 1968 quia
2639 1911 2746 1952 non
2775 1898 3100 1963 mittuntur;
3133 1897 3278 1952 nullo
3318 1906 3500 1953 autem

1914 1995 2242 2066 praedicante
2269 2009 2376 2048 non
2406 1993 2649 2057 audient,
2667 2006 2775 2046 non
2796 1990 3082 2046 audientes
3106 2004 3236 2044 vero
3250 2003 3358 2043 non
3381 2003 3500 2043 cre-

1914 2087 2074 2154 dent;
2106 2101 2213 2141 non
2240 2085 2525 2141 credentes
2551 2091 2731 2138 autem
2763 2097 2870 2137 non
2897 2081 3259 2143 invocabunt;
3289 2093 3396 2133 non
3419 2079 3502 2133 in-

1914 2187 2173 2235 vocantes
2193 2192 2302 2232 non
2324 2177 2712 2231 salvabuntur:
2739 2173 3012 2242 colligitur
3030 2187 3099 2227 ex
3128 2171 3235 2236 his,
3257 2179 3316 2224 ut
3339 2184 3504 2225 causa

1916 2287 2024 2342 qua
2069 2284 2180 2326 non
2219 2277 2346 2325 sunt
2384 2267 2608 2332 salvati,
2651 2267 2718 2321 ad
2760 2267 2953 2320 vitium
3009 2265 3196 2319 redeat
3241 2262 3500 2327 auctoris,

1915 2363 2059 2432 quod
2103 2374 2211 2415 non
2251 2359 2462 2414 miserit
2493 2358 2867 2428 praedicantes.
2902 2355 3008 2410 Sed
3047 2354 3218 2425 inagis
3246 2353 3313 2407 ad
3353 2351 3503 2406 illum

1916 2468 2036 2517 nos,
2067 2451 2160 2522 qui
2182 2450 2380 2505 rectior
2415 2457 2517 2515 est,
2549 2447 2918 2522 intelligentia:
2949 2446 3222 2501 tramitem
3251 2441 3506 2497 deﬂecta-

1919 2557 2039 2597 mus
2054 2558 2068 2607 ;
2083 2518 2148 2595 et
2169 2541 2312 2610 quod
2337 2540 2491 2604 dixit,
2511 2537 2784 2604 Quomodo
2807 2518 2980 2591 autem
3006 2534 3387 2605 prwdicabunt,
3405 2533 3507 2586 nisi

1917 2633 2232 2688 mittantur?
2256 2633 2335 2688 sic
2362 2631 2706 2700 accipiamus,
2725 2628 2878 2698 quasi
2900 2625 3346 2696 dicatApostolus
3366 2642 3377 2678 :
3397 2623 3505 2679 Nos

1916 2739 2199 2796 praecones
2257 2733 2314 2779 et
2363 2721 2747 2794 przedicatores
2796 2719 2998 2775 Christi
3050 2733 3156 2772 non
3218 2731 3504 2787 possemus

1916 2816 2235 2886 praedicare,
2279 2828 2380 2870 nec
2420 2813 2778 2868 annuntiandi
2819 2811 2974 2867 nobis
3007 2812 3180 2866 virtus
3220 2810 3327 2865 ulla
3375 2811 3504 2865 sub-

1917 2909 2152 2973 sisteret,
2185 2907 2289 2961 nisi
2319 2906 2536 2960 adesset
2578 2904 2735 2958 nobis
2778 2905 2891 2972 ipse
2939 2903 3030 2972 qui
3060 2901 3226 2957 misit.
3266 2899 3420 2967 Quod
3460 2899 3507 2955 si

1915 2997 2335 3070 praedicantibus
2377 2995 2532 3050 nobis
2577 2994 2763 3049 audire
2799 3009 2907 3049 non
2953 2993 3136 3058 vultis,
3179 3002 3356 3048 vestra
3392 2992 3506 3062 jam

1921 3091 2079 3161 culpa
2109 3097 2214 3153 est,
2256 3087 2382 3143 etsi
2422 3086 2702 3141 audientes
2728 3099 2836 3140 non
2865 3084 3104 3147 creditis,
3155 3093 3211 3138 et
3253 3099 3359 3147 non
3387 3098 3508 3138 cre-

1923 3180 2113 3236 dentes
2141 3194 2247 3234 non
2277 3177 2562 3243 invocatis,
2603 3185 2658 3231 et
2699 3191 2808 3232 non
2860 3176 3174 3230 invocantes
3221 3175 3354 3229 salvi
3384 3190 3508 3230 esse

1925 3269 2187 3338 nequitis.
2219 3267 2357 3334 Quia
2391 3280 2520 3335 ergo
2554 3265 2706 3320 missi
2757 3272 2884 3320 sunt
2926 3265 2994 3320 ad
3031 3264 3466 3334 pmdicationem
3490 3306 3505 3331 ,

1921 3359 2128 3415 idcirco
2157 3357 2225 3412 de
2249 3358 2334 3412 his
2364 3356 2455 3426 qui
2483 3357 2550 3409 ab
2583 3355 2702 3424 ipso
2731 3355 2882 3410 missi
2923 3363 3048 3410 sunt
3080 3355 3340 3423 scriptum
3377 3362 3462 3409 est
3489 3373 3502 3408 :

1995 3451 2167 3518 Quam
2195 3449 2414 3516 speciosi
2442 3448 2594 3517 pedes
2627 3446 3090 3517 euangelizantium
3131 3462 3331 3515 pacem,
3354 3455 3510 3500 evan-

1923 3539 2264 3610 gelizantium
2290 3537 2444 3591 bona.
2464 3534 2698 3605 (Ambr.)
2717 3534 2830 3589 Hoc
2855 3535 3115 3605 propheta
3130 3533 3261 3588 dicit
3275 3531 3502 3588 Nahum.

1921 3633 2096 3690 Pedes
2118 3632 2346 3688 dicendo
2375 3631 2666 3686 adventum
2691 3629 2958 3701 signiﬁcat
2997 3627 3362 3697 apostolorum
3396 3628 3506 3682 cir-

1925 3724 2296 3780 cumeuntium
2345 3723 2636 3786 mundum,
2687 3729 2742 3774 et
2797 3733 3020 3789 regnum
3075 3717 3169 3771 Dei
3215 3717 3510 3774 adventare

1923 3815 2370 3886 praedicandum;
2399 3813 2659 3867 adventus
2698 3813 2840 3877 enim
2885 3812 3121 3880 ipsorum
3171 3808 3510 3863 illuminabat

1923 3905 2189 3970 homines,
2220 3904 2362 3958 viam
2387 3903 2695 3966 ostendens,
2722 3915 2827 3970 qua
2851 3901 2958 3955 itur
2987 3900 3038 3953 in
3061 3913 3191 3968 pace
3216 3899 3282 3954 ad
3311 3897 3505 3965 Deum,

1925 4007 2087 4063 quam
2113 3992 2349 4062 primum
2375 3990 2610 4046 Joannes
2659 3989 2896 4058 Baptista
2920 3997 3146 4043 venerat
3175 4001 3505 4057 praeparare.

1925 4085 2050 4140 Haec
2081 4099 2187 4154 pax
2216 4092 2319 4148 est,
2349 4083 2417 4137 ad
2445 4096 2608 4151 quam
2652 4080 2913 4136 festinant
2955 4081 3234 4135 credentes
3263 4079 3318 4133 in
3344 4078 3504 4134 Chri-

1925 4185 2090 4232 stum.
2123 4176 2364 4244 Denique
2394 4180 2612 4228 sanctus
2642 4170 2879 4234 Simeon,
2914 4171 3039 4238 quia
3073 4171 3127 4224 in
3167 4170 3365 4247 mundq
3391 4171 3505 4225 dis-

1924 4267 2107 4323 cordia
2154 4274 2256 4330 est,
2315 4265 2474 4319 laetus
2516 4263 2573 4316 in
2627 4270 2748 4317 ortu
2794 4261 3134 4316 Salvatoris:
3172 4259 3347 4325 Nunc,
3407 4261 3506 4326 ait,

1923 4355 2168 4418 Domine,
2221 4354 2421 4406 dimitte
2463 4367 2667 4406 servum
2704 4361 2852 4405 tuum
2891 4351 2943 4404 in
2992 4367 3118 4419 pace
3160 4348 3331 4420 (Luc.
3378 4366 3415 4404 ιι
3449 4350 3502 4420 );

1926 4443 2050 4512 quia
2082 4457 2305 4512 regnum
2328 4441 2424 4494 Dei
2450 4455 2555 4509 pax
2585 4448 2701 4505 est;
2743 4440 2890 4494 omni
2923 4439 3066 4494 enim
3087 4448 3360 4507 amputata
3396 4440 3506 4494 dis-

1928 4533 2114 4590 cordia
2157 4545 2348 4586 omnes
2370 4531 2463 4585 uni
2504 4531 2615 4585 Deo
2648 4545 2787 4600 genu
2816 4530 3051 4590 nectent.
3080 4529 3317 4598 Denique
3343 4527 3504 4583 Jeru-

1928 4622 2099 4677 salem
2130 4621 2374 4690 superior
2403 4621 2592 4674 civitas
2612 4619 2750 4673 visio
2772 4618 2923 4688 pacis
2952 4619 3362 4687 interpretatur,
3383 4634 3508 4688 qua:

1928 4722 2011 4769 cst
2039 4719 2208 4766 mater
2237 4718 2439 4764 nostra.
2470 4710 2666 4781 (Orig.)
2694 4709 2846 4777 Quod
2872 4719 3052 4764 autem
3077 4708 3242 4778 pedes
3267 4709 3354 4763 hic
3382 4725 3502 4780 spe-

1929 4803 2107 4858 ciosos
2132 4815 2239 4855 non
2261 4799 2569 4869 corporales
2599 4800 2690 4855 sed
2723 4799 2993 4868 spiritales
3013 4798 3179 4864 dicat,
3204 4807 3334 4870 puto
3360 4803 3502 4869 quod

1930 4894 2176 4963 quamvis
2201 4893 2408 4948 amicus
2434 4892 2505 4946 sit
2534 4891 2656 4960 quis
2683 4890 2897 4956 litterae,
2935 4905 3135 4961 negate
3165 4905 3271 4946 non
3305 4893 3499 4961 possit.

1929 4983 2110 5052 Neque
2124 4984 2266 5038 enim
2283 4983 2336 5036 in
2354 4981 2404 5035 id
2422 4981 2631 5036 ridiculi
2648 4980 2874 5036 deducet
2889 4979 3239 5049 apostolicum
3258 4995 3474 5036 sensum
3487 5023 3501 5046 ,

1929 5084 1987 5127 ut
2012 5072 2472 5142 Evangelistarum
2509 5072 2672 5140 pedes
2707 5070 2798 5138 qui
2831 5070 3107 5140 corporeis
3137 5071 3305 5126 oculis
3330 5071 3501 5127 videri

1929 5171 2172 5233 possunt,
2206 5170 2358 5232 putet
2386 5161 2455 5217 ab
2482 5176 2546 5215 eo
2571 5161 2798 5216 decoros
2824 5159 2928 5216 dici
2957 5168 3012 5215 et
3059 5160 3360 5228 speciosos;
3407 5164 3506 5216 sed

1931 5255 2005 5309 illi
2035 5263 2162 5309 sunt
2203 5254 2385 5310 decori
2415 5261 2468 5308 et
2496 5253 2727 5322 speciosi
2773 5252 2952 5321 pedes,
2978 5251 3070 5320 qui
3100 5251 3380 5306 ambulant
3405 5267 3510 5320 per

1929 5344 2070 5397 viain
2095 5343 2237 5398 vitas.
2273 5340 2577 5396 Secundum
2601 5341 2749 5395 illum
2777 5339 2918 5394 enim
2942 5340 3032 5409 qui
3055 5340 3222 5394 dixit:
3248 5338 3364 5407 Ego
3389 5354 3521 5390 sum

1928 5437 2008 5489 via
2038 5434 2218 5505 (Joan.
2256 5433 2390 5503 xiv),
2423 5432 2659 5503 intelligo
2699 5433 2922 5487 decoros
2954 5439 3011 5486 et
3037 5431 3314 5501 speciosus
3348 5439 3534 5481 evan-

1931 5526 2273 5597 gelizantium
2329 5525 2511 5596 pedes,
2559 5526 2651 5594 qui
2697 5539 2794 5594 per
2842 5523 3005 5578 talem
3047 5524 3188 5577 viam
3225 5525 3547 5575 merentur

1933 5616 2196 5671 incedere.
2247 5614 2338 5670 lsti
2371 5622 2497 5670 sunt
2537 5615 2704 5685 pedes
2739 5614 2936 5684 quibus
2970 5623 3025 5666 ct
3056 5611 3257 5667 Paulus
3293 5611 3576 5664 cursum

1931 5708 2234 5764 C'tlcurrissc
2282 5722 2339 5763 sc
2385 5707 2556 5777 dixit,
2617 5719 2669 5766 ct
2724 5707 2801 5765 sic
2850 5719 3109 5770 currere,
3147 5712 3209 5759 ut
3264 5697 3594 5769 compte”

2995 5796 3073 5858 1ι8
