3948 6310
440 289 582 347 1515

1082 285 1146 341 Β.
1190 285 1445 343 RABANI
1484 284 1703 342 MAURI
1741 282 2060 340 ARCHIEP.
2100 284 2412 346 MOGUNT.
2437 290 2722 352 OPERUM
2759 295 2939 354 PARS
2975 298 3062 356 Ill.

3587 302 3720 362 1516

435 406 641 466 hendat
667 404 721 476 (Ι
750 402 874 459 Cor.
911 418 999 469 ix;
1033 401 1099 457 11
1132 401 1267 456 Tim.
1302 402 1402 474 tv),
1443 402 1497 456 id
1526 409 1610 460 est
1643 401 1797 471 vigor
1831 399 2023 455 animae
2049 405 2099 464 Α
2127 401 2200 458 ita
2230 414 2285 460 et
2310 423 2454 462 nunc
2477 418 2579 466 est.
2626 410 2809 484 (Orig.
2835 413 2854 483 )
2883 413 3034 481 Quod
3065 430 3193 488 ergo
3223 421 3381 490 ponit
3407 421 3714 492 Apostolus,

439 517 546 574 quo
592 496 827 554 tenditur
877 504 932 550 et
981 502 1306 566 properatur
1366 496 1432 550 ad
1491 492 1711 547 caelum.
1767 491 2026 547 Gratiiice

439 600 619 649 autem
667 589 832 660 pedes
881 587 1015 642 istos
1068 599 1190 641 esse
1234 584 1494 649 ﬁrmabis,
1545 598 1680 655 quos
1715 581 1872 639 Jesus
1918 582 2026 638 dis-

438 683 630 757 cipulis
685 663 852 746 lavat,
883 688 938 736 et
988 679 1160 735 linteo
1209 693 1316 749 quo
1365 677 1688 746 praecinctus
1732 685 1815 732 est
1866 676 2029 747 tergit

439 776 621 848 (Joan.
652 772 804 844 xm);
833 780 888 830 et
919 772 1168 841 quamvis
1197 768 1465 840 corporali
1499 777 1627 823 tunc
1654 768 1835 839 specie
1863 768 2028 823 fuerit

437 867 738 938 impletum,
760 874 941 925 tamen
964 856 1128 920 Petro
1158 864 1261 923 hoc
1288 862 1460 922 solum
1490 862 1635 933 quod
1658 861 1777 918 ﬁeri
1809 860 2030 920 videbat

437 957 789 1028 intelligenti,
833 963 888 1011 et
933 955 1087 1025 quasi
1129 953 1351 1010 honoris
1389 968 1576 1021 causa,
1621 968 1689 1007 ne
1735 952 1836 1013 sibi
1871 966 2028 1008 servo

434 1049 601 1121 pedes
632 1050 854 1106 'lavaret
895 1049 1152 1108 Dominus
1191 1048 1495 1115 excusanti,
1539 1047 1664 1106 audi
1711 1062 1873 1117 quam
1905 1061 2028 1117 pro-

437 1144 589 1199 fundi
619 1142 863 1214 mysterii
905 1141 1152 1212 proditur
1180 1155 1390 1198 sermo:
1422 1139 1480 1195 Si
1503 1150 1570 1205 te,
1602 1140 1794 1210 inquit,
1823 1156 1925 1194 non
1951 1138 2030 1192 la-

435 1252 576 1300 vero,
633 1249 740 1288 non
801 1233 1011 1292 habebis
1064 1241 1264 1302 partem
1316 1248 1538 1287 mecum.
1600 1230 1843 1302 Speciosi
1901 1243 2030 1299 ergo

435 1337 561 1384 sunt
591 1327 756 1397 pedes
791 1325 1277 1396 evangelizantium
1305 1325 1468 1389 bona,
1515 1333 1571 1382 et
1606 1331 1889 1394 propterea
1921 1335 2030 1379 non

433 1419 663 1474 vulteos
698 1399 959 1474 Dominus
987 1414 1142 1471 Jesus
1169 1413 1552 1475 calceamentis
1590 1413 1824 1482 operire,
1859 1418 1913 1466 et
1938 1425 2032 1466 oc-

434 1512 643 1567 cultare
670 1511 909 1581 speciem
959 1509 1272 1580 pulchram,
1304 1509 1398 1565 sed
1446 1507 1692 1583 prmcipit
1727 1507 1807 1568 eis
1857 1519 2033 1582 neque

432 1604 862 1660 calceamenttim
907 1602 1107 1661 habere
1137 1600 1193 1659 in
1219 1600 1306 1654 via
1356 1600 1518 1670 (Luc.
1542 1599 1633 1670 Χ).
1667 1598 1799 1667 Qua:
1849 1607 2031 1657 autem

432 1693 574 1747 bona
592 1691 702 1748 sint
725 1705 846 1762 quae
869 1689 1264 1766 evangelizant,
1281 1690 1383 1744 hoc
1406 1697 1507 1753 est,
1532 1703 1652 1758 quae
1683 1688 2026 1752 annuntiant,

2130 500 2257 570 quia
2295 501 2463 560 Isaias
2507 503 2747 560 dixerit:
2787 505 3038 572 Domine,
3086 513 3202 580 quis
3251 515 3476 568 credidit
3515 517 3718 571 auditui

2131 598 2307 645 nostro
2327 592 2352 644 ?
2377 592 2495 662 quis
2523 608 2623 663 pro
2655 610 2778 650 raro
2805 596 3008 652 dictum
3039 608 3141 665 εει,
3187 611 3241 655 ει
3285 603 3581 661 observare
3623 608 3716 664 de-

2129 683 2338 747 bemus,
2383 685 2525 755 quod
2559 697 2738 742 sermo
2763 689 2852 743 hic
2885 690 2939 746 in
2982 690 3277 764 Scripturis
3315 697 3588 755 interdum
3621 714 3722 771 pro

2132 789 2276 839 raro,
2297 774 2569 834 interdum
2596 792 2696 847 pro
2719 779 2866 834 nullo
2887 781 3108 854 omnino
3134 786 3389 853 ponitur:
3422 791 3571 845 verbi
3600 806 3722 863 gra-

2133 865 2225 930 tia,
2269 874 2330 922 ut
2369 881 2492 921 cum
2545 868 2674 928 dicit
2709 886 2720 922 :
2758 868 2889 934 Quis
2936 873 3166 943 sapiens,
3193 885 3240 929 et
3280 876 3537 951 intelliget
3572 882 3722 935 hcce?

2133 957 2251 1029 (Ps.
2276 959 2384 1031 CVI)
2407 967 2490 1015 et:
2511 959 2642 1026 Quis
2671 962 2914 1017 ascendet
2943 963 2997 1017 in
3021 976 3247 1022 montem
3276 966 3719 1041 Domini?(Psal.

2131 1050 2292 1123 χχιιι)
2314 1059 2369 1106 ει
2393 1070 2405 1107 :
2433 1050 2563 1122 Quis
2591 1061 2665 1107 est
2697 1054 2849 1106 homo
2873 1055 2962 1123 qui
2989 1055 3096 1108 vult
3129 1058 3287 1110 vitam
3307 1059 3332 1111 ?
3361 1058 3412 1129 (ι
3445 1059 3590 1115 Petr.
3615 1061 3721 1130 ιιι.)

2131 1144 2189 1204 In
2230 1146 2316 1200 his
2343 1147 2597 1201 omnibus
2632 1160 2818 1203 rarum
2847 1146 2963 1217 quis
2990 1146 3291 1221 signiﬁcat;
3331 1150 3420 1204 ubi
3462 1168 3590 1207 vero
3638 1155 3724 1207 di-

2132 1238 2207 1294 cit
2236 1253 2249 1290 :
2281 1236 2412 1303 Quis
2458 1239 2692 1294 ascendit
2721 1240 2778 1293 in
2813 1239 2996 1293 coelum
3021 1241 3046 1294 Ρ
3085 1242 3189 1296 hoc
3217 1252 3302 1298 est
3325 1243 3604 1304 Christum
3627 1249 3723 1302 de-

2133 1327 2368 1392 ducere;
2393 1327 2476 1382 vel
2501 1329 2614 1398 quis
2630 1327 2892 1383 descendit
2916 1331 2971 1383 in
2999 1331 3244 1401 abyssum
3268 1334 3293 1387 7
3317 1335 3422 1390 hoc
3446 1344 3550 1402 est,
3567 1335 3724 1392 Chri-

2133 1428 2276 1473 stum
2306 1435 2336 1473 a
2362 1419 2587 1474 mortuis
2610 1419 2869 1475 reducere
2893 1440 2905 1475 :
2932 1421 3020 1477 hic
3045 1423 3160 1493 quis
3184 1425 3363 1481 nullus
3383 1427 3724 1498 intelligitur.

2133 1509 2321 1565 Nullus
2357 1520 2440 1566 est
2475 1511 2623 1566 enim
2667 1512 2760 1580 qui
2817 1513 3062 1568 ascendit
3101 1515 3158 1568 in
3207 1516 3406 1570 coelum
3449 1516 3728 1574 Christum

2135 1603 2260 1660 inde
2288 1604 2571 1665 deducere.
2597 1603 2754 1659 Nunc
2777 1619 2928 1675 ergo,
2959 1605 3203 1671 Domine,
3232 1608 3348 1677 quis
3377 1610 3600 1663 credidit
3633 1627 3728 1663 au-

2134 1697 2270 1751 ditui
2319 1708 2494 1752 nostro
2519 1698 2545 1751 ἲ
2585 1699 2730 1767 quod
2776 1698 2909 1761 dicit
2951 1698 3139 1764 Isaias,
3173 1715 3357 1760 rarum
3399 1705 3519 1772 quis
3566 1703 3731 1772 signi-

432 1784 734 1842 vidcamus.
772 1782 1031 1854 Quamvis
1063 1782 1166 1842 hoc
1202 1781 1377 1859 ipsum
1416 1781 1559 1850 quod
1603 1781 1733 1836 dicit
1770 1779 2034 1852 evangeli-
2061 1775 2109 1837 B
2138 1787 2281 1842 ﬁcat.
2342 1787 2496 1851 Scire
2546 1795 2726 1843 tamen
2779 1805 2877 1845 nos
2938 1791 3192 1851 convenit
3249 1793 3393 1861 quod
3411 1796 3442 1858 ,'
3483 1794 3729 1857 Domine,

434 1887 589 1946 zare,
615 1872 1007 1942 interpretetur
1028 1871 1168 1928 bona
1199 1871 1545 1937 annuntiare,
1569 1886 1689 1940 quae
1717 1872 1826 1928 sint
1849 1879 2027 1933 tamen

431 1964 574 2020 bona
613 1977 731 2034 quae
775 1952 933 2020 bonis
963 1961 1191 2026 addidit,
1237 1962 1598 2037 requiramus.
1646 1962 1822 2018 Unum
1853 1971 1908 2020 et
1931 1977 2026 2018 ve-

433 2069 554 2110 rum
614 2051 813 2113 bonum
866 2058 950 2106 est
995 2051 1168 2117 Deus,
1214 2050 1367 2120 cujus
1419 2051 1597 2122 imago
1636 2052 1895 2111 bonitatis
1947 2060 2030 2108 est

435 2142 627 2207 Filius,
679 2151 734 2212 et
790 2140 1026 2211 Spiritus
1054 2141 1205 2212 ejus,
1254 2142 1347 2218 qui
1396 2141 1594 2208 dicitur
1646 2144 1839 2206 bonus.
1879 2142 2027 2200 Istud

432 2247 559 2302 ergo
605 2246 772 2286 unum
806 2231 1032 2298 bonum,
1061 2232 1186 2309 quia
1217 2232 1271 2286 in
1302 2232 1412 2288 Deo
1456 2231 1641 2300 Patre,
1691 2241 1745 2288 et
1782 2232 1940 2300 Filio,
1972 2248 2029 2292 et

432 2322 638 2393 Spiritu
665 2330 853 2378 sancto
897 2332 1004 2388 est,
1047 2323 1188 2378 bona
1243 2325 1573 2390 nominavit;
1604 2325 1706 2379 hoc
1751 2334 1834 2379 est
1879 2325 2024 2378 enim

431 2413 577 2484 quod
599 2414 924 2480 annuntiant
962 2413 1322 2486 Evangelistae
1352 2415 1647 2476 secundum
1692 2426 2026 2488 prteccptum

430 2501 646 2557 Domini
702 2511 756 2558 et
811 2503 1111 2560 Salvatoris
1159 2505 1332 2564 nostri
1368 2505 1643 2564 dicentis:
1688 2506 1790 2573 Ite,
1846 2508 2026 2564 docete

431 2609 608 2647 omnes
647 2602 840 2664 gentes,
895 2593 1216 2665 baptizantes
1253 2611 1338 2649 eos
1380 2595 1437 2648 in
1478 2596 1686 2650 nomine
1731 2595 1932 2660 Patris,
1975 2606 2025 2650 et

432 2667 584 2750 Filii,
611 2693 657 2736 et
688 2682 914 2752 Spiritus
953 2685 1122 2738 sancti
1148 2683 1376 2755 (Matth.
1420 2700 1590 2739 xxvm
1616 2702 1630 2751 ;
1660 2685 1828 2740 Marc.
1863 2701 1951 2739 xvr
1980 2687 2022 2759 ).

430 2774 557 2830 Haec
583 2781 709 2834 sunt
733 2788 864 2842 ergo
885 2773 1375 2843 eva‘ngelizantium
1395 2773 1559 2829 bona.
1579 2775 1686 2830 Sed
1700 2776 1955 2844 quoniam
1972 2785 2028 2830 et

432 2866 547 2933 ipse
569 2865 743 2918 bonus
768 2863 991 2932 nuntius
1020 2863 1240 2932 dicitur,
1271 2871 1325 2921 et
1355 2865 1604 2920 nuntiare
1638 2865 1706 2919 de
1728 2866 1902 2934 bonis,
1936 2865 2026 2920 illa

431 2957 502 3010 sit
559 2955 696 3009 ratio
745 2955 889 3023 quod
937 2969 1044 3009 non
1088 2954 1262 3010 solum
1307 2957 1451 3011 bona
1499 2957 1783 3022 nuntiant,
1830 2956 1925 3020 sed
1972 2965 2029 3011 et

434 3047 574 3101 bene
604 3046 744 3100 bona
771 3045 1042 3114 nuntiant.
1074 3045 1211 3101 Sunt
1238 3047 1382 3101 enim
1418 3048 1662 3108 nonnulli
1689 3048 1779 3118 qui
1811 3062 2024 3102 annun-

433 3135 574 3189 tiant
603 3134 840 3203 quidem,
866 3142 920 3188 et
943 3134 1240 3204 praedicant
1266 3136 1333 3190 de
1371 3135 1532 3192 Patre
1573 3144 1629 3192 et
1661 3115 1799 3193 Filio
1821 3148 1878 3192 ct
1906 3137 2027 3212 Spi—
2055 3115 2102 3178 ί)

435 3227 542 3281 ritu
566 3234 788 3290 sancto;
821 3224 916 3279 sed
946 3240 1053 3280 non
1095 3226 1340 3290 sincere,
1373 3241 1482 3282 non
1523 3227 1734 3300 integre
1764 3245 1778 3280 :
1813 3237 1872 3283 ut
1902 3237 2028 3284 sunt

433 3331 624 3373 omnes
659 3315 918 3378 haeretici,
969 3315 1062 3390 qui
1096 3315 1314 3370 Patrem
1343 3316 1561 3389 quidem
1608 3325 1664 3373 et
1707 3317 1904 3374 Filium
1926 3360 1940 3384 ,
1973 3328 2030 3382 et

435 3408 696 3481 Spiritum
727 3414 975 3462 sanctum
1002 3408 1355 3476 annuntiant,
1396 3409 1493 3465 sed
1521 3425 1630 3465 non
1649 3411 1809 3479 bene,
1852 3427 2028 3489 neque

434 3499 669 3556 ﬁdeliter
696 3498 1035 3554 annuntiant.
1071 3499 1180 3553 Aut
1209 3500 1353 3556 enim
1375 3500 1517 3560 male
1545 3511 1802 3573 separant
1829 3503 2027 3560 Filium

439 3605 470 3646 a
497 3590 680 3655 Patre,
726 3599 785 3644 ut
813 3589 1038 3644 alterius
1069 3599 1280 3646 naturte
1318 3591 1560 3658 Patrem,
1585 3593 1808 3651 alterius
1829 3595 2032 3658 Filium

438 3683 660 3739 dicant:
693 3688 788 3735 aut
813 3680 954 3734 male
998 3681 1358 3749 confundunt,
1383 3691 1445 3738 ut
1467 3683 1553 3739 vel
1589 3698 1658 3739 ex
1684 3685 1858 3740 tribus
1882 3699 2028 3740 com-

438 3774 674 3852 positum
712 3773 903 3841 Deum,
929 3772 1015 3829 vel
1049 3775 1205 3834 trinae
1235 3775 1608 3831 tantummodo
1653 3776 2028 3853 appellationis

438 3867 494 3922 in
524 3880 587 3920 eo
612 3879 733 3926 esse
762 3864 1086 3922 vocabulum
1127 3873 1334 3933 putent.
1375 3865 1478 3937 Qui
1525 3875 1706 3923 autem
1749 3867 1885 3923 bene
1927 3882 2026 3921 an‘

442 3955 660 4010 nuntiat
687 3955 848 4020 bona,
883 3953 1243 4024 proprietates
1271 3955 1490 4026 quidem
1518 3956 1670 4012 Patri
1713 3967 1768 4012 et
1809 3957 1948 4013 Filio
1973 3966 2030 4013 et

440 4043 668 4116 Spiritui
691 4050 883 4097 sancto
905 4058 1031 4098 suas
1059 4044 1255 4121 cuique
1277 4045 1457 4110 dabit;
1482 4047 1614 4102 nihil
1642 4055 1822 4102 autem
1845 4048 2026 4103 divere

439 4137 618 4193 sitatis
670 4148 792 4192 esse
837 4134 1183 4190 conﬁtebitur
1223 4138 1278 4196 in
1323 4137 1628 4192 substantia
1675 4139 1758 4196 vel
1811 4148 2024 4193 natura.

442 4227 546 4294 Qui
594 4241 724 4296 ergo
771 4225 847 4280 ita
898 4225 1222 4284 annuntiant
1271 4225 1641 4299 Evangelium,
1699 4242 1806 4282 non
1854 4226 2028 4282 solum

439 4321 586 4376 bona
614 4311 961 4384 annuntiant,
989 4320 1082 4376 sed
1103 4318 1241 4373 bene
1262 4327 1316 4372 et
1336 4319 1496 4390 digne
1519 4320 1844 4375 annuntiant
1862 4320 2024 4374 bona.

442 4411 547 4467 Sed
573 4427 677 4464 non
702 4425 878 4464 omnes
915 4409 1166 4463 obediune
1203 4409 1505 4480 Evangelia.
1539 4409 1752 4480 (Ambr.
1777 4410 1796 4483 )
1826 4409 2026 4472 Verum

443 4511 545 4568 est,
575 4501 701 4574 quia
729 4500 978 4571 quamvis
1007 4499 1310 4554 illustretur
1336 4499 1569 4554 mundus
1596 4500 1882 4569 splendore
1913 4499 2029 4554 dis-

445 4591 657 4660 ciplinae
695 4589 1030 4655 Dominicaa;
1063 4598 1189 4645 sunt
1222 4597 1404 4644 tamen
1450 4589 1543 4660 qui
1583 4600 1903 4664 repugnent,
1941 4590 2031 4660 qui

443 4681 626 4735 lumen
681 4681 934 4736 tenebras
987 4689 1200 4736 vocent.
1260 4681 1464 4736 Horum
1517 4682 1662 4737 enim
1719 4683 1798 4737 sic
1847 4696 2032 4747 errore

445 4772 590 4828 acies
629 4773 820 4827 obtusa
858 4779 941 4830 est
975 4771 1190 4838 mentis,
1241 4780 1301 4828 ut
1341 4785 1440 4826 nec
1491 4773 1605 4828 veri
1635 4772 1854 4829 luminis
1887 4774 2029 4829 reci--

450 4864 596 4935 piant
616 4863 978 4936 splendorem.
1005 4865 1150 4931 Quos
1177 4873 1396 4921 accusat
1413 4864 1983 4937 Evangelium,dicens
2016 4886 2028 4922 :

451 4953 566 5007 Lua:
597 4937 654 5006 in
678 4953 898 5010 tenebris
919 4952 1074 5021 lucet,
1105 4965 1153 5008 et
1174 4955 1396 5010 tenebrae
1423 4972 1539 5010 eam
1565 4972 1668 5010 non
1691 4959 2028 5028 comprehen-

446 5045 635 5098 derunt
677 5042 986 5116 (Joan.t).
1035 5043 1262 5118 [Orig.]
1317 5045 1501 5116 Neque
1546 5047 1689 5109 enim
1728 5063 1916 5104 omnes
1961 5063 2028 5104 ex

446 5135 709 5193 Gentibus
750 5135 1041 5206 Evangelio
1091 5138 1467 5204 crediderunt,
1511 5153 1682 5207 neque
1728 5153 1917 5194 omnes
1961 5154 2027 5193 ex

445 5229 611 5284 Israel
641 5246 653 5281 :
684 5226 867 5298 plures
917 5237 1119 5296 tamen,
1162 5239 1218 5286 et
1244 5232 1408 5287 multo
1436 5233 1617 5303 plures
1654 5249 1720 5289 ex
1743 5234 2026 5303 Gentibus,

449 5334 611 5390 quam
638 5319 822 5375 Israel.
854 5321 1099 5388 Domine,
1149 5324 1264 5394 quis
1311 5327 1528 5382 credidit
1577 5329 1784 5384 auditui
1813 5331 2030 5382 nostro?

451 5410 709 5484 (Ambr.)
741 5410 856 5467 Hoc
904 5423 1005 5480 est,
1030 5417 1150 5484 quis
1188 5417 1419 5472 credidit
1446 5433 1565 5487 qua:
1597 5421 1898 5479 audivimus
1919 5421 2030 5476 abs

473 5514 506 5556 e
544 5510 598 5554 et
639 5501 947 5571 loquimur?
974 5503 1235 5560 Firmavit
1279 5509 1596 5578 prophetico
1636 5511 1902 5580 exemplo,
1933 5509 2027 5567 Ju-

452 5591 596 5647 daeos
623 5607 742 5650 esse
776 5598 1203 5655 contradictores
1249 5604 1572 5674 evangelicze
1619 5606 1882 5662 veritatis.
1915 5606 2025 5663 Lex

453 5679 595 5734 enim
625 5680 836 5740 Judteos
865 5687 1139 5758 increpat;
1174 5691 1296 5761 quia
1329 5693 1469 5748 sicut
1501 5693 1599 5756 fuit
1624 5699 1763 5767 apud
1790 5709 2024 5768 veteres,

2058 4456 2108 4516 Ι)

2133 1878 2249 1948 quis
2272 1876 2492 1938 credidit
2515 1877 2720 1935 auditui
2740 1881 2958 1946 nostra?
2978 1881 3032 1935 in
3056 1880 3302 1940 Hebrais
3324 1884 3730 1955 exemplaribus

2133 1969 2358 2023 Domine
2389 1984 2496 2032 non
2520 1970 2739 2035 habeat,
2771 1972 2865 2028 sed
2895 1973 2950 2027 in
2984 1975 3438 2044 interpretatione
3466 1976 3613 2032 LXX
3648 1995 3731 2034 se-

2133 2059 2350 2116 niorum
2372 2059 2472 2126 sit;
2503 2060 2859 2129 etApostolus
2881 2064 2984 2118 hoc
2999 2066 3258 2135 probans,
3277 2070 3424 2136 quod
3446 2069 3592 2138 apud
3614 2069 3732 2124 illos

2132 2158 2237 2216 est,
2261 2150 2463 2221 posuit,
2492 2149 3344 2217 Domine.Videturtamenlsaias
3369 2153 3488 2214 haec
3514 2175 3583 2214 ex
3612 2175 3734 2230 per-

2131 2255 2265 2302 sona
2288 2241 2672 2313 Apostolorum
2700 2245 3046 2313 prophetare,
3089 2248 3283 2317 quibus
3309 2249 3586 2305 creditum
3618 2251 3730 2307 fne-

2132 2339 2217 2386 iat
2267 2333 2666 2402 praedicationis
2715 2332 2988 2400 ofﬁcium;
3032 2345 3087 2392 et
3133 2337 3236 2406 ipsi
3286 2354 3408 2394 cum
3447 2341 3730 2396 raritatem

2131 2423 2471 2485 credentium
2505 2425 2778 2495 praecipue
2804 2425 2869 2480 de
2896 2425 3093 2495 populo
3131 2426 3298 2483 Israel
3331 2429 3608 2497 viderent,
3653 2433 3732 2486 di-

2130 2523 2263 2572 cunt
2308 2513 2376 2568 ad
2418 2513 2746 2574 Dominum:
2782 2515 3029 2584 Domine,
3076 2519 3191 2588 quis
3242 2521 3467 2575 credidit
3519 2525 3730 2577 auditui

2131 2613 2306 2658 nostra
2332 2605 2356 2658 ?
2383 2604 2452 2666 Et
2479 2605 2523 2666 si
2547 2605 2615 2660 ad
2639 2619 2930 2675 personam
2959 2607 3200 2678 ipsorum
3223 2609 3627 2681 Prophetarum
3654 2630 3734 2670 re-

2128 2696 2380 2754 feruntur
2409 2696 2526 2756 haec
2555 2698 2741 2766 verba,
2788 2700 2942 2769 quasi
2988 2702 3082 2770 qui
3110 2702 3251 2770 apud
3279 2702 3575 2759 Dominum
3604 2721 3732 2761 con-

2130 2793 2432 2855 querantur
2459 2788 2604 2857 quod
2627 2787 2712 2848 his
2737 2803 2858 2857 qua:
2880 2790 2948 2843 de
2990 2790 3208 2846 Christo
3255 2793 3728 2863 prophetaverint,

2129 2892 2291 2932 nemo
2343 2887 2442 2931 aut
2492 2877 2784 2945 admodum
2837 2880 2995 2950 pauci
3050 2896 3114 2936 ex
3164 2883 3362 2953 populo
3409 2884 3505 2939 illo
3555 2886 3733 2940 credi-

2131 2966 2331 3034 derint,
2374 2983 2483 3026 non
2524 2967 2795 3031 videbitur
2823 2969 3077 3025 alienum.
3107 2973 3214 3030 Aut
3255 2988 3363 3028 non
3401 2984 3488 3029 est
3538 2983 3732 3044 putan-

2133 3057 2292 3121 dum,
2352 3059 2479 3128 quia
2531 3057 2741 3129 Moyses
2788 3060 2934 3114 dicat
2981 3061 3047 3115 ad
3097 3062 3435 3118 Dominum:
3479 3064 3728 3131 Domine,

2133 3164 2293 3204 nemo
2321 3149 2555 3206 credidit
2577 3139 2961 3216 auditui'meo?
2993 3152 3051 3210 Si
3075 3156 3219 3210 enim
3247 3157 3616 3212 credidissent
3645 3159 3731 3213 lit-

2132 3242 2264 3296 teris
2319 3242 2456 3318 meis
2479 3281 2494 3308 ,
2526 3242 2885 3303 credidissent
2913 3245 3100 3316 utique
3123 3255 3178 3302 et
3204 3245 3425 3303 Christo
3452 3264 3467 3303 :
3511 3249 3582 3304 de
3615 3251 3730 3320 ipso

2131 3331 2276 3390 enim
2305 3344 2403 3401 ego
2432 3330 2645 3400 scripsi.
2679 3330 2822 3401 Ergo
2859 3333 2990 3402 ﬁdes
3025 3351 3089 3390 ex
3122 3335 3340 3402 auditu,
3376 3337 3595 3390 auditus
3635 3354 3730 3390 au-

2131 3433 2234 3487 tem
2276 3439 2368 3492 per
2395 3424 2606 3482 verbum
2632 3420 2848 3484 Christi.
2903 3425 3075 3497 (Orig.
3100 3426 3118 3497 )
3141 3426 3244 3480 Hic
3270 3428 3482 3482 uerbum
3531 3426 3730 3484 Christi

2133 3511 2576 3582 praedicationem
2619 3512 2686 3568 de
2735 3511 2954 3574 Christo
3000 3515 3309 3586 signiﬁcat;
3361 3531 3536 3585 neque
3583 3517 3727 3571 enim

2130 3602 2209 3662 illi
2247 3601 2347 3663 soli
2401 3601 2745 3665 crediderunt
2788 3605 2882 3674 qui
2929 3606 3154 3667 verbum
3209 3609 3278 3662 ab
3325 3609 3443 3676 ipso
3506 3608 3726 3664 Christo

2132 3691 2360 3756 Domino
2389 3693 2645 3763 loquente
2697 3693 3017 3761 audierunt;
3057 3695 3150 3752 sed
3181 3697 3350 3752 multo
3375 3698 3562 3768 plures
3605 3707 3732 3754 sunt

2132 3783 2225 3857 qui
2277 3783 2401 3842 aliis
2453 3797 2575 3837 eum
2627 3784 3047 3856 praedicantibus
3095 3787 3424 3854 audierunt,
3477 3789 3620 3843 sicut
3669 3797 3728 3843 et

2131 3872 2248 3948 ipse
2278 3873 2536 3929 Dominus
2556 3876 2883 3943 praedixerat
2911 3877 3136 3946 loquens
3159 3879 3226 3933 ad
3250 3880 3551 3934 Thomam:
3583 3881 3724 3945 Quia

2132 3964 2310 4018 uidisti
2345 3982 2448 4030 me,
2494 3965 2704 4035 inquit,
2749 3968 3051 4034 credidisti;
3086 3971 3220 4024 beati
3265 3987 3368 4025 non
3409 3972 3642 4028 videntes
3677 3985 3726 4028 et

2132 4055 2397 4118 credentes
2461 4055 2664 4126 (Joan.
2718 4059 2851 4130 xx).
2894 4059 3067 4116 Omne
3118 4077 3246 4132 ergo
3297 4062 3523 4117 verbum
3579 4064 3726 4134 quod

2132 4146 2394 4217 Apostoli,
2413 4155 2468 4203 et
2488 4148 2534 4204 si
2555 4149 2648 4218 qui
2674 4150 2765 4206 alii
2784 4152 2852 4206 ab
2881 4153 2996 4221 ipso
3020 4162 3241 4223 accepta
3271 4155 3446 4224 gratia
3471 4157 3538 4210 de
3567 4157 3725 4210 Chri-

2133 4247 2218 4295 sto
2239 4239 2688 4308 prsidicavcrunt,
2719 4244 2944 4298 verbum
2977 4244 3174 4306 Christi
3215 4261 3335 4302 esse
3379 4253 3722 4317 pronuntiat.

2134 4327 2241 4387 Sed
2263 4338 2320 4384 et
2339 4329 2394 4384 in
2417 4329 2661 4388 Ecclesia
2682 4335 2727 4388 si
2749 4336 2870 4403 quis
2894 4337 3235 4406 sapientiam,
3252 4354 3371 4409 qua:
3398 4356 3465 4394 ex
3483 4341 3596 4399 Deo
3621 4353 3723 4409 est,

2133 4426 2189 4475 et
2214 4420 2501 4477 veritatem
2542 4423 2637 4477 Dei
2680 4423 2950 4493 loquatur,
2999 4429 3044 4482 si
3081 4430 3203 4498 quis
3245 4432 3390 4485 viam
3436 4433 3552 4495 Dei.
3607 4431 3725 4505 quae

2134 4512 2382 4569 Christus
2409 4523 2514 4581 est,
2546 4515 2760 4582 doceat,
2785 4526 2838 4572 et
2871 4517 3134 4587 justitiam
3161 4523 3277 4592 ejus
3315 4537 3573 4596 exponat,
3607 4531 3724 4586 sine

2135 4606 2300 4662 dubio
2328 4607 2470 4677 quod
2502 4608 2761 4678 loquitur,
2797 4613 3024 4669 verbum
3061 4613 3263 4671 Christi
3294 4628 3398 4673 est.
3430 4619 3541 4675 Sed
3563 4624 3679 4679 dico
3702 4638 3722 4676 :

2137 4697 2393 4769 Nunquid
2422 4715 2526 4754 non
2563 4701 2891 4757 audierunt?
2920 4703 3194 4778 (Ambr.)
3221 4707 3334 4765 Hoc
3378 4721 3482 4779 est,
3531 4716 3719 4771 audie-

2135 4802 2282 4860 runt,
2312 4805 2368 4850 et
2410 4796 2630 4852 credere
2669 4797 2981 4854 noluerunt.
3023 4800 3282 4870 Quamvis
3309 4807 3454 4860 enim
3496 4808 3631 4864 ﬁdes
3655 4825 3720 4865 ex

2140 4885 2326 4940 auditu
2371 4887 2462 4951 sit,
2492 4895 2616 4941 sunt
2655 4897 2836 4943 tamen
2877 4891 2971 4960 qui
3011 4891 3291 4949 audientes
3338 4911 3446 4951 non
3469 4901 3714 4954 credunt.

2137 4976 2376 5032 Audiunt
2416 4978 2561 5032 enim
2587 4987 2643 5032 et
2682 4995 2788 5034 non
2834 4979 3158 5051 intelligunt,
3185 4985 3310 5053 quia
3343 4988 3717 5046 malevolentia

2140 5069 2469 5123 obcaecatum
2511 5077 2597 5124 est
2639 5083 2734 5124 cor
2793 5069 3027 5128 illorum.
3077 5071 3144 5126 Et
3181 5076 3392 5144 quidem
3430 5079 3486 5131 in
3516 5097 3716 5136 omnem

2141 5169 2334 5215 terram
2383 5159 2511 5217 exiit
2560 5177 2719 5215 sonus
2759 5177 2960 5225 eorum,
3002 5170 3050 5215 et
3093 5163 3148 5216 in
3195 5166 3327 5234 ﬁnes
3373 5169 3516 5223 orbis
3566 5182 3714 5225 terra:

2139 5249 2506 5304 verbaeorum.
2553 5250 2734 5319 Usque
2775 5250 2910 5307 adeo
2946 5254 3382 5322 praedicationem
3422 5259 3521 5315 Dei
3566 5277 3597 5316 a
3629 5261 3713 5316 Ju-

2138 5340 2267 5396 dtBiS
2291 5341 2528 5396 auditam
2567 5355 2686 5397 esse
2727 5350 2967 5408 testatur,
3020 5353 3079 5399 ut
3115 5347 3277 5400 etiam
3308 5349 3592 5420 impletum
3630 5369 3714 5408 or-

2133 5430 2258 5484 bem
2304 5431 2484 5487 divina
2537 5434 2946 5489 annuntiatione
2993 5438 3342 5504 pronuntiet;
3385 5441 3504 5510 ipsa
3569 5444 3710 5499 enim

2134 5519 2336 5578 fabrica
2367 5525 2549 5579 mundi
2574 5526 2828 5594 praedicat
2849 5524 3180 5582 Creatorem.
3216 5528 3368 5596 Quod
3393 5532 3542 5587 enim
3570 5532 3712 5587 Psal-

2133 5615 2460 5686 mographus
2512 5614 2578 5669 de
2629 5625 2877 5672 creatura
2932 5618 3103 5685 dixit,
3160 5620 3262 5675 hoc
3303 5621 3597 5691 Apostolus
3648 5624 3709 5679 de

2133 5705 2516 5774 evangelistis,
2578 5707 2704 5776 quia
2763 5710 2965 5780 ubique
3023 5709 3204 5766 audita
3248 5719 3370 5779 est,
3427 5725 3484 5768 et
3524 5730 3708 5784 perve-
