3948 6376
179 394 307 448 1517

702 386 1250 446 ENARRATIONUM
1287 385 1355 443 IN
1390 385 1538 441 EPP.
1576 382 1777 440 PAULI
1808 381 1938 439 LIB.
1980 384 2066 442 Vl.
2100 413 2171 427 —
2206 383 2277 442 IN
2312 384 2532 442 EPIST.
2570 386 2660 442 AD
2698 386 2863 446 ROM.

3286 390 3424 451 1518

170 503 247 559 nit
287 501 339 556 in
379 512 592 555 omnem
640 497 816 552 locum
869 497 1181 568 praedicatio
1236 493 1468 549 nominis
1518 493 1737 550 Christi.
1768 503 1820 562 Α
1846 510 1965 551 sum
1990 510 2109 553 esse
2138 505 2569 567 assecutam,per
2593 512 2752 567 quam
2778 498 2954 555 zelum
2977 501 3122 570 passi
3148 502 3425 561 iracundia

170 592 270 649 Ubi
304 589 464 645 ’enim
517 590 801 660 prtescntia
857 589 1090 643 hominis
1119 585 1474 657 .prredicantis
1535 585 1740 651 defuit,

169 700 329 742 sonus
399 693 575 738 tamen
634 692 688 737 et
754 681 896 736 fama
961 680 1225 750 pervenit,
1282 679 1422 733 sicut
1484 692 1745 749 pervene-

167 784 253 831 rat
301 776 484 844 opinio
539 774 803 828 factarum
848 772 1107 826 virtutum
1153 771 1206 826 in
1251 769 1485 841 Egypto
1530 770 1746 834 adom-

169 882 262 923 ucs
310 875 526 937 gentes,
571 874 704 920 teste
748 864 939 918 Rahab
986 862 1271 918 meretrice
1322 862 1504 931 (Iosue
1555 861 1636 931 ιι).
1688 860 1746 916 Si

167 960 309 1014 enim
340 960 393 1012 in
425 970 637 1012 onmem
669 957 842 1010 locum
872 955 1135 1024 pervenit,
1163 950 1286 1008 'non
1314 961 1605 1022 potuerunt
1638 967 1747 1007 non

168 1050 351 1102 audire
388 1046 557 1101 Judaei
590 1044 941 1115 apostolicam
972 1043 1406 1113 praedicationem
1430 1083 1444 1106 ,
1502 1050 1561 1097 ut
1589 1057 1747 1098 nemo

168 1151 233 1190 ex
262 1137 343 1191 bis
367 1143 659 1191 excusatus
683 1134 753 1189 sit
780 1148 809 1187 a
835 1133 1057 1187 crimine
1086 1130 1408 1187 dilIidentite.
1433 1130 1747 1203 (Θήρ.)Ρο-

171 1230 277 1279 test
306 1225 377 1278 ita
408 1223 651 1293 intelligi,
701 1222 826 1291 quia
864 1231 1057 1275 terram
1093 1220 1372 1290 imperitos
1416 1235 1659 1289 quosque
1695 1228 1750 1276 et

171 1314 484 1372 iudocibiles
515 1314 759 1369 homines
786 1312 1030 1378 dicat,ad
1058 1325 1193 1381 quos
1216 1326 1324 1365 non
1343 1311 1530 1375 verba,
1550 1310 1603 1364 in
1633 1309 1751 1379 qui-

170 1408 269 1461 bus
302 1406 437 1460 mtio
484 1404 605 1458 fidei
647 1404 953 1459 continetur
988 1411 1042 1456 et
1088 1402 1396 1472 explanatio
1449 1402 1748 1471 sapientiae,

172 1496 263 1551 sed
295 1511 458 1552 sonus
496 1494 619 1550 ﬁdei
651 1494 877 1563 simplici
908 1492 1286 1563 praedicatione
1313 1494 1653 1563 pervenerit:
1684 1494 1748 1547 fi-

172 1602 293 1642 nem
330 1600 459 1641 vero
493 1585 639 1640 orbis
686 1593 950 1639 terrarum
997 1584 1320 1639 eruditiores
1371 1599 1644 1653 quosque,
1698 1593 1751 1639 ct

171 1675 545 1747 prudentiores
568 1673 935 1744 appellaverit.
988 1673 1136 1728 Finis
1181 1673 1325 1728 enim
1366 1673 1748 1743 perfectionem

173 1765 376 1821 iudicat
396 1780 597 1821 rerum.
614 1764 696 1818 Ad
719 1765 815 1819 hos
836 1778 965 1834 ergo
985 1764 1117 1819 tales
1139 1779 1245 1819 non
1268 1780 1456 1819 sonum
1474 1766 1636 1829 vocis,
1655 1766 1747 1821 sed

1842 589 2296 653 distenderentur,
2331 598 2387 643 ut
2411 590 2627 645 maliti:e
2649 600 2703 645 et
2730 592 3121 649 incredulitatis
3150 608 3261 651 suae
3284 610 3425 653 mer-

1845 681 2005 736 cedes
2033 678 2394 756 exsolverent.
2425 678 2577 734 Nulla
2601 679 2745 734 enim
2797 695 2883 737 res
2931 682 3010 738 sic
3035 683 3303 740 consumit
3324 685 3424 741 ho-

1846 769 2066 836 minem,
2097 776 2158 823 ut
2208 767 2375 832 zelus,
2416 784 2577 839 quem
2625 769 2746 824 ideo
2792 769 2934 826 Deus
2964 771 3192 829 ultorem
3247 777 3428 844 posuit

1846 860 2256 927 incredulitatis,
2284 860 2407 929 quia
2434 874 2595 931 grave
2622 852 2901 931 peceatum
2927 872 3030 919 est.
3058 864 3191 921 Nam
3214 881 3430 938 semper

1847 952 1900 1008 in
1932 955 2070 1009 iram
2100 953 2251 1032 missi
2272 952 2671 1017 excruciantur,
2696 948 2912 1022 quando
2932 954 3154 1010 audiunt
3178 957 3350 1027 legem
3375 967 3431 1015 et

1846 1047 2137 1115 prophetas
2166 1045 2239 1099 ad
2261 1057 2358 1100 nos
2383 1043 2675 1114 pertinere,
2708 1044 2800 1113 qui
2833 1042 3112 1101 Christum
3139 1047 3408 1105 credimus

1849 1132 2047 1205 (Orig.)
2088 1133 2194 1189 Sed
2252 1133 2499 1189 videatur
2538 1132 2785 1190 fortassis
2836 1144 3047 1206 gentem
3085 1124 3257 1193 a‘Deo
3307 1137 3431 1197 ﬁdei

1851 1225 2049 1280 merito
2078 1234 2132 1279 et
2152 1224 2449 1280 devotionis
2480 1223 2707 1280 electam
2731 1224 2938 1296 Moyses
2967 1227 3278 1297 injuriosius
3292 1244 3435 1287 com-

1850 1314 2245 1385 pellasse,cum
2273 1314 2403 1371 dicit
2429 1316 2486 1370 in
2531 1332 2634 1370 non
2674 1324 2973 1385 gentem,et
3022 1318 3095 1372 ita
3144 1319 3297 1373 nihili
3329 1320 3430 1376 du-

1851 1424 1996 1475 cere,
2031 1418 2089 1464 ut
2111 1423 2211 1464 nec
2246 1416 2461 1479 gentem
2491 1423 2610 1465 eam
2635 1409 2904 1480 appellare
2952 1411 3233 1481 dignetur;
3268 1420 3363 1467 aut
3388 1412 3436 1468 si

1852 1499 2103 1570 appellet,
2160 1499 2501 1568 insipientem
2550 1500 2870 1554 nominare:
2910 1499 3003 1555 sed
3057 1515 3164 1556 non
3218 1510 3301 1557 est
3347 1502 3435 1557 in-

1845 1588 2083 1659 juriosus
2132 1586 2372 1658 Moyses,
2422 1594 2607 1656 utpote
2654 1587 2859 1642 amicus
2888 1586 3013 1653 Dei,
3052 1603 3179 1660 erga
3235 1590 3435 1647 electos

1853 1681 2005 1751 ejus:
2030 1694 2131 1735 nec
2159 1678 2483 1734 contumelia
2520 1677 2792 1732 videbitur
2828 1678 2882 1732 in
2906 1692 3173 1745 sermone,
3221 1682 3266 1735 si
3295 1683 3435 1738 ratio

1855 1769 2123 1826 sermonis
2160 1776 2432 1839 appareat.
2482 1767 2829 1839 Unaquzeque
2881 1783 3032 1838 gens,
3064 1759 3212 1825 verbi
3249 1786 3435 1837 causa,

172 1857 332 1911 verba
365 1863 418 1908 et
455 1855 719 1909 rationem
749 1854 1057 1923 pervenisse
1082 1854 1411 1923 pronuntiat,
1445 1854 1535 1923 qui
1565 1856 1749 1924 utique
1778 1851 1826 1911 Β
1854 1859 2252 1930 Egyptiorum,
2294 1866 2388 1911 aut
2414 1857 2694 1928 Syrorum,
2727 1865 2820 1910 aut
2843 1856 3215 1925 Moabitarum,
3247 1873 3345 1930 pro
3373 1876 3437 1916 eo

170 1946 447 2002 audientes
477 1958 780 1999 sermonem
809 1942 954 2010 fidei,
983 1943 1143 1998 etiam
1173 1944 1504 2013 perscrutari
1530 1950 1755 2013 possunt

170 2046 225 2091 et
251 2037 565 2107 perquirere
600 2034 911 2104 Scripturas
935 2033 1163 2097 divinas,
1202 2042 1261 2087 ut
1290 2043 1620 2103 cognoscant
1659 2048 1753 2088 co-

172 2140 295 2180 rum
322 2126 607 2180 verborum
632 2166 646 2190 ,
701 2139 820 2193 qute
862 2123 939 2178 eis
978 2138 1076 2192 per
1107 2122 1391 2193 Apostolos
1438 2123 1757 2178 aununtiata

175 2226 321 2282 sunt,
338 2217 641 2272 veritatem.
662 2216 725 2270 Et
746 2217 885 2270 hanc
900 2230 1020 2271 esse
1036 2216 1091 2269 in
1113 2216 1196 2270 bis
1209 2214 1563 2270 differentiam
1581 2214 1759 2269 sciens

173 2307 481 2377 Apostolus,
513 2307 691 2373 idest,
723 2306 777 2361 in
805 2321 938 2361 sono
960 2314 1014 2361 et
1038 2306 1238 2371 verbis,
1263 2305 1494 2375 quodam
1526 2304 1644 2360 loco
1684 2305 1779 2375 ita.

174 2396 305 2451 dicit
334 2415 346 2450 :
378 2397 446 2450 Et
480 2412 648 2450 sermo
684 2412 827 2450 meus
854 2406 899 2449 et
937 2396 1240 2465 prwdicatio
1272 2411 1386 2449 mea
1412 2411 1515 2448 non
1560 2395 1661 2463 fuit
1703 2394 1759 2446 in

171 2488 428 2543 suasoriis
470 2488 741 2557 sapientia:
782 2488 966 2566 verbis,
1001 2488 1091 2541 sed
1117 2488 1171 2540 in
1200 2488 1490 2541 ostensione
1528 2484 1758 2554 Spiritus

170 2590 219 2635 et
256 2580 458 2635 virtutis
488 2579 537 2651 (I
571 2578 694 2633 Cor.
730 2579 790 2648 ιι)
811 2592 825 2630 :
850 2584 911 2631 ut
937 2578 1247 2633 ostenderet
1294 2577 1514 2631 verbum
1541 2576 1760 2645 quidem

168 2688 312 2738 esse,
341 2687 447 2741 quo
477 2687 575 2741 per
601 2671 859 2725 virtutem
895 2669 1129 2739 Spiritus
1171 2669 1432 2738 sapientia
1479 2667 1575 2722 Dei
1625 2666 1761 2721 luci-

170 2768 295 2823 dius
321 2767 669 2836 explanatur;
712 2766 1145 2837 praedicationem
1173 2780 1303 2820 vero
1334 2765 1475 2819 hanc
1518 2778 1661 2828 esse,
1694 2764 1763 2818 de

170 2875 279 2929 qua
311 2858 440 2913 dicit
471 2857 760 2928 Propheta,
790 2857 915 2926 quia
936 2856 991 2909 in
1030 2872 1233 2910 omnem
1266 2865 1458 2910 terram
1487 2855 1642 2909 exivit
1672 2870 1761 2908 so-

173 2969 275 3007 nus
309 2966 489 3006 eorum
517 2963 535 3002 :
564 2950 619 3005 in
646 2962 754 3019 qua
795 2947 1001 3003 scilicet
1054 2947 1282 3017 simplex
1310 2955 1393 3001 est
1426 2946 1765 3001 annuntiatio

171 3046 389 3111 fidei,et
412 3039 829 3113 simplicioribus
849 3039 1150 3109 quibusque
1176 3036 1465 3094 sufﬁciens.
1483 3035 1585 3091 Sed
1610 3035 1763 3090 dico:

172 3136 435 3209 Nunquid
461 3133 631 3188 Israel
662 3149 764 3187 non
791 3130 1062 3201 cognovit?
1089 3128 1324 3201 (Ambr.)
1372 3128 1483 3183 Hoc
1521 3136 1634 3193 est,
1682 3142 1769 3180 co-

1859 1949 2003 2020 quod
2028 1947 2260 2018 propriis
2288 1946 2551 2011 terminis,
2584 1954 2639 2001 ct
2664 1946 2864 2018 lingua,
2893 1954 2947 2001 et
2974 1946 3179 2014 habitu,
3206 1957 3261 2003 ct
3281 1952 3439 2005 mori-

1859 2040 1981 2105 bus,
2006 2048 2168 2108 atque
2212 2037 2472 2093 institutis
2516 2038 2861 2102 discernitur,
2902 2051 3033 2107 gens
3087 2038 3177 2094 illa
3222 2040 3305 2096 vel
3351 2040 3441 2096 illa

1861 2130 2180 2201 appellatur,
2208 2137 2263 2184 et
2292 2143 2467 2198 neque
2504 2126 2629 2200 Syri
2655 2128 3211 2201 Egyptiialiquando
3257 2134 3441 2190 dicun-

1859 2231 1983 2288 tur;
2006 2236 2180 2293 neque
2200 2221 2449 2277 Moabitze
2492 2222 2710 2277 Idumaei
2739 2222 3103 2294 appellantur;
3126 2234 3217 2280 aut
3236 2226 3443 2283 Arabes

1862 2313 2099 2384 Scythae.
2131 2311 2427 2367 Christiani
2453 2327 2584 2367 vero
2614 2328 2720 2391 non
2756 2324 2840 2369 est
2881 2331 2987 2371 una
3017 2330 3147 2388 gens
3180 2359 3194 2385 ,
3256 2320 3351 2375 sed
3377 2333 3446 2376 ex

1861 2402 2111 2458 omnibus
2130 2402 2382 2473 gentibus
2402 2400 2550 2459 unus
2577 2403 2804 2474 populus
2834 2423 2846 2458 :
2880 2415 2936 2461 et
2966 2407 3084 2463 ideo
3114 2409 3325 2480 Moyses
3343 2425 3443 2481 pro

1863 2507 2077 2550 summo
2107 2494 2310 2548 honore
2338 2508 2444 2548 non
2470 2496 2670 2565 gentem
2696 2509 2814 2552 eam
2841 2499 3155 2565 nominavit,
3192 2503 3316 2570 quia
3336 2517 3441 2557 non

1864 2594 1984 2640 erat
2008 2600 2115 2639 una
2152 2598 2303 2656 gens,
2355 2599 2470 2650 seu,
2502 2585 2548 2639 si
2572 2586 2646 2640 ita
2673 2586 2777 2656 diei
2812 2595 3008 2657 potest,
3049 2590 3288 2645 omnium
3314 2606 3444 2661 gen-

1864 2675 2000 2730 tium
2028 2689 2177 2746 gens.
2215 2673 2415 2729 Verum
2453 2674 2665 2729 excludi
2718 2675 3017 2732 videbimur
3088 2679 3141 2732 in
3192 2679 3277 2736 his
3327 2696 3446 2751 qua:

1865 2766 2286 2834 subsequuntur,
2320 2765 2413 2819 ubi
2451 2764 2622 2819 dicit:
2660 2764 2723 2819 In
2768 2778 2967 2837 gentem
3019 2768 3357 2836 insensatam,
3392 2772 3447 2826 in

1864 2855 2002 2908 iram
2030 2870 2118 2908 vos
2168 2854 2461 2907 inducam:
2494 2854 2637 2923 quod
2663 2864 2717 2910 et
2765 2865 2976 2926 gentem
3031 2874 3171 2924 eam,
3222 2868 3279 2915 et
3319 2861 3448 2917 insi-

1865 2946 2102 3014 pientem
2133 2945 2509 2999 nominaverit.
2539 2944 2738 3001 Verum
2786 2962 2854 3002 ne
2906 2948 2961 3002 iu
2992 2949 3095 3005 hoc
3119 2950 3334 3020 quidem
3362 2950 3445 3007 fa-

1868 3035 2045 3090 mulus
2072 3034 2169 3092 Dei
2193 3034 2401 3105 Moyses
2422 3036 2800 3091 contumeliam
2828 3035 2958 3091 facit
2986 3038 3181 3108 p0pulo
3210 3039 3334 3105 Dei;
3355 3042 3450 3097 sed

1868 3124 2197 3193 praevidebat
2231 3124 2287 3178 in
2317 3123 2532 3194 spiritu,
2562 3124 2815 3194 quoniam
2838 3110 2892 3179 si.
2928 3126 3050 3197 quis
3077 3127 3189 3181 vult
3234 3130 3451 3199 sapiens

170 3229 414 3300 gnovitne
432 3225 457 3278 ?
475 3223 600 3293 quia
623 3237 720 3293 per
741 3220 1047 3291 supradicta
1076 3219 1384 3276 testimonia
1404 3231 1571 3288 genus
1595 3215 1763 3272 Israel
1790 3213 1837 3279 C
1866 3230 1988 3272 esse
2016 3218 2071 3271 in
2099 3217 2201 3271 hoc
2239 3216 2459 3281 mundo,
2495 3216 2750 3285 insipiens
2794 3216 2911 3271 ﬁeri
2941 3212 3126 3284 debet,
3153 3228 3213 3273 ut
3251 3221 3321 3275 sit
3367 3236 3453 3277 sa-

174 3313 571 3373 incredulitatis
618 3326 783 3367 causa
828 3310 1026 3382 arguit,
1062 3325 1187 3365 cum
1215 3310 1401 3365 dolore
1425 3309 1492 3364 de
1516 3307 1770 3363 omnibus

174 3404 442 3462 Israelitis
472 3402 628 3473 queri
675 3400 953 3456 videretur
972 3440 987 3467 ,
1018 3414 1127 3455 non
1179 3408 1341 3471 negat
1376 3397 1539 3453 Israel
1568 3410 1771 3468 cogno-

175 3499 324 3554 visse
368 3506 423 3552 et
467 3502 774 3552 assecutum
804 3507 925 3549 esse
952 3492 1096 3563 quod
1126 3492 1201 3547 illi
1227 3491 1555 3561 promissum
1595 3489 1773 3544 fuerat

175 3591 234 3645 in
265 3589 382 3660 lege
407 3605 420 3641 :
459 3588 554 3642 sed
580 3601 705 3643 eum
733 3585 826 3655 qui
851 3584 1047 3655 spiritu
1077 3583 1249 3655 magis
1285 3582 1451 3638 Israel
1476 3589 1578 3647 est,
1608 3595 1770 3651 quam

178 3694 365 3743 carne,
390 3692 551 3747 quem
579 3684 633 3733 et
670 3674 813 3730 Deus
835 3674 1149 3745 praescierat
1191 3672 1542 3729 crediturum.
1572 3669 1772 3726 Omnes

177 3772 327 3826 enim
368 3767 671 3833 audierunt,
719 3774 775 3820 et
810 3780 920 3821 non
947 3779 1135 3820 omnes
1177 3761 1560 3825 crediderunt;
1606 3758 1768 3814 ideo:

179 3862 399 3916 Primus
416 3860 622 3930 Moyses
639 3859 787 3924 dicit,
806 3858 860 3912 in
881 3856 1094 3912 cantico
1115 3853 1518 3911 Deuteronomii
1539 3851 1681 3922 :Ego
1702 3853 1772 3905 ad

180 3953 575 4011 cumulationem
598 3967 686 4005 vos
714 3950 975 4003 adducam
1010 3949 1066 4001 in
1093 3963 1198 4001 non
1229 3954 1452 4016 gentem,
1488 3945 1541 3997 in
1569 3951 1772 4013 gentem

179 4046 534 4115 insipientem,
562 4043 618 4096 in
642 4041 777 4094 iram
816 4055 903 4093 vos
941 4039 1166 4091 mittam.
1197 4035 1383 4106 (Aug.)
1411 4034 1564 4102 Quod
1593 4040 1773 4087 autem

181 4135 340 4199 dicit,
372 4131 665 4187 secundum
693 4129 862 4200 Moysi
890 4126 1256 4183 testimonium
1286 4144 1299 4178 :
1332 4124 1444 4194 Ego
1496 4124 1563 4177 ad
1613 4139 1773 4177 temu-

181 4226 437 4280 lationem
488 4240 575 4277 vos
615 4221 897 4292 perducam
944 4220 999 4272 in
1053 4234 1158 4272 non
1202 4226 1438 4287 gentem;
1474 4217 1527 4269 in
1574 4226 1774 4285 gentem

179 4317 537 4387 insipientem,
568 4313 693 4384 quia
746 4327 869 4366 cum
910 4318 1056 4367 esset
1111 4322 1243 4379 gens
1291 4306 1551 4377 insipiens
1599 4303 1775 4359 omnis

178 4408 421 4481 populus
466 4404 609 4462 idola
636 4404 851 4470 colens,
886 4410 1063 4456 tamen
1093 4398 1450 4470 gentilitatem
1506 4394 1775 4452 credendo

181 4499 458 4573 deposuit.
484 4498 639 4555 Unde
670 4497 835 4552 etiam
864 4492 996 4549 illud
1035 4498 1118 4547 est
1144 4508 1157 4546 :
1182 4490 1245 4547 Si
1274 4491 1437 4560 igitur
1459 4487 1773 4559 prwpntium

183 4593 422 4661 iustitias
472 4589 599 4661 legis
648 4586 941 4651 custodiat,
977 4598 1145 4639 nonne
1192 4583 1503 4653 prteputium
1552 4579 1664 4647 eius
1717 4579 1772 4633 in

180 4681 586 4738 circumcisione
643 4675 1015 4747 deputabitur?
1043 4674 1113 4731 Ut
1143 4673 1213 4728 sit
1257 4672 1346 4726 hic
1396 4684 1585 4726 sensus
1620 4688 1633 4723 :
1662 4668 1773 4737 Ego

179 4776 242 4829 in
273 4773 675 4827 aemulationem
706 4783 803 4823 vos
835 4768 1096 4822 adducam
1126 4766 1181 4819 in
1208 4779 1327 4819 eam
1377 4770 1610 4834 gentem,
1656 4775 1775 4832 quae

183 4876 305 4917 non
350 4868 436 4914 est
475 4873 606 4929 gens
633 4857 799 4922 facta,
838 4857 1151 4924 deponendo
1197 4851 1548 4925 gentilitatem
1595 4862 1693 4919 per
1720 4849 1776 4903 ii—

181 4956 317 5008 dem
338 4950 559 5016 Christi,
575 4964 697 5004 cum
724 4947 917 5003 fuisset
939 4961 1069 5018 gens
1095 4946 1353 5016 insipiens
1366 4944 1589 4999 colendo
1615 4941 1774 4996 idola.

184 5044 425 5118 (Ambr.)
470 5041 802 5113 Indignantis
849 5040 1011 5095 verba
1048 5049 1194 5104 sunt,
1216 5046 1436 5109 propter
1462 5036 1605 5105 quod
1636 5049 1776 5090 scm-

181 5151 290 5207 per
322 5132 623 5189 difﬁdentes
649 5131 851 5187 inventi
883 5136 1009 5186 sunt
1028 5127 1194 5185 Iudici
1221 5143 1235 5181 :
1263 5136 1319 5182 et
1346 5126 1595 5181 omnibus
1619 5125 1776 5181 malis

182 5243 359 5284 uuam
395 5226 635 5295 assignat
676 5223 1072 5295 generationem
1122 5228 1175 5274 et
1202 5232 1453 5284 causam;
1484 5217 1610 5271 dum
1639 5230 1777 5286 prae-

182 5327 379 5377 sentes
406 5319 667 5385 increpat,
700 5314 898 5368 ibidem
921 5313 1091 5382 tangit
1116 5312 1287 5382 magis
1308 5310 1537 5376 futuros,
1554 5309 1619 5363 ad
1642 5323 1777 5378 quos

185 5414 303 5469 hoc
349 5407 603 5478 pertinet.
656 5402 908 5459 Omnium
937 5403 1077 5457 enim
1113 5401 1307 5457 borum
1352 5416 1454 5453 una
1503 5398 1776 5453 damnatio

185 5513 300 5568 est,
340 5503 383 5557 si
407 5505 727 5570 permanent
754 5497 805 5550 in
840 5495 1149 5550 diﬂidentia.
1203 5494 1495 5548 z’Emulatio
1521 5507 1647 5561 ergo
1678 5490 1779 5545 illis

186 5603 328 5647 nata
356 5599 439 5645 est
468 5588 794 5651 invidentia},
827 5587 951 5639 dum
981 5586 1157 5639 vident
1195 5592 1424 5654 gentem,
1468 5597 1586 5651 qua:
1632 5582 1781 5651 prius

190 5683 331 5754 quia
357 5682 474 5736 siue
499 5681 608 5734 Deo
635 5679 751 5742 fuit,
784 5692 942 5732 sensu
970 5677 1128 5730 bruta
1153 5682 1285 5737 erat,
1318 5672 1484 5726 Deum
1513 5687 1668 5725 suum
1692 5687 1783 5740 ap-

192 5770 428 5844 pellare,
443 5769 534 5839 qui
565 5768 742 5823 fuerat
763 5767 1099 5829 Judaeorum;
1126 5773 1180 5821 et
1200 5765 1397 5821 donum
1426 5762 1529 5818 illis
1560 5762 1783 5833 promis-

1868 3308 2023 3377 piens
2069 3306 2210 3378 apud
2240 3305 2408 3361 Deum
2449 3320 2465 3358 :
2503 3307 2623 3377 quia
2654 3322 2759 3359 non
2803 3309 3035 3377 cognovit
3090 3311 3316 3365 mundus
3361 3328 3453 3379 per

1870 3401 2178 3471 sapientiam
2226 3399 2415 3464 Deum,
2460 3396 2656 3469 placuit
2698 3399 2807 3454 Deo
2851 3416 2943 3469 per
2988 3401 3264 3457 stultitiam
3318 3420 3454 3473 prte-

1870 3491 2148 3545 dicationis
2178 3489 2346 3545 salvos
2393 3489 2564 3558 facere
2594 3491 2857 3545 credentes
2888 3490 2941 3562 (1
2965 3491 3088 3546 Cor.
3116 3494 3156 3563 ι)
3203 3510 3217 3548 :
3246 3504 3300 3548 et
3326 3495 3453 3564 quia

1870 3594 1966 3650 per
1993 3579 2436 3649 prmdicationem
2461 3579 2640 3635 crucis
2681 3578 2906 3647 Christi,
2946 3596 3064 3651 quae
3094 3592 3178 3640 est
3222 3586 3453 3641 stultitia

1871 3671 2144 3741 gentibus,
2200 3670 2615 3740 congregabitur
2672 3671 2900 3740 populus
2957 3673 3048 3741 qui
3105 3672 3199 3727 fiat
3245 3674 3300 3728 in
3350 3678 3455 3732 hoc

1873 3762 2073 3815 mundo
2102 3760 2323 3825 stultus,
2344 3768 2406 3815 ut
2433 3759 2504 3814 sit
2522 3760 2736 3829 sapiens
2765 3762 2907 3831 apud
2934 3761 3456 3822 Deumzlrascuntur

1874 3866 2002 3923 ergo
2012 3850 2182 3907 Judaei
2202 3851 2344 3921 quod
2357 3851 2486 3922 ipsis
2504 3851 2885 3906 excusantibus
2907 3860 2961 3906 et
2984 3853 3365 3922 refutantibus,
3381 3857 3451 3911 ad

1874 3942 2177 3996 convivium
2202 3941 2343 4011 regis
2370 3941 2611 3995 invitatze
2633 3948 2758 3995 sunt
2776 3948 2981 4011 gentes,
2997 3956 3104 3997 non
3134 3944 3457 4013 aspicientes

1875 4030 1943 4085 ad
1988 4045 2051 4097 ea
2091 4045 2211 4100 quae
2237 4028 2438 4083 dudum
2474 4028 2541 4085 de
2569 4029 2673 4084 hoc
2702 4030 2959 4100 mysterio
2980 4029 3153 4086 Isaias
3205 4034 3363 4088 audet
3406 4044 3458 4089 et

1874 4120 2001 4174 dicit
2026 4135 2039 4175 :
2066 4119 2317 4175 Inventus
2330 4135 2446 4173 sum
2470 4135 2504 4172 a
2529 4133 2634 4172 non
2652 4119 3002 4189 quwrentibus
3028 4136 3141 4175 me:
3155 4122 3329 4191 palam
3358 4140 3455 4192 ap-

1875 4211 2031 4281 parui
2058 4211 2192 4265 inter
2210 4226 2295 4265 eos
2314 4210 2403 4280 qui
2427 4225 2507 4264 me
2537 4224 2641 4263 non
2662 4209 3066 4280 interrogabant.
3083 4209 3289 4282 (Amb.)
3307 4212 3452 4280 Quo-

1877 4302 2023 4356 niam
2052 4315 2213 4371 supra
2242 4300 2421 4354 verbis
2447 4298 2615 4368 Moysi
2661 4313 2790 4353 usus
2826 4307 2911 4353 est
2937 4296 3002 4354 de
3026 4299 3339 4358 exclusione
3360 4288 3457 4357 Iu-

1878 4394 2134 4458 dteorum,
2165 4392 2232 4446 ad
2260 4391 2363 4447 hoc
2390 4404 2603 4461 quoque
2635 4390 2787 4446 Isaiae
2832 4392 3108 4461 prophetae
3148 4395 3455 4465 exemplum

1878 4482 2130 4547 subdidit,
2156 4491 2218 4539 ut
2261 4482 2329 4538 de
2373 4482 2490 4554 ejus
2528 4483 2904 4553 prosecutione
2958 4485 3197 4554 apertius
3240 4487 3460 4544 doceret

1876 4575 2065 4642 Deum,
2107 4574 2347 4646 expulsis
2381 4571 2599 4641 Iudaeis,
2628 4574 2771 4631 ultro
2815 4576 3063 4645 gentibus
3097 4578 3325 4647 gratiam
3355 4581 3458 4635 ob-

1877 4668 2066 4724 tulisse
2114 4668 2183 4723 ad
2231 4666 2579 4737 Opprobrium
2627 4673 2682 4719 et
2736 4680 2927 4721 necem
2951 4665 3297 4722 Iudaeorum:
3339 4669 3459 4726 haec

1880 4763 2023 4820 enim
2046 4761 2212 4816 Isaias
2234 4773 2301 4814 ex
2337 4772 2567 4827 persona
2596 4756 2799 4813 Christi
2844 4766 3089 4813 testatur.
3122 4756 3318 4827 (θήρ.)
3348 4757 3457 4815 Sed

1881 4850 2022 4923 quod
2059 4850 2135 4904 ait
2161 4848 2469 4920 Apostolus,
2501 4846 2675 4901 Isaias
2716 4846 2873 4900 audet
2902 4856 2951 4900 et
2986 4848 3141 4913 dicit,
3174 4848 3454 4905 videamus

1882 4941 2010 5012 quid
2045 4939 2261 5006 audeat,
2294 4936 2379 4993 vel
2403 4952 2523 5007 quae
2570 4935 2961 5009 hieProphette
3008 4936 3262 4991 doceatur
3290 4941 3458 4994 auda-

1882 5032 1985 5087 cia.
2021 5029 2079 5087 Si
2110 5030 2449 5085 intendamus
2490 5026 2670 5082 verbis
2714 5027 2859 5082 beati
2895 5025 3153 5096 Stephani
3184 5028 3453 5084 dicentis:

1883 5122 2048 5189 Quem
2075 5122 2211 5176 enim
2284 5117 2652 5189 prophetarum
2696 5132 2799 5171 non
2831 5118 3083 5186 persecuti
3120 5127 3238 5171 sunt
3281 5127 3456 5187 patres

1881 5212 2064 5277 vestri,
2120 5212 2209 5281 qui
2262 5207 2642 5262 annuntiabant
2692 5208 2756 5261 de
2810 5206 3031 5261 adventu
3084 5207 3263 5274 justi?
3315 5208 3452 5279 (Act.

1882 5302 1978 5374 vn)
2010 5311 2139 5357 tunc
2164 5301 2313 5357 Isaias
2343 5298 2691 5369 intelligimus
2732 5298 3033 5362 audaciam,
3061 5297 3151 5366 qui
3203 5313 3456 5368 persecu-

1885 5393 2119 5449 tionibus
2146 5399 2200 5445 et
2227 5399 2400 5444 morte
2439 5388 2713 5458 pr0posita
2739 5374 2911 5440 ausus
2940 5394 3024 5441 est
3050 5394 3229 5443 tamen
3260 5389 3325 5442 de
3356 5389 3455 5442 ad-

1881 5495 2044 5541 ventu
2086 5483 2216 5552 justi
2268 5482 2596 5551 praedicare,
2656 5487 2711 5532 et
2750 5494 2848 5549 pro
2877 5480 3020 5533 bono
3077 5478 3239 5532 etiam
3294 5481 3459 5534 audet

1882 5582 2048 5647 mori;
2090 5581 2143 5635 in
2169 5594 2277 5650 quo
2305 5587 2481 5631 tamen
2534 5574 2695 5629 simul
2738 5582 2792 5628 et
2819 5574 2945 5627 illud
2982 5574 3299 5638 ostenditur,
3331 5574 3460 5641 quia

1884 5688 1989 5725 non
2027 5670 2107 5741 (ut
2137 5668 2296 5736 aliqui
2328 5663 2538 5735 putant)
2572 5663 2854 5732 Prophetze
2883 5660 3195 5716 nesciebant
3221 5659 3348 5727 quid
3376 5658 3460 5712 di-

1887 5771 2089 5827 cerent,
2117 5770 2169 5815 et
2213 5757 2365 5827 quasi
2395 5756 2627 5811 alienato
2683 5769 2842 5812 sensu
2899 5767 2999 5810 suo
3043 5749 3464 5822 prophetabant.
