3948 6320
473 351 613 409 1519

1117 351 1176 406 Β.
1222 349 1473 406 RABANI
1511 347 1730 405 MAURI
1764 347 2084 404 ARCHIEP.
2123 345 2432 404 MOGUNT.
2474 347 2757 404 OPERUM
2795 347 2976 434 PARS
3011 349 3096 404 III.

3608 347 3743 402 ιδεθ

467 464 624 536 Quod
654 465 799 521 enim
828 463 959 520 dicit
990 462 1278 532 Apostolus
1305 461 1374 518 de
1395 461 1550 528 Isaia,
1577 461 1701 531 quia
1724 461 1879 515 audet
1910 469 1959 514 et
1981 459 2062 513 di-
2091 465 2138 524 Α
2167 460 2291 529 quia
2321 475 2428 514 non
2462 460 2666 516 idcirco
2694 459 2889 529 repulsi
2914 468 3061 524 sunt,
3089 460 3210 528 quia
3241 476 3416 531 genus
3439 461 3550 514 sint
3571 459 3749 520 Israel,

467 565 558 630 cit,
584 564 688 618 hoc
718 563 919 617 indicat
969 561 1094 632 quia
1132 571 1360 616 mortem
1408 567 1763 614 contemnens
1789 565 1844 611 et
1870 568 2056 626 perse-

468 659 735 723 cutiones,
760 671 881 727 qua:
910 655 1304 720 inferebantur,
1333 652 1582 724 quamvis
1623 651 1790 707 sciret
1815 647 1918 704 sibi
1949 648 2055 702 im-

467 750 676 812 minere
703 747 1024 818 periculum,
1056 748 1218 804 audet
1245 737 1507 803 tamenet
1529 744 1790 817 praedicat
1831 741 2057 798 verbum

465 843 593 907 Dei;
625 840 768 897 sicut
796 849 854 895 et
878 841 995 913 ipse
1019 840 1219 897 Paulus
1248 839 1500 895 dicebat:
1547 836 1672 895 Scio
1699 837 1822 908 quia
1847 835 2058 890 vincula

461 941 776 1009 etcarceres
814 941 1026 987 manent
1053 947 1136 985 me
1184 931 1241 986 in
1289 928 1686 999 Hierosolymis,
1713 927 1804 984 sed
1839 942 1930 998 ego
1953 941 2058 981 non

465 1022 607 1093 facio
628 1022 918 1079 cbariorem
939 1024 1172 1078 animam
1191 1037 1361 1077 meam
1381 1021 1509 1076 mihi
1523 1019 1662 1093 (Act.
1677 1017 1804 1090 xx);
1828 1018 1909 1074 sic
1927 1030 2059 1087 ergo

462 1124 521 1169 et
548 1114 715 1170 Isaias
741 1113 948 1170 sciebat
979 1113 1199 1184 quidem
1228 1112 1520 1170 secandum
1548 1124 1607 1166 se
1632 1124 1775 1176 esse,
1793 1116 1849 1166 et
1887 1110 2059 1164 inter-

465 1205 754 1261 ficiendum
805 1205 872 1261 ab
919 1204 1130 1277 impiis;
1173 1204 1336 1260 audet
1363 1212 1564 1269 tamen,
1599 1210 1660 1258 et
1710 1215 1778 1257 ex
1829 1213 2058 1271 persona

463 1281 667 1374 Christi
698 1296 873 1352 dicit:
917 1294 1171 1351 Inventus
1201 1311 1316 1350 sum
1365 1309 1398 1348 a
1435 1309 1538 1348 non
1574 1291 1927 1362 quaerentibus
1953 1306 2054 1345 me.

463 1385 689 1443 Certum
721 1395 804 1443 est
835 1395 1042 1452 autem,
1093 1387 1235 1455 quod
1293 1393 1480 1458 gentes
1528 1392 1686 1440 erant
1737 1397 1857 1455 quae
1905 1381 2064 1438 Chri-

464 1486 608 1534 stum
639 1493 740 1532 nec
764 1490 1011 1549 quaerere
1057 1485 1343 1542 noverant,
1373 1489 1475 1532 nec
1518 1475 1586 1530 de
1617 1487 1682 1530 eo
1721 1474 2061 1543 interrogare

468 1567 795 1624 didicerant.
850 1567 1180 1623 Invenerunt
1228 1573 1410 1621 tamen
1468 1577 1633 1635 quem
1689 1577 1798 1620 non
1830 1561 2061 1633 quaesie-

467 1666 614 1723 runt,
650 1658 780 1728 quia
810 1657 925 1727 ipse
959 1671 1052 1712 eos
1080 1656 1232 1726 prior
1279 1653 1544 1725 quaesivit.
1586 1651 1780 1709 Pastor
1805 1661 1891 1708 est
1913 1651 2059 1708 enim

465 1747 662 1811 bonus,
692 1754 748 1801 et
774 1761 930 1800 ovem
960 1760 1081 1816 quae
1109 1745 1349 1816 perierat
1379 1744 1692 1814 requisivit;
1718 1751 1775 1799 et
1795 1741 2060 1814 sapientia

2161 551 2257 605 sed
2286 551 2412 621 quia
2435 550 2695 606 increduli
2723 548 2942 615 fuerint,
2975 549 3051 603 ait
3084 543 3241 604 {Non
3265 551 3455 620 repulit
3485 550 3627 604 Deus
3649 550 3753 618 ple-

2164 640 2276 694 bem
2299 656 2450 694 suam
2480 657 2637 711 quam
2661 640 2966 711 prmscivit;
3000 648 3054 696 et
3075 648 3134 693 ut
3153 640 3254 695 hoc
3283 642 3541 710 praesenti
3563 639 3754 710 proba-

2156 738 2241 787 ret
2261 730 2509 802 exemplo
2530 731 2804 802 subjungit
2823 749 2835 785 :
2858 730 2998 785 Nam
3021 741 3068 785 et
3090 748 3179 802 ego
3195 731 3444 786 Israelita
3459 748 3576 786 sum
3594 748 3660 785 ex
3679 748 3756 786 κο

2157 821 2295 876 mine
2333 820 2600 876 Abraham
2638 822 2701 875 de
2757 821 2894 876 tribu
2940 822 3236 891 Benjamin,
3280 830 3334 880 et
3379 831 3562 877 tamen
3595 822 3754 877 ﬁdem

2156 907 2283 965 Jesu
2313 909 2502 975 doceo,
2531 918 2587 964 et
2615 909 2878 975 annuntio
2899 909 3026 980 quia
3055 919 3140 965 est
3181 910 3294 979 ipse
3314 909 3583 964 Christus.
3603 910 3757 976 Quod

2159 999 2207 1056 si
2246 998 2380 1054 mibi
2419 1013 2528 1054 non
2573 998 2747 1054 obfuit
2791 999 2919 1069 quia
2980 1014 3100 1055 sum
3145 999 3406 1064 Israelita,
3447 1015 3515 1055 ex
3553 1000 3755 1054 semine

2157 1089 2433 1157 Abraham
2462 1130 2476 1156 ,
2522 1090 2809 1161 quominus
2879 1089 3095 1145 Christo
3136 1092 3438 1156 crederem,
3479 1098 3535 1145 et
3561 1106 3627 1144 ex
3654 1089 3758 1144 tide

2161 1180 2277 1252 ejus
2323 1181 2689 1252 justiﬁearer;
2743 1190 2950 1237 certum
2981 1190 3066 1237 est
3092 1181 3235 1238 enim
3273 1184 3398 1251 quia
3431 1199 3535 1236 non
3570 1181 3757 1251 repulit

2159 1273 2302 1330 Deus
2336 1274 2536 1345 plebem
2581 1291 2732 1329 suam
2784 1291 2942 1346 quam
2988 1276 3268 1345 praesciuit.
3303 1275 3531 1346 (Ambr.)
3562 1275 3758 1330 Exem-

2159 1366 2249 1437 plo
2277 1379 2376 1423 suo
2403 1369 2561 1422 docet
2588 1376 2797 1436 partem
2831 1366 2994 1423 Israel
3021 1366 3279 1422 salvatam
3303 1382 3464 1436 quam
3488 1365 3760 1436 praescivit

2160 1455 2303 1511 Deus
2331 1454 2666 1522 salvandam,
2696 1464 2789 1510 aut
2822 1456 2995 1510 adhuc
3022 1470 3179 1526 posse
3207 1456 3435 1521 salvari;
3465 1463 3522 1509 et
3552 1463 3758 1524 partem

2160 1546 2326 1613 Israel
2338 1555 2558 1619 propter
2566 1547 2750 1618 iugem
2766 1545 3109 1610 diliidentiam
3122 1547 3412 1618 perditioni
3425 1546 3758 1616 deputatam.

2165 1637 2290 1694 Non
2319 1638 2506 1708 repulit
2536 1637 2678 1692 Deus
2705 1637 2903 1707 plebem
2942 1655 3096 1693 suam
3137 1655 3293 1709 quam
3331 1639 3593 1708 pra'scirit
3610 1655 3631 1702 ;
3661 1638 3763 1692 hoc

2161 1735 2264 1794 est,
2293 1728 2438 1798 quod
2485 1727 2619 1783 dicit
2658 1727 2948 1783 Salvator:
2984 1726 3162 1793 Pater,
3204 1744 3334 1798 quos
3375 1728 3570 1782 dedisti
3609 1727 3760 1791 mihi,

465 1847 570 1901 εει,
599 1808 720 1906 (μή
749 1808 1069 1892 ἀνειοδωξιω
1095 1808 1366 1906 perditam
1395 1808 1684 1904 (lu-msh“,—
1711 1842 1767 1890 ει
1811 1808 2062 1903 (ll—mrem
2089 1808 2140 1872 Β
2165 1818 2444 1885 custodivi,
2467 1827 2516 1873 et
2541 1834 2690 1874 nemo
2713 1834 2778 1873 ex
2811 1816 2891 1873 his
2929 1819 3107 1902 periit,
3145 1818 3248 1872 nisi
3280 1817 3423 1885 ﬁlius
3453 1815 3764 1888 perditionis

466 1927 674 1983 invenit
705 1927 890 1999 (Joan.
923 1941 990 1993 x;
1024 1926 1155 1981 Luc.
1199 1925 1312 1998 xv).
1338 1924 1508 1982 Judaei
1539 1932 1721 1982 autem
1769 1939 1942 1994 usque
1967 1922 2066 1978 ad-

469 2020 578 2075 huc
602 2027 860 2088 quaerunt
880 2019 948 2073 de
967 2017 1208 2085 Christo,
1235 2026 1291 2074 et
1312 2019 1650 2089 interrogant
1674 2015 1982 2086 Scripturas
2001 2015 2069 2070 de

470 2125 556 2174 eo,
582 2117 637 2163 et
658 2123 767 2163 non
800 2108 1104 2175 inveniunt,
1128 2108 1254 2177 quia
1277 2123 1412 2162 crux
1433 2105 1551 2177 ejus
1579 2106 1777 2164 ludatis
1800 2093 1885 2162 est
1914 2119 2070 2161 sean-

467 2202 674 2256 dalum.
693 2200 772 2254 Ad
799 2197 971 2255 Israel
992 2207 1170 2254 autem
1194 2198 1320 2252 dicit
1343 2198 1510 2253 :Tota
1526 2198 1611 2254 die
1633 2197 1860 2269 expandi
1880 2213 2068 2251 manus

469 2310 612 2348 meas
649 2293 718 2346 ad
768 2291 1019 2364 papulum
1050 2307 1153 2346 non
1199 2292 1515 2356 credentem,
1544 2301 1591 2344 et
1630 2290 2070 2344 contradicentem

468 2384 617 2437 mihi.
645 2381 880 2455 (Ambr.)
897 2383 996 2438 llic
1023 2380 1190 2438 Israel
1218 2381 1452 2437 carnalis
1465 2388 1567 2447 est,
1592 2379 1696 2437 hoc
1725 2387 1810 2436 est
1837 2379 2071 2434 Abrahae

469 2475 589 2539 lilii,
621 2475 717 2530 sed
751 2491 858 2530 non
900 2472 1195 2530 secundum
1222 2472 1385 2527 fidem
1410 2489 1425 2538 ;
1454 2487 1580 2527 nam
1629 2470 1794 2527 Israel
1826 2485 1990 2526 verus
2016 2477 2071 2525 et

468 2565 769 2637 spiritualis
798 2573 883 2620 est
927 2564 1022 2636 qui
1068 2563 1337 2620 credendo
1371 2563 1519 2618 videt
1549 2563 1740 2617 Deum.
1774 2561 1908 2616 Tota
1961 2561 2068 2625 die,

422 2681 432 2690 ι
472 2670 691 2726 semper
716 2653 1027 2726 significat;
1065 2667 1281 2722 semper
1317 2652 1462 2707 enim
1499 2650 1734 2720 correpti
1765 2657 1911 2704 sunt.
1941 2647 2072 2703 Pro-

474 2758 661 2820 pterea
694 2747 1048 2816 increpantur
1077 2759 1187 2799 non
1213 2742 1494 2808 credituri,
1521 2751 1582 2797 ut
1605 2741 1782 2796 sciant
1819 2740 1945 2809 quia
1968 2739 2071 2808 ipsi

476 2838 580 2896 sibi
606 2852 770 2893 causa
801 2845 927 2891 sunt
954 2834 1294 2906 perditionis.
1326 2834 1511 2888 Potest
1533 2832 1635 2890 hoc
1665 2839 1722 2886 et
1742 2831 1809 2886 de
1828 2829 2073 2886 Salvato-

476 2947 537 2986 re
560 2929 884 3000 accipi,qui,
915 2929 972 2982 in
1003 2941 1165 2983 cruce
1178 2927 1418 2982 extensis
1445 2924 1714 2992 manibus,
1741 2923 2072 2980 interﬁcien-

473 3021 608 3076 tium
646 3035 770 3075 eum
804 3024 1086 3088 peccatum
1131 3017 1328 3086 arguit.
1361 3013 1542 3070 Causa
1588 3013 1733 3068 enim
1762 3012 1852 3066 illa
1877 3011 2071 3066 clamat

471 3110 798 3166 sceleratum
852 3106 1061 3161 facinus
1088 3104 1394 3160 Iudaeorum
1426 3104 1696 3172 superius,
1738 3089 1882 3172 quod
1909 3114 2073 3156 ausus

474 3203 548 3258 sit
575 3202 755 3256 dicere
787 3198 955 3252 Isaias
998 3197 1064 3252 de
1113 3196 1196 3250 his
1225 3235 1240 3261 ,
1291 3197 1385 3264 qui
1424 3195 1518 3250 Dei
1570 3194 1783 3249 fuerant
1834 3191 2069 3258 inimici,

475 3289 717 3345 ostendit
742 3289 841 3343 hos
887 3286 1094 3341 amicos
1123 3284 1352 3350 futuros,
1390 3293 1446 3339 et
1468 3298 1564 3339 eos
1585 3283 1678 3354 qui
1705 3266 1960 3338 Israelita:
1989 3279 2073 3334 di—

478 3383 764 3445 cebantur,
795 3377 1183 3450 propter‘quod
1212 3376 1584 3432 inobedientes
1608 3382 1790 3441 erant,
1813 3381 1874 3428 ut
1894 3371 2074 3428 inimi-

477 3490 571 3530 cos
596 3472 948 3542 abjiciendos.

1086 3603 1316 3662 CAPUT
1359 3601 1447 3657 XI.

478 3764 736 3834 Reprimit
789 3761 1069 3834 Apostolus
1112 3759 1504 3834 insultationem
1570 3755 1841 3827 gentilium
1889 3759 2075 3834 contra

547 3823 787 3896 Iudaeos,
818 3823 866 3886 et
908 3830 1050 3901 ponit
1094 3829 1406 3901 Judteorum
1431 3823 1740 3901 pra’s'entent
1769 3823 2077 3901 exca’catio-

550 3921 702 3966 nem,
741 3893 1104 3971 concluditque
1140 3893 1442 3970 capitulum’
1472 3897 1568 3951 hoc
1613 3893 1947 3967 profunditas
1982 3907 2073 3946 sa-

552 3973 760 4044 pientite
785 3972 997 4026 divina’.

553 4109 681 4162 Dico
744 4118 970 4161 autem:
1027 4105 1284 4176 Nunquid
1358 4101 1546 4172 repulit
1618 4101 1761 4155 Deus
1823 4099 2074 4170 papulum

478 4199 639 4254 sum?
662 4197 826 4251 Absit.
863 4195 1046 4268 (Aug.)
1073 4193 1227 4261 Quod
1255 4200 1435 4247 autem
1463 4192 1541 4245 ait
1563 4208 1575 4243 :
1596 4189 1852 4258 Nunquid
1888 4187 2074 4258 repulit

481 4287 623 4344 Deus
648 4287 844 4355 plebem
873 4285 1066 4339 suam?
1094 4284 1277 4347 Absit;
1314 4297 1436 4335 nam
1462 4291 1510 4334 et
1539 4295 1630 4349 ego
1659 4277 1906 4332 Israelita
1935 4293 2072 4341 sum,

480 4397 546 4435 ex
580 4380 773 4433 semine
822 4378 1110 4442 Abraham,
1139 4376 1204 4428 de
1244 4374 1383 4427 tribu
1419 4370 1719 4440 Benjamin,
1756 4369 1821 4423 ad
1853 4368 1955 4422 hoc
1987 4382 2072 4422 re-

479 4469 655 4525 fertur
682 4466 825 4536 quod
867 4464 1114 4534 superius
1155 4462 1327 4515 dixit:
1367 4459 1488 4514 Non
1519 4468 1683 4530 potest
1722 4467 1896 4511 autem
1936 4457 2077 4511 exci-

479 4559 602 4615 dere
629 4557 835 4612 verbum
851 4554 950 4609 Dei
965 4567 984 4605 .'
1002 4569 1107 4607 non
1129 4552 1268 4608 enim
1290 4565 1467 4604 omnes
1487 4548 1577 4619 qui
1594 4557 1715 4601 sunt
1735 4562 1799 4601 ea:
1814 4544 2001 4607 Israel,
2021 4543 2076 4596 hi

481 4662 602 4708 sunt
641 4648 934 4710 Israelitw;
964 4661 1125 4716 neque
1152 4643 1280 4714 quia
1308 4651 1428 4697 sunt
1455 4655 1520 4694 ea:
1552 4639 1746 4694 semine
1776 4637 2041 4691 Abraham
2060 4675 2074 4700 ,

484 4759 661 4800 omnes
687 4740 818 4809 ﬁlii;
856 4737 945 4792 sed
974 4737 1029 4790 in
1065 4736 1217 4790 Isaac
1244 4734 1512 4809 vocabitur
1540 4731 1632 4784 tibi
1667 4745 1841 4784 semen
1871 4741 1887 4779 :
1916 4735 1976 4781 ut
2011 4726 2078 4782 de

483 4833 601 4905 ipso
655 4807 857 4887 scilicet
887 4827 1083 4898 populo
1111 4807 1422 4880 Judaeorum
1454 4823 1529 4876 illi
1572 4822 1893 4889 deputentur
1920 4818 1973 4871 in
1997 4832 2080 4872 sc-

483 4937 650 4986 men,
692 4919 784 4990 qui
847 4917 1073 4972 Domino
1128 4914 1491 4970 crediderunt.
1529 4911 1603 4964 De
1662 4910 1764 4963 hoc
1819 4908 1948 4961 item
2001 4907 2081 4962 di-

485 5013 562 5068 cit
590 5011 856 5080 superius,
888 5007 1120 5078 reliquia:
1143 5005 1300 5059 salva:
1327 5005 1470 5072 fient.
1499 4999 1694 5074 (Orig.)
1722 4999 1986 5066 Quoniam
2009 5011 2076 5051 ex

488 5104 576 5160 his
597 5079 717 5171 qua:
761 5114 922 5168 supra
962 5099 1104 5152 dicta
1146 5105 1272 5151 sunt
1300 5095 1575 5148 videretur
1597 5092 1820 5146 forsitan
1852 5079 2076 5159 populus

489 5191 799 5248 Judazorum
835 5188 1080 5258 repulsus
1123 5201 1242 5241 esse
1267 5200 1295 5238 a
1327 5185 1455 5248 Deo,
1487 5197 1585 5237 na:
1619 5181 1819 5250 aliquid
1846 5180 1955 5249 spei
1988 5193 2079 5248 ge-

493 5295 634 5343 rere,
668 5279 712 5333 si
739 5277 955 5346 quidem
985 5277 1039 5331 in
1067 5273 1465 5330 aemulationem
1495 5272 1762 5326 induxerit
1787 5284 1909 5323 eum
1935 5269 2077 5322 Deus

494 5371 553 5427 in
587 5386 694 5424 non
732 5377 962 5438 gentem,
995 5375 1050 5421 et
1078 5366 1131 5420 in
1170 5365 1326 5429 iram,
1371 5365 1425 5416 in
1470 5371 1683 5433 gentem
1722 5363 2074 5424 'insensatam,

495 5467 554 5517 et
586 5457 905 5514 manifestus
928 5455 1101 5511 factus
1128 5455 1200 5510 sit
1233 5453 1316 5508 his
1344 5453 1435 5522 qui
1464 5465 1589 5506 eum
1615 5467 1722 5506 non
1748 5450 2082 5520 quaerebant,

499 5557 558 5607 et
579 5549 861 5604 inventum
883 5546 954 5600 sit
980 5546 1049 5600 ab
1078 5544 1164 5599 his
1187 5545 1278 5612 qui
1313 5544 1377 5597 de
1402 5555 1466 5597 eo
1498 5556 1602 5594 non
1634 5541 2035 5610 interrogabant
2069 5552 2082 5590 :

501 5647 783 5711 prOpIerea
807 5634 1094 5705 Apostolus
1122 5632 1303 5687 volens
1331 5631 1431 5684 ista
1465 5645 1657 5685 curare
1690 5638 1743 5682 ct
1781 5629 2084 5705 ostendere,

2169 1907 2353 1980 (Joan.
2379 1907 2535 1980 xvn).
2558 1907 2641 1964 Ita
2662 1916 2715 1963 et
2739 1909 2795 1964 hi
2822 1923 2957 1979 quos
2981 1908 3252 1978 praeseivit
3273 1908 3414 1964 Deus
3439 1908 3762 1973 credituros,

2168 2011 2329 2054 nemo
2363 2013 2431 2054 ex
2460 1998 2545 2055 his
2574 2015 2605 2054 a
2637 1999 2998 2070 promissione
3018 1998 3264 2070 repulsus
3289 2007 3394 2065 est,
3421 1999 3550 2069 quia
3581 1999 3659 2053 sic
3685 1997 3763 2051 fa-

2171 2096 2319 2142 ctum
2344 2096 2448 2154 est,
2494 2089 2638 2144 sicut
2675 2089 2946 2158 prmscivit
2971 2089 3112 2145 Deus
3140 2087 3403 2143 futurum.
3438 2086 3642 2160 (Orig.)
3669 2086 3767 2144 Ve-

2170 2191 2291 2232 rum
2315 2191 2383 2231 ne
2402 2192 2629 2247 parvum
2652 2178 2951 2244 videretur,
2974 2179 3119 2249 quod
3139 2177 3388 2246 exemplo
3411 2179 3498 2233 sui
3521 2193 3632 2233 non
3654 2191 3768 2232 esse

2171 2267 2444 2336 repulsam
2468 2265 2702 2340 plebem
2741 2268 2838 2324 Dei
2885 2268 3111 2325 docebat
3144 2268 3456 2340 Apostolus,
3505 2268 3767 2323 validiora

2171 2357 2401 2426 requirit
2431 2358 2701 2427 exempla,
2724 2367 2780 2412 et
2807 2357 2938 2413 dicit
2969 2376 2982 2412 :

2244 2448 2326 2502 An
2345 2449 2555 2504 nescitis
2571 2449 2625 2503 in
2636 2447 2759 2502 Elia
2781 2448 2906 2520 quid
2930 2449 3056 2503 dicit
3071 2449 3350 2519 Scriptura
3365 2451 3391 2504 .’
3411 2450 3765 2516 Quemadmo-

2173 2538 2299 2592 dum
2334 2537 2630 2608 interpellat
2677 2538 2958 2592 Dominum
2997 2539 3242 2594 adversus
3271 2537 3446 2594 Israel
3467 2541 3493 2594 2
3527 2541 3766 2604 Domine,

2172 2631 2450 2702 prophetas
2479 2640 2595 2684 tuos
2625 2629 2944 2695 occiderunt,
2973 2629 3166 2684 altaria
3197 2641 3288 2684 tua
3322 2631 3656 2699 suﬁ'oderunt
3687 2643 3767 2686 :et

2174 2736 2267 2789 ego
2315 2718 2523 2772 relictus
2571 2734 2687 2774 sum
2725 2717 2868 2772 solus
2892 2757 2906 2784 ,
2943 2727 2990 2783 et
3027 2730 3268 2788 quaerunt
3307 2720 3544 2773 animam
3581 2736 3763 2774 meam.

2177 2808 2282 2864 Sed
2313 2809 2439 2879 quid
2474 2809 2600 2862 dicit
2635 2809 2713 2862 illi
2754 2824 3056 2879 responsum
3092 2809 3373 2862 divinum?
3405 2807 3620 2879 Reliqui
3648 2811 3768 2863 mihi

2175 2913 2366 2972 septem
2389 2901 2556 2956 millia
2585 2904 2813 2956 virorum
2847 2903 2936 2972 qui
2966 2917 3070 2955 non
3094 2912 3434 2957 curvaverant
3459 2919 3632 2973 genua
3655 2913 3768 2957 ante

2176 2991 2332 3046 Baal.
2375 2991 2609 3064 (Ambr.)
2639 2993 2836 3062 Aperta
2871 3000 2999 3046 sunt
3030 2992 3144 3047 haec
3177 3010 3189 3045 :
3224 2994 3465 3049 ostendit
3496 2994 3645 3048 enim
3668 3009 3767 3048 non

2177 3085 2353 3140 solum
2371 3084 2544 3141 Etiam
2571 3085 2912 3150 remansisse,
2937 3085 3028 3154 qui
3056 3086 3281 3140 devotus
3303 3085 3415 3139 Deo
3448 3101 3559 3140 non
3586 3087 3768 3141 adora-

2179 3180 2322 3236 verit
2360 3179 2503 3236 idola
2515 3178 2648 3251 ’(111
2690 3179 2819 3250 Reg.
2852 3178 2966 3250 xxx)
2995 3196 3008 3233 :
3037 3179 3131 3234 sed
3158 3188 3212 3232 et
3236 3177 3437 3234 multos
3465 3179 3560 3247 qui
3588 3179 3642 3232 in
3672 3176 3769 3232 fide

2178 3271 2274 3327 Dei
2304 3277 2738 3342 permanserunt,
2765 3269 2906 3324 sicut
2929 3277 2985 3324 et
3007 3283 3076 3323 ex
3097 3267 3298 3323 Judaeis
3327 3267 3627 3336 nonpauci
3658 3280 3769 3320 cre-

2175 3359 2449 3416 diderunt.
2501 3357 2637 3414 Huic
2667 3359 2746 3414 rei
2787 3366 2842 3414 et
2880 3358 3106 3414 historia
3141 3358 3422 3428 congruit,
3454 3358 3584 3427 quia
3622 3355 3767 3410 multi

2174 3464 2273 3521 per
2320 3450 2603 3520 speluncas
2649 3449 2906 3506 occultati
2952 3457 3078 3505 sunt
3110 3434 3334 3519 propter
3370 3447 3565 3504 Achab
3594 3462 3767 3518 regem

2178 3537 2443 3594 Samaria:
2463 3547 2518 3595 et
2528 3537 2747 3594 Jezabel
2769 3552 2993 3594 uxorem
3016 3537 3148 3609 ejus,
3169 3537 3770 3609 quipseudoprophetis

2176 3633 2484 3698 credentes,
2500 3631 2596 3687 Dei
2625 3629 2917 3701 prophetas
2933 3630 3418 3700 persequebantur,
3436 3639 3492 3684 et
3517 3626 3771 3703 populum

2177 3725 2246 3780 ad
2274 3724 2634 3780 idololatriam
2662 3723 3038 3778 hortabantur.
3064 3719 3155 3775 Sic
3177 3721 3340 3790 igitur
3358 3730 3405 3773 et
3431 3721 3488 3772 in
3517 3720 3616 3772 hoc
3641 3729 3768 3772 tem-

2175 3832 2299 3886 pore
2320 3814 2552 3886 reliquid:
2582 3813 2870 3867 secundum
2896 3810 3195 3865 electionem
3222 3811 3411 3880 gratiae
3431 3808 3596 3867 salua:
3621 3808 3772 3876 facta

2175 3917 2315 3962 sunt.
2337 3903 2533 3976 (Orig.)
2556 3900 2960 3957 Ostendendum
2985 3914 3112 3970 ergo
3132 3906 3230 3968 pro
3253 3896 3462 3952 viribus
3485 3896 3645 3959 nobis
3669 3904 3770 3960 est,

2176 3994 2446 4066 quomodo
2475 3993 2615 4047 sicut
2642 3993 2843 4047 factum
2892 4000 2976 4045 est
3005 3990 3106 4043 sub
3137 3989 3271 4052 Elia,
3303 3988 3392 4042 ubi
3421 4002 3641 4042 omnem
3676 4001 3769 4056 po-

2176 4086 2358 4157 pulum
2389 4084 2657 4153 Propheta
2680 4081 2838 4137 simul
2859 4086 3144 4150 putaverat
3165 4077 3464 4149 repudiari,
3491 4076 3773 4132 inveniun—

2177 4184 2266 4230 tur
2309 4173 2513 4242 septem
2568 4172 2734 4226 millia
2790 4171 2917 4236 viri,
2952 4170 3044 4239 qui
3102 4176 3524 4240 permanserunt
3572 4168 3628 4222 in
3671 4167 3770 4222 Te-

2177 4275 2445 4321 stamento
2465 4264 2580 4328 Dei,
2605 4265 2683 4319 sic
2705 4262 2905 4316 factum
2931 4270 3014 4316 est
3031 4262 3193 4315 etiam
3221 4261 3274 4315 in
3297 4261 3529 4315 adventu
3549 4258 3771 4324 Christi,

2178 4364 2232 4410 et
2261 4355 2345 4408 his
2377 4351 2708 4422 temporibus
2735 4351 2933 4420 quibus
2959 4348 3286 4419 praedicabat
3310 4347 3533 4403 Paulus.
3566 4347 3634 4401 Et
3658 4347 3774 4401 vide

2178 4446 2224 4499 si
2246 4445 2385 4500 forte
2412 4456 2698 4514 possumus
2720 4439 2983 4496 Joannem
3009 4437 3324 4509 Baptistam,
3353 4437 3445 4507 qui
3475 4435 3769 4492 Salvatoris

2179 4541 2456 4612 praecessit
2491 4539 2801 4602 adventum,
2831 4549 3032 4605 ponere
3063 4533 3183 4588 loco
3212 4533 3342 4587 Elite
3377 4551 3388 4586 :
3435 4532 3771 4611 quandoqui-

2180 4632 2298 4687 dem
2323 4639 2378 4684 ct
2399 4627 2750 4699 Evangelium
2773 4624 2876 4680 tale
2895 4624 2944 4680 ei
2966 4623 3332 4679 testimonium
3356 4620 3632 4690 perbibet,
3653 4621 3768 4688 quia

2177 4723 2232 4776 in
2267 4719 2454 4791 spiritu
2504 4729 2552 4773 et
2595 4720 2781 4772 virtute
2820 4715 3030 4771 venerit
3075 4713 3212 4767 Elia?
3256 4711 3408 4783 (Luc.
3451 4711 3515 4782 ι),
3563 4720 3620 4765 et
3662 4711 3770 4780 ipse

2178 4811 2439 4868 Dominus
2475 4809 2671 4864 dixerit
2708 4809 2775 4863 de
2815 4821 2880 4863 eo
2923 4824 2934 4859 :
2969 4803 3036 4858 Et
3077 4805 3121 4858 si
3165 4802 3321 4857 vultis
3356 4802 3510 4865 scire,
3549 4803 3659 4868 ipse
3701 4813 3769 4854 est

2182 4899 2330 4953 Elias
2365 4913 2381 4950 :
2409 4899 2498 4969 qui
2526 4898 2693 4950 shabet
2725 4912 2878 4950 aures
2907 4894 3178 4959 audiendi,
3208 4892 3391 4946 audiat
3423 4890 3643 4960 (Matth.
3674 4890 3762 4958 at).

2183 4991 2280 5044 Hic
2308 5003 2437 5058 ergo
2468 4987 2560 5058 qui
2587 4987 2641 5041 in
2682 4985 2870 5056 spiritu
2906 4993 2960 5038 et
2995 4984 3195 5037 virtute
3234 4981 3444 5037 venerit
3489 4980 3641 5045 Elim,
3690 4979 3764 5031 in-

2186 5090 2393 5138 tantum
2421 5082 2799 5150 desperaverat
2829 5077 2895 5131 de
2923 5075 3120 5145 popqu
3149 5073 3260 5137 illo,
3306 5080 3365 5125 ut
3408 5087 3516 5125 non
3561 5086 3654 5126 eos
3694 5070 3764 5123 di-

2185 5184 2334 5233 ceret
2368 5174 2776 5245 generationem
2797 5184 2918 5224 esse
2944 5167 3175 5222 Abrahae
3195 5206 3209 5230 ,
3242 5167 3334 5220 sed
3371 5164 3762 5234 generationem

2185 5271 2515 5338 viperarum,
2537 5276 2591 5320 et
2626 5265 2711 5320 his
2732 5263 2955 5318 adderet
2979 5279 2993 5315 :
3014 5260 3194 5316 Nolite
3215 5260 3404 5323 dicere,
3427 5259 3554 5328 quia
3579 5267 3763 5327 patrem

2187 5359 2434 5413 habemus
2476 5357 2759 5410 Abraham.
2800 5353 2927 5406 Dico
2963 5354 3101 5405 enim
3144 5352 3282 5406 vobis
3310 5349 3434 5419 quia
3475 5359 3655 5418 potens
3699 5356 3760 5398 est

2186 5447 2324 5501 Deus
2347 5445 2410 5498 de
2434 5443 2695 5513 lapidibus
2721 5442 2834 5495 istis
2866 5440 3125 5493 suscitare
3150 5438 3288 5507 ﬁlios
3313 5438 3540 5489 Abrahtv
3564 5425 3758 5505 (Matth.

2187 5536 2291 5606 ιιι).
2323 5534 2456 5588 Huic
2477 5547 2606 5602 ergo
2631 5531 2731 5586 ista
2753 5531 2818 5582 de
2844 5529 3042 5600 populo
3069 5528 3419 5598 conquerenti
3454 5526 3759 5595 respondea-

2192 5633 2316 5680 tura
2342 5624 2566 5678 Domino
2589 5633 2643 5676 et
2657 5621 2934 5680 Salvatore
2949 5631 3141 5675 nostro
3163 5639 3173 5673 :
3196 5620 3304 5690 Ego
3326 5618 3455 5680 scio,
3473 5634 3600 5689 quos
3620 5616 3760 5684 elege-

507 5710 630 5800 twia
655 5727 887 5798 supersit
911 5725 1099 5782 salutis
1146 5724 1229 5780 via
1275 5722 1468 5792 populo
1495 5721 1656 5778 Israel
1687 5721 1731 5776 si
1762 5720 2003 5788 credant,
2034 5726 2089 5775 et
2192 5718 2286 5776 rim
2306 5733 2322 5782 ;
2346 5724 2399 5770 et
2421 5715 2614 5770 iterum
2637 5732 2649 5767 :
2672 5712 2800 5768 Oves
2821 5729 2947 5766 metu
2971 5728 3147 5768 vocem
3178 5726 3337 5768 meam
3358 5710 3602 5774 audiunt,
3625 5719 3666 5762 et
3685 5719 3758 5772 ego
