3948 6330
204 394 344 452 1521

740 397 1287 460 ENARRATIONUM
1327 403 1392 457 IN
1433 401 1579 458 EPP.
1617 395 1821 455 PAULI
1854 393 1985 468 LIB1
2025 396 2110 453 VI.
2152 425 2221 436 —
2258 394 2333 452 IN
2371 396 2585 453 EPIST.
2627 398 2717 452 AD
2756 391 2920 454 ROM.

3323 404 3464 462 1529

198 513 444 577 prwcedo
473 527 578 576 eas,
610 522 655 566 et
680 527 963 586 sequuntur
993 534 1071 571 me
1096 533 1255 582 meae;
1281 527 1334 572 et
1360 515 1781 571 iterum:llabeo
1811 514 1860 573 A
1887 509 2277 567 interveniente
2305 526 2579 569 concessa.
2627 511 2870 584 Alioquin
2903 514 3072 587 gratia
3098 531 3213 586 1am
3252 532 3355 571 non
3387 529 3462 572 est

200 605 345 658 alias
389 620 504 658 oves
543 621 657 674 qua:
700 623 802 660 non
852 617 971 661 sunt
1028 609 1092 663 de
1150 608 1270 663 ovili
1306 610 1402 662 hoc
1431 623 1447 660 :
1477 617 1671 678 oportet
1701 622 1782 661 me

199 707 255 751 et
281 696 402 748 illas
428 696 683 750 adducere
708 697 891 768 (Ioan.
929 698 1006 771 x).
1051 699 1189 776 Quid
1222 709 1402 755 autem
1435 708 1491 755 et
1530 699 1644 769 ipse
1677 713 1779 780 nti-

199 800 390 840 merus
451 795 656 857 septem
716 788 881 843 millia
934 790 1172 845 virorum
1236 791 1436 848 indicet
1485 790 1779 845 videamus.

201 876 559 947 Septenarius
575 894 828 936 numerus
841 881 907 934 ad
933 882 1170 949 requiem
1184 883 1436 950 pertinet.
1458 881 1542 935 «In
1556 879 1783 948 septima

198 971 350 1023 enim
382 969 466 1022 die
493 969 756 1036 requievit
773 970 932 1023 Deus.
957 988 975 1021 ι
997 969 1131 1025 Audi
1152 968 1300 1039 ergo,
1327 980 1378 1024 et
1406 970 1650 1025 Christus
1672 983 1786 1024 cre-

201 1055 394 1111 dentes
427 1057 527 1111 sibi
562 1058 829 1127 quomodo
859 1060 1050 1114 invitat
1095 1062 1163 1116 ad
1209 1062 1469 1131 requiem,
1519 1071 1575 1115 et
1612 1061 1782 1115 dicit:

217 1144 394 1200 Venite
409 1147 478 1200 ad
491 1164 589 1213 me,
605 1165 778 1204 omnes
803 1150 894 1220 qui
915 1150 1165 1206 laboratis
1187 1162 1234 1205 et
1258 1154 1458 1206 onerati
1475 1154 1616 1218 estis,
1635 1161 1683 1206 et
1707 1154 1784 1206 in-

197 1236 417 1290 venietis
441 1239 663 1306 requiem
684 1239 956 1293 animabus
974 1241 1150 1294 vestris
1166 1239 1377 1309 (Matth.
1402 1242 1500 1312 χι).
1519 1241 1600 1296 Ad
1623 1243 1786 1297 istum

199 1342 334 1397 ergo
350 1329 712 1397 septenarium
728 1346 1007 1385 numerum
1024 1333 1256 1402 pertinet
1271 1333 1445 1388 omnis
1458 1334 1548 1403 qui
1564 1334 1784 1390 veniens

201 1417 272 1472 ad
295 1416 568 1472 Christum
598 1419 844 1489 deposuit
866 1435 1028 1476 onera
1051 1422 1276 1490 peccati,
1303 1430 1358 1477 et
1383 1424 1620 1492 requiem
1643 1425 1786 1479 salu-

201 1505 274 1562 tis
310 1507 534 1562 invenit.
564 1507 730 1564 Recte
769 1524 896 1581 ergo
940 1510 1228 1580 Apostolus
1286 1513 1432 1579 dicit,
1483 1513 1606 1582 quia
1636 1515 1710 1567 sic
1737 1522 1786 1568 et

202 1597 257 1651 in
297 1599 392 1651 hoc
432 1607 660 1668 tempore
697 1600 930 1677 reliquie:
959 1602 1242 1656 secundum
1276 1602 1574 1657 electionem
1601 1604 1786 1673 gratia:

202 1689 366 1741 salva:
409 1687 564 1757 facta!
610 1700 729 1759 sunt
760 1705 778 1744 ε
812 1691 1064 1761 reliquias
1102 1693 1287 1749 dicens
1322 1708 1415 1750 eos
1447 1697 1536 1765 qui
1577 1710 1642 1751 ex
1682 1696 1788 1751 cir-

202 1784 535 1840 cumcisione
565 1786 928 1853 crediderunt,
972 1795 1080 1843 tam
1118 1789 1399 1859 Apostolos
1435 1805 1556 1844 cum
1591 1791 1786 1860 quibus

201 1886 262 1928 se
284 1887 494 1944 quoque
515 1886 851 1937 annumerat,
878 1892 1039 1945 quam
1066 1886 1119 1932 et
1147 1887 1371 1932 caeteros
1396 1879 1489 1948 qu‘l
1513 1895 1633 1934 cum
1658 1881 1789 1950 ipsis

200 1964 376 2018 secuti
412 1974 535 2019 sunt
561 1964 721 2019 iidem
763 1964 986 2020 Christi.
1032 1963 1136 2021 Sed
1161 1968 1303 2038 quod
1335 1968 1464 2022 dicit
1503 1969 1790 2024 secundum

199 2049 500 2106 electionem
543 2053 727 2122 gratia:
768 2054 943 2111 salvas
981 2055 1152 2112 factas
1201 2072 1320 2113 esse
1359 2057 1632 2128 reliquias,
1673 2060 1790 2115 haec

199 2143 333 2197 mihi
351 2143 614 2214 superflua
626 2161 735 2200 non
757 2147 966 2201 videtur
986 2163 1106 2204 esse
1120 2148 1397 2205 electionis
1417 2149 1646 2218 adiectio
1663 2166 1676 2205 :
1691 2167 1787 2220 po-

200 2233 307 2287 tuit
346 2237 486 2290 enim
535 2225 752 2292 dicere:
785 2236 1043 2309 Reliquiae
1070 2256 1162 2311 per
1187 2242 1412 2311 gratiam
1441 2241 1598 2296 salvce
1633 2243 1788 2312 facta:

200 2334 357 2388 sunt;
399 2325 491 2378 sed
522 2328 756 2382 ostendit
792 2343 888 2397 per
912 2331 1013 2384 hoc
1039 2345 1156 2385 esse
1186 2332 1414 2401 gratiam
1439 2341 1493 2386 et
1522 2332 1639 2387 sine
1680 2333 1788 2388 ele-

200 2415 383 2470 ctione
408 2423 460 2471 et
485 2432 609 2471 cum
631 2417 912 2474 electione.
959 2420 1092 2474 Nam
1121 2436 1308 2483 omnes
1338 2425 1552 2492 quidem
1579 2427 1669 2496 qui
1692 2440 1789 2495 per

202 2504 364 2559 tidem
398 2506 694 2573 salvantur,
734 2523 832 2577 per
871 2509 1098 2578 gratiam
1131 2510 1246 2566 sine
1284 2512 1445 2568 dubio
1477 2512 1785 2568 salvantur:

200 2595 295 2664 qui
320 2603 494 2649 autem
524 2611 619 2665 per
640 2597 956 2652 electionem
988 2600 1174 2668 gratia:
1201 2602 1476 2656 salvantur
1504 2602 1790 2672 perfectio-

201 2697 293 2738 res
326 2685 516 2740 animae
545 2686 678 2740 mihi
709 2687 959 2742 videntur
984 2691 1212 2745 ostendi.
1256 2689 1408 2746 Sicut
1442 2693 1585 2748 enim
1623 2694 1789 2749 Israel

202 2775 400 2832 dicitur
429 2778 604 2833 omnis
636 2779 726 2849 qui
775 2780 1051 2835 descendit
1107 2781 1172 2837 de
1210 2797 1406 2853 genere
1456 2782 1652 2849 Israel;
1698 2783 1790 2840 ille

203 2876 386 2924 autem
441 2885 598 2925 verus
628 2869 789 2926 Israel
827 2883 938 2938 est,
977 2873 1068 2942 qui
1097 2883 1278 2929 mente
1309 2889 1464 2943 pura,
1519 2884 1574 2931 et
1629 2878 1791 2934 corde

205 2961 417 3016 sincero
439 2963 582 3018 videt
607 2964 773 3019 Deum
803 2980 817 3018 :
842 2965 914 3020 ita
937 2975 991 3021 et
1008 2967 1072 3021 de
1095 2967 1196 3023 hoc
1219 2968 1462 3037 accipere
1484 2983 1789 3038 possumus,

203 3052 349 3121 quod
391 3067 579 3109 omnes
621 3055 836 3124 quidem
875 3057 966 3126 qui
1009 3058 1075 3113 ad
1115 3057 1275 3113 fidem
1319 3061 1538 3114 veniunt
1565 3060 1788 3127 Christi,

205 3157 306 3214 per
328 3145 555 3214 gratiam
583 3147 840 3202 veniunt:
865 3149 955 3218 qui
985 3153 1113 3206 vero
1149 3151 1346 3205 donum
1397 3153 1584 3222 gratiae
1621 3153 1791 3223 operi-
1817 3189 1862 3252 Ο

208 3236 309 3290 bus
343 3237 572 3303 virtutis,
602 3245 655 3292 et
675 3239 909 3308 puritate
935 3241 1112 3295 cordis
1144 3251 1389 3308 exornat,
1424 3243 1526 3296 iste
1561 3258 1669 3299 non
1705 3260 1792 3300 so-

209 3320 319 3378 lum
354 3341 448 3396 per
498 3328 746 3398 gratiam,
802 3330 894 3385 sed
950 3346 1047 3401 per
1087 3331 1403 3389 electionem
1449 3335 1637 3405 gratiae
1665 3336 1792 3402 sal-

207 3418 322 3471 vari
368 3418 574 3473 dicetur
617 3435 648 3474 a
697 3420 931 3477 Christo.
975 3422 1214 3492 Denique
1258 3433 1312 3480 et
1355 3425 1468 3494 ipse
1520 3427 1794 3496 apostolus

207 3507 427 3575 Paulus,
451 3511 494 3565 si
518 3512 640 3581 quis
661 3527 784 3568 eum
807 3513 858 3568 in
882 3515 1060 3570 verbis
1081 3514 1195 3571 suis
1220 3515 1501 3587 diligenter
1519 3519 1788 3585 observet,

207 3599 354 3654 videt
374 3601 641 3669 quomodo
660 3602 962 3670 huiusmodi
991 3603 1424 3660 distinctionibus
1447 3607 1644 3673 utitur;
1667 3607 1792 3681 aljbi

209 3689 503 3746 secundum
541 3705 758 3746 carnem
801 3693 1084 3747 nominans
1117 3690 1309 3760 Israel,
1356 3696 1482 3751 alibi
1526 3713 1687 3767 super
1729 3713 1793 3754 eo

209 3779 389 3834 carnis
412 3779 630 3854 omnino
657 3796 763 3835 non
796 3780 999 3837 faciens
1019 3785 1377 3854 _mentionem,
1400 3787 1539 3843 sicut
1563 3788 1616 3842 in
1650 3804 1792 3860 prae-

208 3867 346 3921 senti
391 3866 525 3932 loco,
577 3869 668 3923 ubi
709 3884 831 3924 cum
874 3871 1096 3937 diceret,
1137 3875 1262 3943 quia
1302 3892 1405 3930 non
1441 3878 1626 3947 repulit
1651 3878 1792 3934 Deus

207 3953 405 4025 plebem
434 3971 605 4023 suam,
629 3965 682 4011 et
715 3959 1046 4014 nobilitatem
1076 3960 1383 4018 Israeliticae
1410 3966 1602 4021 anima:
1636 3967 1795 4023 vellet

209 4058 480 4117 exponere
515 4048 626 4102 ait:
663 4048 805 4103 Nam
828 4060 876 4104 et
905 4055 997 4121 ego
1033 4051 1276 4107 Israelita
1316 4071 1449 4109 sum.
1475 4055 1532 4110 In
1559 4059 1792 4114 secunda

207 4152 338 4192 vero
365 4139 432 4192 ad
457 4137 783 4206 Corinthios,
820 4141 909 4196 ubi
944 4144 1262 4212 quibusdam
1284 4145 1350 4198 de
1381 4145 1673 4203 Israelitico
1702 4165 1791 4218 ge-

207 4243 339 4282 nere
379 4228 670 4283 secundum
700 4245 918 4286 carnem
958 4232 1310 4302 gloriantibus
1338 4236 1546 4306 cogitur
1573 4252 1791 4307 respon-

207 4319 357 4382 dere,
384 4319 504 4374 vide
530 4334 648 4398 quae
676 4322 935 4390 prmmisit
973 4323 1056 4392 (II
1102 4323 1223 4378 Cor.
1271 4325 1383 4393 x1):
1419 4326 1548 4391 Quae
1584 4328 1785 4399 loquor,

208 4411 402 4481 inquit,
435 4427 536 4466 non
561 4413 842 4466 secundum
870 4413 1037 4467 Deum
1065 4414 1264 4485 loquor,
1300 4417 1390 4470 sed
1415 4418 1566 4487 quasi
1584 4418 1637 4472 in
1658 4420 1790 4474 insi-

1881 605 2072 673 gratia.
2098 602 2296 660 Verum
2317 612 2419 669 est,
2443 606 2566 674 quia
2591 605 2635 661 si
2666 620 2874 662 merces
2894 616 2996 673 est,
3023 622 3128 661 non
3147 613 3232 663 est
3258 601 3461 680 gratia;

1882 693 1976 748 sed
2003 694 2127 764 quia
2162 708 2372 750 merces
2395 709 2501 750 non
2536 704 2640 760 est,
2664 696 2781 753 sine
2815 696 2977 752 dubio
3002 697 3177 769 gratia
3198 706 3312 765 est;
3336 699 3461 769 quia

1882 783 2091 837 veniam
2118 782 2247 840 dare
2271 784 2766 854 peccantibus,‘non
2790 795 2878 841 est
2901 787 3041 843 aliud
3064 803 3227 859 quam
3247 790 3419 859 gratia
3452 805 3469 844 :

1882 879 1936 928 et
1955 873 2038 928 his
2057 875 2150 944 qui
2172 889 2276 929 non
2301 875 2607 943 requirunt,
2629 875 2722 930 sed
2746 876 2968 931 offertur
2991 877 3116 944 illis,
3135 887 3194 933 ut
3217 880 3463 936 credant.

1882 962 2086 1034 Duplex
2114 980 2250 1036 ergo
2285 966 2461 1036 gratia
2495 976 2599 1033 est,
2637 968 2762 1037 quia
2791 969 2893 1024 hoc
2926 971 3181 1040 competit
3211 972 3341 1038 Deo,
3375 973 3467 1042 qui

1885 1054 2120 1111 abundat
2149 1055 2539 1123 misericordia,
2570 1067 2630 1114 ut
2653 1069 2708 1115 et
2735 1062 2977 1132 requirat
2997 1076 3134 1135 quos
3161 1064 3329 1133 gratis
3372 1079 3468 1118 cu-

1884 1154 1986 1201 ret.
2040 1145 2236 1218 (0rig.)
2268 1147 2556 1204 Sciendum
2590 1159 2673 1206 est
2711 1165 2875 1221 opera
2912 1166 3031 1222 qua:
3093 1151 3288 1208 Paulus
3311 1169 3468 1223 repu-

1884 1237 2015 1303 diat,
2047 1247 2101 1293 et
2123 1237 2428 1308 frequenter
2453 1242 2742 1313 vituperat,
2762 1229 3031 1301 non'eSSe
3057 1261 3220 1317 opera
3239 1246 3468 1317 justitim

1884 1343 2003 1399 quae
2023 1333 2346 1385 mandantur
2367 1331 2420 1385 in
2448 1333 2564 1403 lege
2591 1350 2604 1388 :
2636 1336 2727 1391 sed
2751 1353 2816 1392 ea
2848 1338 2902 1392 in
2931 1339 3126 1411 quibus
3177 1339 3231 1393 hi
3261 1340 3351 1409 qui
3385 1355 3469 1394 se-

1885 1420 2115 1475 cundum
2147 1435 2363 1476 carnem
2395 1421 2566 1493 legem
2607 1427 2910 1481 custodiunt
2950 1428 3261 1497 gloriantur,
3298 1431 3348 1484 id
3379 1441 3464 1485 est

1884 1510 2222 1566 circumcisio
2250 1512 2449 1577 carnis,
2477 1512 2559 1566 vel
2581 1514 2965 1570 sacriﬁciorum
2993 1516 3148 1582 ritus,
3175 1517 3257 1571 vel
3281 1520 3467 1573 obser—

1884 1602 2028 1657 vatio
2069 1603 2412 1658 sabbatorum
2453 1611 2508 1659 et
2552 1606 2976 1660 neomeniarum.
3027 1606 3151 1662 Haec
3194 1615 3250 1662 et
3285 1606 3469 1676 hujus-

1886 1692 2029 1759 modi
2067 1707 2196 1762 ergo
2248 1700 2372 1747 sunt
2403 1709 2566 1763 opera
2599 1709 2661 1751 ex
2691 1695 2886 1766 quibus
2913 1695 3042 1751 dicit
3070 1696 3338 1752 neminem
3370 1712 3466 1767 po-

1892 1780 2057 1834 tuisse
2082 1778 2300 1844 salvari,
2342 1789 2396 1835 et
2429 1782 2494 1836 de
2529 1782 2722 1852 quibus
2762 1784 2814 1838 in
2855 1785 3104 1852 priesenti
3152 1769 3270 1840 loco
3317 1786 3465 1847 dicit,

1816 1850 1863 1910 Β
1890 1869 2013 1939 quia
2052 1884 2154 1922 non
2192 1885 2257 1923 ea:
2294 1850 2574 1938 operibus:
2602 1871 2832 1942 alioquin
2858 1850 3068 1944 gratia,
3090 1874 3206 1944 jam
3255 1871 3358 1929 nbn
3405 1875 3468 1943 fit

1888 1959 2080 2029 gratia.
2113 1958 2171 2014 Si
2207 1959 2350 2014 enim
2377 1967 2484 2030 per
2521 1961 2634 2017 haec
2662 1963 3144 2032 quisjustiﬂcatur,
3169 1980 3271 2022 non
3302 1966 3470 2036 gratis

1882 2048 2226 2120 iustiﬁcatur.
2253 2050 2354 2119 Qui
2393 2059 2574 2108 autem
2603 2067 2698 2123 per
2727 2054 2956 2124 gratiam
2980 2054 3327 2125 justilicatur,
3361 2057 3464 2112 ista

1886 2141 2103 2210 quidem
2147 2156 2309 2212 opera
2334 2141 2402 2196 ab
2441 2157 2505 2199 eo
2541 2143 2759 2198 minime
2783 2153 3125 2224 qumruptur;
3158 2146 3254 2201 sed
3281 2147 3468 2202 obser-

1886 2246 2016 2287 vare
2041 2233 2198 2289 debet
2223 2249 2290 2290 no
2318 2244 2534 2306 accepta
2560 2237 2730 2308 gratia
2764 2238 2936 2294 inanis
2966 2220 3058 2294 n5:
3093 2240 3144 2294 in
3185 2253 3278 2302 eo,
3327 2239 3467 2294 sicut

1887 2331 1941 2380 et
1978 2322 2177 2380 Paulus
2203 2323 2355 2390 dicit,
2396 2327 2524 2394 quia
2570 2327 2741 2396 gratia
2780 2327 2891 2397 ejus
2933 2329 2988 2381 in
3025 2343 3105 2382 me
3145 2328 3317 2383 inanis
3363 2344 3468 2382 non

1886 2415 2010 2484 fuit,
2025 2416 2114 2471 sed
2128 2416 2349 2487 amplius
2361 2433 2518 2487 quam
2535 2434 2710 2473 omnes
2726 2417 2803 2471 illi
2819 2418 3048 2473 laboravi
3063 2418 3112 2490 (I
3128 2417 3248 2475 Cor.
3269 2420 3382 2490 xv).
3400 2418 3467 2473 Et

1889 2506 2080 2562 iterum
2096 2507 2243 2562 addit
2265 2516 2516 2578 tanquam
2531 2523 2738 2564 memor
2754 2509 2968 2579 gratias:
2989 2508 3111 2565 Non
3131 2526 3243 2580 ego,
3270 2510 3466 2580 inquit,

1888 2596 1979 2650 sed
1997 2598 2166 2666 gratia
2184 2596 2282 2652 Dei
2300 2613 2518 2653 mecum.
2546 2597 2662 2653 Non
2686 2597 2815 2653 facit
2835 2614 2966 2671 ergo
2996 2599 3206 2655 inanem
3237 2600 3467 2671 gratiam

1888 2685 1977 2740 ille
2005 2687 2095 2756 qni
2118 2687 2273 2758 digna
2299 2687 2348 2742 ei
2382 2702 2543 2758 opera
2580 2688 2875 2760 subjungit,
2919 2698 2976 2745 et
3008 2691 3196 2759 gratiae
3232 2686 3324 2745 Déi
3360 2705 3470 2745 non

1887 2776 2075 2832 existit
2109 2777 2370 2847 ingratus.
2412 2777 2512 2844 Qui
2548 2780 2688 2833 enim
2717 2789 2836 2848 post
2863 2789 3209 2837 consecutam
3237 2781 3467 2851 gratiam

1888 2879 2096 2940 peccat,
2126 2871 2366 2942 ingratus
2388 2871 2448 2927 ﬁt
2490 2871 2538 2928 ei
2569 2873 2658 2942 qui
2695 2874 2944 2942 praestitit
2973 2875 3234 2945 gratiam;
3277 2878 3324 2931 si
3371 2892 3469 2932 au-

1891 2966 1997 3014 tem
2030 2975 2136 3027 non
2168 2960 2379 3014 inanem
2408 2957 2598 3015 feceris
2622 2961 2870 3029 gratiam,
2909 2962 3351 3033 multiplicabitur
3373 2964 3469 3020 tibi

1891 3049 2066 3121 gratia
2089 3088 2104 3116 ,
2132 3057 2188 3105 et
2217 3057 2470 3119 tanquam
2497 3051 2798 3106 mercedem
2828 3051 2951 3107 boni
2975 3053 3152 3123 operis
3173 3054 3469 3124 gratiarum

1891 3138 2286 3194 multitudinem
2311 3140 2687 3208 consequeris,
2726 3140 2866 3195 sicut
2892 3149 2947 3196 et
2980 3141 3092 3212 ipse
3139 3144 3326 3199 scribit
3363 3143 3465 3200 Pe-

1893 3234 2011 3282 trus
2039 3227 2092 3281 in
2118 3225 2352 3296 Epistola
2381 3241 2476 3281 sua
2503 3227 2688 3283 dicens
2714 3245 2727 3281 :
2756 3227 2940 3284 Gratia
2968 3231 3107 3285 vobis
3133 3239 3179 3286 et
3204 3248 3308 3300 pax
3333 3234 3470 3287 ntul-

1895 3317 2155 3388 tiplicetur
2168 3317 2222 3371 in
2237 3318 2582 3388 recognitione
2595 3317 2690 3372 Dei
2715 3317 2802 3389 (11
2825 3317 2968 3374 Petr.
2986 3321 3026 3388 ι)
3043 3337 3057 3386 ;
3082 3329 3136 3377 et
3157 3320 3350 3377 iterum
3372 3323 3470 3379 ali-

1891 3412 1979 3468 bi:
2009 3409 2076 3465 Ut
2116 3411 2238 3468 boni
2282 3411 2662 3467 dispensatores
2702 3411 3004 3467 multiplicis
3046 3415 3231 3484 gratim
3269 3413 3368 3470 Dei
3406 3415 3468 3485 (1

1893 3502 2038 3559 Petr.
2091 3503 2190 3576 tv).

1964 3592 2103 3659 Quid
2115 3609 2235 3664 ergo
2247 3593 2353 3648 est?
2367 3592 2519 3660 Quod
2539 3594 2798 3665 qumrebat
2817 3593 3006 3657 Israel,
3022 3595 3116 3650 hoc
3134 3611 3234 3650 non
3252 3605 3326 3652 est
3341 3613 3467 3653 cono

1891 3691 2128 3738 secutus:
2151 3682 2328 3738 electio
2352 3692 2524 3739 autem
2550 3693 2824 3738 consecuta
2849 3694 2954 3739 est:
2970 3685 3146 3739 caeteri
3169 3702 3287 3740 vero
3311 3703 3452 3742 caete

1891 3775 1995 3828 cati
2015 3783 2167 3840 sunt,
2192 3775 2326 3829 sicut
2349 3777 2596 3845 scriptum
2617 3784 2691 3830 est
2707 3789 2724 3826 :
2743 3776 2895 3831 Dedit
2915 3776 3018 3830 illis
3041 3777 3295 3833 Dominus
3318 3779 3472 3847 spiri-

1891 3870 2001 3917 tum
2031 3865 2472 3933 compunctionis;
2496 3864 2671 3919 oculos
2698 3875 2753 3918 ut
2781 3882 2884 3919 non
2929 3865 3164 3930 videant,
3209 3884 3364 3924 aures
3407 3878 3466 3923 ut

1892 3969 1994 4008 non
2020 3954 2264 4018 audiant,
2289 3969 2448 4022 usque
2482 3955 2535 4008 in
2569 3955 2875 4009 hodiernum
2911 3955 3068 4010 diem.
3098 3957 3167 4011 Et
3196 3957 3364 4012 David
3391 3960 3470 4012 di-

1892 4042 1960 4096 cit
1978 4055 1996 4095 :
2013 4040 2134 4096 Fiat
2152 4058 2330 4096 mensa
2360 4058 2539 4096 eorum
2563 4044 2619 4097 in
2649 4043 2912 4113 laqueum,
2939 4056 2985 4099 et
3007 4047 3062 4100 in
3085 4049 3396 4116 captionem,
3421 4059 3471 4104 et

1890 4133 1947 4187 in
1974 4132 2308 4198 scandalum,
2351 4142 2398 4187 et
2444 4134 2499 4186 in
2530 4134 2919 4188 retributionem
2955 4135 3082 4190 illis.
3115 4135 3472 4192 Obscurentur

1891 4223 2030 4276 oculi
2069 4239 2248 4277 eorum
2275 4240 2337 4277 ne
2371 4224 2600 4289 uideant,
2628 4232 2675 4277 et
2700 4224 2914 4278 dorsum
2951 4241 3132 4280 eorum
3161 4244 3360 4298 semper
3384 4231 3467 4284 in-

1891 4331 2066 4369 curva.
2099 4315 2154 4369 In
2187 4317 2271 4370 his
2299 4315 2583 4385 Apostolus
2608 4316 2766 4371 Israel
2800 4317 2851 4370 in
2878 4317 3010 4373 duas
3038 4319 3226 4374 dividit
3249 4330 3428 4390 partes
3453 4339 3468 4388 ;

1891 4420 2116 4475 quarum
2153 4421 2315 4461 unam
2367 4406 2682 4462 electionem
2712 4417 2890 4473 vocat,
2921 4423 3040 4480 qua:
3077 4421 3364 4467 consecuta
3403 4415 3473 4469 sit

205 4503 402 4572 pientia
434 4502 485 4554 in
511 4501 609 4555 hac
636 4502 934 4556 substantia
974 4503 1256 4573 gloriandi.
1293 4504 1552 4569 Quoniam
1582 4507 1788 4578 quidem
1817 4523 1868 4585 ι)
1891 4497 2034 4568 quod
2062 4497 2377 4565 quaerebat:
2409 4496 2568 4550 aliam
2593 4505 2816 4552 caeteros
2841 4497 3091 4566 appellat.
3123 4501 3213 4568 qui
3243 4515 3349 4555 non
3382 4519 3469 4556 so-

207 4590 360 4644 multi
389 4589 681 4660 gloriantur
705 4592 984 4645 secundum
1019 4608 1259 4657 carnem;
1287 4602 1333 4646 et
1370 4609 1460 4664 ego
1505 4593 1784 4662 gloriabor.

209 4681 276 4737 Et
306 4692 429 4751 post
461 4683 735 4751 aliquanta
760 4684 891 4739 dicit
917 4703 929 4737 :
965 4683 1174 4738 Hebrtei
1207 4695 1348 4750 sunt,
1373 4696 1422 4739 et
1451 4703 1579 4756 ego;
1614 4687 1792 4744 Israe-

208 4771 317 4827 lita:
343 4781 484 4836 sunt,
509 4781 556 4826 et
582 4788 707 4842 ego;
737 4790 908 4827 semen
935 4773 1158 4827 Abrahte
1177 4785 1312 4838 sunt,
1343 4785 1389 4828 et
1413 4792 1523 4846 ego.
1553 4768 1642 4832 Sic
1664 4792 1792 4849 ergo

209 4863 300 4919 ubi
329 4865 393 4918 de
422 4862 583 4917 Israel
619 4862 955 4932 loquebatur,
983 4863 1073 4918 illo
1102 4863 1356 4919 interiore
1391 4866 1608 4921 homine
1640 4867 1787 4937 (talis

210 4953 354 5008 enim
378 4962 460 5006 est
483 4951 634 5020 plebs
653 4952 739 5005 illa
765 4968 926 5022 quam
948 4941 1216 5022 praescivit
1240 4954 1400 5019 Deus,
1429 4963 1482 5009 et
1504 4970 1609 5009 non
1641 4969 1792 5025 repu-

210 5046 315 5115 lit),
352 5062 458 5100 non
487 5044 616 5099 dicit
638 5045 922 5098 secundum
962 5061 1169 5099 carnem
1201 5045 1364 5100 Israel
1392 5065 1402 5098 :
1444 5048 1510 5100 ad
1541 5062 1634 5102 eos
1662 5063 1792 5103 vero

210 5135 303 5206 qui
346 5135 398 5188 in
433 5135 614 5188 carnis
657 5150 851 5214 genere
881 5134 1246 5203 gloriabantur
1273 5138 1532 5205 przemisit
1560 5139 1700 5206 quod
1728 5140 1794 5194 de

213 5225 517 5296 huiusmodi
545 5225 863 5294 gloriatione
891 5240 1065 5294 neque
1088 5227 1370 5280 secundum
1419 5226 1581 5281 Deum
1612 5228 1794 5298 loque-

213 5325 384 5380 retur,
419 5330 589 5384 neque
619 5315 671 5368 in
703 5314 996 5384 sapientia;
1029 5316 1144 5378 sed,
1177 5324 1234 5368 ut
1260 5315 1373 5385 ipse
1401 5315 1550 5380 dicit,
1582 5317 1637 5370 in
1669 5316 1793 5369 insi-

213 5405 429 5476 pientia.
471 5406 627 5460 Tales
669 5414 791 5459 sunt
830 5420 958 5474 ergo
1004 5407 1242 5476 reliquis:
1292 5426 1309 5458 t
1339 5423 1456 5477 qum
1501 5408 1792 5462 secundum

214 5495 533 5553 electionem
558 5497 743 5566 gratia:
771 5497 930 5552 salva:
954 5496 1110 5551 facta:
1141 5506 1284 5552 sunt.
1319 5519 1335 5551 ι
1370 5499 1436 5553 Ει
1465 5499 1667 5553 addidit
1693 5517 1705 5552 :
1734 5497 1792 5552 Si

217 5595 388 5638 autem
413 5588 600 5654 gratia,
632 5588 748 5656 jam
781 5604 882 5640 non
909 5603 971 5640 ex
997 5589 1249 5657 operibus.
1306 5588 1538 5660 (Ambr.)
1577 5587 1796 5643 Manife-

218 5684 358 5730 stum
391 5677 614 5745 estquia
642 5680 812 5747 gratia
861 5679 951 5732 Dei
989 5679 1187 5733 donum
1230 5687 1334 5743 est,
1378 5688 1430 5731 et
1474 5695 1577 5734 non
1620 5681 1797 5735 debita

220 5782 427 5822 merces
460 5769 745 5837 operibus,
785 5771 876 5824 sed
913 5770 1142 5839 gratuita
1181 5771 1407 5834 ratione,
1433 5771 1796 5827 misericordia

1893 4589 2002 4646 lum
2019 4587 2289 4642 consecuti
2309 4602 2412 4642 non
2439 4588 2716 4659 suntquod
2738 4590 3071 4659 quaerebant,
3101 4593 3191 4646 sed
3213 4597 3466 4651 exetecati

1892 4687 2018 4734 sunt
2041 4679 2230 4748 spiritu
2259 4679 2703 4748 compunctionis.
2734 4678 2942 4746 Quibus
2978 4682 3141 4738 etiam
3171 4679 3334 4740 Deum
3377 4688 3468 4742 deo

1894 4770 2037 4826 disse
2057 4770 2182 4824 dicit
2206 4788 2224 4821 ι
2241 4770 2444 4834 oculos,
2459 4778 2518 4824 ut
2539 4785 2643 4826 non
2670 4772 2906 4838 videant,
2926 4782 2980 4828 et
3000 4785 3232 4829 aui-eaut
3252 4793 3356 4830 non
3378 4794 3471 4831 au-

1893 4861 2065 4924 diant,
2097 4874 2264 4929 usque
2298 4860 2350 4914 in
2375 4861 2694 4916 hodiernum
2717 4862 2875 4925 diem,
2915 4882 2932 4913 ι
2965 4863 3067 4918 hoc
3087 4872 3189 4929 est,
3212 4881 3380 4935 usque
3401 4868 3467 4920 ad

1897 4950 2412 5005 consummationem
2439 4951 2640 5006 saeculi.
2679 4949 2784 5005 Sed
2823 4953 3049 5020 quaestio
3091 4954 3246 5009 nobis
3293 4971 3472 5011 move-

1897 5055 2015 5106 tur,‘
2037 5045 2305 5116 quomodo
2335 5043 2399 5098 de
2440 5045 2582 5100 bono
2613 5045 2720 5099 Deo
2755 5046 2914 5114 digne
2963 5046 3208 5102 videatur
3247 5049 3470 5110 dictum,

1896 5133 2040 5203 quod
2077 5133 2190 5203 ipse
2215 5133 2420 5188 dederit
2458 5133 2641 5188 oeulos
2697 5135 2911 5191 residuo
2941 5133 3101 5188 Israel
3137 5137 3330 5206 quibus
3365 5154 3472 5190 limi

1896 5223 2095 5288 videat,
2141 5231 2195 5278 et
2241 5238 2399 5277 aures
2417 5223 2611 5291 quibus
2637 5239 2740 5302 ncn
2769 5224 2967 5277 audiat.
2998 5223 3063 5276 Et
3089 5224 3211 5280 vide
3239 5231 3305 5279 ne
3337 5226 3474 5280 forte

1897 5315 2011 5370 haec
2040 5314 2206 5384 magis
2249 5313 2532 5368 retributio
2567 5315 2667 5376 sit,
2716 5322 2772 5367 et
2804 5327 3012 5367 merces
3053 5312 3470 5379 incredulitatis,

1894 5385 2184 5466 secundum
2213 5417 2277 5458 ea
2339 5419 2456 5473 quae
2491 5403 2544 5455 in
2584 5403 2950 5470 superioribus
2983 5406 3353 5473 exposuimus,
3381 5406 3473 5459 ubi

1897 5498 2134 5561 dicitur,
2198 5495 2325 5566 quia
2390 5510 2492 5547 non
2542 5493 2884 5561 probaverunt
2942 5491 3116 5547 Deum
3171 5495 3359 5548 habere
3420 5495 3472 5546 in

1895 5590 2154 5652 notitiam,
2214 5586 2427 5640 tradidit
2474 5601 2558 5638 eos
2596 5584 2734 5639 Deus
2789 5584 2842 5635 in
2903 5586 3180 5651 reprobum
3244 5600 3472 5637 sensum.

1898 5679 1962 5733 Et
2008 5679 2095 5733 hic
2136 5677 2278 5730 enim
2323 5673 2505 5729 oculos
2557 5683 2612 5726 et
2660 5685 2814 5724 aures
2869 5675 3076 5737 cordis,
3112 5689 3215 5727 nou
3281 5685 3475 5738 corpo-

1900 5771 1973 5824 ris
2010 5768 2156 5831 dicit,
2180 5765 2371 5833 quibus
2412 5761 2667 5821 excaecati
2711 5769 2834 5818 Sunt
2880 5768 2944 5818 et
2991 5778 3098 5814 non
3143 5759 3388 5823 audiuit,
3422 5757 3477 5812 lii
