3948 6310
1130 305 1192 362 s.
1230 305 1489 364 mnam
1525 305 1749 387 ιιΑιιιιι
1783 305 2073 367 ARCHIEF

2176 305 2453 367 IOGUNT.
2494 299 2782 367 orntum
2818 256 2998 365 rans
3032 308 3121 364 ιιι.

3632 310 3759 365 εδει

487 428 675 497 utique
690 424 781 497 qui
799 421 1078 480 Christum
1099 422 1347 482 videntes
1368 424 1424 480 in
1452 438 1698 496 corpore,
1716 432 1772 482 et
1794 424 2079 484 audientes
2104 427 2159 489 Α
2182 437 2281 495 per
2300 423 2357 479 id
2380 422 2525 493 quod
2548 422 2714 489 videt,
2735 422 3072 479 conditorem
3098 419 3215 493 ejus
3241 434 3558 494 agnoscere,
3587 430 3640 478 et
3659 424 3763 479 col-

486 518 791 577 doctrinam
840 514 979 585 ejus,
1028 531 1207 587 neque
1260 517 1484 574 credere
1533 517 1788 587 operibus
1830 533 1952 588 quae
1992 519 2077 573 vi-

487 610 708 677 debant,
736 623 915 680 neque
939 609 1108 665 verbo
1136 608 1282 680 quod
1303 608 1594 666 audiebant
1613 608 1855 676 obedire,
1884 607 2073 665 volue-

486 702 842 780 runtNeruni
856 700 923 756 de
941 697 1047 756 hae
1066 700 1183 771 ipsa
1201 690 1503 772 quaestione
1521 687 1851 756 sufﬁcienter
1871 713 1903 754 a
1917 699 2077 757 nobis

485 794 541 851 iu
583 794 776 866 primis
810 793 1067 865 Epistolas
1108 791 1271 863 hujus
1320 794 1570 867 partibus
1612 794 1815 851 dictum
1838 802 1941 850 est.
1970 792 2077 850 Ubi

484 892 670 941 tamen
698 885 964 956 scriptum
985 893 1069 941 est
1090 885 1197 942 hoc
1225 885 1401 958 ipsum
1421 884 1566 958 quod
1594 875 1728 943 dicit
1750 884 2072 958 Apostolus:

484 972 639 1041 Sicut
663 975 919 1045 scriptum
940 984 1051 1035 est:
1068 976 1227 1032 Dedit
1248 976 1355 1032 illis
1378 976 1520 1033 Deus
1544 978 1789 1049 spiritum
1816 992 2073 1047 compun-

481 1067 689 1135 ctionis,
720 1067 900 1125 oculos
926 1077 983 1124 ut
1006 1087 1110 1127 non
1135 1054 1367 1137 bideant,
1389 1079 1439 1125 et
1461 1085 1615 1125 aures
1641 1077 1698 1124 ut
1729 1084 1835 1123 non
1854 1067 2076 1124 audiant

480 1175 643 1231 usque
666 1161 725 1217 in
751 1162 1064 1218 hodiernum
1086 1164 1225 1219 diem
1247 1179 1391 1235 ;-cgo
1413 1164 1677 1219 hactenus
1704 1161 1947 1219 invenire
1965 1175 2076 1217 non

479 1251 655 1321 potui.
694 1248 751 1308 Si
793 1252 914 1323 quis
956 1268 1088 1310 vero
1132 1253 1442 1326 diligentius
1480 1269 1645 1325 quam
1690 1269 1791 1310 nos
1845 1249 2077 1311 intendit

480 1340 539 1398 In
570 1342 868 1413 Scripturis
894 1344 1111 1412 divinis,
1140 1345 1186 1401 si
1222 1345 1510 1413 invenerit,
1558 1343 1887 1400 manifestct.
1936 1344 2076 1402 Puto

478 1442 664 1492 tamen
706 1424 811 1492 hoc
850 1437 1013 1494 modo
1041 1437 1245 1493 dixisse
1295 1436 1614 1508 Apostolum
1647 1454 1659 1490 :
1714 1431 1903 1491 Crateri
1956 1451 2073 1491 vero

476 1529 729 1585 excreeati
758 1538 913 1597 sunt;
940 1539 990 1587 et
1009 1532 1146 1585 sicut
1165 1530 1416 1600 scriptum
1441 1538 1517 1585 est
1547 1528 1611 1583 de
1640 1530 1715 1584 eis
1739 1542 1757 1581 :
1789 1527 1947 1583 Dedit
1966 1528 2074 1583 illis

477 1618 621 1675 Deus
662 1620 905 1691 spiritum
940 1616 1355 1692 compunctionis
1386 1633 1406 1673 :
1432 1628 1495 1676 ut
1521 1620 1644 1676 suis
1688 1620 1871 1676 verbis
1893 1619 2074 1676 dicere

394 1732 399 1737 ·
476 1710 731 1767 videatur
763 1710 977 1769 dedisse
1017 1712 1100 1770 eis
1140 1713 1284 1769 Deus
1334 1712 1586 1784 spiritum
1616 1710 2072 1783 compunctionis,

2177 512 2398 568 laudare
2427 520 2734 568 creatorem
2755 552 2771 579 ,
2801 512 2888 568 vel
2915 511 3165 569 conferre
3191 515 3260 568 ad
3288 513 3588 584 spectatula
3617 514 3762 584 circi,

2176 604 2261 674 vel
2289 604 2621 669 theatri,-vel
2643 594 3003 675 quarumlibet
3024 605 3364 661 sordidarum
3387 606 3765 663 oblectamenta

2175 696 2467 763 visionum,
2495 698 2690 767 quibus
2704 704 2797 751 aut
2811 696 2877 751 ad
2892 696 3174 754 libidinem
3196 706 3290 765 aut
3309 699 3380 753 ad
3402 700 3762 771 rapacitatem,

2175 787 2263 843 vel
2296 787 2403 842 alia
2427 802 2655 857 quaeque
2684 786 2817 841 vitia
2839 787 3054 842 animus
3094 786 3467 844 inflammetur
3495 807 3507 842 :
3540 790 3615 844 ita
3641 789 3767 845 mihi

2176 879 2416 951 intellige
2465 880 2630 936 etiam
2670 879 2865 938 animae
2921 878 3131 945 oculos,
3177 878 3375 950 quibus
3425 878 3518 933 alii
3558 880 3766 949 quidem

2176 976 2405 1025 utuntur
2445 977 2507 1025 ut
2552 970 2777 1025 verbum
2808 970 2904 1026 Dei
2926 979 2982 1024 et
3004 962 3311 1027 doctrinam
3333 971 3581 1042 veritatis
3613 986 3769 1041 agno-

2176 1067 2355 1141 scant,
2382 1073 2447 1119 ac
2474 1059 2755 1129 sapientiae
2782 1059 2900 1130 ejus
2927 1046 3413 1141 quotidiecapiant
3421 1059 3765 1136 profectum;

2174 1137 2268 1206 alii
2296 1164 2428 1205 vero
2474 1158 2704 1205 utuntur
2751 1150 2838 1205 bis
2896 1149 3070 1206 oculis
3120 1137 3187 1204 ini
3214 1150 3575 1217 contrarium,
3622 1165 3770 1206 exer-

2175 1247 2360 1296 centes
2398 1238 2608 1296 scilicet
2667 1240 2989 1316 semetipsos
3032 1239 3298 1313 quotidie,
3345 1250 3401 1296 et
3443 1240 3768 1311 inquirentes

2176 1329 2447 1402 quomodo
2476 1330 2727 1401 dogmata
2742 1331 2988 1387 veritatis
3008 1330 3323 1410 infringant,
3351 1340 3405 1387 et
3431 1330 3594 1387 fidem
3614 1330 3764 1387 Chri-

2174 1418 2246 1475 sti
2292 1425 2562 1490 quantum‘
2626 1418 2760 1489 ipsis
2818 1419 3034 1476 videtur
3090 1420 3431 1492 impugnent.
3501 1419 3767 1482 Ponamus

2175 1525 2307 1584 ergo
2335 1512 2574 1583 aliquem
2618 1526 2781 1568 orare
2818 1527 2919 1583 pro
2947 1512 3052 1579 his,
3101 1514 3201 1583 qui
3220 1513 3567 1584 perspicaces
3608 1524 3662 1569 et
3687 1528 3768 1569 ar-

2174 1603 2481 1675 gumentosi
2521 1612 2649 1659 sunt
2685 1604 2742 1660 in
2768 1602 2904 1661 falsa
2930 1605 3187 1671 scientia,
3220 1614 3276 1659 et
3300 1606 3521 1661 dicere:
3554 1605 3768 1672 Detillis

2176 1694 2322 1753 Deus
2351 1694 2528 1751 oculos
2564 1705 2622 1750 ut
2657 1713 2761 1752 non
2793 1698 3001 1753 videant
3035 1697 3284 1767 perversi
3327 1713 3522 1753 sensus
3571 1697 3765 1753 acumi-

476 1801 776 1859 secundum
804 1818 869 1861 ea
909 1819 1033 1875 quae
1064 1805 1141 1878 de
1191 1782 1433 1861 caecitate
1470 1782 1771 1871 oculorum,
1804 1812 1859 1861 et
1886 1804 2073 1861 auditu

2178 1801 2269 1852 na,
2319 1794 2371 1840 et
2399 1785 2554 1841 aures
2586 1796 2642 1840 ut
2670 1802 2773 1841 non
2806 1787 3051 1856 audiant,
3104 1788 3378 1843 mandacii
3421 1788 3635 1844 scilicet
3665 1804 3769 1843 nta-

477 1895 692 1969 aurium
718 1911 817 1968 per
839 1896 1039 1954 Isaiam
1064 1896 1214 1955 dicta
1254 1908 1401 1955 sunt.
1436 1898 1605 1954 Isaias
1636 1899 1781 1953 enim
1807 1898 1882 1953 ita
1904 1898 2067 1954 dicit:

487 1983 653 2059 vade,
675 1974 841 2050 etdic
872 1988 1065 2060 papula
1107 1989 1229 2044 huic
1251 2002 1270 2041 :
1302 1988 1504 2043 Auditu
1551 1989 1778 2044 audietis
1804 2029 1820 2055 ,
1862 1997 1912 2043 et
1965 2003 2072 2043 non

474 2075 773 2149 intelligetis
805 2095 823 2145 ;
862 2088 911 2134 et
966 2078 1194 2135 uidentes
1244 2070 1485 2137 videbitis
1511 2119 1527 2145 ,
1576 2089 1625 2135 et
1665 2095 1771 2135 non
1808 2078 2070 2134 uidebitis.

476 2166 507 2229 1
512 2176 842 2223 ncrassatum
868 2178 943 2225 est
964 2171 1103 2225 enim
1123 2188 1214 2226 cor
1233 2170 1409 2243 pepuli
1437 2169 1618 2242 hujus,
1647 2179 1695 2227 et
1724 2170 1943 2228 auribus
1961 2172 2072 2228 suis

475 2258 707 2329 grauiter
728 2260 1044 2329 audierunt;
1068 2271 1117 2317 et
1139 2262 1317 2318 oculos
1346 2279 1469 2327 suos
1496 2261 1817 2325 clauserunt,
1848 2280 1913 2318 ne
1938 2263 2074 2331 forte

475 2348 687 2405 uideant
708 2350 894 2415 oculis,
917 2361 965 2407 et
986 2353 1203 2407 auribus
1235 2354 1478 2419 audiant,
1501 2361 1550 2408 et
1576 2353 1731 2407 corde
1752 2352 2071 2425 intelligant,

473 2447 523 2492 et
581 2448 975 2507 conuertantur,
1026 2450 1075 2507 et
1126 2457 1305 2497 sanem
1347 2458 1433 2499 eos
1475 2441 1733 2514 (lsa.vr).
1760 2440 1916 2498 Nunc
1944 2458 2073 2515 ergo

474 2540 696 2583 sensum
723 2526 877 2584 Isaia:
910 2514 1125 2584 videtur
1142 2529 1432 2601 Apostolus
1478 2531 1591 2587 suis
1619 2530 1837 2601 quidem
1867 2514 2077 2589 sermo-

474 2617 637 2673 nibus
660 2618 982 2689 protulisse;
1014 2621 1109 2676 sed
1130 2622 1255 2691 quia
1287 2620 1571 2691 Propheta:
1589 2637 1812 2678 sensum
1835 2622 2073 2692 dicebat,

477 2708 752 2765 addidisse
781 2725 795 2763 :
831 2708 984 2765 Sicut
1017 2712 1267 2783 scriptum
1294 2722 1390 2767 est.
1424 2710 1686 2769 Similiter
1716 2724 1900 2770 autem
1930 2723 1987 2771 et
2008 2715 2075 2772 de

476 2799 561 2881 his
612 2798 745 2881 facit
785 2818 906 2872 qua:
934 2817 1033 2873 per
1074 2805 1247 2859 David
1273 2804 1416 2860 dicta
1445 2819 1567 2861 esse
1611 2806 1966 2876 pronuntiat;
1998 2789 2080 2864 aii

476 2878 624 2947 enim
648 2878 754 2947 :Et
784 2891 954 2949 David
977 2893 1102 2949 dicit
1126 2908 1144 2946 :
1166 2893 1299 2949 -Fiat
1320 2911 1500 2951 mensa
1514 2912 1695 2951 eorum
1721 2898 1778 2950 in
1804 2896 2073 2969 laqueum,

474 2993 522 3036 et
550 2982 605 3036 in
626 2982 940 3054 captionem,
981 2993 1030 3036 et
1065 2983 1121 3038 in
1143 2984 1485 3053 scandalum,’
1503 2994 1551 3040 et
1578 2972 1636 3040 in
1680 2987 2075 3043 retributionem

474 3072 603 3127 illis.
631 3071 990 3129 Obscurentur
1017 3072 1156 3128 oculi
1204 3090 1382 3129 eorum
1413 3092 1475 3131 ne
1516 3060 1741 3142 uideam,
1770 3085 1819 3131 et
1858 3076 2074 3133 dorsum

474 3165 690 3221 illarum
711 3182 915 3238 semper
942 3168 1179 3222 incurva.
1204 3166 1360 3234 Quod
1381 3167 1525 3223 enim
1554 3168 1716 3223 dicit:
1741 3165 1871 3223 Fiat
1895 3186 2075 3225 mensa

474 3272 655 3312 eorum
685 3259 740 3312 in
766 3258 1033 3329 laqueum,
1066 3251 1117 3312 ‘et
1152 3259 1206 3313 in
1244 3242 1535 3330 captionem
1561 3269 1610 3313 et
1637 3260 1691 3313 in
1714 3259 2027 3326 scandalum
2055 3273 2074 3313 .'

474 3348 533 3403 in
563 3349 857 3419 captionem
890 3349 944 3403 in
963 3348 1173 3420 psalmo
1196 3365 1305 3406 non
1326 3350 1560 3407 habetur
1583 3354 1867 3423 scriptum,
1898 3368 2074 3425 neque

460 3441 534 3516 in
574 3441 779 3497 nostris
808 3440 951 3496 LXX
986 3442 1341 3513 interpretum
1364 3444 1791 3516 exemplaribus,
1816 3459 1994 3516 neque
2021 3446 2076 3501 in

479 3532 851 3589 Hebraeorum.
871 3533 936 3588 Et
951 3548 1167 3589 rursum
1183 3534 1236 3588 in
1249 3534 1458 3605 psalmo
1470 3535 1733 3592 habetur:
1750 3533 1875 3589 Fiat
1896 3550 2075 3591 mensa

474 3642 657 3682 eorum
687 3624 866 3681 coram
892 3627 1019 3698 ipsis
1051 3627 1105 3684 in
1134 3626 1377 3699 laqueum
1403 3646 1422 3684 :
1448 3628 1739 3700 Apostolus
1762 3637 1943 3683 autem
1967 3643 2075 3683 non

476 3717 657 3787 posuit
679 3733 859 3773 coram
887 3717 1034 3789 ipsis.
1068 3716 1195 3773 Haec
1221 3718 1287 3775 de
1334 3734 1645 3774 sermonum
1684 3717 1874 3775 ordine
1904 3726 2073 3773 et-as-

477 3815 814 3879 sumptorum
853 3792 1285 3865 testimoniorum
1334 3810 1597 3881 qualitate
1634 3810 2071 3876 memoravimus,

478 3906 538 3955 ut
564 3898 915 3956 ostendamus
943 3914 1042 3970 per
1070 3900 1301 3973 singula,
1339 3900 1484 3970 quod
1526 3900 1824 3956 auctoritas
1853 3908 2075 3972 aposto-

478 3990 583 4045 lica
636 4004 978 4062 nequaquam
1048 3990 1398 4047 Hebraeorum
1458 3991 1855 4063 exemplaribus
1912 3991 2075 4048 fidem

480 4081 644 4149 facit,
699 4096 801 4138 nec
846 4082 1028 4139 verbis
1074 4097 1288 4153 semper
1332 4084 1686 4154 interpretum
1739 4084 1930 4150 servit,
1980 4085 2075 4139 sed

480 4176 887 4246 Scripturarum
933 4190 1155 4231 sensum
1194 4177 1378 4233 verbis
1423 4176 1622 4247 quibus
1665 4176 1926 4247 competit
1976 4192 2074 4231 ex-

478 4270 663 4341 plicat.
694 4268 849 4325 Nunc
889 4283 1018 4340 ergo
1059 4270 1339 4325 videamus
1385 4270 1654 4338 quomodo
1684 4268 1949 4340 propositi
1984 4283 2074 4324 ca-

482 4360 635 4432 pituli
685 4377 876 4417 sensus
921 4360 1116 4416 debeat
1164 4361 1459 4431 explanari.
1511 4361 1819 4418 Caecitatem
1868 4363 2071 4430 cordis,

483 4453 607 4522 quia
630 4452 870 4522 reliquus
895 4451 1081 4519 Israel,
1098 4453 1201 4509 hoc
1227 4460 1330 4518 est,
1357 4452 1451 4523 qui
1474 4467 1581 4506 non
1610 4452 1860 4518 credidit,
1892 4468 2069 4508 excae-

482 4553 637 4597 catus
667 4551 771 4608 est,
800 4543 1007 4599 duobus
1030 4543 1361 4613 propheticis
1392 4544 1718 4599 testimoniis
1751 4543 1965 4614 probat,
1988 4545 2073 4599 vel

482 4634 627 4705 quod
672 4649 739 4690 ex
781 4634 940 4701 Isaia,
970 4634 1055 4690 vel
1095 4634 1238 4704 quod
1275 4651 1343 4692 ex
1368 4635 1535 4691 David
1582 4636 1796 4693 videtur
1822 4651 2071 4705 assump-

486 4736 619 4792 tum,
649 4734 705 4781 et
731 4724 1043 4797 in'utroque
1086 4742 1226 4781 unus
1250 4727 1647 4796 quodammodo
1695 4744 1886 4783 sensus
1910 4742 2075 4797 expo-

481 4818 649 4871 nitur.
676 4815 811 4872 Nam
858 4824 913 4872 et
942 4816 1030 4873 hic
1082 4816 1222 4873 oculi
1252 4817 1333 4874 eis
1382 4818 1576 4873 dantur
1621 4819 1817 4888 quibus
1858 4834 1964 4874 non
1997 4819 2075 4872 vi-

482 4908 665 4973 deant,
695 4894 751 4963 et
793 4920 954 4965 aures
984 4908 1179 4979 quibus
1222 4924 1331 4965 non
1371 4909 1594 4965 audiant
1631 4929 1643 4965 :
1674 4918 1730 4965 et
1771 4910 1882 4966 illi'c
1917 4919 2073 4980 opta-

482 5009 574 5055 tur
603 5008 660 5053 ut
688 5014 872 5055 coram
921 5000 1053 5072 ipsis
1090 5016 1277 5073 mensa
1318 5016 1506 5060 eorum
1554 5003 1650 5058 ﬂat
1701 5004 1755 5059 in
1793 5004 2069 5075 laqueum,

484 5097 538 5144 et
566 5090 618 5143 in
649 5090 974 5160 captionem,
1004 5097 1060 5146 et
1087 5091 1143 5146 in
1188 5093 1597 5151 retributionem
1623 5136 1638 5162 ,
1672 5095 1811 5150 et'in
1841 5096 2070 5152 scandam

484 5180 595 5235 lum
621 5198 635 5246 ;
675 5191 730 5238 et
752 5184 1192 5242 utubscurentur
1220 5186 1361 5243 oculi
1391 5202 1603 5255 eorum,
1634 5202 1702 5243 ne
1730 5188 1968 5243 videant.
2000 5189 2069 5243 Et

484 5272 756 5341 quomodo
783 5274 901 5329 haec
936 5276 1095 5346 digne
1136 5277 1429 5333 credantur
1466 5277 1590 5343 dici,
1637 5286 1691 5334 et
1716 5279 1953 5335 maxime
2001 5295 2069 5334 ex

484 5378 725 5433 persona
770 5363 976 5421 Christi
1037 5367 1093 5423 in
1130 5370 1361 5437 psalmo,
1415 5385 1522 5426 non
1575 5372 1811 5427 otiosum
1858 5373 2083 5430 videtur.

484 5455 790 5513 ostendere.
824 5455 959 5513 Vide
991 5473 1120 5529 ergo
1166 5461 1210 5515 si
1239 5462 1343 5517 hoc
1380 5466 1539 5519 modo
1574 5478 1860 5534 possumus
1903 5466 2073 5536 eXpIi-

486 5560 615 5601 care
660 5546 805 5616 quod
843 5548 1123 5619 quaeritur.
1167 5550 1320 5606 Sicut
1364 5554 1533 5609 oculis
1581 5556 1858 5625 corporeis
1902 5558 2073 5612 utitur

487 5635 857 5704 unusquisque
895 5637 962 5693 ad
989 5638 1279 5694 videndum
1326 5642 1439 5696 sive
1473 5644 1632 5711 bona,
1683 5646 1795 5701 sive
1826 5646 1984 5714 mala,
2020 5657 2075 5704 et

490 5720 545 5774 in
567 5732 831 5790 potestate
861 5726 1023 5785 habet
1053 5729 1135 5784 vel
1184 5730 1398 5789 elevare
1436 5734 1620 5793 oculos
1670 5737 1735 5793 ad
1765 5738 1979 5807 C(Blum,
2018 5749 2073 5795 et

2099 4501 2151 4561 D

2177 1872 2394 1947 gistros,
2437 1885 2491 1931 et
2521 1876 2863 1932 obscurentur
2890 1876 3031 1933 oculi
3068 1895 3249 1933 eorum
3288 1895 3352 1933 ne
3378 1879 3589 1934 uideant
3615 1894 3635 1933 .'
3672 1894 3768 1936 non

2178 1968 2276 2023 tibi
2302 1968 2517 2025 videtur
2544 1969 2951 2041 amplectendus
2990 1971 3050 2029 is
3095 1972 3187 2042 qui
3230 1973 3345 2029 hinc
3373 1981 3529 2044 optat
3555 1974 3661 2038 eis,
3683 1987 3767 2045 per

2176 2076 2299 2134 quas
2329 2076 2519 2119 eorum
2564 2070 2789 2133 peccata
2815 2064 3165 2119 minuantur?
3194 2064 3362 2120 Multo
3410 2066 3559 2121 enim
3588 2066 3767 2123 melius

2176 2160 2263 2211 est
2288 2167 2397 2210 non
2420 2168 2634 2225 sapere,
2658 2170 2823 2226 quam
2850 2154 2992 2211 male
3012 2170 3222 2226 sapere.
3251 2154 3390 2225 Non,
3414 2158 3665 2228 inquam,
3685 2159 3767 2215 tibi

2176 2244 2393 2301 videtur
2430 2243 2575 2315 quod
2597 2244 2838 2301 Marcion
2853 2246 2946 2316 qui
2970 2246 3257 2303 adversum
3278 2258 3586 2305 creatorem
3610 2249 3765 2307 Deum

2174 2336 2491 2407 blasphema
2527 2338 2729 2408 scripta
2772 2340 3098 2409 composuit,
3144 2340 3231 2396 vel
3274 2341 3544 2397 Basilides
3572 2342 3659 2397 vel
3679 2341 3767 2397 Va-

2175 2426 2434 2495 Ientinus,
2474 2430 2561 2483 vel
2607 2430 2790 2485 ueteri
2829 2438 3084 2488 auctores
3114 2424 3410 2504 pravorum
3442 2435 3762 2507 dogmatum,

2175 2520 2322 2576 beati
2350 2519 2603 2588 fuissent,
2647 2521 2692 2576 si
2740 2536 2850 2577 non
2879 2523 3003 2580 illos
3056 2524 3252 2595 quibus
3284 2526 3425 2581 male
3456 2538 3765 2596 sapuerunt,

2177 2614 2360 2671 cordis
2382 2612 2568 2671 oculos
2612 2601 2931 2673 habuissent
2951 2617 2977 2671 ι
3008 2616 3085 2672 De
3108 2617 3194 2673 his
3221 2619 3367 2674 enim
3398 2619 3571 2675 Isaias
3604 2620 3764 2676 dicit:

2192 2703 2278 2761 Va:
2309 2707 2696 2773 scribentibus;
2736 2708 3018 2765 scribentes
3044 2713 3184 2773 enim
3208 2713 3493 2784 nequitiam
3526 2716 3766 2771 scribunt.

2179 2798 2316 2870 (Isa.
2350 2800 2429 2872 x).
2456 2799 2721 2856 Similiter
2742 2810 2924 2879 autem
2946 2812 3003 2860 et
3026 2820 3129 2876 pro
3154 2806 3239 2863 bis
3271 2808 3364 2877 qui
3386 2808 3532 2864 male
3560 2812 3764 2876 doceat,

2177 2900 2233 2947 et
2258 2892 2398 2947 male
2416 2892 2733 2962 ioqunntur,
2782 2904 2905 2951 orat
2928 2897 3099 2959 David
3142 2898 3196 2952 in
3235 2897 3488 2967 Psalmis,
3518 2910 3573 2956 et
3604 2902 3762 2957 dicit:

2179 2982 2331 3037 Muta
2358 2985 2650 3055 efﬁciantur
2671 2985 2813 3041 labia
2834 2988 3039 3058 iniqua,
3074 3006 3193 3060 qua
3213 2983 3510 3062 loquuntur
3530 2994 3767 3049 adversus

2170 3074 2375 3144 justum
2404 3076 2573 3131 scelus
2616 3077 2672 3130 in
2717 3062 2960 3149 superbia
3009 3090 3058 3133 et
3092 3090 3386 3150 contemptu
3417 3079 3592 3153 (Psal.
3620 3082 3763 3155 xxx).

2180 3164 2271 3221 Sic
2291 3182 2419 3238 ergo
2441 3166 2585 3235 etde
2607 3167 2777 3223 Israel
2800 3169 3000 3224 dicitur
3021 3185 3035 3223 :
3056 3169 3415 3225 Obscurentur
3434 3171 3575 3226 oculi
3595 3189 3767 3227 eorum

2179 3275 2244 3313 ne
2282 3260 2510 3326 videant,
2540 3268 2614 3327 et,
2640 3261 2741 3317 Det
2759 3262 2840 3327 eis
2861 3262 3005 3320 Deus
3034 3282 3050 3315 ι
3072 3264 3256 3320 oculos
3278 3274 3337 3319 ut
3364 3280 3473 3320 non
3501 3266 3760 3320 videant.s

2178 3348 2323 3415 Haec,
2357 3360 2621 3420 quantum
2651 3354 2718 3408 ad
2741 3352 3024 3409 oculorum
3056 3356 3354 3411 caecitatem
3396 3356 3632 3427 pertinet
3655 3369 3767 3427 qua

2177 3439 2320 3494 male
2367 3428 2569 3496 videnti
2600 3442 2879 3500 incredqu
2912 3443 3077 3500 Israel
3108 3454 3363 3515 tanquam
3406 3461 3506 3515 pro
3538 3444 3768 3501 remedio

2177 3531 2412 3601 quodam
2451 3533 2565 3588 dari
2592 3548 2622 3588 a
2647 3533 2759 3589 Deo
2788 3535 3025 3601 videtur,
3057 3537 3200 3592 dicta
3246 3536 3374 3591 sint.
3424 3536 3581 3592 Nunc
3608 3538 3766 3592 etiam

2178 3616 2245 3681 de
2291 3640 2477 3679 mensa
2527 3641 2647 3705 qua:
2695 3626 3033 3698 inlaqueum
3077 3638 3125 3682 et
3170 3629 3225 3681 in
3269 3629 3588 3697 captionem,
3620 3638 3664 3683 et
3714 3630 3767 3682 in

2176 3716 2510 3783 scandalum,
2545 3720 2698 3783 etin
2731 3710 3123 3773 retributionem
3152 3720 3226 3773 eis
3270 3719 3391 3773 ﬁeri
3443 3719 3663 3782 dicitur,
3694 3719 3767 3773 vi~

2178 3808 2422 3864 deamus.
2468 3806 2575 3883 Sed
2605 3809 2783 3880 primo
2812 3809 2880 3864 ad
2917 3824 3011 3865 eos
3041 3824 3211 3880 pauca
3248 3802 3479 3865 dicenda
3511 3819 3657 3886 sunt,
3678 3810 3766 3880 qui

2179 3900 2462 3971 allegorias
2491 3900 2546 3954 in
2594 3898 2891 3971 Scripturis
2932 3900 3129 3955 divinis
3174 3898 3435 3966 refutant,
3491 3912 3548 3956 et
3596 3901 3766 3957 ridere

2177 3992 2354 4049 solent
2381 4007 2476 4048 eos
2501 3993 2592 4063 qui
2616 4007 2725 4048 non
2750 3993 2805 4049 in
2848 3993 3099 4049 omnibus
3128 4001 3430 4064 sequuntur
3451 3994 3765 4050 historicum

2177 4098 2415 4141 sensum.
2440 4084 2633 4140 Dicant
2651 4099 2780 4156 ergo
2805 4084 2983 4151 nobis,
3007 4084 3053 4140 si
3081 4099 3324 4139 mensam
3351 4086 3441 4141 hic
3461 4083 3762 4143 Iudaeorum

2176 4177 2322 4232 illam
2362 4178 2495 4233 dicit
2536 4177 2808 4247 Propheta
2861 4178 2916 4232 in
2956 4194 3062 4248 qua
3109 4180 3377 4247 prandere
3417 4178 3503 4233 vel
3548 4194 3763 4236 coenare

2175 4270 2369 4335 solent,
2411 4280 2473 4325 ut
2506 4272 2621 4341 ipsa
2665 4272 2746 4327 eis
2788 4272 2885 4327 fiat
2934 4273 2987 4327 in
3022 4273 3273 4343 laqueum
3313 4283 3373 4329 ut
3405 4278 3587 4346 capiat
3630 4294 3760 4343 eos;

2173 4364 2257 4421 vel
2282 4364 2325 4419 si
2349 4364 2463 4433 ipsa
2484 4379 2670 4419 mensa
2691 4364 2955 4421 efﬁciatur
2974 4366 3051 4421 eis
3075 4366 3127 4420 in
3159 4367 3595 4432 retributionem,
3620 4379 3679 4423 ut
3699 4369 3763 4424 ab

2177 4454 2291 4524 ipsa
2315 4470 2413 4525 pro
2443 4456 2527 4509 bis
2554 4470 2675 4525 quae
2702 4456 3045 4525 deliquerunt
3068 4458 3330 4527 recipiant
3361 4459 3652 4526 ultionem;
3681 4460 3760 4515 vel

2178 4546 2446 4613 quomodo
2492 4546 2572 4599 eis
2602 4546 2658 4599 in
2686 4545 3001 4601 scandalum
3030 4548 3100 4601 sit
3134 4556 3423 4617 exponant.
3456 4548 3610 4615 Quod
3635 4552 3677 4604 si
3700 4552 3760 4605 de

2178 4636 2264 4691 liis
2303 4637 2529 4707 singulis
2552 4636 2822 4707 explicare
2856 4654 2916 4702 se
2938 4654 3044 4694 non
3091 4638 3290 4703 valent,
3321 4648 3377 4693 et
3399 4640 3569 4695 risum
3609 4657 3756 4696 suout

2177 4725 2233 4787 in
2263 4726 2631 4781 confusionem
2656 4727 2894 4782 viderint
2917 4718 3163 4797 versum,
3191 4738 3319 4785 tunc
3352 4731 3637 4786 nobiscum
3662 4747 3751 4802 pa-

2180 4817 2312 4873 riter
2352 4818 2590 4883 veniant,
2646 4827 2700 4873 et
2745 4820 3027 4889 requirant
3073 4822 3138 4875 de
3196 4820 3497 4891 Scripturis
3545 4823 3751 4891 divinis,

2179 4908 2412 4980 qualiter
2461 4896 2661 4965 mensa
2701 4911 2819 4965 haec
2861 4911 3025 4967 Israel
3073 4912 3241 4982 possit
3292 4914 3539 4985 intelligi.
3600 4916 3754 4973 Nobis

2176 5002 2342 5072 igitur
2360 5018 2459 5072 pro
2480 5011 2639 5073 captu
2656 5018 2847 5059 sensus
2874 5005 3043 5059 nostri
3064 5005 3387 5075 itavidetur,
3412 5010 3556 5077 quod
3577 5025 3753 5065 omnes

2178 5094 2473 5164 Scriptura:
2502 5111 2620 5165 qua:
2666 5105 2791 5151 ante
2825 5098 3114 5153 adventum
3158 5098 3376 5156 Domini
3423 5110 3580 5156 erant
3626 5104 3751 5173 apud

2173 5184 2340 5239 Israel
2396 5185 2627 5257 (primis
2655 5187 2799 5242 enim
2832 5188 3035 5243 credita
3080 5199 3203 5243 sunt
3238 5190 3345 5245 illis
3394 5192 3611 5261 eloquia
3658 5193 3753 5248 Do-

2168 5274 2360 5347 mini),
2392 5284 2448 5330 et
2467 5292 2626 5332 omne
2653 5280 2796 5347 quod
2848 5279 3148 5349 appellatur
3175 5289 3331 5336 vetus
3354 5281 3748 5341 Testamentum

2177 5381 2364 5421 mensa
2386 5376 2469 5422 est
2494 5367 2655 5423 Israel
2684 5388 2695 5423 :
2720 5371 2774 5423 in
2801 5385 2905 5439 qua
2932 5384 3117 5426 mensa
3138 5372 3184 5425 si
3213 5373 3335 5440 quis
3366 5373 3585 5430 volebat
3606 5377 3751 5431 edere

2176 5459 2399 5514 verbum
2427 5458 2545 5524 Dei,
2577 5461 2835 5530 appositis
2864 5462 2965 5516 sibi
3001 5461 3135 5533 legis
3158 5470 3212 5516 et
3237 5464 3629 5532 prephetarum
3650 5483 3753 5522 ser-

2176 5552 2425 5607 monibus
2456 5552 2793 5623 pasccbatur.
2825 5552 2892 5607 Et
2922 5556 3061 5610 banc
3100 5562 3230 5625 puto
3258 5570 3381 5611 esse
3429 5572 3670 5613 mensam
3693 5560 3750 5612 de

2177 5660 2283 5713 qua
2334 5646 2465 5701 dicit
2518 5644 2810 5700 Salomon:
2845 5644 2907 5701 Si
2939 5646 3132 5702 sederis
3180 5664 3385 5702 camare
3436 5648 3509 5701 ad
3536 5665 3750 5703 mensam

2175 5741 2440 5811 potentis,
2492 5738 2885 5811 intelligibiliter
2954 5740 3181 5811 intellige
3246 5756 3366 5811 qua:
3425 5752 3751 5815 apponuntur
