3948 6382
220 415 359 473 4525

746 407 1298 468 ENARRATIONUM
1329 405 1400 464 1N
1439 404 1587 463 EPP.
1625 398 1832 462 PAULI
1865 398 1996 458 LIB.
2035 399 2124 456 Vl.
2162 427 2232 440 —
2266 392 2336 454 ΙΝ
2370 396 2587 456 EPIST.
2627 396 2719 451 AD
2756 392 2923 452 ROM.

3343 395 3481 453 1596

218 528 331 595 tibi,
352 535 400 583 et
422 526 565 581 mitte
596 539 809 578 manum
838 533 1005 589 tuam,
1028 525 1193 579 sciens
1216 523 1342 593 quia
1372 521 1502 576 talia
1533 531 1582 576 te
1608 535 1796 592 parare
1823 516 1876 578 A
1901 516 2157 577 sibilitate
2202 512 2500 581 sumamus,
2529 514 2624 569 fiat
2672 515 2725 569 in
2780 514 3052 583 laqueum,
3081 512 3165 566 vel
3214 512 3269 566 iu
3317 513 3480 567 retri-

218 626 417 688 oportet
443 612 823 687 (Eccli.xxn).
854 612 961 668 Sed
983 620 1037 667 et
1061 611 1441 679 Salvator,ubi
1462 611 1593 667 dicit
1622 629 1634 665 :
1662 609 1794 665 Cum
1896 606 2197 672 butionem,
2237 605 2322 659 vel
2360 604 2414 660 in
2453 604 2785 668 scandalum,
2820 602 2867 659 si
2910 617 3020 657 non
3048 600 3483 672 intelligibiliter,

217 706 659 763 manducaveritis
705 714 754 759 et
789 703 1017 758 biberitis
1066 704 1135 757 ad
1160 718 1394 757 mensam
1434 718 1625 767 meum,
1669 700 1797 771 quid

217 798 365 873 aliud
404 812 648 853 mensam
682 780 798 867 ejus
838 794 1205 866 intelligimus,
1253 794 1358 849 nisi
1385 794 1477 850 ubi
1507 794 1697 864 dignos
1743 800 1799 847 et

219 904 312 945 eos
331 889 423 959 qui
449 902 640 959 capere
667 893 891 957 possunt
930 885 1155 941 verbum
1198 885 1501 955 sapientiae,
1523 891 1580 939 et
1616 899 1800 939 rerum

218 981 522 1047 scientiam,
538 977 728 1035 docet?
747 977 861 1032 Hoc
879 985 933 1032 et
962 978 1015 1031 in
1032 976 1340 1032 Proverbiis
1355 975 1609 1032 Salomon
1632 976 1698 1030 de
1720 991 1802 1030 sa-

216 1070 789 1140 pientia'protestatur,
818 1066 1042 1123 dicens:
1076 1066 1346 1138 Sapientia
1390 1066 1669 1135 adificavit
1703 1064 1803 1120 sibi

218 1160 452 1226 domum,
468 1169 515 1214 et
533 1157 801 1230 supposuit
822 1157 1091 1213 columnas
1112 1168 1327 1227 septem;
1342 1156 1627 1225 immolavit
1656 1157 1802 1211 victi-

218 1269 334 1307 mas
370 1270 515 1319 suas,
538 1252 745 1305 miscuit
777 1232 832 1305 in
862 1260 1063 1305 cratere
1097 1252 1469 1317 vinuntsuttm,
1511 1258 1560 1304 et
1598 1250 1802 1320 paravit

218 1362 455 1399 mensam
511 1360 660 1398 suam
708 1340 905 1415 (Prov.
934 1343 1055 1412 ιι).
1108 1340 1298 1398 Omnis
1342 1354 1472 1412 ergo
1524 1340 1806 1411 Scriptura

220 1444 408 1488 mensa
442 1440 526 1488 est
566 1432 862 1503 sapientiae.
912 1431 1019 1487 Sed
1061 1431 1339 1487 videamus
1373 1431 1642 1501 quomodo
1666 1431 1809 1486 hanc

219 1538 464 1579 mensam
487 1532 609 1579 orat
650 1524 819 1580 David
851 1523 969 1579 lieri
990 1522 1251 1579 lsraelitis
1277 1522 1572 1579 incredulis
1593 1524 1649 1579 in
1678 1538 1809 1578 con-

217 1626 409 1688 specto
433 1623 622 1697 eorum
644 1618 699 1673 in
726 1618 992 1688 laqueum,
1022 1626 1069 1672 et
1105 1618 1161 1672 in
1184 1616 1517 1684 scandalum,
1552 1625 1602 1673 et
1636 1618 1692 1675 in
1721 1632 1809 1671 ca-

217 1709 467 1779 ptionem,
500 1718 549 1764 et
588 1710 999 1765 retributionem.
1036 1708 1125 1764 Fit
1149 1709 1229 1765 eis
1261 1709 1316 1763 in
1354 1709 1608 1779 laqueum
1662 1707 1809 1765 Scri-

1899 706 1956 755 et
1980 707 2039 753 ut
2060 698 2279 769 dignum
2326 705 2428 761 est,
2456 694 2689 751 mundos
2714 710 2781 750 ex
2816 710 2900 761 ea,
2931 702 2989 750 et
3015 707 3179 764 puros
3213 707 3278 748 ac
3306 692 3483 763 ’spiri-

1902 792 2038 847 tales
2064 790 2215 846 cibos
2246 786 2524 859 sapientia:
2567 786 2882 856 capiamus;
2927 786 3091 840 etiam
3125 783 3253 840 illud
3283 782 3488 854 pariter

1901 883 2273 947 observantes,
2304 895 2372 937 ne
2399 878 2693 937 immundis
2742 886 2797 934 et
2838 870 3071 934 sordidis
3126 875 3485 942 vestimentis,

1902 970 1959 1028 id
1979 979 2083 1038 est,
2115 984 2340 1040 corpore
2366 978 2459 1024 aut
2486 969 2648 1025 corde
2674 966 2878 1039 polluto
2906 967 2974 1021 ad
3008 980 3249 1021 mensam
3279 965 3491 1035 sapien-

1904 1062 1994 1117 tiae
2022 1060 2438 1124 consideamus;
2484 1058 2579 1113 sed
2606 1057 2841 1128 speciem
2876 1055 3044 1111 futuri
3094 1056 3147 1110 in
3181 1053 3336 1109 ccelis
3361 1067 3491 1107 con-

1904 1153 2033 1209 vivii
2051 1151 2165 1222 jam
2192 1166 2336 1207 nunc
2355 1150 2701 1217 meditantes,
2730 1164 2830 1219 per
2856 1149 3269 1205 conversionem
3289 1156 3344 1201 et
3371 1159 3491 1215 poe-

1907 1244 2191 1301 nitentiam
2218 1243 2532 1299 indumenta
2561 1242 2800 1313 quotidie
2829 1242 3115 1297 mundiora
3148 1250 3203 1295 et
3231 1238 3496 1309 nuptialia

1907 1349 2273 1409 praeparemus
2304 1373 2319 1401 ,
2372 1333 2566 1404 quibus
2619 1339 2852 1397 utentes,
2885 1332 3064 1386 aulam
3112 1331 3410 1402 sapientiae,
3443 1338 3500 1386 et

1909 1424 2177 1482 thalamos
2204 1423 2299 1479 lilii
2320 1424 2464 1495 regis
2493 1423 2697 1479 intrare
2726 1437 3053 1479 mereamur.

1981 1516 2114 1570 Dico
2142 1529 2310 1587 ergo:
2342 1514 2598 1588 Nunquid
2632 1516 2708 1569 sic
2750 1514 3080 1583 oﬁ'enderunt
3112 1524 3169 1569 ut
3211 1514 3501 1570 caderent?

1912 1607 2092 1662 Absit:
2108 1606 2199 1661 sed
2219 1606 2434 1662 illorum
2454 1606 2650 1661 delicto
2674 1606 2819 1661 salus
2838 1604 3101 1675 gentibus,
3120 1614 3175 1659 ut
3203 1604 3321 1660 illos
3344 1620 3504 1660 temu-

1913 1698 2107 1754 lentur.
2143 1695 2380 1770 (Ambr.)
2414 1696 2529 1752 Hoc
2562 1696 2727 1763 dicit,
2772 1711 2901 1766 quia
2931 1710 3038 1751 non
3066 1695 3148 1751 sic
3170 1693 3501 1761 dididerunt,

218 1806 382 1869 ptura
410 1798 614 1864 divina,
652 1814 777 1855 cum
817 1799 1005 1871 legunt
1044 1815 1108 1855 ea
1161 1815 1281 1870 qum
1310 1801 1376 1857 de
1428 1800 1645 1856 Christo
1685 1814 1811 1869 pro-
1838 1866 1879 1871 _
1914 1797 1976 1844 ιιι
1995 1796 2268 1859 nunquam
2293 1789 2407 1859 iam
2456 1787 2760 1853 crederem,
2797 1786 2852 1843 id
2888 1796 2993 1853 εει,
3038 1801 3147 1843 non
3176 1786 3251 1841 ita
3279 1792 3506 1856 ΡΓοΡῑθι·

202 1866 448 1958 'phetata
475 1898 601 1945 sunt
634 1907 648 1944 :
700 1890 802 1945 Hic
830 1866 1109 1959 azdiﬁcabit
1130 1866 1387 1946 civitatem
1408 1904 1596 1957 meam,
1619 1900 1667 1946 et
1688 1866 1814 1962 cap-

1934 1882 2320 1952 mprobitatcm
2365 1896 2517 1936 suam
2540 1880 2728 1936 caecati
2758 1888 2903 1946 sunt,
2934 1887 2996 1934 ut
3037 1878 3219 1934 curari
3244 1893 3355 1933 non
3376 1891 3507 1946 pos-

220 1976 477 2031 tivitatem
506 1978 687 2049 populi
732 1980 832 2034 mei
862 1989 1119 2035 convertet
1148 1980 1348 2051 (Amos.
1379 1980 1457 2051 Ix)
1487 1998 1502 2047 ;
1526 1990 1584 2037 et
1627 1981 1813 2037 dicunt

221 2079 333 2120 non
356 2080 477 2121 esse
513 2066 630 2122 haec
679 2068 780 2123 sub
807 2057 937 2123 Iesu
966 2069 1253 2138 completa.
1286 2066 1475 2139 Neque
1519 2069 1666 2125 enim
1688 2070 1815 2125 aedi-

225 2156 430 2222 ficavit,
455 2157 626 2224 aiunt,
651 2158 929 2224 civitatein
977 2157 1097 2225 Dei,
1128 2174 1306 2229 neque
1330 2158 1701 2230 captivitatem
1716 2172 1817 2230 po-

218 2247 333 2319 puli
350 2248 642 2305 revocavit.
672 2247 779 2303 Sed
800 2249 917 2304 haec
932 2249 1135 2313 dicunt,
1161 2250 1287 2319 quia
1305 2249 1554 2306 sedentes
1573 2250 1642 2305 ad
1666 2262 1818 2306 men-

222 2352 343 2395 sam
379 2340 615 2410 potentis
658 2355 763 2395 non
789 2339 993 2396 faciunt
1013 2340 1143 2396 illud
1174 2342 1317 2411 quod
1360 2342 1641 2399 admenuit
1662 2341 1819 2398 Salo-

222 2441 373 2493 mon,
402 2436 461 2482 ut
492 2426 898 2501 intelligibiliter
925 2430 1228 2502 intelligant
1274 2447 1393 2502 qua:
1424 2433 1667 2503 apposita
1696 2442 1822 2490 sunt

221 2518 322 2576 eis.
352 2518 471 2600 Non
492 2523 637 2576 enim
662 2520 947 2577 visibiliter
967 2522 1102 2589 haec,
1131 2523 1227 2578 sed
1248 2523 1678 2594 intelligibiliter,
1716 2527 1823 2582 hoe

224 2624 329 2682 est,
345 2615 662 2686 spiritaliter
680 2615 919 2673 facturus
937 2618 1292 2689 prophetatus
1305 2626 1389 2674 est
1399 2617 1669 2675 Christus.
1684 2618 1821 2675 Nam

225 2706 516 2763 mdiilcavit
538 2722 665 2764 vere
691 2708 964 2765 civitatem
993 2710 1109 2775 Dei,
1139 2710 1233 2765 sed
1269 2725 1337 2766 ex
1365 2709 1633 2780 lapidibus
1659 2710 1820 2778 vivis,

225 2810 291 2852 ex
340 2795 535 2866 quibus
583 2797 862 2857 suscitavit
900 2797 1039 2854 ﬁlios
1083 2798 1335 2866 Abrahae,
1368 2805 1424 2856 et
1451 2813 1517 2856 ex
1549 2800 1680 2869 ipsis
1696 2800 1826 2855 aedi-

226 2884 415 2942 ﬁeavit
426 2887 721 2943 Ecclesiam
734 2889 829 2944 Dei
846 2906 860 2955 ;
878 2898 935 2944 et
948 2891 1215 2945 convertit
1234 2891 1604 2960 captivitatem
1618 2890 1823 2962 populi,

229 2991 420 3033 eorum
442 2993 576 3049 quos
602 2980 658 3035 in
698 2982 938 3050 peccatis
957 2988 1143 3053 captos
1173 2983 1427 3040 Diabolus
1450 2984 1740 3041 detinebat.
1760 2984 1826 3039 ll-

229 3064 299 3125 lis
318 3083 448 3141 ergo
470 3086 578 3125 non
617 3071 691 3133 ita
723 3073 1163 3145 intelligentibus,
1180 3091 1368 3132 mensa
1398 3076 1516 3135 haec
1532 3076 1828 3148 Scriptura:

230 3155 429 3215 divina:
470 3158 611 3217 facta
661 3164 821 3217 estin
846 3162 1089 3235 laqueum
1118 3176 1167 3220 et
1208 3170 1264 3221 in
1289 3169 1601 3238 captionem.
1644 3167 1830 3224 Potest

1916 1979 2057 2039 sent,
2090 1971 2232 2027 sicut
2264 1980 2320 2026 et
2367 1970 2641 2027 diabolum
2697 1969 2926 2041 legimus
2973 1969 3255 2037 cecidisse,
3295 1969 3512 2024 dicente

1914 2064 2055 2122 Isaia
2090 2064 2352 2136 prepheta
2384 2082 2397 2118 :
2428 2062 2702 2130 Quomodo
2729 2062 2961 2117 cecidisti
2988 2062 3052 2117 de
3081 2044 3512 2130 ccelo,'Lucifer?

1920 2150 2056 2229 (Isa.
2072 2155 2187 2227 11v)
2210 2171 2397 2212 casum
2420 2162 2473 2209 et
2494 2153 2824 2225 apostasiam
2844 2151 3176 2224 signiﬁcans.
3196 2150 3380 2223 (Aug.)
3395 2149 3514 2205 Non

1920 2260 2050 2319 ergo
2075 2246 2176 2302 bos
2200 2245 2279 2302 sic
2301 2244 2589 2321 oﬁ‘eudisse
2634 2243 2782 2308 dicit,
2816 2250 2876 2297 ut
2902 2241 3182 2307 caderent,
3222 2239 3317 2296 sed
3345 2238 3517 2295 oll'eno

1922 2338 2091 2394 sionis
2138 2352 2250 2393 suae
2290 2350 2455 2392 causa
2515 2334 2584 2410 ad
2642 2342 2855 2404 tempus
2921 2333 3165 2388 obtusos.
3220 2329 3338 2387 Non
3394 2329 3516 2385 ideo

1924 2429 2078 2495 dicit,
2099 2427 2226 2498 quia
2253 2442 2362 2483 non
2388 2425 2735 2491 ceciderunt;
2768 2424 2864 2481 sed
2914 2424 3041 2495 quia
3071 2436 3233 2479 casus
3273 2422 3517 2492 ipsorum

1925 2535 2037 2576 non
2058 2517 2163 2574 fuit
2196 2517 2395 2581 inanis,
2418 2516 2677 2587 quoniam
2722 2515 2791 2569 ad
2821 2514 3049 2571 salutem
3079 2514 3332 2570 Gentium
3356 2511 3521 2583 proﬁ-

1926 2611 2021 2667 cit.
2049 2609 2167 2665 Non
2193 2624 2323 2680 ergo
2345 2609 2420 2664 ita
2445 2607 2790 2678 deliquerunt
2816 2614 2877 2662 ut
2902 2606 3181 2672 caderent,
3222 2604 3276 2659 id
3304 2612 3411 2668 est,
3464 2610 3524 2656 ut

1928 2700 2305 2758 tantummodo
2328 2699 2606 2764 caderent,
2635 2698 2791 2770 quasi
2816 2698 2885 2754 ad
2907 2710 3125 2768 pcenam
3150 2709 3304 2752 suam
3325 2694 3521 2760 solum,

1928 2792 2023 2849 sed
2037 2799 2097 2847 ut
2118 2792 2222 2847 hoc
2245 2790 2422 2862 ipsum
2446 2790 2591 2860 quod
2611 2790 2945 2854 ceciderunt,
2959 2784 3522 2858 prodessetGentibus

1928 2886 1998 2941 ad
2021 2882 2489 2955 salutem.(0rig.)
2504 2882 2572 2937 Et
2590 2882 2863 2953 quomodo
2883 2893 2950 2935 ex
2978 2880 3192 2936 illorum
3217 2877 3415 2934 delicto
3436 2891 3522 2932 sa-

1929 2974 2013 3031 lus
2026 2974 2289 3030 Gentibus
2309 2973 2485 3039 detur,
2506 2960 2748 3028 Ostendit
2773 2989 2786 3026 :
2806 2969 2878 3026 Ut
2898 2970 3038 3037 illos,
3068 2968 3266 3040 inquit,
3281 2966 3529 3023 temulen-

1932 3074 2019 3120 tur
2054 3079 2073 3117 :
2104 3065 2208 3119 hoc
2232 3071 2337 3131 est,
2371 3071 2432 3118 ut
2463 3062 2873 3120 conversionem
2902 3061 3158 3119 Gentium
3183 3059 3448 3125 videntes,
3475 3067 3531 3115 et

1934 3168 2320 3217 testamentum
2364 3160 2484 3227 Dei,
2511 3159 2655 3231 quod
2708 3160 2828 3229 ipsi
2854 3159 3008 3230 prius
3047 3166 3391 3229 acceperant,
3426 3155 3532 3212 illis

233 3258 418 3305 autem
443 3258 499 3304 et
520 3250 612 3306 illa
651 3252 829 3323 captio
866 3266 1068 3311 mensae
1086 3255 1252 3326 ‘hujus
1277 3257 1473 3323 videri,
1500 3274 1606 3329 qua
1636 3259 1824 3314 Domi-
1856 3240 1901 3303 (ἶ
1935 3252 2215 3317 "adium,
2246 3250 2595 3323 ﬁt1989mm:
2623 3249 2925 3320 Prophetas
2950 3250 3093 3321 apud
3123 3264 3219 3306 805
3240 3248 3446 3320 majore
3472 3258 3530 3303 ει

234 3353 339 3395 nus
363 3354 457 3395 eos
474 3340 634 3414 cepit,
658 3356 781 3397 cum
807 3344 940 3398 dixit
957 3346 1025 3401 ad
1044 3360 1176 3402 eos:
1212 3345 1355 3412 Quid
1386 3347 1526 3402 vobis
1546 3347 1750 3402 videtur
1768 3348 1831 3403 de

234 3427 446 3485 Christo
462 3431 486 3485 ?
504 3428 668 3501 Cujus
689 3431 833 3501 ﬁlius
854 3436 969 3489 est?
994 3435 1060 3489 At
1089 3435 1169 3490 illi
1195 3437 1609 3507 responderunt:
1635 3436 1829 3491 David.

237 3520 310 3576 Et
334 3521 591 3577 Dominus
619 3538 635 3579 .'
661 3523 935 3590 Quomodo
961 3541 1106 3597 ergo,
1134 3527 1330 3597 inquit,
1358 3526 1530 3583 David
1559 3527 1834 3582 dominum

234 3629 357 3669 cum
379 3623 546 3681 vocat,
562 3612 775 3671 dicens:
797 3612 943 3672 Discit
967 3618 1225 3675 Dominus
1245 3619 1474 3675 Domino
1498 3636 1611 3676 meo
1626 3638 1645 3676 :
1662 3621 1782 3675 sede
1805 3638 1837 3675 a

236 3705 438 3761 dextris
466 3708 594 3761 meis
618 3707 643 3761 Ρ
663 3716 712 3762 et
746 3723 849 3763 non
870 3719 1150 3780 potuerunt
1188 3712 1235 3767 ei
1279 3711 1589 3782 respondere
1629 3710 1839 3766 verbum

236 3795 457 3870 (Matth.
488 3797 646 3869 xm).
682 3799 771 3856 Fit
816 3807 996 3856 autem
1037 3803 1093 3857 in
1132 3803 1549 3859 retributionem
1596 3802 1678 3858 eis
1724 3802 1840 3858 bace

237 3903 449 3955 mensa,
475 3896 531 3944 ut
558 3890 795 3947 breviter
815 3893 1014 3963 dicam,
1039 3892 1339 3958 secundum
1373 3896 1599 3952 verbum
1625 3894 1839 3951 Domini

237 3994 348 4050 quo
371 3980 446 4034 ait
473 3999 484 4034 :
509 3978 717 4036 Putatis
752 3984 877 4055 quia
904 3996 996 4054 ego
1041 3990 1282 4039 accusem
1306 4002 1392 4040 vos
1415 3985 1556 4055 apud
1581 3983 1798 4040 Patrem
1821 3986 1845 4038 ?

238 4067 341 4126 Est
362 4073 452 4142 qui
476 4088 561 4128 vos
584 4084 789 4129 accuset
817 4072 1024 4147 Moyses
1055 4074 1237 4147 (Joan.
1262 4076 1350 4149 v);
1380 4084 1434 4133 et
1455 4076 1752 4133 secundum
1776 4077 1844 4131 il-

237 4160 332 4217 lud
360 4164 503 4233 quod
523 4154 812 4234 Apostolus
832 4164 964 4221 dicit
989 4185 1002 4220 :
1030 4165 1295 4238 Quotquot
1332 4184 1425 4239 per
1448 4167 1609 4239 legem
1632 4184 1847 4239 peccave

237 4262 493 4323 runt,per
517 4254 678 4325 legem
704 4256 1087 4325 judicabantur
1118 4257 1292 4329 (Rom.
1324 4256 1407 4328 ιι).
1442 4257 1527 4312 Fit
1565 4266 1746 4312 autem
1793 4269 1849 4312 et

237 4340 298 4398 in
328 4343 641 4398 scandalum
661 4345 742 4400 eis
762 4360 949 4401 mensa
976 4346 1217 4401 11330le
1245 4332 1424 4401 modo.
1442 4346 1522 4401 Ex
1551 4345 1847 4416 Scripturis

237 4434 545 4492 didicerant
578 4434 771 4504 Judtei,
808 4437 974 4506 quia:
1007 4436 1247 4492 Christus
1291 4447 1464 4493 manet
1493 4439 1552 4493 in
1594 4447 1847 4493 teternum

239 4524 427 4599 (Joan.
448 4526 573 4599 xu),
594 4526 777 4584 Jesum
798 4537 980 4585 autem
1004 4530 1246 4586 videntes
1268 4532 1321 4585 in
1345 4540 1529 4597 carne,
1546 4540 1730 4589 etnon
1752 4545 1843 4587 so-

238 4609 356 4673 lum
378 4618 433 4673 in
456 4630 642 4685 carne,
663 4620 758 4676 sed
780 4626 834 4675 et
856 4620 913 4675 in
948 4627 1140 4687 morte,
1157 4627 1213 4675 et
1240 4630 1413 4678 morte
1442 4624 1621 4701 crucis
1653 4622 1707 4695 (Ι
1722 4623 1847 4678 Cor.
1877 4590 1931 4651 D

238 4708 346 4780 xv)
376 4750 391 4776 ,
429 4708 934 4767 scaudalizabantur
977 4712 1031 4767 in
1059 4725 1183 4768 eum
1226 4714 1535 4769 nescientes
1585 4714 1711 4784 quia
1754 4716 1849 4770 etsi

235 4817 431 4873 passus
472 4803 547 4856 est
592 4818 656 4855 ea:
694 4803 1003 4872 inﬁrmitate
1032 4804 1228 4870 carnis,
1270 4804 1360 4858 sed
1396 4805 1514 4859 vivit
1565 4820 1630 4859 ea:
1666 4806 1851 4860 virtute

238 4886 363 4947 Dii.
398 4890 527 4947 Haec
553 4906 682 4964 ergo
724 4891 955 4964 singula,
1007 4895 1134 4965 quia
1164 4908 1272 4951 non
1312 4895 1719 4967 intelligibiliter
1755 4912 1850 4953 ac-

239 4990 542 5054 ceperunt,
570 4998 689 5054 qua:
714 4986 958 5056 apposita
994 4995 1119 5041 sunt
1161 4987 1240 5042 eis
1281 4987 1350 5042 ad
1380 5000 1623 5043 mensam
1654 4996 1847 5059 poten-

242 5074 340 5141 tis,
390 5073 744 5131 scandalizati
773 5084 918 5143 sunt,
964 5083 1019 5132 et
1053 5075 1169 5148 ipsa
1195 5064 1602 5150 Scripturarum
1633 5078 1839 5136 divina-

245 5182 443 5222 narurn
473 5182 659 5223 mensa
685 5168 828 5225 facta
858 5177 941 5225 est
985 5170 1065 5227 eis
1104 5172 1161 5225 in
1203 5173 1537 5239 scandalum,
1563 5182 1618 5230 et
1648 5174 1843 5231 obscu-

244 5258 355 5314 rati
379 5266 504 5312 sunt
533 5258 674 5314 oculi
712 5274 919 5327 eorum,
962 5260 1259 5319 secundum
1302 5279 1367 5319 ea
1415 5280 1535 5335 qua:
1576 5280 1740 5337 supra
1763 5266 1843 5321 di-

246 5348 449 5415 ximus,
518 5358 573 5405 et
620 5350 838 5409 dorsum
892 5369 1081 5411 eorum
1130 5363 1413 5412 curvatum
1477 5366 1561 5414 est
1606 5374 1841 5431 semper.

247 5442 436 5513 Neque
463 5445 606 5499 enim
649 5446 907 5503 deberent
947 5448 1090 5505 ultra
1124 5450 1321 5507 coelum
1361 5444 1625 5520 aspicere,
1672 5450 1843 5523 quiin

249 5546 556 5593 creatorem
608 5540 731 5595 cteli
767 5550 1145 5612 peccaverunt,
1205 5554 1257 5599 et
1306 5546 1359 5599 in
1394 5544 1679 5601 Dominum
1733 5562 1847 5601 ma-

244 5626 483 5701 iestatis.
533 5630 639 5687 Sed
686 5642 741 5688 et
786 5636 1076 5708 unicuique
1117 5645 1364 5693 n‘ostrum
1411 5638 1712 5693 verendum
1742 5647 1845 5704 est,

250 5737 325 5778 ne
355 5721 492 5779 forte
542 5724 659 5780 haec
696 5726 998 5783 divinorum
1033 5731 1323 5785 verborum
1355 5744 1560 5796 mensa,
1584 5731 1650 5786 ad
1688 5747 1849 5801 quam

248 5811 504 5872 videmur
542 5817 891 5889 consedisse,
923 5830 981 5876 ut
1034 5823 1215 5879 cibum
1265 5822 1417 5880 verbi
1453 5822 1549 5879 Dei
1591 5837 1687 5892 pro
1730 5840 1827 5893 pos

1937 3341 2183 3412 digniore
2205 3341 2392 3397 haberi
2417 3341 2789 3409 observantia,
2804 3334 2982 3397 zelum
3005 3339 3221 3414 capiant
3240 3348 3403 3396 etiam
3429 3341 3533 3413 ipsi

1938 3433 1993 3488 in
2022 3434 2335 3491 novissimis
2368 3434 2557 3490 saltem
2585 3434 2957 3515 temporibus;
2991 3440 3048 3491 et
3076 3436 3217 3491 sicut
3246 3444 3391 3491 nunc
3411 3433 3532 3491 illo-

1938 3537 2062 3581 rum
2083 3525 2269 3595 lapsus
2297 3523 2527 3582 salutem
2553 3524 2819 3582 Gentibus
2839 3523 3009 3590 dedit,
3035 3523 3110 3580 ita
3124 3524 3376 3581 Gentium
3401 3524 3536 3582 ﬁdes

1939 3623 1997 3673 et
2044 3618 2387 3673 conversatio
2451 3615 2639 3672 Israeli
2698 3608 3098 3675 aamulatiOnem
3159 3616 3535 3675 conversionis

1943 3706 2190 3765 conferat
2218 3713 2273 3764 et
2301 3708 2511 3764 salutis.
2542 3706 2953 3763 Observandum
3002 3712 3185 3763 tamen
3231 3715 3337 3774 est,
3391 3708 3539 3778 quod

1944 3798 2089 3854 aliud
2129 3798 2283 3870 ponit
2305 3797 2505 3855 Paulus
2533 3796 2808 3855 oli'endere
2835 3813 2900 3854 ac
2927 3798 3260 3869 delinquere,
3300 3808 3356 3854 et
3389 3796 3535 3856 aliud

1945 3890 2170 3955 cadere;
2216 3895 2273 3944 et
2299 3887 2587 3945 offensioni
2626 3888 2844 3960 quidem
2876 3888 2961 3944 vel
3000 3888 3199 3944 delicto
3241 3889 3543 3945 remedium

1942 3980 2097 4051 ponit
2131 3997 2143 4034 :
2174 3980 2437 4035 cecidisse
2468 3986 2649 4036 autem
2678 3994 2794 4046 eos,
2832 3978 2988 4049 quasi
3014 3977 3323 4049 deSperatio
3353 3978 3410 4034 in
3437 3979 3541 4035 hoc

1947 4075 2018 4129 sit
2042 4073 2244 4144 aliqua,
2268 4088 2376 4129 non
2402 4073 2627 4143 recepit.
2646 4071 2787 4128 Dicit
2806 4072 2949 4127 enim
2970 4087 2985 4127 :
3005 4070 3261 4144 Nunquid
3285 4073 3360 4126 sic
3376 4072 3545 4143 offen-

1949 4168 2139 4221 derunt
2178 4175 2234 4220 ut
2276 4165 2560 4221 caderent?
2589 4164 2755 4221 Absit.
2801 4162 2904 4219 Sed
2936 4162 3148 4219 illorum
3174 4162 3365 4218 delicto
3394 4162 3541 4219 salus

1948 4259 2205 4331 gentibus.
2225 4257 2386 4314 Etest
2415 4258 2635 4324 mirum,
2653 4254 2923 4328 quomodo
2945 4256 2999 4312 in
3026 4264 3105 4313 tot
3131 4263 3187 4311 et
3207 4255 3404 4312 talibus
3424 4272 3547 4329 qua:

1950 4349 2018 4404 de
2033 4350 2113 4404 eis
2133 4349 2314 4405 omnis
2335 4348 2589 4418 Epistolas
2607 4354 2789 4404 textus
2807 4348 3050 4420 exponit,
3074 4346 3336 4404 cecidisse
3365 4354 3549 4405 tamen

1948 4454 2044 4496 eos
2071 4448 2235 4510 neget
2258 4438 2568 4511 Apostolus.
2596 4438 2707 4495 Sed
2729 4438 2946 4495 videtur
2994 4439 3128 4494 mihi
3163 4438 3308 4509 quod
3347 4433 3551 4515 Paulus

1957 4531 2187 4588 cadendi
2210 4529 2545 4587 differentias
2571 4530 2711 4587 bene
2735 4528 2971 4597 noverit,
2998 4533 3054 4585 et
3080 4524 3225 4605 aliud
3259 4530 3398 4587 sciat
3428 4546 3553 4588 esse

1956 4622 2153 4680 cadere
2187 4623 2485 4680 secundum
2514 4623 2660 4687 illud,
2698 4618 2846 4695 quod
2884 4621 3147 4694 scriptum
3182 4632 3267 4679 est
3297 4642 3311 4678 :
3346 4621 3553 4696 Septies

1947 4713 2128 4784 justus
2152 4714 2328 4779 cadet,
2354 4723 2402 4768 et
2428 4722 2657 4785 resurget
2674 4713 2857 4785 (Prov.
2876 4716 3053 4787 xm);
3080 4723 3135 4772 et
3158 4715 3356 4773 lterum
3381 4736 3393 4771 :
3423 4716 3558 4773 Noli

1954 4806 2083 4859 mihi
2104 4802 2611 4873 insultare,inimica
2639 4806 2779 4873 mea,
2804 4807 2930 4878 quia
2961 4807 3168 4863 cecidi;
3198 4818 3247 4864 et
3278 4825 3555 4880 resurgam

1957 4894 2143 4969 (Mich.
2178 4896 2308 4969 vn);
2332 4901 2389 4952 et
2411 4897 2708 4954 secundum
2732 4896 2877 4969 quod
2893 4891 3159 4954 Ieremias
3180 4898 3315 4954 dicit
3349 4917 3361 4954 :
3395 4899 3451 4955 Ν
3455 4916 3565 4955 un»

1953 4989 2081 5060 quid
2123 4990 2215 5061 qui
2254 4988 2417 5059 cadit,
2471 5007 2575 5046 non
2624 4992 2841 5061 adjiciat
2878 5002 2935 5046 ut
2986 4992 3275 5063 resurgat?
3320 5002 3413 5048 aut
3461 4998 3562 5067 qui

1953 5099 2165 5139 aversus
2185 5090 2279 5150 est,
2306 5097 2411 5139 non
2436 5093 2765 5139 convertetur
2784 5083 2957 5157 2(Jer.
2981 5084 3129 5158 VIII.)
3149 5084 3343 5149 Sedet
3362 5085 3463 5143 Job
3485 5086 3559 5146 dc

1949 5173 2242 5245 semetipso
2277 5167 2407 5230 dicit
2443 5188 2457 5228 :
2513 5173 2785 5247 Tentpore'
2806 5175 3091 5232 constituto
3127 5187 3373 5248 paratum
3402 5190 3479 5233 est
3509 5184 3564 5236 ei

1952 5264 2139 5320 cadere
2169 5266 2265 5321 sub
2294 5265 2499 5333 aliis,et
2524 5263 2739 5322 domum
2769 5267 2884 5337 ejus
2908 5268 3068 5339 diripi
3096 5267 3160 5323 ab
3184 5268 3407 5335 alienis;
3430 5271 3561 5325 etin

1952 5356 2147 5427 quarto
2171 5353 2480 5428 Regnorum
2504 5354 2643 5415 libro
2666 5359 2929 5429 scriptum
2944 5367 3061 5414 est:
3081 5356 3278 5415 Cecidit
3302 5357 3565 5414 Ezechias

1955 5451 2018 5505 ab
2039 5449 2263 5505 elatibne
2275 5448 2445 5504 cordis
2462 5450 2543 5504 sui
2562 5450 2615 5522 (I
2628 5448 2671 5503 V
2683 5449 2809 5521 Reg.
2825 5450 2943 5521 xx).
2960 5450 3027 5506 Et
3042 5466 3232 5509 omnes
3248 5451 3303 5507 bi
3326 5465 3486 5505 casus
3503 5453 3575 5505 de

1957 5544 2224 5614 quibusin
2248 5542 2570 5614 supradictis
2585 5539 2929 5597 sermonibus
2944 5540 3290 5614 Scripturam
3311 5555 3570 5611 pronuua

1959 5638 2123 5693 tiasse
2147 5636 2589 5701 memoravimus,
2621 5636 2824 5692 habent
2843 5633 3035 5706 utique
3056 5635 3586 5693 resurrectionem;

1961 5740 2017 5787 et
2050 5728 2261 5785 aversio
2291 5744 2480 5783 eorum
2510 5728 2676 5785 habet
2721 5727 3146 5785 conversionem
3178 5746 3191 5782 :
3224 5727 3286 5780 lu
3316 5718 3611 5794 praesenti

1964 5836 2092 5879 vero
2115 5818 2371 5889 capitulo,
2414 5818 2571 5888 quasi
2613 5815 2792 5875 sciens
2840 5810 3151 5890 Apostolus
3181 5816 3312 5887 quia
3348 5814 3399 5869 si
3454 5803 3625 5865 ccci-
