3948 6316
503 373 530 428 ~‘l
542 374 642 429 5‘27

1169 366 1227 420 Il.
1269 360 1517 420 RABANI
1556 363 1770 420 MAURI
1807 361 2121 417 ARCHIEP.
2162 359 2465 417 MOGUNT.
2509 357 2787 415 OPERUM
2826 359 3002 414 PARS
3039 360 3121 415 III.

3600 360 3733 418 1528

504 488 729 548 dissent,
759 493 1038 551 resurgere
1085 477 1303 532 omnino
1352 490 1454 530 non
1503 485 1738 544 possent,
1792 476 1860 529 ita
1907 482 2065 546 negat
2096 481 2143 538 Α
2170 472 2322 535 fiunt,
2357 473 2489 527 alios
2528 473 2719 526 divites
2771 472 2897 526 facit
2929 491 2940 525 :
2982 473 3178 527 ctenim
3214 472 3472 541 quoniam
3505 489 3622 526 cum
3661 474 3741 527 di-

503 592 597 633 ecs
621 573 897 637 cecidisse,
942 578 996 625 et
1020 568 1172 641 valde
1215 559 1436 623 excusat
1486 567 1541 619 in
1580 580 1646 620 eo
1693 561 1834 635 quod
1890 565 2062 619 dicit:

507 665 758 737 Nunquid
780 665 854 719 sic
891 660 1216 732 oﬂenderunt
1239 668 1300 713 'ut
1321 659 1558 712 caderent
1584 658 1607 711 ?
1631 653 1796 711 Absit.
1834 655 1908 711 Ne
1931 656 2067 711 forte

501 773 632 829 ergo
660 757 726 810 ad
748 755 908 808 alium
935 750 1436 819 casumrespiciens
1461 747 1763 817 Apostolus,
1791 746 1954 802 Israel
1975 761 2068 800 ex-

500 853 654 902 cuset
679 852 741 913 et
778 844 1001 912 abneget
1047 839 1342 903 cecidisse;
1388 838 1536 892 illum
1587 836 1814 892 fortasse
1866 836 1930 891 de
1959 849 2066 904 quo

498 935 710 990 dicebat
762 933 1018 988 Dominus
1050 935 1104 985 et
1134 927 1380 983 Salvator
1423 935 1627 988 noster,
1668 926 1791 996 quia
1828 924 2064 979 uidebam

499 1021 750 1078 Satanam
789 1021 919 1075 sicut
966 1019 1164 1090 fulgur,
1214 1017 1473 1073 cecidisse
1503 1017 1567 1072 de
1617 1017 1752 1072 caelo
1782 1014 1931 1086 (Luc.
1963 1014 2060 1086 x);

498 1114 591 1168 scd
615 1121 671 1167 et
698 1112 843 1167 illum
870 1111 935 1165 de
964 1125 1070 1179 quo
1110 1108 1273 1163 Isaias
1295 1109 1458 1164 dicit:
1484 1107 1753 1172 Quomodo
1795 1107 1976 1160 cecidit
1999 1107 2063 1160 de

497 1204 621 1257 uelo
675 1202 902 1272 Lucifer,
952 1201 1038 1272 qui
1069 1217 1220 1254 mane
1273 1198 1580 1252 oriebatur?
1624 1196 1760 1268 (lsa.
1798 1195 2058 1265 x1V.)Hic

484 1279 623 1363 ergo
677 1293 771 1345 tali
826 1306 953 1346 casu
983 1297 1141 1361 negat
1165 1288 1424 1344 cecidisse
1450 1285 1654 1341 Israel:
1680 1286 1892 1341 Illorum
1917 1285 2060 1340 enim

497 1383 576 1437 vel
636 1383 688 1436 in
737 1382 841 1437 ﬁne
871 1381 1046 1436 surculi
1098 1381 1376 1435 conversio
1416 1380 1520 1434 erit
1559 1387 1686 1433 tunc
1748 1394 1863 1432 cum
1903 1376 2063 1447 pleni-

492 1474 618 1526 tudo
647 1475 873 1542 gentium
899 1471 1284 1534 subintrauerit,
1311 1479 1358 1523 et
1384 1470 1548 1523 omnis
1578 1467 1746 1521 Israel
1773 1468 1944 1522 salvus
1973 1467 2065 1535 ﬁet

493 1564 665 1634 (Rom.
715 1564 791 1634 xi)
842 1582 854 1616 :
905 1563 1056 1617 istius
1130 1569 1306 1615 autem
1363 1559 1452 1629 qui
1501 1560 1564 1614 de
1614 1560 1752 1614 ccelo
1802 1558 2058 1613 cecidisse

2169 565 2359 619 videret
2374 574 2546 634 gentes
2562 564 2725 627 Deus,
2741 573 2785 617 et
2801 564 3112 632 dispergeret
3123 563 3261 630 ﬁlios
3273 563 3740 629 Adam,constituit

2168 656 2413 710 terminos
2457 656 2701 725 gentium,
2733 663 2855 719 etc.,
2881 649 3203 717 hereditatis
3243 655 3358 720 eius
3389 655 3582 714 Israel.
3634 654 3739 712 [llis

2168 749 2344 799 autem
2358 743 2598 815 Angelis,
2615 744 2810 812 quibus
2829 759 2954 814 pars
2977 743 3213 815 gentium
3235 742 3409 798 fuerat
3431 744 3739 811 distributa,

2169 835 2547 892 seducentibus
2609 833 3002 904 quodammodo
3066 833 3305 905 singulos
3362 847 3608 906 quosque
3674 835 3741 891 de

2165 935 2316 998 parte
2338 926 2589 998 Domini;
2610 939 2675 981 ac
2703 911 3141 994 depravantibus,
3173 923 3418 979 fecerunt
3459 939 3555 979 eos
3574 924 3740 979 offen-

2164 1017 2309 1084 dere,
2335 1017 2408 1072 ita
2429 1025 2491 1072 ut
2515 1016 2718 1072 diceret
2742 1017 3002 1070 Dominus
3035 1029 3133 1084 per
3156 1015 3476 1085 prophetam
3519 1031 3534 1067 :
3574 1012 3739 1067 Facta

2163 1118 2237 1163 est
2288 1107 2416 1161 mihi
2457 1108 2626 1176 portio
2656 1120 2770 1158 mea
2815 1103 3176 1157 desiderabilis
3230 1106 3286 1156 in
3333 1104 3691 1157 exsecratione
3720 1117 3739 1155 :

2163 1196 2525 1252 necessarium
2553 1193 2655 1247 fuit
2681 1201 2738 1247 ut
2781 1192 2868 1246 illa
2894 1191 3129 1247 refutata
3172 1205 3237 1247 ac
3273 1189 3576 1260 repudiata,
3600 1195 3740 1243 esset

2163 1286 2264 1342 alia
2285 1301 2411 1356 pars
2437 1286 2651 1340 Domini
2694 1299 2856 1353 super
2896 1292 3120 1349 terram,
3148 1298 3266 1354 qua:
3293 1283 3540 1354 gloriam,
3582 1291 3636 1337 et
3665 1289 3743 1337 te-

2162 1386 2447 1442 stamenta,
2492 1385 2547 1431 et
2595 1377 3005 1447 legislationem,
3047 1386 3103 1433 et
3143 1378 3403 1446 obsequia
3431 1375 3612 1431 cultus
3648 1375 3741 1430 Dei

2162 1471 2303 1541 (qua:
2315 1470 2495 1524 Omnia
2516 1469 2715 1523 divitia:
2735 1478 2893 1524 erant
2914 1470 3082 1538 partis
3094 1468 3328 1538 Domini)
3351 1469 3671 1538 susciperet,
3690 1475 3745 1524 et

2159 1574 2283 1629 pars
2304 1558 2512 1613 Domini
2538 1574 2637 1628 pro
2666 1557 2753 1612 illa
2771 1568 2931 1628 parte
2964 1573 3081 1628 quae
3101 1557 3402 1614 olfenderat
3427 1565 3738 1612 vocaretur.

492 1656 707 1718 dicitur,
740 1668 839 1708 nec
869 1654 921 1706 in
947 1653 1050 1707 line
1087 1652 1265 1706 stimuli
1292 1649 1396 1705 erit
1431 1650 1539 1704 ulla
1566 1650 1868 1706 conversio.
1904 1649 2057 1705 Hunc
2158 1649 2361 1705 Idcirco
2413 1649 2658 1704 delictum
2706 1650 2917 1704 illorum
2978 1649 3037 1703 lit
3083 1649 3278 1702 divitia
3327 1650 3532 1704 mundi.
3590 1648 3741 1704 Nunc

490 1758 618 1813 ergo
645 1743 826 1798 casum
851 1757 1010 1811 quem
1067 1740 1311 1810 superius
1355 1740 1610 1804 diximus,
1657 1740 1707 1793 id
1753 1748 1834 1794 est
1863 1740 1915 1793 in
1949 1754 2056 1808 quo
2157 1741 2299 1796 enim
2325 1741 2445 1811 jam,
2474 1757 2582 1797 non
2604 1757 2712 1796 una
2743 1742 3086 1796 Ilebrzeorum
3110 1755 3263 1811 gens,
3287 1739 3380 1795 sed
3403 1749 3548 1796 totus
3578 1756 3734 1796 mun-

491 1832 584 1901 qui
621 1832 796 1896 cadet,
823 1829 1038 1899 adjicict
1084 1837 1143 1883 ut
1188 1837 1455 1899 resurgat,
1496 1829 1726 1884 similem
1771 1845 1891 1884 esse
1931 1829 2057 1884 huic
2086 1823 2133 1883 B
2160 1831 2259 1886 dus
2305 1846 2432 1900 pars
2482 1832 2697 1887 Domini
2756 1830 2946 1886 ell‘ecta
2997 1840 3098 1886 est.
3153 1830 3244 1886 Sic
3295 1832 3440 1886 enim
3491 1831 3741 1888 Salvator

489 1935 648 1988 quam
689 1921 742 1974 in
792 1921 908 1989 ipso
953 1919 1068 1974 loco
1124 1918 1472 1974 oll‘ensionem
1538 1920 1778 1973 nominat
1833 1919 2059 1988 Aposto-

489 2009 570 2064 lus
600 2013 941 2064 advertamus
966 2049 981 2074 ,
1024 2018 1078 2064 et
1106 2025 1263 2078 quem
1315 2009 1568 2064 delictum
1618 2010 1884 2078 appellat:
1915 2008 2058 2078 quod

487 2101 615 2154 mihi
658 2101 763 2154 tale
809 2101 1020 2155 videtur
1060 2115 1199 2156 esse.
1252 2099 1309 2154 Si
1365 2103 1578 2170 quando
1606 2093 1804 2169 justus
1838 2104 1891 2157 in
1948 2119 2056 2158 uno

486 2190 665 2258 aliquo
691 2191 883 2255 victus,
911 2190 1062 2245 verbi
1108 2206 1290 2256 causa,
1335 2193 1419 2246 vel
1449 2193 1500 2246 in
1527 2192 1820 2261 fragilitate
1848 2194 2053 2257 carnis,

486 2278 569 2332 vel
599 2279 700 2333 alio
729 2279 966 2348 quolibet
1015 2280 1208 2336 delicto
1246 2281 1522 2346 ceciderit,
1566 2298 1674 2336 non
1708 2289 1884 2336 tamen
1937 2282 2056 2336 ideo

485 2368 554 2422 ab
577 2368 722 2422 omni
753 2369 885 2438 legis
914 2368 1252 2423 observantia
1281 2371 1611 2436 discesserit,
1657 2372 1750 2426 sed
1789 2369 2054 2439 justitiam

484 2466 683 2522 teneat,
708 2459 1132 2513 misericordiam
1175 2460 1336 2524 colat,
1366 2460 1542 2526 ﬁdem,
1585 2462 1858 2532 pietatem,
1905 2475 2054 2514 man-

482 2550 815 2603 suetudinem
852 2557 1050 2613 servet,
1082 2559 1137 2604 et
1157 2550 1328 2617 legem
1359 2550 1453 2605 Dei
1477 2551 1725 2604 meditari
1758 2566 1864 2606 non
1893 2551 2056 2621 negli-

479 2651 597 2709 gat:
623 2641 686 2694 de
707 2641 809 2695 hoc
821 2655 1104 2710 possumus
1124 2641 1321 2705 dicere,
1336 2641 1459 2710 quia
1481 2640 1730 2710 Nunquid
1743 2641 1818 2694 sic
1839 2641 2052 2710 offendit

477 2737 533 2781 ut
557 2729 758 2783 caderet
774 2721 991 2782 ?Absit.'
1007 2730 1083 2784 Ita
1107 2740 1160 2785 et
1185 2731 1454 2795 Israelitaa,
1478 2733 1723 2800 quamvis
1746 2733 2050 2802 redempto-

477 2832 591 2886 rem
622 2833 776 2872 suum
801 2820 1133 2889 negaverint,
1165 2829 1217 2874 et
1255 2836 1348 2876 eos
1379 2823 1469 2891 qui
1495 2823 1562 2877 ab
1591 2822 1706 2891 ipso
1746 2823 1894 2878 missi
1927 2833 2053 2879 sunt

479 2906 546 2959 ad
571 2907 966 2974 praedicandum
1001 2908 1248 2977 salutem,
1303 2911 1654 2982 lapidaverint
1691 2922 1746 2968 et
1779 2916 2048 2982 persecuti

475 2996 624 3050 sint:
662 3005 818 3050 tanen
860 2998 1058 3052 habent
1085 3000 1258 3055 adhuc
1295 3001 1493 3069 aliquid
1533 3001 1750 3057 residui.
1784 3002 1878 3057 Est
1911 3003 2052 3072 apud

478 3086 594 3140 illos
627 3087 1087 3158 meditatiolegis,
1131 3089 1254 3144 licet
1307 3106 1415 3145 non
1457 3092 1698 3155 credant,
1755 3107 1854 3146 nec
1901 3092 2052 3146 intel-

2159 1919 2289 1974 dicit
2314 1936 2326 1973 :
2356 1918 2494 1984 Quia
2521 1937 2614 1990 ego
2642 1921 2774 1987 veni,
2808 1937 2908 1975 non
2930 1928 2985 1974 ut
2997 1919 3230 1990 judicem
3257 1921 3533 1986 mundum,
3563 1922 3654 1976 sed
3684 1930 3741 1976 ut

2157 2010 2385 2064 salvetur
2428 2012 2655 2066 mundus
2695 2028 2788 2082 per
2846 2028 2927 2066 me
2955 2011 3134 2082 (Joan.
3173 2010 3295 2083 xu).
3346 2013 3412 2068 Et
3451 2028 3519 2068 ne
3569 2013 3742 2068 ambi-

2159 2114 2320 2170 guum
2340 2099 2618 2156 videretur
2639 2101 2822 2155 mundi
2847 2115 3061 2164 nomen,
3089 2101 3341 2170 quoniam
3363 2116 3503 2172 saepe
3525 2101 3743 2173 quidem

2159 2189 2226 2243 ad
2254 2189 2450 2243 caelum
2483 2197 2538 2245 et
2565 2199 2789 2256 terram,
2820 2205 2961 2259 sarpe
3000 2192 3067 2247 ad
3096 2192 3265 2246 solam
3312 2201 3536 2256 terram,
3578 2194 3743 2248 inter-

2160 2277 2289 2331 dum
2328 2291 2459 2332 vero
2491 2278 2654 2332 etiam
2693 2266 2770 2332 ad‘
2807 2292 2997 2334 omnes
3024 2279 3269 2340 homines
3314 2281 3501 2336 mundi
3553 2279 3739 2350 appel-

2154 2366 2284 2421 latio
2328 2365 2604 2422 refertur:
2636 2367 2838 2424 idcirco
2882 2369 3078 2438 repetit
3120 2369 3430 2438 Apostolus,
3481 2379 3538 2424 et
3567 2369 3740 2424 manl-

2155 2456 2344 2512 festius
2366 2458 2420 2512 in
2435 2473 2541 2526 quo
2561 2458 2756 2511 dixerit
2773 2459 3030 2512 mundum
3057 2458 3319 2526 designat.
3342 2457 3433 2511 Ait
3457 2458 3604 2512 enim
3633 2475 3646 2510 :
3674 2454 3741 2511 Et

2155 2546 2650 2614 diminutioeorum,
2684 2546 2876 2600 divitiae
2898 2547 3159 2616 gentium;
3188 2545 3331 2615 quod
3357 2545 3634 2617 enim—illis
3651 2543 3741 2614 qui

2154 2636 2494 2693 offenderunt
2531 2637 2852 2690 diminutum
2899 2646 2983 2692 est
3028 2645 3084 2691 et
3118 2636 3378 2701 ablatum,
3423 2635 3492 2690 ad
3526 2635 3740 2691 divitias

2153 2728 2390 2798 gentium
2417 2727 2672 2783 collatum
2702 2735 2807 2792 est,
2838 2726 2930 2796 qui
2953 2740 3051 2796 per
3094 2725 3252 2781 ﬁdem
3297 2740 3423 2796 pars
3445 2725 3663 2780 Domini
3689 2734 3742 2781 et

2153 2817 2441 2872 hereditas
2480 2815 2596 2884 eius
2651 2816 2825 2871 effecti
2879 2823 3020 2870 sunt.
3047 2814 3191 2870 Bene
3235 2824 3416 2871 autem
3469 2816 3537 2870 ad
3589 2814 3741 2870 dimi-

2155 2907 2437 2962 nutionem
2487 2905 2758 2974 reddidit,_
2788 2904 3178 2975 plenitudinem,
3224 2913 3281 2959 et
3324 2919 3433 2959 non
3478 2905 3599 2959 sine
3625 2918 3741 2973 pro-

2154 2995 2321 3051 fundo
2347 2995 2588 3065 quodam
2631 3009 2795 3050 sensu
2822 2994 3079 3064 populum
3122 2992 3287 3048 Israel
3337 2992 3540 3046 Paulus
3575 2991 3741 3062 pleni-

2155 3089 2395 3143 tudinem
2457 3096 2632 3142 vocat.
2683 3087 2742 3142 In
2791 3101 2899 3157 quo
2926 3101 3025 3156 ego
3065 3100 3165 3156 pro
3203 3085 3411 3140 viribus
3459 3085 3599 3142 meis
3639 3085 3741 3143 tale

475 3175 668 3244 ligant;
699 3167 782 3232 est
810 3178 950 3248 apud
990 3178 1108 3234 illos
1135 3187 1190 3234 et
1216 3180 1482 3237 aemulatio
1523 3182 1638 3248 Dei,
1680 3181 1805 3237 licet
1831 3198 1937 3237 non
1961 3199 2044 3238 se-
2075 3158 2120 3221 (ἶ
2150 3179 2352 3249 aliquid
2396 3180 2633 3249 intelligo
2667 3197 2703 3264 τί
2727 3189 2870 3234 nunc
2893 3177 3111 3247 quidem
3137 3177 3306 3233 donec
3331 3191 3527 3260 omnes
3554 3188 3741 3246 gentes

473 3267 1026 3323 cundumscientiam.
1052 3269 1117 3323 Et
1134 3279 1416 3340 propterea
1436 3272 1568 3326 dicit
1589 3272 1894 3342 Apostolus,
1916 3275 2044 3343 quia
2146 3273 2373 3326 veniunt
2423 3272 2491 3326 ad
2537 3271 2792 3336 salutem,
2851 3276 3250 3340 congregantur
3287 3268 3494 3322 divitia:
3546 3269 3738 3322 Deiex

473 3350 578 3408 rion
615 3355 688 3438 sic
717 3356 1116 3425 o/fenderuntut
1140 3359 1378 3414 caderent
1416 3361 1518 3416 hoc
1549 3372 1653 3427 est,
1697 3374 1757 3418 ut
1798 3364 1863 3418 ab
1898 3365 2044 3420 omni
2148 3363 2483 3418 credentium
2521 3361 2898 3426 multitudine;
2924 3360 3018 3416 sed
3064 3361 3234 3416 donec
3255 3358 3425 3438 Israel
3465 3359 3521 3414 in
3563 3360 3739 3414 incre-

473 3441 601 3512 legis
631 3431 726 3499 Dei
753 3444 1112 3513 observantia,
1143 3448 1226 3502 vel
1259 3449 1606 3506 meditatione
1634 3452 1849 3520 penitus
1873 3453 2043 3507 decli-

471 3544 681 3590 narent.
715 3536 781 3590 Et
831 3535 1131 3605 huiusmodi
1175 3555 1359 3595 casum
1421 3542 1673 3597 delictum
1726 3544 2040 3598 nominavit.

471 3622 693 3677 Illorum
717 3628 876 3693 enim,
900 3627 1091 3702 inquit,
1117 3629 1301 3684 delicto
1328 3632 1472 3698 salus
1495 3643 1568 3687 est
1594 3634 1849 3702 gentibus.
1875 3633 2044 3703 Prop-

470 3726 617 3772 terea
665 3732 792 3789 ergo
820 3729 874 3775 et
903 3721 1068 3776 David
1100 3723 1275 3779 sciens
1315 3723 1616 3792 bujusmodi
1664 3738 1781 3780 esse
1823 3725 2039 3791 delicta,

468 3808 520 3861 in
559 3810 752 3878 quibus
790 3812 893 3880 .qni
948 3813 1201 3868 ceciderit
1245 3824 1530 3885 resurgat;
1559 3823 1614 3870 et
1655 3831 1772 3871 esse
1828 3816 1956 3882 alia,
1986 3817 2040 3876 in

466 3899 660 3967 quibus
688 3901 779 3970 qui
810 3903 1064 3958 ceciderit
1091 3919 1195 3959 non
1245 3915 1495 3976 resurgat
1544 3921 1643 3962 nec
1685 3907 1737 3961 in
1784 3923 2040 3964 consum-

467 3989 703 4044 matione
725 3991 923 4055 saeculi,
952 3993 1163 4048 dicebat
1186 4012 1199 4047 :
1224 3993 1447 4061 Delicta,
1463 3997 1575 4053 sive
1602 3998 1804 4068 lapsus,
1822 4001 1938 4069 quis
1959 4001 2041 4053 in-

467 4078 649 4148 telligit
673 4080 699 4133 ?
733 4079 902 4150 (Psal.
934 4083 1118 4154 xvm.)
1137 4083 1393 4154 Sequitur
1421 4097 1540 4157 post
1559 4089 1673 4144 haec
1707 4108 1720 4144 :

538 4169 690 4234 Quod
720 4173 765 4224 si
797 4171 1042 4227 delictum
1086 4174 1298 4229 illorum
1345 4177 1538 4232 divitia:
1585 4188 1707 4233 sunt
1757 4181 1960 4245 mundi,
1992 4189 2041 4234 et

465 4261 739 4315 diminutio
770 4278 947 4317 eorum
973 4263 1167 4318 divitia:
1199 4265 1468 4335 gentium;
1508 4277 1702 4336 quanto
1743 4270 1909 4339 magis
1930 4268 2041 4338 ple-

469 4349 650 4402 nitudo
678 4365 879 4404 eorum.
928 4352 1129 4423 (Amb.)
1165 4353 1500 4410 Manifestum
1545 4365 1648 4427 est
1675 4358 1801 4427 quia
1851 4359 1897 4414 si
1947 4360 2038 4414 de-

465 4439 651 4495 lictum
676 4441 884 4495 illorum
907 4441 1107 4511 profuit
1136 4446 1354 4509 mundo,
1391 4447 1516 4498 dum
1541 4424 1736 4502 horum
1759 4449 2037 4519 dispendio

2147 3451 2372 3519 dulitate
2395 3451 2655 3520 persistit,
2683 3449 2919 3505 nondum
2941 3448 3216 3518 plenitudo
3241 3447 3510 3519 portionis
3533 3446 3742 3503 Domini

2146 3542 2358 3598 dicetur
2393 3558 2512 3598 esse
2535 3541 2822 3614 completa.
2860 3543 3020 3597 Deest
3040 3542 3184 3597 enim
3219 3540 3288 3596 ad
3336 3542 3614 3612 integrum
3651 3556 3742 3610 po-

2144 3632 2299 3701 pulus
2321 3633 2504 3688 Israel.
2533 3632 2674 3696 Cum,
2696 3646 2825 3687 vero
2849 3632 3126 3702 plenitudo
3169 3631 3410 3702 gentium
3456 3629 3729 3686 subintra-

2144 3724 2300 3787 verit,
2318 3731 2372 3777 et
2395 3721 2559 3776 Israel
2578 3722 2633 3776 in
2654 3722 2949 3777 novissimo
2975 3729 3211 3789 tempore
3221 3734 3320 3789 per
3339 3719 3506 3774 ﬁdem
3528 3721 3734 3799 venerit

2142 3817 2210 3871 ad
2232 3815 2480 3878 salutem,
2495 3815 2610 3882 ipse
2633 3812 2977 3883 eritpopulus
2997 3813 3089 3882 qui
3112 3812 3262 3881 prior
3283 3811 3464 3866 fuerat
3485 3812 3732 3882 quidem;

2144 3908 2239 3962 sed
2277 3907 2604 3961 novissimus
2625 3905 2846 3960 veniens
2874 3905 3044 3974 ipsam
3069 3903 3468 3974 quodammodo
3508 3903 3733 3958 haeredi-

2145 3991 2270 4046 tatis
2295 3998 2350 4046 et
2374 3990 2637 4060 portionis
2660 3988 2754 4044 Dei
2779 3988 3165 4059 plenitudinem
3189 3986 3506 4057 complebit.
3529 3987 3596 4041 Et
3617 3987 3733 4042 ideo

2139 4081 2405 4151 plenitudo
2443 4080 2768 4150 appellatur,
2813 4080 2940 4149 quia
2982 4079 3124 4149 quod
3160 4079 3348 4133 deerat
3387 4079 3443 4133 in
3479 4080 3730 4148 portione

2142 4173 2259 4239 Dei,
2280 4174 2332 4228 in
2358 4173 2794 4242 novissimisipse
2815 4171 3134 4241 complebit:
3165 4179 3220 4226 et
3244 4171 3317 4225 ita
3340 4171 3730 4241 omnipotentis

2139 4271 2194 4318 et
2215 4265 2339 4319 boni
2362 4265 2456 4319 Dei
2481 4264 2812 4333 dispensatio
2833 4262 3027 4318 delicta
3049 4261 3277 4318 aliorum
3305 4260 3585 4318 fructuosa
3609 4262 3725 4319 aliis

2137 4355 2318 4421 elIicit,
2346 4356 2486 4411 sicut
2511 4355 2564 4409 in
2590 4354 2844 4425 praesenti
2873 4353 3068 4409 delicta
3101 4351 3268 4408 Israel
3295 4352 3518 4408 divitias
3545 4350 3731 4407 mundi

2139 4445 2287 4510 facit,
2315 4454 2371 4500 et
2408 4444 2815 4500 diminutionem
2870 4453 3058 4499 eorum
3110 4442 3326 4498 divitias
3367 4442 3631 4512 gentium.

463 4528 643 4598 plures
686 4529 845 4584 habet
879 4531 1078 4596 bonos;
1105 4533 1228 4602 quia
1259 4534 1427 4589 multo
1472 4536 1655 4603 plures
1681 4547 1804 4590 sunt
1831 4523 2036 4607 gentes,
2065 4531 2118 4590 D
2223 4531 2377 4586 Vobis
2399 4533 2534 4586 enim
2559 4533 2674 4586 dico
2697 4532 2960 4602 gentibus:
2982 4531 3246 4596 Quamdiu
3267 4531 3479 4601 quidem
3501 4547 3594 4601 ego
3617 4545 3728 4584 sum

464 4633 625 4687 quam
651 4618 848 4686 Judaei;
878 4631 931 4676 et
959 4623 1240 4680 diminutio
1265 4639 1473 4692 eorum,
1503 4627 1646 4695 quod
1677 4636 1759 4682 est
1784 4629 2038 4684 damnum

463 4711 854 4779 promissionis,
908 4713 1104 4769 divitiae
1145 4717 1415 4785 gentium,
1452 4732 1549 4787 per
1579 4719 1630 4773 id
1673 4721 1816 4788 quod
1843 4721 2038 4778 Iucrati

464 4811 586 4856 sunt
607 4804 769 4859 vitam
793 4813 1078 4872 aeternam;
1104 4817 1303 4876 quanto
1326 4811 1495 4878 magis
1520 4812 1791 4880 plenitudo
1813 4829 2000 4870 eorum
2020 4818 2032 4869 !

465 4891 721 4961 Apertum
767 4896 1000 4965 estquia
1046 4897 1218 4967 magis
1265 4899 1416 4954 dives
1446 4900 1551 4953 erit
1598 4902 1827 4957 mundus
1861 4905 2038 4958 homi-

465 4981 623 5036 nibus
643 4983 814 5046 bonis,
839 4985 882 5038 si
920 4985 1031 5040 etii
1054 4987 1145 5056 qui
1168 4989 1423 5043 exczecati
1455 4995 1598 5055 sunt,
1622 5000 2032 5047 convertantur:

464 5087 528 5126 ex
572 5088 762 5142 magna
801 5075 942 5129 enim
997 5085 1150 5144 parte
1186 5077 1481 5134 salvabitur
1517 5079 2038 5137 mundus-Mundus

465 5163 550 5216 hic
595 5164 839 5218 homines
884 5165 1170 5235 significat,
1209 5169 1350 5222 sicut
1397 5170 1598 5223 dictum
1633 5177 1716 5224 est
1752 5165 1818 5223 de
1844 5169 2032 5224 Salva-

466 5259 583 5306 torc
615 5271 625 5304 :
653 5254 783 5306 Ecce
809 5264 944 5308 totus
971 5256 1195 5310 mundus
1236 5257 1362 5309 abiit
1383 5267 1493 5325 post
1527 5258 1675 5312 illum
1702 5257 1880 5328 (Joan.
1906 5259 2026 5330 xu).

467 5340 662 5413 [Oi-ig.)
691 5342 930 5398 Notanda
961 5355 1043 5400 est
1083 5348 1136 5400 in
1177 5347 1262 5400 his
1311 5346 1404 5400 Dei
1455 5348 1733 5415 sapientia-
1764 5349 2031 5415 quomodo

466 5439 601 5501 apud
652 5451 772 5490 eum
807 5452 871 5490 ne
918 5438 1030 5505 ipsa
1079 5439 1292 5507 quidem
1332 5439 1520 5493 delicta
1566 5447 1619 5493 et
1656 5438 1834 5507 lapsus
1871 5439 2031 5493 inuti-

464 5526 585 5581 liter
608 5529 840 5592 cedunt;
871 5530 963 5581 sed
986 5543 1106 5581 cum
1137 5529 1500 5598 unusquisque
1541 5545 1607 5583 ex
1648 5531 1905 5599 propositi
1949 5531 2029 5585 sui

465 5617 707 5673 libertate
734 5620 1028 5688 delinquat,
1053 5620 1378 5688 dispensatio
1404 5622 1598 5675 divinae
1634 5620 1911 5690 sapientiae
1930 5623 2034 5678 hoc

467 5710 582 5774 ipso
632 5711 682 5764 in
719 5727 825 5780 quo
877 5711 952 5765 illi
1001 5711 1200 5767 damno
1242 5728 1350 5766 suae
1392 5713 1730 5783 negligentiae
1769 5728 2034 5783 pauperes

2145 4626 2378 4695 gentium.
2419 4623 2684 4695 apostolus
2703 4665 2717 4689 ,
2751 4623 3098 4677 ministerium
3125 4637 3297 4676 meum
3330 4621 3688 4690 honoriﬁcabo
3711 4635 3730 4673 :

2143 4719 2191 4772 si
2217 4716 2472 4787 quomodo
2501 4716 2569 4770 ad
2605 4714 2961 4770 aemulandum
2988 4729 3256 4783 provocem
3290 4717 3506 4781 carnem
3541 4727 3726 4778 meam,

2143 4817 2188 4861 et
2211 4807 2377 4861 salvos
2392 4806 2585 4874 faciam
2605 4805 2806 4875 aliquos
2819 4820 2883 4858 ea:
2897 4802 3023 4856 illis.
3040 4801 3274 4875 (Ambr.)
3287 4800 3539 4858 Ostendit
3553 4800 3725 4871 gentl-

2141 4897 2241 4951 bus
2250 4911 2355 4966 quo
2370 4895 2562 4950 affectu
2575 4893 2982 4964 diligatJudaeos
3001 4907 3015 4946 :
3032 4908 3157 4946 nam
3171 4891 3532 4947 ministerium
3549 4907 3721 4956 suum,

2140 5001 2246 5055 quo
2282 4985 2565 5055 Apostolus
2598 4983 2834 5052 gentium
2882 4990 2988 5046 est,
3018 4980 3377 5046 honorificat;
3411 4981 3458 5036 si
3508 4990 3723 5051 propter

2138 5076 2385 5132 allectum
2418 5077 2631 5148 generis
2659 5075 2740 5130 sui
2764 5074 2888 5129 data
2914 5087 3076 5143 opera
3106 5074 3271 5128 etiam
3299 5071 3518 5128 Iudaeos
3542 5072 3720 5142 aequi-

2135 5177 2220 5224 rat
2246 5167 2314 5222 ad
2345 5166 2502 5222 ﬁdem
2529 5184 2542 5221 :
2569 5163 3010 5235 hodorilicentior
3035 5163 3178 5218 enim
3215 5161 3327 5227 ﬁet,
3355 5162 3400 5216 si
3427 5170 3484 5217 et
3516 5161 3636 5216 illos
3656 5162 3719 5218 ad

2135 5276 2270 5337 quos
2318 5274 2423 5314 non
2474 5260 2668 5315 missus
2698 5267 2798 5322 est,
2845 5257 3087 5312 lucretur
3131 5257 3198 5312 ad
3232 5256 3422 5310 vitam.
3474 5255 3718 5310 Patrihus

2135 5353 2280 5407 enim
2315 5353 2369 5406 in
2402 5351 2559 5406 laude
2598 5351 2832 5406 maxima
2881 5350 3021 5416 erit,
3073 5349 3119 5404 si
3168 5349 3368 5404 fratres
3413 5349 3714 5412 invenerit,

2136 5443 2228 5511 qui
2273 5427 2563 5512 perierant.
2607 5439 2804 5511 (0rig.)
2839 5439 3008 5510 Igitur
3040 5439 3278 5509 quandiu
3324 5438 3604 5508 apostolus
3636 5443 3714 5493 est

2137 5532 2373 5601 gentium
2396 5530 2612 5598 Paulus,
2633 5529 2986 5584 ministerium
3008 5543 3160 5583 suum
3177 5528 3454 5582 illustrare
3474 5543 3532 5582 se
3555 5527 3710 5592 dicit;

2135 5630 2190 5675 et
2217 5621 2345 5690 quid
2379 5628 2486 5674 tam
2516 5621 2752 5690 dignum,
2785 5636 2946 5689 quam
2973 5630 3030 5674 ut
3059 5619 3447 5689 unusquisque-
3475 5619 3713 5674 ministe-

2139 5713 2281 5770 rium
2304 5728 2457 5769 suum
2489 5712 2629 5793 quod
2654 5726 2749 5782 per
2770 5712 2862 5766 Dei
2887 5710 3278 5783 providentiam
3301 5712 3711 5784 suscipit,exor-
