3948 6342
207 375 357 436 1529
400 398 407 403 ·

752 360 1303 423 ENARRA'I‘IONUM
1340 359 1411 419 IN
1445 356 1594 418 EPP.
1634 353 1842 419 PAULI
1877 351 2009 417 LIB.
2052 360 2139 419 VI.
2183 393 2251 405 —
2285 362 2353 422 IN
2386 364 2603 427 EPIST.
2644 367 2738 426 AD
2778 369 2945 432 ROM.

3353 381 3494 445 1530

206 491 794 552 uet?Exornatautem
809 483 1107 539 etillustrat
1126 479 1487 537 ministerium
1503 476 1789 553 suum,qui
1818 477 1870 538 Α
1897 472 1951 545 (Ι
1974 474 2095 530 Cor.
2130 474 2243 541 ηιξ
2265 475 2383 533 Gal.
2418 477 2525 551 tv);
2562 488 2616 535 et
2644 497 2743 552 per
2788 485 2901 540 hzec
2939 486 3123 543 omnia
3172 487 3491 553 illustraudo

206 548 353 641 bene
381 581 668 637 ministrat.
718 574 869 630 Sicut
890 572 1195 629 econtrario
1217 568 1538 627 dehonestat
1556 548 1798 623 ministe—

206 678 357 732 rium
379 678 627 736 suum,et
649 666 882 724 notabile
912 666 1062 730 facit,
1090 664 1181 735 qui
1215 662 1545 734 negligenter
1570 670 1625 716 et
1656 660 1796 717 indi-

207 780 318 836 gne
348 760 771 820 ministraverit-
789 755 953 813 Verbi
983 770 1167 821 causa,
1190 754 1246 809 in
1276 751 1796 837 ministerioEccle-

207 855 323 919 site,
367 853 641 915 diaconus,
683 847 877 917 inquit,
912 846 1002 917 qui
1026 846 1152 900 bene
1177 839 1571 909 ministraverit,
1605 844 1796 897 bonum

205 943 434 1013 gradum
459 941 556 996 sibi
586 936 831 1008 acquirit,
853 944 902 990 et
931 932 1150 988 multam
1172 932 1423 1001 ﬁduciam
1450 934 1506 988 in
1530 932 1635 1003 ﬁde
1663 930 1796 987 Jesu

206 1032 425 1087 Christi.
460 1030 519 1087 Si
548 1043 677 1085 vero
715 1042 823 1083 non
863 1026 1003 1082 bene
1032 1023 1459 1089 ministraverit;
1485 1024 1588 1079 hoc
1614 1025 1732 1087 est,’
1748 1022 1795 1078 si

205 1138 316 1177 non
344 1138 403 1178 se
438 1120 599 1177 talem
626 1117 954 1183 exhibuerit,
981 1106 1198 1187 qualem
1224 1114 1479 1170 describit
1502 1112 1796 1183 Apostolus

204 1212 259 1285 (1
269 1213 404 1268 Tim.
432 1212 540 1283 tu),
568 1223 807 1281 gravem,
841 1222 948 1263 non
984 1206 1300 1276 bilinguem,
1332 1219 1441 1260 non
1467 1204 1638 1259 multo
1664 1203 1793 1257 vino

201 1302 468 1369 deditum,
502 1316 607 1358 non
654 1300 827 1369 turpis
867 1298 1005 1354 lucri
1046 1296 1423 1368 appetitorem,
1454 1295 1549 1349 sed
1588 1293 1797 1375 haben-

202 1400 319 1448 tem
347 1393 705 1449 ministerium
745 1391 868 1446 ﬁdei
900 1391 953 1444 in
984 1386 1313 1445 conscientia
1352 1400 1507 1456 pura.
1540 1384 1658 1440 Non
1677 1382 1792 1453 jam

199 1485 694 1558 bonum-gradum,
727 1483 821 1539 sed
854 1483 1051 1537 malam
1096 1480 1199 1537 sibi
1240 1491 1455 1550 poenam
1499 1478 1791 1549 conquirit,

199 1584 459 1647 tauquam
498 1578 589 1647 qui
628 1574 1009 1631 contumeliam
1036 1573 1225 1629 fecerit
1250 1572 1434 1627 divino
1465 1571 1789 1627 ministerio.

198 1664 466 1722 Similiter
508 1673 691 1721 autem
720 1674 776 1719 et
800 1664 891 1734 qui
926 1662 1250 1734 presbyterii
1294 1661 1521 1733 gradum
1568 1662 1795 1731 suscipit

197 1755 254 1826 in
278 1754 542 1823 Ecclesia,
566 1755 703 1810 satis
727 1760 852 1824 agat
882 1753 1155 1808 illustrare
1175 1750 1535 1829 ministerium
1562 1752 1790 1822 presby-

1901 566 2262 622 ministerium
2292 569 2623 639 apostolatus
2662 573 2745 628 sui
2774 573 2828 629 in
2849 576 3250 636 aemulationem
3280 583 3407 641 ﬁdei
3432 593 3490 643 et

1899 655 2077 711 zelum
2098 656 2255 713 bona;
2277 661 2706 719 conversationis
2733 664 3035 723 adducebat
3064 684 3283 728 carnem
3309 689 3488 746 suam,

1898 746 1954 802 id
1980 756 2063 804 est
2089 750 2385 828 secundum
2408 767 2631 809 carnem
2652 765 2937 827 cognatos,
2966 767 3026 815 ut
3053 761 3100 818 si
3127 778 3234 818 non
3265 780 3481 837 omnes,

1898 835 2106 906 aliquos
2142 844 2324 894 tamen
2359 837 2537 915 salvos
2580 842 2789 901 faceret
2812 863 2881 903 ex
2910 847 3038 907 illis.
3084 850 3177 910 Sic
3203 870 3333 927 ergo
3356 835 3492 916 dum

1894 929 2215 1015 pervigilem
2255 946 2440 988 curam
2482 941 2536 990 et
2555 933 2741 1007 iugem
2780 931 3201 999 sollicitudinem
3227 961 3359 1019 erga
3394 947 3496 1006 do-

1896 1019 2127 1074 ctrinam
2170 1023 2412 1092 gentium
2439 1025 2600 1096 gerit,
2631 1035 2687 1082 et
2715 1032 3196 1089 conversationem
3216 1050 3494 1102 eorum‘ac

1893 1114 2063 1170 vitam
2109 1116 2264 1173 valde
2282 1119 2623 1188 probabilem
2654 1120 2803 1188 facit,
2831 1122 3081 1183 videntes
3111 1128 3230 1185 haec
3266 1130 3487 1189 Israeli-

1896 1213 1979 1259 tas
2016 1205 2105 1275 qui
2154 1215 2311 1263 erant
2351 1210 2567 1280 cognati
2606 1210 2725 1283 ejus
2771 1215 3071 1271 secundum
3123 1220 3369 1291 carnem,
3422 1225 3494 1282 ad

1894 1296 2183 1354 imitandos
2219 1314 2315 1356 eos
2350 1302 2442 1370 qui
2487 1303 2779 1373 proﬁciunt
2822 1306 2877 1363 in
2919 1307 3025 1365 ﬁde
3061 1311 3158 1367 Dei
3202 1313 3399 1372 invitat
3438 1323 3497 1373 et

1891 1395 2186 1455 provocat:
2216 1396 2272 1445 et
2299 1397 2383 1445 est
2408 1390 2580 1463 gloria
2605 1394 2896 1452 ministerii
2931 1397 3080 1467 ejus,
3110 1417 3233 1457 cum
3262 1419 3331 1459 ex
3361 1420 3491 1462 eru-

1893 1476 2099 1534 ditione
2132 1493 2323 1535 eorum
2367 1482 2533 1537 etiam
2577 1483 2685 1540 illis
2737 1484 3015 1556 profectus
3053 1480 3381 1552 accesserit.
3416 1496 3492 1554 'Si

1891 1570 2030 1623 enim
2053 1571 2269 1641 amissio
2294 1576 2475 1627 eorum
2520 1561 2879 1632 reconciliatio
2912 1590 2988 1635 est
3028 1584 3234 1651 mundi,
3273 1603 3392 1657 qut:
3413 1596 3491 1643 est

1891 1660 2203 1738 assumptio,
2240 1662 2344 1715 nisi
2381 1662 2485 1716 vita
2509 1681 2575 1718 ea:
2594 1668 2817 1722 mortuis
2842 1669 2868 1723 Ρ
2898 1668 3014 1726 Hoc
3044 1672 3178 1729 mihi
3199 1676 3491 1734 ostendere

1891 1745 1949 1800 in
1990 1746 2077 1802 his
2115 1750 2458 1806 sermonibus
2484 1751 2698 1808 videtur
2726 1752 3041 1825 Apostolus,
3075 1762 3236 1830 -quod
3274 1756 3492 1833 abiecto

197 1846 346 1901 terii.
374 1846 456 1900 Ad
486 1846 661 1916 ipsum
696 1846 840 1900 enim
868 1844 1159 1915 pertinent,
1192 1852 1246 1900 et
1282 1843 1373 1899 illa
1401 1858 1522 1914 quae
1563 1844 1629 1898 de
1666 1857 1791 1912 pre-
1819 1838 1866 1898 Β
1892 1835 2077 1904 Israel,
2100 1847 2156 1895 et
2174 1839 2242 1894 ad
2263 1849 2451 1910 gentes
2464 1845 2775 1900 necessario
2797 1847 3184 1916 praedicatione
3201 1853 3488 1922 translata,

195 1936 431 2008 sbyteris
472 1939 540 1993 ad
581 1938 763 1992 Titum
808 1926 997 1993 scribit
1035 1937 1325 2007 Apostolus
1370 1936 1500 2005 (Tit.
1535 1935 1596 2005 ι),
1628 1944 1683 1991 et
1720 1950 1787 1990 ea

195 2041 315 2098 qum
336 2029 516 2084 Isaias
541 2028 749 2094 scribit,
781 2045 905 2085 cum
933 2028 1099 2084 dicit:
1129 2028 1251 2099 Ipse
1278 2027 1538 2081 Dominus
1562 2027 1616 2080 in
1635 2025 1791 2096 judi‘

194 2118 276 2173 cio
326 2120 492 2173 veniet
538 2135 657 2172 cum
703 2120 1015 2190 presbyteris
1061 2115 1315 2190 [senibus]
1339 2115 1539 2188 populi,
1580 2125 1627 2170 et
1667 2130 1787 2168 cum

193 2211 533 2280 principibus
567 2212 681 2281 ejus
738 2211 1069 2281 judicabitur
1101 2210 1245 2283 (Isa.
1306 2210 1436 2279 tu);
1498 2216 1554 2264 et
1594 2207 1784 2288 addit:

202 2299 308 2354 Vos
340 2310 515 2355 autem
554 2310 609 2355 ut
647 2298 778 2372 quid
804 2302 1117 2357 succenditis
1156 2303 1360 2356 vineam
1388 2317 1590 2366 meam,
1620 2312 1667 2355 et
1700 2301 1787 2354 di-

193 2391 361 2460 reptio
386 2408 676 2462 pauperum
705 2394 761 2446 in
784 2393 1024 2447 domibus
1045 2393 1226 2462 uestris
1252 2392 1371 2446 est?
1395 2390 1464 2445 Ut
1492 2391 1619 2462 quid
1646 2391 1791 2459 iniu-

193 2482 329 2547 riam
364 2482 555 2551 -facitis
596 2482 787 2553 populo
831 2499 945 2537 meo
986 2493 1033 2537 et
1064 2499 1313 2553 personas
1336 2499 1627 2553 pauperum
1658 2500 1787 2537 con-

192 2571 417 2641 {unditis
437 2574 462 2625 .9
484 2572 673 2643 (Ibid.)
721 2573 1027 2629 Secundum
1059 2575 1177 2629 haec
1204 2583 1389 2630 autem
1420 2582 1473 2630 et
1502 2576 1788 2656 episcopus

192 2661 428 2719 Illustrat
464 2664 828 2719 ministerium
873 2681 1029 2721 suum
1066 2667 1121 2720 in
1149 2664 1463 2736 episcopatu
1483 2706 1497 2731 ,
1527 2668 1573 2722 si
1603 2669 1674 2723 sit
1704 2683 1789 2722 se-

190 2752 429 2825 cundum
459 2753 604 2821 quod
634 2738 894 2809 describit
926 2754 1215 2824 Apostolus
1240 2774 1254 2809 :
1283 2754 1784 2827 Irreprehensibilis,

166 2843 434 2912 .uigilans,
447 2844 701 2913 prudens,
716 2855 957 2910 ornatus;
984 2846 1490 2916 hospitalis,doctor,
1511 2866 1616 2903 non
1638 2850 1788 2904 vino-

187 2932 385 2999 lentus,
403 2947 509 2988 non
527 2950 821 3009 percussor,
835 2936 925 2990 sed
948 2937 1211 2991 modestus
1226 2954 1245 3005 ;
1259 2954 1362 2992 non
1385 2937 1664 3008 litigiosus,
1684 2957 1786 2994 non

188 3040 406 3089 avarus,
422 3025 635 3080 domum
659 3043 811 3080 suam
825 3027 949 3081 bene
966 3045 1165 3099 regens,
1182 3028 1324 3097 ﬁlios
1349 3030 1544 3085 habens
1567 3031 1622 3085 in
1641 3030 1787 3086 obse-

185 3115 311 3182 quia
344 3130 463 3168 cum
485 3116 635 3169 omni
646 3118 918 3186 gravitate,
938 3132 1043 3171 non
1070 3117 1242 3172 elatus
1268 3119 1324 3172 in
1340 3114 1697 3188 'superbia,ne
1729 3122 1782 3175 in

1888 1932 2122 1987 mundus
2149 1934 2531 1990 reconciliatus
2560 1934 2672 1991 Deo
2697 1945 2813 2002 est,
2845 1940 3143 1995 secundum
3172 1944 3316 2014 quod
3340 1946 3485 2002 "scri-

1887 2028 2056 2091 ptum.
2082 2030 2172 2098 est
2199 2041 2211 2077 :
2240 2022 2377 2089 Quia
2423 2024 2567 2079 Deus
2606 2036 2741 2080 erat.
2770 2027 2825 2081 in
2855 2025 3067 2084 Christo
3105 2032 3362 2088 mundum
3401 2049 3488 2090 re-

1890 2113 2177 2169 concilians
2202 2114 2320 2169 sibi
2354 2114 2438 2187 (11
2469 2116 2593 2171 Cor.
2629 2117 2710 2188 v),
2741 2134 2846 2173 non
2886 2130 3136 2189 reputans
3156 2122 3264 2178 illis
3294 2123 3518 2180 delicta'

1889 2209 2157 2278 ipsorum;
2186 2218 2241 2264 et
2266 2191 2658 2276 iterumfsicut
2686 2210 2884 2268 Paulus
2909 2212 3079 2269 dicit:
3106 2214 3211 2281 Qui
3234 2217 3407 2285 posuit
3434 2217 3491 2272 in

1890 2300 2039 2354 nobis
2084 2300 2292 2354 verbum
2334 2302 2814 2358 reconciliationis:
2838 2316 2940 2373 per
2973 2306 3118 2375 quod
3150 2306 3376 2361 verbum
3408 2306 3493 2364 di-

1889 2391 2047 2447 cebat
2071 2406 2085 2445 :
2111 2391 2386 2462 Rogamus
2404 2410 2498 2462 pro
2535 2393 2765 2460 Christo,
2793 2396 3210 2451 reconciliamini
3233 2397 3364 2452 Deo.
3396 2397 3489 2457 Sic

1888 2496 2042 2554 ergo,
2075 2484 2271 2553 inquit,
2299 2484 2611 2541 Israelitica:
2636 2486 2814 2556 gentis
2845 2486 3009 2558 hujus
3033 2488 3271 2558 abjectio
3299 2504 3492 2546 recon-

1888 2574 2220 2633 ciliationem
2243 2568 2501 2646 praestitit
2527 2578 2749 2644 mundo,
2767 2588 2822 2635 et
2844 2580 2891 2635 si
2909 2588 3059 2635 tanta
3086 2580 3190 2636 fuit
3210 2596 3338 2654 erga
3365 2598 3511 2655 gen--

1888 2670 1999 2719 tem
2026 2664 2184 2719 istam
2211 2666 2408 2736 gratia,
2424 2682 2544 2737 quae
2565 2668 2781 2723 sublata"
2799 2669 2870 2725 ab
2895 2682 2959 2726 ea
2984 2671 3303 2728 universum
3326 2689 3490 2730 mun-

1888 2752 2015 2808 dum
2042 2754 2153 2809 Deo
2177 2757 2529 2812 reconciliare
2552 2757 2855 2825 suﬁiceret;
2883 2771 3149 2831 quantum
3172 2771 3333 2834 putas
3359 2771 3491 2821 tunc

1886 2846 2468 2911 merebiturtmundus,
2500 2863 2625 2903 cum
2651 2849 2816 2905 etiam
2846 2864 2980 2921 gens
3008 2851 3112 2912 ista
3167 2852 3489 2910 'econciliarl

1886 2935 2149 2990 meruerit
2178 2935 2325 2991 Deo?
2352 2936 2421 2992 Et
2464 2938 2595 3007 quid
2624 2938 2755 2995 illud
2794 2940 2865 2995 sit
2892 2940 3037 3011 quod
3064 2956 3131 2997 ex
3160 2944 3485 3012 reconcilia-

1886 3022 2032 3078 tione
2076 3023 2241 3079 Israel
2266 3027 2498 3082 mundus
2527 3030 2797 3097 acquirat,
2835 3028 3079 3086 breviter
3116 3033 3379 3100 ostendit,
3408 3033 3489 3090 di-

1886 3127 2060 3169 cens:
2090 3111 2213 3169 Vita
2262 3131 2328 3169 ea;
2376 3117 2793 3183 mortuis;tunc
2837 3120 2985 3176 enim
3030 3122 3137 3193 erit
3185 3124 3489 3196 assumptio

183 3202 901 3274 indiciumincidatdiaboli.
922 3206 1021 3273 Qui
1045 3208 1281 3273 talisest,
1300 3170 1856 3276 illustratminisle-C
1888 3202 2084 3269 Israel.
2117 3206 2334 3274 quando
2375 3206 2488 3275 iam
2537 3216 2592 3263 et
2642 3209 2842 3265 mortui
2885 3211 3055 3267 vitam
3102 3215 3489 3285 recipiensset

186 3293 328 3348 rium
363 3295 709 3366 episcopatus
746 3297 850 3362 sui,
874 3305 933 3351 ut
971 3306 1027 3353 et
1051 3298 1165 3369 ipse
1202 3299 1385 3354 audiat
1411 3317 1424 3354 :
1450 3299 1617 3372 Euge,
1642 3318 1784 3357 serve

185 3384 317 3439 bone
334 3388 380 3439 et
401 3386 575 3453 ﬁdelis
591 3404 609 3449 ;
623 3404 779 3457 super
796 3404 966 3457 pauca
991 3387 1139 3457 fuisti
1160 3389 1352 3457 ﬁdelis,
1366 3381 1525 3461 super
1542 3392 1709 3445 multa
1733 3403 1782 3447 te

185 3477 500 3529 constituam
522 3476 737 3546 (Matth.
758 3492 896 3543 xxv;
927 3477 1058 3532 Luc.
1083 3479 1223 3551 ιιι).
1242 3479 1503 3535 Similiter
1523 3492 1705 3537 autem
1726 3490 1783 3539 et

184 3565 345 3621 vidua
393 3568 438 3621 si
464 3576 781 3637 permaneat
802 3569 855 3623 in
877 3569 1215 3626 orationibus
1236 3578 1291 3626 et
1313 3572 1780 3631 obsebrationibus

183 3662 344 3709 nocte
370 3668 435 3708 ac
474 3656 581 3719 die,
597 3652 845 3711 illustrat
867 3658 1229 3714 ministerium
1251 3660 1530 3716 viduitatis
1560 3679 1687 3718 suae.
1720 3662 1788 3720 Si

178 3742 313 3829 vei-3
326 3747 396 3799 sit
412 3745 554 3825 talis,
572 3747 785 3816 qualem
797 3749 1086 3818 Apostolus
1112 3758 1263 3804 notat
1278 3749 1333 3822 (Ι
1349 3749 1483 3805 Tim.
1506 3753 1557 3823 ν)
1577 3768 1588 3805 :
1606 3754 1777 3807 otiosa

179 3844 228 3889 et
251 3833 486 3918 verbosa,
501 3845 669 3888 etnon
687 3836 858 3891 solum
872 3839 1112 3904 verbosa,
1129 3841 1220 3895 sed
1239 3850 1289 3895 et
1310 3842 1542 3910 curiosa,
1561 3844 1775 3915 loquens

176 3941 299 3995 qua:
326 3924 437 4005 nati
453 3934 687 3995 oportet;
712 3936 802 3980 aut
824 3929 870 3981 si
892 3930 959 3981 sit
982 3931 1037 3983 in
1067 3931 1269 3985 deliciis
1293 3934 1503 4002 degens;
1530 3944 1579 3988 et
1605 3936 1774 3991 vivens

176 4016 431 4083 mortua:
468 4018 583 4074 haec
611 4019 966 4076 dehonoravit
991 4032 1045 4079 et
1070 4040 1176 4080 non
1206 4026 1496 4083 illustravit
1523 4032 1773 4087 ministe-

178 4107 322 4162 rium
339 4108 574 4164 viduatis
589 4125 719 4164 suae.
735 4109 939 4166 Eodem
959 4115 1117 4169 modo
1138 4116 1299 4170 etiam
1314 4118 1465 4188 virgo
1488 4135 1774 4177 consecra-

177 4201 237 4249 ta
250 4195 363 4250 Deo
383 4195 618 4255 illustrat
637 4198 995 4255 ministerium
1010 4203 1335 4274 virginitatis
1351 4220 1483 4273 suae,
1501 4210 1546 4263 si
1560 4210 1626 4264 sit
1646 4227 1773 4265 san-

178 4292 267 4339 cta
312 4301 526 4347 corpore
568 4297 616 4342 et
645 4290 856 4359 spiritu,
886 4300 935 4345 et
985 4309 1089 4347 non
1123 4296 1309 4365 cogitet
1352 4314 1470 4366 quae
1501 4302 1771 4356 hominum

178 4385 341 4440 sunt,
392 4377 481 4430 sed
526 4394 643 4447 qua:
699 4378 834 4443 Dei,
875 4390 922 4435 et
972 4386 1232 4451 quomodo
1278 4387 1656 4455 placeat.Deo.
1711 4392 1770 4446 Si

1886 3294 2122 3350 mundus
2147 3312 2214 3351 ex
2243 3298 2583 3368 corruptibili
2611 3300 3039 3372 incorruptibilis
3066 3303 3178 3372 ﬁet,
3206 3314 3262 3360 et
3284 3307 3489 3362 morta—

1885 3387 1965 3443 les
1982 3388 2404 3459 immortalitate
2424 3392 2787 3449 donabantur.
2817 3393 3127 3451 Absurdum
3151 3413 3389 3469 namque
3410 3398 3491 3455 vl-

1885 3479 2126 3557 deretur,
2168 3481 2214 3535 si
2254 3496 2378 3537 cum
2429 3483 2657 3540 oﬁ'ensio
2699 3487 2953 3561 ipsorum‘
2986 3490 3485 3549 reconciliationem

1881 3573 2086 3628 mundo
2115 3573 2418 3641 donaverit,
2448 3578 2749 3649 assumptio
2778 3578 3020 3660 ipsorum
3044 3596 3154 3637 non
3181 3583 3360 3653 majus
3386 3583 3487 3640 all-

1880 3665 2009 3733 quid
2037 3667 2241 3721 mundo
2266 3675 2325 3722 et
2346 3670 2696 3738 praestantius
2725 3671 3038 3742 largiretur.

1952 3755 2015 3811 Si
2039 3758 2177 3811 enim
2197 3760 2411 3813 amissio
2434 3777 2615 3815 eorum
2644 3754 3000 3819 reconciliatio
3026 3774 3102 3821 est
3121 3768 3310 3836 mundi
3324 3784 3345 3825 :
3363 3755 3484 3840 qua

1877 3857 1952 3901 est
1992 3852 2301 3918 assumptio,
2328 3852 2429 3905 nisi
2446 3854 2551 3906 vita
2573 3869 2639 3906 ea:
2666 3843 2888 3909 mortuis
2913 3856 2938 3909 7
2966 3854 3123 3920 Quod
3153 3858 3199 3911 si
3232 3858 3483 3915 delibatio

1876 3941 2203 4005 sancta'est,
2253 3952 2300 3995 et
2347 3958 2564 3998 massa:
2593 3952 2644 3998 et
2690 3945 2736 3998 si
2784 3946 2943 4001 radix
2984 3957 3189 4013 sancta,
3237 3959 3288 4004 et
3322 3952 3478 4005 rami.

1878 4028 2034 4095 Quod
2070 4031 2116 4085 si
2160 4030 2325 4103 aliqui
2366 4050 2431 4090 ea:
2473 4037 2635 4089 ramis
2680 4036 2839 4105 fracti
2867 4048 3013 4106 sunt,
3060 4050 3117 4093 tu
3157 4051 3329 4097 autem
3360 4060 3480 4099 cum

1876 4119 2099 4176 oleaster
2121 4114 2279 4189 esses,
2308 4125 2534 4180 insertus
2574 4143 2628 4181 es
2659 4127 2716 4181 in
2750 4126 2876 4194 illis,
2914 4138 2963 4183 et
3002 4131 3174 4185 socius
3200 4132 3395 4188 radicis
3428 4142 3481 4189 et

1872 4216 2207 4287 pinguedinis
2219 4217 2373 4273 oliva!
2384 4219 2558 4289 {actus
2570 4237 2644 4275 es.
2654 4221 2858 4296 (Amb.)
2875 4218 3215 4279 Manifestum
3230 4234 3333 4292 est,
3348 4227 3477 4297 quia

1873 4309 2017 4375 quod
2046 4309 2207 4364 unius
2235 4310 2550 4373 substantiae
2571 4320 2672 4378 est,
2699 4329 2867 4369 unum
2892 4323 3007 4370 est:
3028 4332 3093 4373 ac
3114 4333 3212 4389 per
3240 4320 3344 4376 hoc
3368 4337 3477 4379 non

1872 4405 2053 4465 potest
2102 4397 2359 4472 delibatio
2399 4409 2587 4457 sancta
2640 4418 2783 4471 esse,
2836 4412 2893 4459 et
2943 4420 3123 4463 massa
3174 4408 3473 4466 immunda.

177 4480 315 4522 vero
342 4466 501 4523 aliter
520 4478 794 4555 agat,‘non
818 4471 990 4527 solum
1013 4490 1118 4529 non
1146 4476 1379 4532 illustrat
1407 4480 1765 4549 ministerium
1792 4510 1846 4569 D
1871 4487 2106 4558 Ideoque
2145 4466 2383 4545 ostendit
2418 4494 2530 4547 ‘non
2568 4508 2729 4563 posse
2768 4466 3027 4565 indignos
3067 4498 3174 4552 dici
3201 4500 3270 4554 ad
3312 4499 3473 4557 ﬁdem

176 4557 510 4628 virginitatis
550 4551 682 4626 sua),
714 4577 813 4617 nec
851 4563 1084 4620 illustrat
1120 4566 1423 4639 lampadem
1454 4585 1606 4627 suam
1635 4591 1648 4626 :
1674 4577 1767 4630 sed

177 4645 491 4705 econtrario
535 4651 714 4709 lumen
756 4656 873 4725 ejus
926 4658 1292 4729 exstinguitur
1317 4671 1371 4717 et
1400 4664 1631 4720 efﬁcitur
1658 4683 1767 4723 una

178 4739 247 4794 de
274 4738 652 4809 insipientibus
676 4745 973 4816 virginibus
1003 4750 1217 4819 (Matth.
1246 4754 1395 4826 xxv).
1425 4754 1552 4811 Haec
1575 4760 1765 4814 eadem

176 4838 234 4885 et
266 4832 635 4903 unusquisque
660 4834 714 4889 in
742 4836 979 4894 Ecclesia
1009 4843 1215 4910 positus
1245 4846 1387 4914 apud
1414 4849 1765 4919 semetipsum

177 4928 415 4990 reputet,
454 4931 513 4977 ut
560 4924 615 4978 in
658 4940 979 5008 quocunque
1024 4931 1141 4988 loco
1189 4943 1315 5005 stat,
1348 4938 1461 4993 sive
1490 4939 1545 4993 in
1595 4940 1762 5009 clero,

176 5012 293 5066 sive
318 5012 372 5065 in
400 5013 575 5083 plebe,
608 5014 840 5073 illustret
863 5021 1224 5078 ministerium
1253 5026 1373 5081 ﬁdei
1404 5039 1606 5095 sure,et
1629 5033 1765 5090 tales

175 5100 344 5157 faciat
384 5098 561 5160 actus
592 5120 759 5172 suos,
812 5118 867 5161 ut
914 5112 1143 5167 videntes
1186 5115 1420 5173 homines
1448 5137 1603 5189 opera
1648 5124 1762 5192 ejus

175 5193 335 5260 bona,
363 5198 699 5268 magniﬁcent
729 5198 944 5256 Patrem
966 5206 1053 5274 qui
1079 5207 1133 5260 in
1164 5208 1305 5263 caelis
1336 5218 1411 5263 est
1438 5202 1655 5283 (Matth.
1682 5215 1756 5287 v).

172 5285 291 5341 Hoc
323 5289 468 5343 enim
506 5290 742 5370 iaciebat
774 5301 829 5347 et
857 5293 1054 5352 Paulus
1095 5299 1335 5357 docendo
1385 5314 1589 5375 gentes,
1620 5285 1757 5381 quo-

170 5391 296 5463 rum
338 5386 454 5431 erat
482 5379 803 5450 Apostolus,
834 5390 886 5437 et
926 5384 1261 5456 instruendo,
1308 5392 1553 5449 infirmos
1586 5379 1754 5463 olere,

168 5450 428 5537 parvulos
471 5468 609 5527 lacte
656 5472 880 5539 alendo,
912 5477 1149 5533 robustis
1179 5480 1462 5537 fortiorem
1494 5487 1645 5540 verbi
1672 5450 1755 5542 ei:

169 5555 295 5610 bum
310 5560 621 5628 praebendo,
638 5574 884 5619 errantes
905 5566 1031 5621 etin
1059 5568 1163 5623 ﬁde
1187 5570 1500 5639 titubantes,
1525 5592 1589 5631 ac
1609 5578 1754 5634 velut

167 5645 222 5700 iu
254 5647 554 5721 abortivum
583 5655 851 5722 quoddam
876 5659 1122 5714 redactos
1143 5653 1387 5718 materno
1415 5663 1608 5721 affectu
1634 5685 1755 5723 rur-

165 5754 286 5800 sum
323 5746 707 5816 parturiendo,
741 5736 913 5806 donec
943 5751 1192 5809 Christus
1224 5755 1548 5813 formaretur
1585 5762 1641 5816 in
1670 5764 1749 5818 eis

1868 4582 1988 4647 hos,
2018 4596 2249 4652 quorum
2271 4581 2387 4651 jam
2430 4592 2616 4653 patres
2660 4586 3006 4655 adepti‘sunt
3048 4588 3229 4655 ﬁdem,
3259 4590 3388 4661 quia
3425 4592 3472 4648 si

1868 4686 1994 4741 pars
2020 4670 2328 4737 Iudaeorum
2372 4674 2623 4739 credidit,
2654 4688 2755 4730 cur
2791 4690 2901 4731 non
2930 4683 2986 4731 ct
3014 4676 3121 4732 alia
3162 4694 3290 4749 pars
3314 4696 3474 4750 posse

1868 4763 2095 4819 credere
2134 4762 2382 4817 dicatur?
2426 4761 2497 4817 Et
2527 4766 2571 4818 si
2610 4765 2979 4820 radix'sancta
3008 4776 3057 4821 et
3088 4768 3243 4825 rami.
3273 4769 3473 4825 Immu-

1868 4843 1994 4909 tatis
2037 4853 2220 4909 verbis
2250 4854 2441 4909 eadem
2496 4858 2710 4926 repetit,
2756 4864 2817 4912 ut
2859 4872 3078 4913 sensum
3128 4862 3474 4918 commendet

1866 4943 2075 4998 duobus
2102 4944 2383 5013 exemplis.
2420 4944 2573 5010 Quod
2597 4946 2643 4999 si
2671 4945 2837 5016 aliqui
2862 4963 2927 5001 ex
2941 4948 3102 5001 ramis
3128 4947 3287 5016 fracti
3309 4960 3471 5006 sunt:

1870 5033 1923 5088 id
1948 5042 2049 5099 est,
2082 5034 2127 5089 si
2155 5035 2323 5104 aliqui
2352 5051 2456 5091 non
2480 5036 2829 5091 crediderunt
2856 5050 2924 5091 ex
2953 5036 3054 5102 eis,
3086 5038 3257 5092 excisi
3286 5053 3317 5092 a
3346 5054 3472 5108 pro-

1868 5130 2143 5186 missione.
2182 5130 2260 5185 Tu
2294 5140 2469 5185 autem
2499 5133 2617 5185 cum
2641 5127 2777 5186 es‘ses
2808 5131 3050 5200 oleaster,
3081 5134 3310 5188 insertus
3330 5150 3385 5189 es
3412 5134 3469 5188 in

1863 5220 1992 5287 illis,
2029 5226 2090 5276 et
2106 5223 2279 5276 socius
2306 5219 2475 5290 factus
2518 5239 2570 5275 es
2616 5223 2815 5277 radicis
2839 5231 2887 5278 et
2912 5223 3246 5293 pinguedinis
3289 5224 3461 5279 allow.

1864 5311 1979 5368 Hoc
2008 5312 2295 5384 signiﬁcat,
2330 5314 2457 5383 quia
2498 5328 2604 5368 non
2629 5314 2977 5370 credentibus
3016 5313 3201 5371 multis
3235 5313 3462 5383 Iudicis,

1864 5415 2054 5475 gentes
2080 5405 2256 5460 insita:
2289 5413 2417 5460 sunt
2442 5419 2541 5474 per
2569 5400 2731 5460 ﬁdem
2757 5405 2811 5473 in
2841 5420 2936 5475 spe
2964 5404 3374 5474 promissionis;
3403 5412 3464 5459 ut

1862 5494 2035 5548 dolori
2065 5503 2208 5550 esset
2232 5494 2451 5549 Judteis.
2476 5493 2676 5565 (Θήρ.)
2710 5494 2801 5550 Sic
2829 5509 2960 5565 ergo
2995 5495 3363 5573 unusquisque
3392 5509 3462 5550 ex

1861 5584 2071 5639 arbitrii
2103 5592 2371 5655 potestate
2402 5592 2493 5637 aut
2523 5584 2665 5638 bona
2712 5583 2877 5647 oliva,
2902 5590 2997 5637 aut
3031 5582 3266 5638 oleaster
3294 5580 3463 5637 cilici-

1858 5682 1965 5738 tur,
2017 5684 2110 5729 aut
2149 5674 2425 5730 Israelitici
2474 5673 2708 5743 generis,
2762 5682 2855 5727 aut
2900 5673 3123 5729 alterius
3174 5673 3463 5742 culpabilis

1854 5767 2061 5838 gentis:
2091 5776 2151 5821 ut
2171 5766 2379 5820 dicatur
2402 5767 2467 5820 de
2488 5780 2581 5820 eo:
2603 5763 2742 5829 Quia
2769 5764 2991 5820 alienati
3010 5773 3135 5840 sunt
3157 5770 3460 5834 peccatores
