3948 6362
497 348 628 403 1351

1126 343 1479 413 Β.ΒΑΒΑΝΙ
1514 344 1733 402 MAURI
1771 347 2090 404 ARCHIEP.
2136 346 2441 405 MOGUNT.
2481 346 2765 403 OPEBUM
2807 347 2987 404 PARS
3024 348 3108 403 Ill.

496 456 559 511 ab
588 464 756 522 utero,
785 461 1086 511 erraverunt
1116 470 1149 508 a
1172 464 1367 522 ventre;
1394 456 1555 510 locuti
1579 467 1699 512 sunt
1723 457 1859 527 falsa
1890 458 2061 529 (Psal.
2092 462 2140 523 Α
2169 461 2329 514 ramis
2380 477 2483 515 non
2523 461 2765 531 pepercit,
2791 476 2853 514 ne
2882 458 3017 529 forte
3064 477 3155 515 nec
3189 460 3279 514 tibi
3315 468 3518 530 parcat.
3552 460 3762 534 (Οτίε.)

495 549 625 630 ινιι)
644 568 657 603 :
679 550 754 604 ita
775 554 837 603 ut
857 548 966 604 sint
983 548 1254 619 peregrini
1276 545 1745 622 testamentorum,
1765 559 1817 606 et
1834 552 2074 621 hospites

492 642 911 715 promissionum
935 642 1048 697 Dei.
1064 641 1132 695 Et
1153 641 1242 696 alii
1266 642 1321 696 in
1336 643 1502 697 Deum
1516 642 1791 711 jactantur
1810 659 1872 700 ex
1896 655 2070 710 utero,

492 741 548 788 et
594 731 906 789 dicuntzln
950 741 1000 787 te
1028 732 1263 802 jactatus
1310 751 1425 788 sum
1472 750 1538 787 ex
1586 743 1755 801 utero,
1806 735 1868 788 de
1908 746 2076 790 ventre

491 825 677 877 matris
706 838 834 879 mea:
872 822 1013 878 Deus
1058 841 1203 878 meus
1233 841 1286 878 es
1333 834 1389 878 tu
1425 823 1595 896 (Psal.
1631 826 1767 899 χχι).
1810 825 1915 881 Sed
1945 843 2079 897 quo-

489 915 637 969 niam
665 915 747 987 (ut
770 915 1027 989 diximus)
1055 920 1335 987 pernianet
1369 931 1583 986 semper
1609 927 1816 973 natura:
1853 919 1979 973 huic
2015 919 2076 973 li-

488 1009 676 1065 bertas
708 1009 940 1077 arbitrii,
968 1011 1225 1082 possibile
1256 1020 1339 1066 est
1382 1020 1443 1065 ut
1488 1021 1609 1067 cum
1639 1013 1710 1068 sit
1742 1011 1862 1083 quis
1900 1012 2074 1068 Israe-

490 1101 653 1157 liticte
677 1104 872 1174 gemis,
897 1111 954 1157 et
971 1103 1136 1159 bona:
1169 1104 1323 1159 oliva'a
1345 1119 1547 1171 ramus,
1573 1104 1787 1161 decidat
1815 1106 1867 1159 in
1884 1105 2075 1161 ‘incre-

488 1190 791 1259 dulitatem,
818 1198 876 1248 et
895 1190 1177 1262 frangatur
1202 1209 1215 1247 :
1242 1201 1299 1255 et
1326 1208 1512 1248 rursus
1546 1193 1684 1249 alius
1713 1194 1806 1264 qui
1839 1194 2077 1264 elegerat

488 1283 664 1353 gemis
696 1297 820 1341 esse
850 1282 1130 1353 culpabilis
1161 1290 1218 1337 et
1249 1283 1589 1352 peccatricis,
1622 1293 1678 1339 et
1720 1299 1817 1353 per
1845 1288 1946 1339 hoc
1990 1301 2075 1339 ra-

487 1387 608 1426 mus
651 1371 870 1428 oleastri
911 1374 1210 1440 dicebatur,
1268 1374 1315 1429 si
1376 1383 1726 1431 convertatur
1779 1378 1845 1432 ad
1916 1377 2076 1434 ﬁdem

487 1466 675 1538 (habet
704 1466 851 1521 enim
897 1466 951 1521 in
984 1482 1043 1523 se
1076 1466 1288 1524 arbitrii
1318 1468 1402 1522 sui
1442 1468 1781 1534 libertatem,
1811 1485 1917 1540 qua
1946 1486 2075 1525 con-

488 1555 625 1610 verti
660 1555 830 1625 possit
860 1555 928 1610 ad
950 1556 1197 1627 bonum),
1228 1557 1485 1611 inseritur
1514 1558 1669 1613 bona:
1696 1558 1851 1613 oliva:
1888 1574 1993 1628 per
2013 1559 2076 1613 ﬁ-

488 1648 631 1711 dem,
660 1653 718 1700 et
738 1645 971 1702 emcitur
994 1647 1173 1702 socius
1196 1647 1414 1715 radicis,
1445 1656 1499 1703 et
1518 1648 1860 1719 pinguedinis
1894 1649 2069 1705 olivae.

489 1728 744 1791 Radicem
761 1751 892 1793 vero
913 1738 1055 1800 hanc
1074 1737 1164 1793 alii
1184 1738 1461 1794 Abraham
1484 1740 1787 1806 nominant,
1802 1740 1891 1795 alii
1911 1739 2064 1811 Setb,

2176 552 2335 619 Quasi
2377 552 2695 620 quibusdam
2739 551 3099 627 impudentius
3139 552 3539 619 insultantibus,
3572 560 3634 607 et
3673 552 3760 607 di-

2176 643 2452 699 centibus:
2473 642 2532 697 Si
2562 642 2718 712 fracti
2744 653 2862 697 sunt
2898 642 3219 708 rami,bene:
3238 654 3449 713 propter
3469 642 3767 698 increduli-

2175 742 2331 787 tatem
2374 732 2529 802 fracti
2577 742 2730 799 sunt,
2786 742 2840 786 ut
2895 748 2986 802 ego
3029 749 3252 798 inserar,
3306 735 3398 802 qui
3442 735 3765 799 credebam,

2175 825 2273 879 hos
2298 838 2426 892 ergo
2453 823 2749 894 reprimens
2772 824 3076 893 Apostolus,
3109 825 3243 880 dixit
3270 843 3283 877 :
3308 825 3384 879 illi
3415 826 3633 894 quidem
3664 842 3771 897 per

2162 914 2604 969 «incredulitatem
2626 914 2785 971 fracti
2807 923 2952 981 sunt,
2971 925 3025 971 et
3046 924 3099 971 tu
3116 917 3351 972 insertus
3373 932 3432 973 es
3452 932 3544 988 per
3562 920 3766 983 ﬁdem,

2173 1012 2227 1058 et
2270 1003 2322 1057 in
2364 1004 2470 1059 ﬁde
2511 1011 2642 1070 stas,
2674 1005 2768 1061 sed
2810 1014 3080 1062 memento
3107 1007 3253 1077 quod
3287 1028 3305 1059 ε
3340 1010 3515 1063 omnis
3549 1008 3651 1078 qui
3701 1020 3772 1062 se

2173 1092 2376 1148 exaltat
2398 1092 2768 1148 humiliabitur
2793 1094 2943 1164 (Luc.
2978 1111 3091 1161 xxv,
3118 1096 3299 1168 xvm),
3332 1117 3351 1149 ι
3376 1107 3429 1153 et
3451 1098 3570 1152 ideo
3600 1117 3621 1147 ι
3646 1096 3768 1152 noli

2175 1185 2403 1254 superbe
2429 1198 2636 1252 sapere,
2654 1203 2672 1236 ι
2703 1183 2811 1239 noli
2833 1184 2940 1239 alta
2961 1194 3015 1239 et
3037 1184 3176 1241 elata
3197 1188 3476 1259 proloqui;
3503 1188 3766 1258 quamvis

2174 1274 2318 1328 enim
2346 1274 2399 1327 in
2433 1273 2615 1329 radice
2640 1283 2770 1340 stes,
2797 1283 2852 1329 et
2871 1275 3009 1331 bene
3035 1285 3166 1343 stes,
3193 1278 3321 1333 time
3353 1284 3531 1333 tamen
3559 1279 3766 1333 videns

2173 1364 2297 1434 quia
2326 1362 2415 1417 alii
2435 1364 2629 1433 quibus
2660 1365 2905 1431 insultas,
2930 1366 3002 1422 ibi
3052 1375 3321 1423 steterunt
3344 1369 3435 1423 ubi
3459 1377 3514 1424 et
3536 1377 3594 1423 tu
3615 1374 3764 1432 stas,

2172 1466 2226 1512 et
2275 1465 2331 1511 tu
2370 1472 2492 1511 cum
2538 1457 2611 1511 ibi
2653 1473 2758 1512 non
2801 1474 2948 1515 esses
3000 1459 3067 1514 ad
3109 1460 3266 1516 oliva:
3310 1461 3469 1531 hujus
3517 1460 3761 1515 radicem

2174 1544 2393 1602 aliunde
2415 1546 2814 1616 translatuses,
2851 1556 2905 1603 ct
2929 1550 3184 1620 possibile
3230 1559 3313 1605 est
3337 1552 3501 1606 etiam
3537 1562 3589 1607 te
3632 1565 3765 1621 pec-

2172 1652 2315 1694 care.
2341 1635 2474 1691 Nam
2496 1637 2671 1691 ethoc
2692 1638 2809 1707 ipso
2850 1640 2995 1708 quod
3017 1639 3261 1710 superbis
3284 1649 3336 1695 te
3357 1640 3623 1706 exaltans,
3644 1638 3761 1710 jam

2170 1744 2386 1800 peccas.
2419 1728 2645 1801 (Ambr.)
2672 1728 2890 1785 illorum
2921 1732 3229 1800 reprobatio
3257 1730 3387 1788 fecit
3414 1733 3591 1787 locqu
3618 1746 3756 1803 gen-

487 1826 575 1881 alii
604 1831 770 1882 unum
801 1827 1034 1900 aliquem
1060 1844 1123 1885 ex
1153 1830 1400 1901 patribus
1427 1831 1568 1886 bene
1597 1832 1808 1886 meritis
1833 1806 2060 1902 ponunt.

2171 1820 2373 1877 tilibus.
2396 1820 2501 1876 Sed
2553 1836 2661 1876 non
2704 1806 2987 1892 i‘eprobati
3048 1830 3174 1878 sunt
3219 1839 3250 1877 a
3303 1822 3436 1889 Deo,
3462 1832 3526 1877 ut
3567 1833 3759 1894 gentes

485 1915 597 1987 Ego
629 1925 811 1974 autem
852 1919 1091 1975 radicem
1138 1920 1295 1975 aliam
1339 1937 1461 1991 qua:
1501 1930 1688 1977 sancta
1723 1923 1815 1989 sit,
1852 1932 1906 1977 et
1935 1938 2062 1977 san-

483 2015 601 2062 ctas
626 2008 896 2079 primitias
924 2010 1130 2077 nescio,
1156 2012 1261 2066 nisi
1291 2012 1575 2067 Dominum
1605 2021 1849 2072 nostrum
1877 2012 2064 2069 Iesum

484 2100 778 2157 Christum.
804 2102 923 2172 ipse
963 2111 1046 2159 est
1078 2104 1222 2158 enim
1244 2103 1497 2173 primitia:
1535 2104 1797 2170 omnium,
1830 2105 1911 2160 vel
1939 2104 2066 2161 deli-

484 2192 656 2260 batio,
681 2202 742 2250 ιιι
775 2194 828 2249 ἰιι
858 2196 1110 2265 praesenti
1133 2195 1251 2251 loco
1282 2196 1545 2251 habemus
1571 2195 1834 2266 Apostoli,
1867 2211 2062 2251 secun-

482 2282 609 2338 dum
641 2283 697 2339 id
736 2285 878 2355 quod
907 2285 1033 2341 alibi
1062 2285 1127 2340 de
1152 2300 1217 2341 eo
1239 2286 1436 2341 dicitur
1464 2304 1475 2339 :
1509 2284 1613 2351 Qui
1643 2294 1717 2340 est
1745 2286 2062 2356 primogeni-

481 2382 567 2429 tus
595 2376 763 2429 omnis
798 2385 1056 2431 creatura:
1108 2375 1303 2447 (Colos.
1337 2378 1399 2449 ι).
1450 2376 1588 2432 Huic
1624 2392 1858 2447 namque
1896 2377 2064 2441 radici

480 2466 657 2521 omnis
694 2468 785 2536 qui
835 2468 1076 2522 salvator
1113 2469 1389 2535 inseritur,
1418 2476 1473 2523 et
1500 2485 1566 2523 ex
1602 2468 1704 2524 hac
1740 2468 2064 2525 delibatione

481 2563 667 2611 sancta
712 2558 890 2613 omnis
936 2573 1113 2614 massa
1155 2558 1378 2614 humani
1421 2561 1635 2631 generis
1670 2559 2061 2615 sanctiﬁcatur.

480 2642 548 2699 Et
577 2658 705 2701 vero
749 2645 892 2700 sicut
919 2644 1077 2701 radix
1114 2655 1302 2703 sancta
1344 2649 1686 2704 manentibus
1708 2648 1780 2703 in
1812 2664 1868 2703 se
1898 2649 2064 2704 rantis

478 2737 782 2814 sanctitatis
812 2734 1191 2807 pinguedinem
1233 2740 1454 2807 prtebet,
1490 2740 1615 2793 dum
1646 2770 1649 2773 -
1661 2754 1757 2809 per
1804 2739 2062 2808 Spiritum

477 2836 637 2886 suum
671 2836 918 2896 sanctum
944 2830 1279 2885 adhaerentes
1307 2830 1408 2884 sibi
1432 2829 1690 2896 viviﬁcat,
1713 2829 1877 2885 verbo
1903 2846 2064 2885 exco-

478 2918 562 2985 lit,
587 2921 854 2992 sapientia
890 2919 1111 2977 ﬂoridos
1139 2919 1336 2987 reddit,
1372 2922 1503 2976 etin
1529 2922 1769 2976 omnium
1801 2922 2062 2976 virtutum

479 3009 869 3080 plenitudinem
900 3008 1097 3065 aii‘errc
1128 3010 1335 3065 fructus
1362 3010 1558 3065 uberes
1598 3009 1727 3064 facit
1752 3028 1764 3062 :
1794 3011 1869 3064 ita
1912 3018 1973 3063 ut
2010 3019 2065 3064 et

477 3100 594 3171 ipsa
627 3100 771 3159 dicat
798 3100 865 3155 de
890 3100 970 3155 eis
995 3119 1005 3153 :
1037 3100 1149 3170 Ego
1174 3109 1347 3154 autem
1374 3100 1507 3153 sicut
1535 3098 1669 3153 oliva
1695 3098 1969 3169 fructifera
2007 3100 2062 3152 in

477 3191 633 3245 domo
673 3190 887 3245 Domini
911 3189 1082 3262 (Psal.
1116 3190 1213 3261 Li).
1258 3190 1468 3245 Etenim
1508 3191 1551 3245 si
1598 3190 1733 3243 rami
1770 3190 1863 3259 qui
1902 3189 2057 3245 fracti

478 3290 620 3347 sunt,
644 3290 867 3352 propter
893 3280 1327 3337 incredulitatem
1356 3280 1511 3335 fracti
1534 3289 1676 3345 sunt,
1696 3289 1751 3335 et
1771 3280 1864 3351 qui
1891 3289 2058 3346 stant,

479 3369 587 3426 ﬁde
634 3380 781 3426 stant
806 3390 818 3425 :
843 3372 966 3441 quis
1003 3370 1140 3425 alius
1185 3372 1289 3443 erit
1329 3371 1383 3425 in
1432 3385 1538 3441 quo
1573 3378 1719 3425 stant
1761 3371 1865 3425 nisi
1908 3370 2062 3427 Jesus

478 3458 769 3515 Christus?
804 3468 860 3515 et
883 3461 1006 3531 quis
1042 3469 1125 3515 est
1153 3461 1290 3515 alius
1314 3476 1343 3515 a
1366 3476 1473 3535 quo
1506 3477 1603 3533 per
1629 3461 2063 3517 incredulitatem

479 3548 638 3607 fracti
662 3560 807 3619 sunt,
838 3552 943 3608 nisi
982 3552 1097 3623 ipse
1148 3551 1236 3606 cui
1282 3566 1387 3606 non
1414 3551 1803 3608 crediderunt?
1838 3552 2065 3624 Semper

477 3657 607 3714 ergo
632 3643 939 3714 quicunque
965 3644 1187 3699 advenae
1208 3643 1273 3697 ad
1298 3642 1478 3709 ﬁdem,
1504 3644 1589 3698 vel
1610 3644 1674 3699 ad
1697 3646 2064 3701 conversatio-

479 3749 605 3790 nem
625 3733 790 3789 lsrael
810 3734 1119 3800 veniebant,
1132 3734 1350 3790 Christo
1367 3736 1456 3805 qui
1482 3742 1600 3790 erat
1612 3751 1772 3791 verus
1795 3736 1963 3791 lsrael
1984 3736 2065 3791 in-

479 3827 817 3882 serebantur.
834 3825 1111 3897 Praecipne
1134 3834 1313 3882 tamen
1330 3843 1394 3883 ex
1416 3836 1658 3897 tempore
1673 3827 1934 3884 adventus
1950 3828 2065 3900 ejus

477 3919 680 3975 multus
701 3919 931 3976 oleaster
958 3920 1215 3975 inseritur
1240 3921 1364 3976 huic
1397 3921 1589 3986 radici,
1622 3922 1707 3977 vel
1737 3924 1913 3977 ramis-
1926 3923 2061 3993 ejus,

478 4010 753 4080 Apostolis
773 4010 977 4066 scilicet
1006 4019 1059 4065 et
1083 4010 1366 4081 Prophetis
1394 4011 1512 4077 Dei,
1540 4022 1600 4067 ut
1635 4014 1725 4082 qui
1755 4014 2067 4069 inseruntur

483 4099 584 4164 eis,
606 4098 737 4155 socii
760 4098 893 4154 ﬁant
916 4100 1116 4155 radicis
1142 4101 1482 4171 piuguedinis
1516 4102 1741 4157 Christi.

554 4186 682 4242 Noli
712 4188 932 4258 gloriari
956 4190 1205 4244 adversus
1237 4207 1442 4257 ramos;
1464 4192 1608 4262 quod
1635 4193 1685 4255 si
1711 4202 1767 4246 tu
1796 4194 2063 4265 gloriaris,

479 4299 583 4338 non
598 4291 653 4337 tu
670 4281 899 4337 radicem
919 4292 1098 4353 portas
1116 4284 1206 4338 sed
1214 4330 1218 4333 .
1234 4284 1388 4338 radix
1410 4293 1477 4338 te.
1496 4284 1592 4339 Hic
1614 4285 2065 4357 docetApostolus

479 4390 587 4431 non
611 4387 769 4446 posse
794 4389 893 4429 nos
914 4375 1098 4429 extolli
1119 4376 1402 4432 adversum
1420 4378 1653 4434 radicem
1677 4385 1729 4433 et
1750 4376 1952 4432 fractos
1974 4392 2064 4431 ra-

480 4482 600 4523 mos
625 4466 895 4522 lsraelitas
928 4481 1102 4536 neque
1129 4467 1389 4524 insultare
1417 4472 1515 4537 eis,
1549 4472 1675 4541 quia
1708 4487 1816 4526 non
1845 4487 1944 4527 nos
1974 4487 2063 4526 ra—
2098 4507 2145 4567 υ

479 4559 654 4615 dicem
681 4567 979 4629 portamus,
1012 4559 1107 4614 sed
1133 4559 1290 4615 radix
1318 4576 1455 4617 nos:
1489 4576 1595 4617 non
1630 4563 1775 4617 enim
1804 4563 2066 4618 habemus

480 4653 625 4723 quod
652 4667 759 4708 non
784 4651 1128 4721 accepimus:
1154 4651 1199 4707 si
1229 4662 1409 4723 autem
1433 4654 1771 4722 accepimus:
1797 4652 1925 4721 quid
1955 4652 2068 4724 glo-

481 4743 870 4814 riamur'quasi
894 4757 1004 4798 non
1038 4744 1440 4813 acceperimus?
1472 4743 1523 4815 (Ι
1554 4742 1677 4798 Cor.
1710 4742 1786 4813 1v)
1833 4741 2062 4814 (Ambr.)

481 4832 740 4905 Displicet
759 4833 902 4890 enim
925 4834 1060 4902 Deo,
1078 4834 1123 4890 si
1153 4835 1275 4905 quis
1297 4835 1529 4891 exsultet
1554 4836 1607 4889 in
1631 4834 1788 4889 malis
1816 4834 2059 4899 alterius,

482 4933 543 4978 ut
572 4926 703 4980 dicit
732 4923 1008 4981 Salomon.
1050 4924 1163 4982 Nec
1202 4927 1346 4982 cnim
1393 4942 1554 4983 causa
1588 4928 1827 4999 gentium
1869 4927 2063 4996 abjecti

483 5022 629 5081 sunt,
645 5023 704 5068 ut
725 5016 996 5084 gaudeant
1012 5035 1025 5072 :
1040 5016 1149 5073 sed
1170 5018 1298 5088 quia
1312 5033 1418 5073 non
1438 5019 1804 5087 crediderunt,
1819 5020 2062 5075 occasio-

484 5120 607 5161 nem
631 5106 893 5161 dederunt
918 5116 978 5163 ut
1018 5111 1406 5179 praedicaretur
1436 5112 1703 5184 gentibus.
1738 5111 1893 5179 Quod
1926 5116 1971 5168 si
2007 5123 2064 5168 tu

484 5197 869 5269 gloriarismon
899 5210 958 5255 tu
985 5204 1213 5258 radicem
1237 5214 1434 5275 portas,
1460 5208 1549 5261 sed
1580 5208 1734 5263 radix
1760 5219 1847 5275 te;
1876 5211 1931 5265 id
1958 5217 2063 5276 est,

486 5288 531 5346 si
554 5297 607 5345 te
628 5290 885 5347 extuleris
899 5308 1060 5363 super
1082 5296 1224 5363 illos,
1243 5297 1296 5351 in
1316 5312 1545 5367 quorum
1575 5299 1809 5356 insertus
1825 5302 2064 5357 radicem

485 5393 573 5446 cs;
602 5380 823 5438 insultes
848 5387 1053 5455 generi,
1076 5389 1219 5458 quod
1252 5397 1302 5443 te
1333 5398 1389 5445 ut
1419 5405 1483 5444 ex
1512 5391 1654 5446 malo
1694 5393 1867 5449 bonus
1892 5409 2061 5462 esses,

486 5474 759 5543 suscepit:
790 5490 891 5530 nec
915 5479 1106 5546 stabis,
1132 5481 1177 5535 si
1198 5480 1326 5537 illud
1349 5497 1446 5551 per
1472 5484 1614 5551 quod
1639 5492 1772 5551 stas,
1808 5487 2061 5543 destruis.

486 5558 625 5615 Dicit
666 5579 786 5634 ergo
813 5578 830 5615 .'
857 5564 1041 5621 Fracti
1072 5579 1189 5622 sunt
1238 5574 1371 5625 rami
1414 5583 1469 5626 ut
1519 5591 1610 5645 ego
1656 5577 1877 5643 inserar,
1921 5578 2064 5646 bene,

484 5663 696 5723 propter
716 5655 1134 5714 incredulitatem
1157 5661 1313 5730 fracti
1334 5672 1452 5717 sunt
1468 5683 1487 5730 ;
1511 5676 1564 5718 tu
1590 5677 1761 5721 autem
1793 5668 1898 5735 ﬁde
1927 5680 2067 5735 stas;

490 5742 593 5798 noli
624 5744 787 5803 altum
816 5766 1013 5820 sapere,
1043 5750 1131 5808 sed
1155 5752 1318 5821 time;
1345 5755 1389 5809 si
1415 5757 1548 5811 enim
1574 5756 1713 5813 Deus
1743 5760 2070 5816 naturalibus

2166 1912 2471 1967 intrarent:
2507 1911 2600 1967 sed
2622 1911 2827 1982 scipsos
2866 1915 3124 1983 reprobos
3153 1912 3421 1979 fecerunt,
3438 1924 3761 1986 spernentes

2167 2002 2365 2058 donum
2396 1994 2510 2056 Dei.
2549 2001 2704 2058 Unde
2735 2004 3077 2059 occasionem
3113 2002 3381 2060 dederunt
3410 2005 3669 2077 gentibus
3691 2005 3759 2060 ad

2167 2096 2417 2151 salutem.
2450 2094 2621 2162 Quam
2655 2096 3024 2152 extollentiam
3067 2098 3288 2167 reprimi
3318 2098 3453 2165 vult,
3482 2107 3544 2152 ut
3587 2098 3761 2169 magis

2167 2186 2331 2241 saluti
2358 2185 2788 2261 congaudea'tur,
2838 2202 2947 2248 non
2978 2188 3285 2256 aegritudini
3317 2189 3648 2244 insultetur:
3680 2186 3758 2241 fa-

2167 2278 2269 2334 cile
2301 2279 2445 2334 cnim
2476 2278 2763 2348 decipitur,
2794 2279 2889 2350 qui
2928 2280 3124 2349 gaudet
3154 2278 3351 2334 alienis
3384 2277 3564 2333 malis.
3591 2277 3751 2343 Bene,

2167 2371 2221 2426 id
2243 2380 2349 2437 est,
2366 2379 2514 2427 recte
2537 2372 2690 2435 dicis,
2708 2371 2852 2441 quod
2875 2370 3062 2427 fractis
3085 2372 3255 2427 ramis
3275 2372 3520 2427 insertus
3544 2384 3604 2425 es
3625 2384 3639 2422 :
3663 2368 3755 2424 sed

2167 2460 2223 2515 in
2251 2460 2615 2515 incredulitate
2640 2461 2797 2528 fracti
2823 2470 2977 2525 sunt;
3018 2462 3121 2518 hoc
3143 2470 3249 2526 est,
3276 2477 3386 2517 non
3415 2467 3641 2532 propter
3682 2469 3754 2523 te,

2167 2553 2262 2607 sed
2284 2568 2382 2608 suo
2404 2552 2566 2618 vitio;
2586 2552 2711 2622 quia
2730 2551 2837 2608 illis
2861 2552 3224 2609 difﬁdentibus
3240 2570 3254 2619 ;
3270 2552 3338 2607 ad
3359 2551 3579 2607 illorum
3594 2565 3755 2606 aemu-

2166 2641 2421 2697 lationem
2458 2650 2511 2695 tu
2543 2650 2767 2697 vocatus
2805 2657 2865 2697 es
2905 2642 2973 2697 ad
3004 2642 3255 2696 salutem.
3287 2640 3412 2695 Ideo
3442 2638 3756 2712 gratiasde-

2165 2734 2262 2789 bes
2287 2748 2446 2803 agere
2472 2732 2612 2788 dono
2641 2734 2735 2789 Dei
2765 2749 2862 2803 per
2875 2733 3174 2800 Christum,
3194 2748 3303 2789 non
3325 2733 3433 2789 illis
3461 2733 3753 2788 insultare:

2166 2825 2260 2881 sed
2282 2832 2337 2878 et
2361 2832 2569 2894 petere,
2598 2824 2642 2879 si
2665 2825 2867 2880 malum
2890 2826 3103 2880 illorum
3125 2826 3223 2880 tibi
3249 2825 3481 2881 contulit
3516 2827 3587 2881 ad
3612 2824 3755 2881 salu-

2167 2923 2312 2979 tem;
2344 2923 2481 2970 utet
2508 2915 2611 2984 ipsi
2639 2916 2865 2970 redeant
2898 2915 2966 2970 ad
3011 2915 3294 2986 originem.
3328 2916 3481 2971 Tunc
3522 2914 3756 2985 placebis

2168 3004 2297 3071 Deo,
2331 3006 2421 3075 qui
2453 3005 2528 3059 tui
2554 3006 2810 3061 misertus
2837 3014 2955 3071 est;
2980 3006 3100 3080 ideo
3129 3006 3274 3060 enim
3306 3013 3357 3060 te
3386 3005 3675 3060 advocavit
3700 3011 3760 3059 ut

2166 3111 2263 3165 per
2296 3107 2441 3151 tuam
2486 3097 2885 3153 aemulationem
2935 3099 3221 3153 reduceret
3262 3108 3317 3154 et
3360 3097 3485 3154 illos
3528 3099 3595 3154 ad
3639 3115 3761 3169 gra-

2167 3187 2317 3241 tiam.
2369 3185 2447 3239 Ἰίι
2475 3197 2648 3242 autem
2684 3187 2789 3256 [ide
2842 3197 2970 3243 stas.
3015 3186 3344 3255 Quia-Judaei
3390 3188 3763 3261 pegdillideuv

2166 3278 2295 3343 tiam
2324 3279 2457 3349 lapsi
2482 3288 2622 3344 sunt,
2650 3280 2751 3335 hos
2792 3280 2898 3336 ﬁde
2924 3281 3053 3337 dicit
3078 3291 3258 3347 stare;
3289 3282 3417 3351 quia
3448 3297 3573 3337 cum
3611 3283 3763 3352 prius

2164 3369 2402 3441 perﬁdia:
2443 3386 2607 3426 causa
2633 3369 2902 3439 jacerent,
2946 3370 3217 3426 credendo
3261 3382 3410 3427 Stare
3456 3382 3761 3443 coeperunt.

2168 3462 2297 3519 Noli
2342 3464 2505 3517 altum
2542 3480 2743 3534 sapere,
2792 3466 2883 3520 sed
2922 3466 3088 3529 time;
3126 3463 3179 3520 id
3202 3473 3307 3529 est,
3348 3466 3459 3522 noli
3494 3467 3764 3537 superbus

2165 3568 2305 3620 esse,
2336 3556 2429 3609 sed
2462 3570 2592 3611 cave
2618 3569 2685 3610 ne
2712 3564 2767 3612 et
2796 3565 2852 3611 tu
2875 3555 3135 3613 offendas.
3172 3553 3232 3612 Si
3254 3557 3394 3611 enim
3416 3556 3561 3612 Deus
3601 3568 3762 3612 natu-

2167 3644 2365 3699 ralibus
2404 3646 2563 3698 ramis
2610 3662 2714 3699 non
2742 3648 3006 3717 pepercit;
3048 3662 3111 3701 ne
3134 3646 3270 3715 forte
3299 3663 3391 3701 nec
3431 3647 3525 3700 tibi
3558 3654 3759 3714 parcat.

2167 3733 2365 3789 Verum
2393 3745 2493 3799 est,
2539 3736 2667 3806 quia
2718 3736 2763 3791 si
2814 3736 2951 3802 illos,
2991 3737 3082 3807 qui
3133 3736 3497 3807 praerogativa
3538 3735 3763 3793 Patrum

2167 3825 2311 3897 digni
2345 3828 2443 3881 toti
2472 3835 2649 3890 erant,
2680 3811 2876 3897 quibus
2925 3827 3091 3883 etiam
3122 3827 3266 3882 facta
3299 3828 3651 3897 repromissio
3680 3837 3765 3885 est

2166 3914 2278 3972 Deo
2309 3918 2363 3971 in
2410 3917 2550 3973 ﬁlios
2577 3918 2846 3988 adoptari,
2880 3918 3276 3975 incredulitatis
3318 3934 3485 3975 causa
3524 3935 3763 3977 excaeca-

2170 4009 2275 4075 vit;
2307 4009 2435 4079 quid
2458 4009 2540 4064 his
2560 4010 2605 4065 si
2628 4010 2977 4078 dubitaverit,
2995 4020 3087 4067 aut
3101 4013 3148 4067 si
3170 4026 3228 4067 se
3243 4011 3565 4079 extulerint,
3579 4010 3757 4077 faciet,

2169 4100 2263 4169 qui
2283 4099 2426 4154 nulla
2448 4101 2919 4158 commendatione
2946 4101 3220 4157 sublimati
3241 4111 3398 4158 sunt:
3416 4103 3617 4174 quippe
3639 4118 3762 4160 cum

2168 4191 2369 4247 nullius
2392 4192 2671 4263 dignitatis
2700 4202 2901 4259 essent,
2930 4194 3179 4249 honorati
3208 4195 3369 4250 sunt?
3399 4195 3605 4267 (υτ-ἕρ.)
3634 4196 3762 4253 Post

2169 4283 2285 4338 haec
2313 4283 2405 4352 qui
2436 4285 2677 4354 superbit
2698 4293 2754 4339 et
2774 4286 3195 4357 insultatlapsis,
3224 4287 3510 4344 altioribus
3532 4290 3603 4344 ab
3616 4289 3759 4360 Apo-

2170 4374 2307 4430 stolo
2329 4376 2577 4431 sensibus
2600 4376 2922 4433 humilitatis
2937 4378 3216 4445 imbuitur,
3236 4388 3291 4435 et
3302 4380 3504 4435 dicitur
3518 4382 3588 4437 ad
3607 4395 3757 4437 eum:

2251 4463 2380 4519 Vide
2422 4483 2542 4536 ergo
2592 4466 2876 4523 bonitatem
2928 4479 2977 4523 et
3026 4473 3354 4525 severitatem
3399 4470 3550 4526 Dei:
3584 4473 3640 4526 in
3674 4488 3759 4527 eos

2171 4555 2380 4627 quidem
2415 4558 2504 4624 qui
2548 4558 2842 4612 ceciderunt
2872 4561 3197 4614 severitatem
3231 4576 3249 4612 :
3278 4562 3335 4614 in
3365 4571 3415 4616 te
3457 4572 3633 4617 autem
3677 4563 3762 4617 bo-

2174 4648 2409 4713 nitatem,
2435 4648 2482 4701 si
2508 4651 2858 4717 permanseris
2911 4650 2965 4703 in
3017 4651 3245 4706 bonitate
3274 4668 3293 4707 :
3320 4651 3565 4723 alioquin
3610 4659 3661 4706 et
3708 4663 3759 4707 tu

2171 4740 2447 4806 excideris,
2478 4749 2525 4793 et
2546 4739 2644 4805 illi,
2674 4742 2721 4795 si
2748 4758 2851 4796 non
2879 4744 3263 4813 permanserint
3284 4744 3341 4797 in
3368 4743 3755 4809 incredulitate,

2170 4831 2497 4896 inserentur;
2529 4839 2710 4904 potens
2741 4841 2815 4887 est
2834 4834 2972 4888 enim
2993 4833 3134 4889 Deus
3156 4834 3386 4888 inserere
3407 4833 3603 4886 iterum
3623 4834 3756 4888 illos.

2173 4921 2251 4977 Tu
2298 4924 2389 4992 qui
2443 4924 2559 4977 haec
2605 4924 2761 4989 dicis,
2820 4922 2955 4977 Vide
3000 4925 3282 4978 bonitatem
3335 4932 3385 4977 et
3441 4924 3759 4979 severitatem

2170 5013 2287 5081 Dei,
2332 5021 2387 5069 et
2428 5030 2551 5070 cum
2580 5016 2731 5071 vides
2780 5016 3129 5072 severitatem
3163 5016 3279 5086 ejus
3317 5031 3451 5090 erga
3493 5016 3758 5074 detractos

2171 5121 2369 5173 ramos,
2406 5107 2753 5163 metuendum
2784 5107 2882 5162 tibi
2914 5115 2997 5165 est
3039 5123 3109 5164 ne
3140 5107 3277 5165 forte
3302 5118 3360 5166 et
3386 5118 3469 5176 tu,
3504 5110 3633 5165 dum
3674 5125 3758 5165 su-

2171 5203 2351 5273 perbis
2378 5210 2433 5257 et
2460 5203 2691 5259 insultas
2734 5203 2921 5273 lapsis,
2954 5204 3299 5261 severitatem
3336 5205 3458 5270 Dei,
3491 5220 3612 5274 qua:
3643 5220 3757 5275 pce

2173 5302 2385 5351 catores
2422 5304 2705 5367 perurget,
2739 5295 2988 5352 incurras
3036 5296 3149 5367 ipse
3204 5296 3503 5367 peccando.
3541 5294 3755 5351 Bonitas

2173 5387 2315 5444 enim
2344 5387 2461 5458 ejus
2488 5397 2773 5456 permanet
2801 5386 2856 5440 in
2884 5388 2969 5443 his
3000 5388 3103 5457 qui
3136 5389 3191 5441 in
3216 5386 3462 5442 bonitate
3507 5399 3751 5457 perman—

2169 5478 2360 5534 serint.
2404 5477 2650 5548 Alioquin
2678 5477 2868 5532 eodem
2911 5478 3100 5539 ordine
3129 5488 3178 5531 et
3216 5485 3291 5543 tu,
3340 5476 3385 5531 si
3424 5476 3481 5530 in
3519 5476 3753 5532 bonitate

2170 5587 2275 5627 non
2320 5571 2606 5634 manseris,
2656 5569 2933 5635 excideris,
2980 5578 3027 5623 et
3077 5568 3159 5622 illi
3196 5568 3241 5622 si
3291 5568 3348 5620 in
3393 5567 3753 5621 incredulitate

2162 5683 2275 5729 non
2303 5663 2704 5736 permanserint,
2732 5663 3045 5717 inserentur.
3080 5662 3192 5716 Deo
3224 5659 3371 5715 enim
3411 5674 3525 5715 non
3554 5667 3640 5715 est
3664 5658 3753 5711 im-

2171 5760 2428 5831 possibile
2465 5759 2655 5815 iterum
2684 5756 2911 5815 inserere
2945 5755 3088 5827 illos,
3120 5755 3167 5814 si
3194 5754 3461 5814 recedant
3490 5756 3561 5813 ab
3591 5756 3753 5812 incre-
