3948 6326
192 344 340 402 1838

728 338 1278 431 ENARRA'I‘IONUM
1314 339 1384 396 IN
1424 339 1575 396 EPP.
1614 337 1821 399 PAULI
1854 338 1985 398 LIB.
2025 340 2118 398 VI.
2158 371 2230 384 —
2264 341 2335 427 IN
2371 342 2721 401 EPIST.-AD
2758 346 2926 404 ROM.

3336 351 3475 408 I554

192 460 448 525 dulitate,
471 471 571 529 per
596 462 761 528 quam
795 458 952 515 fracti
983 465 1109 515 sunt
1140 476 1153 512 :
1182 456 1619 528 quandoquidem
1650 456 1784 513 faci-
1808 459 1862 522 Α
1887 455 2107 512 oleastri
2130 436 2501 515 insererentur
2518 459 2573 514 in
2596 460 2791 517 bonam
2811 461 3027 527 olivam,
3044 462 3175 519 dicit
3196 476 3210 517 :
3229 463 3367 521 Nolo
3386 486 3472 526 vos

189 552 303 609 lius
326 551 543 607 videtur
575 550 807 622 propria:
835 551 1047 606 arboris
1092 564 1273 605 ramos
1314 549 1485 605 radici
1522 565 1633 605 sua:
1663 549 1786 605 red.

190 644 348 710 dere,
393 656 558 714 quam
586 641 844 703 inserere,
873 640 1095 695 alienus.
1120 638 1355 712 ⁸(Αιιιιιν.)
1382 640 1587 695 Bonum
1614 640 1783 693 Deum

188 733 446 807 gentibus
482 747 604 789 esse
636 737 903 797 testatur;
932 732 1057 802 quia
1085 745 1208 786 cum
1240 730 1379 787 idola
1404 736 1780 801 sequerentur,

189 824 345 896 digni
371 824 559 895 utique
582 822 1052 894 morte,'patientia
1077 836 1173 877 sua
1205 819 1535 891 exspectavit
1558 818 1699 883 illos,
1729 824 1785 873 et

189 928 299 971 nec
323 914 501 972 adhuc
526 914 865 983 requirentes
891 928 970 979 se,
1002 911 1145 967 ultro
1168 912 1382 966 vocavit
1410 910 1551 975 illos,
1574 918 1630 965 et
1657 923 1784 979 pec-

185 1013 317 1061 cata
336 1006 416 1060 eis
436 1004 665 1061 remisit.
682 1002 882 1061 Iudaeis
904 1012 1082 1060 autem
1108 1018 1331 1059 severus
1350 1011 1468 1069 est;
1491 1002 1785 1059 exececavit

183 1094 339 1150 enim
382 1109 496 1162 eos,
526 1095 654 1166 quia
684 1095 881 1150 donum
912 1094 1007 1150 Dei
1056 1102 1416 1165 spreverunt;
1459 1094 1559 1148 hos
1599 1099 1782 1146 tamen

182 1198 337 1241 nunc
372 1184 643 1258 significat
682 1184 915 1253 Iudaeos,
963 1185 1054 1255 qui
1083 1193 1306 1256 propter
1344 1182 1781 1239 malevolentiam

182 1288 346 1331 suam
368 1275 424 1331 in
445 1284 766 1347 perpetuum
795 1276 1050 1332 excaecati
1076 1282 1221 1331 sunt.
1256 1274 1411 1329 Unde
1431 1290 1524 1331 eos
1552 1283 1607 1331 et
1636 1270 1780 1331 ceci-

182 1362 337 1421 disse
378 1366 511 1422 dicit
536 1384 548 1421 :
579 1366 700 1422 illos
730 1377 933 1435 autem,
962 1382 1097 1437 quos
1146 1380 1309 1436 supra
1346 1370 1668 1423 memeravit
1698 1368 1782 1425 of-

181 1452 447 1522 fendisse,
478 1471 588 1525 non
633 1465 813 1511 tamen
842 1457 1121 1522 cecidisse,
1164 1456 1290 1525 quia
1324 1456 1390 1510 ad
1428 1465 1637 1527 tempus
1675 1474 1778 1515 ea:-

182 1557 342 1604 eatos
367 1547 487 1605 illos
514 1548 781 1605 ostendit:
807 1564 871 1604 ac
895 1562 991 1618 per
1012 1548 1115 1604 hoc
1138 1563 1386 1604 severum
1404 1546 1571 1603 Deum
1598 1550 1653 1604 in
1683 1565 1777 1606 eos

180 1639 376 1707 fuisse,
412 1648 473 1695 ut
498 1640 553 1694 in
584 1634 901 1711 perpetuum
928 1639 1114 1695 caecati
1140 1646 1323 1695 essent
1352 1647 1628 1708 apostatae.
1669 1639 1776 1695 Sed

180 1739 235 1786 et
262 1729 343 1785 illi
361 1732 408 1786 si
428 1748 533 1786 non
557 1733 937 1802 permanserint
966 1733 1021 1785 in
1044 1730 1431 1795 incredulitate,
1458 1732 1775 1797 inserentur;

1890 548 2155 618 ignorare,
2188 549 2405 619 fratres,
2457 553 2760 621 mysterium
2786 553 2902 619 hoc,
2949 562 3005 607 ut
3037 570 3139 609 non
3182 556 3297 610 sitis
3331 559 3472 628 apud

1890 639 2223 708 vosmetipsos
2244 640 2520 709 sapientes,
2538 641 2663 710 quia
2689 642 2949 698 insultare
2968 642 3155 713 lapsis,
3179 653 3235 699 et
3254 646 3473 715 gloriari

1891 726 2147 784 adversus
2203 744 2386 787 ramos
2442 732 2533 801 qui
2583 731 2740 787 fracti
2789 743 2948 801 sunt,
2998 751 3104 791 non
3145 737 3206 791 lit
3248 753 3346 807 per
3376 740 3472 795 Dei

1890 817 2229 888 sapientiam,
2252 821 2347 876 sed
2390 836 2485 891 per
2515 822 2806 878 humanam
2828 827 3115 883 notabilem
3137 838 3193 885 et
3218 830 3473 901 ignoran-

1890 917 1996 987 tem
2019 913 2335 983 mysterium
2358 914 2472 969 Dei.
2498 914 2600 982 Qui
2628 916 2771 971 enim
2794 908 3087 979 secundum
3112 922 3278 979 Deum
3301 926 3465 995 sapit,

1889 1000 1942 1053 in
1996 1002 2277 1061 beneflciis
2307 1005 2401 1061 Dei
2446 1021 2552 1061 non
2582 1007 2861 1063 insultabit
2909 1008 3151 1078 abjectls,
3204 1016 3299 1069 sed
3346 1032 3469 1073 cum

1888 1091 2080 1147 timore
2119 1096 2321 1164 gratias
2360 1099 2472 1168 agit
2511 1098 2897 1157 misericordiae
2936 1098 3213 1170 largientis
3240 1105 3470 1179 (Ambr.)

1884 1182 1968 1237 Ad
1989 1193 2197 1241 tenmus
2220 1201 2349 1257 ergo
2372 1190 2631 1244 caecitatis
2670 1190 2887 1247 obtusio
2919 1193 3044 1247 data
3065 1193 3359 1252 estJudans
3385 1198 3472 1253 his

1884 1276 2002 1347 qui,
2033 1278 2158 1332 dum
2189 1281 2366 1335 aemuli
2394 1282 2527 1353 legis
2563 1290 2708 1350 sunt,
2734 1298 2840 1339 non
2870 1284 3125 1341 viderunt
3154 1287 3352 1344 donum
3378 1305 3472 1345 ve-

1884 1366 2031 1423 uisse
2044 1369 2369 1436 promissum
2394 1382 2424 1423 a
2448 1372 2579 1435 Deo,
2596 1373 2737 1442 quod
2760 1375 3196 1444 praedicabatura
3212 1377 3467 1435 Christo:

1883 1460 2003 1516 zelo
2026 1462 2169 1517 enim
2200 1465 2455 1520 excaecati
2502 1474 2648 1534 sunt,
2681 1476 2934 1536 putantes
2980 1470 3151 1542 legem
3200 1472 3470 1527 factorum

1880 1564 2157 1621 nunquam
2189 1552 2386 1610 debere
2413 1568 2648 1611 cessare.
2697 1556 2851 1613 Unde
2896 1559 3179 1613 sabbatum
3220 1559 3469 1615 zelaban-

1880 1649 1968 1696 tur
1994 1661 2005 1695 :
2032 1660 2139 1713 qua
2168 1642 2464 1703 offensione
2490 1662 2557 1702 ex
2586 1655 2742 1717 parte
2782 1648 2961 1704 obtusi
2993 1657 3139 1713 sunt,
3177 1658 3234 1703 ut
3261 1664 3361 1719 pro
3389 1648 3471 1703 in-

1880 1733 2201 1789 credulitate
2216 1750 2313 1790 sua
2336 1737 2731 1803 cruciarentur,
2750 1738 2997 1795 videntes
3020 1748 3205 1808 gentes
3226 1739 3469 1811 proﬁteri

179 1833 368 1895 potens
408 1832 483 1879 est
511 1823 647 1879 enim
695 1824 833 1879 Deus
864 1810 1051 1878 iterum
1080 1825 1306 1879 inserere
1334 1823 1473 1879 illos.
1526 1825 1775 1881 Ostendit
1801 1806 1850 1870 Β
1876 1838 2001 1878 eum
2044 1826 2241 1896 gaudio
2266 1835 2586 1884 consecutos
2614 1844 2672 1884 se
2697 1806 3176 1899 repromissionem
3200 1806 3462 1887 Abrahae:

175 1915 453 1987 justitiam
480 1915 577 1970 Dei
622 1930 727 1970 non
776 1916 829 1969 in
866 1915 1154 1970 severitate
1208 1930 1429 1971 manere
1468 1917 1611 1971 circa
1656 1916 1777 1972 illos

181 2021 326 2078 quos
351 2008 645 2064 excaacavit
690 2008 756 2062 ad
790 2015 1016 2077 tempus,
1049 2006 1175 2076 quia
1213 2022 1318 2061 non
1350 2007 1429 2062 sic
1475 2007 1595 2063 illos
1625 2008 1775 2064 exei-

180 2097 286 2164 dit,
314 2106 377 2153 ut
413 2112 521 2155 non
570 2097 689 2153 illos
728 2098 900 2167 possit
928 2098 1122 2153 iterum
1167 2098 1430 2163 inserere,
1460 2098 1503 2152 si
1546 2114 1774 2153 conver-

178 2184 392 2256 tan'tur,
423 2188 516 2259 qui
544 2204 641 2259 per
666 2190 986 2258 prophetam
1021 2188 1158 2243 dixit
1198 2206 1210 2242 :
1247 2187 1573 2243 Revertentes
1600 2191 1667 2243 ad
1692 2207 1774 2244 me

179 2280 490 2351 replautabo
514 2280 648 2352 (Jer.
669 2279 854 2352 xxxv);
883 2290 941 2335 ut
968 2280 1072 2336 hoc
1102 2280 1337 2336 scientes
1363 2280 1591 2351 gentiles
1612 2280 1773 2336 Chri-

175 2371 347 2427 stiani
369 2386 478 2427 non
508 2370 765 2425 insultent
787 2368 1006 2437 Judaeis,
1038 2372 1171 2427 certi
1204 2372 1468 2427 reservari
1490 2371 1596 2426 illis
1616 2372 1771 2441 quasi

180 2459 357 2532 lapsis
384 2460 811 2516 misericordiam
848 2459 961 2514 Dei.
996 2459 1138 2514 Nam
1168 2462 1213 2513 si
1235 2469 1291 2513 tu
1321 2478 1385 2514 ex.
1412 2461 1647 2515 naturali
1676 2479 1769 2516 ea:-

175 2552 321 2607 eisus
355 2568 409 2608 es
436 2549 682 2617 oleastro,
707 2561 754 2605 et
777 2561 960 2605 contra
987 2560 1234 2605 naturam
1258 2552 1482 2606 insertus
1515 2569 1566 2607 es
1590 2553 1643 2606 in
1676 2552 1770 2606 bo-

175 2658 304 2696 nam
332 2641 521 2696 olivam
546 2655 565 2693 :
591 2652 789 2711 quanto
812 2642 978 2712 magis
1004 2641 1056 2695 Ιιί
1082 2642 1172 2711 qui
1192 2643 1479 2696 secundum
1524 2653 1770 2697 naturam

171 2732 476 2789 inserentur
497 2749 606 2788 sua:
627 2732 775 2787 oliva:
791 2734 809 2786 .'
831 2732 1041 2787 Olivatn
1078 2733 1259 2799 ﬁdem,
1288 2750 1385 2804 per
1416 2736 1768 2805 quamAbra-

170 2824 304 2879 ham
323 2822 651 2895 justiticatus
674 2832 756 2879 est
780 2826 1138 2895 accipiamus:
1173 2827 1465 2881 oleastrum
1487 2842 1615 2881 vero
1644 2828 1770 2896 quia

170 2917 411 2987 agrestis
441 2924 498 2971 et
527 2914 858 2971 infructuosa
885 2926 1075 2971 natura
1120 2925 1223 2981 est,
1252 2917 1531 2987 perfidiam
1559 2918 1736 2989 signiti

172 3016 385 3080 catam,
429 3008 507 3064 Ae
551 2998 648 3079 per
688 3009 810 3074 hoc,
843 3008 887 3061 si
942 3008 996 3061 hi
1045 3009 1137 3077 qui
1180 3024 1397 3078 semper
1427 3009 1629 3063 inimici
1675 3008 1769 3063 Dei

170 3099 417 3167 fuerunt,
451 3102 699 3157 conversi
738 3102 792 3155 in
834 3098 994 3154 fidem
1034 3100 1267 3154 Abrahae
1301 3102 1488 3155 inserti
1524 3109 1671 3165 sunt,
1702 3117 1768 3157 ex

169 3190 331 3261 cujus
359 3191 569 3261 origine
590 3207 699 3247 non
725 3199 886 3255 sunt;
923 3197 1127 3259 quanto
1162 3190 1335 3259 magis
1359 3188 1547 3253 Judaei,
1577 3191 1622 3245 si
1650 3190 1771 3260 pest

170 3283 525 3341 difﬁdentiam
550 3284 792 3348 credant,
831 3288 1071 3352 paternae
1099 3280 1357 3336 reddendi
1384 3289 1509 3335 sunt
1543 3288 1766 3345 naturae,

170 3375 368 3431 inserti
408 3374 601 3430 iterum
629 3374 683 3429 in
716 3389 866 3429 suam
898 3372 1348 3441 promissionem?
1376 3370 1574 3441 (0rig.)
1604 3368 1770 3425 Natu-

172 3484 295 3524 ram
322 3468 476 3523 olivae
505 3467 587 3523 vel
616 3466 835 3522 oleastri
862 3466 1158 3521 secundum
1201 3464 1303 3519 hoc
1332 3463 1592 3519 debemus
1621 3464 1766 3518 acci-

170 3562 328 3632 pere,
354 3559 496 3628 quod
522 3572 685 3627 supra
713 3558 1083 3627 exposuimus,
1128 3555 1271 3624 quod
1302 3554 1513 3609 arbitrii
1548 3553 1767 3608 libertas

170 3658 431 3709 naturam
460 3648 651 3726 iecerit
677 3648 969 3717 unicuique
990 3646 1074 3701 vel
1104 3646 1346 3709 oleastri,
1380 3645 1462 3699 vel
1487 3646 1641 3700 bona:
1669 3644 1768 3699 oli-

170 3754 276 3797 vas.
309 3738 716 3797 Observandum
760 3752 889 3793 sane
945 3746 1027 3792 est
1049 3737 1194 3806 quod
1232 3736 1286 3789 hi
1317 3735 1534 3805 quidem
1570 3733 1663 3803 qui
1699 3748 1766 3787 ex

169 3830 396 3904 propria
441 3829 582 3885 oliva
618 3828 955 3893 deciderunt,
998 3826 1155 3882 fracti
1208 3826 1493 3887 dicuntur;
1533 3825 1587 3879 hi
1636 3838 1766 3879 vero

172 3922 271 3994 qui
318 3938 386 3977 ex
415 3922 651 3976 oleastro
693 3920 1022 3983 inseruntur,
1068 3918 1112 3971 si
1159 3917 1353 3971 iterum
1398 3915 1763 3986 peccaverint,

172 4030 287 4071 non
320 4014 631 4085 frangendi;
660 4013 802 4082 quod
837 4011 1023 4080 utique
1063 4017 1208 4065 esset
1252 4009 1444 4073 levius,
1491 4010 1584 4064 sed
1622 4009 1767 4065 exci-

173 4106 338 4164 dendi
367 4105 721 4178 appellantur.
762 4102 819 4157 In
860 4118 967 4174 quo
999 4102 1372 4157 vehementior
1398 4102 1640 4171 profecto
1670 4102 1764 4157 Dei

172 4195 447 4254 severitas
483 4196 772 4258 indicatur,
821 4193 866 4247 si
908 4200 1257 4262 posteaquam
1293 4192 1437 4260 quis,
1469 4206 1589 4247 eum
1621 4198 1766 4245 esset

172 4289 410 4345 oleaster
437 4294 587 4344 et-cx
614 4274 957 4356 peccatorum
987 4284 1118 4337 silva
1145 4284 1401 4338 collectus
1431 4284 1498 4339 ad
1527 4283 1761 4337 radicem

172 4378 303 4435 ildei
326 4393 390 4433 ac
410 4378 713 4433 sanctitatis
740 4374 1003 4431 adductus
1028 4384 1132 4439 est,
1157 4386 1344 4447 rursus
1368 4389 1583 4429 amaros
1604 4372 1760 4427 mali-

1878 1916 2032 1987 copia
2055 1926 2234 1973 tamen
2258 1918 2493 1977 admissa
2518 1920 2760 1991 gentium
2784 1921 3185 1992 abstergeretur
3206 1920 3380 1991 caligo
3403 1919 3470 1975 ab

1876 2008 2048 2064 oculis
2078 2010 2275 2075 mentis
2328 2025 2539 2075 eorum,
2570 2018 2629 2064 ut
2672 2011 2884 2079 possint
2911 2011 3165 2076 credere;
3217 2021 3275 2065 ut
3306 2010 3467 2079 spiri-

1876 2108 1991 2165 tum
2020 2102 2449 2172 compunctionis
2476 2101 2771 2173 prohibens
2797 2117 2827 2156 a
2857 2102 3113 2158 cordibus
3133 2117 3336 2166 eorum,
3372 2100 3463 2170 qui

1874 2190 1955 2244 eis
1979 2199 2201 2260 praestat
2235 2192 2562 2256 caecitatem,
2588 2186 2784 2245 reddat
2807 2192 2885 2245 eis
2921 2192 3207 2253 arbitrium
3231 2191 3463 2246 liberum

1873 2279 2174 2334 voluntatis
2194 2322 2206 2346 ,
2248 2282 2375 2351 quia
2403 2296 2509 2336 non
2534 2281 2600 2335 de
2625 2281 3002 2337 malevolentia
3031 2292 3147 2337 erat
3179 2280 3465 2337 increduli-

1879 2380 1982 2435 tas,
2014 2372 2109 2427 sed
2154 2374 2223 2428 de
2277 2388 2463 2429 errore
2497 2373 2937 2440 emendarentur,
2961 2382 3020 2428 ut
3056 2382 3239 2444 postea
3284 2373 3459 2428 salva-

1874 2472 2081 2518 rentur.
2114 2462 2311 2534 (0rig.)
2351 2464 2445 2519 Est
2474 2479 2604 2535 ergo
2642 2466 2961 2535 mysterium
2999 2465 3140 2533 quod
3176 2464 3463 2535 ignoraba-

1876 2561 1964 2607 tur
1989 2553 2058 2607 ab
2085 2553 2177 2609 .his
2212 2554 2304 2623 qui
2349 2553 2699 2619 insultabant,
2728 2554 3033 2623 hujusmodi
3063 2572 3075 2608 :
3108 2555 3377 2624 quomodo
3408 2554 3462 2608 in

1874 2644 2209 2713 dispersione
2238 2643 2469 2699 filiorum
2494 2643 2666 2699 Adam
2709 2644 2923 2699 caeteris
2964 2644 3265 2714 quibusque
3293 2644 3467 2715 genti-

1872 2733 1973 2789 bus
2003 2736 2296 2789 secundum
2321 2735 2634 2805 angelorum
2668 2750 2953 2790 numerum
2980 2734 3302 2800 distributis,
3334 2751 3464 2803 pro-

1871 2825 1989 2893 pria
2034 2824 2280 2892 quaedam
2311 2840 2437 2894 pars
2462 2824 2605 2879 facta
2650 2825 2721 2880 sit
2759 2824 2961 2889 Israel,
3002 2824 3143 2879 sicut
3179 2834 3233 2879 et
3264 2825 3317 2879 in
3346 2824 3466 2879 aliis

1874 2912 1964 2965 ubi
1993 2915 2252 2983 oportuit,
2283 2922 2337 2969 et
2365 2916 2417 2969 in
2448 2915 2533 2969 bis
2559 2915 2691 2985 ipsis
2720 2915 2881 2985 paulo
2912 2916 3159 2985 superius
3194 2930 3464 2970 memora-

1873 2992 2083 3070 vimus',
2114 3008 2180 3060 ad
2203 3020 2335 3075 quos
2362 3016 2417 3062 et
2458 3008 2905 3077 repromissioncs
2928 3009 3193 3063 bonorum
3223 3015 3277 3063 et
3304 3016 3465 3063 testa-

1876 3106 2075 3162 menta,
2106 3106 2159 3152 ct
2210 3098 2472 3169 legislatio
2518 3099 2656 3154 facta
2701 3106 2802 3154 est.
2852 3099 3104 3155 Mancnte
3132 3114 3263 3171 ergo
3309 3108 3466 3169 parte

1874 3185 1964 3239 illa
2005 3188 2216 3242 Domini
2254 3189 2308 3242 in
2337 3197 2478 3243 statu
2519 3204 2633 3253 suo,
2662 3189 2914 3259 possibile
2945 3206 3051 3245 non
3075 3199 3190 3245 erat
3221 3204 3337 3255 nos,
3372 3189 3462 3259 qui

1872 3295 2088 3335 eramus
2138 3290 2363 3352 gentes,
2394 3282 2619 3337 introire
2646 3282 2702 3335 in
2729 3282 3104 3373 haereditatem
3149 3281 3245 3335 Dei
3298 3290 3353 3337 et
3406 3282 3459 3335 in

1872 3372 2075 3441 sceptri
2123 3374 2240 3443 ejus
2280 3370 2403 3445 jura
2448 3375 2758 3430 succedere.
2807 3370 3013 3430 Idcirco
3062 3376 3224 3445 igitur
3261 3374 3465 3444 patitur

1866 3461 2009 3515 Deus
2037 3477 2105 3515 ex
2138 3471 2313 3531 parte,
2346 3464 2397 3517 id
2424 3472 2505 3519 est
2530 3481 2633 3519 non
2662 3466 2934 3530 omnibus,
2966 3466 3060 3519 sed
3091 3466 3359 3534 aliquibus
3387 3479 3455 3521 ex

1865 3549 2029 3606 Israel
2078 3551 2193 3608 fieri
2245 3554 2567 3620 caecitatem,
2609 3556 2676 3610 ab
2730 3555 2834 3609 illis
2884 3556 3001 3610 sine
3044 3555 3211 3611 'dubio
3257 3555 3460 3627 angelis

1868 3640 2087 3695 obtentu
2118 3642 2313 3697 invida:
2354 3644 2710 3699 mniulationis
2735 3644 2957 3709 illatam,
2987 3661 3107 3716 qum
3133 3654 3455 3701 eaeterarum

1866 3734 2107 3804 gentium
2138 3736 2315 3790 sortiti
2344 3734 2555 3791 fuerant
2578 3738 2961 3807 principatum.
2986 3736 3185 3793 Passus
3215 3746 3299 3793 est
3324 3752 3454 3809 ergo

1867 3824 2030 3891 Deus,
2064 3834 2118 3879 et
2143 3842 2265 3881 cum
2293 3837 2476 3898 posset
2502 3815 3026 3897 prohiberejnoluit,
3054 3836 3111 3881 ut
3134 3843 3230 3897 pro
3260 3828 3345 3882 his
3370 3828 3462 3898 qui

1865 3916 2110 3972 caecitate
2156 3918 2403 3988 decepti,
2444 3920 2495 3973 id
2536 3929 2636 3985 est,
2664 3920 2843 3975 cordis
2890 3918 3174 3974 obtusioue
3224 3920 3459 3990 prolapsi

1867 4014 2010 4071 sunt,
2042 4008 2279 4075 ipsorum
2323 4008 2413 4078 qui
2446 4008 2577 4064 istos
2607 4007 2931 4078 decepera‘nt
2979 4010 3256 4078 portiones
3296 4024 3450 4065 suam

1866 4095 2007 4151 Deus
2032 4095 2235 4152 faceret
2263 4098 2563 4167 portionem
2586 4141 2599 4165 ,
2632 4108 2689 4153 ut
2714 4099 3113 4169 quodammodo
3144 4100 3196 4153 in
3222 4116 3286 4155 eo
3318 4101 3455 4170 ipso,

1870 4202 1978 4255 quo
2010 4196 2288 4257 eruperant
2312 4199 2651 4259 caperentur.
2678 4193 2998 4247 Avertentes
3020 4194 3161 4247 enim
3189 4195 3255 4248 ad
3279 4211 3335 4250 se
3365 4209 3461 4265 per

1864 4278 2075 4345 peccati
2119 4278 2399 4333 illecebras
2428 4280 2518 4333 Dei
2549 4280 2774 4347 plebem,
2806 4282 2981 4335 locum
3013 4280 3257 4337 fecerunt
3286 4285 3460 4353 genti-

1863 4367 1965 4421 bus
2000 4367 2332 4438 iugrediendi
2372 4371 2425 4424 in
2465 4371 2833 4427 lnercditatem
2871 4360 2997 4436 Dei,
3034 4373 3143 4429 Deo
3174 4391 3294 4430 cum
3327 4376 3459 4446 ipsis

176 4470 269 4527 tite
292 4467 531 4540 proferat
554 4483 764 4523 succos.
799 4466 905 4522 Sed
937 4481 1003 4520 ne
1045 4468 1145 4521 hoc
1173 4466 1388 4535 quidem
1436 4464 1601 4519 lateat
1640 4479 1757 4529 nos,
1790 4500 1839 4561 D
1866 4463 2138 4515 communi
2188 4462 2419 4532 quodam
2446 4472 2499 4518 et
2528 4465 2836 4533 :equissimo
2872 4465 2996 4533 jure
3044 4466 3273 4522 habente
3308 4468 3455 4537 judi-

174 4561 325 4635 quod
353 4576 459 4617 non
487 4576 551 4617 eo
578 4560 767 4615 ordine
795 4556 1081 4628 Apostolus
1103 4557 1255 4611 oliva:
1282 4564 1336 4609 et
1362 4556 1582 4611 oleastri
1620 4555 1764 4609 simi-

173 4654 460 4710 litudinem
496 4652 694 4723 posuit,
738 4666 846 4721 quo
892 4648 1032 4719 apud
1078 4647 1340 4716 agricolas
1383 4646 1634 4699 habetur.
1684 4644 1761 4698 Illi

173 4746 325 4802 enim
356 4742 530 4814 magis
572 4742 768 4797 olivam
810 4741 1047 4795 oleastro
1091 4740 1331 4793 inserere
1371 4745 1424 4791 et
1468 4751 1572 4792 non
1606 4736 1762 4789 olivtc

174 4838 475 4896 oleastrum
503 4834 697 4893 solent.
725 4833 920 4889 Paulus
953 4848 1079 4889 vero
1109 4830 1417 4901 Apostolica
1440 4831 1763 4885 auctoritate

174 4929 370 4987 ordine
414 4934 741 4985 commutato
770 4942 857 4983 res
890 4926 1060 4997 magis
1105 4924 1303 4987 causis,
1361 4937 1520 4992 quam
1574 4937 1764 4976 causas

177 5020 346 5076 rebus
373 5020 596 5087 aptavit.

228 5108 370 5164 Nolo
383 5110 520 5163 enim
534 5125 619 5163 vos
632 5110 892 5181 ignorare,
911 5107 1100 5177 fratres
1110 5148 1124 5172 ,
1136 5107 1439 5178 mysterium
1456 5106 1572 5173 hoc,
1589 5116 1642 5159 ut
1658 5122 1762 5160 non

177 5202 294 5257 sitis
322 5200 464 5256 vobis
492 5199 617 5269 ipsis
637 5202 915 5270 sapientes,
938 5202 1060 5272 quia
1089 5200 1292 5255 ca’citas
1309 5215 1371 5253 ea;
1385 5209 1530 5269 parte
1550 5200 1763 5268 contigit

176 5296 237 5350 in
259 5293 447 5359 Israel,
463 5292 625 5347 donec
638 5292 904 5364 plenitudo
927 5294 1404 5365 gentiumintrarct,
1423 5303 1468 5347 ct
1494 5295 1567 5347 sic
1593 5295 1758 5347 omnis

181 5386 355 5442 Israel
375 5385 551 5440 salvus
570 5385 735 5454 ﬁeret.
752 5384 939 5441 Adhuc
961 5384 1025 5441 ad
1048 5401 1139 5442 eos
1164 5386 1254 5456 qui
1284 5401 1347 5441 ex
1374 5386 1621 5455 gentibus
1645 5402 1761 5441 crc-

179 5477 431 5532 diderant
452 5476 606 5545 quasi
627 5476 797 5531 elatos
818 5479 1260 5548 etsuperbientes
1280 5479 1564 5533 adversum
1584 5494 1763 5533 ramos

181 5565 275 5636 qui
302 5565 456 5621 fracti
480 5573 621 5630 sunt,
638 5572 692 5621 et
707 5571 959 5634 putantes
982 5567 1123 5636 quod
1147 5568 1248 5623 hoc
1274 5582 1379 5622 non
1405 5567 1500 5623 Dei
1524 5568 1764 5624 bonitate

182 5664 240 5711 et
265 5656 519 5712 ineffabili
548 5657 939 5727 dispensatione
963 5658 1237 5727 sapientia:
1258 5657 1391 5726 ejus,
1412 5661 1502 5715 sed
1525 5662 1639 5716 suis
1662 5677 1765 5716 mc-

186 5748 309 5806 ritis
326 5748 599 5805 consecuti
631 5755 775 5815 sunt,
801 5754 857 5803 ut
885 5747 989 5804 illis
1013 5748 1411 5821 defractis,.ipsi
1441 5768 1562 5808 cum
1583 5762 1763 5811 essent

1866 4554 2029 4617 cium,
2048 4562 2107 4607 ut
2128 4555 2299 4609 donec
2326 4556 2399 4609 illi
2427 4556 2633 4624 plebem
2660 4558 2751 4609 Dei
2781 4558 2832 4608 in
2854 4557 3114 4611 caecitatis
3141 4560 3453 4626 captivitate

1867 4646 2191 4712 detinerent,
2215 4647 2367 4715 quasi
2411 4646 2475 4699 ad
2522 4646 2754 4700 invicem
2785 4661 2995 4711 eorum,
3027 4662 3163 4716 quos
3195 4647 3262 4701 ab
3304 4648 3457 4705 initio

1864 4752 1930 4791 ex
1975 4738 2219 4805 portione
2264 4737 2357 4791 Dei
2387 4746 2441 4793 et
2484 4747 2761 4808 segregata
2810 4737 2927 4807 ejus
2955 4738 3274 4795 haereditate
3324 4742 3452 4797 sub-

1866 4821 2165 4891 traxerant,
2216 4828 2454 4897 gentium
2512 4844 2768 4883 numerus
2808 4829 3098 4894 reddetur;
3149 4846 3273 4885 cum
3325 4847 3455 4889 vero

1864 4917 2141 4987 plenitudo
2187 4919 2425 4988 gentium
2469 4920 2657 4975 fuisset
2710 4920 2919 4989 eXpleta
2946 4961 2960 4986 ,
3016 4928 3070 4974 et
3111 4922 3454 4979 :cmulatione

1868 5010 2057 5065 salutis
2088 5027 2272 5067 eorum
2319 5013 2571 5081 coepisset
2602 5012 2765 5066 Israel
2796 5012 3067 5067 discutere
3094 5029 3124 5066 a
3161 5014 3455 5084 semetipso

1866 5104 2161 5158 emcitatem
2212 5104 2410 5169 cordis,
2440 5114 2493 5158 et
2543 5104 2767 5158 elevatis
2810 5103 2989 5181 oculis
3018 5105 3130 5159 suis
3174 5103 3449 5159 Christum

1865 5208 2052 5247 verum
2080 5194 2260 5248 lumen
2287 5195 2548 5264 aspicere,
2590 5203 2643 5249 et
2673 5196 2745 5249 ita
2773 5196 3065 5251 secundum
3089 5196 3455 5265 praecedentes

1864 5287 2175 5357 prophetias
2198 5287 2447 5351 salutem,
2473 5304 2635 5356 quam
2662 5287 2969 5343 obcmcatus
2990 5287 3245 5343 amiserat
3267 5287 3451 5354 Israel,

1868 5388 2134 5448 qumrcret
2176 5378 2479 5449 instigatus,
2534 5379 2719 5433 dicens
2756 5379 2900 5448 apud
2945 5379 3291 5448 semetipsum
3325 5377 3457 5432 illud

1867 5471 2238 5539 propheticum
2271 5489 2281 5522 :
2310 5469 2559 5524 Revertar
2578 5472 2647 5523 ad
2667 5470 2833 5523 virum
2859 5485 3032 5522 meum
3058 5472 3302 5539 priorem,
3326 5482 3460 5537 quo-

1870 5566 2010 5618 niam
2032 5564 2216 5617 melius
2246 5564 2372 5617 mihi
2394 5572 2502 5615 erat
2530 5572 2650 5616 ante
2670 5578 2826 5633 quam
2848 5561 3006 5614 modo
3032 5560 3184 5630 (Osee
3201 5559 3287 5629 ιι).
3305 5556 3468 5623 Quod

1872 5670 2048 5715 autem
2072 5662 2184 5715 haec
2207 5660 2310 5713 illis
2330 5659 2597 5729 promissa
2620 5659 2728 5711 sint
2753 5672 2849 5727 per
2867 5657 3182 5726 prophetas,
3199 5657 3256 5707 in
3279 5649 3478 5706 multis

1873 5755 2086 5825 quidem
2124 5753 2449 5823 propheticis
2476 5750 2836 5808 voluminibus
2864 5748 3162 5805 invenitur.
3194 5744 3491 5803 Ponemus
