  <div class='ocr_page' id='page_1' title='image "/cluster/home/n/w/nwhite01/storage/ocr_20150623/111/uva.x000827067/775.png"; bbox 0 0 3948 6356; ppageno 0'>
   <div class='ocr_carea' id='block_1_1' title="bbox 510 390 647 447">
    <p class='ocr_par' dir='ltr' id='par_1_1' title="bbox 510 390 647 447">
     <span class='ocr_line' id='line_1_1' title="bbox 510 390 647 447; baseline 0.015 -2"><span class='ocrx_word' id='word_1_1' title='bbox 510 390 647 447; x_wconf 71' lang='grc'><strong>1555</strong></span> 
     </span>
    </p>
   </div>
   <div class='ocr_carea' id='block_1_2' title="bbox 1147 368 3113 439">
    <p class='ocr_par' dir='ltr' id='par_1_2' title="bbox 1147 368 3113 439">
     <span class='ocr_line' id='line_1_2' title="bbox 1147 368 3113 439; baseline -0.004 0"><span class='ocrx_word' id='word_1_2' title='bbox 1147 385 1208 439; x_wconf 88' lang='grc' dir='ltr'><strong>Β.</strong></span> <span class='ocrx_word' id='word_1_3' title='bbox 1246 382 1503 439; x_wconf 75' lang='lat' dir='ltr'><strong>RABANI</strong></span> <span class='ocrx_word' id='word_1_4' title='bbox 1536 378 1757 438; x_wconf 81' lang='lat' dir='ltr'><strong>MAURI</strong></span> <span class='ocrx_word' id='word_1_5' title='bbox 1793 377 2112 435; x_wconf 83' lang='lat' dir='ltr'><strong>ARCHIEP.</strong></span> <span class='ocrx_word' id='word_1_6' title='bbox 2153 368 2766 431; x_wconf 77' lang='lat' dir='ltr'><strong>MOGUNT.OPERUM</strong></span> <span class='ocrx_word' id='word_1_7' title='bbox 2804 370 2986 430; x_wconf 84' lang='lat' dir='ltr'><strong>PARS</strong></span> <span class='ocrx_word' id='word_1_8' title='bbox 3025 374 3113 431; x_wconf 86' lang='lat' dir='ltr'><strong>III.</strong></span> 
     </span>
    </p>
   </div>
   <div class='ocr_carea' id='block_1_3' title="bbox 3634 383 3782 441">
    <p class='ocr_par' dir='ltr' id='par_1_3' title="bbox 3634 383 3782 441">
     <span class='ocr_line' id='line_1_3' title="bbox 3634 383 3782 441; baseline 0.014 -2"><span class='ocrx_word' id='word_1_9' title='bbox 3634 383 3782 441; x_wconf 69' lang='lat'><strong>{536</strong></span> 
     </span>
    </p>
   </div>
   <div class='ocr_carea' id='block_1_4' title="bbox 507 485 3785 571">
    <p class='ocr_par' dir='ltr' id='par_1_4' title="bbox 507 485 3785 571">
     <span class='ocr_line' id='line_1_4' title="bbox 507 485 3785 571; baseline -0.003 -13"><span class='ocrx_word' id='word_1_10' title='bbox 507 512 687 558; x_wconf 79' lang='lat' dir='ltr'><strong>tamen</strong></span> <span class='ocrx_word' id='word_1_11' title='bbox 721 496 863 571; x_wconf 89' lang='lat' dir='ltr'><strong>quod</strong></span> <span class='ocrx_word' id='word_1_12' title='bbox 906 493 1132 550; x_wconf 73' lang='lat' dir='ltr'><strong>sufﬁciat</strong></span> <span class='ocrx_word' id='word_1_13' title='bbox 1174 494 1240 549; x_wconf 89' lang='lat' dir='ltr'><strong>ad</strong></span> <span class='ocrx_word' id='word_1_14' title='bbox 1279 508 1517 564; x_wconf 58' lang='lat' dir='ltr'><strong>praesens</strong></span> <span class='ocrx_word' id='word_1_15' title='bbox 1560 506 1727 547; x_wconf 91' lang='lat' dir='ltr'><strong>unum</strong></span> <span class='ocrx_word' id='word_1_16' title='bbox 1759 490 1824 546; x_wconf 91' lang='lat' dir='ltr'><strong>de</strong></span> <span class='ocrx_word' id='word_1_17' title='bbox 1852 489 2086 545; x_wconf 77' lang='lat' dir='ltr'><strong>Ieremia</strong></span> <span class='ocrx_word' id='word_1_18' title='bbox 2114 491 2162 549; x_wconf 78' lang='grc' dir='ltr'><strong>Δ</strong></span> <span class='ocrx_word' id='word_1_19' title='bbox 2190 485 2546 542; x_wconf 84' lang='lat' dir='ltr'><strong>conferuntur</strong></span> <span class='ocrx_word' id='word_1_20' title='bbox 2582 500 2704 541; x_wconf 91' lang='lat' dir='ltr'><strong>cum</strong></span> <span class='ocrx_word' id='word_1_21' title='bbox 2742 486 3076 558; x_wconf 90' lang='lat' dir='ltr'><strong>plenitudine</strong></span> <span class='ocrx_word' id='word_1_22' title='bbox 3109 492 3351 560; x_wconf 89' lang='lat' dir='ltr'><strong>gentium</strong></span> <span class='ocrx_word' id='word_1_23' title='bbox 3390 497 3617 554; x_wconf 65' lang='lat' dir='ltr'><strong>:ceteri</strong></span> <span class='ocrx_word' id='word_1_24' title='bbox 3648 514 3785 558; x_wconf 67' lang='lat' dir='ltr'><strong>vero</strong></span> 
     </span>
    </p>
   </div>
   <div class='ocr_carea' id='block_1_5' title="bbox 508 581 2086 653">
    <p class='ocr_par' dir='ltr' id='par_1_5' title="bbox 508 581 2086 653">
     <span class='ocr_line' id='line_1_5' title="bbox 508 581 2086 653; baseline -0.011 -2"><span class='ocrx_word' id='word_1_25' title='bbox 508 590 875 651; x_wconf 88' lang='lat' dir='ltr'><strong>testimonium</strong></span> <span class='ocrx_word' id='word_1_26' title='bbox 900 627 915 653; x_wconf 93' lang='lat'><strong>,</strong></span> <span class='ocrx_word' id='word_1_27' title='bbox 948 586 1021 641; x_wconf 89' lang='lat' dir='ltr'><strong>ita</strong></span> <span class='ocrx_word' id='word_1_28' title='bbox 1071 587 1353 642; x_wconf 91' lang='lat' dir='ltr'><strong>continens</strong></span> <span class='ocrx_word' id='word_1_29' title='bbox 1380 604 1392 641; x_wconf 90' lang='lat'><strong>:</strong></span> <span class='ocrx_word' id='word_1_30' title='bbox 1422 583 1479 640; x_wconf 90' lang='lat' dir='ltr'><strong>Si</strong></span> <span class='ocrx_word' id='word_1_31' title='bbox 1520 583 1779 639; x_wconf 74' lang='lat' dir='ltr'><strong>exaltetur</strong></span> <span class='ocrx_word' id='word_1_32' title='bbox 1816 581 2000 636; x_wconf 85' lang='lat' dir='ltr'><strong>caelum</strong></span> <span class='ocrx_word' id='word_1_33' title='bbox 2032 581 2086 635; x_wconf 83' lang='lat' dir='ltr'><strong>in</strong></span> 
     </span>
    </p>
   </div>
   <div class='ocr_carea' id='block_1_6' title="bbox 512 675 2087 751">
    <p class='ocr_par' dir='ltr' id='par_1_6' title="bbox 512 675 2087 751">
     <span class='ocr_line' id='line_1_6' title="bbox 512 675 2087 751; baseline -0.006 -16"><span class='ocrx_word' id='word_1_34' title='bbox 512 682 793 740; x_wconf 70' lang='lat' dir='ltr'><strong>excelsum,</strong></span> <span class='ocrx_word' id='word_1_35' title='bbox 816 688 863 732; x_wconf 88' lang='lat' dir='ltr'><strong>et</strong></span> <span class='ocrx_word' id='word_1_36' title='bbox 910 685 1049 751; x_wconf 85' lang='lat' dir='ltr'><strong>terra</strong></span> <span class='ocrx_word' id='word_1_37' title='bbox 1087 675 1390 731; x_wconf 74' lang='lat' dir='ltr'><strong>humiliotur</strong></span> <span class='ocrx_word' id='word_1_38' title='bbox 1428 675 1694 740; x_wconf 77' lang='lat' dir='ltr'><strong>deorsum,</strong></span> <span class='ocrx_word' id='word_1_39' title='bbox 1724 689 1819 744; x_wconf 85' lang='lat' dir='ltr'><strong><em>ego</em></strong></span> <span class='ocrx_word' id='word_1_40' title='bbox 1865 688 1971 727; x_wconf 88' lang='lat' dir='ltr'><strong>non</strong></span> <span class='ocrx_word' id='word_1_41' title='bbox 2011 687 2087 726; x_wconf 90' lang='lat' dir='ltr'><strong>re-</strong></span> 
     </span>
    </p>
   </div>
   <div class='ocr_carea' id='block_1_7' title="bbox 508 759 2085 845">
    <p class='ocr_par' dir='ltr' id='par_1_7' title="bbox 508 759 2085 845">
     <span class='ocr_line' id='line_1_7' title="bbox 508 759 2085 845; baseline -0.007 -19"><span class='ocrx_word' id='word_1_42' title='bbox 508 770 734 845; x_wconf 85' lang='lat' dir='ltr'><strong>pro&#39;oabo</strong></span> <span class='ocrx_word' id='word_1_43' title='bbox 773 784 934 840; x_wconf 86' lang='lat' dir='ltr'><strong>genus</strong></span> <span class='ocrx_word' id='word_1_44' title='bbox 959 766 1129 822; x_wconf 78' lang='lat' dir='ltr'><strong>Israel</strong></span> <span class='ocrx_word' id='word_1_45' title='bbox 1157 783 1251 837; x_wconf 92' lang='lat' dir='ltr'><strong>pro</strong></span> <span class='ocrx_word' id='word_1_46' title='bbox 1282 764 1517 821; x_wconf 88' lang='lat' dir='ltr'><strong>omnibus</strong></span> <span class='ocrx_word' id='word_1_47' title='bbox 1545 780 1662 831; x_wconf 70' lang='lat' dir='ltr'><strong>qua:</strong></span> <span class='ocrx_word' id='word_1_48' title='bbox 1688 764 1921 834; x_wconf 74' lang='lat' dir='ltr'><strong>fecerunt</strong></span> <span class='ocrx_word' id='word_1_49' title='bbox 1951 759 2085 834; x_wconf 79' lang='lat' dir='ltr'><strong>(Jer.</strong></span> 
     </span>
    </p>
   </div>
   <div class='ocr_carea' id='block_1_8' title="bbox 509 860 2091 937">
    <p class='ocr_par' dir='ltr' id='par_1_8' title="bbox 509 860 2091 937">
     <span class='ocr_line' id='line_1_8' title="bbox 509 860 2091 937; baseline -0.003 -16"><span class='ocrx_word' id='word_1_50' title='bbox 509 864 684 937; x_wconf 77' lang='lat' dir='ltr'><strong>xxxi).</strong></span> <span class='ocrx_word' id='word_1_51' title='bbox 717 862 777 919; x_wconf 89' lang='lat' dir='ltr'><strong>Si</strong></span> <span class='ocrx_word' id='word_1_52' title='bbox 805 878 936 935; x_wconf 84' lang='lat' dir='ltr'><strong>ergo</strong></span> <span class='ocrx_word' id='word_1_53' title='bbox 958 877 1059 934; x_wconf 91' lang='lat' dir='ltr'><strong>pro</strong></span> <span class='ocrx_word' id='word_1_54' title='bbox 1085 877 1149 919; x_wconf 89' lang='lat' dir='ltr'><strong>eo</strong></span> <span class='ocrx_word' id='word_1_55' title='bbox 1189 870 1249 929; x_wconf 86' lang='lat' dir='ltr'><strong>ut</strong></span> <span class='ocrx_word' id='word_1_56' title='bbox 1274 862 1522 917; x_wconf 74' lang='lat' dir='ltr'><strong>introiret</strong></span> <span class='ocrx_word' id='word_1_57' title='bbox 1547 862 1786 933; x_wconf 88' lang='lat' dir='ltr'><strong>gentium</strong></span> <span class='ocrx_word' id='word_1_58' title='bbox 1811 860 2091 932; x_wconf 81' lang='lat' dir='ltr'><strong>plenitudo</strong></span> 
     </span>
    </p>
   </div>
   <div class='ocr_carea' id='block_1_9' title="bbox 484 938 2089 1023">
    <p class='ocr_par' dir='ltr' id='par_1_9' title="bbox 484 938 2089 1023">
     <span class='ocr_line' id='line_1_9' title="bbox 484 938 2089 1023; baseline -0.002 -11"><span class='ocrx_word' id='word_1_59' title='bbox 484 938 487 943; x_wconf 22' lang='grc' dir='ltr'>ί</span> <span class='ocrx_word' id='word_1_60' title='bbox 510 956 725 1012; x_wconf 61' lang='lat' dir='ltr'><strong>caecitas</strong></span> <span class='ocrx_word' id='word_1_61' title='bbox 750 955 891 1011; x_wconf 85' lang='lat' dir='ltr'><strong>facta</strong></span> <span class='ocrx_word' id='word_1_62' title='bbox 916 962 1000 1011; x_wconf 91' lang='lat' dir='ltr'><strong>est</strong></span> <span class='ocrx_word' id='word_1_63' title='bbox 1023 954 1078 1010; x_wconf 92' lang='lat' dir='ltr'><strong>in</strong></span> <span class='ocrx_word' id='word_1_64' title='bbox 1100 954 1267 1010; x_wconf 91' lang='lat' dir='ltr'><strong>Israel</strong></span> <span class='ocrx_word' id='word_1_65' title='bbox 1288 968 1386 1023; x_wconf 90' lang='lat' dir='ltr'><strong>pro</strong></span> <span class='ocrx_word' id='word_1_66' title='bbox 1409 944 1660 1008; x_wconf 91' lang='lat' dir='ltr'><strong>omnibus</strong></span> <span class='ocrx_word' id='word_1_67' title='bbox 1680 968 1800 1023; x_wconf 62' lang='lat' dir='ltr'><strong>quae</strong></span> <span class='ocrx_word' id='word_1_68' title='bbox 1822 950 2089 1019; x_wconf 90' lang='lat' dir='ltr'><strong>fecerunt,</strong></span> 
     </span>
    </p>
   </div>
   <div class='ocr_carea' id='block_1_10' title="bbox 510 1041 2092 1115">
    <p class='ocr_par' dir='ltr' id='par_1_10' title="bbox 510 1041 2092 1115">
     <span class='ocr_line' id='line_1_10' title="bbox 510 1041 2092 1115; baseline -0.003 -14"><span class='ocrx_word' id='word_1_69' title='bbox 510 1045 628 1101; x_wconf 88' lang='lat' dir='ltr'><strong>sine</strong></span> <span class='ocrx_word' id='word_1_70' title='bbox 656 1045 817 1101; x_wconf 92' lang='lat' dir='ltr'><strong>dubio</strong></span> <span class='ocrx_word' id='word_1_71' title='bbox 861 1058 984 1099; x_wconf 91' lang='lat' dir='ltr'><strong>cum</strong></span> <span class='ocrx_word' id='word_1_72' title='bbox 1032 1042 1273 1115; x_wconf 88' lang='lat' dir='ltr'><strong>ingressa</strong></span> <span class='ocrx_word' id='word_1_73' title='bbox 1304 1041 1467 1097; x_wconf 90' lang='lat' dir='ltr'><strong>fuerit</strong></span> <span class='ocrx_word' id='word_1_74' title='bbox 1507 1042 1746 1113; x_wconf 88' lang='lat' dir='ltr'><strong>gentium</strong></span> <span class='ocrx_word' id='word_1_75' title='bbox 1790 1041 2092 1112; x_wconf 85' lang='lat' dir='ltr'><strong>plenitudo,</strong></span> 
     </span>
    </p>
   </div>
   <div class='ocr_carea' id='block_1_11' title="bbox 511 1128 2095 1201">
    <p class='ocr_par' dir='ltr' id='par_1_11' title="bbox 511 1128 2095 1201">
     <span class='ocr_line' id='line_1_11' title="bbox 511 1128 2095 1201; baseline -0.003 -11"><span class='ocrx_word' id='word_1_76' title='bbox 511 1134 727 1191; x_wconf 66' lang='lat' dir='ltr'><strong>caecitas</strong></span> <span class='ocrx_word' id='word_1_77' title='bbox 751 1133 1007 1189; x_wconf 81' lang='lat' dir='ltr'><strong>cessabit.</strong></span> <span class='ocrx_word' id='word_1_78' title='bbox 1031 1132 1183 1199; x_wconf 86' lang='lat' dir='ltr'><strong>Quod</strong></span> <span class='ocrx_word' id='word_1_79' title='bbox 1212 1131 1257 1187; x_wconf 92' lang='lat' dir='ltr'><strong>si</strong></span> <span class='ocrx_word' id='word_1_80' title='bbox 1281 1130 1394 1197; x_wconf 92' lang='lat' dir='ltr'><strong>vis,</strong></span> <span class='ocrx_word' id='word_1_81' title='bbox 1420 1131 1597 1201; x_wconf 85' lang='lat' dir='ltr'><strong>inquit</strong></span> <span class='ocrx_word' id='word_1_82' title='bbox 1620 1130 1929 1201; x_wconf 86' lang='lat' dir='ltr'><strong>Apostolus,</strong></span> <span class='ocrx_word' id='word_1_83' title='bbox 1954 1128 2095 1187; x_wconf 71' lang='lat' dir='ltr'><strong>scii&#39;e</strong></span> 
     </span>
    </p>
   </div>
   <div class='ocr_carea' id='block_1_12' title="bbox 510 1218 2093 1294">
    <p class='ocr_par' dir='ltr' id='par_1_12' title="bbox 510 1218 2093 1294">
     <span class='ocr_line' id='line_1_12' title="bbox 510 1218 2093 1294; baseline -0.005 -15"><span class='ocrx_word' id='word_1_84' title='bbox 510 1223 781 1294; x_wconf 86' lang='lat' dir='ltr'><strong>quomodo</strong></span> <span class='ocrx_word' id='word_1_85' title='bbox 820 1222 986 1278; x_wconf 91' lang='lat' dir='ltr'><strong>etiam</strong></span> <span class='ocrx_word' id='word_1_86' title='bbox 1014 1228 1137 1293; x_wconf 91' lang='lat' dir='ltr'><strong>post</strong></span> <span class='ocrx_word' id='word_1_87' title='bbox 1161 1220 1459 1276; x_wconf 59' lang='lat' dir='ltr'><strong>caecitatem</strong></span> <span class='ocrx_word' id='word_1_88' title='bbox 1497 1218 1786 1275; x_wconf 88' lang='lat' dir='ltr'><strong>salvandus</strong></span> <span class='ocrx_word' id='word_1_89' title='bbox 1808 1218 1881 1275; x_wconf 84' lang='lat' dir='ltr'><strong>sit</strong></span> <span class='ocrx_word' id='word_1_90' title='bbox 1906 1218 2093 1284; x_wconf 89' lang='lat' dir='ltr'><strong>Israel,</strong></span> 
     </span>
    </p>
   </div>
   <div class='ocr_carea' id='block_1_13' title="bbox 513 1314 1360 1385">
    <p class='ocr_par' dir='ltr' id='par_1_13' title="bbox 513 1314 1360 1385">
     <span class='ocr_line' id='line_1_13' title="bbox 513 1314 1360 1385; baseline -0.005 -15"><span class='ocrx_word' id='word_1_91' title='bbox 513 1315 637 1370; x_wconf 89' lang='lat' dir='ltr'><strong>audi</strong></span> <span class='ocrx_word' id='word_1_92' title='bbox 662 1315 933 1385; x_wconf 77' lang='lat' dir='ltr'><strong>quomodo</strong></span> <span class='ocrx_word' id='word_1_93' title='bbox 959 1314 1219 1383; x_wconf 88' lang='lat' dir='ltr'><strong>scriptum</strong></span> <span class='ocrx_word' id='word_1_94' title='bbox 1246 1319 1360 1368; x_wconf 83' lang='lat' dir='ltr'><strong>est:</strong></span> 
     </span>
    </p>
   </div>
   <div class='ocr_carea' id='block_1_14' title="bbox 594 1400 2100 1475">
    <p class='ocr_par' dir='ltr' id='par_1_14' title="bbox 594 1400 2100 1475">
     <span class='ocr_line' id='line_1_14' title="bbox 594 1400 2100 1475; baseline -0.003 -16"><span class='ocrx_word' id='word_1_95' title='bbox 594 1405 770 1460; x_wconf 87' lang='lat' dir='ltr'><strong>Veniet</strong></span> <span class='ocrx_word' id='word_1_96' title='bbox 800 1421 864 1460; x_wconf 75' lang='lat' dir='ltr'><strong>ea:</strong></span> <span class='ocrx_word' id='word_1_97' title='bbox 897 1404 1025 1459; x_wconf 87' lang='lat' dir='ltr'><strong>Sion</strong></span> <span class='ocrx_word' id='word_1_98' title='bbox 1052 1405 1143 1475; x_wconf 90' lang='lat' dir='ltr'><strong>qui</strong></span> <span class='ocrx_word' id='word_1_99' title='bbox 1169 1403 1356 1473; x_wconf 81' lang='lat' dir='ltr'><strong>eripiat</strong></span> <span class='ocrx_word' id='word_1_100' title='bbox 1384 1410 1432 1457; x_wconf 90' lang='lat' dir='ltr'><strong>et</strong></span> <span class='ocrx_word' id='word_1_101' title='bbox 1462 1410 1660 1457; x_wconf 81' lang='lat' dir='ltr'><strong>auertat</strong></span> <span class='ocrx_word' id='word_1_102' title='bbox 1703 1400 2023 1472; x_wconf 81' lang='lat' dir='ltr'><strong>impietatem</strong></span> <span class='ocrx_word' id='word_1_103' title='bbox 2066 1417 2100 1455; x_wconf 93' lang='lat' dir='ltr'><strong>a</strong></span> 
     </span>
    </p>
   </div>
   <div class='ocr_carea' id='block_1_15' title="bbox 2190 577 3788 660">
    <p class='ocr_par' dir='ltr' id='par_1_15' title="bbox 2190 577 3788 660">
     <span class='ocr_line' id='line_1_15' title="bbox 2190 577 3788 660; baseline 0.009 -28"><span class='ocrx_word' id='word_1_104' title='bbox 2190 579 2282 649; x_wconf 91' lang='lat' dir='ltr'><strong>qui</strong></span> <span class='ocrx_word' id='word_1_105' title='bbox 2317 577 2572 635; x_wconf 74' lang='lat' dir='ltr'><strong>excaecati</strong></span> <span class='ocrx_word' id='word_1_106' title='bbox 2610 587 2736 633; x_wconf 91' lang='lat' dir='ltr'><strong>sunt</strong></span> <span class='ocrx_word' id='word_1_107' title='bbox 2785 594 2852 634; x_wconf 80' lang='lat' dir='ltr'><strong>ex</strong></span> <span class='ocrx_word' id='word_1_108' title='bbox 2886 578 3073 645; x_wconf 82' lang='lat' dir='ltr'><strong>Israel,</strong></span> <span class='ocrx_word' id='word_1_109' title='bbox 3110 581 3469 641; x_wconf 85' lang='lat' dir='ltr'><strong>conferuntur</strong></span> <span class='ocrx_word' id='word_1_110' title='bbox 3512 588 3599 646; x_wconf 87' lang='lat' dir='ltr'><strong>bis</strong></span> <span class='ocrx_word' id='word_1_111' title='bbox 3650 605 3788 660; x_wconf 78' lang='lat' dir='ltr'><strong>gen-</strong></span> 
     </span>
    </p>
   </div>
   <div class='ocr_carea' id='block_1_16' title="bbox 2188 661 3789 752">
    <p class='ocr_par' dir='ltr' id='par_1_16' title="bbox 2188 661 3789 752">
     <span class='ocr_line' id='line_1_16' title="bbox 2188 661 3789 752; baseline 0.009 -28"><span class='ocrx_word' id='word_1_112' title='bbox 2188 670 2333 748; x_wconf 82' lang='lat' dir='ltr'><strong>tibus</strong></span> <span class='ocrx_word' id='word_1_113' title='bbox 2379 685 2501 740; x_wconf 83' lang='lat' dir='ltr'><strong>quae</strong></span> <span class='ocrx_word' id='word_1_114' title='bbox 2543 682 2650 724; x_wconf 90' lang='lat' dir='ltr'><strong>non</strong></span> <span class='ocrx_word' id='word_1_115' title='bbox 2692 677 2984 739; x_wconf 89' lang='lat' dir='ltr'><strong>potuerunt</strong></span> <span class='ocrx_word' id='word_1_116' title='bbox 3031 661 3098 726; x_wconf 65' lang='lat' dir='ltr'><strong>ad</strong></span> <span class='ocrx_word' id='word_1_117' title='bbox 3155 672 3541 744; x_wconf 86' lang='lat' dir='ltr'><strong>plenitudinem</strong></span> <span class='ocrx_word' id='word_1_118' title='bbox 3583 697 3789 752; x_wconf 73' lang='lat' dir='ltr'><strong>perve-</strong></span> 
     </span>
    </p>
   </div>
   <div class='ocr_carea' id='block_1_17' title="bbox 2190 762 3789 834">
    <p class='ocr_par' dir='ltr' id='par_1_17' title="bbox 2190 762 3789 834">
     <span class='ocr_line' id='line_1_17' title="bbox 2190 762 3789 834; baseline 0.009 -16"><span class='ocrx_word' id='word_1_119' title='bbox 2190 763 2334 823; x_wconf 82' lang='lat' dir='ltr'><strong>nire.</strong></span> <span class='ocrx_word' id='word_1_120' title='bbox 2384 762 2478 819; x_wconf 90' lang='lat' dir='ltr'><strong>Sic</strong></span> <span class='ocrx_word' id='word_1_121' title='bbox 2544 776 2673 834; x_wconf 90' lang='lat' dir='ltr'><strong>ergo</strong></span> <span class='ocrx_word' id='word_1_122' title='bbox 2736 776 2856 833; x_wconf 70' lang='lat' dir='ltr'><strong>qua:</strong></span> <span class='ocrx_word' id='word_1_123' title='bbox 2920 764 3268 822; x_wconf 83' lang='lat' dir='ltr'><strong>inveniuntur</strong></span> <span class='ocrx_word' id='word_1_124' title='bbox 3318 769 3375 825; x_wconf 88' lang='lat' dir='ltr'><strong>in</strong></span> <span class='ocrx_word' id='word_1_125' title='bbox 3436 775 3789 832; x_wconf 75' lang='lat' dir='ltr'><strong>sermonibus</strong></span> 
     </span>
    </p>
   </div>
   <div class='ocr_carea' id='block_1_18' title="bbox 2190 853 3793 931">
    <p class='ocr_par' dir='ltr' id='par_1_18' title="bbox 2190 853 3793 931">
     <span class='ocr_line' id='line_1_18' title="bbox 2190 853 3793 931; baseline 0.004 -20"><span class='ocrx_word' id='word_1_126' title='bbox 2190 854 2593 927; x_wconf 66' lang='lat' dir='ltr'><strong>prophetarum,</strong></span> <span class='ocrx_word' id='word_1_127' title='bbox 2634 853 2703 909; x_wconf 90' lang='lat' dir='ltr'><strong>de</strong></span> <span class='ocrx_word' id='word_1_128' title='bbox 2772 855 3282 925; x_wconf 88' lang='lat' dir='ltr'><strong>repromissionibus</strong></span> <span class='ocrx_word' id='word_1_129' title='bbox 3343 860 3545 931; x_wconf 89' lang='lat' dir='ltr'><strong>scripta</strong></span> <span class='ocrx_word' id='word_1_130' title='bbox 3601 864 3793 921; x_wconf 77' lang='lat' dir='ltr'><strong>beati-</strong></span> 
     </span>
    </p>
   </div>
   <div class='ocr_carea' id='block_1_19' title="bbox 2193 946 3793 1025">
    <p class='ocr_par' dir='ltr' id='par_1_19' title="bbox 2193 946 3793 1025">
     <span class='ocr_line' id='line_1_19' title="bbox 2193 946 3793 1025; baseline 0.008 -23"><span class='ocrx_word' id='word_1_131' title='bbox 2193 947 2437 1004; x_wconf 84' lang='lat' dir='ltr'><strong>tudinem</strong></span> <span class='ocrx_word' id='word_1_132' title='bbox 2475 946 2805 1003; x_wconf 89' lang='lat' dir='ltr'><strong>continentia</strong></span> <span class='ocrx_word' id='word_1_133' title='bbox 2827 989 2843 1014; x_wconf 94' lang='lat'><strong>,</strong></span> <span class='ocrx_word' id='word_1_134' title='bbox 2871 949 2915 1003; x_wconf 91' lang='lat' dir='ltr'><strong>si</strong></span> <span class='ocrx_word' id='word_1_135' title='bbox 2960 948 3027 1005; x_wconf 93' lang='lat' dir='ltr'><strong>de</strong></span> <span class='ocrx_word' id='word_1_136' title='bbox 3058 949 3243 1017; x_wconf 89' lang='lat' dir='ltr'><strong>Israel,</strong></span> <span class='ocrx_word' id='word_1_137' title='bbox 3269 952 3336 1008; x_wconf 92' lang='lat' dir='ltr'><strong>ad</strong></span> <span class='ocrx_word' id='word_1_138' title='bbox 3364 954 3625 1025; x_wconf 84' lang='lat' dir='ltr'><strong>reliquias</strong></span> <span class='ocrx_word' id='word_1_139' title='bbox 3648 958 3793 1014; x_wconf 66' lang='lat' dir='ltr'><strong>ista:</strong></span> 
     </span>
    </p>
   </div>
   <div class='ocr_carea' id='block_1_20' title="bbox 2193 1036 3797 1115">
    <p class='ocr_par' dir='ltr' id='par_1_20' title="bbox 2193 1036 3797 1115">
     <span class='ocr_line' id='line_1_20' title="bbox 2193 1036 3797 1115; baseline 0.006 -24"><span class='ocrx_word' id='word_1_140' title='bbox 2193 1051 2314 1107; x_wconf 73' lang='lat' dir='ltr'><strong>quae</strong></span> <span class='ocrx_word' id='word_1_141' title='bbox 2358 1036 2543 1092; x_wconf 66' lang='lat' dir='ltr'><strong>electa:</strong></span> <span class='ocrx_word' id='word_1_142' title='bbox 2569 1046 2713 1101; x_wconf 86' lang='lat' dir='ltr'><strong>sunt,</strong></span> <span class='ocrx_word' id='word_1_143' title='bbox 2743 1038 3048 1106; x_wconf 87' lang='lat' dir='ltr'><strong>pertinent,</strong></span> <span class='ocrx_word' id='word_1_144' title='bbox 3087 1040 3134 1095; x_wconf 90' lang='lat' dir='ltr'><strong>si</strong></span> <span class='ocrx_word' id='word_1_145' title='bbox 3163 1041 3229 1097; x_wconf 90' lang='lat' dir='ltr'><strong>de</strong></span> <span class='ocrx_word' id='word_1_146' title='bbox 3257 1042 3539 1112; x_wconf 76' lang='lat' dir='ltr'><strong>gentibus,</strong></span> <span class='ocrx_word' id='word_1_147' title='bbox 3570 1045 3642 1100; x_wconf 89' lang='lat' dir='ltr'><strong>ad</strong></span> <span class='ocrx_word' id='word_1_148' title='bbox 3671 1044 3797 1115; x_wconf 75' lang='lat' dir='ltr'><strong>ple-</strong></span> 
     </span>
    </p>
   </div>
   <div class='ocr_carea' id='block_1_21' title="bbox 2195 1126 3793 1204">
    <p class='ocr_par' dir='ltr' id='par_1_21' title="bbox 2195 1126 3793 1204">
     <span class='ocr_line' id='line_1_21' title="bbox 2195 1126 3793 1204; baseline 0.004 -21"><span class='ocrx_word' id='word_1_149' title='bbox 2195 1127 2494 1183; x_wconf 89' lang='lat' dir='ltr'><strong>nitudinem</strong></span> <span class='ocrx_word' id='word_1_150' title='bbox 2521 1134 2785 1198; x_wconf 84' lang='lat' dir='ltr'><strong>spectant.</strong></span> <span class='ocrx_word' id='word_1_151' title='bbox 2820 1126 2878 1182; x_wconf 91' lang='lat' dir='ltr'><strong>Si</strong></span> <span class='ocrx_word' id='word_1_152' title='bbox 2917 1144 3023 1199; x_wconf 88' lang='lat' dir='ltr'><strong>qua</strong></span> <span class='ocrx_word' id='word_1_153' title='bbox 3050 1144 3180 1186; x_wconf 90' lang='lat' dir='ltr'><strong>vero</strong></span> <span class='ocrx_word' id='word_1_154' title='bbox 3215 1131 3423 1197; x_wconf 83' lang='lat' dir='ltr'><strong>tristia,</strong></span> <span class='ocrx_word' id='word_1_155' title='bbox 3475 1134 3523 1187; x_wconf 87' lang='lat' dir='ltr'><strong>si</strong></span> <span class='ocrx_word' id='word_1_156' title='bbox 3565 1134 3793 1204; x_wconf 84' lang='lat' dir='ltr'><strong>quidem</strong></span> 
     </span>
    </p>
   </div>
   <div class='ocr_carea' id='block_1_22' title="bbox 2198 1218 3794 1296">
    <p class='ocr_par' dir='ltr' id='par_1_22' title="bbox 2198 1218 3794 1296">
     <span class='ocr_line' id='line_1_22' title="bbox 2198 1218 3794 1296; baseline 0.003 -21"><span class='ocrx_word' id='word_1_157' title='bbox 2198 1219 2265 1275; x_wconf 93' lang='lat' dir='ltr'><strong>de</strong></span> <span class='ocrx_word' id='word_1_158' title='bbox 2310 1218 2476 1275; x_wconf 87' lang='lat' dir='ltr'><strong>Israel</strong></span> <span class='ocrx_word' id='word_1_159' title='bbox 2527 1218 2803 1283; x_wconf 89' lang='lat' dir='ltr'><strong>dicuntur,</strong></span> <span class='ocrx_word' id='word_1_160' title='bbox 2829 1218 2899 1273; x_wconf 86' lang='lat' dir='ltr'><strong>ad</strong></span> <span class='ocrx_word' id='word_1_161' title='bbox 2932 1219 3053 1275; x_wconf 91' lang='lat' dir='ltr'><strong>illos</strong></span> <span class='ocrx_word' id='word_1_162' title='bbox 3078 1220 3198 1276; x_wconf 90' lang='lat' dir='ltr'><strong>sine</strong></span> <span class='ocrx_word' id='word_1_163' title='bbox 3230 1220 3395 1277; x_wconf 89' lang='lat' dir='ltr'><strong>dubio</strong></span> <span class='ocrx_word' id='word_1_164' title='bbox 3423 1222 3667 1293; x_wconf 85' lang='lat' dir='ltr'><strong>reliquos</strong></span> <span class='ocrx_word' id='word_1_165' title='bbox 3694 1225 3794 1296; x_wconf 82' lang='lat' dir='ltr'><strong>qui</strong></span> 
     </span>
    </p>
   </div>
   <div class='ocr_carea' id='block_1_23' title="bbox 2200 1298 3799 1386">
    <p class='ocr_par' dir='ltr' id='par_1_23' title="bbox 2200 1298 3799 1386">
     <span class='ocr_line' id='line_1_23' title="bbox 2200 1298 3799 1386; baseline 0.004 -20"><span class='ocrx_word' id='word_1_166' title='bbox 2200 1310 2457 1367; x_wconf 71' lang='lat' dir='ltr'><strong>excazcati</strong></span> <span class='ocrx_word' id='word_1_167' title='bbox 2486 1318 2630 1376; x_wconf 91' lang='lat' dir='ltr'><strong>sunt,</strong></span> <span class='ocrx_word' id='word_1_168' title='bbox 2662 1308 2987 1379; x_wconf 84' lang='lat' dir='ltr'><strong>referentur;</strong></span> <span class='ocrx_word' id='word_1_169' title='bbox 3019 1314 3103 1368; x_wconf 91' lang='lat' dir='ltr'><strong>sin</strong></span> <span class='ocrx_word' id='word_1_170' title='bbox 3126 1327 3257 1369; x_wconf 90' lang='lat' dir='ltr'><strong>vero</strong></span> <span class='ocrx_word' id='word_1_171' title='bbox 3279 1312 3346 1368; x_wconf 93' lang='lat' dir='ltr'><strong>de</strong></span> <span class='ocrx_word' id='word_1_172' title='bbox 3360 1316 3637 1386; x_wconf 78' lang='lat' dir='ltr'><strong>gentibus,</strong></span> <span class='ocrx_word' id='word_1_173' title='bbox 3670 1298 3799 1373; x_wconf 74' lang='lat' dir='ltr'><strong>illos</strong></span> 
     </span>
    </p>
   </div>
   <div class='ocr_carea' id='block_1_24' title="bbox 2199 1397 3795 1476">
    <p class='ocr_par' dir='ltr' id='par_1_24' title="bbox 2199 1397 3795 1476">
     <span class='ocr_line' id='line_1_24' title="bbox 2199 1397 3795 1476; baseline 0.005 -24"><span class='ocrx_word' id='word_1_174' title='bbox 2199 1397 2477 1469; x_wconf 88' lang='lat' dir='ltr'><strong>profecto,</strong></span> <span class='ocrx_word' id='word_1_175' title='bbox 2532 1399 2623 1469; x_wconf 90' lang='lat' dir='ltr'><strong>qui</strong></span> <span class='ocrx_word' id='word_1_176' title='bbox 2681 1408 2808 1454; x_wconf 89' lang='lat' dir='ltr'><strong>sunt</strong></span> <span class='ocrx_word' id='word_1_177' title='bbox 2836 1408 2988 1455; x_wconf 80' lang='lat' dir='ltr'><strong>extra</strong></span> <span class='ocrx_word' id='word_1_178' title='bbox 3037 1401 3425 1473; x_wconf 89' lang='lat' dir='ltr'><strong>plenitudinem</strong></span> <span class='ocrx_word' id='word_1_179' title='bbox 3484 1406 3795 1476; x_wconf 80' lang='lat' dir='ltr'><strong>stringunt.</strong></span> 
     </span>
    </p>
   </div>
   <div class='ocr_carea' id='block_1_25' title="bbox 489 1487 3797 1563">
    <p class='ocr_par' dir='ltr' id='par_1_25' title="bbox 489 1487 3797 1563">
     <span class='ocr_line' id='line_1_25' title="bbox 489 1487 3797 1563; baseline -0.001 -13"><span class='ocrx_word' id='word_1_180' title='bbox 489 1497 676 1550; x_wconf 67' lang='lat' dir='ltr'><strong>~.lacob</strong></span> <span class='ocrx_word' id='word_1_181' title='bbox 706 1510 724 1547; x_wconf 90' lang='lat'><em>:</em></span> <span class='ocrx_word' id='word_1_182' title='bbox 754 1507 804 1549; x_wconf 85' lang='lat' dir='ltr'><strong>et</strong></span> <span class='ocrx_word' id='word_1_183' title='bbox 832 1497 928 1549; x_wconf 83' lang='lat' dir='ltr'><strong>hoc</strong></span> <span class='ocrx_word' id='word_1_184' title='bbox 956 1493 1063 1548; x_wconf 89' lang='lat' dir='ltr'><strong>illis</strong></span> <span class='ocrx_word' id='word_1_185' title='bbox 1101 1512 1134 1548; x_wconf 89' lang='lat' dir='ltr'><strong>a</strong></span> <span class='ocrx_word' id='word_1_186' title='bbox 1167 1511 1249 1549; x_wconf 87' lang='lat' dir='ltr'><strong>me</strong></span> <span class='ocrx_word' id='word_1_187' title='bbox 1288 1502 1670 1562; x_wconf 73' lang='lat' dir='ltr'><strong>testamentum,</strong></span> <span class='ocrx_word' id='word_1_188' title='bbox 1695 1499 1812 1545; x_wconf 86' lang='lat' dir='ltr'><strong>cum</strong></span> <span class='ocrx_word' id='word_1_189' title='bbox 1840 1490 2101 1545; x_wconf 71' lang='lat' dir='ltr'><strong>abstulero</strong></span> <span class='ocrx_word' id='word_1_190' title='bbox 2203 1487 2395 1545; x_wconf 87' lang='lat' dir='ltr'><strong>Omnia</strong></span> <span class='ocrx_word' id='word_1_191' title='bbox 2421 1495 2609 1543; x_wconf 88' lang='lat' dir='ltr'><strong>tamen</strong></span> <span class='ocrx_word' id='word_1_192' title='bbox 2645 1487 2770 1544; x_wconf 85' lang='lat' dir='ltr'><strong>flnis</strong></span> <span class='ocrx_word' id='word_1_193' title='bbox 2789 1498 3061 1561; x_wconf 87' lang='lat' dir='ltr'><strong>perurget,</strong></span> <span class='ocrx_word' id='word_1_194' title='bbox 3087 1500 3143 1546; x_wconf 92' lang='lat' dir='ltr'><strong>et</strong></span> <span class='ocrx_word' id='word_1_195' title='bbox 3170 1505 3265 1547; x_wconf 87' lang='lat' dir='ltr'><strong>eos</strong></span> <span class='ocrx_word' id='word_1_196' title='bbox 3288 1492 3506 1562; x_wconf 89' lang='lat' dir='ltr'><strong>quidem</strong></span> <span class='ocrx_word' id='word_1_197' title='bbox 3529 1493 3623 1563; x_wconf 88' lang='lat' dir='ltr'><strong>qui</strong></span> <span class='ocrx_word' id='word_1_198' title='bbox 3647 1492 3797 1548; x_wconf 81' lang='lat' dir='ltr'><strong>beati</strong></span> 
     </span>
    </p>
   </div>
   <div class='ocr_carea' id='block_1_26' title="bbox 510 1579 3799 1656">
    <p class='ocr_par' dir='ltr' id='par_1_26' title="bbox 510 1579 3799 1656">
     <span class='ocr_line' id='line_1_26' title="bbox 510 1579 3799 1656; baseline 0.001 -18"><span class='ocrx_word' id='word_1_199' title='bbox 510 1593 724 1656; x_wconf 86' lang='lat' dir='ltr'><strong>peccata</strong></span> <span class='ocrx_word' id='word_1_200' title='bbox 769 1599 970 1637; x_wconf 87' lang='lat' dir='ltr'><strong>eorum.</strong></span> <span class='ocrx_word' id='word_1_201' title='bbox 1014 1582 1215 1655; x_wconf 66' lang='lat' dir='ltr'><strong>(Orig)</strong></span> <span class='ocrx_word' id='word_1_202' title='bbox 1256 1581 1545 1655; x_wconf 75' lang='lat' dir='ltr'><strong>Sciendum</strong></span> <span class='ocrx_word' id='word_1_203' title='bbox 1587 1587 1672 1635; x_wconf 90' lang='lat' dir='ltr'><strong>est</strong></span> <span class='ocrx_word' id='word_1_204' title='bbox 1704 1595 1834 1636; x_wconf 91' lang='lat' dir='ltr'><strong>sane</strong></span> <span class='ocrx_word' id='word_1_205' title='bbox 1872 1579 2017 1649; x_wconf 90' lang='lat' dir='ltr'><strong>quod</strong></span> <span class='ocrx_word' id='word_1_206' title='bbox 2047 1579 2101 1634; x_wconf 93' lang='lat' dir='ltr'><strong>in</strong></span> <span class='ocrx_word' id='word_1_207' title='bbox 2204 1590 2351 1650; x_wconf 89' lang='lat' dir='ltr'><strong>sunt,</strong></span> <span class='ocrx_word' id='word_1_208' title='bbox 2379 1582 2492 1637; x_wconf 86' lang='lat' dir='ltr'><strong>sive</strong></span> <span class='ocrx_word' id='word_1_209' title='bbox 2522 1581 2598 1636; x_wconf 87' lang='lat' dir='ltr'><strong>illi</strong></span> <span class='ocrx_word' id='word_1_210' title='bbox 2624 1596 2694 1637; x_wconf 84' lang='lat' dir='ltr'><strong>ex</strong></span> <span class='ocrx_word' id='word_1_211' title='bbox 2719 1581 2883 1637; x_wconf 90' lang='lat' dir='ltr'><strong>Israel</strong></span> <span class='ocrx_word' id='word_1_212' title='bbox 2905 1623 2920 1648; x_wconf 93' lang='lat'><strong>,</strong></span> <span class='ocrx_word' id='word_1_213' title='bbox 2957 1584 3071 1639; x_wconf 89' lang='lat' dir='ltr'><strong>sive</strong></span> <span class='ocrx_word' id='word_1_214' title='bbox 3096 1584 3263 1638; x_wconf 84' lang='lat' dir='ltr'><strong>etiam</strong></span> <span class='ocrx_word' id='word_1_215' title='bbox 3304 1599 3373 1639; x_wconf 76' lang='lat' dir='ltr'><strong>ex</strong></span> <span class='ocrx_word' id='word_1_216' title='bbox 3410 1585 3666 1656; x_wconf 81' lang='lat' dir='ltr'><strong>gentibus</strong></span> <span class='ocrx_word' id='word_1_217' title='bbox 3700 1598 3799 1640; x_wconf 85' lang='lat' dir='ltr'><strong>ve—</strong></span> 
     </span>
    </p>
   </div>
   <div class='ocr_carea' id='block_1_27' title="bbox 513 1669 3798 1745">
    <p class='ocr_par' dir='ltr' id='par_1_27' title="bbox 513 1669 3798 1745">
     <span class='ocr_line' id='line_1_27' title="bbox 513 1669 3798 1745; baseline 0.001 -18"><span class='ocrx_word' id='word_1_218' title='bbox 513 1673 775 1744; x_wconf 87' lang='lat' dir='ltr'><strong>propheta</strong></span> <span class='ocrx_word' id='word_1_219' title='bbox 816 1672 953 1728; x_wconf 88' lang='lat' dir='ltr'><strong>Isaia</strong></span> <span class='ocrx_word' id='word_1_220' title='bbox 1004 1670 1139 1741; x_wconf 87' lang='lat' dir='ltr'><strong>(Isa.</strong></span> <span class='ocrx_word' id='word_1_221' title='bbox 1193 1670 1329 1742; x_wconf 83' lang='lat' dir='ltr'><strong>th),</strong></span> <span class='ocrx_word' id='word_1_222' title='bbox 1361 1669 1505 1725; x_wconf 90' lang='lat' dir='ltr'><strong>unde</strong></span> <span class='ocrx_word' id='word_1_223' title='bbox 1542 1670 1913 1745; x_wconf 89' lang='lat' dir='ltr'><strong>testimonium</strong></span> <span class='ocrx_word' id='word_1_224' title='bbox 1961 1670 2105 1725; x_wconf 87' lang='lat' dir='ltr'><strong>istud</strong></span> <span class='ocrx_word' id='word_1_225' title='bbox 2203 1674 2374 1737; x_wconf 89' lang='lat' dir='ltr'><strong>niant,</strong></span> <span class='ocrx_word' id='word_1_226' title='bbox 2392 1672 2676 1744; x_wconf 71' lang='lat' dir='ltr'><strong>praesentis</strong></span> <span class='ocrx_word' id='word_1_227' title='bbox 2698 1674 2958 1742; x_wconf 90' lang='lat' dir='ltr'><strong>temporis</strong></span> <span class='ocrx_word' id='word_1_228' title='bbox 2979 1674 3302 1743; x_wconf 69' lang='lat' dir='ltr'><strong>evangelicae</strong></span> <span class='ocrx_word' id='word_1_229' title='bbox 3328 1674 3586 1729; x_wconf 69' lang='lat' dir='ltr'><strong>doctrina:</strong></span> <span class='ocrx_word' id='word_1_230' title='bbox 3612 1688 3798 1730; x_wconf 82' lang='lat' dir='ltr'><strong>sermo</strong></span> 
     </span>
    </p>
   </div>
   <div class='ocr_carea' id='block_1_28' title="bbox 513 1758 3795 1835">
    <p class='ocr_par' dir='ltr' id='par_1_28' title="bbox 513 1758 3795 1835">
     <span class='ocr_line' id='line_1_28' title="bbox 513 1758 3795 1835; baseline 0.001 -19"><span class='ocrx_word' id='word_1_231' title='bbox 513 1762 712 1817; x_wconf 87' lang='lat' dir='ltr'><strong>Paulus</strong></span> <span class='ocrx_word' id='word_1_232' title='bbox 735 1762 980 1827; x_wconf 85' lang='lat' dir='ltr'><strong>assumit,</strong></span> <span class='ocrx_word' id='word_1_233' title='bbox 1008 1776 1109 1831; x_wconf 91' lang='lat' dir='ltr'><strong>pro</strong></span> <span class='ocrx_word' id='word_1_234' title='bbox 1142 1775 1206 1815; x_wconf 88' lang='lat' dir='ltr'><strong>eo</strong></span> <span class='ocrx_word' id='word_1_235' title='bbox 1239 1760 1382 1831; x_wconf 90' lang='lat' dir='ltr'><strong>quod</strong></span> <span class='ocrx_word' id='word_1_236' title='bbox 1409 1761 1546 1815; x_wconf 82' lang='lat' dir='ltr'><strong>dixit</strong></span> <span class='ocrx_word' id='word_1_237' title='bbox 1570 1760 1881 1830; x_wconf 84' lang='lat' dir='ltr'><strong>Apostolus,</strong></span> <span class='ocrx_word' id='word_1_238' title='bbox 1922 1758 2104 1815; x_wconf 82' lang='lat' dir='ltr'><strong>Veniet</strong></span> <span class='ocrx_word' id='word_1_239' title='bbox 2133 1831 2169 1835; x_wconf 41' lang='grc' dir='ltr'><strong>Α</strong></span> <span class='ocrx_word' id='word_1_240' title='bbox 2206 1763 2481 1834; x_wconf 79' lang='lat' dir='ltr'><strong>puriﬁcat,</strong></span> <span class='ocrx_word' id='word_1_241' title='bbox 2507 1771 2569 1817; x_wconf 92' lang='grc' dir='ltr'><strong>ιιι</strong></span> <span class='ocrx_word' id='word_1_242' title='bbox 2596 1762 2706 1818; x_wconf 89' lang='lat' dir='ltr'><strong>sint</strong></span> <span class='ocrx_word' id='word_1_243' title='bbox 2730 1762 2896 1829; x_wconf 83' lang='lat' dir='ltr'><strong>tales,</strong></span> <span class='ocrx_word' id='word_1_244' title='bbox 2925 1763 3065 1819; x_wconf 90' lang='lat' dir='ltr'><strong>sicut</strong></span> <span class='ocrx_word' id='word_1_245' title='bbox 3101 1772 3258 1819; x_wconf 91' lang='lat' dir='ltr'><strong>erant</strong></span> <span class='ocrx_word' id='word_1_246' title='bbox 3298 1764 3375 1819; x_wconf 88' lang='lat' dir='ltr'><strong>illi</strong></span> <span class='ocrx_word' id='word_1_247' title='bbox 3422 1764 3486 1819; x_wconf 90' lang='lat' dir='ltr'><strong>ad</strong></span> <span class='ocrx_word' id='word_1_248' title='bbox 3524 1779 3663 1835; x_wconf 88' lang='lat' dir='ltr'><strong>quos</strong></span> <span class='ocrx_word' id='word_1_249' title='bbox 3687 1764 3795 1819; x_wconf 84' lang='lat' dir='ltr'><strong>Do-</strong></span> 
     </span>
    </p>
   </div>
   <div class='ocr_carea' id='block_1_29' title="bbox 515 1831 3799 1925">
    <p class='ocr_par' dir='ltr' id='par_1_29' title="bbox 515 1831 3799 1925">
     <span class='ocr_line' id='line_1_29' title="bbox 515 1831 3799 1925; baseline 0.001 -20"><span class='ocrx_word' id='word_1_250' title='bbox 515 1866 579 1905; x_wconf 67' lang='grc' dir='ltr'><strong>επ</strong></span> <span class='ocrx_word' id='word_1_251' title='bbox 609 1850 762 1917; x_wconf 85' lang='lat' dir='ltr'><strong>Sion,</strong></span> <span class='ocrx_word' id='word_1_252' title='bbox 789 1851 1052 1920; x_wconf 90' lang='lat' dir='ltr'><strong>scriptum</strong></span> <span class='ocrx_word' id='word_1_253' title='bbox 1081 1858 1183 1917; x_wconf 89' lang='lat' dir='ltr'><strong>est,</strong></span> <span class='ocrx_word' id='word_1_254' title='bbox 1217 1849 1397 1905; x_wconf 86' lang='lat' dir='ltr'><strong>Veniet</strong></span> <span class='ocrx_word' id='word_1_255' title='bbox 1437 1859 1647 1921; x_wconf 78' lang='lat' dir='ltr'><strong>propter</strong></span> <span class='ocrx_word' id='word_1_256' title='bbox 1676 1849 1840 1916; x_wconf 88' lang='lat' dir='ltr'><strong>Sion;</strong></span> <span class='ocrx_word' id='word_1_257' title='bbox 1878 1858 1934 1906; x_wconf 92' lang='lat' dir='ltr'><strong>et</strong></span> <span class='ocrx_word' id='word_1_258' title='bbox 1961 1831 2180 1921; x_wconf 66' lang='lat' dir='ltr'><strong>quodrB</strong></span> <span class='ocrx_word' id='word_1_259' title='bbox 2207 1831 2387 1908; x_wconf 82' lang='lat' dir='ltr'><strong>minus</strong></span> <span class='ocrx_word' id='word_1_260' title='bbox 2406 1853 2621 1907; x_wconf 87' lang='lat' dir='ltr'><strong>dicebat</strong></span> <span class='ocrx_word' id='word_1_261' title='bbox 2647 1871 2660 1906; x_wconf 90' lang='lat'>:</span> <span class='ocrx_word' id='word_1_262' title='bbox 2688 1852 2824 1907; x_wconf 84' lang='lat' dir='ltr'><strong>Ecce</strong></span> <span class='ocrx_word' id='word_1_263' title='bbox 2837 1853 2955 1924; x_wconf 84' lang='lat' dir='ltr'><strong>jam</strong></span> <span class='ocrx_word' id='word_1_264' title='bbox 2985 1870 3071 1909; x_wconf 77' lang='lat' dir='ltr'><strong>vos</strong></span> <span class='ocrx_word' id='word_1_265' title='bbox 3086 1855 3279 1909; x_wconf 81' lang='lat' dir='ltr'><strong>mundi</strong></span> <span class='ocrx_word' id='word_1_266' title='bbox 3310 1856 3433 1909; x_wconf 81' lang='lat' dir='ltr'><strong>estis</strong></span> <span class='ocrx_word' id='word_1_267' title='bbox 3457 1831 3670 1925; x_wconf 74' lang='lat' dir='ltr'><strong>propter</strong></span> <span class='ocrx_word' id='word_1_268' title='bbox 3688 1870 3799 1909; x_wconf 78' lang='lat' dir='ltr'><strong>ser-</strong></span> 
     </span>
    </p>
   </div>
   <div class='ocr_carea' id='block_1_30' title="bbox 517 1942 2105 2013">
    <p class='ocr_par' dir='ltr' id='par_1_30' title="bbox 517 1942 2105 2013">
     <span class='ocr_line' id='line_1_30' title="bbox 517 1942 2105 2013; baseline -0.001 -16"><span class='ocrx_word' id='word_1_269' title='bbox 517 1944 594 1998; x_wconf 89' lang='lat' dir='ltr'><strong>ait</strong></span> <span class='ocrx_word' id='word_1_270' title='bbox 638 1943 758 2009; x_wconf 91' lang='lat' dir='ltr'><strong>bic,</strong></span> <span class='ocrx_word' id='word_1_271' title='bbox 799 1959 918 1997; x_wconf 84' lang='lat' dir='ltr'><strong>cum</strong></span> <span class='ocrx_word' id='word_1_272' title='bbox 962 1943 1225 1997; x_wconf 81' lang='lat' dir='ltr'><strong>abstulero</strong></span> <span class='ocrx_word' id='word_1_273' title='bbox 1264 1952 1478 2013; x_wconf 85' lang='lat' dir='ltr'><strong>peccata</strong></span> <span class='ocrx_word' id='word_1_274' title='bbox 1521 1958 1738 2009; x_wconf 88' lang='lat' dir='ltr'><strong>eorum,</strong></span> <span class='ocrx_word' id='word_1_275' title='bbox 1766 1942 1842 1997; x_wconf 91' lang='lat' dir='ltr'><strong>ibi</strong></span> <span class='ocrx_word' id='word_1_276' title='bbox 1884 1942 2105 1997; x_wconf 84' lang='lat' dir='ltr'><strong>omnino</strong></span> 
     </span>
    </p>
   </div>
   <div class='ocr_carea' id='block_1_31' title="bbox 516 2033 2104 2105">
    <p class='ocr_par' dir='ltr' id='par_1_31' title="bbox 516 2033 2104 2105">
     <span class='ocr_line' id='line_1_31' title="bbox 516 2033 2104 2105; baseline 0.001 -16"><span class='ocrx_word' id='word_1_277' title='bbox 516 2036 774 2104; x_wconf 80' lang='lat' dir='ltr'><strong>scriptum</strong></span> <span class='ocrx_word' id='word_1_278' title='bbox 816 2051 922 2090; x_wconf 90' lang='lat' dir='ltr'><strong>non</strong></span> <span class='ocrx_word' id='word_1_279' title='bbox 965 2043 1075 2098; x_wconf 91' lang='lat' dir='ltr'><strong>est,</strong></span> <span class='ocrx_word' id='word_1_280' title='bbox 1108 2034 1202 2089; x_wconf 90' lang='lat' dir='ltr'><strong>sed</strong></span> <span class='ocrx_word' id='word_1_281' title='bbox 1249 2049 1318 2089; x_wconf 91' lang='lat' dir='ltr'><strong>ne</strong></span> <span class='ocrx_word' id='word_1_282' title='bbox 1357 2034 1497 2104; x_wconf 89' lang='lat' dir='ltr'><strong>apud</strong></span> <span class='ocrx_word' id='word_1_283' title='bbox 1546 2033 1803 2090; x_wconf 63' lang='lat' dir='ltr'><strong>Hebraeos</strong></span> <span class='ocrx_word' id='word_1_284' title='bbox 1844 2033 2104 2105; x_wconf 85' lang='lat' dir='ltr'><strong>quidem;</strong></span> 
     </span>
    </p>
   </div>
   <div class='ocr_carea' id='block_1_32' title="bbox 516 2124 2105 2195">
    <p class='ocr_par' dir='ltr' id='par_1_32' title="bbox 516 2124 2105 2195">
     <span class='ocr_line' id='line_1_32' title="bbox 516 2124 2105 2195; baseline 0.002 -17"><span class='ocrx_word' id='word_1_285' title='bbox 516 2124 744 2195; x_wconf 87' lang='lat' dir='ltr'><strong>apostoli</strong></span> <span class='ocrx_word' id='word_1_286' title='bbox 784 2132 963 2180; x_wconf 90' lang='lat' dir='ltr'><strong>tamen</strong></span> <span class='ocrx_word' id='word_1_287' title='bbox 994 2125 1319 2180; x_wconf 88' lang='lat' dir='ltr'><strong>auctoritate</strong></span> <span class='ocrx_word' id='word_1_288' title='bbox 1342 2134 1733 2195; x_wconf 83' lang='lat' dir='ltr'><strong>praesumptum</strong></span> <span class='ocrx_word' id='word_1_289' title='bbox 1756 2134 1860 2182; x_wconf 90' lang='lat' dir='ltr'><strong>est.</strong></span> <span class='ocrx_word' id='word_1_290' title='bbox 1886 2127 2105 2181; x_wconf 88' lang='lat' dir='ltr'><strong>Interim</strong></span> 
     </span>
    </p>
   </div>
   <div class='ocr_carea' id='block_1_33' title="bbox 517 2216 2105 2291">
    <p class='ocr_par' dir='ltr' id='par_1_33' title="bbox 517 2216 2105 2291">
     <span class='ocr_line' id='line_1_33' title="bbox 517 2216 2105 2291; baseline 0.003 -20"><span class='ocrx_word' id='word_1_291' title='bbox 517 2217 737 2272; x_wconf 82' lang='lat' dir='ltr'><strong>veniens</strong></span> <span class='ocrx_word' id='word_1_292' title='bbox 763 2216 1024 2273; x_wconf 88' lang='lat' dir='ltr'><strong>Dominus</strong></span> <span class='ocrx_word' id='word_1_293' title='bbox 1054 2232 1122 2273; x_wconf 81' lang='lat' dir='ltr'><strong>ex</strong></span> <span class='ocrx_word' id='word_1_294' title='bbox 1145 2217 1277 2284; x_wconf 88' lang='lat' dir='ltr'><strong>Sion</strong></span> <span class='ocrx_word' id='word_1_295' title='bbox 1306 2217 1521 2285; x_wconf 89' lang='lat' dir='ltr'><strong>liberat,</strong></span> <span class='ocrx_word' id='word_1_296' title='bbox 1546 2227 1602 2274; x_wconf 92' lang='lat' dir='ltr'><strong>et</strong></span> <span class='ocrx_word' id='word_1_297' title='bbox 1623 2220 1821 2276; x_wconf 83' lang='lat' dir='ltr'><strong>avertit</strong></span> <span class='ocrx_word' id='word_1_298' title='bbox 1852 2220 2105 2291; x_wconf 79' lang='lat' dir='ltr'><strong>impieta-</strong></span> 
     </span>
    </p>
   </div>
   <div class='ocr_carea' id='block_1_34' title="bbox 517 2298 2109 2380">
    <p class='ocr_par' dir='ltr' id='par_1_34' title="bbox 517 2298 2109 2380">
     <span class='ocr_line' id='line_1_34' title="bbox 517 2298 2109 2380; baseline 0.003 -16"><span class='ocrx_word' id='word_1_299' title='bbox 517 2318 598 2364; x_wconf 88' lang='lat' dir='ltr'><strong>tes</strong></span> <span class='ocrx_word' id='word_1_300' title='bbox 632 2324 662 2363; x_wconf 89' lang='lat' dir='ltr'><strong>a</strong></span> <span class='ocrx_word' id='word_1_301' title='bbox 700 2298 886 2365; x_wconf 74' lang='lat' dir='ltr'><strong>Iacob.</strong></span> <span class='ocrx_word' id='word_1_302' title='bbox 923 2309 1135 2365; x_wconf 85' lang='lat' dir='ltr'><strong>Avertit</strong></span> <span class='ocrx_word' id='word_1_303' title='bbox 1181 2317 1385 2380; x_wconf 6' lang='lat' dir='ltr'><strong>autem,</strong></span> <span class='ocrx_word' id='word_1_304' title='bbox 1418 2310 1730 2380; x_wconf 88' lang='lat' dir='ltr'><strong>impietates</strong></span> <span class='ocrx_word' id='word_1_305' title='bbox 1770 2312 1839 2367; x_wconf 90' lang='lat' dir='ltr'><strong>ab</strong></span> <span class='ocrx_word' id='word_1_306' title='bbox 1876 2328 1942 2368; x_wconf 92' lang='lat' dir='ltr'><strong>eo</strong></span> <span class='ocrx_word' id='word_1_307' title='bbox 1968 2353 1983 2379; x_wconf 92' lang='lat'><strong>,</strong></span> <span class='ocrx_word' id='word_1_308' title='bbox 2022 2328 2109 2368; x_wconf 87' lang='lat' dir='ltr'><strong>se-</strong></span> 
     </span>
    </p>
   </div>
   <div class='ocr_carea' id='block_1_35' title="bbox 517 2400 2107 2472">
    <p class='ocr_par' dir='ltr' id='par_1_35' title="bbox 517 2400 2107 2472">
     <span class='ocr_line' id='line_1_35' title="bbox 517 2400 2107 2472; baseline 0.001 -17"><span class='ocrx_word' id='word_1_309' title='bbox 517 2402 753 2455; x_wconf 88' lang='lat' dir='ltr'><strong>cundum</strong></span> <span class='ocrx_word' id='word_1_310' title='bbox 827 2400 957 2455; x_wconf 89' lang='lat' dir='ltr'><strong>illud</strong></span> <span class='ocrx_word' id='word_1_311' title='bbox 1027 2401 1168 2471; x_wconf 91' lang='lat' dir='ltr'><strong>quod</strong></span> <span class='ocrx_word' id='word_1_312' title='bbox 1215 2402 1479 2472; x_wconf 88' lang='lat' dir='ltr'><strong>scriptum</strong></span> <span class='ocrx_word' id='word_1_313' title='bbox 1536 2411 1621 2458; x_wconf 87' lang='lat' dir='ltr'><strong>est</strong></span> <span class='ocrx_word' id='word_1_314' title='bbox 1675 2421 1689 2457; x_wconf 91' lang='lat'><strong>:</strong></span> <span class='ocrx_word' id='word_1_315' title='bbox 1737 2403 1877 2469; x_wconf 83' lang='lat' dir='ltr'><strong>Quia</strong></span> <span class='ocrx_word' id='word_1_316' title='bbox 1945 2404 2107 2458; x_wconf 83' lang='lat' dir='ltr'><strong>diluet</strong></span> 
     </span>
    </p>
   </div>
   <div class='ocr_carea' id='block_1_36' title="bbox 518 2494 2107 2564">
    <p class='ocr_par' dir='ltr' id='par_1_36' title="bbox 518 2494 2107 2564">
     <span class='ocr_line' id='line_1_36' title="bbox 518 2494 2107 2564; baseline 0.001 -14"><span class='ocrx_word' id='word_1_317' title='bbox 518 2494 776 2550; x_wconf 82' lang='lat' dir='ltr'><strong>Dominus</strong></span> <span class='ocrx_word' id='word_1_318' title='bbox 818 2495 997 2549; x_wconf 84' lang='lat' dir='ltr'><strong>sordes</strong></span> <span class='ocrx_word' id='word_1_319' title='bbox 1053 2494 1285 2561; x_wconf 77' lang='lat' dir='ltr'><strong>ﬁliorum</strong></span> <span class='ocrx_word' id='word_1_320' title='bbox 1336 2494 1510 2549; x_wconf 84' lang='lat' dir='ltr'><strong>Israel</strong></span> <span class='ocrx_word' id='word_1_321' title='bbox 1569 2505 1616 2550; x_wconf 92' lang='lat' dir='ltr'><strong>et</strong></span> <span class='ocrx_word' id='word_1_322' title='bbox 1658 2495 1895 2564; x_wconf 80' lang='lat' dir='ltr'><strong>ﬁliarum</strong></span> <span class='ocrx_word' id='word_1_323' title='bbox 1944 2495 2107 2563; x_wconf 87' lang='lat' dir='ltr'><strong>Sion,</strong></span> 
     </span>
    </p>
   </div>
   <div class='ocr_carea' id='block_1_37' title="bbox 517 2583 2109 2659">
    <p class='ocr_par' dir='ltr' id='par_1_37' title="bbox 517 2583 2109 2659">
     <span class='ocr_line' id='line_1_37' title="bbox 517 2583 2109 2659; baseline -0.003 -15"><span class='ocrx_word' id='word_1_324' title='bbox 517 2598 567 2644; x_wconf 88' lang='lat' dir='ltr'><strong>et</strong></span> <span class='ocrx_word' id='word_1_325' title='bbox 632 2583 937 2659; x_wconf 82' lang='lat' dir='ltr'><strong>sanguinem</strong></span> <span class='ocrx_word' id='word_1_326' title='bbox 987 2588 1259 2642; x_wconf 85' lang='lat' dir='ltr'><strong>mundabit</strong></span> <span class='ocrx_word' id='word_1_327' title='bbox 1324 2588 1389 2642; x_wconf 88' lang='lat' dir='ltr'><strong>de</strong></span> <span class='ocrx_word' id='word_1_328' title='bbox 1442 2588 1613 2643; x_wconf 84' lang='lat' dir='ltr'><strong>medio</strong></span> <span class='ocrx_word' id='word_1_329' title='bbox 1669 2588 1785 2658; x_wconf 89' lang='lat' dir='ltr'><strong>ejus</strong></span> <span class='ocrx_word' id='word_1_330' title='bbox 1822 2588 1880 2641; x_wconf 92' lang='lat' dir='ltr'><strong>in</strong></span> <span class='ocrx_word' id='word_1_331' title='bbox 1922 2587 2109 2657; x_wconf 83' lang='lat' dir='ltr'><strong>spiritu</strong></span> 
     </span>
    </p>
   </div>
   <div class='ocr_carea' id='block_1_38' title="bbox 510 2674 2109 2749">
    <p class='ocr_par' dir='ltr' id='par_1_38' title="bbox 510 2674 2109 2749">
     <span class='ocr_line' id='line_1_38' title="bbox 510 2674 2109 2749; baseline -0.001 -18"><span class='ocrx_word' id='word_1_332' title='bbox 510 2677 710 2749; x_wconf 84' lang='lat' dir='ltr'><strong>judicii</strong></span> <span class='ocrx_word' id='word_1_333' title='bbox 746 2687 794 2732; x_wconf 88' lang='lat' dir='ltr'><strong>et</strong></span> <span class='ocrx_word' id='word_1_334' title='bbox 827 2678 1015 2748; x_wconf 85' lang='lat' dir='ltr'><strong>spiritu</strong></span> <span class='ocrx_word' id='word_1_335' title='bbox 1053 2678 1285 2738; x_wconf 85' lang='lat' dir='ltr'><strong>ustionis</strong></span> <span class='ocrx_word' id='word_1_336' title='bbox 1325 2676 1463 2748; x_wconf 82' lang='lat' dir='ltr'><strong>(Isa.</strong></span> <span class='ocrx_word' id='word_1_337' title='bbox 1497 2677 1572 2749; x_wconf 88' lang='lat' dir='ltr'><strong>tv)</strong></span> <span class='ocrx_word' id='word_1_338' title='bbox 1604 2694 1617 2731; x_wconf 91' lang='lat'><strong>:</strong></span> <span class='ocrx_word' id='word_1_339' title='bbox 1652 2684 1707 2731; x_wconf 90' lang='lat' dir='ltr'><strong>et</strong></span> <span class='ocrx_word' id='word_1_340' title='bbox 1735 2677 1839 2732; x_wconf 89' lang='lat' dir='ltr'><strong>hoc</strong></span> <span class='ocrx_word' id='word_1_341' title='bbox 1886 2676 1959 2731; x_wconf 90' lang='lat' dir='ltr'><strong>ita</strong></span> <span class='ocrx_word' id='word_1_342' title='bbox 1992 2674 2109 2731; x_wconf 82' lang='lat' dir='ltr'><strong>fieri</strong></span> 
     </span>
    </p>
   </div>
   <div class='ocr_carea' id='block_1_39' title="bbox 522 2763 2109 2829">
    <p class='ocr_par' dir='ltr' id='par_1_39' title="bbox 522 2763 2109 2829">
     <span class='ocr_line' id='line_1_39' title="bbox 522 2763 2109 2829; baseline -0.001 -7"><span class='ocrx_word' id='word_1_343' title='bbox 522 2764 902 2823; x_wconf 86' lang='lat' dir='ltr'><strong>testamentum</strong></span> <span class='ocrx_word' id='word_1_344' title='bbox 931 2767 1011 2823; x_wconf 90' lang='lat' dir='ltr'><strong>eis</strong></span> <span class='ocrx_word' id='word_1_345' title='bbox 1036 2774 1154 2823; x_wconf 90' lang='lat' dir='ltr'><strong>erat</strong></span> <span class='ocrx_word' id='word_1_346' title='bbox 1179 2782 1209 2822; x_wconf 89' lang='lat' dir='ltr'><strong>a</strong></span> <span class='ocrx_word' id='word_1_347' title='bbox 1240 2768 1368 2829; x_wconf 87' lang='lat' dir='ltr'><strong>Deo.</strong></span> <span class='ocrx_word' id='word_1_348' title='bbox 1401 2777 1459 2823; x_wconf 87' lang='lat' dir='ltr'><strong>ut</strong></span> <span class='ocrx_word' id='word_1_349' title='bbox 1488 2768 1566 2824; x_wconf 89' lang='lat' dir='ltr'><strong>sic</strong></span> <span class='ocrx_word' id='word_1_350' title='bbox 1600 2768 1669 2823; x_wconf 88' lang='lat' dir='ltr'><strong>ab</strong></span> <span class='ocrx_word' id='word_1_351' title='bbox 1690 2763 1768 2824; x_wconf 80' lang='lat' dir='ltr'><strong>eis</strong></span> <span class='ocrx_word' id='word_1_352' title='bbox 1796 2776 2109 2824; x_wconf 89' lang='lat' dir='ltr'><strong>averteren-</strong></span> 
     </span>
    </p>
   </div>
   <div class='ocr_carea' id='block_1_40' title="bbox 521 2858 2113 2931">
    <p class='ocr_par' dir='ltr' id='par_1_40' title="bbox 521 2858 2113 2931">
     <span class='ocr_line' id='line_1_40' title="bbox 521 2858 2113 2931; baseline 0 -19"><span class='ocrx_word' id='word_1_353' title='bbox 521 2864 611 2913; x_wconf 89' lang='lat' dir='ltr'><strong>tur</strong></span> <span class='ocrx_word' id='word_1_354' title='bbox 639 2858 975 2928; x_wconf 89' lang='lat' dir='ltr'><strong>impietates,</strong></span> <span class='ocrx_word' id='word_1_355' title='bbox 1003 2868 1059 2913; x_wconf 91' lang='lat' dir='ltr'><strong>et</strong></span> <span class='ocrx_word' id='word_1_356' title='bbox 1083 2858 1431 2914; x_wconf 87' lang='lat' dir='ltr'><strong>auferrentur</strong></span> <span class='ocrx_word' id='word_1_357' title='bbox 1461 2866 1702 2929; x_wconf 88' lang='lat' dir='ltr'><strong>peccata.</strong></span> <span class='ocrx_word' id='word_1_358' title='bbox 1734 2858 1936 2931; x_wconf 81' lang='lat' dir='ltr'><strong>(Amb.)</strong></span> <span class='ocrx_word' id='word_1_359' title='bbox 1972 2859 2113 2915; x_wconf 88' lang='lat' dir='ltr'><strong>Dicit</strong></span> 
     </span>
    </p>
   </div>
   <div class='ocr_carea' id='block_1_41' title="bbox 519 2945 2111 3019">
    <p class='ocr_par' dir='ltr' id='par_1_41' title="bbox 519 2945 2111 3019">
     <span class='ocr_line' id='line_1_41' title="bbox 519 2945 2111 3019; baseline 0.001 -15"><span class='ocrx_word' id='word_1_360' title='bbox 519 2962 649 3017; x_wconf 89' lang='lat' dir='ltr'><strong>ergo</strong></span> <span class='ocrx_word' id='word_1_361' title='bbox 681 2965 693 3001; x_wconf 90' lang='lat'>:</span> <span class='ocrx_word' id='word_1_362' title='bbox 736 2945 910 3001; x_wconf 82' lang='lat' dir='ltr'><strong>Veniet</strong></span> <span class='ocrx_word' id='word_1_363' title='bbox 935 2964 999 3001; x_wconf 78' lang='lat' dir='ltr'><strong>ea:</strong></span> <span class='ocrx_word' id='word_1_364' title='bbox 1020 2946 1150 3002; x_wconf 91' lang='lat' dir='ltr'><strong>Sion</strong></span> <span class='ocrx_word' id='word_1_365' title='bbox 1171 2949 1260 3019; x_wconf 88' lang='lat' dir='ltr'><strong>qui</strong></span> <span class='ocrx_word' id='word_1_366' title='bbox 1286 2950 1473 3019; x_wconf 89' lang='lat' dir='ltr'><strong>eripiat</strong></span> <span class='ocrx_word' id='word_1_367' title='bbox 1492 2958 1541 3003; x_wconf 90' lang='lat' dir='ltr'><strong>et</strong></span> <span class='ocrx_word' id='word_1_368' title='bbox 1570 2958 1766 3003; x_wconf 78' lang='lat' dir='ltr'><strong>avertat</strong></span> <span class='ocrx_word' id='word_1_369' title='bbox 1794 2950 2111 3018; x_wconf 79' lang='lat' dir='ltr'><strong>impietatem</strong></span> 
     </span>
    </p>
   </div>
   <div class='ocr_carea' id='block_1_42' title="bbox 521 3036 2112 3107">
    <p class='ocr_par' dir='ltr' id='par_1_42' title="bbox 521 3036 2112 3107">
     <span class='ocr_line' id='line_1_42' title="bbox 521 3036 2112 3107; baseline 0.003 -17"><span class='ocrx_word' id='word_1_370' title='bbox 521 3053 554 3091; x_wconf 89' lang='lat' dir='ltr'><strong>a</strong></span> <span class='ocrx_word' id='word_1_371' title='bbox 599 3036 787 3104; x_wconf 78' lang='lat' dir='ltr'><strong>Iacob,</strong></span> <span class='ocrx_word' id='word_1_372' title='bbox 816 3039 980 3092; x_wconf 83' lang='lat' dir='ltr'><strong>ethoc</strong></span> <span class='ocrx_word' id='word_1_373' title='bbox 1001 3040 1106 3093; x_wconf 86' lang='lat' dir='ltr'><strong>illis</strong></span> <span class='ocrx_word' id='word_1_374' title='bbox 1136 3058 1171 3106; x_wconf 76' lang='grc' dir='ltr'><em>α</em></span> <span class='ocrx_word' id='word_1_375' title='bbox 1197 3057 1277 3095; x_wconf 90' lang='lat' dir='ltr'><strong>me</strong></span> <span class='ocrx_word' id='word_1_376' title='bbox 1297 3049 1683 3107; x_wconf 85' lang='lat' dir='ltr'><strong>testamentum,</strong></span> <span class='ocrx_word' id='word_1_377' title='bbox 1708 3056 1827 3095; x_wconf 86' lang='lat' dir='ltr'><strong>eum</strong></span> <span class='ocrx_word' id='word_1_378' title='bbox 1848 3041 2112 3097; x_wconf 83' lang='lat' dir='ltr'><strong>abstulero</strong></span> 
     </span>
    </p>
   </div>
   <div class='ocr_carea' id='block_1_43' title="bbox 520 3130 2113 3204">
    <p class='ocr_par' dir='ltr' id='par_1_43' title="bbox 520 3130 2113 3204">
     <span class='ocr_line' id='line_1_43' title="bbox 520 3130 2113 3204; baseline 0.003 -23"><span class='ocrx_word' id='word_1_379' title='bbox 520 3138 732 3199; x_wconf 85' lang='lat' dir='ltr'><strong>peccata</strong></span> <span class='ocrx_word' id='word_1_380' title='bbox 767 3146 970 3184; x_wconf 90' lang='lat' dir='ltr'><strong>eorum.</strong></span> <span class='ocrx_word' id='word_1_381' title='bbox 1013 3130 1256 3201; x_wconf 82' lang='lat' dir='ltr'><strong>Exempli</strong></span> <span class='ocrx_word' id='word_1_382' title='bbox 1288 3130 1448 3199; x_wconf 85' lang='lat' dir='ltr'><strong>hujus</strong></span> <span class='ocrx_word' id='word_1_383' title='bbox 1490 3132 1629 3187; x_wconf 86' lang='lat' dir='ltr'><strong>ratio</strong></span> <span class='ocrx_word' id='word_1_384' title='bbox 1670 3146 1888 3204; x_wconf 88' lang='lat' dir='ltr'><strong>semper</strong></span> <span class='ocrx_word' id='word_1_385' title='bbox 1926 3140 2113 3188; x_wconf 88' lang='lat' dir='ltr'><strong>manet</strong></span> 
     </span>
    </p>
   </div>
   <div class='ocr_carea' id='block_1_44' title="bbox 521 3219 2112 3290">
    <p class='ocr_par' dir='ltr' id='par_1_44' title="bbox 521 3219 2112 3290">
     <span class='ocr_line' id='line_1_44' title="bbox 521 3219 2112 3290; baseline 0.005 -18"><span class='ocrx_word' id='word_1_386' title='bbox 521 3219 763 3288; x_wconf 86' lang='lat' dir='ltr'><strong>quandiu</strong></span> <span class='ocrx_word' id='word_1_387' title='bbox 795 3228 919 3275; x_wconf 88' lang='lat' dir='ltr'><strong>sunt</strong></span> <span class='ocrx_word' id='word_1_388' title='bbox 947 3221 1038 3290; x_wconf 92' lang='lat' dir='ltr'><strong>qui</strong></span> <span class='ocrx_word' id='word_1_389' title='bbox 1077 3220 1302 3276; x_wconf 88' lang='lat' dir='ltr'><strong>credant</strong></span> <span class='ocrx_word' id='word_1_390' title='bbox 1350 3240 1364 3275; x_wconf 90' lang='lat'><strong>:</strong></span> <span class='ocrx_word' id='word_1_391' title='bbox 1400 3222 1505 3286; x_wconf 88' lang='lat' dir='ltr'><strong>hic</strong></span> <span class='ocrx_word' id='word_1_392' title='bbox 1542 3223 1687 3278; x_wconf 85' lang='lat' dir='ltr'><strong>enim</strong></span> <span class='ocrx_word' id='word_1_393' title='bbox 1733 3224 1993 3280; x_wconf 88' lang='lat' dir='ltr'><strong>Dominus</strong></span> <span class='ocrx_word' id='word_1_394' title='bbox 2019 3222 2112 3279; x_wconf 84' lang='lat' dir='ltr'><strong>Je—</strong></span> 
     </span>
    </p>
   </div>
   <div class='ocr_carea' id='block_1_45' title="bbox 528 3310 2115 3382">
    <p class='ocr_par' dir='ltr' id='par_1_45' title="bbox 528 3310 2115 3382">
     <span class='ocr_line' id='line_1_45' title="bbox 528 3310 2115 3382; baseline 0.004 -19"><span class='ocrx_word' id='word_1_395' title='bbox 528 3322 641 3374; x_wconf 85' lang='lat' dir='ltr'><strong>sus,</strong></span> <span class='ocrx_word' id='word_1_396' title='bbox 674 3310 765 3379; x_wconf 90' lang='lat' dir='ltr'><strong>qui</strong></span> <span class='ocrx_word' id='word_1_397' title='bbox 801 3311 866 3366; x_wconf 91' lang='lat' dir='ltr'><strong>de</strong></span> <span class='ocrx_word' id='word_1_398' title='bbox 901 3310 1344 3367; x_wconf 63' lang='lat' dir='ltr'><strong>cadis-venturus</strong></span> <span class='ocrx_word' id='word_1_399' title='bbox 1368 3313 1667 3382; x_wconf 90' lang='lat' dir='ltr'><strong>promissus</strong></span> <span class='ocrx_word' id='word_1_400' title='bbox 1695 3322 1782 3370; x_wconf 90' lang='lat' dir='ltr'><strong>est</strong></span> <span class='ocrx_word' id='word_1_401' title='bbox 1816 3316 1884 3370; x_wconf 86' lang='lat' dir='ltr'><strong>ad</strong></span> <span class='ocrx_word' id='word_1_402' title='bbox 1920 3314 2115 3370; x_wconf 82' lang='lat' dir='ltr'><strong>libera-</strong></span> 
     </span>
    </p>
   </div>
   <div class='ocr_carea' id='block_1_46' title="bbox 525 3398 2113 3475">
    <p class='ocr_par' dir='ltr' id='par_1_46' title="bbox 525 3398 2113 3475">
     <span class='ocr_line' id='line_1_46' title="bbox 525 3398 2113 3475; baseline 0.005 -23"><span class='ocrx_word' id='word_1_403' title='bbox 525 3398 729 3469; x_wconf 85' lang='lat' dir='ltr'><strong>tionem</strong></span> <span class='ocrx_word' id='word_1_404' title='bbox 756 3399 989 3453; x_wconf 82' lang='lat' dir='ltr'><strong>humani</strong></span> <span class='ocrx_word' id='word_1_405' title='bbox 1002 3400 1236 3469; x_wconf 87' lang='lat' dir='ltr'><strong>generis,</strong></span> <span class='ocrx_word' id='word_1_406' title='bbox 1282 3401 1397 3470; x_wconf 89' lang='lat' dir='ltr'><strong>ipse</strong></span> <span class='ocrx_word' id='word_1_407' title='bbox 1445 3402 1690 3471; x_wconf 90' lang='lat' dir='ltr'><strong>quotidie</strong></span> <span class='ocrx_word' id='word_1_408' title='bbox 1721 3403 1954 3459; x_wconf 88' lang='lat' dir='ltr'><strong>remittit</strong></span> <span class='ocrx_word' id='word_1_409' title='bbox 1983 3419 2113 3475; x_wconf 65' lang='lat' dir='ltr'><strong>pec-«</strong></span> 
     </span>
    </p>
   </div>
   <div class='ocr_carea' id='block_1_47' title="bbox 528 3488 2116 3572">
    <p class='ocr_par' dir='ltr' id='par_1_47' title="bbox 528 3488 2116 3572">
     <span class='ocr_line' id='line_1_47' title="bbox 528 3488 2116 3572; baseline 0.006 -29"><span class='ocrx_word' id='word_1_410' title='bbox 528 3497 647 3543; x_wconf 88' lang='lat' dir='ltr'><strong>cata</strong></span> <span class='ocrx_word' id='word_1_411' title='bbox 676 3489 951 3545; x_wconf 86' lang='lat' dir='ltr'><strong>conversis</strong></span> <span class='ocrx_word' id='word_1_412' title='bbox 980 3488 1046 3543; x_wconf 90' lang='lat' dir='ltr'><strong>ad</strong></span> <span class='ocrx_word' id='word_1_413' title='bbox 1072 3506 1163 3557; x_wconf 86' lang='lat' dir='ltr'><strong>se;</strong></span> <span class='ocrx_word' id='word_1_414' title='bbox 1195 3506 1294 3547; x_wconf 93' lang='lat' dir='ltr'><strong>nec</strong></span> <span class='ocrx_word' id='word_1_415' title='bbox 1323 3492 1508 3547; x_wconf 89' lang='lat' dir='ltr'><strong>statim</strong></span> <span class='ocrx_word' id='word_1_416' title='bbox 1541 3509 1649 3572; x_wconf 83' lang='lat' dir='ltr'><strong>non</strong></span> <span class='ocrx_word' id='word_1_417' title='bbox 1668 3496 1958 3563; x_wconf 84' lang='lat' dir='ltr'><strong>credentes</strong></span> <span class='ocrx_word' id='word_1_418' title='bbox 1986 3511 2116 3553; x_wconf 76' lang='lat' dir='ltr'><strong>cnn-</strong></span> 
     </span>
    </p>
   </div>
   <div class='ocr_carea' id='block_1_48' title="bbox 528 3579 2115 3668">
    <p class='ocr_par' dir='ltr' id='par_1_48' title="bbox 528 3579 2115 3668">
     <span class='ocr_line' id='line_1_48' title="bbox 528 3579 2115 3668; baseline 0.006 -34"><span class='ocrx_word' id='word_1_419' title='bbox 528 3579 767 3668; x_wconf 72' lang='lat' dir='ltr'><strong>demtiat,</strong></span> <span class='ocrx_word' id='word_1_420' title='bbox 808 3581 903 3635; x_wconf 91' lang='lat' dir='ltr'><strong>sed</strong></span> <span class='ocrx_word' id='word_1_421' title='bbox 947 3590 1245 3651; x_wconf 80' lang='lat' dir='ltr'><strong>exspectat,</strong></span> <span class='ocrx_word' id='word_1_422' title='bbox 1292 3585 1471 3640; x_wconf 83' lang='lat' dir='ltr'><strong>sciens</strong></span> <span class='ocrx_word' id='word_1_423' title='bbox 1517 3600 1677 3655; x_wconf 90' lang='lat' dir='ltr'><strong>posse</strong></span> <span class='ocrx_word' id='word_1_424' title='bbox 1732 3587 1997 3657; x_wconf 81' lang='lat' dir='ltr'><strong>prolicere</strong></span> <span class='ocrx_word' id='word_1_425' title='bbox 2050 3588 2115 3644; x_wconf 92' lang='lat' dir='ltr'><strong>ad</strong></span> 
     </span>
    </p>
   </div>
   <div class='ocr_carea' id='block_1_49' title="bbox 528 3669 2117 3745">
    <p class='ocr_par' dir='ltr' id='par_1_49' title="bbox 528 3669 2117 3745">
     <span class='ocr_line' id='line_1_49' title="bbox 528 3669 2117 3745; baseline 0.009 -24"><span class='ocrx_word' id='word_1_426' title='bbox 528 3669 855 3739; x_wconf 88' lang='lat' dir='ltr'><strong>agnitionem</strong></span> <span class='ocrx_word' id='word_1_427' title='bbox 885 3671 1000 3725; x_wconf 90' lang='lat' dir='ltr'><strong>Dei.</strong></span> <span class='ocrx_word' id='word_1_428' title='bbox 1047 3672 1243 3745; x_wconf 86' lang='lat' dir='ltr'><strong>(0rig.)</strong></span> <span class='ocrx_word' id='word_1_429' title='bbox 1288 3675 1418 3741; x_wconf 82' lang='lat' dir='ltr'><strong>Quis</strong></span> <span class='ocrx_word' id='word_1_430' title='bbox 1468 3686 1647 3731; x_wconf 87' lang='lat' dir='ltr'><strong>autem</strong></span> <span class='ocrx_word' id='word_1_431' title='bbox 1690 3678 1756 3733; x_wconf 91' lang='lat' dir='ltr'><strong>sit</strong></span> <span class='ocrx_word' id='word_1_432' title='bbox 1808 3679 1908 3735; x_wconf 89' lang='lat' dir='ltr'><strong>iste</strong></span> <span class='ocrx_word' id='word_1_433' title='bbox 1938 3682 2117 3738; x_wconf 90' lang='lat' dir='ltr'><strong>omnis</strong></span> 
     </span>
    </p>
   </div>
   <div class='ocr_carea' id='block_1_50' title="bbox 528 3757 2115 3841">
    <p class='ocr_par' dir='ltr' id='par_1_50' title="bbox 528 3757 2115 3841">
     <span class='ocr_line' id='line_1_50' title="bbox 528 3757 2115 3841; baseline 0.009 -28"><span class='ocrx_word' id='word_1_434' title='bbox 528 3757 798 3831; x_wconf 76' lang='lat' dir='ltr'><strong>Israel‘qui</strong></span> <span class='ocrx_word' id='word_1_435' title='bbox 815 3758 1000 3817; x_wconf 84' lang='lat' dir='ltr'><strong>salvus</strong></span> <span class='ocrx_word' id='word_1_436' title='bbox 1021 3763 1134 3831; x_wconf 75' lang='lat' dir='ltr'><strong>ﬂet,</strong></span> <span class='ocrx_word' id='word_1_437' title='bbox 1158 3765 1241 3821; x_wconf 86' lang='lat' dir='ltr'><strong>vel</strong></span> <span class='ocrx_word' id='word_1_438' title='bbox 1258 3782 1377 3838; x_wconf 72' lang='lat' dir='ltr'><strong>qua:</strong></span> <span class='ocrx_word' id='word_1_439' title='bbox 1405 3767 1633 3825; x_wconf 83' lang='lat' dir='ltr'><strong>eritista</strong></span> <span class='ocrx_word' id='word_1_440' title='bbox 1655 3769 1932 3841; x_wconf 85' lang='lat' dir='ltr'><strong>plenitudo</strong></span> <span class='ocrx_word' id='word_1_441' title='bbox 1952 3773 2115 3828; x_wconf 86' lang='lat' dir='ltr'><strong>etiam</strong></span> 
     </span>
    </p>
   </div>
   <div class='ocr_carea' id='block_1_51' title="bbox 530 3847 2116 3935">
    <p class='ocr_par' dir='ltr' id='par_1_51' title="bbox 530 3847 2116 3935">
     <span class='ocr_line' id='line_1_51' title="bbox 530 3847 2116 3935; baseline 0.009 -30"><span class='ocrx_word' id='word_1_442' title='bbox 530 3853 770 3922; x_wconf 88' lang='lat' dir='ltr'><strong>gentium</strong></span> <span class='ocrx_word' id='word_1_443' title='bbox 789 3853 931 3910; x_wconf 86' lang='lat' dir='ltr'><strong>Deus</strong></span> <span class='ocrx_word' id='word_1_444' title='bbox 954 3856 1100 3912; x_wconf 85' lang='lat' dir='ltr'><strong>solus</strong></span> <span class='ocrx_word' id='word_1_445' title='bbox 1130 3860 1298 3926; x_wconf 91' lang='lat' dir='ltr'><strong>novit,</strong></span> <span class='ocrx_word' id='word_1_446' title='bbox 1324 3869 1378 3915; x_wconf 91' lang='lat' dir='ltr'><strong>et</strong></span> <span class='ocrx_word' id='word_1_447' title='bbox 1404 3862 1710 3933; x_wconf 89' lang='lat' dir='ltr'><strong>unigenitus</strong></span> <span class='ocrx_word' id='word_1_448' title='bbox 1730 3847 1866 3933; x_wconf 85' lang='lat' dir='ltr'><strong>ejus,</strong></span> <span class='ocrx_word' id='word_1_449' title='bbox 1883 3872 1939 3919; x_wconf 92' lang='lat' dir='ltr'><strong>et</strong></span> <span class='ocrx_word' id='word_1_450' title='bbox 1957 3865 2001 3919; x_wconf 91' lang='lat' dir='ltr'><strong>si</strong></span> <span class='ocrx_word' id='word_1_451' title='bbox 2025 3866 2116 3935; x_wconf 90' lang='lat' dir='ltr'><strong>qui</strong></span> 
     </span>
    </p>
   </div>
   <div class='ocr_carea' id='block_1_52' title="bbox 532 3942 2117 4021">
    <p class='ocr_par' dir='ltr' id='par_1_52' title="bbox 532 3942 2117 4021">
     <span class='ocr_line' id='line_1_52' title="bbox 532 3942 2117 4021; baseline 0.01 -26"><span class='ocrx_word' id='word_1_452' title='bbox 532 3942 672 3997; x_wconf 87' lang='lat' dir='ltr'><strong>forte</strong></span> <span class='ocrx_word' id='word_1_453' title='bbox 703 3944 862 3999; x_wconf 82' lang='lat' dir='ltr'><strong>amici</strong></span> <span class='ocrx_word' id='word_1_454' title='bbox 890 3944 1008 4013; x_wconf 87' lang='lat' dir='ltr'><strong>ejus</strong></span> <span class='ocrx_word' id='word_1_455' title='bbox 1041 3956 1183 4015; x_wconf 90' lang='lat' dir='ltr'><strong>sunt,</strong></span> <span class='ocrx_word' id='word_1_456' title='bbox 1211 3950 1279 4005; x_wconf 92' lang='lat' dir='ltr'><strong>ad</strong></span> <span class='ocrx_word' id='word_1_457' title='bbox 1302 3966 1437 4021; x_wconf 91' lang='lat' dir='ltr'><strong>quos</strong></span> <span class='ocrx_word' id='word_1_458' title='bbox 1464 3953 1607 4008; x_wconf 91' lang='lat' dir='ltr'><strong>dicat</strong></span> <span class='ocrx_word' id='word_1_459' title='bbox 1635 3973 1646 4007; x_wconf 94' lang='lat'>:</span> <span class='ocrx_word' id='word_1_460' title='bbox 1670 3954 1795 4009; x_wconf 78' lang='lat' dir='ltr'><strong>lam</strong></span> <span class='ocrx_word' id='word_1_461' title='bbox 1819 3972 1923 4010; x_wconf 87' lang='lat' dir='ltr'><strong>non</strong></span> <span class='ocrx_word' id='word_1_462' title='bbox 1943 3956 2117 4011; x_wconf 88' lang='lat' dir='ltr'><strong>dicam</strong></span> 
     </span>
    </p>
   </div>
   <div class='ocr_carea' id='block_1_53' title="bbox 532 4024 2118 4117">
    <p class='ocr_par' dir='ltr' id='par_1_53' title="bbox 532 4024 2118 4117">
     <span class='ocr_line' id='line_1_53' title="bbox 532 4024 2118 4117; baseline 0.01 -32"><span class='ocrx_word' id='word_1_463' title='bbox 532 4024 621 4086; x_wconf 78' lang='grc' dir='ltr'><strong>υὸδ</strong></span> <span class='ocrx_word' id='word_1_464' title='bbox 644 4050 834 4099; x_wconf 82' lang='lat' dir='ltr'><strong>servos,</strong></span> <span class='ocrx_word' id='word_1_465' title='bbox 859 4036 949 4090; x_wconf 85' lang='lat' dir='ltr'><strong>sed</strong></span> <span class='ocrx_word' id='word_1_466' title='bbox 973 4039 1189 4104; x_wconf 85' lang='lat' dir='ltr'><strong>amicos,</strong></span> <span class='ocrx_word' id='word_1_467' title='bbox 1213 4042 1337 4109; x_wconf 79' lang='lat' dir='ltr'><strong>quia</strong></span> <span class='ocrx_word' id='word_1_468' title='bbox 1359 4052 1483 4095; x_wconf 89' lang='lat' dir='ltr'><strong>nota</strong></span> <span class='ocrx_word' id='word_1_469' title='bbox 1506 4044 1647 4097; x_wconf 88' lang='lat' dir='ltr'><strong>vobis</strong></span> <span class='ocrx_word' id='word_1_470' title='bbox 1671 4044 1770 4113; x_wconf 83' lang='lat' dir='ltr'><strong>feci</strong></span> <span class='ocrx_word' id='word_1_471' title='bbox 1803 4044 1977 4100; x_wconf 88' lang='lat' dir='ltr'><strong>omnia</strong></span> <span class='ocrx_word' id='word_1_472' title='bbox 2000 4062 2118 4117; x_wconf 75' lang='lat' dir='ltr'><strong>qua:</strong></span> 
     </span>
    </p>
   </div>
   <div class='ocr_carea' id='block_1_54' title="bbox 534 4122 2116 4206">
    <p class='ocr_par' dir='ltr' id='par_1_54' title="bbox 534 4122 2116 4206">
     <span class='ocr_line' id='line_1_54' title="bbox 534 4122 2116 4206; baseline 0.012 -33"><span class='ocrx_word' id='word_1_473' title='bbox 534 4122 713 4175; x_wconf 85' lang='lat' dir='ltr'><strong>audivi</strong></span> <span class='ocrx_word' id='word_1_474' title='bbox 754 4140 785 4175; x_wconf 92' lang='lat' dir='ltr'><strong>a</strong></span> <span class='ocrx_word' id='word_1_475' title='bbox 810 4122 992 4179; x_wconf 88' lang='lat' dir='ltr'><strong>.Patre</strong></span> <span class='ocrx_word' id='word_1_476' title='bbox 1025 4127 1204 4197; x_wconf 86' lang='lat' dir='ltr'><strong>(Joan.</strong></span> <span class='ocrx_word' id='word_1_477' title='bbox 1252 4130 1364 4202; x_wconf 84' lang='lat' dir='ltr'><strong>xv).</strong></span> <span class='ocrx_word' id='word_1_478' title='bbox 1395 4131 1508 4189; x_wconf 88' lang='lat' dir='ltr'><strong>Hoc</strong></span> <span class='ocrx_word' id='word_1_479' title='bbox 1546 4142 1726 4190; x_wconf 86' lang='lat' dir='ltr'><strong>tamen</strong></span> <span class='ocrx_word' id='word_1_480' title='bbox 1751 4145 1929 4206; x_wconf 87' lang='lat' dir='ltr'><strong>potest</strong></span> <span class='ocrx_word' id='word_1_481' title='bbox 1952 4138 2116 4194; x_wconf 89' lang='lat' dir='ltr'><strong>etiam</strong></span> 
     </span>
    </p>
   </div>
   <div class='ocr_carea' id='block_1_55' title="bbox 536 4215 2119 4296">
    <p class='ocr_par' dir='ltr' id='par_1_55' title="bbox 536 4215 2119 4296">
     <span class='ocr_line' id='line_1_55' title="bbox 536 4215 2119 4296; baseline 0.011 -30"><span class='ocrx_word' id='word_1_482' title='bbox 536 4220 723 4291; x_wconf 88' lang='lat' dir='ltr'><strong>nostro</strong></span> <span class='ocrx_word' id='word_1_483' title='bbox 765 4215 945 4268; x_wconf 89' lang='lat' dir='ltr'><strong>sensui</strong></span> <span class='ocrx_word' id='word_1_484' title='bbox 978 4231 1286 4284; x_wconf 90' lang='lat' dir='ltr'><strong>occurrere,</strong></span> <span class='ocrx_word' id='word_1_485' title='bbox 1318 4221 1462 4289; x_wconf 88' lang='lat' dir='ltr'><strong>quod</strong></span> <span class='ocrx_word' id='word_1_486' title='bbox 1509 4222 1649 4277; x_wconf 90' lang='lat' dir='ltr'><strong>sicut</strong></span> <span class='ocrx_word' id='word_1_487' title='bbox 1671 4223 1857 4291; x_wconf 89' lang='lat' dir='ltr'><strong>Israel,</strong></span> <span class='ocrx_word' id='word_1_488' title='bbox 1881 4228 2119 4296; x_wconf 89' lang='lat' dir='ltr'><strong>quandiu</strong></span> 
     </span>
    </p>
   </div>
   <div class='ocr_carea' id='block_1_56' title="bbox 537 4309 2117 4384">
    <p class='ocr_par' dir='ltr' id='par_1_56' title="bbox 537 4309 2117 4384">
     <span class='ocr_line' id='line_1_56' title="bbox 537 4309 2117 4384; baseline 0.01 -25"><span class='ocrx_word' id='word_1_489' title='bbox 537 4317 821 4376; x_wconf 87' lang='lat' dir='ltr'><strong>permanet</strong></span> <span class='ocrx_word' id='word_1_490' title='bbox 860 4309 1152 4366; x_wconf 87' lang='lat' dir='ltr'><strong>secundum</strong></span> <span class='ocrx_word' id='word_1_491' title='bbox 1195 4329 1415 4370; x_wconf 89' lang='lat' dir='ltr'><strong>carnem</strong></span> <span class='ocrx_word' id='word_1_492' title='bbox 1463 4312 1649 4384; x_wconf 84' lang='lat' dir='ltr'><strong>Israel,</strong></span> <span class='ocrx_word' id='word_1_493' title='bbox 1700 4328 1756 4373; x_wconf 92' lang='lat' dir='ltr'><strong>et</strong></span> <span class='ocrx_word' id='word_1_494' title='bbox 1798 4334 1905 4374; x_wconf 93' lang='lat' dir='ltr'><strong>non</strong></span> <span class='ocrx_word' id='word_1_495' title='bbox 1954 4321 2117 4375; x_wconf 90' lang='lat' dir='ltr'><strong>etiam</strong></span> 
     </span>
    </p>
   </div>
   <div class='ocr_carea' id='block_1_57' title="bbox 537 4396 2117 4477">
    <p class='ocr_par' dir='ltr' id='par_1_57' title="bbox 537 4396 2117 4477">
     <span class='ocr_line' id='line_1_57' title="bbox 537 4396 2117 4477; baseline 0.01 -26"><span class='ocrx_word' id='word_1_496' title='bbox 537 4396 831 4451; x_wconf 88' lang='lat' dir='ltr'><strong>secundum</strong></span> <span class='ocrx_word' id='word_1_497' title='bbox 888 4401 1135 4477; x_wconf 83' lang='lat' dir='ltr'><strong>spiritum</strong></span> <span class='ocrx_word' id='word_1_498' title='bbox 1201 4402 1373 4461; x_wconf 84' lang='lat' dir='ltr'><strong>factus</strong></span> <span class='ocrx_word' id='word_1_499' title='bbox 1436 4405 1600 4462; x_wconf 88' lang='lat' dir='ltr'><strong>fuerit</strong></span> <span class='ocrx_word' id='word_1_500' title='bbox 1645 4408 1888 4465; x_wconf 87' lang='lat' dir='ltr'><strong>Israelita</strong></span> <span class='ocrx_word' id='word_1_501' title='bbox 1954 4425 2117 4467; x_wconf 89' lang='lat' dir='ltr'><strong>verus</strong></span> 
     </span>
    </p>
   </div>
   <div class='ocr_carea' id='block_1_58' title="bbox 537 4492 2115 4571">
    <p class='ocr_par' dir='ltr' id='par_1_58' title="bbox 537 4492 2115 4571">
     <span class='ocr_line' id='line_1_58' title="bbox 537 4492 2115 4571; baseline 0.009 -28"><span class='ocrx_word' id='word_1_502' title='bbox 537 4500 718 4545; x_wconf 89' lang='lat' dir='ltr'><strong>mente</strong></span> <span class='ocrx_word' id='word_1_503' title='bbox 758 4492 947 4548; x_wconf 90' lang='lat' dir='ltr'><strong>videns</strong></span> <span class='ocrx_word' id='word_1_504' title='bbox 978 4494 1167 4559; x_wconf 91' lang='lat' dir='ltr'><strong>Deum,</strong></span> <span class='ocrx_word' id='word_1_505' title='bbox 1193 4499 1466 4567; x_wconf 89' lang='lat' dir='ltr'><strong>pertinere</strong></span> <span class='ocrx_word' id='word_1_506' title='bbox 1522 4513 1628 4555; x_wconf 88' lang='lat' dir='ltr'><strong>non</strong></span> <span class='ocrx_word' id='word_1_507' title='bbox 1662 4510 1840 4571; x_wconf 84' lang='lat' dir='ltr'><strong>potest</strong></span> <span class='ocrx_word' id='word_1_508' title='bbox 1875 4503 1942 4557; x_wconf 87' lang='lat' dir='ltr'><strong>ad</strong></span> <span class='ocrx_word' id='word_1_509' title='bbox 1969 4502 2115 4558; x_wconf 89' lang='lat' dir='ltr'><strong>salu-</strong></span> 
     </span>
    </p>
   </div>
   <div class='ocr_carea' id='block_1_59' title="bbox 512 4582 2120 4656">
    <p class='ocr_par' dir='ltr' id='par_1_59' title="bbox 512 4582 2120 4656">
     <span class='ocr_line' id='line_1_59' title="bbox 512 4582 2120 4656; baseline 0.006 -19"><span class='ocrx_word' id='word_1_510' title='bbox 512 4587 679 4647; x_wconf 85' lang='lat' dir='ltr'><strong>tem,</strong></span> <span class='ocrx_word' id='word_1_511' title='bbox 709 4582 780 4636; x_wconf 89' lang='lat' dir='ltr'><strong>ita</strong></span> <span class='ocrx_word' id='word_1_512' title='bbox 818 4599 921 4638; x_wconf 93' lang='lat' dir='ltr'><strong>non</strong></span> <span class='ocrx_word' id='word_1_513' title='bbox 961 4596 1148 4656; x_wconf 82' lang='lat' dir='ltr'><strong>gentes</strong></span> <span class='ocrx_word' id='word_1_514' title='bbox 1178 4586 1395 4655; x_wconf 90' lang='lat' dir='ltr'><strong>quidem</strong></span> <span class='ocrx_word' id='word_1_515' title='bbox 1434 4603 1622 4644; x_wconf 90' lang='lat' dir='ltr'><strong>omnes</strong></span> <span class='ocrx_word' id='word_1_516' title='bbox 1654 4591 1875 4644; x_wconf 92' lang='lat' dir='ltr'><strong>omnino</strong></span> <span class='ocrx_word' id='word_1_517' title='bbox 1918 4592 2120 4646; x_wconf 86' lang='lat' dir='ltr'><strong>salvari</strong></span> 
     </span>
    </p>
   </div>
   <div class='ocr_carea' id='block_1_60' title="bbox 535 4674 2120 4753">
    <p class='ocr_par' dir='ltr' id='par_1_60' title="bbox 535 4674 2120 4753">
     <span class='ocr_line' id='line_1_60' title="bbox 535 4674 2120 4753; baseline 0.009 -30"><span class='ocrx_word' id='word_1_518' title='bbox 535 4680 793 4739; x_wconf 89' lang='lat' dir='ltr'><strong>possunt,</strong></span> <span class='ocrx_word' id='word_1_519' title='bbox 826 4674 930 4727; x_wconf 90' lang='lat' dir='ltr'><strong>nisi</strong></span> <span class='ocrx_word' id='word_1_520' title='bbox 960 4689 1079 4742; x_wconf 65' lang='lat' dir='ltr'><strong>quae</strong></span> <span class='ocrx_word' id='word_1_521' title='bbox 1118 4676 1259 4731; x_wconf 88' lang='lat' dir='ltr'><strong>intra</strong></span> <span class='ocrx_word' id='word_1_522' title='bbox 1294 4678 1679 4747; x_wconf 89' lang='lat' dir='ltr'><strong>plenitudinem</strong></span> <span class='ocrx_word' id='word_1_523' title='bbox 1707 4680 1909 4735; x_wconf 86' lang='lat' dir='ltr'><strong>fuerint</strong></span> <span class='ocrx_word' id='word_1_524' title='bbox 1936 4696 2120 4753; x_wconf 85' lang='lat' dir='ltr'><strong>reper-</strong></span> 
     </span>
    </p>
   </div>
   <div class='ocr_carea' id='block_1_61' title="bbox 527 4765 2121 4841">
    <p class='ocr_par' dir='ltr' id='par_1_61' title="bbox 527 4765 2121 4841">
     <span class='ocr_line' id='line_1_61' title="bbox 527 4765 2121 4841; baseline 0.009 -28"><span class='ocrx_word' id='word_1_525' title='bbox 527 4766 625 4837; x_wconf 79' lang='lat' dir='ltr'><strong>tae,</strong></span> <span class='ocrx_word' id='word_1_526' title='bbox 654 4776 989 4832; x_wconf 71' lang='lat' dir='ltr'><strong>quaecunque</strong></span> <span class='ocrx_word' id='word_1_527' title='bbox 1044 4765 1133 4818; x_wconf 90' lang='lat' dir='ltr'><strong>illa</strong></span> <span class='ocrx_word' id='word_1_528' title='bbox 1172 4774 1253 4821; x_wconf 91' lang='lat' dir='ltr'><strong>cst</strong></span> <span class='ocrx_word' id='word_1_529' title='bbox 1292 4783 1410 4837; x_wconf 68' lang='lat' dir='ltr'><strong>quae</strong></span> <span class='ocrx_word' id='word_1_530' title='bbox 1448 4771 1515 4824; x_wconf 89' lang='lat' dir='ltr'><strong>ab</strong></span> <span class='ocrx_word' id='word_1_531' title='bbox 1540 4768 1810 4841; x_wconf 89' lang='lat' dir='ltr'><strong>Apostolo‘</strong></span> <span class='ocrx_word' id='word_1_532' title='bbox 1840 4771 2121 4841; x_wconf 88' lang='lat' dir='ltr'><strong>plenitudo</strong></span> 
     </span>
    </p>
   </div>
   <div class='ocr_carea' id='block_1_62' title="bbox 536 4853 2119 4932">
    <p class='ocr_par' dir='ltr' id='par_1_62' title="bbox 536 4853 2119 4932">
     <span class='ocr_line' id='line_1_62' title="bbox 536 4853 2119 4932; baseline 0.006 -27"><span class='ocrx_word' id='word_1_533' title='bbox 536 4853 860 4907; x_wconf 89' lang='lat' dir='ltr'><strong>nominatur.</strong></span> <span class='ocrx_word' id='word_1_534' title='bbox 886 4855 963 4909; x_wconf 87' lang='lat' dir='ltr'><strong>Ita</strong></span> <span class='ocrx_word' id='word_1_535' title='bbox 992 4870 1120 4925; x_wconf 88' lang='lat' dir='ltr'><strong>ergo</strong></span> <span class='ocrx_word' id='word_1_536' title='bbox 1150 4859 1466 4928; x_wconf 85' lang='lat' dir='ltr'><strong>mysterium</strong></span> <span class='ocrx_word' id='word_1_537' title='bbox 1481 4859 1576 4920; x_wconf 87' lang='lat' dir='ltr'><strong>Dei</strong></span> <span class='ocrx_word' id='word_1_538' title='bbox 1607 4860 1862 4915; x_wconf 79' lang='lat' dir='ltr'><strong>ineffabili</strong></span> <span class='ocrx_word' id='word_1_539' title='bbox 1885 4862 2119 4932; x_wconf 88' lang='lat' dir='ltr'><strong>quadam</strong></span> 
     </span>
    </p>
   </div>
   <div class='ocr_carea' id='block_1_63' title="bbox 529 4944 2117 5017">
    <p class='ocr_par' dir='ltr' id='par_1_63' title="bbox 529 4944 2117 5017">
     <span class='ocr_line' id='line_1_63' title="bbox 529 4944 2117 5017; baseline 0.01 -22"><span class='ocrx_word' id='word_1_540' title='bbox 529 4944 812 5013; x_wconf 78' lang='lat' dir='ltr'><strong>sapientiae</strong></span> <span class='ocrx_word' id='word_1_541' title='bbox 840 4944 956 5013; x_wconf 85' lang='lat' dir='ltr'><strong>ejus</strong></span> <span class='ocrx_word' id='word_1_542' title='bbox 986 4946 1382 5016; x_wconf 89' lang='lat' dir='ltr'><strong>dispensatione</strong></span> <span class='ocrx_word' id='word_1_543' title='bbox 1418 4958 1699 5017; x_wconf 86' lang='lat' dir='ltr'><strong>tractatur,</strong></span> <span class='ocrx_word' id='word_1_544' title='bbox 1726 4960 1786 5006; x_wconf 91' lang='lat' dir='ltr'><strong>ut</strong></span> <span class='ocrx_word' id='word_1_545' title='bbox 1811 4953 1971 5008; x_wconf 91' lang='lat' dir='ltr'><strong>etiam</strong></span> <span class='ocrx_word' id='word_1_546' title='bbox 1996 4970 2117 5010; x_wconf 82' lang='lat' dir='ltr'><strong>eum</strong></span> 
     </span>
    </p>
   </div>
   <div class='ocr_carea' id='block_1_64' title="bbox 536 5029 2119 5109">
    <p class='ocr_par' dir='ltr' id='par_1_64' title="bbox 536 5029 2119 5109">
     <span class='ocr_line' id='line_1_64' title="bbox 536 5029 2119 5109; baseline 0.009 -25"><span class='ocrx_word' id='word_1_547' title='bbox 536 5029 639 5084; x_wconf 88' lang='lat' dir='ltr'><strong>sibi</strong></span> <span class='ocrx_word' id='word_1_548' title='bbox 683 5032 859 5087; x_wconf 88' lang='lat' dir='ltr'><strong>anima</strong></span> <span class='ocrx_word' id='word_1_549' title='bbox 911 5043 1109 5090; x_wconf 91' lang='lat' dir='ltr'><strong>sortem</strong></span> <span class='ocrx_word' id='word_1_550' title='bbox 1163 5039 1427 5093; x_wconf 87' lang='lat' dir='ltr'><strong>malorum</strong></span> <span class='ocrx_word' id='word_1_551' title='bbox 1467 5040 1580 5109; x_wconf 89' lang='lat' dir='ltr'><strong>ipsa</strong></span> <span class='ocrx_word' id='word_1_552' title='bbox 1625 5042 1979 5108; x_wconf 85' lang='lat' dir='ltr'><strong>consciverit,</strong></span> <span class='ocrx_word' id='word_1_553' title='bbox 2029 5044 2119 5099; x_wconf 88' lang='lat' dir='ltr'><strong>ille</strong></span> 
     </span>
    </p>
   </div>
   <div class='ocr_carea' id='block_1_65' title="bbox 528 5109 2119 5204">
    <p class='ocr_par' dir='ltr' id='par_1_65' title="bbox 528 5109 2119 5204">
     <span class='ocr_line' id='line_1_65' title="bbox 528 5109 2119 5204; baseline 0.011 -33"><span class='ocrx_word' id='word_1_554' title='bbox 528 5109 631 5188; x_wconf 53' lang='lat' dir='ltr'><strong>&#39;qui</strong></span> <span class='ocrx_word' id='word_1_555' title='bbox 676 5123 826 5176; x_wconf 85' lang='lat' dir='ltr'><strong>novit</strong></span> <span class='ocrx_word' id='word_1_556' title='bbox 863 5125 1112 5180; x_wconf 88' lang='lat' dir='ltr'><strong>universa</strong></span> <span class='ocrx_word' id='word_1_557' title='bbox 1158 5127 1465 5197; x_wconf 87' lang='lat' dir='ltr'><strong>disponere,</strong></span> <span class='ocrx_word' id='word_1_558' title='bbox 1518 5132 1879 5201; x_wconf 89' lang='lat' dir='ltr'><strong>abjectionem</strong></span> <span class='ocrx_word' id='word_1_559' title='bbox 1902 5134 2018 5204; x_wconf 86' lang='lat' dir='ltr'><strong>ejus</strong></span> <span class='ocrx_word' id='word_1_560' title='bbox 2065 5143 2119 5188; x_wconf 91' lang='lat' dir='ltr'><strong>et</strong></span> 
     </span>
    </p>
   </div>
   <div class='ocr_carea' id='block_1_66' title="bbox 540 5216 2118 5282">
    <p class='ocr_par' dir='ltr' id='par_1_66' title="bbox 540 5216 2118 5282">
     <span class='ocr_line' id='line_1_66' title="bbox 540 5216 2118 5282; baseline 0.01 -17"><span class='ocrx_word' id='word_1_561' title='bbox 540 5227 755 5282; x_wconf 73' lang='lat' dir='ltr'><strong>poenam</strong></span> <span class='ocrx_word' id='word_1_562' title='bbox 789 5216 1016 5271; x_wconf 89' lang='lat' dir='ltr'><strong>aliorum</strong></span> <span class='ocrx_word' id='word_1_563' title='bbox 1051 5218 1212 5273; x_wconf 87' lang='lat' dir='ltr'><strong>faciat</strong></span> <span class='ocrx_word' id='word_1_564' title='bbox 1247 5221 1491 5275; x_wconf 88' lang='lat' dir='ltr'><strong>salutem.</strong></span> <span class='ocrx_word' id='word_1_565' title='bbox 1533 5222 1637 5277; x_wconf 88' lang='lat' dir='ltr'><strong>Sed</strong></span> <span class='ocrx_word' id='word_1_566' title='bbox 1666 5232 1721 5280; x_wconf 92' lang='lat' dir='ltr'><strong>et</strong></span> <span class='ocrx_word' id='word_1_567' title='bbox 1750 5224 1879 5279; x_wconf 92' lang='lat' dir='ltr'><strong>illud</strong></span> <span class='ocrx_word' id='word_1_568' title='bbox 1906 5226 2118 5281; x_wconf 86' lang='lat' dir='ltr'><strong>videtur</strong></span> 
     </span>
    </p>
   </div>
   <div class='ocr_carea' id='block_1_67' title="bbox 539 5304 2118 5384">
    <p class='ocr_par' dir='ltr' id='par_1_67' title="bbox 539 5304 2118 5384">
     <span class='ocr_line' id='line_1_67' title="bbox 539 5304 2118 5384; baseline 0.008 -27"><span class='ocrx_word' id='word_1_569' title='bbox 539 5304 674 5383; x_wconf 84' lang='lat' dir='ltr'><strong>mihi</strong></span> <span class='ocrx_word' id='word_1_570' title='bbox 702 5306 754 5358; x_wconf 92' lang='lat' dir='ltr'><strong>in</strong></span> <span class='ocrx_word' id='word_1_571' title='bbox 782 5307 885 5362; x_wconf 84' lang='lat' dir='ltr'><strong>hoc</strong></span> <span class='ocrx_word' id='word_1_572' title='bbox 913 5307 1032 5363; x_wconf 90' lang='lat' dir='ltr'><strong>loco</strong></span> <span class='ocrx_word' id='word_1_573' title='bbox 1060 5310 1368 5380; x_wconf 89' lang='lat' dir='ltr'><strong>diligentius</strong></span> <span class='ocrx_word' id='word_1_574' title='bbox 1385 5314 1772 5377; x_wconf 87' lang='lat' dir='ltr'><strong>contuendum,</strong></span> <span class='ocrx_word' id='word_1_575' title='bbox 1798 5315 1940 5384; x_wconf 89' lang='lat' dir='ltr'><strong>quod</strong></span> <span class='ocrx_word' id='word_1_576' title='bbox 1962 5317 2118 5370; x_wconf 59' lang='lat' dir='ltr'><strong>caeci-</strong></span> 
     </span>
    </p>
   </div>
   <div class='ocr_carea' id='block_1_68' title="bbox 539 5399 2115 5475">
    <p class='ocr_par' dir='ltr' id='par_1_68' title="bbox 539 5399 2115 5475">
     <span class='ocr_line' id='line_1_68' title="bbox 539 5399 2115 5475; baseline 0.008 -26"><span class='ocrx_word' id='word_1_577' title='bbox 539 5402 706 5451; x_wconf 89' lang='lat' dir='ltr'><strong>tatem</strong></span> <span class='ocrx_word' id='word_1_578' title='bbox 738 5399 895 5452; x_wconf 88' lang='lat' dir='ltr'><strong>istam</strong></span> <span class='ocrx_word' id='word_1_579' title='bbox 920 5417 1025 5455; x_wconf 91' lang='lat' dir='ltr'><strong>non</strong></span> <span class='ocrx_word' id='word_1_580' title='bbox 1048 5403 1181 5457; x_wconf 86' lang='lat' dir='ltr'><strong>dicit</strong></span> <span class='ocrx_word' id='word_1_581' title='bbox 1207 5403 1426 5458; x_wconf 90' lang='lat' dir='ltr'><strong>omnino</strong></span> <span class='ocrx_word' id='word_1_582' title='bbox 1473 5402 1637 5459; x_wconf 88' lang='lat' dir='ltr'><strong>Israel</strong></span> <span class='ocrx_word' id='word_1_583' title='bbox 1663 5406 1984 5475; x_wconf 85' lang='lat' dir='ltr'><strong>contigisse,</strong></span> <span class='ocrx_word' id='word_1_584' title='bbox 2022 5408 2115 5462; x_wconf 87' lang='lat' dir='ltr'><strong>sed</strong></span> 
     </span>
    </p>
   </div>
   <div class='ocr_carea' id='block_1_69' title="bbox 538 5492 2117 5567">
    <p class='ocr_par' dir='ltr' id='par_1_69' title="bbox 538 5492 2117 5567">
     <span class='ocr_line' id='line_1_69' title="bbox 538 5492 2117 5567; baseline 0.004 -23"><span class='ocrx_word' id='word_1_585' title='bbox 538 5504 603 5544; x_wconf 78' lang='lat' dir='ltr'><strong>ea:</strong></span> <span class='ocrx_word' id='word_1_586' title='bbox 630 5500 795 5560; x_wconf 88' lang='lat' dir='ltr'><strong>parte.</strong></span> <span class='ocrx_word' id='word_1_587' title='bbox 825 5492 1085 5561; x_wconf 52' lang='lat' dir='ltr'><strong>Reliquiae</strong></span> <span class='ocrx_word' id='word_1_588' title='bbox 1114 5496 1256 5549; x_wconf 90' lang='lat' dir='ltr'><strong>enim</strong></span> <span class='ocrx_word' id='word_1_589' title='bbox 1281 5495 1571 5550; x_wconf 87' lang='lat' dir='ltr'><strong>secundum</strong></span> <span class='ocrx_word' id='word_1_590' title='bbox 1597 5496 1912 5552; x_wconf 89' lang='lat' dir='ltr'><strong>electionem</strong></span> <span class='ocrx_word' id='word_1_591' title='bbox 1931 5498 2117 5567; x_wconf 65' lang='lat' dir='ltr'><strong>gratia:</strong></span> 
     </span>
    </p>
   </div>
   <div class='ocr_carea' id='block_1_70' title="bbox 541 5578 2119 5656">
    <p class='ocr_par' dir='ltr' id='par_1_70' title="bbox 541 5578 2119 5656">
     <span class='ocr_line' id='line_1_70' title="bbox 541 5578 2119 5656; baseline 0.005 -23"><span class='ocrx_word' id='word_1_592' title='bbox 541 5578 701 5633; x_wconf 82' lang='lat' dir='ltr'><strong>salvae</strong></span> <span class='ocrx_word' id='word_1_593' title='bbox 723 5582 876 5635; x_wconf 72' lang='lat' dir='ltr'><strong>facta:</strong></span> <span class='ocrx_word' id='word_1_594' title='bbox 908 5591 1053 5637; x_wconf 88' lang='lat' dir='ltr'><strong>sunt.</strong></span> <span class='ocrx_word' id='word_1_595' title='bbox 1088 5583 1162 5639; x_wconf 91' lang='lat' dir='ltr'><strong>De</strong></span> <span class='ocrx_word' id='word_1_596' title='bbox 1198 5587 1391 5653; x_wconf 84' lang='lat' dir='ltr'><strong>quibus</strong></span> <span class='ocrx_word' id='word_1_597' title='bbox 1428 5587 1675 5656; x_wconf 87' lang='lat' dir='ltr'><strong>reliquiis</strong></span> <span class='ocrx_word' id='word_1_598' title='bbox 1710 5594 1763 5640; x_wconf 90' lang='lat' dir='ltr'><strong>et</strong></span> <span class='ocrx_word' id='word_1_599' title='bbox 1791 5587 1956 5641; x_wconf 87' lang='lat' dir='ltr'><strong>Isaias</strong></span> <span class='ocrx_word' id='word_1_600' title='bbox 1993 5600 2119 5655; x_wconf 82' lang='lat' dir='ltr'><strong>pro-</strong></span> 
     </span>
    </p>
   </div>
   <div class='ocr_carea' id='block_1_71' title="bbox 542 5668 2119 5746">
    <p class='ocr_par' dir='ltr' id='par_1_71' title="bbox 542 5668 2119 5746">
     <span class='ocr_line' id='line_1_71' title="bbox 542 5668 2119 5746; baseline 0.006 -26"><span class='ocrx_word' id='word_1_601' title='bbox 542 5668 869 5735; x_wconf 84' lang='lat' dir='ltr'><strong>phetaverat,</strong></span> <span class='ocrx_word' id='word_1_602' title='bbox 905 5674 1127 5728; x_wconf 85' lang='lat' dir='ltr'><strong>dicens:</strong></span> <span class='ocrx_word' id='word_1_603' title='bbox 1159 5674 1275 5728; x_wconf 78' lang='lat' dir='ltr'><strong>Nisi</strong></span> <span class='ocrx_word' id='word_1_604' title='bbox 1302 5676 1554 5730; x_wconf 84' lang='lat' dir='ltr'><strong>Dominus</strong></span> <span class='ocrx_word' id='word_1_605' title='bbox 1574 5677 1808 5731; x_wconf 83' lang='lat' dir='ltr'><strong>Sabaoth</strong></span> <span class='ocrx_word' id='word_1_606' title='bbox 1831 5674 2119 5746; x_wconf 83' lang='lat' dir='ltr'><strong>reliquisset</strong></span> 
     </span>
    </p>
   </div>
   <div class='ocr_carea' id='block_1_72' title="bbox 536 5758 2122 5836">
    <p class='ocr_par' dir='ltr' id='par_1_72' title="bbox 536 5758 2122 5836">
     <span class='ocr_line' id='line_1_72' title="bbox 536 5758 2122 5836; baseline 0.007 -25"><span class='ocrx_word' id='word_1_607' title='bbox 536 5758 687 5815; x_wconf 82' lang='lat' dir='ltr'><strong>nobis</strong></span> <span class='ocrx_word' id='word_1_608' title='bbox 708 5776 877 5816; x_wconf 87' lang='lat' dir='ltr'><strong>semen</strong></span> <span class='ocrx_word' id='word_1_609' title='bbox 907 5763 1039 5833; x_wconf 86' lang='lat' dir='ltr'><strong>(Isa.</strong></span> <span class='ocrx_word' id='word_1_610' title='bbox 1066 5767 1128 5836; x_wconf 91' lang='grc' dir='ltr'><strong>ι).</strong></span> <span class='ocrx_word' id='word_1_611' title='bbox 1160 5765 1275 5820; x_wconf 68' lang='lat' dir='ltr'><strong>Istro</strong></span> <span class='ocrx_word' id='word_1_612' title='bbox 1297 5780 1425 5835; x_wconf 84' lang='lat' dir='ltr'><strong>ergo</strong></span> <span class='ocrx_word' id='word_1_613' title='bbox 1452 5766 1687 5835; x_wconf 64' lang='lat' dir='ltr'><strong>reliquias</strong></span> <span class='ocrx_word' id='word_1_614' title='bbox 1712 5770 1764 5823; x_wconf 91' lang='lat' dir='ltr'><strong>in</strong></span> <span class='ocrx_word' id='word_1_615' title='bbox 1790 5767 2122 5824; x_wconf 83' lang='lat' dir='ltr'><strong>beatitudine</strong></span> 
     </span>
    </p>
   </div>
   <div class='ocr_carea' id='block_1_73' title="bbox 2204 1943 3801 2016">
    <p class='ocr_par' dir='ltr' id='par_1_73' title="bbox 2204 1943 3801 2016">
     <span class='ocr_line' id='line_1_73' title="bbox 2204 1943 3801 2016; baseline 0.002 -19"><span class='ocrx_word' id='word_1_616' title='bbox 2204 1960 2411 1998; x_wconf 87' lang='lat' dir='ltr'><strong>monem</strong></span> <span class='ocrx_word' id='word_1_617' title='bbox 2440 1960 2590 2015; x_wconf 87' lang='lat' dir='ltr'><strong>quem</strong></span> <span class='ocrx_word' id='word_1_618' title='bbox 2627 1943 2831 1998; x_wconf 85' lang='lat' dir='ltr'><strong>locutus</strong></span> <span class='ocrx_word' id='word_1_619' title='bbox 2864 1960 2980 1997; x_wconf 88' lang='lat' dir='ltr'><strong>sum</strong></span> <span class='ocrx_word' id='word_1_620' title='bbox 3014 1945 3155 1999; x_wconf 80' lang='lat' dir='ltr'><strong>vobis</strong></span> <span class='ocrx_word' id='word_1_621' title='bbox 3183 1943 3364 2016; x_wconf 82' lang='lat' dir='ltr'><strong>(Joan.</strong></span> <span class='ocrx_word' id='word_1_622' title='bbox 3390 1944 3504 2015; x_wconf 75' lang='lat' dir='ltr'><strong>xv).</strong></span> <span class='ocrx_word' id='word_1_623' title='bbox 3538 1944 3642 2012; x_wconf 85' lang='lat' dir='ltr'><strong>Qui</strong></span> <span class='ocrx_word' id='word_1_624' title='bbox 3669 1957 3801 2001; x_wconf 67' lang='grc' dir='ltr'><strong>γαν</strong></span> 
     </span>
    </p>
   </div>
   <div class='ocr_carea' id='block_1_74' title="bbox 2206 2035 3803 2107">
    <p class='ocr_par' dir='ltr' id='par_1_74' title="bbox 2206 2035 3803 2107">
     <span class='ocr_line' id='line_1_74' title="bbox 2206 2035 3803 2107; baseline 0.001 -16"><span class='ocrx_word' id='word_1_625' title='bbox 2206 2036 2359 2091; x_wconf 90' lang='lat' dir='ltr'><strong>verbi</strong></span> <span class='ocrx_word' id='word_1_626' title='bbox 2375 2035 2471 2090; x_wconf 88' lang='lat' dir='ltr'><strong>Dei</strong></span> <span class='ocrx_word' id='word_1_627' title='bbox 2492 2043 2546 2090; x_wconf 88' lang='lat' dir='ltr'><strong>et</strong></span> <span class='ocrx_word' id='word_1_628' title='bbox 2569 2035 2833 2090; x_wconf 71' lang='lat' dir='ltr'><strong>doctrinm</strong></span> <span class='ocrx_word' id='word_1_629' title='bbox 2853 2035 3176 2105; x_wconf 68' lang='lat' dir='ltr'><strong>evangelicae</strong></span> <span class='ocrx_word' id='word_1_630' title='bbox 3198 2036 3635 2107; x_wconf 85' lang='lat' dir='ltr'><strong>purificationem</strong></span> <span class='ocrx_word' id='word_1_631' title='bbox 3654 2049 3803 2106; x_wconf 75' lang='lat' dir='ltr'><strong>spro-</strong></span> 
     </span>
    </p>
   </div>
   <div class='ocr_carea' id='block_1_75' title="bbox 2206 2124 3800 2195">
    <p class='ocr_par' dir='ltr' id='par_1_75' title="bbox 2206 2124 3800 2195">
     <span class='ocr_line' id='line_1_75' title="bbox 2206 2124 3800 2195; baseline 0.001 -15"><span class='ocrx_word' id='word_1_632' title='bbox 2206 2127 2370 2191; x_wconf 91' lang='lat' dir='ltr'><strong>verit,</strong></span> <span class='ocrx_word' id='word_1_633' title='bbox 2401 2125 2645 2180; x_wconf 88' lang='lat' dir='ltr'><strong>tristibus</strong></span> <span class='ocrx_word' id='word_1_634' title='bbox 2674 2133 2730 2179; x_wconf 90' lang='lat' dir='ltr'><strong>et</strong></span> <span class='ocrx_word' id='word_1_635' title='bbox 2758 2124 3063 2195; x_wconf 67' lang='lat' dir='ltr'><strong>poenalibus</strong></span> <span class='ocrx_word' id='word_1_636' title='bbox 3087 2124 3559 2194; x_wconf 79' lang='lat' dir='ltr'><strong>puriﬁcationibus</strong></span> <span class='ocrx_word' id='word_1_637' title='bbox 3600 2132 3800 2181; x_wconf 70' lang='lat' dir='ltr'><strong>semet-</strong></span> 
     </span>
    </p>
   </div>
   <div class='ocr_carea' id='block_1_76' title="bbox 2208 2212 3803 2285">
    <p class='ocr_par' dir='ltr' id='par_1_76' title="bbox 2208 2212 3803 2285">
     <span class='ocr_line' id='line_1_76' title="bbox 2208 2212 3803 2285; baseline 0.002 -18"><span class='ocrx_word' id='word_1_638' title='bbox 2208 2212 2385 2283; x_wconf 88' lang='lat' dir='ltr'><strong>ipsum</strong></span> <span class='ocrx_word' id='word_1_639' title='bbox 2410 2222 2671 2280; x_wconf 88' lang='lat' dir='ltr'><strong>reservat,</strong></span> <span class='ocrx_word' id='word_1_640' title='bbox 2695 2221 2754 2268; x_wconf 91' lang='lat' dir='ltr'><strong>ut</strong></span> <span class='ocrx_word' id='word_1_641' title='bbox 2780 2214 2920 2285; x_wconf 87' lang='lat' dir='ltr'><strong>ignis</strong></span> <span class='ocrx_word' id='word_1_642' title='bbox 2941 2216 3201 2285; x_wconf 77' lang='lat' dir='ltr'><strong>gehenna:</strong></span> <span class='ocrx_word' id='word_1_643' title='bbox 3226 2214 3279 2270; x_wconf 90' lang='lat' dir='ltr'><strong>in</strong></span> <span class='ocrx_word' id='word_1_644' title='bbox 3310 2214 3645 2270; x_wconf 84' lang='lat' dir='ltr'><strong>cruciatibus</strong></span> <span class='ocrx_word' id='word_1_645' title='bbox 3673 2228 3803 2285; x_wconf 84' lang='lat' dir='ltr'><strong>pur-</strong></span> 
     </span>
    </p>
   </div>
   <div class='ocr_carea' id='block_1_77' title="bbox 2209 2304 3801 2379">
    <p class='ocr_par' dir='ltr' id='par_1_77' title="bbox 2209 2304 3801 2379">
     <span class='ocr_line' id='line_1_77' title="bbox 2209 2304 3801 2379; baseline 0.004 -23"><span class='ocrx_word' id='word_1_646' title='bbox 2209 2312 2318 2374; x_wconf 88' lang='lat' dir='ltr'><strong>get,</strong></span> <span class='ocrx_word' id='word_1_647' title='bbox 2344 2318 2507 2373; x_wconf 84' lang='lat' dir='ltr'><strong>quem</strong></span> <span class='ocrx_word' id='word_1_648' title='bbox 2534 2319 2635 2360; x_wconf 91' lang='lat' dir='ltr'><strong>nec</strong></span> <span class='ocrx_word' id='word_1_649' title='bbox 2666 2304 2959 2374; x_wconf 85' lang='lat' dir='ltr'><strong>apostolica</strong></span> <span class='ocrx_word' id='word_1_650' title='bbox 2999 2305 3279 2372; x_wconf 90' lang='lat' dir='ltr'><strong>doctrina,</strong></span> <span class='ocrx_word' id='word_1_651' title='bbox 3313 2321 3416 2363; x_wconf 89' lang='lat' dir='ltr'><strong>nec</strong></span> <span class='ocrx_word' id='word_1_652' title='bbox 3454 2306 3801 2379; x_wconf 60' lang='lat' dir='ltr'><strong>evangelica:</strong></span> 
     </span>
    </p>
   </div>
   <div class='ocr_carea' id='block_1_78' title="bbox 2210 2395 3795 2467">
    <p class='ocr_par' dir='ltr' id='par_1_78' title="bbox 2210 2395 3795 2467">
     <span class='ocr_line' id='line_1_78' title="bbox 2210 2395 3795 2467; baseline 0.003 -20"><span class='ocrx_word' id='word_1_653' title='bbox 2210 2409 2392 2449; x_wconf 90' lang='lat' dir='ltr'><strong>sermo</strong></span> <span class='ocrx_word' id='word_1_654' title='bbox 2415 2395 2687 2466; x_wconf 89' lang='lat' dir='ltr'><strong>purgavit,</strong></span> <span class='ocrx_word' id='word_1_655' title='bbox 2713 2395 3008 2450; x_wconf 89' lang='lat' dir='ltr'><strong>secundum</strong></span> <span class='ocrx_word' id='word_1_656' title='bbox 3055 2395 3185 2450; x_wconf 90' lang='lat' dir='ltr'><strong>illud</strong></span> <span class='ocrx_word' id='word_1_657' title='bbox 3212 2396 3357 2465; x_wconf 88' lang='lat' dir='ltr'><strong>quod</strong></span> <span class='ocrx_word' id='word_1_658' title='bbox 3386 2396 3649 2467; x_wconf 86' lang='lat' dir='ltr'><strong>scriptum</strong></span> <span class='ocrx_word' id='word_1_659' title='bbox 3680 2405 3795 2452; x_wconf 75' lang='lat' dir='ltr'><strong>est:</strong></span> 
     </span>
    </p>
   </div>
   <div class='ocr_carea' id='block_1_79' title="bbox 2210 2472 3798 2555">
    <p class='ocr_par' dir='ltr' id='par_1_79' title="bbox 2210 2472 3798 2555">
     <span class='ocr_line' id='line_1_79' title="bbox 2210 2472 3798 2555; baseline 0.003 -18"><span class='ocrx_word' id='word_1_660' title='bbox 2210 2482 2279 2537; x_wconf 86' lang='lat' dir='ltr'><strong>Et</strong></span> <span class='ocrx_word' id='word_1_661' title='bbox 2314 2484 2604 2552; x_wconf 82' lang='lat' dir='ltr'><strong>ouriﬁcabo</strong></span> <span class='ocrx_word' id='word_1_662' title='bbox 2632 2494 2681 2538; x_wconf 91' lang='lat' dir='ltr'><strong>te</strong></span> <span class='ocrx_word' id='word_1_663' title='bbox 2706 2472 2823 2554; x_wconf 88' lang='lat' dir='ltr'><strong>igne</strong></span> <span class='ocrx_word' id='word_1_664' title='bbox 2844 2483 2913 2537; x_wconf 85' lang='lat' dir='ltr'><strong>ad</strong></span> <span class='ocrx_word' id='word_1_665' title='bbox 2944 2500 3135 2554; x_wconf 86' lang='lat' dir='ltr'><strong>purum</strong></span> <span class='ocrx_word' id='word_1_666' title='bbox 3165 2483 3300 2555; x_wconf 86' lang='lat' dir='ltr'><strong>(Isa.</strong></span> <span class='ocrx_word' id='word_1_667' title='bbox 3324 2484 3391 2553; x_wconf 38' lang='grc' dir='ltr'><strong>γι).</strong></span> <span class='ocrx_word' id='word_1_668' title='bbox 3418 2483 3798 2541; x_wconf 76' lang='lat' dir='ltr'><strong>Verumtamen</strong></span> 
     </span>
    </p>
   </div>
   <div class='ocr_carea' id='block_1_80' title="bbox 2210 2572 3796 2643">
    <p class='ocr_par' dir='ltr' id='par_1_80' title="bbox 2210 2572 3796 2643">
     <span class='ocr_line' id='line_1_80' title="bbox 2210 2572 3796 2643; baseline 0.002 -17"><span class='ocrx_word' id='word_1_669' title='bbox 2210 2572 2523 2627; x_wconf 87' lang='lat' dir='ltr'><strong>meminisse</strong></span> <span class='ocrx_word' id='word_1_670' title='bbox 2552 2586 2767 2641; x_wconf 90' lang='lat' dir='ltr'><strong>semper</strong></span> <span class='ocrx_word' id='word_1_671' title='bbox 2798 2572 3075 2639; x_wconf 88' lang='lat' dir='ltr'><strong>debemus,</strong></span> <span class='ocrx_word' id='word_1_672' title='bbox 3107 2574 3247 2641; x_wconf 91' lang='lat' dir='ltr'><strong>quod</strong></span> <span class='ocrx_word' id='word_1_673' title='bbox 3271 2581 3599 2643; x_wconf 67' lang='lat' dir='ltr'><strong>praesentem</strong></span> <span class='ocrx_word' id='word_1_674' title='bbox 3626 2574 3796 2629; x_wconf 86' lang='lat' dir='ltr'><strong>locum</strong></span> 
     </span>
    </p>
   </div>
   <div class='ocr_carea' id='block_1_81' title="bbox 2209 2662 3797 2734">
    <p class='ocr_par' dir='ltr' id='par_1_81' title="bbox 2209 2662 3797 2734">
     <span class='ocr_line' id='line_1_81' title="bbox 2209 2662 3797 2734; baseline 0.003 -19"><span class='ocrx_word' id='word_1_675' title='bbox 2209 2662 2501 2731; x_wconf 84' lang='lat' dir='ltr'><strong>Apostolus</strong></span> <span class='ocrx_word' id='word_1_676' title='bbox 2522 2663 2676 2732; x_wconf 91' lang='lat' dir='ltr'><strong>quasi</strong></span> <span class='ocrx_word' id='word_1_677' title='bbox 2709 2664 3026 2733; x_wconf 87' lang='lat' dir='ltr'><strong>mysterium</strong></span> <span class='ocrx_word' id='word_1_678' title='bbox 3055 2664 3241 2719; x_wconf 87' lang='lat' dir='ltr'><strong>haberi</strong></span> <span class='ocrx_word' id='word_1_679' title='bbox 3269 2663 3474 2729; x_wconf 88' lang='lat' dir='ltr'><strong>voluit,</strong></span> <span class='ocrx_word' id='word_1_680' title='bbox 3515 2679 3622 2734; x_wconf 92' lang='lat' dir='ltr'><strong>quo</strong></span> <span class='ocrx_word' id='word_1_681' title='bbox 3658 2663 3797 2719; x_wconf 79' lang='lat' dir='ltr'><strong>scill-</strong></span> 
     </span>
    </p>
   </div>
   <div class='ocr_carea' id='block_1_82' title="bbox 2213 2754 3795 2827">
    <p class='ocr_par' dir='ltr' id='par_1_82' title="bbox 2213 2754 3795 2827">
     <span class='ocr_line' id='line_1_82' title="bbox 2213 2754 3795 2827; baseline 0.001 -17"><span class='ocrx_word' id='word_1_682' title='bbox 2213 2762 2300 2810; x_wconf 89' lang='lat' dir='ltr'><strong>cet</strong></span> <span class='ocrx_word' id='word_1_683' title='bbox 2324 2754 2629 2825; x_wconf 88' lang='lat' dir='ltr'><strong>hujusmodi</strong></span> <span class='ocrx_word' id='word_1_684' title='bbox 2658 2768 2852 2811; x_wconf 89' lang='lat' dir='ltr'><strong>sensus</strong></span> <span class='ocrx_word' id='word_1_685' title='bbox 2876 2755 3062 2817; x_wconf 74' lang='lat' dir='ltr'><strong>ﬁdeles</strong></span> <span class='ocrx_word' id='word_1_686' title='bbox 3088 2756 3289 2826; x_wconf 85' lang='lat' dir='ltr'><strong>quique</strong></span> <span class='ocrx_word' id='word_1_687' title='bbox 3318 2764 3373 2812; x_wconf 89' lang='lat' dir='ltr'><strong>et</strong></span> <span class='ocrx_word' id='word_1_688' title='bbox 3402 2754 3627 2827; x_wconf 83' lang='lat' dir='ltr'><strong>perfecti</strong></span> <span class='ocrx_word' id='word_1_689' title='bbox 3661 2756 3795 2811; x_wconf 80' lang='lat' dir='ltr'><strong>intra</strong></span> 
     </span>
    </p>
   </div>
   <div class='ocr_carea' id='block_1_83' title="bbox 2212 2846 3795 2918">
    <p class='ocr_par' dir='ltr' id='par_1_83' title="bbox 2212 2846 3795 2918">
     <span class='ocr_line' id='line_1_83' title="bbox 2212 2846 3795 2918; baseline 0.001 -17"><span class='ocrx_word' id='word_1_690' title='bbox 2212 2846 2533 2916; x_wconf 85' lang='lat' dir='ltr'><strong>semetipsos</strong></span> <span class='ocrx_word' id='word_1_691' title='bbox 2589 2846 2738 2901; x_wconf 89' lang='lat' dir='ltr'><strong>velut</strong></span> <span class='ocrx_word' id='word_1_692' title='bbox 2786 2848 3105 2917; x_wconf 82' lang='lat' dir='ltr'><strong>mysterium</strong></span> <span class='ocrx_word' id='word_1_693' title='bbox 3160 2847 3255 2902; x_wconf 91' lang='lat' dir='ltr'><strong>Dei</strong></span> <span class='ocrx_word' id='word_1_694' title='bbox 3311 2846 3529 2902; x_wconf 89' lang='lat' dir='ltr'><strong>silentio</strong></span> <span class='ocrx_word' id='word_1_695' title='bbox 3583 2854 3795 2918; x_wconf 75' lang='lat' dir='ltr'><strong>tegant,</strong></span> 
     </span>
    </p>
   </div>
   <div class='ocr_carea' id='block_1_84' title="bbox 2213 2936 3797 3012">
    <p class='ocr_par' dir='ltr' id='par_1_84' title="bbox 2213 2936 3797 3012">
     <span class='ocr_line' id='line_1_84' title="bbox 2213 2936 3797 3012; baseline 0.003 -20"><span class='ocrx_word' id='word_1_696' title='bbox 2213 2949 2317 2993; x_wconf 89' lang='lat' dir='ltr'><strong>nec</strong></span> <span class='ocrx_word' id='word_1_697' title='bbox 2359 2937 2561 3007; x_wconf 90' lang='lat' dir='ltr'><strong>passim</strong></span> <span class='ocrx_word' id='word_1_698' title='bbox 2610 2936 2911 2993; x_wconf 86' lang='lat' dir='ltr'><strong>interfectis</strong></span> <span class='ocrx_word' id='word_1_699' title='bbox 2958 2947 3015 2994; x_wconf 87' lang='lat' dir='ltr'><strong>et</strong></span> <span class='ocrx_word' id='word_1_700' title='bbox 3066 2940 3244 2996; x_wconf 90' lang='lat' dir='ltr'><strong>minus</strong></span> <span class='ocrx_word' id='word_1_701' title='bbox 3290 2940 3585 3012; x_wconf 88' lang='lat' dir='ltr'><strong>capacibus</strong></span> <span class='ocrx_word' id='word_1_702' title='bbox 3630 2939 3797 3011; x_wconf 81' lang='lat' dir='ltr'><strong>prole-</strong></span> 
     </span>
    </p>
   </div>
   <div class='ocr_carea' id='block_1_85' title="bbox 2214 3028 3798 3101">
    <p class='ocr_par' dir='ltr' id='par_1_85' title="bbox 2214 3028 3798 3101">
     <span class='ocr_line' id='line_1_85' title="bbox 2214 3028 3798 3101; baseline 0.003 -20"><span class='ocrx_word' id='word_1_703' title='bbox 2214 3035 2368 3095; x_wconf 88' lang='lat' dir='ltr'><strong>rant;</strong></span> <span class='ocrx_word' id='word_1_704' title='bbox 2407 3029 2713 3100; x_wconf 80' lang='lat' dir='ltr'><strong>mysterium</strong></span> <span class='ocrx_word' id='word_1_705' title='bbox 2737 3028 2876 3083; x_wconf 87' lang='lat' dir='ltr'><strong>enim</strong></span> <span class='ocrx_word' id='word_1_706' title='bbox 2906 3030 3061 3100; x_wconf 86' lang='lat' dir='ltr'><strong>regis,</strong></span> <span class='ocrx_word' id='word_1_707' title='bbox 3101 3037 3162 3086; x_wconf 91' lang='lat' dir='ltr'><strong>ut</strong></span> <span class='ocrx_word' id='word_1_708' title='bbox 3189 3030 3267 3085; x_wconf 91' lang='lat' dir='ltr'><strong>ait</strong></span> <span class='ocrx_word' id='word_1_709' title='bbox 3297 3029 3614 3101; x_wconf 85' lang='lat' dir='ltr'><strong>Scriptura,</strong></span> <span class='ocrx_word' id='word_1_710' title='bbox 3636 3029 3798 3086; x_wconf 69' lang='lat' dir='ltr'><strong>celare</strong></span> 
     </span>
    </p>
   </div>
   <div class='ocr_carea' id='block_1_86' title="bbox 2216 3120 2840 3193">
    <p class='ocr_par' dir='ltr' id='par_1_86' title="bbox 2216 3120 2840 3193">
     <span class='ocr_line' id='line_1_86' title="bbox 2216 3120 2840 3193; baseline -0.003 -16"><span class='ocrx_word' id='word_1_711' title='bbox 2216 3122 2410 3177; x_wconf 86' lang='lat' dir='ltr'><strong>bonum</strong></span> <span class='ocrx_word' id='word_1_712' title='bbox 2429 3130 2505 3176; x_wconf 84' lang='lat' dir='ltr'><strong>est</strong></span> <span class='ocrx_word' id='word_1_713' title='bbox 2534 3120 2686 3193; x_wconf 86' lang='lat' dir='ltr'><strong>(Tob.</strong></span> <span class='ocrx_word' id='word_1_714' title='bbox 2716 3121 2840 3192; x_wconf 80' lang='lat' dir='ltr'><strong>xu).</strong></span> 
     </span>
    </p>
   </div>
   <div class='ocr_carea' id='block_1_87' title="bbox 2298 3212 3797 3288">
    <p class='ocr_par' dir='ltr' id='par_1_87' title="bbox 2298 3212 3797 3288">
     <span class='ocr_line' id='line_1_87' title="bbox 2298 3212 3797 3288; baseline 0.001 -18"><span class='ocrx_word' id='word_1_715' title='bbox 2298 3214 2602 3270; x_wconf 87' lang='lat' dir='ltr'><strong>Secundum</strong></span> <span class='ocrx_word' id='word_1_716' title='bbox 2624 3212 3201 3286; x_wconf 82' lang='lat' dir='ltr'><strong>Evangeliumquidem</strong></span> <span class='ocrx_word' id='word_1_717' title='bbox 3232 3216 3434 3272; x_wconf 87' lang='lat' dir='ltr'><strong>inimici</strong></span> <span class='ocrx_word' id='word_1_718' title='bbox 3461 3224 3669 3288; x_wconf 85' lang='lat' dir='ltr'><strong>propter</strong></span> <span class='ocrx_word' id='word_1_719' title='bbox 3693 3233 3797 3274; x_wconf 70' lang='lat' dir='ltr'><strong>eos.</strong></span> 
     </span>
    </p>
   </div>
   <div class='ocr_carea' id='block_1_88' title="bbox 2216 3306 3801 3383">
    <p class='ocr_par' dir='ltr' id='par_1_88' title="bbox 2216 3306 3801 3383">
     <span class='ocr_line' id='line_1_88' title="bbox 2216 3306 3801 3383; baseline -0.001 -18"><span class='ocrx_word' id='word_1_720' title='bbox 2216 3308 2416 3380; x_wconf 86' lang='lat' dir='ltr'><strong>(0rig.)</strong></span> <span class='ocrx_word' id='word_1_721' title='bbox 2455 3306 2655 3363; x_wconf 85' lang='lat' dir='ltr'><strong>Eadem</strong></span> <span class='ocrx_word' id='word_1_722' title='bbox 2693 3322 3025 3379; x_wconf 89' lang='lat' dir='ltr'><strong>persequens</strong></span> <span class='ocrx_word' id='word_1_723' title='bbox 3060 3310 3239 3364; x_wconf 87' lang='lat' dir='ltr'><strong>adhuc</strong></span> <span class='ocrx_word' id='word_1_724' title='bbox 3283 3310 3352 3364; x_wconf 91' lang='lat' dir='ltr'><strong>de</strong></span> <span class='ocrx_word' id='word_1_725' title='bbox 3381 3309 3550 3365; x_wconf 85' lang='lat' dir='ltr'><strong>Israel</strong></span> <span class='ocrx_word' id='word_1_726' title='bbox 3588 3318 3641 3366; x_wconf 90' lang='lat' dir='ltr'><strong>et</strong></span> <span class='ocrx_word' id='word_1_727' title='bbox 3672 3325 3801 3383; x_wconf 79' lang='lat' dir='ltr'><strong>gen-</strong></span> 
     </span>
    </p>
   </div>
   <div class='ocr_carea' id='block_1_89' title="bbox 2216 3398 3805 3471">
    <p class='ocr_par' dir='ltr' id='par_1_89' title="bbox 2216 3398 3805 3471">
     <span class='ocr_line' id='line_1_89' title="bbox 2216 3398 3805 3471; baseline 0.002 -16"><span class='ocrx_word' id='word_1_728' title='bbox 2216 3401 2369 3465; x_wconf 87' lang='lat' dir='ltr'><strong>tibus</strong></span> <span class='ocrx_word' id='word_1_729' title='bbox 2385 3398 2677 3469; x_wconf 89' lang='lat' dir='ltr'><strong>Apostolus</strong></span> <span class='ocrx_word' id='word_1_730' title='bbox 2705 3408 2759 3455; x_wconf 89' lang='lat' dir='ltr'><strong>et</strong></span> <span class='ocrx_word' id='word_1_731' title='bbox 2785 3400 2954 3455; x_wconf 89' lang='lat' dir='ltr'><strong>ramis</strong></span> <span class='ocrx_word' id='word_1_732' title='bbox 2981 3400 3202 3455; x_wconf 85' lang='lat' dir='ltr'><strong>oleastri</strong></span> <span class='ocrx_word' id='word_1_733' title='bbox 3227 3400 3317 3471; x_wconf 90' lang='lat' dir='ltr'><strong>qui</strong></span> <span class='ocrx_word' id='word_1_734' title='bbox 3350 3400 3682 3457; x_wconf 88' lang='lat' dir='ltr'><strong>insultabaut</strong></span> <span class='ocrx_word' id='word_1_735' title='bbox 3715 3416 3805 3458; x_wconf 73' lang='lat' dir='ltr'><strong>ra-</strong></span> 
     </span>
    </p>
   </div>
   <div class='ocr_carea' id='block_1_90' title="bbox 2217 3489 3805 3561">
    <p class='ocr_par' dir='ltr' id='par_1_90' title="bbox 2217 3489 3805 3561">
     <span class='ocr_line' id='line_1_90' title="bbox 2217 3489 3805 3561; baseline 0.001 -15"><span class='ocrx_word' id='word_1_736' title='bbox 2217 3492 2323 3547; x_wconf 90' lang='lat' dir='ltr'><strong>mis</strong></span> <span class='ocrx_word' id='word_1_737' title='bbox 2350 3490 2506 3546; x_wconf 68' lang='lat' dir='ltr'><strong>olivaa</strong></span> <span class='ocrx_word' id='word_1_738' title='bbox 2540 3489 2796 3546; x_wconf 87' lang='lat' dir='ltr'><strong>defractis</strong></span> <span class='ocrx_word' id='word_1_739' title='bbox 2822 3492 3096 3561; x_wconf 90' lang='lat' dir='ltr'><strong>imputans</strong></span> <span class='ocrx_word' id='word_1_740' title='bbox 3122 3491 3286 3546; x_wconf 85' lang='lat' dir='ltr'><strong>etiam</strong></span> <span class='ocrx_word' id='word_1_741' title='bbox 3314 3491 3431 3546; x_wconf 82' lang='lat' dir='ltr'><strong>haec</strong></span> <span class='ocrx_word' id='word_1_742' title='bbox 3460 3491 3628 3547; x_wconf 86' lang='lat' dir='ltr'><strong>addit.</strong></span> <span class='ocrx_word' id='word_1_743' title='bbox 3668 3492 3805 3560; x_wconf 78' lang='lat' dir='ltr'><strong>Quia</strong></span> 
     </span>
    </p>
   </div>
   <div class='ocr_carea' id='block_1_91' title="bbox 2216 3583 3805 3655">
    <p class='ocr_par' dir='ltr' id='par_1_91' title="bbox 2216 3583 3805 3655">
     <span class='ocr_line' id='line_1_91' title="bbox 2216 3583 3805 3655; baseline 0.002 -16"><span class='ocrx_word' id='word_1_744' title='bbox 2216 3584 2384 3640; x_wconf 89' lang='lat' dir='ltr'><strong>Israel</strong></span> <span class='ocrx_word' id='word_1_745' title='bbox 2410 3585 2703 3639; x_wconf 91' lang='lat' dir='ltr'><strong>secundum</strong></span> <span class='ocrx_word' id='word_1_746' title='bbox 2741 3584 3091 3655; x_wconf 85' lang='lat' dir='ltr'><strong>Evangelium</strong></span> <span class='ocrx_word' id='word_1_747' title='bbox 3113 3585 3329 3654; x_wconf 88' lang='lat' dir='ltr'><strong>quidem</strong></span> <span class='ocrx_word' id='word_1_748' title='bbox 3356 3583 3607 3640; x_wconf 87' lang='lat' dir='ltr'><strong>inimicus</strong></span> <span class='ocrx_word' id='word_1_749' title='bbox 3635 3584 3805 3641; x_wconf 83' lang='lat' dir='ltr'><strong>factus</strong></span> 
     </span>
    </p>
   </div>
   <div class='ocr_carea' id='block_1_92' title="bbox 2218 3675 3805 3749">
    <p class='ocr_par' dir='ltr' id='par_1_92' title="bbox 2218 3675 3805 3749">
     <span class='ocr_line' id='line_1_92' title="bbox 2218 3675 3805 3749; baseline -0.002 -14"><span class='ocrx_word' id='word_1_750' title='bbox 2218 3686 2300 3735; x_wconf 90' lang='lat' dir='ltr'><strong>est</strong></span> <span class='ocrx_word' id='word_1_751' title='bbox 2325 3680 2458 3744; x_wconf 88' lang='lat' dir='ltr'><strong>Deo,</strong></span> <span class='ocrx_word' id='word_1_752' title='bbox 2488 3679 2614 3749; x_wconf 88' lang='lat' dir='ltr'><strong>quia</strong></span> <span class='ocrx_word' id='word_1_753' title='bbox 2640 3692 2745 3734; x_wconf 91' lang='lat' dir='ltr'><strong>non</strong></span> <span class='ocrx_word' id='word_1_754' title='bbox 2776 3678 3006 3734; x_wconf 88' lang='lat' dir='ltr'><strong>credidit</strong></span> <span class='ocrx_word' id='word_1_755' title='bbox 3033 3677 3267 3734; x_wconf 86' lang='lat' dir='ltr'><strong>Christo.</strong></span> <span class='ocrx_word' id='word_1_756' title='bbox 3292 3675 3495 3748; x_wconf 81' lang='lat' dir='ltr'><strong>(Amb.)</strong></span> <span class='ocrx_word' id='word_1_757' title='bbox 3522 3675 3698 3733; x_wconf 85' lang='lat' dir='ltr'><strong>Causa</strong></span> <span class='ocrx_word' id='word_1_758' title='bbox 3724 3678 3805 3732; x_wconf 85' lang='lat' dir='ltr'><strong>in-</strong></span> 
     </span>
    </p>
   </div>
   <div class='ocr_carea' id='block_1_93' title="bbox 2218 3766 3803 3844">
    <p class='ocr_par' dir='ltr' id='par_1_93' title="bbox 2218 3766 3803 3844">
     <span class='ocr_line' id='line_1_93' title="bbox 2218 3766 3803 3844; baseline -0.003 -18"><span class='ocrx_word' id='word_1_759' title='bbox 2218 3769 2555 3826; x_wconf 89' lang='lat' dir='ltr'><strong>credulitatis</strong></span> <span class='ocrx_word' id='word_1_760' title='bbox 2581 3769 2789 3823; x_wconf 90' lang='lat' dir='ltr'><strong>inimici</strong></span> <span class='ocrx_word' id='word_1_761' title='bbox 2830 3778 2958 3823; x_wconf 89' lang='lat' dir='ltr'><strong>sunt</strong></span> <span class='ocrx_word' id='word_1_762' title='bbox 2994 3766 3297 3844; x_wconf 81' lang='lat' dir='ltr'><strong>Evangelii,</strong></span> <span class='ocrx_word' id='word_1_763' title='bbox 3327 3773 3388 3821; x_wconf 89' lang='lat' dir='ltr'><strong>ut</strong></span> <span class='ocrx_word' id='word_1_764' title='bbox 3411 3780 3569 3822; x_wconf 89' lang='lat' dir='ltr'><strong>error</strong></span> <span class='ocrx_word' id='word_1_765' title='bbox 3590 3776 3645 3822; x_wconf 89' lang='lat' dir='ltr'><strong>et</strong></span> <span class='ocrx_word' id='word_1_766' title='bbox 3672 3767 3803 3823; x_wconf 82' lang='lat' dir='ltr'><strong>deli-</strong></span> 
     </span>
    </p>
   </div>
   <div class='ocr_carea' id='block_1_94' title="bbox 2219 3857 3804 3931">
    <p class='ocr_par' dir='ltr' id='par_1_94' title="bbox 2219 3857 3804 3931">
     <span class='ocr_line' id='line_1_94' title="bbox 2219 3857 3804 3931; baseline -0.005 -12"><span class='ocrx_word' id='word_1_767' title='bbox 2219 3871 2368 3919; x_wconf 91' lang='lat' dir='ltr'><strong>ctum</strong></span> <span class='ocrx_word' id='word_1_768' title='bbox 2413 3863 2627 3917; x_wconf 89' lang='lat' dir='ltr'><strong>illorum</strong></span> <span class='ocrx_word' id='word_1_769' title='bbox 2670 3860 2922 3931; x_wconf 86' lang='lat' dir='ltr'><strong>gentibus</strong></span> <span class='ocrx_word' id='word_1_770' title='bbox 2969 3858 3205 3928; x_wconf 88' lang='lat' dir='ltr'><strong>aperiret</strong></span> <span class='ocrx_word' id='word_1_771' title='bbox 3245 3857 3386 3912; x_wconf 85' lang='lat' dir='ltr'><strong>viam</strong></span> <span class='ocrx_word' id='word_1_772' title='bbox 3418 3865 3545 3912; x_wconf 89' lang='lat' dir='ltr'><strong>ante</strong></span> <span class='ocrx_word' id='word_1_773' title='bbox 3594 3865 3804 3929; x_wconf 86' lang='lat' dir='ltr'><strong>tempus</strong></span> 
     </span>
    </p>
   </div>
   <div class='ocr_carea' id='block_1_95' title="bbox 2220 3945 3803 4019">
    <p class='ocr_par' dir='ltr' id='par_1_95' title="bbox 2220 3945 3803 4019">
     <span class='ocr_line' id='line_1_95' title="bbox 2220 3945 3803 4019; baseline -0.004 -12"><span class='ocrx_word' id='word_1_774' title='bbox 2220 3951 2457 4009; x_wconf 91' lang='lat' dir='ltr'><strong>intrandi</strong></span> <span class='ocrx_word' id='word_1_775' title='bbox 2514 3950 2583 4005; x_wconf 90' lang='lat' dir='ltr'><strong>ad</strong></span> <span class='ocrx_word' id='word_1_776' title='bbox 2637 3950 2821 4015; x_wconf 89' lang='lat' dir='ltr'><strong>fidem,</strong></span> <span class='ocrx_word' id='word_1_777' title='bbox 2873 3950 3037 4005; x_wconf 15' lang='lat' dir='ltr'><strong>sicut,</strong></span> <span class='ocrx_word' id='word_1_778' title='bbox 3071 3962 3232 4019; x_wconf 89' lang='lat' dir='ltr'><strong>supra</strong></span> <span class='ocrx_word' id='word_1_779' title='bbox 3292 3947 3612 4002; x_wconf 86' lang='lat' dir='ltr'><strong>memoravi.</strong></span> <span class='ocrx_word' id='word_1_780' title='bbox 3648 3945 3803 4001; x_wconf 84' lang='lat' dir='ltr'><strong>Prius</strong></span> 
     </span>
    </p>
   </div>
   <div class='ocr_carea' id='block_1_96' title="bbox 2219 4037 3800 4110">
    <p class='ocr_par' dir='ltr' id='par_1_96' title="bbox 2219 4037 3800 4110">
     <span class='ocr_line' id='line_1_96' title="bbox 2219 4037 3800 4110; baseline -0.005 -10"><span class='ocrx_word' id='word_1_781' title='bbox 2219 4044 2363 4100; x_wconf 89' lang='lat' dir='ltr'><strong>enim</strong></span> <span class='ocrx_word' id='word_1_782' title='bbox 2417 4042 2619 4110; x_wconf 89' lang='lat' dir='ltr'><strong>ubique</strong></span> <span class='ocrx_word' id='word_1_783' title='bbox 2661 4039 2912 4095; x_wconf 90' lang='lat' dir='ltr'><strong>omnibus</strong></span> <span class='ocrx_word' id='word_1_784' title='bbox 2943 4037 3159 4093; x_wconf 53' lang='lat' dir='ltr'><strong>.Judaeis</strong></span> <span class='ocrx_word' id='word_1_785' title='bbox 3206 4037 3612 4108; x_wconf 70' lang='lat' dir='ltr'><strong>praedicandum</strong></span> <span class='ocrx_word' id='word_1_786' title='bbox 3651 4046 3800 4102; x_wconf 90' lang='lat' dir='ltr'><strong>erat,</strong></span> 
     </span>
    </p>
   </div>
   <div class='ocr_carea' id='block_1_97' title="bbox 2220 4124 3800 4199">
    <p class='ocr_par' dir='ltr' id='par_1_97' title="bbox 2220 4124 3800 4199">
     <span class='ocr_line' id='line_1_97' title="bbox 2220 4124 3800 4199; baseline -0.006 -11"><span class='ocrx_word' id='word_1_787' title='bbox 2220 4142 2351 4189; x_wconf 89' lang='lat' dir='ltr'><strong>tunc</strong></span> <span class='ocrx_word' id='word_1_788' title='bbox 2396 4133 2612 4186; x_wconf 90' lang='lat' dir='ltr'><strong>demum</strong></span> <span class='ocrx_word' id='word_1_789' title='bbox 2662 4139 2717 4184; x_wconf 87' lang='lat' dir='ltr'><strong>et</strong></span> <span class='ocrx_word' id='word_1_790' title='bbox 2767 4127 3018 4199; x_wconf 82' lang='lat' dir='ltr'><strong>gentibus</strong></span> <span class='ocrx_word' id='word_1_791' title='bbox 3064 4124 3347 4196; x_wconf 89' lang='lat' dir='ltr'><strong>oportebat</strong></span> <span class='ocrx_word' id='word_1_792' title='bbox 3390 4126 3537 4180; x_wconf 85' lang='lat' dir='ltr'><strong>credi</strong></span> <span class='ocrx_word' id='word_1_793' title='bbox 3583 4126 3800 4180; x_wconf 84' lang='lat' dir='ltr'><strong>verbum</strong></span> 
     </span>
    </p>
   </div>
   <div class='ocr_carea' id='block_1_98' title="bbox 2221 4215 3804 4289">
    <p class='ocr_par' dir='ltr' id='par_1_98' title="bbox 2221 4215 3804 4289">
     <span class='ocr_line' id='line_1_98' title="bbox 2221 4215 3804 4289; baseline -0.006 -10"><span class='ocrx_word' id='word_1_794' title='bbox 2221 4224 2317 4279; x_wconf 90' lang='lat' dir='ltr'><strong>Dei</strong></span> <span class='ocrx_word' id='word_1_795' title='bbox 2346 4240 2358 4276; x_wconf 93' lang='lat'>:</span> <span class='ocrx_word' id='word_1_796' title='bbox 2390 4221 2485 4276; x_wconf 91' lang='lat' dir='ltr'><strong>sed</strong></span> <span class='ocrx_word' id='word_1_797' title='bbox 2526 4221 2653 4289; x_wconf 87' lang='lat' dir='ltr'><strong>quia</strong></span> <span class='ocrx_word' id='word_1_798' title='bbox 2681 4234 2788 4274; x_wconf 89' lang='lat' dir='ltr'><strong>non</strong></span> <span class='ocrx_word' id='word_1_799' title='bbox 2818 4217 3183 4281; x_wconf 87' lang='lat' dir='ltr'><strong>crediderunt,</strong></span> <span class='ocrx_word' id='word_1_800' title='bbox 3214 4215 3454 4271; x_wconf 88' lang='lat' dir='ltr'><strong>ablatum</strong></span> <span class='ocrx_word' id='word_1_801' title='bbox 3491 4215 3561 4271; x_wconf 90' lang='lat' dir='ltr'><strong>ab</strong></span> <span class='ocrx_word' id='word_1_802' title='bbox 3596 4216 3684 4271; x_wconf 86' lang='lat' dir='ltr'><strong>his</strong></span> <span class='ocrx_word' id='word_1_803' title='bbox 3724 4230 3804 4271; x_wconf 83' lang='lat' dir='ltr'><strong>re-</strong></span> 
     </span>
    </p>
   </div>
   <div class='ocr_carea' id='block_1_99' title="bbox 2222 4307 3799 4385">
    <p class='ocr_par' dir='ltr' id='par_1_99' title="bbox 2222 4307 3799 4385">
     <span class='ocr_line' id='line_1_99' title="bbox 2222 4307 3799 4385; baseline -0.004 -17"><span class='ocrx_word' id='word_1_804' title='bbox 2222 4327 2387 4385; x_wconf 84' lang='lat' dir='ltr'><strong>gnum</strong></span> <span class='ocrx_word' id='word_1_805' title='bbox 2423 4313 2612 4367; x_wconf 88' lang='lat' dir='ltr'><strong>datum</strong></span> <span class='ocrx_word' id='word_1_806' title='bbox 2649 4320 2734 4365; x_wconf 90' lang='lat' dir='ltr'><strong>est</strong></span> <span class='ocrx_word' id='word_1_807' title='bbox 2755 4310 3028 4380; x_wconf 87' lang='lat' dir='ltr'><strong>gentibus.</strong></span> <span class='ocrx_word' id='word_1_808' title='bbox 3072 4307 3258 4378; x_wconf 88' lang='lat' dir='ltr'><strong>Itaque</strong></span> <span class='ocrx_word' id='word_1_809' title='bbox 3296 4323 3404 4362; x_wconf 93' lang='lat' dir='ltr'><strong>non</strong></span> <span class='ocrx_word' id='word_1_810' title='bbox 3444 4307 3799 4362; x_wconf 80' lang='lat' dir='ltr'><strong>insultantium</strong></span> 
     </span>
    </p>
   </div>
   <div class='ocr_carea' id='block_1_100' title="bbox 2221 4394 3795 4479">
    <p class='ocr_par' dir='ltr' id='par_1_100' title="bbox 2221 4394 3795 4479">
     <span class='ocr_line' id='line_1_100' title="bbox 2221 4394 3795 4479; baseline -0.006 -20"><span class='ocrx_word' id='word_1_811' title='bbox 2221 4404 2307 4460; x_wconf 89' lang='lat' dir='ltr'><strong>his</strong></span> <span class='ocrx_word' id='word_1_812' title='bbox 2352 4409 2678 4473; x_wconf 74' lang='lat' dir='ltr'><strong>praemonet,</strong></span> <span class='ocrx_word' id='word_1_813' title='bbox 2711 4414 2942 4469; x_wconf 88' lang='lat' dir='ltr'><strong>quorum</strong></span> <span class='ocrx_word' id='word_1_814' title='bbox 2962 4397 3237 4479; x_wconf 65' lang='lat' dir='ltr'><strong>delictum</strong></span> <span class='ocrx_word' id='word_1_815' title='bbox 3274 4395 3497 4467; x_wconf 79' lang='lat' dir='ltr'><strong>profuit</strong></span> <span class='ocrx_word' id='word_1_816' title='bbox 3534 4394 3795 4466; x_wconf 80' lang='lat' dir='ltr'><strong>gentibus.</strong></span> 
     </span>
    </p>
   </div>
   <div class='ocr_carea' id='block_1_101' title="bbox 2144 4489 3797 4575">
    <p class='ocr_par' dir='ltr' id='par_1_101' title="bbox 2144 4489 3797 4575">
     <span class='ocr_line' id='line_1_101' title="bbox 2144 4489 3797 4575; baseline -0.004 -26"><span class='ocrx_word' id='word_1_817' title='bbox 2144 4515 2198 4575; x_wconf 71' lang='grc' dir='ltr'><strong>Β</strong></span> <span class='ocrx_word' id='word_1_818' title='bbox 2222 4496 2299 4550; x_wconf 82' lang='grc' dir='ltr'><strong>11ιί</strong></span> <span class='ocrx_word' id='word_1_819' title='bbox 2329 4496 2471 4549; x_wconf 89' lang='lat' dir='ltr'><strong>enim</strong></span> <span class='ocrx_word' id='word_1_820' title='bbox 2502 4493 2867 4575; x_wconf 77' lang='lat' dir='ltr'><strong>insultantium</strong></span> <span class='ocrx_word' id='word_1_821' title='bbox 2896 4500 2998 4559; x_wconf 90' lang='lat' dir='ltr'><strong>est,</strong></span> <span class='ocrx_word' id='word_1_822' title='bbox 3018 4491 3175 4562; x_wconf 89' lang='lat' dir='ltr'><strong>cujus</strong></span> <span class='ocrx_word' id='word_1_823' title='bbox 3198 4499 3484 4562; x_wconf 87' lang='lat' dir='ltr'><strong>peccatum</strong></span> <span class='ocrx_word' id='word_1_824' title='bbox 3510 4489 3685 4545; x_wconf 89' lang='lat' dir='ltr'><strong>obfuit</strong></span> <span class='ocrx_word' id='word_1_825' title='bbox 3708 4489 3797 4544; x_wconf 82' lang='lat' dir='ltr'><strong>ali-</strong></span> 
     </span>
    </p>
   </div>
   <div class='ocr_carea' id='block_1_102' title="bbox 2223 4582 3794 4661">
    <p class='ocr_par' dir='ltr' id='par_1_102' title="bbox 2223 4582 3794 4661">
     <span class='ocr_line' id='line_1_102' title="bbox 2223 4582 3794 4661; baseline -0.004 -19"><span class='ocrx_word' id='word_1_826' title='bbox 2223 4588 2448 4661; x_wconf 88' lang='lat' dir='ltr'><strong>quibus;</strong></span> <span class='ocrx_word' id='word_1_827' title='bbox 2469 4603 2573 4641; x_wconf 88' lang='lat' dir='ltr'><strong>non</strong></span> <span class='ocrx_word' id='word_1_828' title='bbox 2596 4586 2741 4640; x_wconf 90' lang='lat' dir='ltr'><strong>enim</strong></span> <span class='ocrx_word' id='word_1_829' title='bbox 2764 4585 2816 4639; x_wconf 93' lang='lat' dir='ltr'><strong>in</strong></span> <span class='ocrx_word' id='word_1_830' title='bbox 2834 4583 3059 4654; x_wconf 79' lang='lat' dir='ltr'><strong>perfidia</strong></span> <span class='ocrx_word' id='word_1_831' title='bbox 3076 4583 3289 4638; x_wconf 88' lang='lat' dir='ltr'><strong>illorum</strong></span> <span class='ocrx_word' id='word_1_832' title='bbox 3309 4582 3686 4653; x_wconf 88' lang='lat' dir='ltr'><strong>gratulandum</strong></span> <span class='ocrx_word' id='word_1_833' title='bbox 3702 4590 3794 4644; x_wconf 76' lang='lat' dir='ltr'><strong>est,</strong></span> 
     </span>
    </p>
   </div>
   <div class='ocr_carea' id='block_1_103' title="bbox 2226 4663 3793 4742">
    <p class='ocr_par' dir='ltr' id='par_1_103' title="bbox 2226 4663 3793 4742">
     <span class='ocr_line' id='line_1_103' title="bbox 2226 4663 3793 4742; baseline -0.006 -7"><span class='ocrx_word' id='word_1_834' title='bbox 2226 4680 2318 4735; x_wconf 90' lang='lat' dir='ltr'><strong>sed</strong></span> <span class='ocrx_word' id='word_1_835' title='bbox 2342 4663 2648 4741; x_wconf 83' lang='lat' dir='ltr'><strong>dolendum,</strong></span> <span class='ocrx_word' id='word_1_836' title='bbox 2675 4677 2718 4732; x_wconf 93' lang='lat' dir='ltr'><strong>si</strong></span> <span class='ocrx_word' id='word_1_837' title='bbox 2750 4675 2968 4731; x_wconf 88' lang='lat' dir='ltr'><strong>tardant</strong></span> <span class='ocrx_word' id='word_1_838' title='bbox 2992 4674 3235 4730; x_wconf 90' lang='lat' dir='ltr'><strong>converti</strong></span> <span class='ocrx_word' id='word_1_839' title='bbox 3262 4690 3276 4738; x_wconf 91' lang='lat'><strong>;</strong></span> <span class='ocrx_word' id='word_1_840' title='bbox 3308 4682 3368 4727; x_wconf 86' lang='lat' dir='ltr'><strong>ut</strong></span> <span class='ocrx_word' id='word_1_841' title='bbox 3390 4672 3659 4742; x_wconf 87' lang='lat' dir='ltr'><strong>quomodo</strong></span> <span class='ocrx_word' id='word_1_842' title='bbox 3682 4687 3793 4742; x_wconf 80' lang='lat' dir='ltr'><strong>pec-</strong></span> 
     </span>
    </p>
   </div>
   <div class='ocr_carea' id='block_1_104' title="bbox 2226 4764 3790 4838">
    <p class='ocr_par' dir='ltr' id='par_1_104' title="bbox 2226 4764 3790 4838">
     <span class='ocr_line' id='line_1_104' title="bbox 2226 4764 3790 4838; baseline -0.006 -13"><span class='ocrx_word' id='word_1_843' title='bbox 2226 4779 2346 4825; x_wconf 89' lang='lat' dir='ltr'><strong>cato</strong></span> <span class='ocrx_word' id='word_1_844' title='bbox 2369 4769 2581 4824; x_wconf 91' lang='lat' dir='ltr'><strong>illorum</strong></span> <span class='ocrx_word' id='word_1_845' title='bbox 2606 4768 2801 4838; x_wconf 68' lang='lat' dir='ltr'><strong>gavisa:</strong></span> <span class='ocrx_word' id='word_1_846' title='bbox 2830 4774 2955 4821; x_wconf 91' lang='lat' dir='ltr'><strong>sunt</strong></span> <span class='ocrx_word' id='word_1_847' title='bbox 2977 4772 3186 4837; x_wconf 87' lang='lat' dir='ltr'><strong>gentes,</strong></span> <span class='ocrx_word' id='word_1_848' title='bbox 3212 4765 3339 4836; x_wconf 89' lang='lat' dir='ltr'><strong>quia</strong></span> <span class='ocrx_word' id='word_1_849' title='bbox 3381 4764 3601 4818; x_wconf 66' lang='lat' dir='ltr'><strong>salvatte</strong></span> <span class='ocrx_word' id='word_1_850' title='bbox 3633 4772 3753 4817; x_wconf 86' lang='lat' dir='ltr'><strong>sunt</strong></span> <span class='ocrx_word' id='word_1_851' title='bbox 3780 4782 3790 4815; x_wconf 91' lang='lat'>:</span> 
     </span>
    </p>
   </div>
   <div class='ocr_carea' id='block_1_105' title="bbox 2226 4854 3794 4923">
    <p class='ocr_par' dir='ltr' id='par_1_105' title="bbox 2226 4854 3794 4923">
     <span class='ocr_line' id='line_1_105' title="bbox 2226 4854 3794 4923; baseline -0.005 -9"><span class='ocrx_word' id='word_1_852' title='bbox 2226 4859 2305 4914; x_wconf 91' lang='lat' dir='ltr'><strong>sic</strong></span> <span class='ocrx_word' id='word_1_853' title='bbox 2337 4857 2689 4914; x_wconf 88' lang='lat' dir='ltr'><strong>conversione</strong></span> <span class='ocrx_word' id='word_1_854' title='bbox 2729 4872 2914 4912; x_wconf 91' lang='lat' dir='ltr'><strong>eorum</strong></span> <span class='ocrx_word' id='word_1_855' title='bbox 2948 4857 3226 4912; x_wconf 64' lang='lat' dir='ltr'><strong>lastentur:</strong></span> <span class='ocrx_word' id='word_1_856' title='bbox 3260 4855 3500 4923; x_wconf 90' lang='lat' dir='ltr'><strong>ipsorum</strong></span> <span class='ocrx_word' id='word_1_857' title='bbox 3534 4854 3678 4907; x_wconf 89' lang='lat' dir='ltr'><strong>enim</strong></span> <span class='ocrx_word' id='word_1_858' title='bbox 3714 4866 3794 4906; x_wconf 87' lang='lat' dir='ltr'><strong>oc-</strong></span> 
     </span>
    </p>
   </div>
   <div class='ocr_carea' id='block_1_106' title="bbox 2227 4939 3793 5017">
    <p class='ocr_par' dir='ltr' id='par_1_106' title="bbox 2227 4939 3793 5017">
     <span class='ocr_line' id='line_1_106' title="bbox 2227 4939 3793 5017; baseline -0.007 -12"><span class='ocrx_word' id='word_1_859' title='bbox 2227 4950 2444 5005; x_wconf 89' lang='lat' dir='ltr'><strong>casione</strong></span> <span class='ocrx_word' id='word_1_860' title='bbox 2476 4948 2569 5003; x_wconf 88' lang='lat' dir='ltr'><strong>Dei</strong></span> <span class='ocrx_word' id='word_1_861' title='bbox 2599 4946 2828 5017; x_wconf 86' lang='lat' dir='ltr'><strong>gratiam</strong></span> <span class='ocrx_word' id='word_1_862' title='bbox 2867 4946 3028 5000; x_wconf 89' lang='lat' dir='ltr'><strong>citius</strong></span> <span class='ocrx_word' id='word_1_863' title='bbox 3064 4949 3443 5014; x_wconf 89' lang='lat' dir='ltr'><strong>perceperunt.</strong></span> <span class='ocrx_word' id='word_1_864' title='bbox 3476 4939 3675 5015; x_wconf 83' lang='lat' dir='ltr'><strong>(0rig.)</strong></span> <span class='ocrx_word' id='word_1_865' title='bbox 3703 4940 3793 4995; x_wconf 75' lang='lat' dir='ltr'><strong>Ve-</strong></span> 
     </span>
    </p>
   </div>
   <div class='ocr_carea' id='block_1_107' title="bbox 2226 5031 3792 5108">
    <p class='ocr_par' dir='ltr' id='par_1_107' title="bbox 2226 5031 3792 5108">
     <span class='ocr_line' id='line_1_107' title="bbox 2226 5031 3792 5108; baseline -0.005 -15"><span class='ocrx_word' id='word_1_866' title='bbox 2226 5055 2369 5107; x_wconf 88' lang='lat' dir='ltr'><strong>rum,</strong></span> <span class='ocrx_word' id='word_1_867' title='bbox 2402 5050 2460 5094; x_wconf 93' lang='lat' dir='ltr'><strong>ut</strong></span> <span class='ocrx_word' id='word_1_868' title='bbox 2496 5053 2635 5108; x_wconf 71' lang='lat' dir='ltr'><strong>szepe</strong></span> <span class='ocrx_word' id='word_1_869' title='bbox 2663 5036 3113 5100; x_wconf 90' lang='lat' dir='ltr'><strong>commonuimus,</strong></span> <span class='ocrx_word' id='word_1_870' title='bbox 3140 5034 3301 5087; x_wconf 90' lang='lat' dir='ltr'><strong>etiam</strong></span> <span class='ocrx_word' id='word_1_871' title='bbox 3330 5032 3383 5086; x_wconf 92' lang='lat' dir='ltr'><strong>in</strong></span> <span class='ocrx_word' id='word_1_872' title='bbox 3407 5032 3663 5101; x_wconf 60' lang='lat' dir='ltr'><strong>praesenti</strong></span> <span class='ocrx_word' id='word_1_873' title='bbox 3685 5031 3792 5086; x_wconf 86' lang='lat' dir='ltr'><strong>loco</strong></span> 
     </span>
    </p>
   </div>
   <div class='ocr_carea' id='block_1_108' title="bbox 2225 5122 3788 5196">
    <p class='ocr_par' dir='ltr' id='par_1_108' title="bbox 2225 5122 3788 5196">
     <span class='ocr_line' id='line_1_108' title="bbox 2225 5122 3788 5196; baseline -0.007 -8"><span class='ocrx_word' id='word_1_874' title='bbox 2225 5133 2312 5189; x_wconf 91' lang='lat' dir='ltr'><strong>illa</strong></span> <span class='ocrx_word' id='word_1_875' title='bbox 2346 5141 2429 5187; x_wconf 89' lang='lat' dir='ltr'><strong>est</strong></span> <span class='ocrx_word' id='word_1_876' title='bbox 2456 5131 2791 5188; x_wconf 86' lang='lat' dir='ltr'><strong>observanda</strong></span> <span class='ocrx_word' id='word_1_877' title='bbox 2825 5128 3109 5185; x_wconf 81' lang='lat' dir='ltr'><strong>distinctio</strong></span> <span class='ocrx_word' id='word_1_878' title='bbox 3132 5167 3146 5194; x_wconf 92' lang='lat'><strong>,</strong></span> <span class='ocrx_word' id='word_1_879' title='bbox 3187 5122 3329 5196; x_wconf 88' lang='lat' dir='ltr'><strong>quod</strong></span> <span class='ocrx_word' id='word_1_880' title='bbox 3361 5122 3527 5179; x_wconf 87' lang='lat' dir='ltr'><strong>Israel</strong></span> <span class='ocrx_word' id='word_1_881' title='bbox 3556 5124 3788 5193; x_wconf 88' lang='lat' dir='ltr'><strong>quidem,</strong></span> 
     </span>
    </p>
   </div>
   <div class='ocr_carea' id='block_1_109' title="bbox 2224 5212 3790 5295">
    <p class='ocr_par' dir='ltr' id='par_1_109' title="bbox 2224 5212 3790 5295">
     <span class='ocr_line' id='line_1_109' title="bbox 2224 5212 3790 5295; baseline -0.008 -17"><span class='ocrx_word' id='word_1_882' title='bbox 2224 5224 2315 5295; x_wconf 90' lang='lat' dir='ltr'><strong>qui</strong></span> <span class='ocrx_word' id='word_1_883' title='bbox 2360 5222 2611 5277; x_wconf 90' lang='lat' dir='ltr'><strong>inimicus</strong></span> <span class='ocrx_word' id='word_1_884' title='bbox 2673 5228 2756 5275; x_wconf 91' lang='lat' dir='ltr'><strong>est</strong></span> <span class='ocrx_word' id='word_1_885' title='bbox 2795 5220 2940 5284; x_wconf 92' lang='lat' dir='ltr'><strong>Deo,</strong></span> <span class='ocrx_word' id='word_1_886' title='bbox 2983 5217 3072 5272; x_wconf 87' lang='lat' dir='ltr'><strong>ille</strong></span> <span class='ocrx_word' id='word_1_887' title='bbox 3114 5215 3325 5271; x_wconf 88' lang='lat' dir='ltr'><strong>dicatur</strong></span> <span class='ocrx_word' id='word_1_888' title='bbox 3363 5213 3457 5283; x_wconf 90' lang='lat' dir='ltr'><strong>qui</strong></span> <span class='ocrx_word' id='word_1_889' title='bbox 3504 5212 3697 5268; x_wconf 80' lang='lat' dir='ltr'><strong>clamat</strong></span> <span class='ocrx_word' id='word_1_890' title='bbox 3734 5212 3790 5267; x_wconf 87' lang='lat' dir='ltr'><strong>de</strong></span> 
     </span>
    </p>
   </div>
   <div class='ocr_carea' id='block_1_110' title="bbox 2224 5302 3789 5377">
    <p class='ocr_par' dir='ltr' id='par_1_110' title="bbox 2224 5302 3789 5377">
     <span class='ocr_line' id='line_1_110' title="bbox 2224 5302 3789 5377; baseline -0.01 -6"><span class='ocrx_word' id='word_1_891' title='bbox 2224 5314 2439 5371; x_wconf 87' lang='lat' dir='ltr'><strong>Christo</strong></span> <span class='ocrx_word' id='word_1_892' title='bbox 2469 5330 2480 5365; x_wconf 93' lang='lat'>:</span> <span class='ocrx_word' id='word_1_893' title='bbox 2509 5310 2670 5373; x_wconf 86' lang='lat' dir='ltr'><strong>Tolle,</strong></span> <span class='ocrx_word' id='word_1_894' title='bbox 2710 5309 2853 5373; x_wconf 86' lang='lat' dir='ltr'><strong>tolle,</strong></span> <span class='ocrx_word' id='word_1_895' title='bbox 2887 5306 3131 5376; x_wconf 69' lang='lat' dir='ltr'><strong>cruc&#39;iﬁge</strong></span> <span class='ocrx_word' id='word_1_896' title='bbox 3155 5322 3272 5359; x_wconf 83' lang='lat' dir='ltr'><strong>eum</strong></span> <span class='ocrx_word' id='word_1_897' title='bbox 3295 5303 3479 5377; x_wconf 81' lang='lat' dir='ltr'><strong>(Joan.</strong></span> <span class='ocrx_word' id='word_1_898' title='bbox 3502 5304 3642 5374; x_wconf 79' lang='lat' dir='ltr'><strong>xu).</strong></span> <span class='ocrx_word' id='word_1_899' title='bbox 3670 5302 3789 5369; x_wconf 84' lang='lat' dir='ltr'><strong>Quo-</strong></span> 
     </span>
    </p>
   </div>
   <div class='ocr_carea' id='block_1_111' title="bbox 2223 5393 3786 5475">
    <p class='ocr_par' dir='ltr' id='par_1_111' title="bbox 2223 5393 3786 5475">
     <span class='ocr_line' id='line_1_111' title="bbox 2223 5393 3786 5475; baseline -0.01 -14"><span class='ocrx_word' id='word_1_900' title='bbox 2223 5407 2381 5475; x_wconf 87' lang='lat' dir='ltr'><strong>modo</strong></span> <span class='ocrx_word' id='word_1_901' title='bbox 2412 5406 2554 5459; x_wconf 91' lang='lat' dir='ltr'><strong>enim</strong></span> <span class='ocrx_word' id='word_1_902' title='bbox 2584 5418 2689 5458; x_wconf 88' lang='lat' dir='ltr'><strong>non</strong></span> <span class='ocrx_word' id='word_1_903' title='bbox 2713 5402 2961 5457; x_wconf 88' lang='lat' dir='ltr'><strong>dicantur</strong></span> <span class='ocrx_word' id='word_1_904' title='bbox 2975 5398 3181 5454; x_wconf 89' lang='lat' dir='ltr'><strong>inimici</strong></span> <span class='ocrx_word' id='word_1_905' title='bbox 3202 5397 3319 5460; x_wconf 90' lang='lat' dir='ltr'><strong>Dei,</strong></span> <span class='ocrx_word' id='word_1_906' title='bbox 3337 5396 3429 5466; x_wconf 89' lang='lat' dir='ltr'><strong>qui</strong></span> <span class='ocrx_word' id='word_1_907' title='bbox 3446 5396 3535 5450; x_wconf 77' lang='lat' dir='ltr'><strong>vel</strong></span> <span class='ocrx_word' id='word_1_908' title='bbox 3556 5393 3786 5460; x_wconf 84' lang='lat' dir='ltr'><strong>tunc,vel</strong></span> 
     </span>
    </p>
   </div>
   <div class='ocr_carea' id='block_1_112' title="bbox 2217 5485 3783 5557">
    <p class='ocr_par' dir='ltr' id='par_1_112' title="bbox 2217 5485 3783 5557">
     <span class='ocr_line' id='line_1_112' title="bbox 2217 5485 3783 5557; baseline -0.011 -1"><span class='ocrx_word' id='word_1_909' title='bbox 2217 5502 2379 5556; x_wconf 86' lang='lat' dir='ltr'><strong>etiam</strong></span> <span class='ocrx_word' id='word_1_910' title='bbox 2404 5515 2546 5554; x_wconf 90' lang='lat' dir='ltr'><strong>nunc</strong></span> <span class='ocrx_word' id='word_1_911' title='bbox 2559 5497 2792 5553; x_wconf 84' lang='lat' dir='ltr'><strong>dixerint</strong></span> <span class='ocrx_word' id='word_1_912' title='bbox 2814 5492 3028 5556; x_wconf 86' lang='lat' dir='ltr'><strong>ista,vel</strong></span> <span class='ocrx_word' id='word_1_913' title='bbox 3053 5492 3269 5546; x_wconf 88' lang='lat' dir='ltr'><strong>dicant?</strong></span> <span class='ocrx_word' id='word_1_914' title='bbox 3292 5488 3399 5543; x_wconf 88' lang='lat' dir='ltr'><strong>Sed</strong></span> <span class='ocrx_word' id='word_1_915' title='bbox 3420 5496 3478 5542; x_wconf 90' lang='lat' dir='ltr'><strong>et</strong></span> <span class='ocrx_word' id='word_1_916' title='bbox 3508 5488 3651 5557; x_wconf 84' lang='lat' dir='ltr'><strong>quod</strong></span> <span class='ocrx_word' id='word_1_917' title='bbox 3676 5485 3783 5541; x_wconf 87' lang='lat' dir='ltr'><strong>dicit</strong></span> 
     </span>
    </p>
   </div>
   <div class='ocr_carea' id='block_1_113' title="bbox 2218 5576 3783 5661">
    <p class='ocr_par' dir='ltr' id='par_1_113' title="bbox 2218 5576 3783 5661">
     <span class='ocr_line' id='line_1_113' title="bbox 2218 5576 3783 5661; baseline -0.009 -20"><span class='ocrx_word' id='word_1_918' title='bbox 2218 5598 2427 5661; x_wconf 86' lang='lat' dir='ltr'><strong>propter</strong></span> <span class='ocrx_word' id='word_1_919' title='bbox 2464 5604 2577 5650; x_wconf 83' lang='lat' dir='ltr'><strong>vos,</strong></span> <span class='ocrx_word' id='word_1_920' title='bbox 2608 5587 2710 5639; x_wconf 89' lang='lat' dir='ltr'><strong>hoc</strong></span> <span class='ocrx_word' id='word_1_921' title='bbox 2732 5591 2817 5637; x_wconf 88' lang='lat' dir='ltr'><strong>est</strong></span> <span class='ocrx_word' id='word_1_922' title='bbox 2846 5595 3073 5651; x_wconf 86' lang='lat' dir='ltr'><strong>quorum</strong></span> <span class='ocrx_word' id='word_1_923' title='bbox 3105 5578 3263 5633; x_wconf 87' lang='lat' dir='ltr'><strong>saluti</strong></span> <span class='ocrx_word' id='word_1_924' title='bbox 3294 5577 3505 5632; x_wconf 90' lang='lat' dir='ltr'><strong>scilicet</strong></span> <span class='ocrx_word' id='word_1_925' title='bbox 3530 5576 3783 5635; x_wconf 81' lang='lat' dir='ltr'><strong>invident.</strong></span> 
     </span>
    </p>
   </div>
   <div class='ocr_carea' id='block_1_114' title="bbox 2220 5668 3785 5753">
    <p class='ocr_par' dir='ltr' id='par_1_114' title="bbox 2220 5668 3785 5753">
     <span class='ocr_line' id='line_1_114' title="bbox 2220 5668 3785 5753; baseline -0.009 -22"><span class='ocrx_word' id='word_1_926' title='bbox 2220 5678 2568 5749; x_wconf 88' lang='lat' dir='ltr'><strong>prohibentes</strong></span> <span class='ocrx_word' id='word_1_927' title='bbox 2598 5673 2866 5744; x_wconf 89' lang='lat' dir='ltr'><strong>apostolos</strong></span> <span class='ocrx_word' id='word_1_928' title='bbox 2892 5671 3142 5753; x_wconf 79' lang='lat' dir='ltr'><strong>gentibus</strong></span> <span class='ocrx_word' id='word_1_929' title='bbox 3169 5668 3346 5738; x_wconf 91' lang='lat' dir='ltr'><strong>loqui,</strong></span> <span class='ocrx_word' id='word_1_930' title='bbox 3387 5676 3442 5721; x_wconf 81' lang='lat' dir='ltr'><strong>et</strong></span> <span class='ocrx_word' id='word_1_931' title='bbox 3476 5680 3785 5737; x_wconf 79' lang='lat' dir='ltr'><strong>persequen-</strong></span> 
     </span>
    </p>
   </div>
   <div class='ocr_carea' id='block_1_115' title="bbox 2222 5755 3783 5836">
    <p class='ocr_par' dir='ltr' id='par_1_115' title="bbox 2222 5755 3783 5836">
     <span class='ocr_line' id='line_1_115' title="bbox 2222 5755 3783 5836; baseline -0.012 -12"><span class='ocrx_word' id='word_1_932' title='bbox 2222 5775 2303 5823; x_wconf 85' lang='lat' dir='ltr'><strong>tes</strong></span> <span class='ocrx_word' id='word_1_933' title='bbox 2344 5780 2437 5823; x_wconf 89' lang='lat' dir='ltr'><strong>eos</strong></span> <span class='ocrx_word' id='word_1_934' title='bbox 2483 5766 2574 5836; x_wconf 89' lang='lat' dir='ltr'><strong>qui</strong></span> <span class='ocrx_word' id='word_1_935' title='bbox 2622 5764 2946 5819; x_wconf 87' lang='lat' dir='ltr'><strong>annuntiant</strong></span> <span class='ocrx_word' id='word_1_936' title='bbox 2983 5759 3281 5816; x_wconf 85' lang='lat' dir='ltr'><strong>Christum.</strong></span> <span class='ocrx_word' id='word_1_937' title='bbox 3316 5755 3505 5827; x_wconf 80' lang='lat' dir='ltr'><strong>(Aug.)</strong></span> <span class='ocrx_word' id='word_1_938' title='bbox 3541 5755 3677 5823; x_wconf 84' lang='lat' dir='ltr'><strong>Quid</strong></span> <span class='ocrx_word' id='word_1_939' title='bbox 3714 5759 3783 5808; x_wconf 85' lang='lat' dir='ltr'><strong>est</strong></span> 
     </span>
    </p>
   </div>
  </div>
