3948 6326
225 358 365 413 1557

792 361 1345 417 ERARRA'I‘IONUM
1382 361 1449 415 IN
1488 360 1639 415 EPP.
1684 356 1888 415 PAULI
1918 356 2061 415 LIB.
2105 360 2192 417 Vl.
2217 390 2286 402 —-
2321 359 2390 417 IN
2426 361 2650 421 EPIST.
2686 365 2779 422 AD
2819 364 2987 424 ROM.

3356 373 3492 433 l538

213 478 362 531 enim
390 474 536 530 aliud
566 481 850 529 secundum
869 472 1211 545 Evangelium
1237 473 1445 544 quidem
1469 474 1665 528 inimici
1686 489 1801 543 pro—
1828 478 1879 538 Α
1906 471 2214 541 ignorantia
2259 472 2634 541 versabantur,
2684 485 2743 529 ut
2767 484 2895 546 pote
2928 476 3047 535 sine
3088 478 3200 535 Deo
3229 497 3243 534 :
3271 495 3493 553 prapter

213 576 332 636 pter
363 584 469 631 vos,
497 564 601 619 nisi
630 565 773 634 quod
807 578 994 619 eorum
1015 564 1326 630 inimicitia,
1357 580 1464 635 qua
1489 564 1809 620 occiderunt

213 655 518 719 Christum,
544 653 854 726 Evangelio,
881 656 1025 711 sicut
1049 655 1317 721 videmus,
1341 655 1458 710 sine
1472 655 1808 710 dubitatione

215 748 451 820 prolicit.
483 745 785 803 Secundum
805 747 1107 802 electionem
1132 755 1330 813 autem,
1350 748 1666 813 charissimi,
1692 762 1809 817 pro-

211 847 333 907 pter
365 846 542 906 patres
566 851 585 892 :
613 838 725 892 sine
759 838 1059 908 paenitentia
1091 839 1230 892 enim
1259 846 1381 893 sunt
1417 838 1556 891 dona
1582 847 1636 891 et
1652 854 1806 892 voca-

211 929 292 983 tio
325 927 441 984 Dei.
474 928 671 1003 (Orig)
697 929 970 998 Quantum
999 938 1209 999 spectat
1238 931 1305 996 ad
1337 929 1809 986 honoriﬁcentiam

211 1031 465 1091 patrum,
514 1022 720 1079 electus
773 1030 880 1085 est,
921 1028 976 1075 et
1026 1020 1378 1077 charissimus
1408 1022 1637 1077 habetur
1667 1021 1806 1091 apud

211 1110 409 1166 Deum.
438 1111 619 1167 Semel
640 1119 820 1167 autem
841 1109 1040 1167 donata
1058 1110 1325 1167 electione
1344 1110 1540 1167 semini
1567 1120 1807 1181 patrum,

208 1209 268 1256 et
297 1202 588 1258 dilectione
615 1216 876 1257 concessa
894 1241 909 1269 ,
937 1209 1122 1257 servat
1149 1201 1267 1257 sine
1311 1200 1477 1256 dubio
1499 1201 1641 1256 Deus
1667 1202 1808 1256 dona

210 1300 272 1347 et
315 1293 659 1364 vocationem
717 1308 872 1350 suam
934 1308 1062 1364 erga
1115 1306 1300 1350 semen
1350 1307 1536 1348 eorum
1578 1308 1808 1364 quorum

208 1360 425 1439 meritis
466 1382 521 1439 id
547 1383 727 1454 aliquo
765 1384 925 1440 modo
962 1360 1191 1453 largitus
1216 1391 1300 1438 est
1335 1397 1350 1436 :
1391 1397 1493 1438 nec
1526 1360 1809 1454 ptenitudo

210 1473 449 1528 incurrit
494 1475 552 1529 in
593 1474 800 1539 Deum,
831 1474 1047 1528 etiamsi
1094 1474 1275 1529 minus
1325 1473 1472 1544 digni
1520 1475 1808 1530 videantur

204 1561 451 1617 existere
499 1561 555 1617 hi
592 1555 894 1633 erga'quos
942 1561 1207 1631 promissa
1252 1561 1501 1632 patribus
1545 1561 1808 1619 beneﬁcia

208 1651 588 1708 conferuntur.
640 1650 839 1724 (Amb.)
879 1650 1138 1719 Quamvis
1178 1652 1416 1723 graviter
1464 1652 1809 1722 peccaverint

206 1738 385 1797 Judaei
442 1741 782 1812 reprobando
813 1742 1013 1797 donum
1039 1741 1157 1809 Dei,
1183 1752 1238 1799 et
1267 1742 1416 1814 digni
1451 1742 1561 1798 sint
1600 1744 1804 1809 morte,

1910 563 2053 633 quod
2080 562 2426 619 manifestata
2465 565 2547 620 lex
2578 566 2631 621 in
2671 566 2868 622 litteris
2899 576 3000 635 est,
3031 566 3137 640 qua
3164 583 3386 640 possent
3411 575 3492 630 in-

1908 650 2111 707 frenari
2143 653 2483 723 praecipites;
2520 653 2580 709 et
2610 656 2865 724 quoniam
2908 660 3146 713 versutia
3193 661 3491 720 adversarii

1910 740 2173 795 cumulari
2197 750 2415 811 peccata
2441 752 2741 813 coeperunt,
2756 753 2815 798 ut
2832 760 2930 814 per
2953 747 3297 805 interdictum
3319 753 3493 823 magis

1911 847 2045 893 reus
2064 834 2227 888 homo
2254 827 2706 901 constitueretur;
2743 836 2881 892 Deus
2915 838 3201 894 clementia
3232 841 3492 910 bonitatis

1910 936 2021 977 suae
2046 937 2261 995 semper
2291 926 2497 981 homini
2524 940 2856 996 procurans,
2888 937 2946 983 ut
2974 939 3029 985 et
3056 932 3199 1001 quod
3227 932 3345 988 sine
3372 932 3491 1004 lege

1909 1006 2190 1079 peccatum
2218 1020 2356 1079 erat,
2383 1020 2437 1068 et
2467 1013 2523 1068 in
2554 1012 2671 1085 lege
2697 1015 2869 1084 possit
2894 1016 3090 1082 deleri;
3114 1018 3215 1073 hoc
3250 1018 3492 1076 decrevit

1910 1108 1970 1151 ut
1990 1099 2158 1155 solam
2186 1100 2347 1158 ﬁdem
2384 1114 2638 1173 poneret,
2683 1119 2780 1173 per
2807 1120 2969 1175 quam
2999 1107 3235 1162 omnium
3263 1118 3490 1179 peccata

1912 1187 2297 1257 abolerentur;
2329 1182 2717 1262 utquia'nulla
2748 1209 2871 1265 spes
2912 1210 3009 1266 per
3044 1195 3217 1268 legem
3241 1201 3491 1259 omnibus

1910 1277 2222 1335 hominibus
2252 1291 2404 1348 erat,
2437 1283 2531 1338 Dei
2564 1284 2934 1341 misericordia
2981 1286 3337 1344 salvarentur.
3379 1291 3493 1350 Iloc

1908 1376 1993 1422 est
2018 1369 2199 1424 omnia
2236 1371 2563 1427 conclusisse
2612 1373 2667 1427 in
2714 1374 3126 1443 incredulitate,
3160 1387 3219 1433 ut
3247 1386 3373 1435 tunc
3396 1380 3493 1436 de-

1909 1466 2120 1513 cretum
2147 1460 2346 1514 donum
2384 1476 2413 1514 a
2455 1460 2566 1516 Deo
2608 1463 2835 1531 veniret,
2868 1465 3082 1534 quando
3114 1480 3305 1524 omnes
3351 1467 3491 1523 diﬁi-

1908 1547 2090 1602 dentia
2114 1548 2445 1615 laborarent;
2465 1560 2523 1606 ut
2541 1552 2716 1622 gratia
2736 1556 2977 1611 muneris
2995 1566 3139 1613 esset
3162 1559 3487 1629 gratissima.

1907 1636 2093 1708 Itaque
2118 1654 2278 1695 nemo
2310 1655 2368 1696 se
2392 1640 2594 1712 jactet;
2630 1644 2890 1700 miserum
2925 1656 3009 1702 est
3029 1648 3176 1703 enim
3204 1651 3492 1719 superbum

1910 1743 2031 1785 esse
2080 1744 2237 1797 eum,
2288 1732 2377 1786 cui
2406 1733 2648 1805 ignotum
2684 1747 2789 1793 est.
2837 1737 3035 1811 (Oi-ig.)
3086 1740 3145 1795 In
3182 1741 3268 1797 his
3313 1751 3495 1799 autem

210 1838 397 1886 tamen
425 1832 551 1901 quia
584 1831 679 1886 qui
710 1839 836 1886 sum
854 1832 1132 1888 bonorum
1168 1848 1404 1903 quorum
1442 1834 1801 1904 praerogativa
1830 1829 1876 1891 Β
1903 1819 2110 1888 positus
2136 1820 2271 1876 locis
2297 1820 2513 1891 Paulus,
2536 1835 2591 1880 et
2614 1826 2775 1882 altius
2802 1828 3018 1888 intuens
3039 1829 3344 1901 huiusmodi
3364 1847 3494 1887 cau-

206 1927 269 1973 ct
296 1919 491 1975 merito
518 1920 751 1992 plurima
789 1936 820 1975 a
847 1919 958 1976 Deo
983 1921 1253 1977 beneﬁcia
1293 1934 1682 1993 perceperunt,
1715 1916 1807 1979 re?

1902 1924 1991 1964 sas
2016 1949 2030 1974 ,
2080 1910 2351 1979 quomodo
2389 1913 2531 1968 Deus
2571 1914 2774 1969 malum
2811 1919 3148 1987 propositum
3174 1934 3284 1975 non
3319 1920 3495 1976 conti-

207 2007 385 2079 gressi
409 2008 476 2062 ad
501 2008 659 2064 ﬁdem
682 2009 1197 2078 suscipienturcum
1217 2011 1423 2076 Iretitia,
1444 2020 1499 2065 et
1518 2013 1646 2081 quia
1670 2012 1801 2068 dile-
1901 2013 2011 2054 nuo
2057 2008 2284 2067 resecet.
2332 2011 2389 2057 et
2432 2003 2680 2071 excidat.
2712 2006 2806 2061 sed
2830 2007 3090 2077 patiatur.
3121 2016 3175 2064 et
3210 2019 3491 2068 reservet:

205 2097 321 2152 ctio
348 2095 404 2151 in
427 2096 514 2153 his
534 2097 633 2153 Dei
657 2098 1023 2154 exsuscitatur
1049 2098 1310 2155 memoria
1342 2108 1579 2170 patrum.
1601 2100 1801 2173 (Θήρ.)

208 2180 524 2240 Secundum
554 2184 812 2258 reliquias
855 2195 1037 2243 autem
1066 2203 1186 2258 quae
1231 2188 1504 2246 salvandae
1529 2191 1801 2258 dicuntur,

207 2271 270 2328 in
294 2273 490 2343 quibus
510 2273 704 2351 electio
728 2276 1066 2333 credentium
1096 2278 1385 2334 subsecuta
1415 2290 1590 2337 estex
1614 2280 1804 2348 Israel,

208 2365 513 2419 charissimi
541 2372 671 2420 sunt
706 2376 918 2438 propter
936 2376 1133 2437 patres,
1159 2382 1391 2438 quorum
1416 2368 1626 2425 scilicet
1642 2364 1806 2425 ﬁdem

209 2463 534 2525 sequentes,
570 2458 802 2511 credunt
842 2458 899 2511 in
934 2473 1054 2512 eum
1100 2458 1190 2527 qui
1229 2461 1498 2515 suscitavit
1539 2457 1807 2527 Christum

208 2545 395 2602 Iesum
425 2564 458 2600 α
490 2546 731 2601 mortuis.
773 2546 841 2601 Et
868 2547 1166 2603 secundum
1200 2549 1306 2604 hoc
1340 2563 1469 2620 erga
1500 2549 1809 2619 huiusmodi

208 2648 399 2713 semen
444 2639 559 2692 sine
604 2638 906 2707 paenitentia
950 2648 1073 2692 sunt
1120 2639 1262 2695 dona
1327 2650 1377 2696 et
1441 2642 1643 2697 vacatio
1686 2640 1811 2698 Dei.

208 2725 414 2798 (Δηώ.)
450 2726 585 2794 Quia
638 2726 813 2799 gratia
852 2727 953 2783 Dei
993 2728 1052 2783 in
1096 2730 1425 2800 baptismate
1464 2746 1570 2787 non
1614 2732 1812 2802 quaerit

207 2819 493 2890 gemitum,
518 2827 612 2874 aut
638 2819 934 2890 planctum,
964 2832 1059 2876 aut
1078 2836 1216 2892 opus
1241 2822 1480 2894 aliquod,
1508 2824 1615 2880 nisi
1633 2824 1809 2881 solum

207 2921 280 2964 ex
309 2907 474 2964 corde
500 2907 896 2977 professionem
928 2926 941 2963 :
972 2923 1080 2963 non
1101 2910 1245 2964 enim
1269 2911 1398 2980 quia
1425 2912 1661 2983 graviter
1682 2912 1812 2969 deli-

209 3007 466 3071 querant,
490 3010 602 3056 non
626 3001 937 3072 recipiendo
965 3004 1296 3073 promissum
1325 3004 1438 3070 Dei,
1462 3014 1517 3062 et
1534 3001 1667 3076 'quia
1692 3021 1813 3076 qum

211 3092 454 3163 graviter
481 3104 795 3163 peccantur,
846 3111 959 3151 non
1002 3097 1108 3152 nisi
1149 3099 1350 3169 gemitu
1378 3107 1435 3155 et
1458 3097 1587 3156 ﬁetu
1620 3099 1690 3155 ad
1718 3113 1813 3156 ve-

1902 2089 2237 2158 prospiciens
2267 2092 2393 2161 quia
2418 2093 2621 2163 aliquid
2648 2095 2775 2150 boni
2799 2097 2851 2150 in
2873 2097 2992 2153 aliis
3035 2098 3280 2157 facturus
3301 2102 3372 2156 sit
3398 2116 3496 2173 per

1905 2177 2128 2234 alterius
2148 2183 2482 2251 propositum
2509 2184 2710 2240 malum
2738 2204 2753 2243 :
2779 2187 2846 2242 ab
2861 2188 2970 2256 his,
2984 2191 3199 2261 opinor,
3213 2192 3279 2248 de
3298 2193 3494 2264 quibus

1905 2266 2245 2338 loquebatur,
2265 2273 2451 2328 retulit
2474 2276 2661 2332 oculos
2681 2278 2862 2334 cordis
2880 2281 2965 2336 sui
2992 2281 3059 2336 ad
3079 2282 3253 2353 ipsam
3279 2285 3498 2342 malitia:

1906 2360 2194 2431 originem,
2218 2365 2363 2433 quod
2390 2378 2513 2420 eam
2540 2366 2684 2424 Deus
2706 2384 2773 2424 ex
2797 2370 2953 2427 initio
2975 2373 3031 2428 in
3053 2374 3140 2430 his
3158 2376 3351 2446 quibus
3377 2386 3497 2433 orta

1906 2458 2012 2516 est,
2028 2452 2337 2522 quicunque
2363 2454 2439 2511 illi
2466 2466 2616 2524 sunt,
2646 2459 2996 2528 pullulantem
3021 2472 3076 2519 et
3096 2465 3308 2520 arbitrii
3328 2466 3496 2522 liber-

1907 2548 2019 2597 tate
2058 2552 2391 2601 crescentem
2440 2548 2573 2604 utile
2614 2549 3065 2619 nonjudicaverit
3092 2568 3370 2622 resecare;
3401 2557 3498 2613 sed

1909 2633 2221 2702 permiserit
2257 2649 2353 2690 eos
2389 2637 2467 2690 uti
2506 2640 2785 2708 proposito
2820 2656 2948 2712 suo,
2989 2643 3168 2699 sciens
3190 2653 3247 2700 et
3284 2646 3493 2717 prospi-

1910 2724 2062 2780 ciens
2088 2725 2214 2795 quia
2242 2726 2538 2784 multorum
2563 2731 2837 2801 profectus
2863 2742 2918 2789 et
2947 2734 3151 2792 utilitas
3182 2751 3249 2792 ex
3277 2738 3500 2796 malitia

1911 2812 2124 2869 illorum
2150 2818 2437 2873 occasione
2466 2829 2777 2889 consurget,
2802 2832 2858 2878 et
2896 2823 2952 2878 in
2990 2832 3197 2881 tantum
3232 2829 3374 2898 apud
3400 2830 3497 2885 bo-

1912 2918 2043 2973 num
2065 2905 2236 2960 Deum
2255 2906 2442 2962 virtuti
2467 2906 2617 2964 locus
2637 2917 2744 2976 est,
2758 2918 2818 2966 ut
2839 2919 2893 2987 et
2912 2912 3133 2969 malitiae
3152 2930 3287 2985 opus
3308 2932 3496 2987 quam-

1912 2994 2110 3049 visilli
2139 2995 2446 3065 perniciesa
2474 2998 2575 3064 sit,
2608 2998 2676 3053 de
2703 3014 2810 3069 quo
2854 3004 3134 3070 procedit,
3174 3004 3497 3063 beneﬁcium

1915 3092 2097 3139 tamen
2146 3095 2409 3154 praestare
2471 3087 2812 3157 dispensatur
2863 3092 2952 3146 cui
3007 3108 3209 3164 agones
3261 3110 3498 3154 commo-

210 3186 359 3241 ,λίθω
385 3187 678 3254 pel-“nem,
709 3201 777 3250 ne
806 3187 929 3242 ideo
960 3186 1082 3243 mos
1107 3204 1213 3243 non
1242 3203 1404 3258 posse
1418 3188 1533 3257 jam
1557 3190 1809 3259 accipere
1833 3173 1880 3235 C
1910 3183 2019 3240 vet,
2045 3191 2169 3231 cum
2197 3176 2363 3234 fuerit
2384 3190 2660 3251 superata.
2689 3182 3053 3241 Considerans
3083 3188 3250 3258 igitur
3272 3199 3495 3249 sanctus

210 3274 641 3330 misericordiam
667 3284 960 3347 putarent,
985 3277 1113 3347 quia
1149 3278 1332 3334 dolere
1370 3278 1490 3333 illos
1512 3293 1621 3333 non
1656 3278 1807 3335 vide-

211 3366 379 3431 bant;
404 3366 641 3421 ostendit
666 3368 773 3423 hoc
794 3368 935 3423 inter
956 3368 1254 3439 primordia
1281 3368 1406 3424 ﬁdei
1429 3384 1538 3425 non
1557 3369 1764 3439 requiri
1790 3387 1804 3424 :

213 3454 417 3511 donum
454 3455 601 3510 enim
642 3455 739 3514 Dei
782 3457 954 3528 gratis
989 3458 1155 3513 donat
1183 3466 1405 3528 peccata
1438 3460 1491 3512 in
1518 3459 1805 3529 baptismo.

202 3544 423 3618 7(0rig.)
456 3544 588 3601 Post
614 3545 735 3602 haec
755 3562 887 3603 vero
913 3542 1078 3603 etiam
1106 3548 1337 3604 latentes
1360 3556 1415 3605 et
1432 3548 1808 3620 profundiores

211 3634 618 3691 incredulitatis
655 3649 843 3691 eorum
884 3638 1057 3708 aperit
1096 3653 1322 3703 causas,
1367 3647 1423 3695 et
1450 3636 1807 3694 ‘dicit:Sicut

211 3710 355 3780 enim
383 3724 670 3795 aliquando
691 3733 739 3780 et
756 3741 841 3780 vos
868 3741 972 3780 non
1000 3727 1295 3782 credidistis
1310 3727 1442 3793 Deo,
1472 3745 1608 3782 nunc
1634 3736 1810 3782 autem

213 3816 632 3871 misericordiam
668 3806 932 3873 consecuti
972 3820 1095 3873 estis
1134 3830 1344 3889 propter
1382 3819 1595 3875 illorum
1639 3820 1810 3875 incre—

211 3908 524 3974 dulitatem;
554 3910 631 3963 ita
656 3917 706 3963 et
726 3910 821 3964 isti
840 3926 979 3964 nunc
1017 3927 1121 3965 non
1148 3911 1478 3965 crediderunt
1504 3911 1561 3965 in
1586 3918 1809 3965 vestram

214 4000 656 4067 misericordiam,
684 4008 739 4053 ut
763 4008 811 4054 et
832 3999 931 4070 ipsi
962 4000 1379 4054 misericordiam
1403 4009 1805 4070 consequantur.

216 4088 486 4145 Conclusit
517 4089 653 4144 enim
677 4088 816 4143 Deus
837 4090 1015 4144 omnia
1039 4089 1093 4143 in
1116 4089 1481 4144 incredulitate
1500 4100 1553 4144 ut
1576 4090 1809 4144 omnium

214 4181 549 4235 misereatur.
583 4179 776 4247 Sicut,
808 4181 1017 4251 inquit,
1052 4197 1147 4238 vos
1187 4190 1374 4252 gentes
1401 4182 1675 4252 quondam
1702 4197 1808 4236 non

217 4271 529 4327 credebatis
558 4272 690 4338 Deo,
715 4285 818 4327 nec
854 4280 1037 4327 tamen
1081 4273 1286 4328 idcirco
1308 4273 1546 4343 .penitus
1593 4272 1809 4340 reliquit

215 4379 321 4421 vos
346 4366 508 4431 Deus,
537 4364 633 4420 sed
660 4363 953 4434 aliquando
984 4366 1053 4419 ad
1094 4364 1344 4419 ultimum
1379 4362 1808 4419 misericordiam

216 4456 497 4514 consecuti
543 4455 712 4521 estis,
754 4457 973 4512 occasio
1018 4464 1196 4511 tamen
1222 4454 1564 4511 conferenda:
1610 4456 1664 4509 in
1711 4469 1809 4510 vos

216 4546 609 4615 misericordiae
650 4543 834 4616 populi
874 4543 1041 4601 Israel
1079 4544 1431 4599 incredulitas
1460 4543 1706 4599 exstitit:
1732 4543 1808 4599 ita

213 4637 384 4694 etiam
430 4634 486 4690 hi
522 4636 614 4705 qui
656 4650 801 4691 nunc
847 4634 914 4691 de
956 4634 1154 4706 populo
1201 4634 1367 4690 Israel
1412 4651 1519 4691 non
1566 4636 1812 4692 credide-

215 4734 369 4792 runt,
403 4734 455 4781 et
484 4712 585 4796 pro
612 4725 995 4783 incredulitate
1022 4741 1121 4781 sua
1158 4726 1399 4781 derelicti
1442 4735 1600 4791 sunt,
1646 4736 1705 4781 ut
1741 4729 1809 4783 ad

212 4832 319 4872 vos
346 4816 439 4871 Dei
481 4816 855 4870 misericordia
896 4814 1223 4881 ﬂecteretur,
1272 4831 1380 4871 non
1420 4831 1809 4887 usquequaque

221 4910 603 4980 relinquentur
642 4908 697 4963 in
741 4907 1116 4963 incredulitate
1157 4922 1287 4974 sua;
1335 4909 1427 4964 sed
1460 4918 1813 4980 posteaquam

220 4999 506 5071 plenitudo
547 5000 788 5070 gentium
838 4997 1154 5064 intraverit,
1188 4999 1353 5055 etiam
1378 4999 1481 5069 ipsi
1510 5000 1815 5057 misericor-

219 5091 367 5148 diam
398 5098 814 5160 consequentur.
838 5088 895 5143 In
919 5104 1026 5159 quo
1052 5090 1238 5145 volens
1276 5089 1566 5159 Apostolus
1592 5091 1811 5147 bonita-

217 5191 336 5239 tem
362 5181 458 5238 Dei
489 5182 778 5237 ostendere
795 5220 810 5247 ,
835 5196 940 5251 qua
965 5196 1061 5250 per
1120 5181 1555 5238 incredulitatem
1584 5182 1813 5239 aliorum

220 5272 457 5329 salutem
477 5270 628 5337 facit,
650 5270 940 5335 Conelusit,
965 5271 1161 5339 inquit,
1200 5271 1341 5326 Deus
1368 5289 1543 5327 omnes
1566 5275 1620 5327 in
1642 5274 1813 5328 incre-

222 5362 447 5419 dulitate
500 5371 555 5415 ut
600 5360 837 5415 omnibus
886 5362 1192 5415 misereatur
1227 5379 1245 5417 :
1275 5379 1382 5417 non
1428 5380 1534 5433 quo
1581 5365 1695 5433 ipse
1730 5366 1809 5420 eis

223 5452 476 5521 injecerit
512 5450 903 5507 incredulitatis
942 5452 1298 5520 propositum,
1343 5453 1437 5507 sed
1475 5467 1541 5506 ex
1571 5454 1806 5523 ipsorum

226 5540 621 5599 incredulitatis
661 5541 937 5612 proposito
978 5541 1234 5597 credendi
1276 5543 1479 5598 aditum
1540 5545 1660 5599 aliis
1717 5545 1808 5614 qui

226 5639 283 5689 et
306 5631 404 5701 ipsi
439 5631 591 5701 prius
622 5631 881 5687 increduli
910 5630 1121 5686 fuerant
1150 5633 1424 5701 patefecit.
1454 5632 1654 5705 (Amb.)
1677 5634 1810 5689 Por-

230 5737 293 5779 ro
336 5729 523 5794 gentes
571 5723 639 5777 ab
688 5721 926 5794 antiquis
983 5724 1317 5793 temporibus
1363 5725 1416 5779 in
1455 5725 1729 5795 impietate
1757 5733 1810 5780 et

1907 3264 2408 3333 Apostolus-tantas
2437 3274 2558 3325 esse
2580 3271 2841 3329 bonitatis
2865 3274 2962 3330 Dei
3000 3275 3249 3345 divitias,
3287 3288 3343 3336 et
3380 3291 3496 3337 tan-

1911 3362 2027 3409 tum
2073 3356 2270 3411 divime
2321 3358 2603 3429 sapientiae
2652 3374 2788 3431 Opus
2838 3378 2966 3434 erga
3016 3367 3365 3426 rationabiles
3410 3373 3497 3445 agi

1909 3452 2156 3512 naturas,
2191 3455 2246 3502 et
2273 3448 2400 3517 quia
2426 3456 2637 3504 tantum
2664 3450 2806 3507 Deus
2830 3454 2981 3510 dives
3003 3463 3087 3511 est
3108 3456 3161 3513 in
3188 3457 3499 3516 misericor-

1910 3535 1995 3589 dia
2016 3576 2029 3601 ,
2061 3546 2114 3591 et
2157 3538 2308 3609 dives
2342 3540 2397 3593 in
2427 3554 2651 3608 omnes,
2679 3543 2770 3611 qui
2801 3544 3057 3600 invocant
3079 3560 3231 3614 eum,
3264 3557 3319 3603 et
3344 3556 3496 3605 tanta

1909 3632 1993 3679 est
2032 3624 2295 3683 bonitatis
2333 3626 2485 3698 ejus,
2525 3637 2580 3684 et
2620 3631 2914 3701 patientiae,
2968 3642 3025 3689 et
3065 3634 3497 3708 longanimitatis

1910 3714 2225 3783 magnitudo
2250 3756 2265 3782 ,
2323 3726 2548 3786 repente
2597 3718 2951 3777 interioribus
2984 3737 3080 3779 eas
3119 3725 3299 3781 cordis
3326 3728 3499 3785 oculis

1910 3802 2127 3860 intuens
2149 3794 2681 3879 immensitatemque
2696 3825 2883 3866 earum
2909 3804 3262 3883 perspiciens,
3277 3825 3499 3888 stupore

1911 3894 2072 3949 simul
2105 3905 2159 3951 et
2182 3894 2385 3967 pavere
2406 3895 2688 3968 perculsus
2710 3900 2978 3958 exclamat
3003 3914 3059 3959 et
3086 3905 3219 3961 dicit
3246 3924 3258 3959 :

1981 3985 2025 4041 0
2076 3986 2302 4043 altitudo
2343 3990 2645 4045 divitiarum
2685 3994 2958 4061 sapientiae
3004 4004 3052 4050 et
3097 3999 3329 4053 scientia
3369 3999 3498 4055 Dei!

1913 4079 2085 4145 Quam
2130 4082 2495 4138 inserutabilia
2535 4094 2656 4138 sunt
2696 4085 2908 4155 judicia
2952 4088 3090 4158 ejus,
3133 4102 3180 4145 et
3222 4093 3501 4165 investiga-

1912 4171 2037 4225 bilcs
2062 4172 2160 4225 vim
2188 4172 2324 4241 ejus.
2350 4172 2553 4245 (Amb.)
2580 4174 2867 4233 Excelsum
2897 4188 2953 4234 et
2981 4180 3302 4237 immensum
3327 4184 3497 4240 Deum

1912 4266 1965 4318 in
1996 4264 2199 4320 divitiis
2223 4267 2501 4336 sapientiae
2524 4276 2579 4322 et
2605 4268 2849 4325 scientiae
2877 4286 2988 4327 sua:
3009 4286 3132 4331 cum
3158 4275 3307 4330 omni
3341 4275 3499 4334 laude

1911 4370 1967 4412 et
1996 4357 2288 4435 gratiarum
2315 4359 2529 4413 actione
2558 4365 2787 4414 testatur
2813 4377 2826 4413 :
2853 4369 2939 4417 est
2962 4362 3108 4417 enim
3133 4364 3419 4422 consilium
3443 4374 3500 4423 et

1908 4450 2171 4519 judicium
2194 4451 2312 4522 ejus
2337 4451 2905 4522 incomprehensibile.
2933 4454 3070 4511 Nam
3096 4457 3275 4514 sciens
3299 4460 3367 4515 ab
3389 4460 3496 4515 ini-

1835 4510 1889 4571 D
1917 4540 1993 4593 tio
2013 4542 2455 4597 conversationes
2495 4552 2549 4597 et
2589 4557 2753 4613 opera
2793 4545 3070 4600 hominum
3095 4587 3110 4613 ,
3155 4548 3280 4617 quia
3320 4564 3498 4621 neque

1916 4628 2029 4683 sola
2073 4630 2360 4686 severitate
2404 4631 2630 4702 justitiae
2657 4633 2855 4688 salvari
2892 4624 3062 4703 possit
3102 4637 3378 4694 hominum
3405 4657 3497 4713 ge-

1917 4738 2039 4789 nus,
2072 4738 2245 4794 neque
2276 4726 2389 4780 sola
2417 4727 2791 4783 misericordia
2835 4731 2901 4785 ad
2930 4730 3229 4799 profectum
3276 4734 3497 4788 merito—

1918 4832 2039 4871 rum
2085 4817 2398 4885 pervenire,
2438 4833 2764 4890 unoquoque
2804 4820 3046 4891 tempore
3084 4822 3324 4878 decrevit
3367 4824 3495 4893 quid

1918 4920 2061 4967 esset
2098 4910 2535 4981 praedicandum;
2578 4922 2704 4970 ante
2736 4923 2915 4987 tamen
2950 4915 3269 4984 permittens
3302 4931 3494 4971 unum-

1915 5014 2181 5071 quemque
2208 5015 2305 5054 suo
2327 4999 2565 5069 judicio,
2602 5003 2725 5071 quia
2758 5011 2947 5057 natura
2982 5003 3097 5073 ipsa
3124 5004 3260 5059 duce
3298 5019 3495 5076 cogno-

1913 5090 2083 5146 scitur
2102 5088 2336 5158 justitia.
2368 5091 2435 5146 Et
2472 5092 2596 5161 quia
2640 5092 2940 5148 auctoritas
2981 5094 3245 5151 naturalis
3268 5093 3495 5163 justitia:

1912 5182 2261 5250 obtorpuerat
2286 5180 2675 5237 consuetudine
2704 5180 3074 5253 delinquendi,
3104 5184 3229 5239 data
3258 5184 3343 5240 lex
3378 5194 3491 5252 est,

1911 5278 1973 5323 ut
1994 5270 2290 5325 humanum
2311 5286 2478 5342 genus
2493 5279 2700 5326 terrore
2722 5271 3080 5328 manifestata:
3100 5273 3230 5344 legis
3252 5273 3498 5329 frenare—

1912 5370 2020 5415 tur.
2067 5360 2173 5417 Sed
2198 5364 2323 5432 quia
2364 5377 2472 5417 non
2520 5377 2579 5417 se
2618 5364 2961 5427 cohibentes,
2997 5364 3075 5419 rei
3115 5365 3436 5419 tenebantur
3462 5382 3495 5419 a

1910 5446 2059 5517 lege,
2089 5449 2378 5517 prmdicata
2420 5449 2789 5504 misericordia
2826 5457 2929 5515 est,
2953 5465 3075 5520 qua:
3108 5450 3176 5503 ad
3216 5465 3275 5504 se
3307 5450 3500 5505 oonfu.

1912 5539 2121 5609 gicntes
2137 5540 2390 5604 salvaret,
2409 5539 2709 5593 refutantes
2730 5547 2912 5593 autem
2934 5547 3163 5594 caecaret
3178 5538 3243 5591 ad
3258 5547 3494 5608 tempus,

1912 5629 1978 5684 ad
1998 5627 2414 5698 promissionem
2427 5643 2612 5683 eorum
2631 5624 2820 5699 gentes
2835 5628 3094 5693 invitans,
3109 5642 3227 5696 quae
3247 5627 3397 5696 prius
3409 5626 3501 5695 ju-

1913 5720 2113 5778 stitiam
2136 5719 2231 5776 Dei
2260 5734 2357 5789 per
2382 5719 2599 5789 Moysen
2625 5718 2807 5776 datam
2832 5718 2992 5791 sequi
3006 5718 3312 5779 noluerunt,
3327 5722 3389 5770 ut
3403 5715 3505 5772 ho-
