3948 6308
473 344 604 403 I559

1136 334 1199 388 Β.
1231 330 1494 387 ’ΒΑΒΑΝΙ
1528 330 1748 387 MAURI
1786 328 2039 386 ARCHlE

2144 324 2454 383 MOGUNT.
2493 324 2777 383 OPERUM
2814 324 2993 382 PARS
3031 325 3118 382 Ill.

3598 331 3737 390 ιω

460 476 583 522 rum
608 455 766 514 saluti
795 454 921 519 dum
946 449 1213 515 invident,
1245 448 1362 518 ipso
1388 446 1504 501 zelo
1537 446 1603 501 ad
1630 445 1827 500 radicis
1862 443 2049 497 Salva-
2074 445 2127 505 Α
2151 439 2314 493 modo
2348 447 2404 495 et
2444 439 2693 509 gentibus
2724 438 2952 493 arduum
2997 449 3054 494 et
3088 440 3425 496 incredulum
3454 442 3739 503 videbatur

466 551 598 608 toris
633 546 895 618 originem
918 558 977 598 se
1001 540 1363 596 reformarent
1382 537 1661 607 promissae
1684 536 1740 589 in
1766 534 1895 604 lege.
1925 532 2050 588 Haec

460 650 545 698 est
574 659 589 691 ι
610 637 835 694 altitudo
851 633 1162 689 divitiarum
1180 628 1459 699 sapientia:
1474 636 1530 683 et
1542 627 1777 681 scientize
1787 625 1879 679 Dei
1893 665 1906 689 ,
1918 644 1935 675 ι
1956 626 2050 695 qui

464 743 573 790 tam
605 732 824 788 Judzcos
853 743 1015 800 quam
1043 735 1232 797 gemes
1256 722 1549 776 multifaria
1585 720 1921 791 providentia
1960 734 2051 774 ae-

467 827 683 900 quisivit
709 823 776 879 ad
800 823 987 877 vitam.
1011 816 1209 891 (Orig)
1233 815 1385 872 Unde
1410 814 1554 869 enim
1579 814 1825 867 humanm
1852 812 2050 867 mentis

465 931 654 975 sensus
701 915 802 968 ista
846 918 1027 983 posset
1052 907 1283 978 opinari,
1309 913 1367 960 ut
1396 913 1609 959 servata
1644 902 1933 973 unicuique
1962 918 2051 956 ar-

465 1006 610 1064 bitrii
640 1005 909 1067 libertate,
926 1000 1149 1054 alterius
1172 996 1391 1052 malitiae
1412 1008 1546 1064 opus
1570 998 1870 1047 verteretur
1892 990 2049 1046 alteri

462 1099 529 1153 ad
560 1097 807 1159 salutem,
833 1100 888 1147 et
914 1091 1152 1146 vincenti
1176 1103 1233 1144 se
1258 1086 1465 1141 malitia
1491 1084 1725 1154 palmam
1753 1081 2045 1149 conferret,

462 1204 582 1264 quae
610 1186 779 1241 utenti
809 1199 867 1240 se
894 1181 1187 1253 perniciem
1217 1176 1457 1248 praebet?
1477 1175 1573 1230 His
1594 1175 1759 1251 igitur
1784 1172 2044 1243 generali,

461 1286 726 1349 quantum
758 1275 993 1337 videtur,
1017 1268 1307 1339 Apostolus
1336 1267 1548 1328 ratione
1583 1264 1912 1335 perspectis,
1946 1278 2043 1317 ex-

461 1369 680 1431 clamat,
727 1373 782 1420 et
825 1362 976 1427 dicit,
1010 1360 1137 1430 quia
1180 1364 1327 1411 tanta
1360 1356 1587 1411 altitudo
1622 1362 1706 1411 est
1735 1353 2046 1409 divitiarum

463 1460 554 1514 Dei
575 1498 587 1521 ,
622 1466 676 1512 et
702 1453 979 1525 sapientia:
1009 1450 1123 1521 ejus
1148 1458 1293 1506 tanta
1334 1458 1415 1504 est
1443 1448 1700 1513 altitudo,
1725 1458 1781 1502 et
1807 1447 2047 1501 scientia:

462 1548 814 1604 nihilominus
854 1552 1003 1600 tanta
1037 1552 1121 1599 est
1150 1541 1376 1595 altitudo
1405 1540 1505 1608 (ad
1534 1539 1715 1593 omnia
1746 1539 1890 1592 enim
1930 1538 2045 1593 haec

462 1635 762 1693 altitudinis
790 1649 969 1688 sermo
1000 1629 1289 1701 deservit),
1319 1636 1380 1682 ut
1414 1627 1646 1683 scrutari
1670 1625 1872 1696 judicia
1903 1625 2042 1699 ejus,

460 1727 656 1798 quibus
708 1737 1141 1793 unamquamque
1167 1720 1402 1775 animam
1433 1712 1848 1789 atqtte'omnem
1887 1729 2044 1774 natu-

2153 529 2390 596 Judaeos,
2440 533 2531 601 qui
2578 548 2686 587 non
2722 530 3098 596 crediderant,
3128 547 3287 601 posse
3340 535 3600 600 converti,
3642 542 3738 592 aut

2146 622 2439 676 credentes
2467 622 2667 690 suscipi
2716 629 2777 675 ut
2820 620 3179 676 saivarentur.
3219 623 3368 679 lnter
3411 634 3605 681 cratera
3629 626 3737 683 hoc

2152 719 2235 767 est
2260 710 2547 766 consilium
2591 710 2705 776 Dei,
2736 710 2881 779 quod
2922 709 3101 776 latuit,
3137 725 3237 765 nec
3279 714 3455 781 potuit
3486 728 3733 787 compre-

2152 802 2335 857 hendi.
2368 802 2565 874 (0rig.)
2597 802 2757 857 Vides
2807 816 2937 871 ergo
2964 802 3107 870 quod
3148 800 3348 857 Paulus
3378 803 3430 857 in
3480 807 3737 875 praesenti

2152 892 2386 962 capitulo
2414 892 2467 946 in
2505 893 2589 947 his
2618 908 2738 962 quae
2776 892 2909 947 dicit
2940 910 2951 944 :
2990 892 3119 956 Quis
3160 892 3298 946 enim
3339 886 3571 963 cognorit
3618 912 3742 950 sen-

2149 1001 2264 1039 sum
2294 983 2541 1049 Domini,
2580 992 2671 1036 aut
2701 982 2816 1053 quis
2854 981 3185 1036 consiliarius
3215 982 3294 1035 illi
3317 982 3460 1051 fuit?
3485 984 3551 1038 de
3580 998 3739 1038 crea-

2151 1058 2288 1129 turis
2309 1074 2468 1137 dicat,
2501 1082 2752 1127 naturam
2773 1086 2906 1128 vero
2936 1071 3221 1126 Trinitatis
3248 1072 3517 1142 excipiat:
3541 1074 3741 1144 quippe

2148 1166 2237 1223 cui
2285 1166 2421 1220 nihil
2461 1166 2532 1220 sit
2572 1179 2695 1220 cum
2744 1173 2995 1219 creatura
3041 1178 3349 1232 commune,
3383 1166 3489 1219 nisi
3536 1165 3745 1221 benetis

2148 1259 2342 1314 centite
2376 1272 2529 1327 Opus.
2563 1256 2671 1313 Sed
2706 1264 2761 1310 et
2788 1257 2933 1327 quod
2970 1255 3047 1311 ait
3076 1273 3089 1310 :
3128 1255 3259 1322 Quis
3298 1255 3378 1310 illi
3405 1256 3742 1315 consiliarius

2147 1350 2291 1421 fuit?
2320 1366 2426 1407 non
2469 1352 2624 1421 quasi
2666 1351 2845 1405 minus
2877 1352 2990 1420 ipse
3028 1348 3300 1406 sutiiciens
3338 1351 3567 1407 consilio
3601 1352 3746 1406 iudi-

2147 1454 2299 1521 geret
2328 1444 2571 1511 alterius,
2596 1444 2691 1499 sed
2714 1443 2926 1499 consilii
2950 1444 3269 1514 participem
3290 1444 3494 1498 nullum
3521 1445 3743 1514 quidem

2147 1536 2291 1593 inter
2322 1544 2603 1592 creaturas
2642 1550 2764 1592 esse
2803 1536 3137 1606 pronuntiat.
3168 1535 3469 1592 Consilium
3493 1551 3621 1591 vero
3659 1552 3742 1592 sa-

2145 1628 2315 1699 pienti
2345 1624 2650 1682 necessario
2680 1628 2736 1680 in
2770 1625 3037 1696 sapientia
3076 1640 3174 1680 sua
3214 1634 3317 1691 est,
3346 1628 3440 1695 qui
3474 1634 3558 1680 est
3586 1626 3742 1680 Chri-

2145 1724 2277 1779 stus,
2297 1723 2357 1768 'et
2392 1714 2446 1768 in
2476 1714 2801 1780 sanctitate,
2842 1714 2935 1785 qui
2963 1722 3047 1770 est
3073 1714 3307 1784 Spiritus
3355 1725 3599 1771 sanctus.
3654 1713 3742 1768 Si-

464 1830 583 1871 ram
606 1812 986 1870 rationabilem
1013 1811 1322 1881 dispensat,
1346 1824 1505 1865 nemo
1527 1807 1775 1874 sufﬁciat,
1805 1824 1907 1864 nec
1934 1810 2051 1865 vias
2077 1817 2125 1881 Β
2152 1807 2265 1861 mili
2291 1814 2473 1861 autem
2499 1806 2661 1861 modo
2681 1814 2758 1872 et,
2775 1805 2905 1872 Quis
2930 1808 3077 1876 prior
3089 1807 3231 1860 dedit
3255 1807 3336 1870 ei;
3356 1817 3405 1861 et
3427 1806 3743 1860 retribuetur

460 1904 673 1960 Domini
695 1904 892 1975 quibus
909 1900 1245 1972 providentia
1269 1899 1469 1954 incedit
1498 1899 1823 1970 investigare
1854 1901 2048 1969 aliquis

459 1994 648 2066 possit.
700 1992 911 2063 Aliquis
935 1999 1115 2045 autem
1143 1990 1373 2045 dicimus
1405 2005 1512 2044 non
1541 1990 1715 2045 solum
1744 1992 2045 2056 hominum,

458 2085 555 2140 sed
579 2092 635 2139 et
665 2082 830 2138 totius
858 2090 1121 2152 creatura:
1152 2098 1163 2133 :
1196 2093 1371 2147 neque
1395 2080 1539 2132 enim
1570 2079 1939 2134 inscrutabllia
1959 2078 2048 2148 ju-

459 2174 599 2231 dicia
660 2182 714 2228 et
764 2169 1165 2241 investigabiles
1214 2169 1314 2223 viae
1374 2168 1490 2238 ejus
1546 2168 1887 2233 dicerentur,
1943 2168 2047 2222 nisi

456 2266 585 2337 quia
628 2263 773 2320 nulla
815 2270 899 2317 est
926 2268 1175 2317 creatura
1204 2275 1324 2328 quae
1351 2259 1436 2313 vel
1485 2258 1809 2328 investigare
1846 2258 2045 2325 valeat,

457 2353 542 2410 vel
570 2351 823 2409 scrutari.
862 2349 1022 2404 Solus
1057 2356 1141 2403 est
1183 2348 1327 2402 enim
1364 2346 1534 2401 Filius
1564 2347 1657 2417 qui
1696 2347 1909 2402 noverit
1938 2346 2045 2401 Pa-

459 2451 623 2509 trem,
655 2450 712 2496 et
740 2440 886 2496 solus
917 2448 1002 2495 est
1018 2457 1037 2490 ‹
1060 2431 1295 2509 Spiritus
1317 2457 1335 2488 ›
1371 2446 1589 2493 sanctus
1613 2437 1705 2506 qui
1728 2454 1746 2486 ‹
1771 2444 2047 2494 scrutatur

456 2548 675 2590 omnem
691 2516 1213 2586 etiamaltitudinem
1234 2529 1348 2581 Dei.
1375 2548 1392 2579 ι
1412 2528 1480 2581 Ει
1501 2529 1623 2582 ideo
1644 2526 1785 2581 hanc
1806 2526 2046 2581 altitudi-

457 2641 584 2683 nem
631 2624 749 2689 Dei,
787 2638 950 2693 quam
989 2628 1044 2676 et
1074 2619 1479 2676 inscrutabilem
1508 2619 1637 2675 dicit
1660 2612 1714 2673 et
1754 2619 2046 2688 investiga-

454 2716 643 2781 bilem,
660 2720 923 2768 creaturae
942 2711 1090 2767 omni
1109 2708 1515 2765 inscrntabilem
1534 2719 1589 2763 et
1611 2708 2043 2780 iuvestigabilcm

452 2805 604 2861 dicit.
639 2803 715 2857 De
761 2802 899 2857 Filio
940 2816 1068 2857 vero
1120 2809 1176 2855 ct
1226 2799 1431 2869 Spiritu
1490 2808 1678 2854 sancto
1715 2800 1897 2855 dicere
1939 2799 2042 2854 ista

454 2912 561 2953 non
607 2902 839 2966 poterat,
888 2894 1015 2964 quia
1044 2892 1213 2947 Filius
1259 2893 1314 2947 in
1364 2891 1655 2963 Evangelio
1688 2892 1820 2948 dicit
1850 2893 1914 2948 ad
1940 2892 2045 2949 Pa-

457 2997 594 3042 trem
627 3002 639 3036 :
676 2984 858 3053 Pater,
888 2984 1065 3039 omnia
1096 3000 1210 3038 mea
1242 2994 1332 3037 tua
1355 2992 1499 3048 sunt,
1524 2992 1572 3038 et
1602 2992 1694 3037 tua
1718 3000 1835 3038 mea
1855 2982 2040 3053 (Joan.

457 3079 622 3149 xvn);
673 3086 727 3132 et
768 3078 832 3131 de
864 3076 1070 3146 Spiritu
1127 3083 1315 3131 sancto
1362 3075 1477 3145 ipse
1506 3074 1704 3129 Paulus
1728 3076 2043 3145 pronuntiat

2151 1897 2229 1950 illi
2244 1897 2703 1968 ?intelligendum
2740 1906 2844 1952 est.
2896 1896 3066 1951 Nemo
3110 1898 3257 1951 enim
3294 1898 3497 1969 aliquid
3546 1898 3740 1954 [actori

2150 2004 2246 2043 suo
2299 1988 2449 2058 prior
2491 1989 2759 2044 contulit:
2793 1990 2991 2060 quippe
3042 2003 3166 2044 cum
3218 1992 3383 2045 etiam
3411 1991 3515 2047 hoc
3565 1994 3739 2062 ipsum

2150 2079 2291 2148 quod
2307 2087 2410 2146 est,
2432 2080 2801 2151 unusquisque
2829 2096 2859 2134 a
2887 2080 3163 2136 conditore
3188 2082 3507 2152 susceperit.
3534 2081 3737 2153 (ειπερ.)

2150 2166 2255 2224 Sed
2311 2168 2763 2243 quemadmodum
2820 2160 2941 2224 cum
3002 2170 3158 2239 panis
3216 2169 3301 2226 vel
3354 2172 3738 2227 vestimentum

2147 2258 2327 2331 egenti
2373 2260 2591 2327 tribuis,
2623 2275 2681 2316 se
2726 2262 2829 2317 hoc
2882 2261 3142 2317 Dominus
3179 2263 3453 2333 accepisse
3483 2272 3735 2331 testatur,

2148 2350 2223 2403 ita
2261 2364 2385 2403 cum
2432 2350 2696 2405 nescienti
2746 2351 2965 2406 cuilibet
2988 2359 3197 2409 rectum
3240 2353 3529 2408 consilium
3554 2354 3734 2420 datur,

2146 2441 2250 2496 hoc
2277 2439 2392 2511 ipse
2439 2441 2661 2512 accepit,
2690 2440 2842 2510 cujus
2892 2441 2980 2497 ille
3026 2442 3327 2498 membrum
3355 2450 3441 2498 est
3490 2444 3587 2513 qui
3614 2459 3737 2499 eru—

2147 2533 2312 2589 ditur.
2353 2530 2556 2589 Omnes
2583 2534 2785 2589 etenim
2826 2534 3013 2590 ﬁdeles
3041 2537 3282 2591 membra
3308 2537 3482 2593 nostri
3511 2536 3737 2593 Redem-

2146 2626 2318 2695 ptoris
2362 2640 2567 2691 sumus,
2597 2634 2653 2681 et
2686 2626 2829 2680 sicut
2850 2627 2963 2695 ips‘e
2994 2626 3049 2681 in
3082 2626 3238 2682 nobis
3279 2643 3377 2697 per
3420 2629 3734 2693 misericor-

2147 2716 2293 2770 diam
2337 2714 2603 2784 largitatis
2648 2715 2921 2786 pascitur,
2966 2715 3038 2769 ita
3094 2716 3207 2785 ipse
3238 2717 3291 2770 in
3325 2717 3484 2771 nobis
3513 2733 3613 2786 per
3641 2720 3737 2775 do-

2147 2805 2337 2861 ctrina:
2388 2805 2677 2861 consilium
2713 2804 2955 2872 juvatur.
3013 2804 3275 2872 Quoniam
3302 2821 3367 2864 ex
3412 2806 3527 2876 ipso
3569 2816 3616 2860 et
3644 2824 3736 2876 per

2144 2897 2314 2967 ipsum
2346 2896 2475 2951 etin
2521 2897 2632 2966 ipso
2662 2905 2781 2950 sunt
2829 2897 3029 2961 omnia,
3070 2897 3168 2966 ipsi
3209 2895 3377 2967 gloria
3413 2898 3470 2951 in
3514 2898 3730 2953 uacula.

2144 2990 2328 3044 Amen.
2375 2988 2614 3060 (Amb.)
2651 2987 2764 3043 Hoc
2790 2988 2933 3044 dicto
2963 2989 3172 3059 aperuit
3220 3003 3471 3057 sensum,
3519 2992 3611 3060 qui
3636 3006 3730 3046 oc-

2146 3080 2322 3136 cultus
2351 3088 2474 3135 erat
2514 3080 2711 3134 mundo
2740 3098 2753 3133 :
2781 3081 2905 3149 quia
2934 3080 3080 3134 enim
3110 3079 3351 3135 omnium
3379 3090 3598 3137 creator
3650 3092 3733 3137 est

453 3168 674 3224 dicens:
710 3166 879 3221 Nemo
907 3168 1043 3220 enim
1076 3168 1171 3219 scit
1205 3166 1474 3235 hominum
1499 3182 1616 3235 qua:
1644 3176 1763 3220 sunt
1790 3167 2038 3233 hominis,
2068 3163 2113 3230 ϐ
2144 3171 2307 3236 Deus,
2354 3171 2475 3225 ideo
2501 3186 2565 3223 ea:
2598 3172 2709 3239 ipso
2741 3178 2867 3224 sunt
2896 3171 3109 3234 omnia;
3142 3177 3199 3223 et
3230 3170 3485 3239 quoniam
3517 3171 3585 3225 ab
3615 3173 3732 3240 ipso

454 3257 555 3310 nisi
578 3256 810 3325 Spiritus
840 3255 1066 3310 hominis
1091 3256 1179 3324 qui
1209 3256 1263 3308 in
1290 3257 1400 3325 ipso
1427 3264 1501 3308 est
1530 3254 1583 3324 (I
1613 3254 1734 3309 Cor.
1761 3254 1857 3326 u);
1894 3257 1967 3312 ita
1988 3265 2037 3312 et

454 3361 570 3417 qua:
606 3347 662 3398 in
703 3344 812 3398 Deo
857 3352 979 3398 sunt
1028 3359 1174 3399 nemo
1218 3345 1476 3414 cognovit,
1523 3344 1623 3398 nisi
1650 3342 1878 3414 Spiritus
1923 3344 2036 3400 Do-

456 3437 604 3490 mini.
661 3434 860 3506 (Cass.)
915 3433 1085 3503 Hujus
1143 3449 1272 3504 ergo
1324 3434 1565 3490 scientia:
1623 3436 2037 3491 admirationem

455 3544 615 3599 quam
647 3527 738 3583 ille
790 3527 917 3582 talis
955 3541 1019 3582 ac
1059 3535 1241 3582 tantus
1284 3529 1524 3597 gentium
1567 3529 1828 3599 magister
1874 3543 2040 3599 expa-

456 3618 556 3683 vit,
602 3632 868 3673 evacuare
914 3617 1199 3672 conabitur
1259 3617 1487 3686 quisque
1536 3618 1830 3674 crediderit
1893 3619 2038 3676 illius

454 3708 844 3765 inaestimabilis
881 3710 1061 3779 abyssi
1090 3708 1511 3779 profunditatem
1538 3712 1773 3766 humana
1801 3712 1885 3767 vel
1920 3728 2041 3767 nar-

455 3802 698 3867 ratione,
726 3800 811 3855 vel
844 3800 1050 3855 ratione
1085 3815 1143 3855 se
1191 3815 1351 3870 posse
1400 3801 1600 3855 metiri.
1650 3800 1784 3856 Nam
1824 3803 1917 3872 qui
1972 3801 2041 3857 ad

457 3891 673 3961 plenum
715 3890 1149 3959 dispensationes
1189 3891 1285 3945 Dei
1332 3892 1529 3960 quibus
1574 3892 1801 3947 salutem
1849 3894 1904 3947 in
1944 3893 2041 3948 bo-

457 3982 696 4036 minibus
744 3990 1041 4051 operatur,
1083 3981 1168 4035 vel
1224 3990 1406 4037 mente
1450 3984 1768 4053 concipere,
1813 3984 1897 4039 vel
1945 4000 2041 4041 ore

455 4071 725 4127 disserere
751 4087 810 4127 se
841 4088 998 4143 posse
1026 4072 1287 4139 conlidit,
1317 4074 1506 4143 procul
1533 4074 1695 4131 dubio
1720 4077 2041 4149 impugnans

453 4164 772 4236 Apostolica:
802 4168 1086 4220 sententiae
1106 4166 1390 4221 veritatem
1408 4208 1422 4231 ,
1455 4168 1768 4224 scrutabilia
1794 4169 1889 4224 Dei
1919 4183 2042 4225 esse

448 4255 654 4327 judicia
695 4263 751 4311 et
801 4256 1129 4313 scrutabiles
1158 4257 1274 4312 vias
1304 4256 1422 4326 ejus
1472 4256 1700 4327 profana
1726 4261 2042 4329 pronuntia-

454 4349 535 4403 vit
585 4350 833 4416 audacia,
885 4350 1002 4421 ipso
1038 4365 1250 4420 quoque
1280 4350 1508 4407 Domino
1562 4353 1679 4409 lucc
1725 4353 1793 4407 ad
1842 4367 1935 4407 eos
1965 4352 2041 4407 ita

455 4448 691 4497 testante
722 4460 735 4496 :
774 4441 900 4498 Non
932 4444 1067 4497 enim
1107 4445 1442 4514 cogitationes
1468 4460 1598 4499 mea:
1626 4453 1678 4497 ut
1708 4445 2040 4515 cogitationes

456 4540 656 4599 vestraz,
688 4550 850 4604 neque
876 4534 971 4588 via:
991 4550 1120 4589 mea:
1148 4544 1210 4587 ut
1240 4536 1337 4588 viae
1374 4544 1573 4602 vestris,
1590 4535 1719 4588 dicit
1745 4534 2036 4591 Dominus:
2064 4510 2117 4573 Β

454 4622 581 4693 quia
610 4622 744 4677 sicut
788 4623 1092 4678 exaltantur
1121 4624 1287 4678 caelia
1315 4633 1477 4691 terra,
1509 4625 1583 4679 sic
1625 4625 1869 4681 exaltata:
1916 4636 2035 4682 sunt

457 4711 552 4767 via:
575 4728 703 4766 mea:
728 4729 761 4766 a
789 4714 883 4768 viis
906 4716 1108 4779 vestris,
1136 4724 1184 4769 et
1199 4717 1538 4787 cogitationes
1561 4733 1691 4772 mea:
1713 4734 1745 4771 a
1768 4719 2039 4789 cogitatio-

457 4805 607 4859 nibus
636 4806 816 4860 vestris
842 4806 894 4876 (I
899 4824 978 4861 sa.
1007 4807 1117 4879 ιν).

531 4892 661 4958 Quis
706 4896 842 4949 enim
884 4897 1118 4965 cognovit
1145 4913 1353 4953 sensum
1376 4898 1630 4953 Domini?
1665 4910 1755 4955 aut
1773 4918 1891 4972 quis
1913 4917 2036 4955 con-

455 4981 689 5037 siliarius
724 4986 839 5054 ejus
882 4983 1021 5053 fuit?
1056 4995 1145 5039 aut
1174 4988 1319 5057 prior
1357 4987 1499 5042 dedit
1529 4987 1608 5041 illi
1635 4998 1681 5044 et
1724 4991 2038 5045 retribuetur

458 5074 548 5127 ei?
583 5074 698 5130 Hoc
734 5076 787 5130 in
827 5075 964 5131 lsaia
1012 5078 1274 5147 scriptum
1303 5079 1549 5135 habetur.
1584 5079 1926 5137 Manifestum
1957 5088 2041 5138 est

457 5164 633 5219 solum
679 5164 847 5219 Deum
894 5180 1016 5222 esse
1064 5169 1157 5237 qui
1206 5170 1421 5224 noverit
1466 5173 1649 5226 omnia
1688 5173 1936 5240 consilia,
1984 5182 2039 5229 et

458 5255 603 5309 hunc
639 5271 806 5310 unum
853 5272 973 5313 esse
1009 5259 1102 5328 qui
1152 5260 1349 5315 nullius
1412 5272 1586 5332 egeat,
1635 5265 1757 5334 quia
1804 5265 1873 5320 ab
1922 5266 2041 5336 ipso

459 5353 587 5401 sunt
613 5348 817 5413 omnia,
845 5363 910 5403 ac
953 5365 1052 5419 per
1100 5351 1203 5405 hoc
1234 5351 1657 5424 consilium'ejus
1690 5369 1721 5407 a
1761 5355 1905 5411 nullo
1935 5371 2037 5412 nec

459 5437 931 5505 comprehenditur
983 5456 1086 5497 nec
1132 5442 1372 5507 metitur,
1409 5445 1531 5512 quia
1580 5442 1832 5499 inferiora
1880 5461 2037 5517 supe-

459 5528 618 5581 rioris
661 5543 878 5584 sensum
932 5534 1071 5586 scire
1123 5550 1230 5589 non
1269 5545 1511 5605 possunt.
1555 5536 1793 5606 Denique
1837 5535 2036 5592 Iudaeis

460 5622 805 5677 credentibus
846 5626 1177 5695 impossibile
1207 5628 1489 5683 videbatur
1514 5628 1795 5683 consilium
1831 5642 1952 5683 esse
1980 5635 2035 5683 et

459 5714 787 5771 voluntatem
826 5717 921 5773 Dei
970 5718 1037 5775 ad
1084 5718 1505 5787 redemptionem
1558 5721 1830 5789 gentium,
1871 5720 2033 5775 simili

2142 3269 2288 3327 sunt,
2315 3275 2412 3331 per
2432 3260 2627 3316 Filium
2655 3259 2794 3329 ejus,
2816 3260 2911 3329 qui
2942 3258 3177 3327 ejusdem
3201 3260 3387 3329 utique
3414 3260 3732 3317 substantia:

2140 3365 2242 3422 est,
2274 3369 2394 3412 esse
2423 3362 2726 3425 coeperunt,
2754 3353 2909 3423 cujus
2942 3368 3076 3423 opus
3098 3336 3274 3409 Pairis
3303 3364 3387 3408 est
3416 3368 3570 3424 opus.
3593 3353 3732 3421 Quia

2140 3459 2270 3515 ergo
2294 3446 2409 3515 ipse
2431 3452 2687 3514 operatur
2703 3458 2801 3513 per
2814 3441 3029 3508 Filium,
3057 3459 3148 3512 per
3170 3445 3342 3512 ipsum
3364 3455 3491 3498 sunt
3513 3444 3729 3510 omnia;

2140 3542 2195 3589 et
2215 3535 2471 3605 quoniam
2493 3550 2612 3604 qum
2633 3540 2761 3588 sunt
2779 3548 2846 3588 ex
2860 3532 2991 3599 Deo,
3015 3548 3111 3601 per
3139 3532 3308 3587 Deum
3333 3543 3481 3598 sunt,
3503 3543 3621 3605 post
3645 3549 3731 3588 re-

2140 3634 2265 3680 nata
2298 3627 2352 3679 in
2377 3624 2580 3695 Spiritu
2602 3631 2793 3679 sancto
2816 3631 2962 3687 sunt,
2994 3624 3049 3676 in
3076 3622 3187 3692 ipso
3216 3632 3341 3677 sunt
3368 3625 3566 3685 omnia,
3601 3623 3729 3692 quia

2140 3726 2195 3773 et
2241 3716 2477 3787 Spiritus
2523 3727 2745 3771 sanctus
2772 3714 2841 3770 de
2887 3716 2997 3769 Deo
3021 3724 3104 3769 est
3146 3713 3337 3778 Patre;
3375 3716 3519 3769 unde
3544 3721 3596 3767 et
3622 3717 3732 3771 scit

2141 3823 2259 3877 quae
2284 3808 2340 3861 in
2371 3809 2481 3861 Deo
2512 3816 2655 3862 sunt.
2702 3808 2843 3876 Ergo
2889 3815 2944 3860 et
2984 3806 3046 3858 in
3075 3802 3279 3873 Spiritu
3329 3813 3519 3858 sancto
3566 3803 3731 3859 Pater

2140 3903 2246 3962 est,
2268 3896 2395 3965 quia
2416 3895 2558 3964 quod
2584 3895 2650 3949 de
2670 3894 2831 3949 Patre
2848 3902 2932 3949 est
2957 3892 3087 3959 Deo,
3104 3907 3208 3946 non
3237 3901 3415 3960 potest
3442 3893 3585 3947 aliud
3606 3908 3731 3949 esse

2142 4006 2302 4061 quam
2329 3998 2414 4046 est
2446 3990 2589 4045 Deus
2615 3989 2796 4043 Pater.
2820 3990 2899 4044 Ac
2922 4004 3020 4059 per
3039 3988 3141 4043 hoc
3170 3989 3269 4058 ipsi
3296 3989 3489 4060 gloria,
3519 3991 3641 4060 quia
3664 4006 3731 4044 ea:

2141 4080 2251 4149 ipso
2275 4088 2321 4133 et
2344 4096 2437 4150 per
2458 4080 2628 4148 ipsum
2650 4090 2698 4132 et
2720 4080 2902 4149 inipso
2930 4087 3051 4132 sunt
3080 4079 3273 4133 omnia.
3303 4079 3490 4150 Itaque
3514 4095 3631 4150 quae
3657 4095 3728 4136 ex

2142 4171 2257 4239 ipso
2278 4177 2333 4225 et
2354 4185 2449 4240 per
2472 4171 2647 4238 ipsum
2676 4178 2732 4239 et
2758 4170 2813 4222 in
2842 4169 2959 4238 ipso
2981 4178 3042 4223 ut
3070 4179 3252 4223 essent
3275 4184 3396 4225 esse
3423 4155 3725 4241 coeperunt,

2142 4277 2362 4318 sensum
2411 4270 2465 4316 et
2495 4262 2779 4316 consilium
2821 4259 2936 4329 ejus
2978 4262 3118 4317 scire
3146 4277 3253 4317 non
3300 4272 3529 4333 possunt
3561 4281 3577 4318 :
3608 4264 3729 4333 ipse

2142 4361 2321 4409 autem
2375 4353 2475 4408 scit
2517 4354 2721 4417 omnia,
2750 4353 2875 4423 quia
2903 4353 2958 4407 in
2988 4354 3105 4424 ipso
3152 4362 3277 4409 sunt
3322 4362 3537 4411 cuncta.
3567 4353 3730 4411 Pate-

2141 4447 2269 4503 fecit
2319 4446 2635 4518 mysterium
2682 4446 2803 4513 Dei,
2855 4447 3000 4518 quod
3051 4447 3299 4516 superius
3346 4446 3484 4501 dixit
3506 4462 3614 4501 non
3652 4447 3725 4504 ab

2142 4541 2221 4596 eis
2254 4541 2490 4610 ignorari
2535 4540 2752 4595 debere.
2784 4539 2981 4611 (0rig.)
3010 4539 3172 4595 Vides
3198 4539 3469 4609 quomodo
3497 4540 3554 4593 in
3591 4538 3722 4595 ulti-

2142 4631 2245 4685 mis
2292 4630 2550 4695 ostendit,
2598 4631 2742 4699 quod
2794 4630 2850 4684 in
2900 4629 3147 4683 omnibus
3186 4644 3307 4697 quae
3352 4645 3516 4698 supra
3553 4631 3721 4698 dixit,

2143 4721 2436 4792 signaverit
2459 4721 2775 4791 mysterium
2809 4719 3108 4775 Trinitatis.
3139 4717 3291 4775 Sicut
3319 4720 3465 4774 enim
3494 4721 3549 4774 in
3576 4736 3721 4791 pre-

2142 4813 2282 4868 senti
2337 4811 2454 4866 loco
2483 4811 2627 4880 quod
2658 4812 2755 4876 ait,
2800 4796 3061 4875 Quoniam
3116 4809 3313 4878 exipso
3361 4817 3411 4862 et
3435 4825 3529 4879 per
3549 4810 3722 4877 ipsum

2141 4914 2188 4959 ‘et
2215 4906 2270 4957 in
2300 4905 2410 4971 ipso
2436 4914 2557 4957 sunt
2584 4906 2781 4970 omnia,
2811 4904 3060 4959 convenit
3101 4902 3205 4959 illis
3243 4903 3402 4958 dictis
3426 4918 3547 4973 quae
3577 4904 3721 4959 idem

2140 4995 2429 5065 Apostolus
2459 4995 2515 5049 in
2555 4994 2675 5049 aliis
2707 5001 2971 5049 memorat
3026 4993 3155 5049 locis
3204 5007 3325 5048 cum
3366 4993 3533 5047 dicit:
3571 4991 3720 5047 Unus

2140 5083 2280 5139 Deus
2318 5082 2500 5150 Pater,
2528 5093 2592 5138 ex
2636 5100 2737 5151 quo
2785 5072 2987 5148 omnia;
3018 5092 3064 5136 et
3094 5100 3228 5137 unus
3269 5082 3527 5138 Dominus
3562 5082 3717 5138 Iesus

2141 5174 2414 5241 Christus,
2445 5191 2537 5245 per
2560 5190 2712 5244 quem
2758 5173 2931 5227 omnia
2970 5172 3021 5245 (Ι
3052 5170 3174 5226 Cor.
3201 5172 3351 5243 vm);
3384 5182 3442 5227 et
3487 5172 3616 5226 item
3661 5174 3714 5227 in

2143 5266 2346 5337 Spiritu
2390 5266 2485 5322 Dei
2533 5266 2665 5322 dicit
2700 5264 2926 5321 revelari
2963 5266 3163 5330 omnia,
3195 5274 3250 5320 et
3296 5280 3395 5335 per
3423 5267 3528 5322 hoc
3573 5267 3713 5324 desi-

2142 5367 2268 5428 gnat
2295 5359 2351 5413 in
2397 5358 2646 5413 omnibus
2692 5372 2811 5413 esse
2862 5356 3257 5426 providentiam
3285 5357 3607 5412 Trinitatis:
3641 5358 3713 5413 ita

2138 5456 2193 5503 et
2223 5464 2345 5503 cum
2377 5448 2524 5513 dicit,
2556 5448 2776 5502 altitudo
2797 5447 3118 5513 divitiarum,
3146 5446 3361 5501 Patrem
3385 5463 3453 5501 ea:
3476 5464 3579 5517 quo
3606 5462 3713 5500 ont-

2138 5543 2225 5594 nia
2274 5542 2404 5596 dicit
2442 5554 2563 5595 esse
2605 5539 2902 5611 signiﬁcat;
2946 5550 3001 5594 et
3044 5537 3322 5608 sapientiai
3374 5536 3714 5591 altitudinem

2138 5632 2429 5696 Christum,
2460 5632 2549 5700 qui
2580 5640 2662 5686 est
2686 5631 2952 5700 sapientia
2985 5628 3119 5697 ejus,
3144 5627 3381 5683 ostendit
3415 5646 3430 5682 :
3464 5636 3519 5681 et
3548 5628 3713 5682 scien-

2142 5725 2227 5779 tia:
2258 5724 2616 5791 altitudinem,
2652 5721 2911 5793 Spiritum
2954 5730 3234 5790 sanctum,
3272 5721 3365 5792 qui
3394 5721 3567 5777 etiam
3610 5719 3713 5774 alta
