3948 6344
148 343 286 404 1541
680 340 1231 398 ENARRATIONUM
1268 339 1335 396 IN
1375 341 1521 397 EPP.
1561 341 1698 399 PAU

1804 341 1932 399 LIB.
1973 345 2176 402 Ἧι-
2215 347 2280 403 lN
2319 347 2539 406 EPIST.
2581 353 2673 408 AD
2710 353 2874 413 ROM.
3269 364 3408 422 1542

146 462 243 518 Dei
272 458 445 525 novit,
467 457 724 514 declarat.
743 456 1128 513 Verumtamen
1153 457 1296 527 quod
1322 455 1470 522 dicit,
1495 473 1559 510 ea:
1585 459 1718 529 ipso,
1751 475 1800 532 Α
1825 467 2044 529 propter
2070 461 2172 515 hoc
2199 464 2338 530 quod
2367 464 2628 532 perfectio
2673 469 2910 524 onmium
2941 487 3046 527 non
3072 477 3210 530 intra
3241 494 3406 537 unum

146 555 249 610 hoc
275 554 448 623 ipsum
471 549 614 635 quod
646 565 830 605 sumus
855 549 1089 614 indicat;
1117 565 1209 618 per
1231 549 1421 617 ipsum,
1455 549 1559 604 hoc
1586 551 1729 620 quod
1834 550 2088 606 saeculum
2136 552 2495 620 concluditur,
2544 556 2637 610 sed
2669 558 2721 610 in
2749 560 2914 614 multa
2965 565 3324 635 protenditur,
3352 579 3409 626 et

142 660 242 716 per
271 642 388 712 ejus
428 634 824 709 providentiam
855 641 1231 710 dispensamur
1267 639 1320 694 in
1367 641 1504 705 vita;
1538 643 1594 694 in
1617 642 1728 711 ipso
1829 639 1914 693 vix
1964 640 2252 710 aliquando
2293 643 2628 713 adimplenda
2675 659 2943 718 Sper-“1"”
2994 652 3181 727 Jungn
3225 634 3405 715 amem

140 749 276 791 vero
295 734 440 804 quod
466 733 725 804 perfectio
746 732 985 787 omnium
1013 741 1066 786 et
1089 731 1210 787 linis
1241 733 1293 786 in
1340 732 1457 803 ipso
1478 734 1581 787 erit
1602 743 1726 788 tunc
1828 737 1884 784 et
1909 731 2091 797 Amen,
2118 741 2178 786 ut
2211 731 2569 805 intelligamus
2593 753 2692 807 per
2712 739 2860 796 illum
2888 743 2954 798 ad
2984 744 3144 801 istam
3174 748 3406 806 beatitu-

139 837 267 879 eum
297 823 392 876 erit
419 822 560 880 Deus
592 823 767 876 omnia
798 823 851 876 in
873 822 1109 876 omnibus
1134 821 1186 892 (1
1214 820 1336 876 Cor.
1360 821 1480 894 xv);
1514 832 1569 877 et
1596 831 1725 878 tunc
1828 821 2006 876 dinem
2065 823 2381 879 veniendum
2411 827 2477 881 de
2508 843 2614 898 quo
2643 832 2900 901 scriptum
2935 845 3017 891 est
3046 837 3099 892 in
3142 839 3406 914 Apocaly-

137 913 243 982 ipsi
290 911 460 982 gloria
492 914 545 965 in
587 911 781 966 alecula
815 911 1153 976 sa’culorum,
1192 914 1372 966 Amen.
1407 911 1473 964 In
1504 913 1722 978 sa'cula,
1824 913 1907 982 psi
1940 931 1953 966 :
1992 913 2122 969 Haec
2153 915 2279 968 dicit
2311 917 2501 986 quiest
2544 919 2707 974 Amen
2736 922 2915 993 (Apoc.
2943 929 3046 998 ut).

2345 1045 3400 1086 ———__———-———s

1142 1129 1555 1242 LIBER
1644 1129 2378 1250 SEPTIMUS.

731 1367 957 1424 CAPUT
1009 1366 1120 1421 ΧΙΙ.

130 1461 358 1514 Instruit
382 1461 657 1531 Apostolus
688 1458 950 1531 Romanos
973 1469 1080 1531 tam
1102 1460 1153 1511 in
1184 1459 1264 1512 his
1290 1476 1406 1528 qua:
1430 1462 1499 1516 ad
1525 1462 1713 1531 Deum,
1737 1502 1741 1506 -

308 1527 465 1599 quain
496 1530 549 1582 in
575 1529 639 1581 iis
668 1545 786 1598 qutv
817 1527 886 1580 ad
913 1527 1233 1597 proximum,
1255 1527 1530 1598 pertinent.

1827 1374 2071 1440 arietem,
2107 1385 2198 1429 aut
2235 1376 2393 1431 tertio
2421 1377 2654 1446 hircum,
2694 1391 2784 1436 aut
2813 1391 3010 1453 quarto
3035 1394 3293 1461 turtures,
3323 1396 3406 1452 vel

1823 1464 1986 1556 etiam
2025 1465 2197 1535 pullos
2238 1465 2644 1532 columbarum,
2685 1480 2743 1525 ut
2777 1473 2830 1527 in
2865 1475 2949 1531 his
2987 1479 3406 1556 uniuscujusque

1823 1555 2001 1611 anima
2043 1557 2423 1625 puriticarctur
2479 1572 2578 1627 pro
2620 1561 3232 1639 qualitate‘gcstorum;
3283 1555 3405 1633 haec

1820 1659 1963 1736 nunc
1992 1647 2045 1701 in
2076 1662 2173 1703 suo
2201 1662 2428 1718 corpore
2457 1651 2828 1724 unusquisque
2861 1657 3173 1728 puriﬁeans,
3199 1673 3254 1719 et
3295 1669 3404 1736 spi-

1822 1735 1960 1789 ritali
2012 1751 2172 1791 sensu
2231 1737 2580 1805 discernens,
2636 1741 2940 1799 rationabili
3013 1747 3273 1822 obsequio
3323 1735 3403 1812 vi-

201 1642 428 1697 Obsecro
455 1643 627 1712 itaque
649 1657 754 1705 vos;
788 1641 1002 1709 fratres,
1029 1658 1122 1711 per
1147 1643 1561 1701 misericordiam
1588 1647 1707 1715 Dei,

127 1745 186 1790 ut
200 1735 488 1788 exhibeatis
501 1750 720 1802 corpora
735 1741 899 1791 vestra
913 1733 1136 1787 hostium
1161 1733 1425 1798 viventem,
1454 1748 1687 1790 sanctam
1700 1779 1713 1803 ,

1744 1699 1792 1757 B

124 1828 238 1882 Deo
253 1827 562 1898 placentem,
579 1824 891 1879 rationabile
904 1825 1202 1894 obsequium
1219 1837 1460 1882 vestrum.
1483 1828 1715 1899 (Ambr.l

121 1918 231 1974 Per
252 1918 684 1987 misericordiam
699 1917 793 1972 Dei
817 1917 937 1971 illos
959 1919 1277 1974 adhortatur
1301 1934 1580 1989 perquam
1606 1919 1715 1974 sal-

120 2019 286 2065 vatur
308 2011 602 2064 humanum
627 2023 818 2078 genus.
851 2007 980 2061 Post
1023 2012 1479 2064 tractatum'cnim
1503 2011 1636 2078 legis
1661 2019 1717 2065 et

119 2100 250 2156 ﬁdei
280 2100 459 2171 populi
481 2107 728 2154 naturam
743 2097 953 2153 Iudaici
982 2107 1037 2153 et
1062 2099 1276 2168 gentilis
1306 2101 1374 2154 ad
1406 2101 1605 2159 bonam
1634 2101 1716 2155 vi-

110 2179 234 2244 tam
273 2174 868 2258 agendam'hor'tatur;
913 2201 1012 2257 per
1056 2186 1195 2241 hanc
1233 2187 1379 2242 enim
1417 2202 1539 2258 spes
1588 2189 1708 2244 ﬁdei

116 2279 420 2339 ohtinetur.
467 2277 827 2334 Commonitio
864 2285 945 2332 est
991 2291 1122 2347 ergo
1174 2278 1289 2331 haec
1339 2286 1398 2332 ut
1439 2294 1710 2336 memores

118 2369 230 2424 sint
252 2368 378 2436 quia
399 2367 828 2424 misericordiam
851 2375 1212 2436 acceperunt;
1236 2377 1292 2422 et
1313 2368 1534 2438 vigilem
1563 2370 1710 2424 circa

116 2458 443 2529 obsequium
473 2457 612 2526 ejus,
636 2474 732 2527 per
755 2474 916 2526 quem
949 2474 1015 2512 ex
1033 2459 1212 2527 impiis
1233 2461 1402 2528 gratis
1427 2458 1709 2528 justiticati

117 2557 264 2609 sunt.
305 2547 506 2619 (Θήῃ.)
541 2546 680 2602 Cum
720 2561 816 2615 per
848 2561 1062 2602 onmem
1104 2554 1312 2601 textum
1352 2547 1608 2620 Epistolas
1653 2551 1706 2605 in

116 2638 490 2710 superioribus
521 2638 794 2701 docuisset
817 2637 1106 2707 Apostolus
1153 2641 1426 2708 quomodo
1453 2657 1486 2695 a
1509 2641 1708 2699 Judaeis

115 2731 184 2785 ad
211 2728 432 2796 Gentes,
453 2743 484 2783 a
513 2729 927 2784 circumcisione
947 2730 1013 2784 ad
1037 2730 1218 2796 tidem,
1245 2746 1275 2784 a
1304 2731 1481 2786 littera
1503 2733 1570 2787 ad
1599 2735 1708 2803 spi-

113 2821 304 2885 ritum,
337 2821 406 2874 ab
432 2822 626 2879 umbra
654 2820 721 2873 ad
762 2820 1067 2885 veritatem,
1095 2821 1164 2876 ab
1202 2822 1549 2876 observantia
1585 2837 1704 2877 car-

111 2909 220 2964 nali
265 2909 332 2964 ad
376 2909 776 2967 observantiam
813 2907 1112 2978 spiritalem
1151 2909 1445 2981 Religionis
1491 2927 1702 2968 summa

113 2985 378 3058 translata
404 2999 494 3065 sit,
527 3006 584 3059 et
617 3000 731 3054 haec
758 3000 834 3055 ita
864 2998 1044 3058 futura
1073 2998 1407 3070 Propheticis
1435 3004 1702 3059 ostendis-

109 3098 194 3146 set
223 3090 451 3150 vocibus
495 3089 772 3160 designata
798 3128 813 3154 ,
873 3089 988 3158 jam
1041 3105 1184 3144 nunc
1230 3091 1490 3160 spiritalis
1546 3090 1706 3161 hujus

107 3179 490 3244 observantiae,
518 3178 586 3235 ad
617 3193 780 3248 quam
810 3177 987 3233 cultus
1035 3177 1130 3232 Dei
1180 3178 1344 3242 ritum
1375 3180 1556 3234 docuit
1583 3196 1704 3236 esse

109 3268 455 3332 translatum,
490 3267 804 3339 aggreditur
852 3281 1034 3322 mores
1083 3275 1138 3321 et
1186 3268 1430 3322 instituta
1467 3270 1699 3338 sancire,

104 3367 161 3415 et
196 3359 276 3415 ait
311 3376 324 3412 :
363 3356 589 3421 Obsecro
633 3358 810 3428 itaque
854 3373 964 3424 vos,
1009 3357 1233 3426 fratres,
1281 3375 1376 3427 per
1414 3360 1707 3416 misericor-

102 3449 250 3505 diam
307 3447 424 3505 Dei.
486 3447 796 3516 Quoniam,
861 3447 1078 3518 inquit,
1135 3448 1469 3508 ostendimus
1529 3465 1560 3503 a
1616 3465 1704 3504 sa—

100 3539 331 3598 criﬁciis
366 3538 676 3602 carnalibus
714 3537 1100 3602 recedendum,
1131 3539 1426 3593 secundum
1465 3540 1612 3608 quod
1647 3547 1704 3596 et

96 3648 201 3705 per
239 3632 567 3700 Prophetam
609 3631 742 3696 dicit
773 3648 786 3681 :
823 3629 1039 3684 Hostias
1068 3639 1117 3685 et
1141 3629 1454 3694 oblationem
1487 3630 1702 3686 noluisti

99 3720 283 3795 (Psal.
317 3721 528 3790 χχχιχ),
554 3735 645 3774 nec
671 3720 865 3789 placita
891 3728 1011 3781 sunt
1032 3719 1165 3775 tibi:
1197 3736 1358 3786 nunc,
1388 3722 1482 3786 ait,
1535 3722 1703 3778 doceo

98 3827 202 3871 vos
227 3814 428 3883 quibus
449 3812 639 3871 hostiis
663 3811 959 3871 delectetur
983 3810 1156 3878 Deus;
1189 3819 1245 3866 et
1270 3812 1388 3866 base
1401 3811 1567 3868 doceo
1587 3829 1701 3889 non

97 3903 262 3977 quasi
293 3903 585 3972 imperans,
627 3901 764 3962 nihil
795 3901 940 3957 enim
966 3901 1182 3972 prolicit
1217 3902 1351 3973 legis
1387 3893 1696 3973 imperium,

97 3997 200 4054 sed
229 3995 388 4067 quasi
423 3994 516 4064 qui
545 3992 778 4054 cilicium
807 3987 1143 4064 susceperim
1175 3994 1563 4050 reconciliandi
1601 4011 1699 4052 vos

98 4087 237 4153 Deo,
267 4084 478 4140 obsecro
505 4100 617 4150 vos,
650 4083 862 4152 fratres,
901 4091 958 4139 et
985 4084 1212 4140 obsecro
1242 4101 1349 4140 non
1376 4100 1474 4155 per
1513 4096 1699 4156 poten-

101 4176 263 4243 tiam,
295 4176 388 4232 sed
411 4162 506 4245 per
529 4174 948 4236 misericordiam
1000 4174 1138 4240 Dei;
1181 4177 1308 4245 quia
1356 4178 1520 4244 enim,
1559 4178 1700 4234 sicut

100 4281 271 4339 supra
291 4266 526 4333 ostendi,
548 4280 739 4322 omnes
757 4264 997 4322 conclusi
1022 4273 1149 4321 sunt
1164 4268 1264 4323 sub
1284 4276 1525 4336 peccato,
1552 4283 1696 4323 nunc

1820 1840 2035 1886 ventem
2091 1831 2321 1885 hostiam
2373 1831 2529 1887 oll‘ert
2569 1835 2697 1890 Deo.
2740 1835 2816 1890 De
2865 1840 3062 1909 quibus
3122 1844 3349 1916 singulis
3378 1891 3394 1916 ,

1820 1934 1940 1974 cum
1967 1920 2019 1974 in
2051 1919 2247 1976 librum
2268 1920 2491 1976 chitiei
2519 1923 2695 1993 aliqua
2720 1926 3042 1993 diceremus,
3067 1947 3167 2002 pro
3191 1935 3398 1994 viribus

1817 2009 2107 2078 explanare
2161 2010 2486 2066 tentavimus
2520 2013 2787 2081 quomodo
2821 2019 3189 2090 unusquisque
3225 2026 3395 2083 ratio-

1816 2095 1921 2150 nali
1953 2097 2212 2168 ohsequio
2254 2098 2430 2155 cultus
2459 2099 2576 2166 Dei,
2616 2102 2661 2155 si
2705 2104 3011 2173 superbiam
3039 2114 3280 2181 corporis
3309 2119 3392 2172 sui

1815 2187 2023 2252 vincat‘,
2077 2188 2317 2243 immolet
2344 2188 2615 2255 vitulum;
2663 2191 2710 2246 si
2754 2193 3087 2253 iracundiam
3129 2213 3393 2273 superet,

1813 2278 2033 2333 arietem
2058 2279 2266 2348 jugulet
2291 2297 2304 2342 ;
2336 2279 2380 2333 si
2405 2279 2678 2334 libidinem
2709 2282 2910 2350 vincat,
2937 2285 2990 2339 in
3014 2286 3391 2351 holocaustum

1811 2365 2001 2422 oll‘erat
2021 2368 2265 2434 hircum;
2293 2368 2339 2424 si
2360 2385 2525 2440 vagos
2553 2380 2607 2424 ct
2629 2371 2864 2429 lubricos
2885 2377 3272 2448 cogitationum
3302 2402 3394 2443 re-

1811 2465 1956 2513 secet
1984 2459 2194 2515 volatus
2221 2500 2237 2527 ,
2286 2459 2562 2516 columbas
2602 2469 2656 2516 et
2699 2470 2937 2523 turtures
2983 2469 3241 2530 immolet.
3285 2475 3392 2534 Sed

1810 2547 1946 2610 haec,
1974 2555 2034 2601 ut
2082 2548 2216 2614 dixi,
2259 2548 2305 2603 si
2332 2548 2453 2618 quis
2479 2549 2618 2604 scire
2643 2551 2863 2623 dignum
2905 2565 3078 2626 putat,
3109 2561 3180 2616 ibi
3227 2563 3390 2623 latius

1810 2636 2040 2691 o‘isserta
2070 2638 2323 2706 reperiet.
2361 2637 2512 2693 Nunc
2559 2649 2738 2696 autem
2770 2641 2969 2702 Paulus
2991 2649 3240 2706 obsecrat
3270 2669 3391 2712 cre-

1807 2725 1996 2784 dentes
2017 2727 2073 2782 in
2107 2726 2344 2794 Christo,
2368 2736 2425 2782 ut
2455 2726 2682 2800 corpOra
2712 2746 2806 2786 sua
2835 2735 3143 2809 exhibeant,
3165 2741 3392 2800 hostiam

1805 2817 2076 2883 viventem,
2127 2827 2385 2884 sanctam,
2435 2818 2545 2872 Deo
2579 2819 2884 2889 placentem.
2925 2825 3206 2884 Viventem
3261 2834 3392 2890 dicit

1803 2907 2064 2975 hostiam,
2085 2909 2177 2979 qui
2195 2909 2380 2973 vitam,
2414 2910 2518 2966 hoc
2542 2921 2643 2977 est,
2677 2911 2950 2970 Christum
2976 2918 3032 2972 in
3056 2935 3115 2976 se
3144 2925 3302 2993 gerit,
3336 2938 3392 2983 et

1809 2997 1970 3052 dicit:
1992 2996 2211 3052 Mortem
2225 2998 2350 3086 Iesu
2367 3001 2419 3052 in
2444 3015 2655 3068 corpore
2683 3011 2858 3058 nostro
2881 3005 3319 3079 circumferimus,
3336 3026 3390 3069 ut

1808 3098 1856 3142 et
1897 3090 2000 3143 vita
2051 3087 2180 3143 Jesu
2219 3087 2414 3143 Christi
2453 3091 2508 3144 in
2544 3107 2758 3161 corpore
2807 3103 2984 3150 nostro
3029 3101 3395 3172 manifestatur

1807 3175 1894 3247 (II
1931 3176 2053 3232 Cor.
2089 3178 2185 3250 tv).
2220 3177 2474 3236 Sanctam
2515 3180 2646 3236 dicit
2679 3183 2736 3236 in
2771 3198 2876 3252 qua
2903 3197 3126 3245 sanctus
3154 3190 3389 3262 Spiritus

1804 3265 2033 3332 habitat,
2065 3268 2364 3324 secundum
2389 3270 2532 3338 quod
2559 3270 2614 3324 in
2638 3270 2744 3326 alio
2773 3271 2893 3329 loco
2928 3277 3063 3333 dixit
3095 3294 3109 3333 :
3140 3280 3245 3336 Aut
3290 3301 3382 3341 ne-

1803 3356 1949 3409 scitis
1983 3358 2106 3426 quia
2138 3356 2382 3426 templum
2411 3357 2508 3410 Dei
2534 3359 2677 3426 estis,
2706 3369 2754 3414 et
2791 3361 3020 3432 Spiritus
3055 3366 3154 3421 Dei
3188 3370 3389 3428 habitat

1802 3446 1859 3503 in
1887 3446 2071 3535 vobis?
2102 3446 2154 3518 (I
2185 3445 2308 3502 Cor.
2341 3449 2447 3520 ιιι.)
2477 3449 2790 3508 Placentem
2817 3453 2947 3523 Deo,
2977 3465 3038 3512 ut
3063 3468 3190 3530 pote
3209 3476 3240 3517 a
3265 3478 3390 3535 pec-

1801 3533 1938 3588 catis
1968 3542 2023 3588 et
2069 3535 2217 3591 vitiis
2259 3545 2582 3604 separatam.
2627 3538 2753 3599 Haec
2783 3553 2962 3598 autem
3000 3550 3180 3604 omnia
3223 3533 3388 3608 ratio-

1801 3621 1998 3678 nabilis
2049 3624 2226 3682 cultus
2266 3633 2346 3679 est
2382 3623 2497 3680 Dei.
2541 3626 2726 3689 Potest
2759 3632 2904 3686 enim
2949 3649 3048 3704 pro
3095 3637 3188 3693 tali
3236 3641 3387 3699 cultu

1802 3715 1954 3768 reddi
2008 3716 2166 3780 ratio,
2215 3725 2270 3771 et
2308 3718 2517 3772 ostendi
2560 3720 2683 3788 quia
2721 3722 2940 3792 dignum
2980 3735 3062 3781 est
3109 3729 3219 3786 Deo
3251 3734 3387 3792 tales

1800 3804 2009 3859 hostias
2036 3803 2317 3860 immolare
2345 3823 2357 3858 :
2389 3806 2586 3862 arietes
2612 3817 2793 3864 autem
2815 3820 2869 3866 et
2888 3812 3088 3882 hircos,
3111 3827 3167 3872 et
3186 3820 3384 3879 vitulos

1799 3891 2090 3971 immortali
2133 3903 2188 3949 et
2215 3896 2538 3965 incorporati
2562 3897 2672 3952 Deo
2695 3898 2876 3956 oll‘erri
2900 3903 3044 3958 nulla
3069 3909 3208 3964 ratio
3229 3923 3381 3968 recta

1797 3992 1853 4040 et
1881 3984 2109 4042 honesta
2135 3987 2411 4056 suscipiet.
2447 3989 2730 4047 Videbitur
2756 4007 2886 4063 ergo
2911 3998 3179 4070 praecipue
3201 4003 3379 4060 hostia

1795 4076 2004 4142 vivens,
2035 4087 2089 4133 et
2114 4087 2323 4146 sancta,
2349 4079 2538 4138 etDeo
2558 4081 2800 4152 placens,
2827 4100 3025 4158 corpus
3047 4106 3169 4151 esse
3190 4094 3383 4152 incon-

1797 4168 2138 4223 tamiuatum.
2199 4169 2401 4225 Verum
2463 4172 2718 4241 quoniam
2772 4174 3020 4240 videmus
3097 4183 3384 4242 nonnullos

1795 4268 2107 4318 sanctorum
2134 4299 2152 4327 ,
2219 4259 2430 4330 aliquos
2476 4262 2640 4319 etiam
2707 4265 3072 4337 apostolorum
3126 4270 3380 4332 habuisse

94 4359 214 4432 jam
269 4374 376 4414 non
427 4359 487 4428 in_
532 4358 760 4425 meritis,
802 4360 895 4413 sed
934 4358 988 4411 in
1026 4357 1397 4417 misericordia
1421 4358 1517 4414 Dei
1548 4359 1695 4415 salus
1718 4375 1772 4435 D
1798 4346 2066 4419 coniugia.
2117 4363 2226 4434 nou
2278 4363 2664 4421 usquequaque
2691 4367 2982 4422 possumus
3028 4349 3131 4414 hoc
3155 4360 3222 4416 de
3266 4363 3382 4420 sola

99 4449 344 4506 humana
369 4441 635 4503 consistit.
669 4446 808 4514 Quid
851 4454 1031 4502 autem
1062 4455 1161 4512 est,
1208 4448 1353 4519 quod
1385 4463 1484 4504 vos
1523 4449 1686 4505 obsc-

99 4539 239 4596 cro?
266 4537 337 4593 Ut
365 4538 650 4596 exhibeatis
681 4553 902 4607 corpora
939 4546 1109 4592 vestra
1144 4538 1371 4593 hostiam
1419 4539 1686 4608 viventem,

97 4639 361 4695 sanctam,
385 4627 674 4699 placentem
699 4627 831 4693 Deo,
863 4636 918 4683 ut
943 4629 1011 4681 sit
1037 4627 1348 4682 rationabile
1382 4628 1685 4699 obsequium

96 4729 352 4778 vestrum.
398 4717 730 4786 Obsequium
779 4717 871 4774 hic
918 4716 1120 4776 cultum
1164 4717 1325 4784 dicit;
1378 4719 1466 4787 qui
1511 4719 1687 4776 cultus

95 4808 357 4881 quoniam
403 4805 602 4862 dudum
637 4807 695 4861 in
734 4807 1001 4876 pecudum
1048 4815 1322 4878 mutorym
1369 4810 1686 4879 corporibus

95 4897 457 4963 consistebat,
505 4911 671 4964 nunc,
721 4896 918 4967 inquit,
970 4897 1026 4952 in
1074 4911 1303 4968 corpore
1347 4899 1686 4957 rationabilis

93 4989 337 5047 hominis
393 4987 672 5056 oﬁ‘eratur,
717 4997 771 5045 et
809 5003 1038 5060 corpora
1079 4991 1254 5073 magis
1302 4999 1480 5066 vestra
1520 5007 1683 5062 quam

91 5083 367 5158 pecudum
397 5082 530 5138 ﬁant
551 5081 877 5138 sacriﬁcium
909 5083 1038 5148 Deo,
1075 5071 1233 5153 atque
1276 5083 1331 5138 in
1352 5084 1523 5140 sacris
1545 5085 1682 5141 alta-

92 5175 252 5232 ribus
301 5174 650 5231 collocentur.
697 5173 762 5227 Hi
807 5174 950 5228 enim
986 5175 1077 5244 qui
1116 5175 1357 5230 membra
1395 5191 1491 5232 sua
1533 5193 1682 5233 mor-

95 5266 314 5322 tiﬁcant
350 5267 419 5320 ab
463 5264 734 5320 incentivo
783 5264 1024 5322 libidinis
1062 5275 1116 5322 et
1160 5265 1380 5337 luroris,
1420 5275 1475 5323 et
1527 5277 1684 5326 actus

93 5359 345 5430 corporis
379 5358 460 5413 sui
487 5358 597 5425 Deo
622 5356 848 5428 placitos
876 5357 1094 5424 habent,
1130 5359 1360 5414 hostiam
1389 5360 1680 5427 viventem,

92 5457 365 5516 sanctam,
409 5449 713 5520 placentem
748 5447 860 5503 Deo
903 5448 1294 5504 rationabiliter
1335 5448 1585 5513 oﬁ'erunt,
1627 5457 1682 5504 et

91 5541 270 5612 legem
299 5541 846 5613 saeritlciorum,quae
874 5540 926 5594 in
951 5538 1192 5595 Levitico
1214 5539 1321 5594 lata
1352 5549 1458 5606 est,
1489 5556 1679 5596 secun-

92 5634 225 5690 dum
249 5631 542 5702 spiritalem
559 5632 964 5702 intelligentiam
1001 5632 1290 5702 complent.
1316 5633 1474 5687 Verbi
1495 5648 1676 5698 causa,

91 5733 158 5781 ut
199 5724 274 5780 ibi
309 5721 606 5781 offerebant
638 5722 864 5780 vitulum
909 5723 1084 5794 primo
1118 5723 1258 5794 loco,
1312 5723 1397 5780 vel
1438 5725 1681 5781 secundo

1796 4440 2108 4512 virginitate
2148 4443 2373 4511 sentire,
2415 4444 2663 4513 quamvis
2698 4444 2754 4499 in
2786 4445 3156 4517 hujuscemodi
3182 4452 3378 4512 hostiis

1792 4536 1995 4591 habere
2039 4537 2275 4606 primum
2311 4536 2558 4594 ordinem
2602 4537 2817 4614 possit:
2847 4540 2989 4601 sicut
3032 4543 3088 4600 in
3124 4545 3244 4617 lege
3272 4549 3380 4606 alia

1789 4635 1906 4684 erat
1932 4627 2111 4684 hostia
2138 4627 2457 4692 sacerdotis,
2488 4627 2592 4682 alia
2619 4629 2908 4700 principis.
2932 4630 3037 4691 alia
3067 4647 3377 4710 synagogas,

1788 4725 1846 4774 et
1871 4718 1974 4773 alia
2010 4718 2168 4805 unius
2206 4717 2421 4772 animae.
2453 4715 2520 4772 Et
2555 4718 2898 4805 quamvisjn‘
2927 4719 3169 4780 Ecclesia
3199 4728 3378 4796 prima

1786 4817 1910 4879 post
1935 4801 2204 4878 apostolos
2243 4807 2421 4862 hostia
2461 4801 3076 4881 martyrum,'secunda
3105 4813 3376 4886 virginum

1785 4901 2052 4966 videatur,
2076 4900 2689 4958 tertiaconlinentium:
2723 4908 2857 4972 puto
2885 4910 3064 4964 tamen
3103 4907 3246 4976 quod
3271 4923 3375 4966 ne.

1787 5007 1890 5063 que
1922 4991 1978 5046 hi
2009 4991 2100 5060 qui
2133 4991 2189 5046 in
2225 4989 2490 5063 wnjugiis
2517 4991 2677 5062 positi
2721 4999 2861 5056 sunt,
2911 5001 2966 5050 et
3005 5007 3073 5050 ex
3099 5009 3368 5056 consensu

1787 5083 1855 5138 ad
1884 5087 2098 5152 tempus
2122 5090 2318 5136 vacant
2336 5081 2588 5147 orationi,
2623 5079 2708 5137 vel
2735 5089 2795 5135 ut
2821 5079 3202 5144 Nazarteorum
3241 5098 3366 5147 vota

1785 5172 2077 5236 solventes,
2119 5172 2165 5230 si
2199 5171 2253 5226 in
2293 5169 2505 5227 caeteris
2549 5179 2736 5226 sancte
2772 5182 2937 5246 agant
2972 5180 3029 5229 et
3057 5173 3224 5246 justo,
3265 5191 3362 5236 ne-

1783 5263 1944 5335 gandi
1974 5271 2101 5319 sunt
2141 5275 2368 5332 corpora
2387 5277 2486 5318 sua
2509 5263 2767 5328 exhibere
2789 5278 2947 5336 posse
2978 5283 2997 5320 ι
3026 5266 3262 5327 hostiam
3282 5269 3365 5325 vi-

1783 5365 2020 5422 ventem,
2046 5362 2306 5421 sanctam,
2326 5352 2628 5425 placentem
2652 5354 2763 5422 Deo
2787 5373 2800 5408 :
2826 5374 2846 5410 ι
2865 5370 2966 5415 nec
2997 5371 3213 5416 rursum
3234 5375 3366 5418 cor-

1781 5463 1915 5519 pora
1955 5447 2245 5520 virginum,
2281 5445 2364 5501 vel
2411 5445 2822 5510 continentium,
2871 5447 2919 5501 si
2961 5455 3056 5502 aut
3094 5450 3363 5518 superbia!

1785 5539 2014 5603 macula,
2047 5545 2140 5594 aut
2172 5535 2410 5592 avaritiae
2439 5532 2714 5600 sordibus,
2737 5542 2831 5590 aut
2863 5535 3140 5591 maledicas
3161 5535 3358 5607 lingua:

1783 5631 1864 5687 vel
1910 5630 2177 5686 mendacii
2223 5625 2565 5683 immunditia
2612 5625 2942 5697 polluantur,
2980 5628 3209 5684 hostiam
3234 5642 3362 5682 san-

1781 5732 1926 5781 ctam
1963 5729 2020 5779 et
2052 5722 2164 5778 Deo
2189 5719 2490 5791 placentem
2521 5717 2745 5789 putandi
2774 5726 2902 5774 sunt
2946 5733 3015 5776 ex
3040 5717 3152 5776 sola
3178 5715 3353 5786 virgi-
