3948 6306
531 332 667 385 1545

1157 327 1218 382 Β.
1242 325 1517 382 ‘RABANI
1556 324 1774 382 MAURI
1816 323 2141 387 ARCHIEP.
2181 322 2493 380 MOGUNT.
2535 323 2818 382 OPERUM
2858 327 3037 382 PARS
3075 329 3159 385 ΙΙΙ.

3656 331 3795 385 15H

518 443 686 497 nitate
714 442 956 512 corporis
982 441 1240 496 obtulisse
1265 457 1278 494 :
1312 442 1434 510 quia
1463 449 1516 495 et
1543 441 1594 494 in
1622 441 1741 510 lege
1765 441 1944 495 hostia
1970 454 2092 493 cum
2121 445 2174 500 Α
2200 453 2314 503 sus,
2344 441 2438 495 sed
2465 440 2620 494 valde
2651 441 2919 507 renovati,
2943 452 3017 508 et,
3047 451 3106 496 ut
3132 444 3204 497 ita
3229 444 3430 509 dicam,
3463 446 3531 498 ad
3559 444 3795 515 Dei'jam

515 530 822 595 oﬂerretur,
847 531 1240 600 inspiciebatur
1263 547 1293 584 a
1323 531 1601 586 sacerdote
1628 530 1955 600 diligentius,
1985 545 2092 584 non

516 621 690 677 solum
718 621 764 676 si
787 637 852 676 ex
890 621 1105 676 mundis
1127 631 1271 676 esset
1305 622 1648 688 animalibus,
1689 623 1783 678 sed
1819 638 1886 675 ne
1925 631 2016 675 aut
2041 622 2095 675 in

514 711 673 768 oculo
699 711 922 765 haberet
945 711 1156 778 vitium,
1188 721 1282 766 aut
1313 713 1364 766 in
1387 713 1624 777 auribus,
1651 695 1745 768 aut
1773 713 1826 766 in
1847 712 2093 782 pedibus,

513 817 582 857 ne
619 799 892 866 claudum,
925 815 998 857 ne
1032 800 1260 866 luscum,
1306 816 1374 856 ne
1405 801 1627 856 surdum
1675 800 1874 856 animal
1910 800 2093 856 divino

513 891 893 944 admoveretur
943 889 1123 944 altari.
1181 890 1271 945 Sic
1316 905 1445 960 ergo
1495 904 1591 960 per
1621 891 1803 944 omnia
1848 889 2092 944 membra

519 981 799 1035 liscutitur
850 987 903 1035 et
965 989 1332 1057 pertractatur
1381 969 1555 1034 hostia
1607 981 1827 1046 vivens,
1879 987 2089 1044 sancta,

510 1071 621 1126 Deo
653 1071 892 1140 placens,
919 1087 1039 1141 quae
1067 1070 1464 1125 rationabiliter
1491 1068 1770 1124 offerenda
1809 1077 1909 1124 est.

583 1160 650 1214 Et
679 1161 836 1217 nolite
889 1162 1208 1232 conformari
1257 1162 1378 1214 huic
1403 1159 1617 1214 saeculo.
1664 1159 1861 1230 (Θήρ.)
1895 1157 1953 1211 In
1985 1173 2092 1226 quo

508 1252 744 1306 ostendit
762 1267 881 1306 esse
899 1252 1190 1320 quamdam
1212 1251 1439 1307 formam
1462 1250 1619 1320 hujus
1631 1250 1834 1314 saeculi,
1855 1259 1911 1303 et
1929 1249 2089 1302 aliam

509 1355 631 1397 esse
652 1342 820 1396 futuri
847 1341 1138 1398 saacuhzet
1163 1343 1207 1398 si
1229 1341 1320 1411 qui
1339 1333 1465 1396 sunt
1505 1341 1596 1410 qui
1639 1349 1822 1394 amant
1850 1354 2090 1410 praesens

508 1427 783 1496 saeculum,
831 1439 874 1476 η.
904 1445 970 1486 ea
1005 1447 1125 1502 qua:
1151 1439 1276 1486 sunt
1313 1432 1366 1484 in
1397 1431 1500 1484 hoc
1543 1429 1765 1493 mundo,
1794 1428 2092 1482 secundum

509 1522 742 1596 formam
779 1525 962 1579 sreculi
1011 1523 1293 1593 prmsentis
1340 1529 1618 1589 aptantur;
1668 1519 1761 1588 qui
1811 1532 1939 1572 vero
1983 1531 2092 1571 non

507 1612 806 1682 respiciunt
837 1627 898 1667 ea
931 1627 1050 1680 quae
1079 1611 1349 1678 videntur,
1392 1610 1486 1665 sed
1513 1624 1633 1679 quae
1666 1623 1774 1662 non
1815 1607 2089 1672 videntur,

505 1711 561 1756 et
585 1711 788 1756 aeterna
835 1707 980 1766 sunt,
1035 1699 1494 1754 transformantur
1539 1707 1595 1752 et
1643 1704 1974 1752 renovantur
2021 1693 2091 1749 ad

2199 529 2488 598 imaginem
2519 530 2818 595 reformati,
2850 519 3082 602 probare
3120 535 3175 588 in
3217 535 3445 604 singulis
3485 539 3798 607 quibusque

2198 633 2318 688 qua:
2353 620 2583 690 agimus,
2634 637 2753 692 qua:
2797 623 3084 691 loquimur,
3117 623 3235 692 q'uaa
3265 626 3585 694 cogitamus,
3641 629 3688 682 si
3725 629 3798 682 sit

2197 710 2445 766 voluntas
2475 713 2601 779 Dei;
2642 723 2696 768 et
2724 715 2857 769 nihil
2884 717 3104 771 omnino
3136 717 3221 772 vel
3251 732 3434 787 agere,
3465 720 3547 776 vel
3577 722 3796 785 dicere,

2196 801 2280 856 vel
2306 803 2544 871 cogitare
2569 805 2712 872 quod
2740 804 3003 859 voluntati
3059 805 3155 859 Dei
3187 823 3293 861 non
3327 810 3557 864 senserit
3583 826 3797 866 conve—

2197 891 2334 946 nire.
2368 890 2627 945 Voluntas
2657 892 2750 948 Dei
2777 904 2860 947 est
2880 895 3137 963 quidquid
3170 895 3370 950 bonum
3400 906 3453 951 et
3477 899 3796 967 perfectum

2195 990 2317 1034 est:
2349 995 2448 1035 nec
2479 989 2658 1050 potest
2685 981 2830 1035 aliud
2867 983 3006 1037 velle
3051 982 3213 1050 Deus,
3261 985 3367 1040 nisi
3394 987 3538 1054 quod
3574 987 3796 1043 bonum

2195 1081 2308 1125 est:
2337 1081 2392 1126 et
2413 1073 2598 1141 utique
2626 1072 2768 1140 quod
2794 1072 2993 1125 bonum
3023 1080 3105 1126 est
3135 1082 3188 1127 et
3213 1073 3514 1142 perfectum
3543 1077 3669 1130 sine
3691 1077 3796 1130 du-

2195 1161 2284 1216 bio
2311 1162 2412 1216 hoc
2439 1161 2550 1216 Deo
2578 1161 2772 1231 placet.
2791 1161 2975 1216 Potest
2993 1163 3231 1231 quidem,
3263 1172 3323 1215 ut
3339 1177 3498 1233 supra
3520 1165 3792 1230 diximus,

2195 1250 2370 1304 videri
2398 1249 2542 1319 quod
2564 1249 2740 1304 omnis
2768 1249 3019 1304 voluntas
3049 1250 3142 1304 Dei
3169 1251 3310 1305 bona
3332 1251 3424 1315 sit,
3449 1261 3505 1305 et
3525 1253 3794 1322 benepla-

2195 1341 2322 1406 cita,
2351 1348 2406 1394 et
2433 1339 2692 1409 perfecta.
2725 1340 2908 1396 Potest
2946 1350 3126 1396 autem
3153 1353 3207 1396 et
3246 1341 3353 1396 tale
3381 1340 3579 1412 aliquid
3608 1344 3675 1397 in
3704 1344 3796 1399 his

2196 1430 2539 1486 sermonibus
2561 1431 2770 1510 spntiri,
2799 1431 2925 1500 quia
2952 1430 3045 1486 Dei
3089 1433 3307 1500 quidem
3350 1432 3595 1487 voluntas
3632 1447 3788 1487 sem-

2193 1536 2293 1590 per
2327 1521 2468 1576 bona
2494 1529 2596 1587 est,
2646 1521 2741 1576 sed
2771 1537 2879 1577 non
2914 1535 3126 1591 semper
3163 1522 3302 1576 bona
3352 1523 3466 1593 ejus
3502 1522 3792 1578 voluntate

2196 1607 2496 1678 dispensari
2527 1623 2819 1674 meremur,
2847 1624 3020 1679 neque
3046 1609 3381 1680 beneplacita
3417 1620 3469 1664 et
3495 1611 3748 1681 perfecta
3772 1629 3787 1675 ;

2196 1697 2345 1752 verbi
2371 1712 2533 1752 causa
2554 1708 2612 1752 ut
2649 1706 2942 1768 ungeretur
2970 1699 3098 1755 Saul
3120 1700 3176 1754 in
3199 1715 3406 1771 regem,
3435 1699 3534 1754 fuit
3552 1701 3786 1770 quidem

507 1793 672 1847 futuri
701 1791 881 1848 saeculi
909 1790 1173 1846 formam:
1205 1801 1260 1845 et
1281 1790 1404 1844 inde
1432 1788 1493 1843 fit
1512 1797 1572 1842 ut
1589 1801 1683 1842 eos
1711 1802 1815 1842 non
1837 1793 2095 1856 agnoscat
2119 1780 2168 1839 B
2195 1787 2442 1844 voluntas
2483 1790 2602 1855 Dei,
2641 1791 2734 1845 sed
2772 1805 2881 1844 non
2927 1790 3260 1859 beneplacita
3291 1806 3464 1862 neque
3509 1793 3781 1861 perfecta.

507 1883 596 1938 hic
642 1883 895 1948 mundus,
937 1882 1034 1937 sed
1073 1880 1196 1934 odio
1245 1879 1442 1934 habeat
1482 1886 1537 1932 et
1571 1885 1945 1947 persequatur.
1985 1873 2094 1928 Sed

507 1980 809 2042 agnoscunt
828 1973 988 2027 istam
1025 1970 1252 2022 formam
1278 1967 1468 2038 Angeli
1493 1967 1611 2032 Dei,
1637 1966 1728 2035 qui
1754 1952 1879 2020 sunt
1913 1965 1979 2019 de
2001 1963 2095 2018 illo

515 2061 712 2120 emendo
748 2069 996 2115 venturo.
1028 2056 1094 2113 Et
1119 2058 1293 2116 simile
1336 2057 1468 2111 mihi
1498 2055 1708 2108 videtur
1734 2067 1854 2108 esse
1877 2052 1981 2107 hoc
2021 2051 2095 2106 illi

508 2152 676 2210 dicto.
705 2165 811 2218 quo
833 2153 950 2205 ait:
984 2148 1134 2206 Sicut
1183 2148 1502 2219 portavimus
1548 2147 1830 2215 imaginem
1875 2143 2093 2208 terreni,

508 2253 776 2313 portemus
800 2250 848 2300 et
869 2239 1149 2314 imaginem
1173 2238 1390 2293 caelestis
1416 2235 1468 2307 (1
1495 2234 1618 2289 Cor.
1647 2234 1762 2314 xv.)
1790 2233 1926 2288 Vide
1944 2246 2094 2303 ergo,

513 2348 581 2388 ne
612 2331 754 2388 forte
799 2347 923 2387 cum
948 2313 1098 2385 venit
1135 2329 1215 2384 ira
1261 2329 1316 2384 in
1362 2343 1459 2384 cor
1488 2336 1657 2390 tuum,
1690 2313 2017 2384 c'orformem
2042 2331 2095 2377 te

511 2425 678 2480 faciat
698 2423 826 2480 huic
849 2419 1078 2490 saeculo;
1102 2414 1352 2476 similiter
1373 2426 1554 2488 autem
1579 2427 1635 2471 et
1661 2409 2097 2485 concupiscentia

509 2515 668 2581 mala,
683 2523 738 2570 et
751 2514 999 2579 avaritia,
1015 2520 1316 2581 cateraque
1328 2509 1460 2566 vitia
1468 2507 1665 2577 quibus
1677 2521 1916 2595 praesens
1927 2519 2096 2561 saecu—

508 2605 620 2660 lum
642 2604 961 2674 delectatur,
1003 2602 1236 2657 formam
1271 2599 1366 2653 tibi
1391 2597 1574 2660 saaculi
1607 2595 1895 2667 praesentis
1918 2594 2092 2672 impo-

510 2704 660 2752 nant.
683 2694 739 2750 Si
753 2710 883 2750 vero
910 2709 942 2748 e
962 2692 1237 2748 contrario
1260 2687 1633 2765 mansuetudo,
1665 2686 1943 2757 patientia,
1963 2684 2096 2738 leni-

513 2794 620 2850 tas,
666 2783 1018 2848 continentia,
1063 2781 1216 2846 fides,
1248 2779 1471 2859 veritas,
1511 2785 1825 2845 exterasque
1867 2774 2096 2861 virtutes

509 2877 756 2931 habitent
799 2875 854 2929 in
905 2887 1067 2928 sensu
1095 2876 1200 2927 'tuo
1237 2868 1572 2938 conformem
1610 2875 1663 2922 te
1697 2865 1861 2921 futuri
1914 2863 2095 2920 saeculi

507 2965 727 3029 facient,
775 2970 830 3018 et
872 2963 948 3016 ita
989 2961 1270 3031 pulchram
1312 2960 1509 3014 animas
1554 2965 1659 3012 tuae
1695 2955 1934 3025 speciem
1962 2954 2094 3009 red-

509 3055 660 3120 dent,
716 3061 772 3108 ut
801 3053 1027 3108 verbum
1072 3050 1165 3106 Dei
1209 3047 1355 3119 quod
1402 3047 1687 3116 despondit
1729 3059 1850 3100 eam
1895 3042 1998 3099 sibi
2039 3043 2094 3096 in

2192 1875 2438 1932 irascens
2465 1877 2611 1932 enim
2637 1877 2852 1949 populo,
2885 1879 2975 1948 qui
3008 1877 3344 1932 refutaverat
3381 1878 3546 1934 Deum
3573 1881 3786 1935 habere

2194 1978 2358 2034 super
2387 1980 2446 2021 se
2477 1981 2681 2038 regem,
2712 1981 2898 2035 regem
2925 1967 3003 2021 eis
3050 1967 3324 2022 hominem
3357 1969 3520 2038 jussit
3545 1969 3784 2024 institui.

2197 2051 2301 2108 Sed
2316 2063 2370 2108 et
2386 2055 2647 2123 propheta
2661 2069 2728 2108 ex
2751 2070 2981 2124 persona
2997 2054 3090 2109 Dei
3105 2055 3237 2109 dicit
3256 2073 3268 2108 :
3287 2055 3477 2110 Dimisi
3490 2073 3576 2111 eos
3592 2075 3786 2111 secun-

2195 2143 2320 2195 dum
2345 2143 2603 2197 desideria
2627 2143 2799 2197 cordis
2828 2159 3027 2208 eorum,
3062 2154 3116 2196 ut
3144 2145 3277 2197 irent
3307 2147 3361 2198 in
3407 2147 3782 2214 cupiditatibus

2194 2233 2304 2285 suis
2319 2229 2695 2302 (Psat.Lxxx.)
2719 2231 2810 2287 Sic
2837 2247 2967 2303 ergo
2996 2232 3285 2303 aliquando
3318 2233 3377 2288 fit
3403 2235 3655 2292 voluntas
3685 2237 3782 2291 Dei

2196 2321 2252 2375 iu
2273 2321 2358 2377 his
2384 2323 2578 2391 quibus
2607 2324 3038 2392 concupiscimus
3058 2329 3116 2378 e’t
3138 2325 3544 2382 desideramus:
3565 2328 3661 2381 sed
3688 2329 3779 2396 qui

2196 2420 2487 2467 renovatus
2508 2421 2592 2468 est
2635 2428 2818 2480 sensu,
2869 2417 3100 2484 probare
3137 2417 3299 2472 debet
3335 2419 3382 2472 si
3406 2417 3656 2474 voluntas
3684 2419 3776 2474 Dei

2197 2503 2312 2558 haec
2334 2503 2474 2558 bona
2502 2513 2606 2570 est,
2629 2512 2682 2558 et
2703 2503 3038 2574 beneplacita
3053 2513 3108 2559 et
3128 2505 3394 2574 perfecta,
3414 2516 3470 2563 et
3493 2523 3600 2563 non
3631 2508 3775 2573 talis,

2195 2605 2317 2661 qua:
2343 2593 2514 2661 magis
2529 2592 2810 2648 desideriis
2833 2593 3034 2650 nostris
3061 2593 3355 2666 indulgeat,
3379 2611 3543 2668 quam
3573 2598 3777 2653 uilita-

2195 2680 2340 2736 tibus
2365 2681 2629 2737 consulat.

2266 2773 2396 2828 Dico
2416 2775 2552 2841 enim
2578 2791 2670 2844 per
2691 2777 2915 2845 gratiam
2943 2793 3062 2847 qua:
3087 2777 3218 2832 data
3256 2788 3332 2845 est
3361 2779 3491 2834 mihi
3538 2782 3775 2835 omnibus

2193 2861 2284 2932 qui
2305 2873 2428 2916 sunt
2454 2863 2592 2918 inter
2611 2879 2698 2918 vos
2721 2877 2740 2915 :
2766 2881 2869 2918 non
2913 2865 3030 2937 plus
3053 2883 3235 2937 sapere
3257 2884 3416 2938 quam
3447 2882 3649 2940 oportet
3686 2889 3772 2925 sa-

2194 2968 2336 3021 pere,
2377 2953 2467 3007 sed
2507 2969 2686 3023 sapere
2725 2955 2795 3008 ad
2834 2955 3185 3023 sobrietatem,
3231 2968 3280 3011 et
3326 2960 3606 3029 unicuique
3644 2961 3774 3014 sicut

2196 3039 2341 3095 Deus
2385 3041 2559 3096 divisit
2587 3058 2884 3097 mensuram
2929 3043 3074 3111 ﬁdei.
3123 3043 3414 3100 Sciendum
3457 3048 3634 3116 primo
3671 3058 3772 3112 est,

505 3102 1385 3214 iniseiicordiaetV—lide,idicjatiad
1409 3102 1530 3192 eam
1561 3153 1574 3189 :
1607 3135 1736 3189 Tota
1757 3151 1813 3189 es
1833 3133 2088 3204 formosa,
2119 3102 2170 3168 θ
2198 3134 2342 3203 quod
2381 3134 2471 3189 ubi
2497 3149 2596 3189 nos
2636 3118 2899 3190 habemus
2927 3102 3166 3191 erunibus
3211 3139 3301 3207 qui
3321 3102 3476 3192 sunt.
3497 3138 3636 3192 inter
3661 3102 3772 3205 eos,

505 3235 744 3306 proxima
797 3249 934 3298 mea,
985 3239 1033 3303 et
1080 3228 1438 3284 macuia‘non
1482 3235 1571 3281 est.
1597 3228 1650 3281 in
1692 3219 1740 3280 te
1777 3223 1956 3296 (Cant.
1989 3222 2088 3293 1v).

506 3320 726 3379 intende
755 3330 936 3376 autem
973 3309 1302 3390 diligentius.
1331 3318 1474 3386 quod
1501 3317 1579 3372 ait
1625 3330 1640 3370 :
1690 3315 1796 3371 Sed
1828 3313 2092 3382 reforma-

506 3416 644 3468 mini
679 3413 732 3467 in
763 3414 987 3487 novitate
1033 3425 1214 3466 sensus
1257 3409 1430 3474 vestri,
1457 3415 1538 3462 ut~
1566 3407 1815 3462 ostendat
1857 3397 2091 3459 formam

505 3502 722 3574 quidem
773 3490 1094 3571 culpabilem
1150 3513 1164 3552 :
1215 3499 1365 3568 prius
1412 3497 1556 3552 enim
1601 3495 1828 3550 formam
1869 3494 2090 3549 malitiae

509 3594 697 3649 habuit
724 3592 902 3647 omnis
949 3591 1149 3646 anima.
1184 3587 1290 3644 Sed
1328 3588 1646 3643 adhortatur
1672 3600 1740 3640 ex
1765 3587 1869 3640 hoc
1909 3577 2107 3640 sermo

506 3682 866 3752 Apostolicus,
897 3690 959 3735 ut
999 3681 1086 3734 illa
1119 3679 1329 3750 objecta
1372 3678 1440 3732 ad
1465 3676 1802 3748 singularum
1826 3675 2090 3729 virtutum

505 3772 744 3844 speciem
777 3762 1154 3838 reformemur,
1195 3779 1250 3825 et
1277 3770 1352 3824 ita
1381 3770 1595 3825 demum
1635 3768 1906 3836 possimus
1931 3781 2089 3834 reve-

505 3864 616 3919 lato
643 3862 791 3917 vultu
836 3864 1018 3920 cordis
1048 3864 1272 3935 gloriam
1310 3859 1523 3914 Domini
1568 3857 1834 3927 speculari
1888 3857 1956 3912 ab
1984 3857 2088 3910 hu-

500 3955 738 4025 iusmodi
784 3954 1021 4025 imagine
1065 3952 1453 4009 transformati.
1486 3949 1764 4016 Quomodo
1815 3954 1990 4002 autem
2033 3945 2089 4000 in

508 4043 627 4099 haec
675 4025 1126 4098 transformemur
1154 4043 1273 4111 ipse
1303 4028 1492 4095 edocet
1518 4037 1722 4101 dicens,
1756 4034 2089 4090 renovatione

508 4147 710 4186 sensus‘
737 4130 914 4186 vestri.
941 4129 1254 4184 Renovatur
1294 4131 1500 4181 autem‘
1533 4139 1722 4179 sensus
1764 4131 1946 4178 noster
1970 4137 2088 4191 per

509 4220 772 4277 exercitia
816 4218 1116 4290 sapientiae,
1139 4225 1194 4272 et
1241 4215 1641 4271 meditationem
1675 4210 1832 4272 verbi
1877 4211 1996 4275 Dei,
2033 4217 2088 4264 et

508 4309 646 4381 legis
679 4307 798 4378 ejus
837 4307 1247 4379 intelligentiam
1288 4302 1608 4374 spiritalem,
1649 4297 1705 4356 et
1737 4305 1939 4371 quanto
1964 4300 2086 4368 quis

508 4400 749 4471 Quotidie
790 4414 857 4469 ex
889 4397 1291 4468 Scripturarum
1333 4395 1546 4476 proﬁcit
1592 4395 1841 4457 lectione,
1883 4399 2086 4460 quanto

510 4492 670 4547 altius
700 4489 1005 4547 intellectus
1044 4481 1161 4558 ejus
1187 4487 1418 4551 accedit,
1461 4493 1612 4539 tanto
1660 4497 1874 4552 semper
1918 4497 2088 4536 novus

509 4589 564 4638 et
587 4580 828 4652 quotidie
855 4572 1028 4635 novus
1051 4576 1304 4633 efficitur.
1328 4575 1515 4630 Potest
1541 4583 1722 4653 tamen
1759 4570 1876 4625 fieri
1900 4577 1956 4624 ut
1979 4585 2088 4624 non

509 4673 689 4727 omnis
729 4684 922 4726 sensus
967 4669 1023 4723 in
1063 4668 1166 4723 hoc
1207 4667 1378 4737 possit
1407 4663 1683 4729 renovari,
1711 4670 1771 4717 ut
1816 4659 2089 4731 agnitione

510 4763 749 4821 scientiae
778 4761 1050 4818 dilatetur.
1105 4759 1286 4815 Potest
1330 4759 1484 4814 enim-
1521 4757 1770 4812 renovari
1803 4769 1996 4811 sensus
2016 4752 2087 4808 ad

505 4853 800 4925 justitiam,
832 4859 1011 4923 potest
1038 4848 1288 4905 renovari
1315 4848 1381 4902 ad
1405 4846 1813 4910 continentiam,
1843 4855 1898 4900 et
1926 4845 2087 4899 mise-

510 4943 818 5006 ricordiam,
849 4940 1030 5007 fidem,
1059 4940 1398 5011 patientiam.
1441 4937 1550 4993 Sed
1589 4936 1713 4992 vide
1750 4935 1882 5004 quid
1908 4936 1962 4989 in
1993 4951 2085 4989 se-

510 5034 800 5104 quentibus
825 5032 950 5087 huic
979 5031 1317 5087 renovationi
1354 5044 1543 5084 sensus
1574 5028 1831 5098 adjungat
1859 5027 2086 5094 Aposto-

510 5127 595 5181 lus
619 5142 632 5178 :
658 5123 727 5178 Ut
750 5124 975 5194 probetis
1001 5111 1121 5193 (qua:
1170 5124 1236 5177 sit
1285 5121 1526 5175 voluntas
1559 5119 1658 5174 Dei
1687 5120 1843 5185 bona,
1884 5127 1931 5172 et
1963 5117 2087 5171 bene

510 5215 740 5284 placens,
767 5223 814 5268 et
845 5214 1092 5283 perfecta.
1123 5212 1319 5282 Utique
1339 5213 1441 5266 nisi
1475 5211 1542 5266 ad
1563 5226 1777 5265 omnem
1805 5209 2085 5265 scientiam

513 5312 800 5378 renovatus
811 5303 1101 5368 sitsensus,
1119 5311 1174 5358 et
1197 5311 1338 5358 totus
1350 5302 1442 5357 Dei
1459 5301 1717 5371 sapientia
1732 5299 2084 5366 illuminatus,

511 5393 739 5463 probare
767 5406 872 5446 non
919 5399 1096 5459 potest
1121 5407 1239 5460 qua:
1271 5393 1340 5447 sit
1371 5391 1617 5446 voluntas
1642 5390 1737 5444 Dei
1771 5407 1783 5442 :
1816 5389 1870 5444 in
1904 5389 2087 5444 multis

512 5473 654 5536 enim
670 5490 898 5548 putatur
926 5494 1045 5535 esse
1074 5479 1320 5535 voluntas
1344 5481 1458 5546 Del,
1501 5489 1557 5535 et
1591 5495 1696 5534 non
1753 5489 1852 5535 est.
1887 5480 1946 5533 In
1980 5495 2086 5548 quo

511 5628 517 5642 δ
598 5567 783 5636 utique
802 5569 894 5638 qui
916 5585 1135 5624 sensum
1169 5582 1276 5623 non
1307 5570 1505 5624 habent
1531 5577 1869 5634 renovatum,
1902 5578 2088 5624 errant

518 5663 572 5712 et
587 5655 859 5717 falluntur.
877 5658 974 5717 Est
1000 5666 1179 5715 autem
1203 5674 1391 5716 revera
1433 5674 1542 5717 non
1567 5659 1934 5732 cujuscunque
1962 5676 2082 5717 sen-

2111 4452 2167 4513 D

2194 3223 2251 3276 in
2278 3222 2468 3278 Graeco
2493 3224 2743 3290 habetur,
2771 3225 2910 3278 omni
2937 3225 3027 3294 qui
3060 3235 3135 3280 est
3165 3227 3220 3280 in
3245 3227 3411 3282 vobis.
3455 3227 3557 3295 Qui
3591 3243 3776 3283 sermo

2192 3310 2379 3380 utique
2407 3310 2475 3366 ad
2515 3324 2610 3367 eos
2659 3312 2862 3369 indicat
2901 3315 3126 3369 verbum
3166 3315 3308 3382 ﬁeri,
3341 3318 3434 3388 qui
3477 3333 3600 3374 cum
3647 3328 3779 3375 ante

2192 3419 2298 3461 non
2322 3405 2542 3471 fuerint,
2572 3421 2716 3462 nunc
2744 3421 2863 3462 esse
2885 3416 3186 3478 cmperunt.
3216 3410 3354 3466 Deus
3375 3413 3534 3477 enim,
3552 3421 3610 3466 ut
3631 3413 3782 3467 idem

2190 3495 2478 3566 Apostolus
2503 3495 2599 3560 ait,
2631 3507 2776 3551 vocat
2801 3512 2918 3566 qua!
2947 3515 3051 3552 non
3068 3507 3188 3553 sunt
3229 3509 3480 3570 tanquam
3509 3518 3625 3571 quae
3651 3513 3780 3555 sunt

2194 3581 2366 3654 (Rom.
2401 3583 2499 3654 ιν.)
2531 3582 2648 3639 Non
2697 3593 2822 3640 sunt
2863 3593 3043 3641 autem
3087 3587 3143 3642 hi
3191 3589 3284 3659 qui
3329 3589 3624 3660 participes
3668 3605 3776 3645 non

2193 3681 2319 3728 sunt
2345 3673 2461 3742 ejus
2506 3675 2598 3744 qui
2641 3691 2769 3731 vere
2797 3683 2917 3732 est;
2951 3677 3045 3748 qui
3079 3678 3217 3732 dixit
3255 3679 3324 3734 ad
3362 3680 3581 3751 Moysen
3612 3699 3628 3735 :
3673 3682 3774 3736 Dic

2189 3762 2316 3831 ﬁliis
2331 3762 2498 3818 Israel
2513 3781 2530 3817 :
2557 3763 2660 3830 Qui
2681 3774 2776 3829 est,
2803 3766 2942 3848 misit
2963 3782 3046 3820 me
3073 3767 3142 3820 ad
3167 3784 3254 3822 vos
3277 3768 3472 3837 (Exod.
3492 3771 3598 3842 tu).
3616 3771 3774 3838 Quod

2191 3867 2322 3924 ergo
2351 3856 2427 3908 ait
2450 3854 2648 3910 Paulus
2677 3873 2688 3907 :
2723 3855 2854 3910 Dico
2897 3858 3036 3911 enim
3080 3860 3320 3914 omnibus
3359 3862 3450 3931 qui
3486 3873 3605 3916 sunt
3636 3863 3776 3915 inter

2190 3962 2299 4010 vos,
2329 3945 2430 4010 vel,
2469 3954 2528 4000 ut
2553 3947 2608 4000 in
2630 3943 2833 4002 Grzecis
2859 3945 3047 4002 haberi
3083 3948 3341 4015 diximus,
3383 3951 3546 4015 omni,
3579 3953 3672 4019 qui
3699 3963 3773 4005 est

2190 4037 2244 4090 in
2275 4037 2433 4102 vobis,
2463 4035 2639 4092 simile
2681 4047 2765 4093 est
2812 4050 2877 4094 ac
2910 4039 2954 4094 si
2987 4023 3195 4095 diceret
3245 4059 3257 4093 :
3300 4040 3430 4094 Dico
3459 4043 3595 4095 enim
3622 4045 3772 4098 omni

2188 4127 2282 4197 qui
2306 4128 2362 4182 in
2389 4127 2499 4182 Deo
2522 4136 2626 4193 est,
2659 4145 2763 4182 non
2790 4129 2906 4198 plus
2935 4146 3117 4200 sapere
3141 4147 3300 4200 quam
3331 4142 3528 4202 oportet
3565 4149 3766 4202 sapere.

2189 4219 2445 4284 Videtur
2491 4219 2670 4285 adhuc
2727 4219 2796 4274 ad
2855 4221 3227 4291 superbientes
3291 4237 3470 4278 ramos
3515 4223 3769 4288 oleastri,

2188 4299 2245 4387 et
2286 4302 2605 4365 insultantes
2657 4298 2823 4366 ramis
2849 4311 2964 4381 .qui
3033 4312 3101 4367 de
3157 4314 3297 4369 bona
3348 4313 3488 4368 oliva
3537 4314 3768 4370 detracti

2191 4409 2334 4466 sunt,
2365 4401 2530 4455 etiam
2559 4401 2704 4456 hunc
2749 4410 2936 4471 aptare
2978 4418 3303 4471 sermonem,
3342 4415 3398 4460 et
3426 4406 3608 4461 dicere
3663 4408 3766 4473 eis,

2194 4505 2299 4545 non
2331 4490 2526 4544 debere
2547 4489 2667 4558 plus
2689 4504 2876 4558 sapere
2904 4506 3066 4560 quam
3116 4499 3328 4560 oportet
3359 4509 3552 4563 sapere
3581 4511 3594 4547 :
3623 4495 3767 4564 quod

2194 4579 2368 4635 simile
2409 4587 2494 4634 est
2534 4579 2611 4634 illi
2666 4582 2925 4656 sermoni,
2969 4595 3131 4650 quem
3170 4581 3342 4637 dixit:
3380 4582 3510 4637 Noli
3549 4586 3765 4652 superbe

2192 4685 2370 4739 sapere
2408 4664 2581 4740 (Rom.
2613 4669 2719 4740 x1);
2758 4670 2859 4724 hoc
2905 4678 3002 4726 est-
3017 4670 3162 4725 enim
3191 4671 3313 4741 plus
3353 4686 3565 4742 sapere,
3602 4687 3765 4741 quam

2192 4766 2424 4829 oportet.
2444 4755 2648 4830 [Amb.]
2665 4756 2865 4826 Aperte
2879 4759 3112 4823 ostendit
3140 4760 3244 4814 hoc
3273 4759 3472 4815 debere
3491 4774 3591 4814 nos
3607 4776 3765 4830 sape-

2192 4863 2253 4903 re
2274 4846 2419 4916 quod
2456 4845 2678 4914 justitiaa
2705 4847 2964 4902 terminos
2982 4862 3090 4903 non
3113 4848 3440 4917 egrediatur,
3463 4859 3523 4904 ut
3542 4864 3649 4905 non
3673 4866 3763 4906 no-

2191 4937 2276 4992 bis
2308 4935 2437 4990 solis
2459 4934 2592 4990 utile
2626 4935 2716 5001 sit,
2750 4935 2843 4991 sed
2872 4945 2943 4990 'et
2969 4935 3101 4992 nulli
3127 4937 3287 4992 obsit.
3345 4936 3469 4993 Hac
3505 4948 3590 4994 est
3616 4941 3759 4994 enim

2192 5023 2495 5094 prudentia,
2519 5024 2777 5095 prodesse
2816 5023 2989 5093 magis
3013 5023 3304 5095 aliquibus,
3341 5040 3504 5095 quam
3535 5029 3756 5090 obesse;

2191 5123 2246 5168 et
2297 5120 2612 5168 contentum
2653 5127 2774 5168 esse
2821 5112 3019 5170 debere
3060 5124 3205 5172 sorte
3254 5131 3358 5186 qua
3405 5133 3624 5173 mensus
3683 5129 3761 5175 est

2193 5205 2357 5270 Deus,
2387 5213 2442 5259 et
2467 5203 2664 5258 merito
2693 5203 2818 5259 lidei
2844 5205 3265 5278 uniuscujusque
3287 5224 3304 5261 :
3326 5223 3428 5264 nec
3454 5209 3560 5263 sibi
3579 5209 3758 5264 defen-

2191 5295 2342 5360 dere,
2366 5295 2506 5365 quod
2537 5309 2643 5360 non
2678 5295 2782 5350 sibi
2818 5309 3134 5352 concessum
3156 5296 3334 5365 videt;
3363 5299 3469 5354 hoc
3504 5307 3608 5362 est,
3655 5314 3757 5354 non

2185 5385 2303 5455 plus
2331 5399 2542 5455 sapere,
2567 5385 2696 5454 quia
2722 5383 2828 5456 uni.
2845 5392 3016 5438 totum
3042 5386 3263 5440 concedi
3293 5402 3401 5442 non
3432 5395 3628 5456 potest.
3653 5386 3756 5443 Nec

2185 5475 2326 5529 enim
2359 5475 2402 5528 si
2431 5474 2552 5543 quis
2579 5473 2731 5528 bonae
2753 5472 2875 5527 vitae
2899 5482 3003 5538 est,
3027 5489 3093 5528 ex
3109 5488 3173 5528 eo
3197 5474 3300 5529 sibi
3317 5475 3485 5530 etiam
3505 5477 3755 5533 doctrina

2185 5565 2524 5636 prudentiam
2553 5565 2711 5619 debet
2735 5562 3020 5619 defendere
3046 5581 3061 5629 ;
3099 5573 3194 5618 aut
3225 5566 3352 5635 quia
3379 5568 3634 5637 peritiam
3665 5570 3754 5624 ha-

2185 5659 2276 5717 bet
2305 5656 2461 5728 legis,
2487 5653 2770 5713 levitarum
2797 5654 2901 5714 sibi
2929 5654 3186 5726 obsequia
3206 5655 3504 5718 vendicare
3525 5658 3751 5717 debebit.
