3948 6366
174 387 317 444 15ιὸ

701 377 1247 439 ENARRATIONUM
1280 375 1346 432 IN
1383 375 1532 432 EPP.
1571 363 1776 428 PAULI
1811 360 1950 424 LIB.
1993 363 2102 422 VII.
2135 393 2208 408 —
2240 364 2310 423 IN
2346 364 2566 422 EPIST.
2602 365 2695 421 AD
2730 365 2900 431 ,ROM.

3292 368 3434 427 1546

171 497 379 572 (Greg.)
407 496 510 563 Qui
536 497 698 578 igitur
728 495 872 564 loqui
905 494 1177 563 sapienter
1206 490 1411 554 nititur,
1427 496 1752 557 magnopere
1776 486 1825 544 Α
1853 493 1980 540 men
2001 480 2228 535 eruditis
2269 472 2402 535 viris
2436 479 2795 548 temperantia
2828 469 3056 548 ponitur
3091 497 3104 532 :
3145 495 3264 550 qum
3300 493 3434 542 tem-

170 598 381 644 metuat
429 601 496 641 ne
526 586 640 654 ejus
659 585 872 656 eloquio
900 581 1234 638 audientium
1256 581 1434 635 unitas
1461 578 1753 634 confunda-

171 689 282 734 tur.
337 679 474 733 Dare
513 676 679 732 stulto
708 674 994 734 consilium
1035 670 1318 728 charitatis
1344 677 1446 735 est,
1491 669 1623 722 dare
1661 681 1775 722 sa-r

169 767 362 833 pienti,
397 764 794 821 ostentationis.
853 763 992 816 Dare
1017 775 1144 815 vero
1166 759 1267 830 ipsi
1302 756 1602 828 sapientiae,
1629 768 1753 824 per-

170 855 470 921 versitalis,
497 865 552 910 et
577 855 703 924 quia
744 853 798 907 hi
837 867 973 921 quos
1002 860 1188 906 tenere
1226 849 1606 904 haereticorum
1635 859 1754 914 spe-

169 948 311 1000 ciem
357 945 610 1010 diximus,
663 959 762 1015 per
814 943 1136 1000 locutionem
1194 949 1348 996 suam
1403 935 1751 995 ostentationi

170 1037 354 1108 potius
406 1051 567 1105 quam
594 1033 816 1089 utilitati
845 1030 1173 1097 serviebant,
1214 1038 1362 1086 recte
1394 1029 1448 1084 in
1484 1029 1621 1084 libro
1649 1026 1751 1083 Job

172 1133 362 1182 contra
397 1125 634 1181 Baldach
665 1124 862 1180 dicitur
894 1142 907 1177 :
942 1123 1012 1178 Et
1042 1122 1374 1193 prudentiam
1409 1131 1554 1174 tuam
1581 1130 1752 1174 osten-

170 1215 298 1270 disti
351 1215 632 1284 plurimam
689 1213 831 1285 (Job.
877 1211 1050 1283 xxvi).
1097 1209 1284 1266 Omnis
1327 1209 1413 1265 cui
1468 1209 1750 1278 prudentia

169 1317 322 1364 recta
354 1315 459 1374 est,
482 1307 714 1378 plurima
749 1321 856 1360 non
885 1313 990 1369 est,
1026 1305 1153 1372 quia
1172 1303 1328 1372 juxta
1368 1301 1522 1356 Pauli
1560 1315 1752 1355 vocem

171 1415 281 1455 non
328 1399 448 1469 plus
475 1400 680 1470 appetit
721 1412 909 1469 sapere
944 1412 1106 1468 quam
1143 1401 1358 1466 oportet
1396 1407 1608 1462 sapere,
1666 1390 1752 1446 cui

169 1503 321 1544 veroo
339 1497 424 1544 est
463 1488 723 1558 ‘plurima,
767 1501 875 1540 non
921 1495 1006 1540 est
1046 1492 1215 1546 recta,
1271 1482 1416 1563 quia.
1436 1482 1562 1544 dum
1609 1479 1750 1534 ultra

168 1581 391 1636 modum
422 1580 681 1648 tenditur,
710 1578 767 1633 in
809 1576 1086 1647 quodlibet
1138 1575 1279 1630 latus
1317 1573 1488 1644 culpa:
1516 1571 1751 1627 declina-

168 1681 279 1728 tur.
307 1671 662 1726 Prudentiam
685 1683 816 1724 vero
841 1683 992 1723 suam
1015 1663 1626 1737 plurimamoostendunt
1655 1661 1750 1732 qui

167 1765 342 1821 videri
372 1779 482 1835 prae
513 1763 633 1818 aliis
658 1761 1038 1834 prudentiores
1063 1764 1338 1830 appetunt.
1374 1755 1527 1810 Unde
1554 1753 1616 1809 fit
1641 1752 1748 1824 ple-

1855 572 2099 641 perantia
2130 587 2235 626 una
2259 588 2327 628 ex
2368 581 2602 643 quatuor
2628 572 2972 641 generalibus
3003 573 3293 632 virtutibus
3337 579 3432 634 ha-

1851 662 2031 729 betur,
2063 671 2117 717 et
2158 662 2210 721 in
2262 664 2364 718 hoc
2411 675 2540 733 ergo
2589 663 2712 719 loco
2743 664 2938 720 melius
2987 665 3232 734 Apostoli
3287 669 3429 726 dicta

1852 750 2116 815 lacerent,
2154 751 2200 805 si
2229 751 2556 806 haberemus
2584 759 2642 805 et
2682 766 2781 807 nos
2821 753 3084 824 scriptum
3134 757 3430 813 secundum

1853 843 2013 913 grzeci
2038 844 2304 899 sermonis
2323 845 2612 910 virtutem,
2643 863 2661 896 ι
2696 845 2790 900 sed
2811 860 2999 916 sapere
3027 847 3094 902 ad
3119 857 3427 919 temperan-

1852 934 2000 1002 tiam,
2025 954 2044 986 ι
2083 935 2187 988 hoc
2215 941 2317 1001 est,
2344 942 2406 990 ut
2431 935 2488 990 in
2514 934 2788 998 omnibus,
2819 935 2906 989 vel
2934 951 3054 1006 quae
3081 938 3314 1009 agimus,
3345 940 3428 994 vel

1852 1039 1984 1094 quas
2009 1025 2297 1094 loquimur,
2345 1026 2431 1080 vel
2459 1026 2746 1092 sentimus,
2791 1028 3201 1094 temperantiam
3246 1038 3429 1086 tenea-

1851 1130 1993 1170 mus.
2035 1116 2096 1169 ln
2126 1115 2220 1190 his;
2253 1116 2398 1171 enim
2445 1131 2564 1188 qua:
2613 1131 2776 1186 supra
2827 1119 3228 1174 numeravimus
3253 1135 3430 1190 neque

1851 1205 2105 1276 amplius,
2135 1220 2308 1276 neque
2343 1208 2522 1262 minus
2562 1207 2677 1262 fieri
2713 1207 2931 1273 debere,
2963 1208 3181 1276 modum
3209 1224 3431 1265 servare

1852 1295 2000 1350 novit
2032 1295 2143 1350 sola
2174 1296 2544 1365 temperantia.
2591 1296 2744 1363 Quod
2788 1281 3106 1363 autem-ait,
3152 1299 3431 1369 unicuique

1849 1387 1983 1440 sicut
2006 1386 2182 1440 divisit
2222 1385 2363 1440 Deus
2391 1403 2696 1449 mensuram.
2726 1388 2874 1456 ﬁdei,
2916 1388 3020 1444 hoc
3068 1396 3172 1454 est,
3205 1397 3264 1444 ut
3299 1390 3435 1445 sciat

1850 1480 2221 1550 unusquisque
2241 1488 2297 1534 et
2313 1479 2597 1549 intelligat,
2619 1494 2737 1549 quae
2763 1481 2816 1536 in
2844 1495 2911 1538 eo
2936 1483 3008 1538 sit
3030 1498 3282 1540 mensura
3311 1502 3432 1556 gra-

1853 1571 1941 1626 tim
1968 1571 2085 1635 Dei,
2110 1586 2273 1641 quam
2302 1571 2560 1641 consequi
2590 1572 2909 1641 meruit'per
2928 1573 3106 1630 fidem.
3156 1576 3430 1634 Interdum

1851 1663 1993 1717 enim
2024 1662 2146 1733 quis
2170 1663 2368 1732 accipit
2392 1678 2424 1717 a
2452 1662 2562 1717 Deo
2586 1670 2648 1717 ut
2667 1663 2842 1733 sapiat
2867 1664 2921 1718 in
2946 1679 3108 1734 opere
3124 1667 3431 1730 charitatis,

1851 1761 1946 1806 aut
1973 1760 2031 1807 ut
2063 1753 2238 1824 sapiat
2259 1753 2313 1808 in
2336 1753 2519 1809 ofﬁcio
2547 1754 2823 1818 visitandi,
2848 1762 2942 1808 aut
2971 1770 3097 1827 erga
3126 1757 3433 1813 misericor-

169 1871 419 1927 rumque,
451 1863 513 1925 ut
537 1856 664 1912 dum
700 1853 978 1910 moderate
1002 1865 1193 1922 sapere
1215 1848 1481 1912 nesciunt,
1515 1854 1570 1902 et
1598 1845 1748 1900 fatua
1775 1837 1822 1897 B
1849 1841 1967 1898 dias
1995 1857 2315 1912 pauperum,
2345 1851 2438 1898 aut
2467 1844 2614 1898 circa
2655 1843 2913 1898 debilium
2943 1860 3149 1912 curam,
3188 1855 3280 1901 aut
3303 1861 3433 1916 erga

165 1947 479 2017 loquantur.
512 1943 740 2016 (Ambr.)
770 1941 1030 1997 Hortatur
1057 1954 1188 2010 ergo
1212 1947 1268 1994 et
1294 1937 1454 1992 docet
1495 1951 1593 2006 per
1626 1948 1750 2006 gra-

167 2038 302 2092 tiam
329 2036 431 2109 sibi
471 2027 672 2089 datam.
703 2031 830 2087 Haec
852 2029 1042 2103 ;gratia
1071 2027 1265 2100 peritia
1299 2026 1620 2097 intelligitur
1648 2025 1753 2079 Do—

166 2127 384 2184 minicm
428 2124 746 2195 disciplinae;
793 2137 892 2194 per
927 2135 1090 2193 quam
1132 2117 1422 2174 humilitati
1451 2126 1507 2172 et
1527 2115 1754 2187 justitim

163 2214 495 2272 studendum
520 2214 701 2271 tradit.
723 2212 921 2285 (Orig.)
949 2211 1242 2268 Sciendum
1273 2218 1457 2264 tamen
1483 2215 1590 2273 est,
1609 2205 1753 2277 quod

163 2315 226 2362 et
241 2307 427 2362 caeteri
446 2306 549 2361 viri
569 2304 766 2360 eruditi
793 2312 1019 2358 utuntur
1039 2289 1142 2358 hac
1163 2300 1574 2366 deﬁnitione,ut
1592 2293 1753 2354 natu-

170 2411 295 2453 ram
321 2396 405 2451 vel
437 2411 658 2451 causam
683 2395 893 2465 peccati
918 2395 971 2448 in
986 2409 1051 2449 eo
1078 2400 1301 2466 ponant,
1333 2391 1379 2447 si
1409 2397 1503 2445 aut
1526 2389 1756 2445 addatur

165 2486 377 2556 aliquid
404 2485 697 2540 virtutibus
719 2493 814 2538 aut
835 2483 1110 2538 minuatur
1143 2497 1159 2535 :
1187 2480 1558 2552 verbi’gratia,
1587 2479 1753 2550 justi-

165 2579 247 2636 tia
273 2580 449 2634 virtus
493 2585 600 2644 est,
652 2584 709 2632 et
747 2577 792 2631 si
818 2575 940 2646 quis
977 2574 1155 2629 minus
1184 2571 1386 2642 aliquid
1415 2570 1565 2636 facit,
1593 2584 1755 2640 quam

158 2669 378 2741 justitia
398 2670 621 2740 patitur,
651 2667 768 2722 sine
799 2665 962 2721 dubio
991 2663 1223 2735 injustus
1252 2669 1336 2718 est
1363 2677 1380 2715 :
1411 2661 1457 2716 si
1478 2661 1600 2731 quis
1626 2673 1756 2714 vero

166 2761 274 2819 sub
302 2759 484 2830 specie
503 2756 730 2829 justitize
756 2770 884 2826 erga
901 2754 1168 2810 vindictas
1197 2753 1398 2808 nimius
1423 2752 1539 2815 ﬁat,
1581 2759 1636 2807 et
1657 2766 1750 2805 sae-

165 2852 294 2909 vius
313 2851 480 2923 agitet
518 2849 784 2915 ultiones,
819 2834 877 2903 in
911 2848 1306 2913 crudelitatem,
1334 2863 1402 2901 ex
1426 2845 1637 2915 justitia
1665 2846 1756 2901 de—

168 2943 388 2999 volutus
430 2949 532 2998 est.
575 2940 730 2996 Unde
757 2948 812 2995 et
854 2937 1109 2994 Salomon
1134 2937 1301 2992 dicit:
1333 2935 1460 2990 Noli
1488 2936 1604 3004 ﬁeri
1625 2934 1761 2989 mul-

170 3043 287 3089 tum
310 3033 485 3104 justus
518 3029 714 3103 (Eccle.
738 3029 858 3101 vn).
887 3017 1150 3084 Similiter
1183 3035 1240 3082 et
1272 3027 1514 3091 libertas,
1547 3024 1592 3079 si
1615 3024 1757 3078 intra

169 3124 589 3196 temperantiam
621 3137 772 3178 suam
799 3122 891 3187 sit,
919 3121 1091 3175 virtus
1117 3126 1236 3185 est;
1263 3118 1309 3173 si
1333 3117 1511 3172 minus
1535 3115 1751 3179 habeat,

171 3183 469 3281 timiditas;
531 3213 577 3268 si
617 3183 886 3282 amplius,
919 3209 1197 3265 temeritas
1224 3183 1571 3262 nominatur.
1627 3203 1753 3259 Pari
1780 3183 1826 3248 C

171 3306 338 3362 modo
362 3312 418 3359 et
436 3303 720 3375 prudentia
756 3303 804 3358 si
836 3302 890 3356 in
914 3315 1013 3356 sua
1050 3313 1302 3354 mensura
1325 3298 1414 3365 sit,
1439 3297 1613 3351 virtus
1639 3305 1755 3363 est;

170 3399 222 3455 si
253 3399 434 3453 minus
461 3397 676 3464 habeat,
695 3392 1086 3465 imprudentia;
1119 3392 1163 3447 si
1189 3391 1311 3462 plus
1336 3405 1497 3461 quam
1524 3399 1756 3460 oportet,

171 3490 384 3545 malitia
405 3488 725 3559 appellatur.
755 3486 883 3542 lude
903 3494 1034 3556 puto
1062 3484 1205 3555 quod
1245 3492 1300 3539 et
1324 3497 1545 3553 serpens
1575 3483 1631 3537 in
1650 3482 1756 3538 Pa—

173 3580 366 3638 radiso
385 3578 702 3649 prudentior
729 3577 906 3632 dictus
932 3575 1004 3632 sit
1023 3573 1235 3630 ezeteris
1274 3574 1482 3639 hcetiis,
1507 3574 1611 3630 hoc
1650 3580 1757 3639 est,

176 3669 449 3729 excedens
471 3681 783 3723 mensuram
809 3665 1128 3738 prudentius,
1154 3671 1211 3720 et
1237 3663 1292 3719 in
1325 3671 1510 3734 partes
1538 3663 1761 3718 malitiae

181 3759 486 3832 prolapsus.
539 3757 666 3812 lude
715 3765 771 3812 et
818 3755 914 3809 ﬁlii
959 3755 1119 3825 hujus
1156 3753 1336 3809 saeculi
1385 3752 1762 3823 prudentiores

183 3840 436 3908 dicuntur
465 3863 627 3918 quam
658 3845 754 3902 ﬁlii
789 3845 924 3900 iucis
951 3844 1102 3916 (Luc.
1135 3843 1247 3916 xvi)
1289 3858 1304 3897 :
1337 3843 1460 3913 plus
1503 3844 1648 3899 enim
1673 3858 1762 3898 sa-

183 3944 340 4017 piunt
367 3955 527 4012 quam
565 3945 780 4010 oportet
823 3951 1035 4007 sapere,
1081 3943 1137 3991 et
1163 3935 1242 3990 sic
1274 3935 1330 3989 in
1372 3934 1596 4005 singulis
1639 3935 1759 4004 qui-

181 4037 393 4104 busque
440 4030 731 4086 virtutibus
777 4035 955 4098 potest
998 4025 1192 4096 aliquis
1230 4025 1351 4096 plus
1381 4039 1571 4096 sapere
1599 4038 1763 4094 quam

180 4127 400 4198 oportet
435 4134 644 4193 sapere.
675 4120 864 4176 Potest
883 4119 1051 4174 etiam
1073 4117 1128 4172 in
1157 4116 1404 4172 castitate
1430 4116 1625 4185 aliquis
1645 4115 1766 4184 plus

183 4230 399 4286 sapere,
423 4228 583 4284 quam
613 4218 824 4282 oportet
851 4224 1063 4280 sapere,
1082 4217 1144 4263 ut
1176 4217 1300 4263 sunt
1321 4208 1395 4262 illi
1428 4227 1448 4259 ‹
1482 4209 1573 4277 qui
1595 4215 1766 4262 atten-

183 4309 323 4364 dunt
361 4304 637 4375 spiritibus
676 4300 1068 4365 seductoribus,
1102 4306 1158 4354 et
1196 4299 1453 4354 doctrinis
1477 4297 1768 4353 daemonio-

185 4412 336 4463 rum,
361 4396 416 4450 in
445 4393 718 4466 hypocrisi
740 4391 873 4447 falso
903 4390 1259 4460 loquentium,
1290 4389 1638 4443 cauteriatam
1667 4389 1765 4442 ha-

184 4487 455 4550 bentium,
483 4482 866 4538 conscientiam
909 4495 1061 4535 suam
1088 4521 1102 4545 ,
1140 4479 1538 4549 prohibentium
1567 4479 1768 4533 nubere

187 4588 248 4635 et
277 4577 548 4633 abstinere
583 4589 613 4628 a
640 4573 778 4629 cibis
807 4587 946 4643 quos
965 4571 1107 4626 Deus
1127 4569 1330 4625 creavit
1358 4569 1411 4641 (Ι
1437 4569 1570 4622 Tim.
1597 4568 1670 4638 1v)
1702 4584 1715 4622 :
1741 4588 1760 4622 ›

186 4670 285 4726 isti
307 4668 426 4739 plus
452 4666 667 4736 sapiunt
692 4665 759 4719 de
794 4663 1068 4727 castitate,
1092 4676 1254 4734 quam
1282 4667 1495 4729 oportet
1538 4674 1762 4727 sapere;

189 4761 374 4817 minus
422 4764 603 4811 autem
653 4755 792 4824 sapit
844 4767 1008 4822 quam
1074 4758 1286 4821 oportet
1351 4749 1658 4804 luxuriosus
1709 4758 1764 4804 et

191 4851 454 4905 incestus.
497 4844 609 4914 Ego
632 4851 811 4897 autem
835 4841 954 4895 dico
980 4841 1123 4910 quod
1142 4839 1379 4894 haeretici
1408 4838 1528 4908 plus
1551 4838 1768 4908 sapiunt

191 4939 264 4995 de
300 4936 534 5000 Christo,
571 4947 732 5003 quam
766 4937 977 5002 oportet
1020 4944 1232 5000 sapere,
1278 4931 1372 5000 qui
1407 4938 1602 4998 negant
1642 4945 1763 4985 eum

195 5027 370 5084 filium
402 5025 498 5080 Dei
529 5023 794 5080 creatoris
819 5035 959 5087 esse,
1009 5021 1104 5076 sed
1132 5020 1354 5076 alterius
1396 5020 1580 5075 nescio
1620 5020 1772 5087 cuius

196 5116 441 5176 melioris
493 5113 610 5170 Dei.
661 5112 769 5168 Sed
811 5121 872 5168 et
907 5111 985 5166 illi
1026 5111 1146 5182 plus
1195 5110 1262 5167 de
1297 5111 1514 5166 Christo
1559 5112 1775 5180 sapiunt

198 5222 363 5280 quam
394 5212 607 5274 oportet
636 5217 848 5274 sapere,
873 5201 966 5272 qui
1006 5209 1205 5272 negant
1229 5216 1350 5258 eum
1399 5201 1454 5257 in
1484 5216 1648 5257 carne
1682 5219 1776 5259 ve-

201 5297 353 5355 niese
372 5303 426 5352 et
453 5303 640 5350 natum
663 5306 783 5349 esse
816 5308 883 5348 ex
911 5293 1120 5364 virgine
1148 5309 1161 5347 :
1199 5293 1294 5348 sed
1325 5292 1543 5348 cmleste
1570 5293 1621 5347 ei
1648 5309 1772 5349 cor-

204 5403 310 5460 pus
334 5385 630 5457 assignant.
654 5384 713 5438 ln
741 5384 825 5439 his
857 5397 986 5454 ergo
1018 5383 1266 5438 omnibus
1306 5383 1503 5438 Paulus
1542 5398 1640 5438 nos
1661 5382 1797 5438 vult

209 5494 317 5534 non
354 5476 468 5547 plus
510 5491 688 5544 sapere
718 5490 874 5545 quam
900 5483 1093 5543 oportet
1113 5488 1297 5544 sapere
1328 5488 1345 5527 :
1372 5473 1462 5526 sed
1474 5489 1673 5542 sapere,
1698 5474 1778 5528 in-

209 5567 348 5639 quit,
376 5565 443 5621 ad
456 5564 803 5629 sobrietatem,
817 5563 960 5634 quod
985 5563 1038 5616 in
1054 5562 1240 5618 Graeco
1253 5563 1446 5619 dicitur
1471 5565 1776 5637 σοφροσύνη,

213 5659 271 5715 iu
316 5657 516 5716 nostris
548 5656 843 5720 codicibus,
879 5656 979 5709 hoc
1006 5664 1110 5720 est,
1148 5656 1199 5710 in
1230 5655 1523 5725 Scripturis
1562 5657 1777 5720 divinis,

212 5749 476 5814 sobrietas
497 5765 527 5803 a
557 5747 847 5816 majoribus
879 5748 1290 5818 interpretatum
1327 5757 1427 5814 est,
1466 5749 1533 5804 ab
1559 5748 1676 5803 aliis
1705 5760 1780 5803 ta-

570 5843 846 5905 PATROL.
886 5841 1052 5906 CXI.
1154 5853 1162 5860 '

1853 1933 2138 1990 viduarum
2171 1944 2225 1991 et
2259 1935 2586 2006 pupillorum
2616 1935 3010 2005 defensionem,
3061 1949 3152 1995 aut
3177 1953 3303 2011 erga
3334 1939 3433 1995 ho-.

1852 2025 2162 2094 spitalitalis
2203 2027 2650 2094 sollicitudinem;
2696 2029 2813 2085 haec
2857 2045 2987 2101 ergo
3019 2031 3228 2103 singula
3254 2031 3440 2089 divisit

1854 2117 2144 2187 unicuique
2169 2118 2311 2174 Deus
2338 2119 2635 2175 secundum
2655 2134 2966 2176 mensuram
3003 2120 3149 2177 fidei.
3190 2121 3297 2179 Sed
3316 2122 3364 2179 si
3388 2122 3442 2182 is

1855 2209 1947 2280 qui
1975 2209 2184 2280 accepit
2223 2200 2456 2281 gratiam
2485 2218 2557 2265 .ut
2582 2211 2650 2265 de
2676 2225 2784 2265 uno
2826 2211 3011 2282 aliquo.
3047 2213 3239 2268 horum
3269 2227 3441 2278 sano-

1855 2307 1962 2363 ret,
1990 2313 2100 2354 non
2143 2299 2421 2369 intelligat
2454 2314 2767 2355 mensuram
2794 2303 3116 2372 gratiae'sibi
3153 2304 3315 2371 data,
3343 2305 3442 2361 sed

1856 2387 1988 2442 velit
2037 2401 2228 2456 sapere
2277 2389 2344 2443 de
2392 2388 2655 2459 sapientia
2698 2390 2814 2456 Dei,
2849 2391 2915 2446 de
2954 2393 3120 2447 verbo
3158 2392 3437 2459 doctrinae,

1857 2480 1924 2535 de
1953 2481 2322 2551 profundioris
2362 2481 2611 2537 scientiae
2666 2483 2892 2547 ratione,
2949 2483 3005 2538 in
3051 2498 3158 2553 quo
3203 2486 3438 2555 gratiam

1858 2585 1966 2625 non
1999 2571 2228 2641 accepit,
2259 2579 2315 2627 et
2343 2588 2452 2629 non
2488 2582 2600 2629 tam
2638 2575 2850 2631 discere
2872 2576 3021 2642 velit,
3053 2592 3216 2646 quam
3237 2576 3441 2638 docere

1859 2674 1980 2729 qua:
2007 2661 2200 2728 nescit,
2231 2661 2336 2717 iste
2359 2677 2482 2718 cum
2508 2663 2687 2719 minus
2728 2666 2924 2736 sapiat,
2951 2665 3073 2736 plus
3099 2666 3215 2722 vult
3249 2682 3441 2737 sapere

1859 2767 2021 2821 quam
2068 2761 2298 2822 oportet.
2349 2753 2468 2808 Non
2512 2755 2658 2809 enim
2703 2756 2844 2827 sapit
2891 2757 2959 2828 ad
3008 2759 3439 2827 temperantiam,

1859 2850 1919 2896 ut
1947 2843 2217 2898 custodiat
2249 2863 2268 2896 ι
2320 2844 2614 2914 unicuique
2649 2845 2790 2900 sicut
2831 2846 3017 2902 divisit
3044 2847 3186 2903 Deus
3219 2864 3440 2904 mensu~

1860 2948 1980 2986 ram
2016 2933 2159 2988 ﬁdei.
2195 2952 2214 2986 ι
2248 2935 2446 2990 Verum
2470 2925 2532 2992 ut
2557 2936 2860 2992 evidentius
2885 2938 3062 2993 adhuc
3100 2939 3167 2994 de
3195 2939 3443 3011 his‘Apo-

1862 3022 2031 3078 stolus
2079 3024 2400 3094 assignaret,
2456 3025 2751 3080 introducit
2794 3027 3123 3096 exemplum,
3172 3036 3229 3083 et
3267 3029 3437 3084 dicit:

1863 3112 2014 3168 Sicut
2039 3114 2175 3168 enim
2206 3115 2261 3168 in
2291 3129 2396 3168 uno
2422 3124 2636 3184 corpore
2680 3114 2848 3168 multa
2892 3116 3125 3170 membra
3169 3117 3438 3182 habemus,

1858 3206 2218 3286 omniavautem
2249 3205 2478 3266 membra
2505 3221 2609 3258 non
2625 3206 2862 3286 eumdem
2888 3215 3063 3260 actum
3105 3206 3292 3261 habent
3313 3248 3328 3271 ,
3366 3208 3443 3261 ita

1857 3293 2010 3348 multi
2042 3284 2217 3348 unum
2262 3311 2448 3365 corpus
2485 3284 2667 3350 sumus
2696 3297 2749 3350 in
2771 3293 3003 3362 Christo,
3043 3297 3234 3367 singuli
3268 3308 3442 3352 autem

1859 3385 1994 3439 alter
2004 3386 2218 3440 alterius
2231 3379 2480 3441 membra.
2496 3384 2600 3442 Per
2610 3387 2725 3442 haec
2737 3401 3066 3456 componens
3077 3402 3236 3443 omne
3247 3403 3444 3459 corpus

1860 3473 2138 3542 Ecclesiae,
2172 3486 2232 3531 ut
2257 3477 2401 3532 sicut
2425 3476 2669 3532 membra
2699 3478 2942 3546 corporis
2981 3478 3188 3548 singula
3217 3494 3443 3548 quaeque

1857 3564 2109 3634 proprios
2137 3566 2336 3620 habent
2358 3573 2532 3630 actus,
2565 3573 2622 3635 et
2662 3564 2855 3622 olliciis
2882 3567 2996 3622 suis
3023 3569 3443 3638 unumquodque

1861 3658 2116 3724 deservit,
2151 3673 2251 3714 nec
2291 3667 2472 3714 tamen
2510 3659 2768 3730 possibile
2803 3668 2887 3716 est
2928 3669 2988 3714 ut
3032 3676 3139 3716 non
3172 3676 3440 3719 consensu

1861 3759 2052 3806 mutuo
2077 3751 2180 3806 sibi
2207 3752 2438 3808 invicem
2459 3751 2684 3820 cedant;
2711 3741 2806 3820 ita,
2835 3754 3033 3825 inquit,
3051 3764 3106 3811 et
3129 3755 3184 3811 in
3203 3755 3446 3814 Ecclesia

1863 3856 1984 3911 quae
2012 3850 2096 3897 est
2139 3857 2336 3913 corpus
2381 3842 2605 3909 Christi,
2653 3845 2896 3901 diversos
2941 3847 3137 3917 singuli
3181 3849 3447 3907 habemus

1864 3943 2037 3998 actus,
2064 3934 2212 3989 verbi
2230 3935 2404 4005 gratia
2433 3953 2444 3988 :
2471 3935 2610 4022 alius
2633 3951 2792 3992 omne
2818 3938 3056 3993 studium
3080 3955 3208 4011 erga
3230 3942 3444 4012 sapien-

1863 4026 1994 4081 tiam
2025 4026 2120 4097 Dei
2152 4035 2207 4082 et
2225 4028 2528 4083 doctrinam
2560 4029 2716 4085 verbi
2757 4030 3086 4096 adhibet,'et
3125 4032 3180 4088 in
3218 4034 3444 4090 medita-

1866 4114 2012 4172 tione
2035 4117 2170 4188 legis
2197 4118 2392 4173 divinae
2420 4118 2506 4173 die
2527 4134 2592 4174 ac
2615 4111 2773 4175 nocte
2799 4123 3060 4191 persistit,
3085 4132 3140 4178 et
3159 4134 3240 4180 est
3265 4129 3445 4197 magni

1864 4207 2025 4278 hujus
2053 4211 2295 4280 corporis
2313 4210 2531 4277 oculus;
2560 4211 2719 4277 alius,
2750 4221 2812 4266 ut
2833 4227 2994 4282 supra
3034 4214 3289 4282 diximus,
3317 4233 3444 4288 erga

1866 4299 2225 4354 ministerium
2249 4300 2480 4355 fratrum
2515 4309 2568 4355 et
2595 4301 2946 4373 indigentium
2970 4319 3154 4360 curam
3182 4307 3362 4372 habet,
3392 4318 3449 4365 et

1867 4394 1950 4442 est
1983 4388 2155 4442 sancti
2205 4387 2370 4459 hujus
2413 4391 2657 4460 corporis
2703 4393 2934 4459 manusi
2976 4382 3125 4449 alius“
3165 4398 3444 4454 studiosus

1869 4476 2082 4532 auditor
2103 4487 2187 4532 est
2214 4479 2364 4533 verbi
2393 4479 2512 4544 Dei,
2543 4488 2599 4535 et
2627 4481 2773 4537 auris
2799 4491 2883 4538 est
2908 4486 3185 4554 corporis;
3217 4487 3356 4544 alius
3381 4492 3448 4545 ad

1870 4568 2132 4624 videndos
2175 4569 2582 4638 decumbentes,
2625 4581 2678 4627 et
2706 4575 3058 4642 requirendos
3103 4577 3445 4645 tribulantes,

1870 4670 1924 4716 et
1969 4663 2173 4730 positos
2222 4665 2277 4717 in
2311 4664 2721 4720 necessitatibus
2769 4666 3039 4722 eruendos
3074 4677 3159 4723 est
3180 4670 3446 4742 impiger;

1871 4752 1963 4822 qui
1989 4767 2085 4822 pes
2107 4752 2224 4807 sine
2253 4753 2414 4808 dubio
2456 4754 2809 4811 ecclesiastici
2853 4759 3096 4828 corporis
3131 4761 3447 4829 appellatur,

1873 4851 1928 4897 et
1948 4844 2020 4897 ita
2050 4842 2292 4898 invenias
2321 4859 2758 4915 unumquemque
2783 4848 3101 4918 propensius
3127 4865 3255 4919 erga
3284 4869 3450 4906 unum

1874 4932 2088 5001 aliquod
2132 4931 2364 4988 ofﬁcium
2391 4941 2447 4988 et
2488 4935 2776 5004 specialius
2803 4948 3026 5005 operam
3071 4938 3219 5003 dare,
3256 4949 3454 4995 czetera

1878 5034 2006 5076 vero
2037 5022 2316 5090 sequentia
2356 5023 2577 5077 habere.
2631 5023 2813 5093 Neque
2858 5026 3002 5079 enim
3052 5026 3157 5082 hoc
3202 5027 3454 5100 dicimus,

1879 5110 2021 5180 quod
2050 5127 2216 5166 unum
2255 5110 2500 5167 sullicere
2527 5113 2736 5179 debeat,
2771 5116 2868 5171 sed
2903 5119 3200 5178 secundum
3227 5119 3454 5180 formam

1879 5204 2137 5272 propositi
2159 5204 2411 5273 exempli,
2445 5205 2584 5260 sicut
2612 5207 2763 5262 verbi
2797 5209 2973 5278 gratia
3009 5216 3194 5270 oculus
3223 5213 3460 5283 speciale

1880 5292 2112 5348 cilicium
2147 5293 2308 5349 habet
2339 5306 2399 5348 ut
2424 5296 2624 5362 videat,
2661 5312 2824 5352 unum
2855 5305 3039 5359 tamen
3066 5314 3150 5361 est
3189 5321 3255 5362 ex
3286 5309 3462 5362 omni-

1879 5383 1980 5437 bus
2025 5392 2080 5438 et
2123 5384 2177 5438 in
2217 5384 2465 5440 omnibus
2493 5387 2767 5451 membris,
2813 5400 2873 5447 et
2919 5409 3044 5449 cum
3085 5372 3310 5466 singulis
3351 5398 3466 5465 agit

1877 5476 2079 5539 omnia,
2110 5482 2162 5528 et
2205 5490 2327 5529 cum
2368 5475 2484 5543 ipso
2515 5476 2722 5547 singula
2773 5498 3005 5554 quaeque
3053 5494 3214 5554 agunt
3240 5485 3464 5538 omnia:

1881 5565 1955 5618 ita
1991 5575 2047 5621 et
2085 5567 2174 5634 qui
2220 5582 2316 5636 per
2345 5569 2576 5636 gratiam
2627 5570 2755 5631 Γωθί
2786 5592 2966 5631 unum
3010 5576 3216 5643 aliquod
3268 5575 3472 5627 donum

1884 5657 2114 5725 speciale
2155 5659 2432 5730 meruerit,
2475 5659 2612 5722 illud
2642 5669 2860 5737 quidem
2898 5664 3276 5737 principaliter
3305 5660 3489 5714 admi-

1885 5747 2099 5814 ιιὶδῑτῖιίν
2135 5748 2186 5802 in
2215 5748 2463 5810 omnibus
2491 5769 2620 5812 vero
2655 5758 2866 5813 actibus
2911 5755 3102 5811 socius
3127 5765 3252 5807 cum
3275 5743 3503 5805 caeteris
