3948 6302
462 328 592 382 1547

1087 325 1146 379 Β.
1186 326 1438 382 RABANI
1474 327 1691 382 MAURI
1726 327 2048 382 AltClllEP.
2092 326 2397 384 MOGUNT.
2435 328 2718 386 OPERUM
2752 329 2934 388 PARS
2969 331 3055 388 ΠΙ.

3573 334 3712 390 ιδιε

455 435 1494 508 habeturetparticeps:(Ambr.)etita
1517 437 1762 506 exemplo
1791 437 2034 505 corporis
2061 448 2114 507 Α
2136 437 2366 492 rinthios
2397 439 2659 505 scribens,
2711 448 2820 496 tres
2858 442 3129 510 capiendae
3164 441 3348 513 gratiae
3387 444 3578 500 modos
3622 446 3716 500 do-

456 529 612 582 docet
634 543 738 582 non
763 543 922 598 posse
939 542 1037 582 nos
1054 528 1312 596 singulos,
1335 529 1514 582 omnia
1539 529 1664 597 quia
1685 543 1868 588 sumus
1895 528 2028 582 invi-

458 632 579 671 cem
596 618 861 683 membra,
885 627 943 671 ut
967 617 1102 672 alter
1127 618 1351 673 alterius
1376 633 1482 672 non
1502 625 1683 688 egeat,
1709 632 1772 672 ac
1799 631 1896 687 per
1923 617 2026 671 hoc

455 723 640 762 curam
666 701 837 762 nostri
861 708 1092 764 invicem
1117 724 1214 763 nos
1244 724 1402 776 agere
1431 708 1648 772 debere,
1675 723 1773 762 nec
1795 707 2027 760 alterum

453 799 547 853 alii
573 799 856 861 obsistere,
893 801 1014 867 qu?a
1063 800 1290 853 invicem
1314 799 1502 853 olliciis
1531 800 1732 854 nostris
1770 812 1904 868 opus
1938 799 2028 850 ha-

450 890 660 945 bemus.
733 889 847 945 Hoc
900 891 1005 945 erit
1055 892 1276 962 diligere
1337 891 1634 956 Christum,
1696 892 1740 946 si
1792 891 2025 945 invicem

449 991 509 1032 se
549 976 790 1032 membra
834 978 1222 1044 exhortentur,
1259 988 1316 1032 ut
1364 979 1621 1048 impleant
1668 979 1882 1034 modum
1919 992 2027 1047 quo

447 1069 712 1136 corpusin
733 1068 949 1124 Christo
979 1069 1274 1139 perfectum
1301 1053 1388 1125 sit.
1409 1069 1608 1144 (0rig.)
1635 1071 1914 1139 Quomodo
1932 1084 2027 1122 au-

445 1169 554 1213 tem
589 1175 785 1229 corpus
814 1161 957 1216 istud
1004 1163 1057 1216 in
1082 1162 1297 1216 Christo
1327 1163 1417 1227 sit,
1463 1162 1514 1216 id
1559 1172 1660 1227 est,
1693 1163 1745 1216 in
1774 1161 2024 1225 veritate,

444 1257 499 1303 et
526 1252 814 1320 sapientia,
840 1261 894 1307 et
914 1252 1147 1322 justitia,
1188 1262 1243 1307 et
1269 1251 1720 1318 sanctiﬁcatione,
1756 1267 1874 1323 quae
1907 1266 2026 1306 om-

444 1341 530 1394 nia
557 1340 802 1398 Christus
832 1352 934 1409 est,
965 1342 1234 1414 saepejam
1257 1344 1511 1398 diximus.

513 1448 774 1506 Habentes
801 1461 973 1506 autem
1011 1454 1316 1507 donationes
1354 1453 1634 1506 secundum
1664 1452 1887 1521 gratiam
1910 1466 2027 1522 qua:

441 1540 566 1592 data
589 1550 663 1594 est
700 1541 846 1596 nobis
888 1543 1200 1611 di/ferentes.
1268 1542 1477 1613 (Amb.)
1519 1540 1673 1596 Nunc
1703 1549 1884 1595 autem
1911 1540 2026 1611 ipsa

441 1627 610 1683 ollicia
652 1631 905 1699 deputata
944 1632 1201 1685 membris
1232 1633 1426 1686 merito
1457 1629 1580 1685 ﬁdei
1623 1634 1926 1695 enumerat,
1967 1637 2028 1683 ut

440 1733 562 1772 cum
596 1719 794 1773 viderit
815 1721 1114 1775 membrum
1153 1721 1294 1789 quod
1325 1719 1428 1782 sibi
1459 1718 1773 1788 deputatum
1793 1716 2027 1773 oﬁicium

441 1818 544 1875 est,
573 1825 678 1863 non
708 1819 1012 1880 perstrepat
1030 1809 1203 1876 alteri,
1237 1810 1324 1864 cui
1346 1809 1542 1864 viderit
1566 1808 1709 1862 aliud
1737 1808 1990 1863 traditum
2010 1851 2026 1877 ,

441 1900 535 1954 sed
556 1910 897 1970 congerat,ut
916 1917 1110 1971 corpus
1131 1901 1385 1957 Ecclesia:
1402 1902 1473 1956 sit
1487 1900 1805 1972 perfectum.
1827 1895 2026 1970 (Cass.)

437 1989 548 2042 Nec
585 1991 726 2042 enim
767 1990 911 2042 nulla
954 1991 1194 2044 membra
1241 1991 1467 2044 aliorum
1515 1990 1619 2045 sibi
1661 1989 2026 2044 membrorum

435 2094 616 2148 possm
702 2080 1002 2135 ministeria
1039 2081 1333 2153 vindicare,
1389 2081 1514 2158 quia
1569 2095 1668 2135 nec
1717 2075 1857 2134 oculi
1906 2093 2024 2132 ma-

437 2188 624 2244 ttttuttt,
656 2178 755 2234 Πῦρ
781 2185 942 2233 ttat-cs
971 2173 1179 2232 autium
1215 2188 1438 2234 utuntur
1471 2175 1668 2243 ofﬁcit),
1728 2181 1782 2226 et
1827 2170 2026 2228 idcirco

437 2286 542 2324 non
569 2281 758 2324 omnes
792 2269 1045 2340 apostoli,
1079 2285 1187 2323 non
1212 2284 1400 2324 omnes
1429 2270 1724 2339 prophetat,
1761 2283 1867 2322 non
1905 2283 2022 2321 om-

436 2377 534 2416 nes
560 2362 827 2428 doctores,
863 2378 968 2417 non
991 2377 1180 2417 omnes
1206 2362 1407 2432 gratias
1432 2361 1630 2414 habent
1650 2360 2019 2422 curationum;

434 2469 541 2506 non
577 2468 766 2508 omnes
800 2453 996 2523 linguis
1024 2451 1333 2521 loquuntur,
1377 2466 1484 2506 non
1526 2465 1714 2526 omnes
1760 2449 2024 2518 interpre-

437 2550 618 2594 tantur
645 2560 656 2595 :
691 2542 865 2597 solent
893 2542 1036 2596 enim
1060 2541 1116 2595 bi
1144 2542 1236 2611 qui
1264 2540 1492 2594 necdum
1523 2549 1650 2593 sunt
1678 2540 1732 2592 in
1750 2539 1838 2592 illa
1860 2552 2022 2606 quam

434 2633 779 2701 arripuerunt
801 2632 1138 2703 professione
1169 2630 1400 2695 fundati,
1426 2635 1547 2686 cum
1582 2631 2024 2698 audierintquos-

434 2723 558 2778 dam
601 2723 654 2776 in
684 2723 913 2777 diversis
946 2722 1136 2776 studiis
1177 2735 1239 2774 ac
1288 2709 1575 2774 virtutibus
1600 2718 1900 2787 praedicari,
1946 2718 2021 2771 ita

433 2829 620 2868 eorum
669 2814 822 2867 laude
875 2812 1145 2876 succendi,
1197 2821 1256 2864 tit
1301 2810 1502 2864 imitari
1549 2814 1734 2863 eorum
1775 2808 2022 2877 protinus

433 2912 644 2976 gestent
665 2905 1017 2973 disciplinam,
1054 2904 1108 2957 in
1136 2917 1247 2972 quo
1266 2902 1452 2956 irritos
1475 2900 1785 2956 necessario
1816 2899 2021 2968 impen-

433 2997 510 3049 dit
547 3005 772 3051 conatus
810 2997 1042 3048 humana
1080 2993 1360 3066 fragilitas.
1406 2993 1742 3062 lmpossibile
1789 3004 2021 3060 namque

433 3094 533 3151 est,
591 3101 757 3139 unum
823 3084 1175 3154 eumdcmquc
1244 3083 1514 3140 hominem
1562 3082 1718 3137 simul
1756 3080 2021 3136 universis

2127 542 2270 592 cere,
2312 538 2371 582 ut
2399 544 2465 582 ex
2497 531 2649 586 nobis
2683 532 2739 586 in
2784 547 2849 587 eo
2884 533 2968 602 agi
2997 533 3196 604 aliquid
3240 537 3510 601 ostendat,
3547 537 3715 605 pluri-

2131 631 2277 670 mum
2314 625 2494 670 tamen
2523 618 2578 670 in
2606 619 2698 672 Dei
2728 618 3013 689 largitione
3037 621 3352 676 consistere.
3403 623 3561 677 Ponit
3589 640 3718 694 ergo

2128 714 2182 760 et
2217 724 2235 754 ί
2259 721 2567 761 mensuram
2593 707 2714 761 ﬁdei
2737 728 2754 759 ι
2785 723 2924 776 esse,
2939 725 3036 780 per
3057 726 3216 781 quam
3234 713 3356 780 quis
3381 715 3607 782 gratiam
3633 729 3719 768 ca-

2129 795 2223 862 pit,
2248 795 2396 863 ponit
2431 802 2486 849 et
2513 813 2530 846 ‹
2563 796 2627 849 ad
2662 796 2714 849 id
2737 797 2877 865 quod
2910 799 3126 867 expedit
3157 820 3175 850 ι
3205 800 3340 864 dari,
3370 809 3425 854 et
3459 802 3718 872 Spiritum

2129 887 2367 942 dividere
2410 906 2426 937 ι
2465 897 2627 957 prout
2651 889 2782 943 vult.
2817 908 2833 940 ι
2867 890 2936 946 Ut
2962 906 3092 962 ergo
3125 899 3273 946 tanta
3298 895 3348 946 in
3387 894 3542 947 nobis
3590 895 3719 949 ﬁdes

2130 978 2453 1043 inveniatur,
2493 986 2694 1047 quanta
2730 981 2902 1048 possit
2936 981 3302 1036 sublimiorem
3337 985 3569 1052 gratiam
3597 997 3721 1054 pro-

2128 1069 2346 1132 mereri,
2382 1069 2550 1122 nostri
2594 1069 2772 1137 0peris
2825 1069 3043 1123 videtur
3082 1078 3138 1122 et
3177 1072 3362 1124 studii.
3417 1072 3488 1126 Ut
3544 1080 3718 1125 autem

2129 1159 2195 1212 ad
2231 1160 2482 1215 id-detur
2533 1160 2676 1230 quod
2741 1162 2972 1231 expedit,
3026 1169 3080 1216 et
3122 1164 3252 1217 utile
3295 1165 3363 1217 sit
3414 1166 3718 1234 accipienti,

2130 1246 2222 1301 Dei
2255 1246 2515 1314 judicium
2560 1259 2666 1314 est,
2706 1249 2788 1303 vel
2829 1250 3049 1304 omnino
3095 1252 3137 1305 si
3188 1252 3304 1305 dari
3338 1252 3486 1315 velit,
3523 1253 3576 1304 in
3607 1255 3721 1321 ipso

2129 1346 2241 1400 est;
2273 1337 2392 1390 ideo
2412 1346 2465 1390 et
2492 1338 2543 1392 in
2565 1338 2686 1393 aliis
2714 1338 2852 1393 idem
2879 1339 3166 1409 Apostolus
3195 1331 3327 1396 dicit
3353 1342 3405 1410 (ι
3437 1340 3561 1394 Cor.
3581 1342 3675 1406 xu)
3707 1361 3718 1394 :

2131 1425 2290 1479 Nunc
2326 1436 2497 1480 autem
2542 1427 2680 1481 Deus
2731 1429 2903 1497 posuit
2937 1430 2992 1482 in
3052 1446 3267 1500 corpore
3322 1432 3723 1499 unumquodque

2135 1517 2421 1571 membrum
2439 1530 2590 1588 prout
2617 1518 2797 1572 voluit.
2818 1519 2996 1575 Voluit
3019 1531 3200 1576 autem
3216 1523 3359 1578 Deus
3388 1543 3405 1573 σ
3428 1524 3720 1577 secundum

2132 1611 2395 1667 rationem
2416 1631 2434 1664 ι
2453 1612 2537 1666 vel
2562 1631 2579 1663 ι
2599 1628 2907 1667 mensuram
2925 1614 3068 1681 ﬁdei,
3093 1635 3110 1667 ι
3131 1631 3249 1685 quae
3263 1626 3346 1671 est
3362 1617 3595 1670 iu’nobis
3611 1634 3627 1680 ς
3644 1616 3724 1672 vel

2138 1719 2156 1753 ι
2183 1702 2350 1756 voluit
2375 1701 2442 1756 ad
2468 1702 2521 1756 id
2542 1702 2684 1772 quod
2717 1703 2970 1771 expedit;
3003 1723 3020 1754 ι
3055 1705 3160 1758 nisi
3194 1705 3331 1759 forte
3352 1707 3429 1758 ita
3457 1706 3649 1774 aliquis
3671 1716 3724 1761 et

2057 1793 2106 1854 Β
2135 1792 2238 1847 hoc
2262 1792 2391 1845 velit
2416 1791 2736 1861 intelligere,
2768 1810 2786 1842 ι
2818 1791 2959 1846 Deus
2980 1793 3159 1861 posuit
3191 1793 3242 1846 in
3285 1808 3515 1863 corpore
3537 1809 3723 1847 unum-

2135 1884 2384 1954 quodque
2407 1884 2710 1938 membrum
2737 1893 2897 1952 pront
2923 1867 3106 1948 voluit,
3145 1903 3160 1933 ι
3196 1892 3253 1937 ut
3280 1885 3440 1937 voluit
3470 1885 3538 1938 ad
3564 1900 3723 1938 mem-

2131 1976 2286 2030 brum
2305 1974 2474 2045 magis
2496 1974 2782 2040 referatur,
2818 1976 3034 2042 hocest,
3071 1995 3086 2026 ι
3118 1977 3481 2045 proutvoluit,
3517 1997 3535 2028 ι
3573 1986 3721 2045 prout

2131 2067 2312 2137 elegit,
2330 2075 2491 2136 prout
2511 2081 2731 2136 operam
2759 2067 2928 2132 dedit,
2954 2083 3022 2122 ne
3035 2068 3284 2122 videatur
3312 2068 3378 2123 de
3401 2069 3624 2124 homine
3644 2086 3722 2124 ar-

2129 2159 2272 2213 bitrii
2303 2167 2542 2227 potestas
2565 2159 2784 2212 auferri.
2821 2159 3208 2214 Verumtamen
3238 2175 3306 2214 ex
3334 2161 3438 2215 hoc
3466 2163 3612 2230 quod
3633 2164 3719 2222 ait.

2128 2252 2244 2308 dari
2267 2249 2495 2324 gratiam
2529 2267 2546 2305 t
2568 2250 2634 2308 ad
2657 2250 2706 2308 id
2732 2249 2870 2322 quod
2888 2249 3125 2324 etpedit,
3160 2269 3177 2306 ι
3201 2258 3378 2326 potest
3402 2249 3524 2304 ﬁeri
3553 2263 3611 2304 ut
3629 2251 3719 2304 etsi

2130 2344 2198 2399 sit
2228 2345 2278 2397 in
2317 2345 2494 2413 aliquo
2541 2359 2792 2399 mensura
2831 2343 2953 2399 ﬁdei
3009 2353 3160 2400 tanta
3210 2362 3330 2416 quae
3371 2341 3720 2404 excelsiore"!

2127 2439 2355 2508 gratiam
2402 2448 2673 2494 mereatur
2716 2440 2983 2509 accipere,
3033 2442 3079 2495 si
3127 2453 3348 2498 sanctus
3372 2437 3618 2513 Spiritus
3641 2446 3718 2500 fu-

2128 2538 2245 2583 tura
2282 2531 2616 2599 prospiciens
2649 2531 2903 2599 expedire
2933 2533 3219 2602 accipienti
3250 2549 3357 2589 non
3377 2533 3609 2603 judicet,
3638 2553 3722 2593 ne-

2126 2620 2364 2673 cessario
2423 2619 2626 2674 dividat
2673 2619 2964 2690 unicuique
3011 2631 3169 2690 prout
3204 2623 3317 2677 vult
3382 2633 3437 2679 et
3489 2627 3718 2696 expedit.

2125 2708 2366 2778 Denique
2414 2708 2701 2764 nonnullos
2747 2711 2993 2765 videmus
3031 2712 3256 2781 gratiam
3303 2715 3584 2784 accepisse
3629 2716 3721 2771 do-

2125 2800 2329 2864 ctrinae,
2343 2799 2429 2854 vel
2458 2800 2844 2855 exhortationis
2866 2801 2932 2855 ad
2947 2802 3178 2870 plebem,
3197 2812 3250 2857 et
3273 2818 3336 2858 ex
3355 2805 3460 2860 hoc
3483 2806 3597 2875 ipso
3618 2807 3724 2862 ela-

2124 2898 2207 2945 tos
2230 2898 2390 2959 atque
2435 2891 2487 2943 in
2510 2891 2818 2958 superbiam
2844 2906 3051 2956 versos,
3087 2893 3140 2946 in
3164 2893 3434 2963 judicium
3462 2897 3720 2952 incidisse

2123 2979 2322 3033 diaboli
2354 2995 2368 3043 ;
2407 2979 2539 3035 alios
2583 2981 2860 3049 accepisse
2895 2982 3114 3050 quidem
3143 2984 3394 3052 gratiam,
3436 2987 3533 3041 sed
3567 2987 3725 3058 negli-

2126 3070 2304 3137 gentia
2339 3069 2503 3122 animi
2544 3078 2600 3124 et
2629 3071 2751 3124 vitm
2800 3070 3006 3124 desidia
3054 3074 3396 3142 corrupisse;
3441 3077 3581 3130 unde
3607 3087 3724 3132 erat

432 3148 566 3243 quas
598 3174 843 3244 superius
878 3148 1283 3237 comprehendi,
1311 3171 1516 3242 fulgere
1543 3171 2021 3238 virtutibus;quas
2049 3148 2095 3210 C
2127 3168 2180 3214 et
2210 3157 2296 3214 ille
2325 3160 2416 3228 qui
2445 3168 2722 3229 acceptum
2763 3161 3043 3216 denarium
3077 3163 3128 3216 in
3169 3165 3388 3219 sudario
3431 3166 3722 3237 colligavit.

432 3267 478 3320 si
511 3266 633 3336 quis
671 3265 898 3319 voluerit
923 3267 1125 3336 pariter
1153 3263 1424 3329 aﬂ'ectare,
1458 3263 1511 3316 in
1538 3263 1592 3317 id
1631 3261 1868 3316 incidere
1894 3277 2017 3315 eum

431 3370 656 3412 necesse
684 3365 786 3422 est,
820 3365 878 3410 ut
909 3357 1035 3410 dum
1063 3363 1250 3409 omnes
1276 3353 1538 3422 sequitur,
1577 3351 1777 3406 nullam
1811 3352 2018 3420 integre

431 3449 815 3513 consequatur,
846 3445 1123 3514 magisque
1152 3443 1206 3496 in
1231 3443 1333 3496 hac
1357 3441 1732 3495 immutatione
1757 3453 1820 3494 ac
1848 3440 2020 3493 varie-

433 3546 544 3590 tate
592 3536 928 3605 dispendium
982 3534 1178 3604 capiat,
1240 3549 1398 3602 quam
1443 3533 1778 3602 profectum;
1832 3530 2018 3584 multis

432 3628 574 3682 enim
614 3628 716 3681 viis
757 3613 825 3682 ad
871 3629 1035 3681 Deum
1077 3625 1330 3689 tenditur,
1369 3632 1421 3678 et
1451 3623 1818 3692 unusquisque
1850 3621 2014 3683 illam,

433 3733 593 3789 quam
632 3718 797 3773 semel
843 3716 1090 3786 arripuit,
1134 3713 1472 3768 irrevocabili
1506 3728 1697 3767 cursus
1736 3713 1816 3766 sui
1845 3711 2018 3764 inten-

436 3811 581 3864 tione
616 3809 886 3874 conﬁciat,
932 3816 991 3860 ut
1016 3808 1086 3861 sit
1115 3807 1167 3859 in
1198 3805 1432 3874 qualibet
1473 3803 1803 3873 perfectione
1842 3801 2018 3872 perfe-

437 3910 573 3954 ctus.
600 3897 716 3952 Sive
736 3897 1055 3969 prophetiam
1075 3896 1358 3949 secundum
1382 3895 1635 3963 rationem
1653 3893 1797 3961 ﬁdei.
1818 3892 2015 3962 (Amb.)

435 3989 480 4045 Α
505 3992 784 4060 prophetia
812 3989 1017 4058 incipit,
1049 4003 1167 4056 qua:
1193 3987 1378 4056 probat
1462 3994 1550 4040 est
1575 3986 1749 4054 prima
1781 3984 2018 4038 rationa-

436 4082 596 4135 bilem
625 4095 742 4134 esse
764 4078 923 4133 ﬁdem
951 4086 1214 4139 nostram,
1243 4066 1473 4144 denique
1489 4075 1772 4128 credentes
1793 4080 2017 4141 accepto

439 4171 642 4239 Spiritu
674 4168 1083 4239 prophetabant.
1120 4166 1244 4224 lltec
1272 4181 1400 4235 ergo
1427 4165 1589 4218 datur
1613 4179 1712 4233 pro
1740 4164 1899 4218 modo
1927 4177 2017 4216 ac-

438 4260 707 4330 cipientis,
766 4259 869 4314 hoc
919 4267 1021 4324 est,
1067 4265 1326 4327 quantum
1371 4271 1531 4310 causa
1579 4255 1745 4326 exigit
1797 4261 2018 4323 propter

439 4366 599 4419 quam
622 4351 798 4403 datur.
825 4347 1019 4419 (0rig.)
1042 4348 1172 4402 Cum
1197 4363 1324 4417 ergo
1349 4348 1571 4402 dixisset
1590 4347 1829 4417 singulos
1853 4361 2032 4424 quos-K

441 4457 545 4511 que
579 4441 911 4496 credentium
943 4441 1180 4493 membra
1229 4455 1348 4493 esse
1383 4441 1541 4493 unius
1594 4439 1833 4508 corporis
1859 4436 2016 4491 Chri-

2122 3265 2222 3306 nec
2252 3252 2465 3321 operari
2491 3265 2554 3304 ex
2585 3265 2649 3305 eo
2676 3251 2877 3320 aliquid
2898 3252 3067 3306 voluit
3089 3253 3238 3323 (Luc.
3259 3254 3376 3327 six)
3399 3274 3412 3320 ;
3437 3269 3727 3327 propterea

2123 3341 2350 3408 denique
2372 3349 2428 3394 et
2453 3339 2738 3408 Apostolus
2767 3341 2955 3395 scribit
2982 3343 3050 3396 ad
3081 3344 3464 3400 charissimum
3507 3349 3604 3402 sibi
3659 3350 3723 3403 ﬁo

2123 3432 2252 3488 lium
2280 3432 2464 3485 dicens
2498 3449 2509 3484 :
2549 3430 2674 3484 Noli
2705 3431 2958 3501 negligere
2980 3435 3224 3502 gratiam,
3270 3453 3391 3506 qua:
3418 3439 3474 3490 in
3499 3448 3545 3491 te
3569 3451 3642 3493 est
3673 3440 3726 3510 (Ι

2126 3523 2258 3576 Tim.
2285 3523 2391 3592 IV),
2444 3531 2699 3591 tanquam
2742 3522 2916 3576 sciens
2943 3537 3100 3592 posse
3128 3525 3358 3594 gratiam
3404 3541 3501 3597 per
3549 3528 3726 3599 negli-

2121 3617 2357 3689 gentiam
2385 3617 2652 3686 deperire.
2675 3615 2826 3683 Quod
2844 3627 3024 3673 autem
3059 3620 3211 3685 dixit,
3243 3640 3260 3672 ‹
3299 3622 3594 3676 secundum
3629 3638 3724 3676 ra-

2121 3709 2322 3764 tionem
2346 3729 2364 3760 »
2393 3709 2478 3764 vel
2504 3725 2799 3763 mensuram
2823 3709 2968 3775 ﬁdei,
2983 3719 3112 3780 puto
3135 3709 3248 3778 jam
3288 3711 3449 3781 plene
3479 3713 3533 3767 in
3565 3729 3727 3784 supe-

2120 3799 2352 3854 rioribus
2381 3800 2682 3868 expositum
2732 3815 2849 3869 quae
2880 3801 2950 3854 sit
3003 3800 3136 3856 ﬁdes
3211 3817 3330 3872 qua:
3357 3819 3386 3858 a
3435 3806 3589 3860 nobis
3631 3823 3723 3862 re.-

2119 3893 2385 3962 quiratur,
2414 3899 2468 3946 et
2495 3906 2614 3961 quae
2669 3893 2739 3946 sit
2785 3907 2904 3961 quae
2938 3910 2968 3946 a
2995 3893 3105 3948 Deo
3137 3909 3234 3962 per
3264 3897 3494 3966 gratiam
3530 3899 3721 3964 datur,

2119 3983 2412 4037 secundum
2441 3983 2542 4037 hoc
2569 3983 2710 4050 quod
2737 3981 2876 4036 idem
2917 3983 3204 4053 Apostolus
3249 3987 3400 4052 dicit,
3455 3987 3549 4040 atii
3579 3979 3719 4056 ﬁdes

2117 4071 2172 4126 in
2201 4071 2377 4125 eodem
2407 4071 2643 4141 Spiritu;
2693 4080 2748 4126 et
2777 4073 2906 4126 item
2936 4072 3174 4141 Apostoli
3206 4077 3273 4129 ad
3320 4076 3604 4132 Dominum
3636 4079 3726 4134 di-

2118 4171 2245 4217 cunt
2269 4180 2281 4215 :
2301 4163 2446 4232 Auge
2469 4164 2524 4216 in
2544 4152 2689 4216 nobis
2710 4163 2866 4230 ﬁdem
2892 4163 3043 4235 (Luc.
3070 4166 3228 4234 xvn).
3255 4167 3410 4233 Quod
3440 4168 3572 4225 ﬁdes
3590 4172 3720 4240 qui-

2117 4257 2238 4313 dem
2295 4271 2414 4326 quae
2478 4263 2655 4325 speret
2691 4263 2745 4310 et
2799 4255 2983 4311 credat
3010 4267 3062 4310 et
3090 4259 3309 4327 'absque
3353 4259 3459 4314 ulla
3506 4262 3722 4317 dubita-

2117 4349 2262 4402 tione
2291 4346 2545 4410 conﬁdat,
2570 4347 2624 4400 in
2659 4348 2812 4402 nobis
2841 4356 2952 4412 est;
2987 4350 3127 4403 ratio
3148 4364 3275 4404 vero
3297 4350 3418 4406 ﬁdei
3447 4353 3635 4422 ipsius,
3663 4362 3721 4410 et

2120 4438 2427 4502 scientia,et
2447 4436 2714 4506 perfectus
2735 4453 2920 4492 eorum
2949 4455 3065 4507 quae
3085 4441 3356 4496 credimus
3383 4443 3716 4511 intellectus,

439 4508 526 4598 sti,
559 4549 702 4588 nunc
727 4533 879 4602 quasi
900 4532 1236 4586 diversorum
1263 4531 1627 4584 membrorum
1649 4529 2016 4583 diversitatem
2043 4508 2094 4566 D
2131 4529 2364 4584 donatur
2391 4543 2421 4580 a
2451 4529 2579 4582 Deo.
2638 4525 2744 4580 Sed
2784 4528 2927 4582 dicat
2977 4527 3206 4584 fortasse
3248 4531 3462 4600 aliquis,
3516 4534 3560 4586 si
3598 4508 3722 4591 hac

440 4626 620 4694 operis
646 4632 946 4687 enumerat,
1000 4630 1054 4676 et
1078 4622 1228 4675 verbi
1258 4636 1421 4675 causa
1459 4606 1604 4675 velut
1633 4619 1788 4674 oculo
1827 4619 2022 4683 visum,

441 4716 516 4767 ita
544 4714 732 4774 menti,
779 4728 896 4783 qua:
924 4720 1007 4766 est
1036 4711 1258 4764 interior
1289 4711 1492 4773 oculus,
1543 4709 1842 4779 Prophetize
1885 4708 2024 4761 assi-

439 4812 569 4876 gnat
603 4804 864 4867 ofﬁcium,
920 4811 974 4856 et
1011 4802 1099 4856 alii
1142 4811 1393 4870 tanquam
1443 4801 1624 4854 manui
1675 4800 2031 4854 ministerium

442 4898 696 4961 ascribit,
729 4903 786 4950 et
816 4897 902 4950 alii
952 4904 1210 4964 tanquam
1265 4894 1462 4963 linguae
1490 4893 1792 4946 doctrinam
1820 4893 2026 4955 tribuit,

442 4989 687 5043 similiter
708 4987 1094 5039 etiamczetera.
1127 5004 1144 5034 ι
1176 4983 1478 5038 Secundum
1503 4997 1811 5036 mensuram
1843 5001 1859 5030 »
1888 4996 2017 5050 ergo

448 5099 464 5127 ι
503 5079 622 5133 ﬁdei
672 5095 690 5127 ι
741 5075 1157 5143 uniuscujusque
1185 5074 1523 5127 diversitates
1563 5071 1678 5124 dari
1707 5071 2020 5140 pronuntiat

444 5168 762 5236 gratiarum,
793 5172 870 5227 ut,
902 5162 1050 5216 verbi
1078 5177 1263 5225 causa,
1297 5170 1516 5230 accepta
1554 5161 1674 5229 quis
1697 5161 1872 5230 gratia
1893 5159 2023 5212 illud

444 5255 529 5308 vel
561 5255 687 5307 illud
719 5253 1016 5308 membrum
1063 5253 1115 5305 in
1143 5251 1345 5305 Christi
1377 5265 1602 5320 corpore
1651 5249 1761 5302 ﬁat.
1797 5250 1876 5303 Ad
1918 5250 2022 5303 Cu-

447 5345 674 5398 rinthios
693 5357 822 5395 vero
847 5342 1087 5396 scribens
1109 5343 1186 5395 ait
1210 5359 1220 5392 :
1250 5338 1534 5410 Unicuique
1566 5350 1738 5393 autem
1751 5339 1906 5392 datur
1919 5356 2029 5392 ma-

450 5435 711 5502 uifestatio
743 5431 966 5502 Spiritus
997 5432 1062 5484 ad
1093 5433 1147 5484 id
1180 5432 1315 5502 quod
1347 5432 1546 5500 expedit
1579 5430 1628 5502 (I
1659 5428 1780 5483 Cor.
1807 5430 1940 5500 xu);
1971 5438 2026 5485 et

449 5534 570 5594 post
597 5541 765 5593 pauca
802 5525 986 5577 addit:
1024 5523 1212 5576 Omnia
1241 5533 1413 5575 autem
1460 5531 1705 5592 operatur
1757 5539 1890 5574 unus
1939 5532 2020 5575 at-

449 5632 545 5681 que
567 5615 702 5666 idem
732 5614 979 5682 Spiritus,
1005 5612 1234 5665 dividens
1259 5612 1475 5681 singulis
1497 5621 1650 5678 prout
1673 5612 1776 5666 vult
1799 5611 2017 5682 (Ibid.

457 5703 606 5755 limic
646 5703 774 5757 mihi
815 5705 1038 5766 videtur,
1087 5711 1193 5756 tam
1224 5703 1287 5755 ad
1320 5701 1588 5756 Romanos
1617 5715 1776 5771 quam
1808 5701 1872 5754 ad
1919 5700 2021 5754 Co-

2131 4621 2312 4677 omnia
2341 4634 2437 4689 per
2465 4619 2692 4688 gratiam
2723 4619 2934 4683 dantur,
2968 4634 3072 4674 non
3098 4620 3201 4675 erit
3240 4622 3293 4675 in
3321 4623 3479 4692 culpa
3517 4626 3560 4679 si
3590 4628 3720 4694 quis

2133 4723 2237 4762 non
2267 4708 2568 4777 prophetet,
2623 4714 2713 4760 aut
2742 4720 2847 4760 non
2891 4707 3178 4774 ministret,
3233 4715 3324 4764 aut
3353 4723 3461 4767 non
3499 4715 3715 4780 doceat,

2136 4806 2226 4852 aut
2253 4810 2360 4854 non
2413 4797 2750 4862 exhortetur,
2782 4807 2876 4851 aut
2897 4813 3006 4852 non
3044 4798 3263 4865 tribuat,
3301 4810 3392 4853 aut
3422 4818 3528 4856 non
3571 4819 3711 4873 prte-

2137 4888 2206 4941 sit
2225 4894 2336 4952 ,aut
2362 4901 2466 4942 non
2492 4886 2835 4952 misereatur,
2858 4895 2950 4940 aut
2981 4899 3090 4942 non
3123 4888 3324 4958 diligat,
3354 4893 3480 4959 quia
3520 4893 3712 4948 horum

2131 4979 2370 5033 omnium
2397 4979 2627 5048 gratiam
2662 4982 2765 5031 ‘non
2800 4977 3026 5046 accepit.
3055 4976 3162 5031 Sed
3187 4979 3254 5033 ad
3285 4980 3398 5034 hiec
3430 4981 3669 5038 dicemus
3697 5003 3707 5036 :

2131 5071 2268 5124 sicut
2298 5080 2378 5124 est
2406 5070 2539 5124 ﬁdes
2567 5076 2730 5138 quam
2759 5067 3037 5123 docuimus
3076 5082 3195 5123 esse
3225 5070 3278 5125 in
3303 5071 3479 5136 nobis,
3511 5085 3566 5127 et
3591 5091 3712 5128 rur-

2132 5175 2224 5214 sus
2250 5168 2332 5214 est
2363 5159 2495 5214 ﬁdes
2522 5174 2640 5228 qua:
2669 5169 2764 5228 per
2789 5158 3020 5228 gratiam
3050 5161 3230 5219 datur.
3259 5161 3397 5215 sicut
3429 5177 3591 5231 supra
3632 5166 3710 5219 di-

2136 5250 2311 5303 ximus
2353 5249 2609 5318 scriptum
2664 5263 2804 5315 esse,
2843 5251 2936 5304 alii
2976 5253 3104 5321 ﬁdes
3143 5254 3199 5304 in
3241 5252 3421 5305 eodem
3475 5252 3708 5321 Spiritu;

2137 5342 2209 5394 ita
2239 5341 2399 5395 etiam
2448 5341 2502 5393 in
2528 5355 2847 5410 unoquoque
2891 5342 3079 5397 horum
3119 5357 3238 5412 quae
3274 5343 3709 5401 enumeravimus

2130 5446 2160 5483 a
2181 5431 2287 5484 Deo
2309 5441 2407 5499 per
2430 5431 2658 5500 gratiam
2687 5430 2923 5495 dari,est
2942 5439 2998 5486 et
3022 5433 3075 5485 in
3102 5432 3256 5486 nobis
3281 5430 3487 5500 aliquid
3520 5432 3583 5486 ad
3609 5447 3702 5486 cu-

2122 5520 2210 5590 jus
2255 5521 2619 5588 unusquisque
2667 5534 2973 5574 mensuram
3026 5520 3110 5575 vel
3161 5521 3424 5575 rationem
3483 5523 3706 5592 gratiam

2126 5620 2478 5677 promeretur.
2530 5608 2712 5678 Neque
2764 5610 2907 5663 enim
2973 5612 3037 5665 de
3095 5611 3207 5665 sola
3257 5611 3524 5680 sapientia
3566 5614 3705 5665 acri-

2123 5699 2374 5772 piendum
2406 5708 2489 5753 est
2540 5698 2667 5752 illud
2704 5699 2843 5766 quod
2871 5700 3126 5770 scriptum
3182 5709 3266 5755 est
3296 5717 3308 5752 :
3351 5701 3480 5772 quia
3515 5702 3607 5755 etsi
3643 5702 3706 5754 sit
