3948 6344
171 433 312 492 ιδιθ
701 428 1258 489 ENARRATIONUM
1296 427 1363 484 IN
1400 427 1550 485 EPP.
1590 420 1798 482 PAULI
1834 420 1966 481 LIB.
2012 426 2122 484 Vl].
2163 456 2235 471 —
2271 425 2343 486 IN
2375 425 2596 488 EPIST.
2638 429 2734 487 AD
2770 431 2934 490 ROM.
3307 434 3449 493 1550

166 547 356 618 aliquis
387 545 645 617 perfectus
673 545 729 599 in
753 545 880 614 ﬁliis
908 542 1279 616 hominumhsi
1308 540 1436 594 desit
1465 540 1512 592 ei
1547 539 1751 609 sapien-
1777 543 1832 606 Α
1855 539 2042 595 ctrinte
2065 548 2121 595 et
2146 540 2322 606 verbi,
2353 554 2462 610 quo
2490 539 2699 596 alllictae
2722 543 2914 598 animte
2945 541 3350 613 Scripturarnm
3370 546 3452 601 di-

165 640 264 705 tia,
303 654 422 710 qua?
462 653 527 690 ea:
552 647 600 691 te
625 645 722 701 est,
751 635 820 689 ad
846 633 1069 688 nihilum
1114 631 1452 702 deputabitur
1479 629 1635 700 (Sap.
1660 628 1762 699 rx).
1866 630 2113 694 yinarnm
2151 629 2445 700 prudenter
2480 632 2678 701 aptatis
2705 641 2760 688 et
2789 632 2840 686 in
2872 647 3040 686 unum
3073 633 3314 688 collectis
3340 649 3454 690 ser-

167 730 370 785 Eodem
400 742 632 797 namque
669 725 828 780 modo
863 738 1150 794 possumus
1187 722 1368 777 dicere
1395 740 1407 774 :
1431 719 1646 775 etiamsi
1696 718 1767 772 sit
1868 719 2119 774 monibus
2154 719 2480 774 relevantur.
2523 720 2733 774 Accidit
2757 723 2901 776 enim
2931 736 3072 793 saepe
3115 723 3310 778 anima:
3354 726 3453 778 tri-

165 819 362 890 aliquis
400 818 668 890 perfectus
708 818 761 870 in
789 816 893 871 ﬁde
938 818 991 870 in
1026 815 1147 870 ﬁliis
1187 814 1487 878 hominum,
1531 813 1577 866 si
1625 811 1768 872 desit
1868 807 2202 864 bulationum
2223 810 2504 864 nimietate
2531 810 2854 878 desperatio,
2884 825 2988 867 nec
3016 811 3175 866 facile
3211 815 3454 883 reparari

165 909 215 962 ei
244 907 394 971 ﬁdes,
446 922 565 976 qua:
592 922 658 962 ex
692 914 784 959 tua
821 905 995 976 gratia
1041 910 1144 970 est,
1185 904 1240 956 in
1271 902 1499 974 nihilum
1550 909 1766 971 reputa-

166 999 331 1054 bitur.
366 999 445 1051 Ita
489 998 593 1050 etsi
620 996 893 1065 perfectus
923 996 993 1049 sit
1026 995 1081 1048 in
1109 995 1355 1049 doctrina
1377 994 1518 1064 quis,
1548 1001 1601 1049 et
1627 993 1766 1048 desit

167 1087 215 1141 ei
242 1086 502 1141 doctrinae
525 1085 696 1157 gratia
731 1100 851 1154 qua:
878 1100 946 1140 ex
975 1083 1085 1138 Deo
1121 1094 1222 1149 est,
1255 1085 1310 1137 in
1349 1082 1574 1137 nihilum
1608 1098 1764 1153 repu-

170 1177 552 1241 tabitur,etita
585 1176 640 1230 in
661 1176 912 1230 omnibus
934 1174 1020 1229 his
1049 1189 1169 1244 qua:
1182 1183 1496 1229 enumerata
1523 1182 1649 1228 sunt
1676 1181 1764 1229 est

166 1266 414 1335 quaedam
439 1264 699 1336 perfectio
729 1265 871 1321 inter
901 1264 1040 1321 ﬁlios
1065 1265 1344 1320 hominum
1387 1280 1550 1334 quam
1576 1266 1764 1321 labore

167 1367 221 1413 et
252 1359 444 1414 studiis
488 1350 723 1429 propriis
760 1366 1144 1429 assequuntur,
1204 1359 1318 1413 sive
1356 1358 1416 1413 in
1462 1360 1760 1430 sapientia,

167 1451 281 1506 sive
307 1451 362 1505 in
401 1451 667 1514 doctrina,
700 1450 814 1505 sive
857 1451 912 1504 in
954 1450 1072 1505 aliis
1099 1448 1322 1511 ofﬁciis,
1349 1463 1470 1520 quae
1491 1458 1670 1508 tamen
1716 1453 1762 1509 si

167 1557 276 1597 non
316 1542 550 1596 habeant
577 1556 608 1595 a
637 1541 749 1596 Deo
777 1544 1008 1612 gratiam
1029 1543 1232 1608 datam,
1264 1540 1398 1599 nihil
1432 1551 1611 1609 erunt,
1635 1543 1759 1613 quia

1864 909 1958 954 aut
1992 899 2142 955 reﬁci
2175 900 2583 970 quibuscunque
2633 900 2818 954 verbis
2863 909 3056 970 potest,
3089 902 3339 971 quamvis
3364 918 3460 972 po-

1863 991 1957 1047 lita
1997 992 2086 1046 illa
2129 992 2237 1046 sint
2270 1001 2325 1046 et
2358 991 2706 1062 plausibilia:
2751 993 2797 1046 si
2833 1006 2962 1047 vero
3011 1008 3190 1049 sermo
3251 994 3459 1049 habens

1861 1090 2114 1144 virtutem
2142 1088 2331 1159 gratia:
2363 1088 2458 1144 Dei
2503 1087 2668 1142 fuerit
2701 1086 2997 1152 adhibitus,
3051 1097 3177 1142 tunc
3217 1104 3312 1144 cor
3339 1087 3456 1157 ejus

1861 1186 2131 1248 penetrat,
2154 1185 2209 1232 et
2229 1177 2651 1233 consolationem
2698 1177 2927 1247 prtebet,
2965 1191 3029 1232 ac
3058 1193 3208 1249 spem
3234 1190 3459 1235 revocat

1861 1268 2236 1337 desperatione
2285 1268 2557 1334 submota,
2616 1266 2914 1324 secundum
2963 1266 3116 1334 illud,
3174 1268 3316 1337 quod
3362 1284 3459 1340 per

1859 1357 2185 1429 Prophetam
2217 1358 2418 1412 dictum
2447 1367 2532 1414 est
2558 1373 2590 1412 a
2615 1357 2874 1414 Domino:
2900 1377 2918 1410 ‹
2943 1359 3255 1415 sacerdotes
3292 1360 3460 1430 loqui-

1860 1450 1992 1504 mini
2006 1450 2062 1504 in
2074 1449 2239 1505 corde
2258 1448 2698 1505 Jerusalemn—
2712 1450 2816 1516 Qui
2828 1451 3013 1525 tribuit
3035 1452 3091 1505 in
3105 1451 3454 1522 simplicitate.

1861 1540 2062 1613 (Amm)
2077 1539 2214 1594 lluic
2237 1539 2390 1605 dicit,
2408 1540 2501 1611 qui
2516 1539 2659 1595 bono
2675 1540 2858 1595 animo
2874 1542 3084 1607 tribuit,
3099 1542 3298 1597 auxilia
3314 1558 3457 1598 sem-

167 1634 212 1688 si
245 1632 481 1688 desiteis
515 1632 687 1702 gratia
717 1631 972 1701 Spiritus,
1001 1646 1103 1687 nec
1130 1633 1374 1688 membra
1409 1627 1759 1690 esse'Christi
1857 1647 1956 1703 per
1980 1633 2345 1703 suppeditare,
2376 1640 2706 1704 procurante
2731 1630 2959 1702 Spiritu,
2991 1642 3174 1689 utnon
3202 1635 3344 1690 desit
3368 1637 3459 1690 tri-

167 1729 412 1795 corporis
447 1723 837 1794 possuntuSed
863 1725 919 1779 in
950 1725 1034 1779 his
1062 1724 1323 1794 quaeritur
1343 1721 1399 1779 'si
1435 1734 1612 1793 potest
1639 1740 1760 1781 esse
1858 1721 2045 1775 buenti
2081 1719 2414 1790 simpliciter.
2472 1721 3044 1787 Dicente-Salomone,
3087 1742 3106 1774 ‹
3133 1723 3237 1791 Qui
3270 1724 3459 1780 tribuit

168 1813 346 1884 aliqua
382 1815 438 1868 in
467 1815 624 1870 nobis
650 1814 826 1869 vel'ex
856 1813 1011 1869 nobis
1043 1813 1347 1884 Prophctiae
1381 1816 1608 1884 species,
1639 1831 1758 1886 quae
1856 1812 2204 1882 pauperibus,
2220 1827 2328 1867 non
2346 1812 2624 1882 indigebit.
2648 1832 2667 1865 ι
2691 1811 3004 1885 (Orig.)Qui
3031 1813 3220 1870 tribuit
3240 1827 3295 1872 et
3319 1833 3457 1886 prac-

168 1919 275 1958 nou
301 1910 471 1957 totum
487 1903 685 1958 habeat
711 1916 778 1957 ex
805 1901 932 1966 Deo,
958 1903 1051 1957 sed
1079 1903 1472 1972 aliquantulum
1497 1905 1660 1958 etiam
1687 1921 1756 1960 ex
1784 1906 1832 1965 B
1860 1908 1968 1954 stat
2001 1901 2363 1972 indigentibus
2381 1943 2395 1968 ,
2425 1911 2659 1975 oportet,
2694 1904 2888 1973 inquit,
2926 1913 2986 1958 ut
3023 1906 3078 1960 in
3110 1906 3458 1976 simplicitate

168 1993 422 2048 humanis
464 1992 658 2047 studiis
699 1991 896 2061 capiat.
928 1989 1042 2045 Hoc
1084 1992 1304 2060 quidem
1350 1992 1490 2060 apud
1535 2002 1761 2049 caeteros

167 2084 323 2139 valde
353 2083 680 2153 impossibile
707 2083 997 2149 videbitur,
1027 2084 1167 2153 apud
1186 2083 1413 2138 Paulum
1445 2094 1625 2141 tamen
1649 2087 1757 2142 evi-

169 2173 360 2229 denter
392 2174 652 2246 probatur
676 2174 949 2228 dicentem
989 2192 1001 2227 :
1030 2173 1382 2228 Emulamini
1409 2186 1582 2230 autem
1622 2179 1764 2232 dona

169 2262 398 2331 majora,
429 2264 596 2332 magis
623 2271 797 2316 autem
843 2273 898 2315 ut
935 2264 1246 2334 prophetetis
1291 2264 1345 2336 (I
1385 2262 1507 2320 Cor.
1540 2267 1763 2339 le);‘in

169 2342 277 2424 quo
311 2353 451 2407 sicut
482 2353 763 2408 aemulatur
794 2342 914 2425 quis
953 2355 1313 2411 ministerium
1354 2365 1409 2411 et
1438 2335 1759 2424 doctrinam,

169 2445 603 2505 exhortationem
629 2454 685 2500 et
707 2454 924 2512 caetera,
957 2463 1053 2516 per
1077 2449 1197 2514 hoc,
1223 2452 1366 2520 quod
1392 2451 1612 2507 adhibet
1634 2468 1763 2525 erga

173 2536 291 2592 haec
321 2536 558 2591 studium
586 2551 650 2591 ac
681 2537 942 2603 laborem,
962 2538 1035 2592 ita
1065 2546 1119 2592 ct
1140 2553 1266 2610 erga
1288 2543 1629 2611 prophetiam
1645 2544 1762 2599 ﬁeri

170 2630 370 2685 debere
381 2629 619 2684 ostendit
633 2629 939 2698 Apostolus.
953 2629 1104 2684 Unde
1119 2631 1400 2701 prophetia
1419 2632 1764 2704 intelligenda

170 2730 277 2785 est,
291 2720 406 2774 htec
417 2733 580 2789 quam
605 2719 761 2774 docet
774 2717 970 2773 Paulus
988 2735 1093 2773 non
1109 2719 1195 2773 illa
1203 2735 1253 2773 ιιι
1267 2734 1387 2774 esse
1398 2737 1496 2791 per
1508 2737 1670 2791 quam
1685 2718 1766 2778 dt-

171 2810 344 2866 citur:
364 2807 493 2862 Haec
513 2807 638 2861 dicit
653 2807 908 2862 Dominus
924 2807 1189 2880 (Luc.xv1)
1210 2826 1222 2874 ;
1250 2810 1335 2863 illa
1352 2811 1494 2864 enim
1509 2826 1677 2881 usque
1695 2813 1766 2867 ad

169 2901 433 2956 Joannem
449 2901 629 2982 stetit,
643 2900 937 2955 secundum
961 2902 1103 2968 quod
1125 2901 1178 2953 in
1195 2901 1484 2971 Evangelio
1506 2902 1763 2972 scriptum

171 3001 286 3048 est:
313 2991 420 3046 Lex
449 3000 496 3045 et
518 2991 780 3061 propheta!
803 3007 962 3060 usque
990 2991 1058 3043 ad
1089 2991 1380 3056 Joannem;
1417 2992 1511 3046 sed
1534 2991 1677 3046 illam
1698 2992 1766 3046 de

173 3102 280 3155 qua
319 3084 463 3139 idem
493 3082 780 3153 Apostolus
810 3082 942 3137 dicit
974 3101 985 3134 :
1016 3082 1106 3152 qui
1145 3083 1437 3152 prophetat,
1468 3083 1763 3136 hominibus

173 3176 408 3246 loquitur
442 3174 511 3226 ad
538 3173 939 3241 wdiﬁcationem
972 3183 1019 3226 et
1043 3173 1453 3226 exhortationem
1484 3182 1531 3226 et
1578 3188 1763 3226 conso-

1865 1990 2044 2045 cordis
2086 1991 2188 2045 hoc
2211 1992 2394 2057 iaciat,
2443 1993 2547 2048 hoc
2574 2002 2675 2057 est,
2722 2009 2792 2049 ne
2835 1995 3080 2050 videatur
3115 1997 3334 2066 quidem
3361 1999 3458 2054 be-

1864 2079 2112 2135 nefacere
2144 2082 2526 2153 indigentibus,
2559 2085 2721 2159 corde
2753 2099 2884 2140 vero
2905 2086 3120 2142 laudem
3151 2097 3363 2157 quaerat
3385 2090 3456 2145 ab

1866 2173 2192 2228 hominibus.
2232 2173 2348 2228 Non
2377 2183 2462 2230 est
2485 2190 2612 2246 ergo
2639 2177 2976 2247 simplicitas,
2997 2180 3056 2234 si
3083 2179 3228 2235 aliud
3263 2181 3348 2252 agi
3378 2185 3456 2237 vi-

1866 2261 2057 2316 deatur
2088 2262 2143 2315 in
2173 2263 2444 2329 manibus,
2483 2273 2540 2319 et
2565 2265 2710 2320 aliud
2745 2276 3018 2336 quaeratur
3038 2271 3093 2324 in
3132 2272 3313 2326 corde.
3353 2274 3457 2340 Qui

1864 2360 2051 2422 praeest
2079 2354 2134 2406 in
2175 2352 2547 2409 sollicitudine.
2610 2355 2836 2429 (Ambr.)
2870 2358 3004 2414 Eum
3036 2361 3127 2429 qui
3155 2377 3359 2428 curam,
3394 2374 3458 2419 nt

1864 2443 2051 2512 prmsit
2085 2443 2366 2511 fratribus,
2399 2446 2648 2515 suscipit,
2665 2447 2819 2516 juxta
2848 2449 3008 2503 ﬁdem
3036 2466 3186 2506 suam
3211 2455 3457 2524 accipere

1865 2531 2197 2602 vigilantiam
2234 2533 2366 2588 dicit
2407 2537 2889 2595 etauctoritatem.
2914 2547 2974 2592 ut
2999 2541 3248 2608 proficiat
3275 2542 3458 2613 inquo

1868 2621 2129 2676 sollicitus
2154 2631 2257 2688 est,
2291 2625 2494 2678 habens
2523 2626 2576 2678 in
2605 2626 2710 2680 illis
2743 2626 2998 2694 fructum,
3026 2632 3221 2699 quibus
3239 2643 3455 2702 praeest.

1870 2709 2067 2782 (θήρ.)
2116 2710 2217 2778 Qui
2259 2726 2388 2783 ergo
2437 2725 2633 2783 praeest
2671 2716 2954 2785 fratribus,
3007 2721 3089 2776 vel
3129 2725 3219 2792 qui
3263 2737 3462 2794 praeest

1870 2799 2147 2866 Ecclesiae,
2173 2801 2226 2854 in
2251 2801 2616 2858 sollicitudine
2654 2820 2774 2860 esse
2813 2806 2990 2872 debet,
3039 2824 3146 2864 non
3197 2812 3460 2868 humana-

1867 2905 1990 2944 rum
2030 2905 2339 2956 causarum,
2394 2909 2494 2949 nec
2522 2895 2861 2952 saecularium
2914 2914 3118 2965 rerum,
3167 2901 3286 2957 haec
3312 2905 3457 2959 enim

1870 2981 2173 3038 sollicitudo
2193 2983 2368 3037 aliena
2395 2984 2556 3040 debet
2579 3001 2699 3042 esse
2725 2988 2793 3041 ab
2821 2989 2904 3043 his
2930 2991 3023 3059 qui
3049 2990 3303 3047 Ecclesiae
3326 3010 3462 3063 prae-

1872 3084 2036 3139 sunt;
2098 3077 2192 3130 sed
2249 3075 2410 3130 talem
2456 3078 2682 3147 recipiat
2738 3079 3192 3150 sollicitudinem,
3246 3087 3461 3156 qualem

1870 3161 2161 3234 Apostolus
2195 3165 2364 3220 dicit:
2417 3166 2713 3222 Concursus
2752 3170 2805 3222 in
2846 3188 2924 3224 me
2959 3174 3322 3243 quotidianus,
3354 3177 3463 3232 sol-

173 3268 339 3320 1αεὶοη
343 3281 422 3318 em
468 3263 518 3334 (Ι
549 3262 670 3318 Cor.
694 3263 829 3334 xw).
888 3259 1178 3332 prophetia
1217 3275 1346 3331 ergo
1384 3261 1581 3316 dicitur
1621 3261 1763 3331 apud
1789 3251 1836 3315 C
1857 3252 2084 3308 .licitudo
2104 3257 2336 3309 omnium
2360 3255 2738 3313 Ecclesiarum.
2780 3259 2910 3325 Quis
2942 3262 3266 3332 inﬁrmatur,
3297 3277 3345 3321 et
3365 3285 3458 3338 ego

173 3354 424 3419 Paulum,
454 3367 576 3406 cum
604 3352 725 3421 quis
754 3352 990 3421 loquitur
1019 3350 1327 3405 hominibus
1355 3350 1423 3404 ad
1450 3349 1762 3406 aediﬁcatio-

176 3464 326 3513 nem,
376 3453 430 3501 et
459 3462 580 3501 cum
610 3446 846 3515 loquitur
873 3447 940 3500 ad
970 3445 1399 3500 exhortationem
1442 3452 1496 3500 et
1517 3445 1763 3500 consola-

1865 3359 1971 3396 non
2005 3343 2288 3411 inﬁrmor?
2319 3343 2447 3408 Quis
2489 3346 2885 3401 scandalizatur
2926 3360 2973 3403 et
3012 3368 3104 3421 ego
3143 3371 3250 3408 non
3286 3372 3414 3410 uror
3436 3359 3463 3413 1’

1866 3432 1954 3504 (II
1983 3433 2104 3487 Cor.
2137 3435 2237 3505 xi.)
2262 3434 2364 3502 Qui
2390 3451 2518 3504 ergo
2552 3447 2749 3507 praeest
2775 3439 3030 3498 Ecclesiis
3061 3444 3223 3500 talem
3255 3447 3458 3504 sollici-

179 3541 402 3604 tionem,
443 3546 499 3592 et
523 3538 644 3592 ideo
690 3538 945 3592 adhibere
988 3536 1227 3591 Studium
1275 3537 1343 3591 ad
1392 3537 1762 3606 hujuscemodi
1863 3523 2104 3578 ῑυάίηθηὶ
2142 3525 2340 3579 habere
2369 3526 2548 3592 άθϋθιν
2577 3536 2632 3581 ει
2657 3527 2803 3583 illam
2844 3531 3002 3585 aliam
3033 3535 3348 3592 saecularem
3370 3539 3460 3594 ha-

176 3629 526 3699 propheuam
547 3627 800 3698 possibile
821 3627 975 3682 nobis
1004 3636 1104 3692 est,
1129 3636 1182 3681 ει
1207 3634 1290 3681 εει
1311 3627 1368 3680 in
1400 3635 1586 3682 nostra
1607 3635 1760 3696 ροιε.
1864 3613 1994 3668 bere
2030 3615 2249 3669 omnino
2280 3631 2387 3671 non
2411 3617 2589 3673 debet.
2632 3619 2736 3686 Qui
2766 3622 3040 3678 miseretur
3076 3626 3132 3680 in
3161 3627 3450 3686 hilaritate.

179 3730 320 3778 state
352 3728 413 3774 ut
445 3718 599 3774 nobis
633 3718 688 3772 in
733 3719 849 3772 haec
889 3732 1112 3788 operam
1151 3717 1404 3772 dantibus
1443 3719 1511 3784 si,
1567 3732 1762 3773 secun-

181 3818 309 3872 dum
360 3814 626 3869 rationem
667 3812 752 3868 vel
801 3827 1111 3868 mensuram
1157 3809 1303 3878 ﬁdei,
1346 3812 1463 3866 haec
1499 3810 1765 3880 facimus,

183 3900 416 3962 addatur
443 3912 497 3964 et
525 3903 610 3974 illa
640 3918 758 3973 qua:
783 3917 848 3957 ex
881 3903 990 3956 Deo
1035 3910 1118 3957 est
1148 3901 1458 3972 Prophetia.
1516 3901 1642 3957 Haec
1671 3918 1768 3957 no-

181 3998 266 4052 bis
303 3997 369 4050 de
403 3995 705 4065 Prophetiae
735 3993 908 4064 gratia
943 3994 1086 4048 dicta
1122 3994 1246 4048 sint.
1277 3993 1405 4048 Post
1440 3992 1556 4048 haec
1584 3994 1767 4064 sequi-

183 4085 274 4140 tur
307 4101 320 4138 :
355 4084 474 4139 Sive
519 4084 864 4138 ministerium
910 4085 965 4136 in
1003 4084 1369 4139 ministrando.
1415 4084 1647 4155 (Ambr.)
1687 4085 1769 4140 Ad

183 4175 501 4244 obsequium
554 4173 908 4228 fraternitatis
948 4175 1295 4243 praebendum
1345 4176 1398 4228 in
1430 4173 1634 4229 tantum
1671 4176 1772 4230 mi-

185 4270 360 4324 nister
405 4266 669 4332 ﬁrmatur,
710 4274 970 4336 quantum
997 4267 1170 4321 credit
1206 4267 1402 4322 debere
1438 4282 1496 4322 se
1523 4266 1767 4337 obsequi,

185 4375 254 4415 ne
282 4357 422 4412 ultra
446 4356 606 4411 ﬁdem
635 4356 885 4411 laborans
915 4357 968 4409 in
993 4355 1273 4426 obsequio,
1307 4357 1560 4428 fatigetur
1597 4357 1771 4412 incas-

186 4469 326 4517 sum,
366 4452 489 4522 quia
529 4452 631 4504 hoc
661 4450 903 4519 sequitur
939 4463 1394 4517 unumquemque,
1433 4448 1574 4517 quod
1611 4463 1773 4503 cona-

187 4555 275 4600 tur
302 4559 367 4598 ex
393 4541 573 4596 corde.
603 4539 724 4594 Sive
745 4541 833 4609 qui
857 4540 1004 4593 docet
1029 4541 1085 4592 in
1115 4538 1372 4592 doctrina.
1405 4537 1665 4592 Similiter
1694 4538 1774 4593 di-

187 4637 262 4691 cit
293 4634 533 4704 adjuvari
579 4631 854 4686 doctorem
887 4631 941 4684 in
986 4630 1263 4694 doctrina;
1316 4637 1377 4683 ut
1415 4629 1469 4683 in
1507 4639 1766 4698 quantum

188 4729 323 4782 ﬁdes
356 4727 470 4795 ejus
520 4733 603 4778 est
650 4725 717 4777 ad
766 4721 1083 4787 docendum,
1144 4724 1196 4776 in
1234 4730 1438 4776 tantum
1478 4722 1769 4792 inspiretur

189 4821 259 4874 ad
295 4814 609 4874 tradendam
643 4815 980 4885 disciplinam
1016 4815 1311 4870 caelestem.
1339 4813 1455 4870 Sive
1476 4816 1565 4884 qui
1587 4817 1771 4870 exhor-

191 4920 337 4964 tatur
360 4909 413 4961 in
439 4907 780 4961 exhortando.
808 4905 1004 4978 (Θήρ.)
1027 4906 1321 4962 Possumus
1356 4906 1473 4961 haec
1499 4907 1678 4961 omnia
1703 4907 1771 4962 ad

193 5000 340 5054 illam
365 4996 599 5067 regulam
617 5011 869 5051 revocare
883 5012 1001 5067 quae
1020 4997 1265 5066 superius
1289 4997 1411 5052 data
1427 5005 1530 5063 est,
1548 4998 1649 5052 hoc
1663 5007 1768 5064 est,

194 5107 298 5143 non
320 5089 436 5158 plus
476 5103 654 5156 sapere
683 5104 838 5157 quam
880 5096 1075 5157 oportet
1110 5104 1306 5158 sapere,
1339 5095 1398 5141 ut
1430 5088 1580 5142 verbi
1607 5103 1769 5144 causa

195 5183 461 5244 dicamus,
485 5193 591 5233 non
614 5179 807 5234 debere
827 5195 949 5234 eum
971 5180 1061 5250 qui
1087 5179 1377 5244 ministrat,
1395 5180 1446 5234 in
1464 5181 1776 5237 ministran-

196 5273 266 5327 do
301 5273 420 5341 plus
459 5286 645 5340 sapere
696 5286 854 5340 quam
892 5281 1102 5341 oportet
1131 5287 1350 5343 sapere;
1384 5283 1438 5327 et
1476 5276 1566 5343 qui
1598 5277 1774 5341 docet,

197 5364 252 5416 in
286 5362 527 5415 doctrina
564 5377 666 5416 non
701 5362 818 5429 plus
859 5377 1046 5431 sapere
1101 5379 1259 5432 quam
1295 5372 1503 5434 oportet
1560 5367 1777 5437 sapere;

198 5463 254 5509 et
303 5452 394 5520 qui
429 5454 761 5516 exhortatur,
801 5453 852 5505 in
889 5456 1262 5511 exhortatione
1293 5471 1396 5509 non
1423 5457 1540 5526 plus
1589 5473 1776 5527 sapere

200 5560 361 5614 quam
389 5555 600 5611 oportet
630 5560 834 5614 sapere.
863 5545 1006 5598 Multi
1041 5549 1182 5600 enim
1210 5557 1426 5617 accepto
1452 5551 1774 5616 ministerio,

201 5634 288 5689 vel
323 5643 537 5702 accepta
589 5637 829 5690 doctrina
857 5637 976 5705 plus
1011 5652 1302 5708 sapuerunt
1333 5657 1492 5709 quam
1543 5644 1778 5711 oportuit

205 5741 414 5793 sapere,
453 5734 506 5779 ct
530 5725 651 5780 elati
676 5727 728 5780 in
759 5730 1116 5797 arrogantitun
1181 5732 1264 5785 vel
1300 5733 1350 5785 in
1384 5732 1599 5787 delicias
1636 5750 1780 5790 reso-

207 5816 324 5883 luti,
353 5817 652 5887 praccipites
673 5828 1010 5875 corruerunt.
1027 5819 1344 5878 Exhortatio
1360 5830 1438 5876 est
1463 5824 1668 5892 species
1686 5824 1779 5879 do-

1795 4596 1849 4656 D

1869 3702 2103 3776 (Amhr.)
2134 3704 2289 3759 Hunc
2312 3720 2526 3776 quoque
2541 3708 2674 3764 dicit
2702 3713 2994 3766 secundum
3023 3729 3244 3772 sensum
3275 3734 3455 3787 suum,

1868 3794 1959 3862 qui
1988 3795 2110 3850 laeto
2131 3796 2310 3850 animo
2340 3798 2768 3855 misericordiam
2799 3800 2950 3868 facit,
2979 3813 3034 3859 et
3055 3807 3140 3860 cui
3170 3824 3276 3864 non
3302 3816 3455 3881 quasi

1868 3885 2071 3940 nolenti
2103 3895 2508 3956 extorquentur,
2535 3890 2750 3947 fundari
2791 3903 2845 3948 et
2885 3897 3129 3952 roborari
3177 3915 3205 3952 a
3238 3901 3370 3969 Deo,
3396 3911 3458 3958 ut

1869 3977 1924 4030 in
1962 3977 2064 4032 hac
2097 3993 2154 4032 re
2203 3978 2403 4031 nullam
2447 3979 2816 4037 inﬁrmitatem
2852 3985 3107 4054 patiatur,
3154 3990 3332 4046 sciens
3374 3994 3459 4048 di-

1869 4077 2014 4124 ctum
2042 4085 2074 4122 a
2118 4069 2437 4124 Salomone:
2481 4072 2621 4127 Dum
2652 4075 2809 4129 habes
2851 4079 3197 4147 occasionem,
3246 4083 3458 4153 benefac

1871 4157 2055 4232 (Prov.
2082 4161 2162 4232 ιιι)
2181 4179 2196 4227 ;
2220 4163 2314 4216 sed
2336 4163 2440 4218 hoc
2453 4163 2748 4220 multifarie
2769 4168 3174 4240 intelligendum
3188 4183 3291 4240 est,
3319 4180 3458 4233 mul-

1873 4251 2035 4320 tiplex
2054 4260 2138 4306 est
2164 4255 2308 4306 enim
2328 4255 2700 4310 misericordia
2717 4259 2816 4311 sub
2837 4275 2942 4314 uno
2961 4263 3241 4318 vocabulo.
3265 4265 3397 4321 Nam
3411 4271 3461 4326 si

1872 4354 2033 4426 sppra
2065 4340 2234 4394 dixit:
2285 4340 2388 4404 Qui
2425 4342 2650 4414 largitur
2686 4345 2741 4398 in
2769 4346 3121 4417 simplicitate,
3175 4355 3303 4423 quid
3342 4366 3462 4412 erat

1872 4445 2005 4499 opus
2037 4431 2253 4496 iterare,
2307 4431 2411 4485 nisi
2445 4434 2570 4501 quia
2610 4434 2710 4488 sub
2733 4451 2841 4491 uno
2871 4438 3254 4498 misericordiae
3281 4448 3459 4502 nomi-

1871 4539 1939 4578 ne
1974 4524 2140 4578 multa
2173 4525 2314 4579 bona
2360 4539 2526 4594 opera
2567 4527 2886 4599 signiﬁcavit
2931 4531 3334 4601 ?peccantibus
3383 4549 3464 4594 et-

1874 4621 2017 4673 enim
2053 4621 2342 4694 ignoscere
2382 4623 2754 4678 misericordia
2811 4634 2918 4692 est,
2957 4634 3014 4682 et
3038 4629 3094 4682 in
3138 4634 3493 4690 necessitate

1872 4713 2048 4783 aliqua
2065 4715 2242 4783 posito
2261 4713 2343 4768 vel
2360 4729 2614 4785 oppresso
2627 4731 2786 4786 opem
2806 4716 2950 4774 ferre
2967 4721 3335 4779 misericordia
3356 4736 3464 4784 est.

1872 4805 1994 4859 ldeo
2021 4806 2064 4859 si
2091 4805 2205 4860 haec
2243 4806 2472 4876 impigre
2517 4819 2572 4862 et
2608 4810 2724 4864 siue
2774 4813 2931 4866 taedio
2968 4813 3131 4869 fuerit
3172 4827 3458 4886 operatus,

1873 4894 2089 4949 habebit
2118 4895 2278 4965 hujus
2307 4902 2486 4967 operis
2515 4907 2570 4952 et
2594 4899 2648 4952 in
2674 4902 2925 4968 presenti
2955 4913 3010 4957 et
3030 4905 3083 4956 in
3116 4904 3298 4960 futuro
3323 4923 3463 4964 mer-

1876 4989 2080 5043 cedem.
2135 4989 2322 5046 Omnis
2375 5006 2502 5061 ergo
2547 4993 2916 5049 misericordia
2950 5004 3006 5050 et
3041 4998 3360 5068 simpliciter
3409 5012 3463 5059 et

1872 5098 1994 5136 cum
2020 5084 2213 5154 gaudio
2243 5084 2357 5138 ﬁeri
2385 5086 2561 5151 debet,
2592 5093 2650 5138 ut
2671 5087 2985 5157 simplicitas
3013 5091 3260 5150 excludat
3294 5096 3462 5166 hypo-

1874 5173 2060 5238 crisin,
2100 5174 2346 5242 gaudium
2399 5189 2524 5228 vero
2579 5174 2773 5230 fretum
2816 5177 3006 5233 futura:
3057 5184 3168 5250 spei
3238 5191 3464 5240 testatur

1879 5281 2125 5321 examen.
2171 5265 2367 5338 (Orig.)
2408 5266 2563 5322 Aliud
2586 5275 2669 5322 est
2714 5269 2854 5322 enim
2900 5271 3028 5324 dare
3077 5271 3357 5343 indigenti,
3406 5286 3463 5332 et

1883 5359 2026 5414 aliud
2053 5368 2136 5415 est
2159 5360 2351 5415 affectu
2387 5362 2768 5417 misericordiae
2801 5378 2920 5416 cum
2947 5364 3221 5436 indigente
3249 5373 3463 5438 partiri,

1883 5461 1938 5505 et
1971 5455 2090 5510 ideo
2126 5467 2232 5508 non
2261 5453 2374 5506 vult
2410 5453 2463 5507 in
2500 5454 2590 5508 tali
2641 5469 2801 5524 opere
2844 5470 2964 5510 esse
3019 5457 3323 5526 tristitiam;
3375 5463 3464 5530 qui

1884 5546 2026 5600 enim
2057 5553 2240 5614 erogat
2268 5545 2547 5613 pecuniam
2582 5559 2752 5607 suam,
2788 5546 2832 5596 si
2867 5545 3111 5598 inudelis
3135 5547 3224 5608 sit,
3253 5559 3306 5601 ct
3331 5565 3465 5603 recc

1883 5651 2101 5708 pturum
2150 5654 2208 5694 se
2253 5639 2520 5706 desperet,
2564 5638 2871 5692 necessario
2909 5649 3186 5705 tanquam
3220 5642 3308 5705 qui
3355 5657 3474 5692 cam

1884 5730 2178 5799 perdiderit
2217 5727 2567 5781 contristatur
2609 5747 2620 5781 :
2655 5729 2743 5798 qui
2783 5743 2914 5782 vero
2960 5743 3116 5783 cum
3159 5728 3256 5779 ﬁde
3299 5737 3352 5778 et
3391 5743 3486 5794 spe

1887 5821 1999 5875 lucc
2039 5822 2174 5889 agit,
2204 5819 2256 5872 in
2285 5815 2554 5873 hilaritate
2586 5829 2638 5873 ct
2693 5819 2878 5874 iretitia
2915 5819 3080 5892 agit,
3147 5822 3314 5868 certus
3357 5814 3493 5882 quod
