3948 6306
457 309 613 406 ιιδει
1106 323 1169 377 Β.
1212 322 1467 379 RABANI
1507 318 1727 380 MAURI
1763 323 2082 381 A-RCHIEP.
2120 324 2429 385 MOGUNT.
2471 326 2758 389 OPERUM
2793 332 2973 390 PARS
3007 335 3097 392 Ill.
3623 340 3746 398 £55!

458 451 632 512 parva
653 438 790 505 haec,
820 450 942 510 qua:
965 450 1064 508 pro
1108 439 1362 494 mandato
1385 437 1479 494 Dei
1503 439 1781 508 expendit,
1815 438 2062 510 ingentes
2091 445 2143 507 Λ
2168 451 2319 497 calor
2335 451 2418 499 est
2438 444 2606 500 frater
2633 457 2776 515 tuus,
2799 449 2918 505 ideo
2944 464 3069 506 eum
3090 465 3198 506 non
3226 457 3383 521 putas
3405 449 3744 523 diligendum,

461 530 571 588 sibi
611 542 743 603 opes
774 527 1076 584 cmiestium
1105 529 1438 595 divitiarum,
1479 529 1701 599 insuper
1726 539 1780 586 et
1807 540 2068 586 aeternam
2175 532 2299 588 audi
2329 535 2453 603 quia
2488 535 2736 594 Christus
2764 539 2922 597 Jcsus
2949 542 3004 596 in
3033 543 3178 596 hunc
3208 543 3475 599 mundum
3515 554 3748 614 peccato-

456 620 739 677 eonferant
760 618 947 672 vitam.
1006 618 1226 672 Dilectio
1248 621 1360 674 sine
1384 620 1741 676 simulatione.
1808 621 1920 691 Ego
1939 631 2070 691 puto
2173 637 2261 678 res
2291 624 2468 680 salvos
2495 626 2678 684 facere
2704 630 2852 684 venit
2879 631 2932 703 (Ι
2963 629 3097 686 Tim.
3127 633 3166 703 ι)
3186 647 3198 694 ;
3219 632 3264 685 si
3294 647 3423 687 vero
3447 634 3626 705 justus
3652 647 3745 701 est,

454 712 598 782 quod
621 709 799 766 omnis
839 708 1101 776 charitas,
1149 725 1270 780 qua:
1291 727 1399 767 non
1420 720 1505 768 est
1528 715 1826 770 secundum
1871 714 2065 784 Deum,
2169 715 2339 770 multo
2379 709 2551 790 ma’gis
2588 719 2876 778 dilectione
2915 723 3110 794 dignus
3149 731 3276 779 est:
3315 721 3575 779 Dominus
3621 727 3746 781 enim

451 801 705 858 simulata
735 798 807 855 sit
833 806 888 855 et
919 815 1048 856 vera
1087 815 1194 856 non
1233 803 1340 856 sit:
1376 803 1574 858 etenim
1607 813 1823 860 creator
1873 805 2068 861 anima:
2167 805 2338 876 diligit
2364 804 2537 877 justas
2569 807 2743 881 (Psal.
2776 814 2956 884 σιν).

450 893 612 958 Deus,
673 889 879 946 idcirco
905 890 957 945 ei
988 905 1113 946 cum
1159 892 1372 947 caeteris
1400 893 1686 948 virtutibus
1735 895 1899 949 etiam
1936 894 2066 950 all‘e-
2241 895 2456 952 Honore
2480 901 2701 956 invicem
2730 905 3123 972 prtevenientes.
3154 904 3270 962 Hoc
3298 914 3386 962 est
3406 907 3552 975 quod
3580 918 3631 962 et
3656 907 3747 964 Do-

452 990 604 1037 ctum
673 981 965 1036 charitatis
1025 980 1278 1038 inseruit.
1324 982 1386 1038 'ut
1439 982 1630 1054 diligat
1675 983 1868 1050 Deum,
1921 994 1975 1041 et
1997 1001 2062 1041 ca
2165 986 2346 1042 minus
2381 990 2585 1058 docuit,
2617 1006 2742 1047 cum
2770 1002 2986 1050 notaret
3008 995 3216 1052 scribas
3241 995 3630 1050 etPharisaaos
3651 997 3751 1065 pri-

449 1087 573 1143 quas
594 1073 706 1128 vult
731 1073 896 1128 Deus.
933 1071 1069 1128 Cum
1096 1088 1227 1145 ergo
1255 1073 1358 1129 hoc
1382 1088 1517 1143 opus
1538 1075 1593 1129 in
1621 1076 1802 1135 anima
1827 1077 2060 1144 dederit,
2164 1092 2251 1131 ma
2267 1078 2368 1133 sibi
2387 1080 2503 1135 loca
2522 1082 2574 1136 in
2587 1084 3220 1150 conviviisvindicantes,
3239 1094 3295 1141 et
3309 1088 3553 1150 doceret,
3570 1095 3747 1142 utcutn

446 1165 718 1222 charitate
753 1166 1062 1237 quicunque
1100 1165 1244 1221 aliud
1286 1166 1537 1222 dilexerit
1577 1182 1739 1237 quam
1789 1168 1958 1224 Deum
2007 1177 2063 1224 et
2161 1177 2386 1224 vocatus
2411 1170 2580 1226 fueris
2619 1168 2677 1227 tu
2699 1174 2767 1230 ad
2796 1187 3031 1240 caenam,
3086 1175 3141 1229 in
3181 1175 3478 1230 novissimo
3529 1175 3751 1230 locare-

448 1273 572 1328 quae
603 1259 716 1315 Deo
757 1258 993 1328 placent,
1036 1260 1273 1314 charitas
1320 1261 1372 1314 in
1413 1275 1480 1314 eo
1528 1257 1654 1315 ficta
1696 1269 1752 1314 et
1805 1261 2058 1315 simulata
2159 1259 2382 1316 cumbas
2415 1260 2566 1332 (Luc.
2593 1265 2727 1336 xiv).
2779 1263 3145 1320 Sollicitudine
3193 1283 3297 1322 non
3340 1268 3498 1338 pigri.
3535 1267 3752 1339 (Ambr.)

451 1349 686 1404 dicenda
716 1358 831 1415 est;
879 1349 974 1405 sed
1003 1357 1060 1405 et
1083 1351 1128 1405 si
1160 1350 1284 1420 quis
1312 1351 1621 1421 proximum
1652 1367 1809 1406 suum
1849 1351 2053 1420 diligat,
2158 1352 2271 1410 Hoc
2292 1363 2401 1420 est,
2427 1354 2570 1424 quod
2585 1356 2991 1427 dicitpropheta
3004 1356 3292 1424 Jeremias,
3311 1359 3438 1428 quia
3453 1359 3751 1414 maledicus

449 1444 658 1491 etcum
685 1446 962 1494 errantem
1004 1451 1127 1493 eum
1159 1439 1358 1494 viderit
1387 1455 1495 1495 non
1527 1450 1893 1505 commoneat,
1948 1457 2055 1496 non
2153 1449 2243 1519 qui
2272 1448 2398 1518 facit
2425 1463 2582 1518 opera
2611 1446 2823 1501 Domini
2847 1436 3167 1519 negligenter
3197 1448 3334 1520 (Jer.
3366 1449 3595 1518 vam);
3617 1449 3752 1520 piger

448 1526 714 1598 corrigat,
758 1527 1014 1584 simulata
1035 1529 1276 1585 charitas
1304 1531 1408 1584 ista
1443 1529 1672 1585 dicenda
1698 1539 1822 1585 est:
1852 1539 1909 1586 et
1933 1532 2054 1586 ideo
2154 1541 2367 1596 enimin
2387 1539 2800 1595 conversatione
2827 1539 3006 1594 divina
3031 1540 3148 1595 sine
3187 1555 3282 1610 spe
3316 1523 3431 1606 est;
3465 1538 3753 1608 ideosubje-

449 1632 585 1687 nihil
636 1632 844 1689 habere
899 1633 1283 1700 adulatorium,
1339 1633 1474 1688 nihil
1523 1633 1766 1689 fucatum
1815 1636 2052 1693 charitas

447 1722 627 1789 debet,
673 1724 817 1780 sicut
835 1733 891 1780 et
911 1724 1037 1780 alibi
1066 1725 1208 1781 idem
1239 1725 1526 1798 Apostolus
1552 1727 1684 1783 dicit
1713 1727 1764 1799 (I
1799 1727 1932 1782 Tim.
1963 1730 2003 1801 ι)
2031 1745 2044 1783 :

2150 1631 2229 1687 cit
2247 1649 2258 1684 :
2278 1630 2478 1701 Spiritu
2495 1631 2770 1700 ferventes.
2791 1629 2904 1686 Hoc
2918 1639 3087 1698 est,ut
3108 1632 3161 1686 in
3175 1631 3446 1687 exercitio
3465 1631 3632 1686 divini
3645 1643 3753 1700 ope-

2152 1737 2230 1777 ns
2260 1730 2354 1776 aut
2377 1721 2512 1793 legis
2539 1737 2646 1776 non
2677 1722 2749 1776 sit
2771 1721 3004 1792 tepidus,
3031 1722 3174 1778 sicut
3202 1721 3335 1777 dicit
3359 1721 3416 1776 in
3440 1719 3750 1792 Apocalypsi

447 1811 695 1869 Charitas
720 1816 785 1872 de
812 1817 968 1872 corde
995 1833 1128 1888 puro
1154 1827 1202 1873 et
1227 1794 1545 1874 conscientia
1577 1794 1787 1875 bona'et
1812 1820 1916 1890 ﬁde
1945 1794 2051 1877 non

2156 1809 2401 1876 Joannis,
2441 1812 2693 1882 quoniam
2737 1811 2942 1881 tepidus
2974 1827 3050 1877 es,
3099 1810 3299 1881 inquit,
3330 1827 3566 1865 evomam
3612 1821 3660 1864 te
3697 1827 3751 1864 ex

446 1905 594 1974 ficta.
644 1906 875 1978 (Ambr.)
915 1906 1056 1964 Huic
1083 1909 1231 1964 enim
1252 1911 1422 1965 menti
1451 1925 1574 1981 quae
1607 1913 1710 1968 hoc
1741 1912 2055 1980 meditatur,

448 2005 509 2052 ut
532 1997 653 2052 ideo
679 1987 870 2068 diligat
893 1997 1138 2064 fratrem,
1171 2001 1298 2070 quia
1339 2002 1444 2057 scit
1472 2002 1574 2057 hoc
1597 2002 1815 2072 placere
1845 2006 2054 2061 auctori

447 2085 583 2157 Deo,
608 2102 709 2143 nec
739 2087 1046 2144 adulatione
1065 2091 1348 2160 praesentis
1362 2091 1486 2152 vita:
1506 2092 1612 2148 hoc
1637 2103 1781 2163 agat,
1807 2094 2057 2150 subvenit

447 2176 704 2247 Spiritus,
725 2178 926 2249 utquia
947 2179 1051 2234 hoc
1067 2179 1261 2235 devota
1288 2189 1470 2237 mente
1509 2184 1725 2252 quaerit,
1775 2184 2055 2254 obsequiis

446 2269 622 2338 possit
667 2268 924 2340 implere;
958 2269 1184 2324 audiunt
1206 2270 1351 2324 enim
1367 2271 1568 2327 dictum
1584 2272 2056 2328 aDominozPrte-

445 2369 650 2430 ceptum
668 2377 854 2415 novum
868 2359 935 2413 do
952 2360 1094 2415 vobis
1113 2371 1167 2414 ut
1183 2360 1416 2428 diligatis
1439 2363 1654 2417 invicem
1671 2361 1892 2433 ?(Joan.
1909 2378 2054 2450 xm.)

539 2450 789 2506 0dientes
855 2452 1055 2506 malum
1086 2490 1102 2518 ,
1162 2453 1490 2507 adluerenles
1551 2454 1704 2508 bono.
1770 2453 1888 2510 Non
1937 2471 2055 2512 ma-

446 2558 614 2614 gnum
651 2542 786 2598 dicit
834 2544 1042 2598 evitare
1101 2543 1304 2598 malum
1353 2544 1455 2599 nisi
1500 2545 1845 2602 adhaereatur
1877 2548 2049 2612 bono;

446 2631 580 2686 illud
633 2633 779 2686 enim
827 2633 895 2688 de
933 2633 1129 2687 timore
1182 2634 1263 2698 (it,
1342 2633 1447 2688 hoc
1497 2635 1565 2690 de
1612 2650 1817 2692 amore.
1853 2635 2052 2707 (0rig.)

446 2721 643 2777 Mirum
679 2722 910 2777 fortasse
939 2722 1010 2777 sit
1033 2723 1175 2791 quod
1209 2723 1352 2778 inter
1386 2735 1584 2780 caetera
1618 2726 1759 2780 bona
1789 2727 2050 2782 virtutum

447 2813 744 2870 assumitur
794 2813 956 2868 etiam
1003 2813 1206 2879 odium,
1266 2822 1322 2869 et
1380 2824 1635 2885 tanquam
1686 2818 2052 2873 necessarium

446 2905 517 2958 ab
564 2902 821 2971 Apostolo
851 2902 1114 2972 ponitur:
1158 2904 1301 2959 unde
1330 2914 1537 2960 certum
1572 2915 1655 2960 est
1703 2907 1880 2962 inesse
1931 2909 2051 2963 ani-

447 3006 550 3046 mae
591 2991 699 3047 odii
746 2990 1029 3057 allectum;
1064 3004 1147 3048 est
1171 2995 1317 3048 enim
1356 2994 1624 3050 laudabile
1671 2995 1854 3052 odisse
1895 2998 2050 3065 vitia,

445 3083 628 3138 odisse
657 3092 901 3153 peccata.
930 3082 1041 3137 Nisi
1071 3085 1214 3138 enim
1244 3087 1364 3155 quis
1396 3087 1520 3140 odio
1543 3087 1740 3142 habeat
1765 3088 1917 3155 vitia,
1943 3105 2051 3145 non

447 3181 625 3244 potest
648 3188 833 3229 amare
863 3189 964 3229 nec
990 3178 1318 3232 conservare
1356 3178 1617 3244 virtutes,
1646 3180 1798 3235 urbi
1836 3182 2046 3252 gratia:

447 3266 492 3320 si
543 3266 666 3335 quis
713 3266 1029 3335 pudicitiam
1077 3267 1348 3322 custodire
1399 3277 1681 3339 proponat,
1731 3285 1838 3326 non
1878 3279 2056 3340 potest

447 3371 568 3412 eam
611 3364 728 3411 tuto
765 3370 984 3412 servare
1021 3357 1127 3411 nisi
1175 3356 1357 3413 odium
1389 3359 1664 3428 quoddam
1692 3362 2052 3416 ct'excrcita-

448 3449 655 3503 tionem
697 3445 1174 3520 [exsecrationem]
1211 3449 1498 3512 adversum
1528 3449 1922 3518 impudicitiam
1957 3467 2050 3506 su-

448 3548 603 3604 mat;
643 3538 876 3594 dillicilis
909 3541 1054 3594 enim
1084 3548 1139 3594 et
1166 3539 1320 3596 valde
1349 3540 1580 3596 dillicilis
1627 3549 1711 3597 est
1741 3541 1832 3597 illa
1875 3544 2050 3598 conti-

449 3631 658 3696 nentia,
712 3630 802 3684 ubi
832 3630 1174 3686 desideratur
1225 3631 1356 3686 illud
1405 3647 1435 3684 a
1465 3646 1574 3700 quo
1618 3631 1943 3698 abstinetur,
1996 3642 2052 3687 et

449 3720 720 3791 cupiditas
750 3720 918 3774 animi
948 3720 1065 3775 solo
1106 3729 1252 3775 metu
1291 3721 1458 3775 futuri
1485 3720 1674 3789 iudicii
1723 3721 2047 3778 refrenatur.

450 3810 765 3868 Periculosa
793 3811 906 3866 haec
933 3819 990 3864 et
1011 3809 1164 3864 valde
1197 3811 1504 3880 periculosa
1547 3821 1697 3877 sunt,
1729 3812 1832 3867 nisi
1857 3827 2052 3867 secun-

454 3903 583 3965 dum
619 3903 906 3958 consilium
933 3902 1175 3973 Apostoli
1206 3904 1453 3959 odientes
1494 3904 1658 3970 mala,
1688 3915 1744 3960 et
1783 3906 2049 3976 impacata

453 3994 854 4066 quodammodo
883 3995 1166 4050 adversum
1196 4011 1259 4049 ea
1273 3997 1523 4050 odiorum
1552 3996 1686 4050 bella
1705 4008 2047 4069 peragentes,

455 4083 832 4138 adhaereamus
855 4084 1029 4148 bono;
1063 4084 1461 4139 observandum
1483 4086 1766 4143 etiamhoe
1781 4089 1924 4157 quod
1947 4089 2052 4143 sic-

453 4184 517 4229 ut
545 4175 600 4233 in
635 4174 757 4229 aliis
781 4174 912 4228 dicit
945 4193 958 4227 :
989 4173 1094 4240 Qui
1123 4175 1355 4229 adhaeret
1386 4175 1638 4242 Domino,
1675 4194 1811 4231 unus
1836 4179 2050 4248 spiritus

455 4275 532 4320 est
577 4264 627 4336 (I
660 4264 785 4318 Cor.
824 4265 923 4336 v1),
953 4265 1027 4318 ita
1065 4273 1123 4319 et
1161 4265 1249 4321 hic
1277 4267 1430 4331 dicit,
1473 4267 1843 4323 adhaereamus
1887 4269 2048 4335 bono,

457 4355 576 4410 sine
600 4355 762 4410 dubio
791 4363 851 4408 ut
879 4355 1155 4425 contingat
1191 4357 1348 4414 nobis
1376 4373 1542 4410 unum
1572 4373 1688 4412 esse
1717 4373 1840 4414 cum
1887 4361 2048 4415 bono.

458 4446 783 4500 Charitatem
854 4447 1202 4515 fraternitatis
1262 4450 1496 4501 invicem
1576 4449 1872 4518 diligentes.
1937 4451 2131 4538 HocD

457 4538 773 4593 mandatum
811 4537 1179 4609 utdiligamus
1215 4538 1470 4605 invicem,
1498 4539 1638 4594 sicut
1668 4549 1724 4594 et
1769 4541 1912 4595 Deus
1965 4541 2051 4594 di-

457 4626 591 4683 lexit
641 4643 762 4694 nos,
807 4641 932 4683 cum
966 4627 1037 4682 sit
1062 4627 1299 4698 primum
1343 4636 1464 4699 poSt
1499 4628 1734 4698 primum
1791 4629 2049 4699 (primum

458 4732 694 4787 namque
722 4726 805 4771 est
839 4717 1062 4788 diligere
1081 4718 1270 4784 Deum,
1311 4729 1367 4774 et
1392 4720 1532 4774 inter
1573 4720 1819 4775 homines
1854 4720 2051 4775 iterum

457 4807 563 4862 hoc
602 4807 837 4876 primum
861 4817 964 4873 est,
992 4817 1051 4862 ut
1076 4809 1306 4865 invicem
1344 4811 1668 4882 diligamus),
1706 4811 1889 4884 nescio
1923 4827 2056 4880 quo—

458 4901 621 4955 modo
643 4901 800 4969 quasi
826 4900 1074 4955 ultimum
1099 4910 1154 4958 et
1182 4903 1361 4958 minus
1390 4904 1758 4959 necessarium
1784 4905 1926 4958 inter
1951 4904 2048 4959 ho-

458 4991 635 5046 mines
663 4992 956 5060 spernitur,
987 4994 1251 5048 etodium
1288 4995 1431 5065 quod
1477 4995 1632 5050 nobis
1672 4995 1894 5048 insitum
1933 5011 2052 5051 esse

459 5081 714 5147 diximus,
736 5082 813 5148 ‘ad
837 5083 941 5136 hoc
965 5093 1025 5138 ut
1054 5086 1192 5139 mala
1219 5087 1344 5141 odio
1374 5088 1690 5148 habeamus,
1722 5090 2052 5156 praepostero

459 5172 652 5228 ordine
676 5187 999 5229 exercemus
1025 5174 1077 5228 in
1095 5175 1268 5241 bonis,
1297 5186 1352 5230 et
1378 5178 1502 5231 vitia
1534 5179 1717 5232 carnis
1742 5193 1806 5232 ac
1828 5187 2052 5247 peccata

462 5261 767 5329 diligentes,
809 5262 1006 5320 fratres
1027 5264 1150 5320 odio
1197 5262 1475 5322 habemus.
1504 5266 1614 5322 Nec
1655 5268 1812 5322 aliter
1855 5267 2052 5322 accidit

465 5349 643 5406 odisse
695 5366 812 5414 nos,
862 5367 984 5421 qua:
1019 5369 1128 5409 non
1174 5363 1404 5425 oportet,
1459 5357 1562 5410 nisi
1595 5356 1721 5425 quia
1749 5355 2048 5426 diligimus,

465 5456 588 5512 qua!
631 5458 735 5496 non
771 5450 1002 5512 oportet.
1053 5444 1273 5500 Fratres
1324 5461 1452 5516 ergo
1489 5444 1745 5514 iubemur
1785 5446 2011 5518 diligere
2035 5489 2049 5514 ,

467 5546 574 5586 non
595 5532 844 5603 judicare
873 5549 888 5588 :
921 5535 966 5590 si
995 5535 1141 5591 enim
1181 5545 1338 5607 putas
1365 5536 1596 5606 aliquem
1630 5537 1854 5607 impium
1907 5553 2050 5605 esse,

468 5633 523 5677 et
560 5623 683 5681 ideo
725 5638 848 5679 eum
895 5639 1001 5680 non
1045 5624 1257 5692 iudicas
1306 5624 1629 5695 diligendum
1664 5667 1676 5690 ,
1741 5627 1864 5681 audi
1911 5630 2053 5697 quod

475 5735 494 5768 s
517 5714 764 5773 Christus
793 5733 891 5788 pro
920 5717 1098 5787 impiis
1129 5727 1372 5772 mortuus
1406 5727 1506 5773 est.
1533 5739 1549 5770 ο
1582 5720 1683 5776 Aut
1714 5721 1756 5774 si
1781 5720 1904 5791 quia
1922 5735 2052 5790 pec-

2159 1917 2249 1956 ore
2277 1918 2391 1956 meo
2422 1901 2606 1973 (Apoc.
2628 1903 2743 1972 1n).
2778 1901 3102 1969 Quotidiana
3133 1903 3278 1957 enim
3316 1902 3602 1958 meditatio
3633 1902 3752 1957 tollit

2159 2001 2432 2062 stuporem
2445 2000 2501 2046 et
2524 2005 2796 2067 soporem,
2813 1991 3356 2064 etfacitvigilantem.
3380 1992 3560 2062 Opera
3583 2003 3750 2049 autem

2159 2081 2374 2138 Domini
2400 2091 2528 2138 sunt
2561 2097 2683 2153 qua:
2711 2084 2934 2138 mandat
2958 2083 3075 2140 ﬁeri
3106 2100 3206 2155 pro
3229 2085 3464 2154 utilitate
3488 2086 3747 2150 Ecclesia,

2157 2175 2213 2231 id
2237 2183 2321 2231 est
2339 2173 2588 2230 fratrum.
2621 2175 2818 2247 (Θήῃ.)
2858 2175 2985 2231 Vult
3017 2177 3188 2242 enim,
3216 2184 3277 2231 ut
3291 2192 3393 2232 nos
3417 2178 3511 2246 qui
3534 2179 3633 2232 sub
3647 2177 3748 2250 lege

2158 2266 2393 2337 Spiritus
2417 2267 2670 2330 vivimus,
2719 2266 2856 2322 nihil
2890 2267 3363 2332 remissum,.nihil
3394 2267 3631 2338 tepidum
3664 2268 3747 2323 ba-

2155 2357 2380 2413 beamus
2410 2356 2464 2411 in
2488 2357 2670 2422 nobis,
2693 2358 2788 2412 sed
2815 2371 2939 2412 cum
2969 2357 3186 2413 fervore
3211 2357 3476 2428 Spiritus,
3503 2367 3561 2413 et
3585 2359 3746 2416 calore

2155 2447 2282 2504 ﬁdei
2327 2459 2522 2504 cuncta
2554 2463 2902 2528 peragamus.
2945 2448 3173 2503 Domino
3195 2449 3492 2512 servientes.
3533 2449 3623 2506 ille
3649 2450 3741 2507 Do-

2156 2540 2305 2595 mino
2334 2540 2522 2605 servit,
2563 2539 2654 2611 qui
2696 2547 2878 2612 potest
2904 2539 3106 2605 dicere,
3137 2541 3281 2595 nobis
3321 2556 3459 2594 unus
3505 2538 3742 2595 Dominus

2155 2633 2312 2689 Jesus
2352 2631 2623 2700 Christus,
2667 2650 2761 2703 per
2806 2649 2960 2704 quem
2998 2634 3177 2688 omnia
3223 2643 3271 2687 et
3319 2649 3412 2688 nos
3454 2651 3549 2704 per
3591 2637 3742 2705 ipsum

2157 2721 2206 2792 (Ι
2241 2721 2364 2778 Cor.
2409 2721 2529 2794 vin)
2556 2763 2570 2788 ,
2619 2737 2720 2778 nec
2767 2723 2911 2778 ultra
2944 2723 2995 2776 ei
3036 2729 3129 2777 aut
3179 2721 3366 2788 libido,
3400 2734 3495 2776 aut
3531 2724 3742 2778 avaritia

2155 2823 2248 2870 aut
2298 2815 2476 2870 inanis
2514 2815 2685 2885 gloria
2737 2813 3068 2869 dominatur.
3112 2811 3422 2869 Notandum
3465 2813 3608 2882 quod
3650 2813 3742 2868 alia

2155 2906 2323 2962 editio
2360 2907 2546 2972 habet,
2579 2906 2799 2976 tempori
2841 2905 3160 2971 servientes;
3210 2903 3441 2974 (Ambr.)
3482 2918 3610 2958 nam
3638 2917 3740 2957 ser-

2154 2997 2270 3053 vire
2311 2995 2540 3067 tempori
2578 2996 2708 3065 quid
2747 2996 2820 3051 sit
2846 2995 2974 3049 alibi
3002 2993 3183 3060 solvit,
3220 3009 3347 3049 cum
3374 2993 3508 3049 dicit
3537 2991 3740 3062 (EplIa.

2155 3087 2243 3158 v):
2297 3085 2626 3142 Redimentes
2657 3097 2855 3157 tempus
2887 3087 3138 3156 quoniam
3177 3084 3287 3139 dies
3331 3083 3467 3137 mali
3510 3092 3652 3148 sunt,
3694 3093 3743 3136 ιιι

2157 3182 2336 3236 sciatis
2389 3179 2833 3250 quemadnwdum
2871 3177 3152 3248 unicuique
3185 3175 3562 3247 respondeatis.
3609 3174 3742 3243 Quo-

2158 3272 2308 3326 niam
2341 3280 2521 3325 autem
2545 3270 2760 3324 dixerat
2793 3271 2980 3340 spiritu
3005 3270 3278 3339 ferventes,
3312 3281 3382 3322 ne
3416 3269 3522 3322 hoc
3558 3268 3637 3324 sic
3664 3281 3743 3323 ao-

2157 3362 2421 3431 ciperent,
2459 3369 2518 3414 ut
2543 3360 2746 3429 passim
2773 3367 2825 3415 et
2855 3361 3164 3430 importune
3189 3359 3357 3414 verba
3370 3358 3646 3430 religionis
3668 3360 3744 3413 in-

2155 3458 2410 3522 gererent
2431 3457 2674 3520 tempore
2705 3450 2940 3514 inimico,
2970 3464 3069 3521 per
3103 3449 3246 3519 quod
3271 3449 3413 3504 forte
3442 3449 3745 3505 scandalum

2155 3541 2491 3606 excitarent,
2543 3541 2727 3594 statim
2779 3534 3011 3608 subjecit
3063 3540 3281 3610 tempori
3332 3541 3648 3603 servientes,
3691 3548 3748 3594 ιιι

2155 3632 2400 3686 modeste
2429 3639 2485 3684 et
2515 3645 2638 3684 cum
2671 3630 2954 3685 honestate
2989 3629 3131 3700 aptis
3157 3637 3210 3684 et
3237 3629 3370 3685 locis
3409 3638 3466 3684 et
3483 3629 3744 3699 personis,

2153 3729 2211 3775 et
2249 3728 2374 3789 apto
2405 3728 2670 3790 tempore,
2699 3719 2974 3792 religionis
3012 3720 3175 3774 fidem
3213 3718 3602 3790 loquerentur:
3631 3729 3749 3775 sunt

2153 3810 2298 3866 enim
2327 3812 2550 3881 quidam
2583 3812 2753 3866 etiam
2771 3813 2875 3867 hoc
2897 3820 3139 3882 tempore
3164 3818 3273 3881 quo
3302 3827 3408 3881 pax
3432 3820 3541 3877 est,
3567 3812 3658 3884 qui
3675 3814 3748 3868 sic

2153 3902 2484 3970 perhorrent
2523 3899 2692 3955 verba
2727 3900 2846 3967 Dei,
2893 3907 2954 3955 ut
2991 3900 3272 3972 audientes
3300 3915 3427 3955 cum
3453 3915 3648 3970 magna
3670 3901 3744 3956 ira

2152 3990 2532 4059 blasphement
2549 3989 2690 4044 viam
2722 3988 2947 4046 Christi.
2973 3988 3109 4044 Nam
3130 3997 3185 4046 et
3221 3989 3337 4060 ipse
3362 3991 3590 4046 servivit
3617 4002 3742 4048 tem-

2153 4083 2272 4150 pori
2304 4083 2519 4150 quando
2545 4082 2689 4152 quod
2726 4081 2897 4138 noluit
2923 4080 3073 4137 fecit.
3101 4081 3308 4136 invitus
3337 4082 3484 4137 enim
3522 4085 3744 4140 circnm-

2154 4171 2287 4225 cidit
2331 4171 2676 4228 Timotheum
2728 4171 2867 4244 (Act.
2903 4173 3038 4242 xvi),
3090 4179 3146 4226 et
3181 4187 3304 4227 raso
3335 4174 3512 4244 capite
3559 4174 3741 4245 purifi-

2153 4269 2306 4318 catus
2345 4264 2640 4318 secundum
2669 4263 2844 4334 legem
2869 4263 3113 4319 ascendit
3150 4264 3406 4333 templum
3447 4267 3586 4336 (Act.
3636 4267 3742 4339 xxi)

2153 4363 2214 4408 ut
2260 4348 2822 4425 Judteorum'sopiret
2859 4355 3145 4410 insaniam.
3189 4353 3292 4425 Spe
3337 4356 3646 4425 gaudentes,
3693 4358 3742 4412 in

2155 4444 2493 4499 tribulatione
2535 4447 2810 4516 patientes,
2852 4447 3079 4502 orationi
3125 4448 3400 4502 instantes.
3457 4445 3742 4520 Postquam

2159 4538 2294 4594 dixit
2330 4540 2548 4608 tempori
2580 4541 2876 4606 servientes,
2924 4529 3139 4610 adjecit,
3167 4559 3260 4613 spe
3281 4544 3594 4612 gaudentes,
3616 4556 3672 4601 ut
3697 4547 3739 4602 si

2160 4629 2299 4686 forte
2322 4641 2541 4700 propter
2565 4631 2905 4700 iniquitatem
2930 4635 3186 4704 temporis
3209 4651 3316 4690 non
3340 4637 3501 4693 liceat
3541 4638 3607 4694 de
3645 4639 3742 4694 ﬁde

2158 4721 2370 4792 publice
2397 4722 2560 4793 loqui,
2602 4723 2696 4778 sed
2724 4737 2846 4778 esse
2885 4723 2939 4778 in
2984 4733 3152 4790 metu,
3202 4741 3299 4797 spe
3341 4731 3594 4799 gaudeat,
3620 4731 3739 4802 quis

2162 4813 2278 4866 haec
2307 4812 2524 4866 tristitia
2569 4813 2710 4882 parit
2740 4813 2997 4869 lretitiam.
3031 4814 3226 4888 (Θήρ.)
3273 4817 3381 4889 Spe
3413 4823 3613 4891 gaudet
3655 4824 3738 4892 qui

2162 4919 2268 4960 non
2323 4903 2547 4974 respicit
2594 4919 2658 4958 ea
2702 4921 2823 4976 qua:
2866 4905 3140 4973 videntur,
3190 4909 3285 4964 sed
3339 4927 3406 4967 ea
3452 4931 3578 4985 quae
3640 4933 3738 4974 non

2155 4999 2406 5052 videntur
2455 5009 2756 5069 exspectat,
2787 5013 2842 5057 et
2892 5005 2984 5073 qui
3022 5005 3126 5060 scit
3179 5006 3301 5074 quia
3335 5024 3438 5061 non
3467 5021 3593 5064 sunt
3619 5029 3737 5066 con-

2155 5087 2328 5158 digna:
2369 5091 2634 5160 passiones
2692 5093 2850 5162 hujus
2916 5096 3162 5165 temporis
3213 5096 3283 5150 ad
3336 5097 3578 5166 futuram
3631 5101 3737 5171 glo-

2157 5179 2328 5242 riam,‘
2373 5197 2490 5251 qua:
2537 5181 2845 5237 revelabitur
2891 5186 2945 5238 in
2987 5186 3132 5240 nobis
3173 5186 3346 5257 (Rom.
3390 5189 3547 5260 vm);
3604 5191 3734 5247 idem

2157 5268 2272 5338 ipse
2320 5278 2374 5324 et
2422 5271 2476 5325 in
2518 5271 2870 5328 tribulatione
2914 5275 3125 5344 patiens
3149 5277 3280 5342 erit,
3315 5279 3441 5348 quia
3470 5280 3735 5335 tribulatio

2159 5361 2463 5431 patientiam
2499 5372 2760 5432 operatur,
2807 5364 3058 5432 patientia
3100 5367 3478 5438 probationem,
3501 5371 3733 5439 probatio

2161 5468 2300 5520 spem
2349 5450 2528 5521 (Rom.
2567 5453 2659 5524 v),
2705 5453 2750 5528 si
2795 5461 2975 5510 tamen
3015 5471 3358 5523 sermonem,
3408 5460 3502 5528 qui
3549 5460 3732 5516 subse-

2160 5543 2360 5613 quitur,
2377 5543 2712 5613 impleamus,
2729 5544 2896 5612 idest,
2918 5564 2938 5597 ‹
2961 5547 3193 5606 orationi
3208 5547 3501 5614 instantes;
3528 5551 3619 5606 sin
3634 5565 3734 5620 quo

2159 5632 2302 5687 enim
2333 5647 2438 5686 non
2457 5629 2664 5687 'sullicit
2689 5634 2923 5689 humana
2955 5635 3237 5708 fragilitas,
3260 5637 3525 5694 auxilium
3552 5639 3643 5695 Dei
3682 5640 3732 5693 in

2158 5723 2494 5780 orationibus
2537 5724 2933 5796 implorandum
2956 5739 3059 5785 est.
3095 5727 3510 5786 Necessitatibus
3539 5741 3732 5787 sancto-
