3948 6370
223 363 367 427 1855

754 365 1302 425 ENARRATIONUM
1334 365 1407 422 IN
1442 366 1589 422 EPP.
1632 364 1835 424 PAULI
1873 361 2002 422 LIB.
2051 367 2159 426 VII.
2198 399 2268 410 —
2300 371 2368 427 IN
2405 371 2619 430 EPIST.
2653 374 2744 428 AD
2782 372 2948 431 ROM.

3347 375 3368 429 1
3379 371 3482 429 554

223 499 345 538 rum
391 483 849 537 communicantes.
882 482 1100 536 Memini
1140 483 1192 536 in
1235 481 1436 536 Latinis
1473 480 1798 551 cxemplari-
1826 487 1876 546 Λ
1905 481 2038 552 ipse,
2061 485 2152 554 qui
2182 486 2454 555 praedicat,
2485 488 2695 543 videtur
2723 488 3001 558 ingratus?
3047 486 3199 542 Unde
3229 503 3325 558 per
3352 490 3472 545 Eze-

221 573 326 632 bus
345 574 517 644 magis
539 573 723 628 haberi
749 589 763 628 :
791 574 1056 629 memoriis
1083 581 1386 627 sanctorum
1415 571 1800 626 communican-

222 673 321 722 tes.
347 679 536 720 verum
569 678 667 720 nos
703 679 800 720 nec
829 661 1216 720 consuetudine
1251 661 1552 736 turbamur,
1580 674 1681 715 nec
1704 675 1798 716 ve-

223 757 373 812 ritati
410 755 843 827 praeiudicemus,
887 755 1121 809 maxime
1173 768 1293 808 cum
1347 760 1634 821 utrumque
1676 765 1802 809 con-

219 847 406 902 veniat
449 844 814 901 acdiﬂcationi.
865 843 1001 898 Nam
1037 842 1451 899 necessitatibus
1493 848 1800 896 sanctorum

220 935 450 991 honeste
478 937 629 1003 dicit,
671 951 779 991 non
821 935 977 1004 quasi
1008 934 1201 1002 stipem
1231 931 1617 1000 .indigentibus
1660 945 1799 1000 prae-

217 1025 373 1087 bere.
405 1029 501 1081 sed
536 1042 759 1082 censum
810 1033 1054 1082 nostrum
1082 1039 1205 1080 cum
1251 1023 1380 1092 ipsis
1406 1021 1802 1092 quodammodo

216 1117 422 1174 habere
442 1133 807 1185 communem,
843 1127 899 1174 et
926 1117 1236 1173 meminisse
1264 1125 1576 1172 sanctorum
1607 1115 1720 1170 sive
1748 1116 1803 1170 ln

217 1208 462 1265 collectis
488 1208 841 1274 solemnibus,
864 1208 978 1264 sive
1007 1223 1106 1278 pro
1133 1215 1305 1273 eo,'ut
1333 1223 1400 1263 ex
1433 1206 1807 1262 recordatione

215 1314 408 1358 eorum
433 1299 798 1370 proﬁciamus.
824 1300 882 1355 Id
907 1311 1092 1370 aptum
1127 1307 1183 1355 et
1217 1299 1546 1355 conveniens
1569 1298 1802 1353 videtur.

217 1389 451 1462 (Ambr.)
471 1389 574 1458 Qui
601 1391 746 1446 enim
770 1405 962 1460 preces
998 1405 1124 1446 suas
1153 1389 1394 1446 exaudiri
1418 1389 1554 1453 vult,
1584 1386 1808 1442 aemulus

217 1477 382 1532 debet
415 1493 536 1533 esse
573 1480 700 1534 vitae
749 1486 1100 1545 sanctorum;
1145 1493 1268 1533 cum
1324 1479 1569 1534 imitatur
1625 1478 1803 1543 enim,

216 1569 584 1624 communicat
625 1583 641 1623 :
677 1577 739 1624 ut
765 1569 870 1625 hoc
919 1569 990 1626 sit
1028 1582 1322 1623 memorem
1373 1583 1496 1624 esse
1546 1577 1601 1624 et
1655 1583 1803 1624 com-

214 1659 633 1725 municatorem,
650 1660 850 1715 imitari
868 1666 1020 1715 actus
1041 1659 1271 1724 illorum,
1287 1659 1401 1714 etsi
1417 1659 1716 1728 sumptibus
1733 1659 1808 1712 in-

214 1746 423 1818 digent,
440 1748 946 1803 communicandum
959 1749 1058 1814 eis,
1072 1749 1212 1803 sicut
1228 1748 1359 1804 dicit
1372 1748 1476 1806 alio
1490 1747 1604 1805 loco
1619 1748 1670 1821 (1
1683 1745 1803 1803 Cor.

1902 573 2125 630 chielem
2166 575 2488 646 prophetam
2530 580 2583 632 in
2631 586 2873 633 extrema
2909 589 3064 648 parte
3111 579 3344 643 dicitur,
3378 598 3395 630 ‹
3429 589 3484 634 et

1902 677 2024 718 cum
2074 664 2383 720 sacerdotes
2436 665 2761 721 intrinsecus
2789 669 3121 735 ministrant,
3152 669 3393 724 vestibus
3422 668 3481 722 li-

1903 751 2018 806 neis
2043 760 2296 818 utantur;
2322 772 2340 805 ›
2361 753 2426 808 de
2447 753 2644 822 quibus
2664 753 2938 810 subditur:
2970 755 3202 828 Cumque
3217 757 3474 828 egredien-

1903 847 1990 893 tur
2011 841 2206 895 atrium
2233 842 2458 896 exterius
2491 842 2561 896 ad
2580 841 2852 912 populum,
2881 859 3074 900 exuant
3101 863 3155 901 se
3179 849 3471 902 vestimenta

1902 942 2020 992 sua,
2050 927 2103 980 in
2125 927 2311 996 quibus
2339 929 2787 993 ministraverunt,
2829 939 2878 982 et
2919 940 3108 999 ponent
3131 948 3192 986 ea
3217 933 3274 986 in
3317 949 3469 1003 gazo-

1902 1003 2140 1089 pltylacio
2189 1021 2476 1076 sanctuarii
2507 1021 2724 1090 (Ezech.
2757 1020 2925 1092 κων).
2969 1021 3252 1078 Grossiora
3282 1024 3468 1094 quippt

1903 1110 2224 1165 vestimenta
2245 1121 2368 1166 sunt
2389 1112 2562 1178 lanea,
2591 1113 2683 1168 sed
2713 1128 2838 1168 cum
2869 1113 3124 1168 sacerdos
3149 1113 3217 1167 ad
3237 1123 3472 1170 sanctum

1904 1201 2261 1256 ministerium
2292 1203 2515 1268 accedit,
2563 1218 2684 1258 cum
2715 1204 2859 1258 intus
2885 1217 2982 1274 per
3014 1203 3478 1274 compunctionem

1906 1291 2226 1361 ingreditur,
2258 1293 2522 1348 subtiliori
2544 1294 2822 1349 intellectu
2866 1310 3090 1351 necesse
3115 1302 3201 1350 est
3231 1296 3384 1365 quasi
3420 1295 3484 1348 li-

1905 1394 2008 1436 neo
2027 1381 2350 1435 vestimento
2396 1382 2683 1436 induatur:
2719 1384 2812 1438 sed
2849 1400 2970 1440 cum
3013 1387 3079 1441 ad
3113 1385 3369 1455 p0pulum
3406 1383 3482 1440 [ου

1906 1471 1981 1526 ris
2005 1472 2298 1543 egreditur,
2313 1484 2525 1544 oportet
2544 1484 2603 1531 ut
2629 1478 2973 1545 vestimenta,
2997 1480 3051 1534 in
3080 1480 3486 1550 quibusintrin—

1906 1575 2063 1616 secus
2089 1562 2511 1630 ministraverat,
2545 1575 2790 1636 reponat,
2815 1577 2977 1638 atque
3003 1570 3202 1638 populo
3224 1570 3346 1625 aliis
3386 1584 3481 1624 ve-

1907 1652 2076 1707 stibus
2113 1654 2330 1708 indutus
2384 1665 2640 1725 appareat
2671 1675 2683 1710 :
2727 1658 2853 1726 quia
2885 1659 2928 1712 si
2963 1659 3014 1712 in
3057 1659 3488 1728 compunctionis

1907 1759 2018 1798 sua:
2041 1744 2218 1814 rigore
2247 1759 2304 1798 se
2333 1747 2593 1811 teneat,si
2612 1747 2665 1800 in
2682 1762 2746 1801 eo
2774 1748 3215 1816 quemorationis
3244 1756 3485 1817 tempore

215 1836 352 1908 xvi),
390 1856 409 1890 ‹
433 1838 500 1893 de
519 1838 760 1894 collectis
780 1853 902 1909 quae
926 1837 1063 1892 ﬁunt
1088 1829 1142 1892 in
1173 1848 1413 1904 sanctos,
1438 1859 1455 1890 ι
1486 1847 1539 1895 et
1554 1839 1621 1894 ad
1643 1838 1803 1894 Gala-
1833 1829 1881 1889 Β
1908 1834 2096 1889 habuit
2136 1849 2369 1890 maerore
2417 1838 2702 1906 perduret,
2733 1840 3067 1892 exteriorum
3111 1853 3292 1893 rerum
3323 1838 3486 1891 verba

215 1935 304 1982 tas
326 1925 470 1995 (Gal.
495 1928 588 1999 ιι),
621 1947 639 1981 ι
669 1937 729 1983 ιιι
756 1941 1052 1996 pauperum
1078 1943 1344 1983 memores
1388 1943 1650 1984 essemus.
1682 1949 1700 1981 ι
1730 1952 1801 1968 -ι-

215 2017 646 2087 llospitalitatem
673 2027 951 2073 sectantes.
979 2017 1178 2088 (Θήῃ.)
1201 2017 1398 2073 Dicens
1418 2020 1562 2074 enim
1587 2026 1804 2074 sectan-

215 2107 343 2164 dam
370 2122 490 2164 esse
511 2105 1233 2182 hospitalitatem,non’illud
1259 2107 1435 2162 solum
1459 2107 1715 2170 ostendit,
1741 2114 1801 2160 ut

212 2197 521 2252 venientem
539 2197 604 2251 ad
629 2211 728 2270 nos
750 2197 1020 2266 hospitem
1040 2197 1540 2267 suscipiamus,'sed
1556 2196 1799 2266 requira-

213 2301 359 2349 mus,
384 2294 438 2340 et
461 2285 679 2341 solliciti
705 2287 876 2342 simus
894 2327 910 2352 ,
933 2294 988 2342 et
1019 2296 1312 2353 sectemur,
1333 2302 1397 2342 ac
1421 2287 1801 2358 perquiramus

215 2379 418 2448 ubique
458 2379 718 2448 hospites.
752 2378 956 2435 Necubi
979 2377 1121 2435 forte
1145 2380 1200 2434 in
1230 2379 1422 2450 plateis
1465 2379 1708 2444 sedeant,
1735 2391 1802 2432 ne

216 2477 372 2525 extra
421 2476 626 2524 tectum
650 2466 891 2537 jaceant.
939 2468 1246 2522 Recordare
1301 2469 1440 2531 Lot,
1479 2475 1533 2522 et
1561 2467 1802 2522 invenies

217 2561 362 2634 quod
389 2575 496 2615 non
529 2559 680 2615 illum
707 2559 971 2630 hospites,
1007 2560 1102 2615 sed
1150 2559 1266 2630 ipse
1309 2559 1584 2628 quaesierit
1621 2560 1805 2629 hospi-

218 2658 302 2706 tes
351 2647 505 2718 (Gen.
535 2646 685 2717 xix),
726 2656 783 2703 et
819 2648 933 2703 hoc.
971 2656 1090 2702 erat
1139 2646 1556 2716 hospitalitatem
1586 2648 1801 2704 sectari.

218 2741 516 2797 Benedicite
570 2741 992 2810 persequentibus
1031 2756 1160 2796 vos:
1189 2739 1508 2806 benedicite,
1553 2749 1599 2795 et
1651 2739 1804 2792 nolite

218 2833 549 2887 maledicere.
582 2831 836 2888 Moralem
897 2831 1072 2887 locum
1129 2832 1288 2887 latius
1328 2831 1618 2902 Apostolus
1651 2846 1806 2887 exse-

218 2936 429 2992 quens,
488 2929 676 2987 actus,
723 2928 999 2986 mentem,
1052 2921 1428 2991 propositum,
1483 2936 1544 2975 os
1593 2935 1806 2990 quoque

219 3015 397 3086 ipsum
466 3014 885 3086 discipulorum,
949 3015 1294 3085 linguamque
1351 3016 1640 3084 componit.
1689 3015 1807 3071 Non

219 3105 335 3161 vult
377 3105 658 3161 credentes
700 3104 916 3161 Christo
947 3105 1012 3160 de
1041 3119 1136 3160 ore
1170 3120 1267 3160 suo
1312 3105 1556 3174 proferre
1586 3105 1809 3161 maledi-

220 3204 389 3262 ctum,
424 3197 523 3253 sed
551 3195 688 3251 bene
735 3196 913 3266 loqui,
961 3196 1100 3252 bene
1139 3167 1353 3261 dicere“,
1401 3197 1537 3251 bene
1570 3194 1800 3264 precari,
1834 3167 1880 3230 ί)

219 3297 286 3346 ut
310 3303 378 3344 ex
408 3289 511 3344 hoc
553 3296 607 3342 et
650 3289 777 3344 boni
826 3287 1033 3342 domini
1072 3287 1238 3352 servi,
1287 3295 1342 3342 et
1382 3287 1510 3342 boni
1558 3287 1804 3358 magistri

220 3381 519 3440 credantur
555 3394 675 3436 esse
702 3379 974 3452 discipuli.
1005 3379 1298 3434 Sciendum
1327 3385 1509 3433 tamen
1537 3386 1620 3434 est
1661 3377 1806 3448 quod

222 3486 405 3530 sermo
431 3471 520 3527 hic
549 3470 940 3528 benedictionis
963 3470 1016 3524 in
1040 3469 1335 3540 Scripturis
1361 3469 1572 3524 diverse
1597 3469 1808 3538 positus

223 3564 518 3621 invenitur.
565 3561 697 3616 Nam
746 3569 802 3616 et
850 3561 994 3616 Deus
1048 3560 1368 3616 benedicere
1409 3559 1490 3612 vel
1538 3559 1806 3622 homines,

223 3653 312 3710 vel
341 3651 535 3708 caetera
564 3666 684 3721 quae
713 3659 996 3706 creaverat
1031 3649 1324 3713 invenitur,
1355 3657 1412 3704 et
1458 3649 1702 3704 homines
1727 3647 1811 3702 vel

223 3753 438 3801 caeteras
483 3750 747 3798 creatum
784 3742 954 3796 Deum
988 3740 1310 3797 benedicere
1345 3739 1606 3807 jubentur
1653 3754 1668 3792 :
1716 3739 1811 3794 sed

233 3834 334 3891 Dei
353 3833 573 3902 quidem
591 3831 898 3886 benedictio
915 3830 1117 3899 aliquid
1133 3831 1373 3884 muneris
1394 3844 1606 3900 semper
1619 3831 1704 3885 his
1718 3828 1809 3899 qui

227 3925 300 3980 ab
337 3939 403 3979 eo
431 3921 827 3978 benedicuntur
873 3921 1136 3989 impertit,
1168 3919 1415 3974 homines
1460 3934 1590 3973 vero
1640 3919 1808 3972 Deum

226 4012 570 4077 benedicere,
624 4026 722 4081 pro
772 4026 836 4067 eo
861 4009 1004 4079 quod
1045 4007 1375 4064 esblaudare
1411 4017 1466 4062 et
1493 4009 1697 4078 gratias
1725 4023 1813 4063 re-

228 4104 374 4159 ferre
411 4104 684 4158 dicuntur.
734 4102 833 4157 llic
869 4110 1050 4156 tamen
1104 4099 1388 4169 Apostolus
1428 4099 1505 4153 ait
1538 4119 1550 4153 :
1585 4098 1811 4154 Benedi-

228 4200 330 4253 cite
364 4206 411 4252 et
454 4195 611 4252 nolite
640 4194 971 4259 maledicere,
995 4193 1147 4263 quasi
1198 4209 1320 4248 cum
1352 4206 1709 4261 provocamur
1743 4192 1811 4244 ab

229 4287 486 4353 inimicis,
526 4286 610 4343 vel
661 4301 783 4341 cum
831 4285 1150 4354 instigamur
1199 4282 1428 4350 injuriis,
1478 4293 1689 4346 monet,
1745 4296 1812 4334 ne

229 4393 330 4448 pro
362 4378 445 4430 his
476 4377 759 4432 maledicta
789 4375 1100 4439 reddamus,
1123 4373 1217 4429 sed
1249 4372 1509 4427 faciamus
1531 4372 1671 4442 quod
1698 4371 1812 4442 ipse

233 4466 300 4520 de
331 4465 622 4534 semetipso
650 4463 836 4519 scribit
865 4462 918 4535 (Ι
938 4461 1062 4516 Cor.
1094 4460 1168 4532 iv)
1188 4502 1202 4527 ,
1249 4461 1339 4516 ubi
1367 4461 1497 4517 dicit
1527 4479 1539 4513 :
1589 4459 1811 4514 maledi—

234 4557 406 4610 cimur
438 4564 485 4608 et
517 4555 868 4609 benedicimus

307 4646 552 4700 Gaudere
605 4661 722 4698 cum
777 4641 1162 4714 gaudentibus,
1219 4643 1344 4710 ﬂere
1391 4657 1509 4694 cum
1545 4642 1811 4708 ﬂentibus.

234 4735 598 4808 (Ambr.)IIoc
626 4743 710 4789 est
736 4733 878 4802 quod
907 4734 1015 4787 alio
1042 4733 1160 4786 loco
1181 4732 1311 4785 dicit
1335 4745 1350 4783 :
1379 4730 1440 4785 Si
1463 4732 1586 4800 quid
1620 4733 1820 4800 patitur

235 4844 400 4883 unum
449 4825 760 4890 membrum,
811 4824 1201 4893 compatiuntur
1248 4823 1423 4876 omnia
1470 4822 1696 4876 membra
1744 4821 1817 4890 (I

236 4919 360 4973 Cor.
393 4916 511 4986 xu).
543 4914 678 4971 Cum
698 4914 841 4970 enim
871 4913 994 4982 quis
1033 4912 1185 4966 fratri
1219 4911 1412 4966 solatio
1446 4913 1602 4965 estin
1633 4927 1821 4965 neces-

237 5010 418 5071 sitate,
466 5007 626 5077 erigit
652 5007 889 5060 animum
919 5004 1054 5072 ejus,
1089 5013 1143 5058 et
1183 5003 1321 5072 apud
1375 5003 1541 5057 Deum
1577 5003 1677 5056 sibi
1709 5002 1820 5056 col-

237 5100 382 5154 locat
411 5099 684 5161 meritum,
710 5099 838 5167 quia
861 5097 1161 5151 membrum
1186 5094 1354 5164 diligit
1389 5095 1631 5164 corporis
1659 5094 1820 5150 Chri—

239 5196 328 5250 sti.
377 5191 461 5246 Et‘
486 5193 529 5246 si
580 5207 702 5244 cum
749 5191 950 5245 inﬂdeli
991 5189 1293 5252 condoleat,
1342 5196 1599 5256 provocat
1651 5189 1822 5257 magis

241 5285 390 5342 illum
414 5282 478 5337 ad
493 5281 795 5352 profectum
809 5281 1103 5350 disciplina:
1125 5279 1423 5336 dominicae.
1452 5276 1652 5350 (ὦνερ.)
1682 5278 1823 5333 Nihil

239 5393 372 5448 ergo
395 5386 505 5431 tam
542 5391 830 5433 onerosum
859 5374 1036 5429 ordini
1073 5374 1411 5430 sacerdotum
1442 5372 1615 5438 video,
1657 5387 1820 5443 quam

239 5469 686 5540 rigoremmentis
697 5467 1070 5535 compatiendo
1093 5465 1329 5529 ﬂectere,
1353 5474 1407 5520 et
1433 5480 1553 5518 cum
1578 5464 1822 5534 personis

238 5559 749 5629 supervenientibus
797 5559 1032 5612 animum
1089 5567 1328 5621 mutare,
1381 5569 1434 5610 et
1485 5565 1658 5610 tamen
1721 5556 1822 5610 hoc

239 5649 399 5708 Valde
415 5657 496 5704 est
527 5650 914 5705 necessarium.
935 5647 1068 5701 Nam
1102 5649 1316 5716 quando
1343 5662 1407 5702 ex
1445 5647 1823 5717 prmdicatione

241 5737 361 5812 dus
407 5741 472 5797 ad
505 5741 633 5799 boni
671 5742 851 5813 operis
880 5739 1108 5814 gratiam
1148 5748 1398 5810 peccator
1445 5740 1745 5804 adducitur,
1779 5738 1823 5791 si

1905 1923 2176 1992 suscipere
2201 1940 2309 1980 non
2336 1925 2592 1991 admittit,
2632 1935 2686 1980 ct
2717 1927 2844 1995 quid
2883 1942 3013 1996 grex
3055 1928 3120 1980 de
3169 1926 3488 1981 necessariis

1903 2013 2085 2079 faciat,
2111 2015 2155 2070 si
2187 2016 2376 2072 audire
2402 2024 2564 2086 atque
2593 2017 2928 2086 perpendere
2953 2016 3020 2071 ad
3043 2017 3144 2071 hoc
3175 2016 3315 2085 quod
3344 2030 3484 2085 prae--

1899 2121 2028 2160 sens
2055 2114 2266 2176 tempus
2315 2107 2483 2178 exigit
2516 2115 2704 2178 pastor
2733 2107 2993 2163 recusat?
3020 2105 3306 2181 Grossiora
3357 2120 3485 2176 ergo

1901 2198 2222 2253 vestimenta
2271 2201 2526 2254 sacerdos
2561 2200 2748 2254 exiens
2797 2209 2919 2255 ante
2970 2199 3222 2269 populum
3276 2197 3485 2262 induat,

1903 2295 1963 2341 ut
2010 2288 2346 2343 vestimentis
2389 2290 2502 2344 suis
2550 2289 2792 2344 habitum
2838 2306 2937 2360 pro
2977 2290 3208 2345 utilitate
3256 2289 3490 2343 ﬁliorum

1903 2377 2070 2432 etiam
2094 2377 2161 2432 ad
2194 2385 2405 2434 terrena
2435 2379 2713 2436 toleranda
2741 2388 3044 2450 componat.
3071 2379 3305 2435 Pensate
3334 2394 3488 2449 ergo,

1903 2466 2100 2522 fratres
2138 2469 2469 2537 charissimi,
2501 2479 2736 2541 quantus
2763 2471 3088 2542 speculatori
3134 2470 3287 2525 labor
3316 2470 3406 2534 sit,
3434 2477 3492 2524 et

1906 2558 1974 2612 ad
1998 2559 2245 2614 sublimia
2289 2563 2634 2627 contendere,
2680 2571 2734 2616 et
2764 2565 2866 2618 hoc
2897 2571 3120 2634 repente
3146 2564 3213 2618 ad
3240 2563 3347 2618 ima
3397 2577 3492 2618 vo-

1905 2661 2054 2713 care,
2075 2656 2132 2703 et
2158 2649 2212 2703 in
2248 2649 2577 2706 sublimitate
2607 2653 2930 2723 cognitionis
2957 2653 3162 2707 intimae
3195 2660 3492 2708 extenuare

1905 2738 2164 2803 animum,
2190 2748 2245 2794 et
2266 2750 2488 2811 propter
2505 2742 2806 2807 exteriores
2817 2757 3010 2798 causas
3020 2743 3412 2814 proximorum,
3435 2751 3493 2798 ut

1906 2827 1980 2881 ita
2005 2827 2201 2894 dicam,
2226 2830 2408 2885 subito
2439 2831 2490 2885 in
2522 2833 2851 2902 cogitatione
2881 2848 3240 2890 crassescere.
3289 2833 3488 2905 (θήρ.)

1907 2915 2162 2972 Habenda
2194 2926 2278 2972 est
2298 2919 2460 2973 etiam
2488 2918 2542 2973 in
2571 2919 2673 2975 hoc
2712 2931 3023 2991 competens
3053 2931 3109 2977 et
3150 2930 3274 2991 apta
3299 2921 3493 2976 distin-

1907 3008 2035 3061 ctio.
2069 3007 2183 3062 Non
2206 3009 2352 3063 enim
2383 3010 2792 3080 quibuscunque
2820 3013 3026 3082 gaudiis
3057 3003 3490 3068 Christianorum

1911 3098 2105 3169 gaudia
2130 3099 2385 3154 socianda
2423 3111 2566 3166 sunt,
2599 3117 2696 3156 nec
2734 3103 3146 3172 quibuscunque
3174 3099 3386 3157 ﬂetibus
3414 3101 3494 3154 la-

1910 3201 2110 3258 cryma:
2126 3198 2326 3244 nostrae
2345 3190 2632 3260 jungendte
2658 3199 2802 3244 sunt.
2819 3191 3004 3260 Neque
3030 3192 3176 3249 enim
3202 3193 3246 3246 si
3278 3192 3490 3246 videam

1911 3283 2144 3354 gaudere
2183 3284 2416 3353 aliquem
2443 3300 2606 3355 super
2632 3293 2838 3354 quaestu
2869 3287 3132 3356 pecuniae,
3162 3293 3255 3340 aut
3279 3299 3494 3354 posses-

1910 3375 2123 3430 sionum
2154 3375 2460 3441 latitudine,
2489 3383 2583 3430 aut
2627 3375 2903 3430 saecularis
2929 3375 3153 3431 honoris
3177 3375 3493 3438 eminentia,

1911 3465 2274 3536 congratulari
2306 3467 2474 3522 debeo
2505 3465 2724 3530 talibus,
2771 3466 2862 3535 qui
2912 3465 3080 3520 sciam
3131 3465 3274 3534 quod
3306 3463 3494 3533 hujus-

1910 3556 2055 3613 modi
2081 3556 2273 3626 gaudia
2297 3556 2471 3612 luctus
2487 3565 2782 3626 sequantur
2803 3564 2859 3611 et
2882 3555 3134 3624 lacrymte
3161 3572 3174 3607 :
3200 3555 3255 3609 in
3277 3563 3490 3610 tantum

1910 3647 2112 3702 etenim
2143 3661 2250 3702 non
2280 3656 2362 3703 est
2397 3647 2738 3717 gaudendum
2767 3647 2832 3702 de
2878 3647 3091 3713 talibus,
3120 3655 3180 3701 ut
3231 3647 3495 3703 Dominus

1912 3737 2190 3808 discipulis
2221 3739 2336 3794 suis
2373 3753 2443 3793 ne
2473 3738 2596 3794 inde
2625 3738 2841 3808 quidem
2875 3739 3107 3810 gaudere
3135 3741 3491 3805 concesserit,

1912 3829 2056 3897 quod
2085 3830 2349 3884 daemonia
2377 3830 2480 3884 sibi
2511 3827 2764 3884 videbant
2809 3844 2930 3885 esse
2967 3829 3230 3900 subjecta,
3280 3830 3374 3886 sed
3420 3830 3499 3884 ait

1911 3921 1991 3976 eis
2017 3936 2031 3974 :
2063 3919 2238 3975 Nolite
2256 3922 2482 3990 gaudere
2500 3921 2623 3990 quia
2649 3921 2912 3976 daemonia
2935 3922 3074 3976 vobis
3094 3922 3328 3992 subjecta
3351 3933 3494 3988 sunt,

1912 4010 2001 4064 sed
2029 4011 2266 4079 gaudete,
2297 4010 2489 4079 inquit,
2531 4012 2655 4081 quia
2696 4013 2907 4067 nomina
2953 4023 3120 4068 vestra
3147 4014 3342 4082 scripta
3371 4023 3494 4068 sunt

1913 4099 1970 4153 in
2019 4099 2150 4152 libro
2209 4102 2324 4154 vita:
2381 4099 2530 4170 (Luc.
2571 4100 2660 4171 x);
2700 4108 2756 4155 et
2791 4117 2890 4157 nos
2927 4116 3077 4173 ergo,
3128 4103 3175 4157 si
3220 4103 3500 4160 videamus

1914 4190 1982 4245 ab
2005 4189 2185 4259 aliquo
2213 4190 2316 4244 tale
2336 4206 2472 4262 opus
2502 4191 2636 4262 geri,
2667 4194 2810 4262 quod
2846 4194 2900 4248 in
2929 4193 3068 4249 ccelo
3085 4195 3248 4250 scribi
3278 4196 3497 4265 dignum

1913 4279 2002 4343 sit,
2044 4280 2158 4334 sive
2196 4279 2422 4348 justitia:
2467 4297 2621 4351 opus,
2654 4281 2768 4336 sive
2817 4283 3130 4348 charitatis,
3179 4285 3293 4338 sive
3323 4287 3494 4353 pacis,

1913 4372 1998 4426 vel
2032 4373 2434 4436 misericordiae,
2469 4381 2523 4426 et
2554 4373 2627 4426 ita
2668 4382 2900 4444 gestum,
2927 4383 2988 4429 ut
3010 4374 3062 4429 in
3091 4374 3229 4430 libro
3259 4376 3380 4431 vita:
3413 4393 3491 4431 rc-

1917 4464 2047 4519 ferri
2078 4473 2369 4547 mereatur,
2401 4463 2658 4519 debemus
2693 4467 2930 4535 gaudete
2954 4482 3076 4521 cum
3122 4466 3355 4532 talibus;
3404 4471 3492 4523 scd

1917 4556 2015 4611 etsi
2035 4557 2250 4625 quidem
2269 4558 2543 4612 videamus
2564 4557 2632 4612 ab
2654 4573 2840 4612 errore
2854 4573 3194 4625 conversum,
3224 4569 3280 4614 et
3296 4562 3491 4616 relictis

1918 4648 2231 4718 ignorantia:
2270 4647 2506 4703 tenebris
2535 4647 2602 4701 ad
2645 4646 2822 4701 lucem
2871 4649 3113 4702 veritatis
3141 4651 3372 4714 venisse,
3407 4667 3492 4704 rc-

1920 4740 2230 4794 missionem
2281 4747 2626 4808 peccatorum
2663 4747 2719 4793 et
2763 4740 2994 4808 gratiam
3043 4741 3215 4796 sancti
3265 4740 3492 4810 Spiritus

1922 4828 2221 4893 meruisse,
2274 4829 2530 4883 debemus
2589 4830 2825 4899 gaudere
2877 4846 2998 4885 cum
3053 4831 3266 4886 talibus.
3329 4831 3493 4886 Simi-

1923 4921 2044 4975 liter
2101 4927 2280 4973 autem
2335 4936 2354 4970 ‹
2389 4918 2519 4974 ﬂere
2553 4934 2676 4974 cum
2712 4919 2980 4975 ﬂentibus.
3013 4938 3030 4968 ι
3061 4919 3178 4973 Νοη
3227 4936 3349 4974 cum
3391 4921 3496 4977 illis

1923 5009 2012 5079 qui
2043 5008 2172 5063 ﬂent
2203 5016 2447 5064 mortuos
2473 5024 2598 5064 suos
2617 5009 2888 5076 iubemur,
2915 5016 3005 5061 aut
3036 5008 3127 5076 qui
3153 5007 3280 5063 ﬂent
3305 5010 3497 5078 damna

1924 5100 2221 5164 saecularia,
2251 5100 2484 5155 scientes
2504 5099 2644 5168 quod
2675 5118 2691 5147 ‹
2722 5098 2879 5166 hujus
2901 5097 3082 5152 saeculi
3107 5098 3324 5152 tristitia
3353 5115 3498 5157 mor-

1923 5199 2032 5247 tem
2079 5201 2352 5261 operatur.
2393 5211 2411 5244 ›
2465 5191 2579 5247 Νοη
2609 5201 2734 5246 sunt
2762 5206 2891 5260 ergo
2935 5191 3186 5260 lacrymze
3209 5192 3504 5261 jungendae

1926 5298 2047 5338 cum
2076 5283 2294 5346 talibus,
2341 5282 2435 5337 sed
2473 5297 2593 5337 cum
2641 5281 2744 5336 illis
2781 5281 3012 5334 ﬂendum
3057 5289 3162 5345 est,
3191 5280 3257 5334 de
3300 5282 3506 5350 quibus

1928 5374 2186 5429 Dominus
2215 5375 2378 5429 dicit:
2411 5371 2559 5428 Beati
2598 5373 2684 5442 qui
2724 5373 2869 5436 ﬂent,
2896 5371 3142 5438 quoniam
3179 5372 3277 5439 ipsi
3315 5387 3506 5424 conso—

1928 5463 2175 5516 labuntur
2202 5461 2414 5532 (Matth.
2446 5462 2521 5531 v).
2573 5460 2630 5513 Si
2674 5459 2765 5526 qui
2795 5456 2922 5510 ﬂent
2950 5472 3048 5524 pro
3095 5458 3332 5525 peccatis
3356 5459 3505 5520 suis,

1928 5552 1974 5607 si
2007 5551 2126 5620 quis
2160 5559 2281 5620 post
2327 5549 2520 5604 delicta
2565 5546 2898 5602 convertitur
2922 5545 2988 5596 ad
3021 5544 3387 5612 pmnitentiam
3445 5554 3504 5594 ct

1929 5657 2168 5698 errorem
2184 5655 2336 5693 suum
2361 5638 2612 5710 lacrymis
2635 5633 2858 5698 lavat,si
2880 5633 2998 5700 quis
3012 5632 3169 5685 etiam
3191 5631 3508 5702 ingemiscit

1933 5735 1985 5789 iu
2008 5730 2313 5788 habitacula
2331 5729 2433 5786 isto
2460 5729 2692 5799 positus,
2706 5732 2764 5780 ct
2780 5722 2848 5778 ad
2864 5720 3131 5778 Christum
3154 5721 3330 5775 redire
3350 5719 3512 5773 desi-
