3948 6316
529 408 703 475 derat,
727 417 783 466 et
804 418 1055 467 sanctum
1070 414 1397 473 desiderium
1418 418 1780 492 laerymarum
1800 423 2114 494 profusione
2140 426 2196 489 Α
2217 426 2325 484 illis
2371 430 2657 489 dicendum
2706 442 2812 501 est,
2860 436 2987 506 quia
3037 439 3143 495 nisi
3199 442 3452 500 ωειωνεε
3496 461 3555 502 se
3596 455 3773 508 ceteris

518 501 691 574 lavat.
710 503 1000 575 jungamns
1028 521 1152 563 cum
1182 509 1378 567 talibus
1405 512 1677 584 lacrymas
1711 524 1924 584 nostras
1938 526 1993 572 et
2019 533 2115 589 ge-

526 594 693 651 mitus
706 596 993 664 sociemus,
1010 614 1135 657 nam
1153 602 1371 657 tristitia
1384 621 1501 674 qua:
1515 608 1801 663 secundum
1824 608 1991 663 Deum
2014 620 2113 678 est,

524 686 745 743 salutem
757 689 996 743 stabilem
1009 707 1104 761 per
1114 694 1470 763 penitentiam
1492 708 1741 766 operatur
1758 697 1846 770 (ΙΙ
1870 698 1977 755 Cor
1990 700 2110 772 v11).

595 781 834 854 Idipsum
886 786 1107 841 invicem
1158 791 1455 845 sentientes.
1510 790 1703 849 Sermo
1755 796 1857 851 iste
1877 811 1985 851 non
2017 812 2113 852 na-

523 877 643 931 tura
691 873 802 940 sui,
839 875 933 929 sed
989 875 1435 948 interpretatione
1478 881 1762 939 obscurior
1782 883 1957 940 factus
1983 896 2107 941 est:

521 960 625 1015 hoc
666 971 751 1018 est
787 965 931 1019 enim
962 968 1107 1035 quod
1142 969 1307 1035 dicit,
1348 977 1409 1025 ut
1450 971 1527 1026 ita
1577 972 1644 1034 de
1692 974 1861 1031 fratre
1911 977 2112 1033 sentia-

518 1066 672 1118 mus,
724 1062 785 1107 nt
833 1055 899 1110 de
952 1058 1110 1113 nobis
1149 1059 1302 1129 ipsis,
1352 1069 1407 1116 et
1457 1063 1531 1117 ita
1578 1066 1827 1134 proximo
1879 1069 2110 1127 velimus

517 1145 658 1201 sicut
680 1155 735 1203 et
763 1150 920 1205 nobis
939 1151 1204 1217 volumus,
1252 1164 1312 1211 ut
1340 1165 1395 1212 et
1431 1157 1691 1216 Dominus
1716 1162 1770 1216 in
1814 1163 2108 1237 Evangelio

516 1238 647 1294 dicit
678 1259 692 1295 :
718 1242 852 1308 Qua:
892 1245 1049 1300 vultis
1078 1256 1135 1300 ut
1165 1248 1367 1316 faciant
1394 1252 1539 1305 vobis
1566 1256 1824 1322 homines,
1854 1258 2035 1311 eadem
2057 1268 2108 1313 et

513 1344 600 1382 vos
630 1329 787 1401 facite
808 1333 915 1389 illis
940 1334 1157 1405 (Matth.
1195 1339 1312 1407 vlt).

464 1404 465 1407 “
587 1417 714 1475 Non
752 1422 863 1499 alta
905 1404 1184 1495 sapientes.
1212 1404 1450 1501 (Ᾰωὺτ.)
1478 1430 1601 1486 Alta
1628 1448 1820 1504 sapere
1854 1437 2101 1506 superbia

510 1518 614 1577 est,
641 1527 769 1569 nam
797 1526 851 1570 et
875 1516 1120 1573 diabolus
1147 1535 1271 1575 cum
1306 1521 1415 1577 alta
1441 1526 1618 1593 sapuit
1660 1531 1999 1597 apostatavit.
2028 1530 2104 1585 Ne

512 1602 679 1660 elatio
721 1606 794 1661 sit
834 1609 888 1662 in
921 1610 1125 1677 animo,
1151 1621 1206 1668 et
1229 1628 1565 1683 praesumens
1594 1616 1737 1676 forte
1783 1621 1852 1676 de
1890 1622 2100 1678 incolu-

509 1693 701 1749 mitate
725 1704 879 1752 actus
904 1698 1010 1766 sui,
1034 1715 1142 1754 non
1172 1703 1456 1760 condoleat
1482 1704 1661 1776 fratri,
1693 1710 1787 1765 sed
1811 1713 2103 1783 exprobret

508 1783 665 1853 quasi
730 1788 1028 1854 peccatori,
1086 1789 1203 1846 haec
1253 1794 1506 1864 superbia
1551 1805 1654 1865 est,
1706 1815 1827 1870 qua:
1874 1817 1997 1858 cum
2044 1820 2103 1859 se

507 1876 793 1945 praeponit,
819 1877 1060 1946 offendit,
1092 1883 1237 1951 quod
1272 1892 1327 1939 et
1350 1885 1613 1943 Dominus
1634 1891 1856 1947 denotat
1875 1893 2063 1951 dicens
2088 1915 2101 1951 :

508 1966 662 2036 Ejice
681 1969 881 2023 trabem
907 1972 1054 2041 prius
1079 1974 1143 2028 de
1166 1977 1319 2031 oculo
1338 1987 1449 2044 tuo,
1474 1991 1522 2035 et
1544 1991 1671 2037 tunc
1696 1986 1890 2040 videbis
1918 1988 2105 2057 ejicere

507 2057 761 2125 festucam
787 2062 851 2114 de
873 2064 1026 2118 oculo
1056 2066 1243 2135 fratris
1273 2071 1352 2123 tui
1379 2071 1596 2142 (Matth.
1636 2076 1752 2147 vn).
1805 2078 1926 2149 Ipsa
1957 2081 2103 2136 enim

504 2148 669 2203 elatio
694 2160 979 2220 peccatum
1008 2163 1111 2221 est,
1144 2172 1209 2212 ac
1233 2160 1278 2213 si
1308 2176 1415 2216 non
1437 2162 1508 2217 sit
1530 2175 1807 2234 peccator,
1834 2170 1976 2239 quod
2002 2171 2104 2226 im-

505 2238 761 2306 possibile
791 2249 896 2308 est,
922 2243 979 2297 ﬁt
1002 2256 1255 2313 peccator
1287 2250 1415 2305 dum
1458 2255 1721 2322 superbit.
1751 2238 1995 2328 Denique
2021 2262 2102 2315 di-

506 2328 911 2413 cit‘Scrir'IIra
962 2353 975 2389 :
1020 2335 1269 2407 Superbis
1314 2340 1456 2397 Deus
1521 2347 1713 2401 resistit
1757 2349 1810 2421 (1
1840 2348 1984 2405 Petr.
2020 2352 2096 2423 v).

508 2404 705 2493 mag.)
733 2420 785 2477 s.
812 2425 1056 2495 ,ιετωειηι
1084 2404 1184 2498 per
1200 2431 1381 2486 omnia
1404 2404 1774 2505 refugiendani
1802 2440 1978 2508 docet,
1996 2404 2102 2499 1.5.

504 2509 650 2565 enim
681 2512 813 2568 dicit
852 2515 959 2571 alta
978 2520 1199 2574 sentire.
1231 2521 1301 2576 Et
1328 2523 1524 2580 merito
1566 2528 1820 2596 superbia
1845 2529 2099 2602 fugienda

505 2606 608 2664 est,
634 2616 758 2657 cum
791 2602 1075 2676 Scriptura
1109 2610 1261 2678 dicit,
1294 2614 1422 2682 quia
1458 2615 1672 2671 initium
1715 2619 2017 2676 discedendi
2065 2641 2098 2678 a

505 2686 639 2769 Deo,
665 2694 909 2762 superbia
938 2706 1014 2751 est
1040 2698 1232 2769 (Eceli.
1258 2702 1337 2773 x).

575 2779 680 2835 Sed
708 2783 995 2841 humilibus
1016 2785 1412 2846 consentientes.
1430 2791 1656 2867 (Αηιὺν.)
1678 2797 1779 2853 lioc
1801 2808 1907 2867 est,
1925 2810 1984 2855 ut
2008 2802 2099 2858 dc-

502 2869 680 2940 posita
705 2876 978 2943 superbia,
1001 2878 1231 2935 alienam
1254 2897 1471 2939 causam
1490 2901 1642 2943 suam
1659 2888 1843 2957 faciat,
1866 2901 1921 2947 et
1939 2910 2093 2950 suam

504 2963 660 3031 quasi
688 2965 938 3049 alienam,
991 2978 1052 3025 ut
1086 2971 1285 3028 habeat
1322 2977 1555 3046 gratiam
1603 2982 1743 3050 apud
1779 2982 2091 3053 Dominum,

504 3052 627 3122 quia
673 3056 764 3125 qui
810 3072 868 3113 se
914 3058 1239 3115 exaltaverit
1275 3063 1670 3122 humiliabitur.
1705 3068 1903 3141 (Orig)
1949 3052 2094 3129 Bene

506 3152 685 3234 autem
711 3163 820 3203 uno
847 3164 1097 3206 sermone
1135 3152 1531 3212 institutionem
1578 3154 1902 3217 humilitatis
1930 3178 2093 3234 expo-

503 3235 632 3291 suit.
652 3220 979 3295 tonsentire
1002 3242 1147 3297 enim
1176 3243 1489 3313 humilibus,
1529 3257 1586 3304 et
1613 3264 1796 3306 amare
1817 3220 2050 3309 humiles
2075 3296 2090 3321 ,

503 3338 668 3402 atque
698 3333 962 3389 inclinare
987 3348 1046 3390 se
1082 3336 1151 3391 ad
1173 3352 1289 3401 eos,
1313 3338 1415 3395 hoc
1450 3348 1535 3396 est
1578 3357 1935 3400 consuescere
1965 3345 2089 3400 imi-

504 3425 608 3478 tari
634 3441 758 3480 eum
784 3426 876 3496 qui
898 3429 1104 3489 cumin
1138 3429 1309 3485 forma
1332 3431 1427 3487 Dei
1448 3442 1614 3499 esset,
1652 3452 1672 3485 ε
1694 3434 1927 3491 formam
1948 3438 2089 3493 servi

502 3513 784 3583 suscepit,
831 3523 887 3570 et
916 3516 1220 3574 humiliavit
1248 3534 1308 3575 se
1349 3536 1519 3590 usque
1558 3522 1626 3577 ad
1664 3533 1893 3581 mortem
1934 3523 2092 3596 (Phi-

502 3602 629 3673 lipp.
657 3604 741 3677 ιι).
767 3624 786 3656 ι
808 3604 1121 3677 Hypocrita,
1146 3610 1191 3664 si
1216 3610 1350 3668 dicis
1369 3619 1421 3668 te
1442 3614 1662 3681 habere,
1677 3632 1801 3671 cum
1823 3618 2014 3674 eredas
2038 3628 2090 3673 te

503 3707 609 3747 non
641 3694 843 3752 habere
870 3705 1172 3766 peccatum,
1196 3698 1329 3757 foris
1350 3702 1506 3773 lingis
1536 3703 1920 3771 humilitatem,
1947 3709 2090 3763 intus

501 3786 844 3856 amplecteris
864 3791 1189 3847 vanitatem;
1210 3808 1339 3865 ergo
1367 3802 1423 3848 et
1445 3794 1501 3850 in
1528 3811 1621 3851 ore
1641 3807 1696 3851 et
1714 3797 1767 3853 in
1784 3800 1946 3854 corde
1981 3816 2091 3856 non

503 3874 673 3930 habes
702 3878 1009 3946 veritatem,
1040 3880 1168 3952 quid
1207 3882 1299 3937 tibi
1340 3884 1559 3953 prodest
1578 3886 1749 3941 videri
1784 3888 2091 3956 hominibus

505 3963 766 4021 humilem
799 3983 939 4034 esse,
982 3970 1126 4040 quod
1149 3971 1302 4038 dicis,
1329 3973 1374 4028 si
1400 3973 1541 4029 Deus
1566 3974 1713 4039 yidet
1754 3976 1920 4031 altum
1966 3993 2087 4034 esse

502 4055 647 4124 quod
687 4057 875 4126 sapis?
913 4057 1094 4114 Nolite
1120 4078 1230 4115 esse
1254 4062 1534 4132 prudentes
1557 4066 1698 4136 apud
1728 4069 2084 4138 vosmetipsos.

505 4141 744 4216 (Ambr.)
768 4144 882 4203 [loc
912 4147 967 4201 in
992 4148 1128 4203 Isaia
1156 4152 1419 4221 propheta
1449 4154 1713 4223 scriptum
1740 4165 1824 4211 est
1846 4152 1982 4227 (Isa.
2008 4157 2086 4229 ν),

501 4232 645 4300 quod
675 4232 762 4288 hic
782 4236 935 4303 quasi
961 4238 1236 4307 proprium
1267 4240 1438 4309 ponit.
1466 4250 1524 4296 ut
1544 4241 1753 4309 justitia
1786 4248 2089 4302 communis

500 4320 785 4390 habeatur,
816 4341 923 4381 non
952 4336 1011 4380 ut
1055 4328 1159 4383 sibi
1189 4330 1308 4400 quis
1333 4331 1507 4401 justus
1536 4334 1626 4399 sit,
1654 4336 1865 4391 cmteris
1905 4345 2086 4392 autem

502 4408 755 4480 iniustus.
793 4410 987 4485 (0rig.)
1035 4415 1135 4481 Qui
1177 4419 1277 4474 sibi
1308 4420 1406 4490 ipsi
1446 4423 1684 4490 prudens
1724 4425 1956 4491 videtur,
1997 4427 2085 4483 hic
2111 4455 2165 4515 Ι)

501 4514 625 4553 cum
653 4503 964 4573 arrogantia
994 4506 1187 4561 stultus
1212 4518 1317 4574 est,
1348 4525 1446 4565 nec
1476 4521 1653 4582 potest
1670 4530 1856 4569 veram
1877 4517 2081 4587 sapien.

504 4590 634 4644 tiam
657 4593 751 4647 Dei
778 4594 940 4660 scire,
959 4595 1051 4664 qui
1074 4611 1225 4651 suam
1259 4600 1544 4665 stultitiam
1564 4604 1721 4671 quasi
1757 4606 2083 4674 sapientiam

501 4681 649 4736 colit.
673 4682 914 4753 Denique
936 4685 988 4738 in
1009 4688 1375 4757 superioribus
1395 4690 1535 4747 hanc
1555 4691 1720 4748 fuisse
1741 4694 2086 4750 incredulita-

504 4772 575 4827 tis
597 4787 820 4829 causam
843 4772 1063 4842 Judreis,
1094 4777 1207 4847 ipse
1228 4780 1425 4836 Paulus
1444 4783 1660 4839 edocuit
1682 4784 1869 4840 dicens
1887 4786 1953 4839 de
1983 4786 2081 4850 eis,

500 4860 624 4932 quia
638 4864 938 4931 ignorantes
954 4863 1052 4919 Dei
1055 4865 1396 4935 justitiam,et
1413 4887 1564 4924 suam
1570 4872 1837 4941 justitiam
1851 4891 2086 4944 qua'ren-

503 4959 579 5004 tes
598 4960 830 5006 statuere
849 4993 863 5018 ,
887 4953 1117 5020 justitia:
1142 4955 1239 5010 Dei
1264 4974 1366 5011 non
1392 4970 1515 5014 sunt
1554 4963 1741 5031 sujecti
1782 4963 1958 5036 (Rom.
2000 4966 2077 5037 Χ).

505 5038 711 5112 [Greg.]
738 5040 829 5096 Sic
848 5056 976 5111 ergo
1002 5053 1058 5098 et
1081 5046 1174 5116 qui
1202 5048 1342 5117 apud
1367 5051 1716 5121 semetipsum
1741 5055 1955 5123 sapiens
1978 5067 2078 5121 est,

503 5143 609 5182 non
654 5138 834 5198 potest
878 5147 996 5187 esse
1042 5135 1259 5203 sapiens
1314 5140 1457 5208 apud
1506 5141 1695 5197 Deum.
1746 5143 2085 5217 Quapropter

502 5215 658 5273 aliter
705 5220 1027 5279 admonendi
1081 5235 1206 5280 sunt
1245 5230 1565 5297 pertinaces,
1596 5240 1758 5303 atque
1798 5215 2083 5292 aliter—in-

503 5308 846 5377 cunstautes;
898 5314 1007 5370 illis
1043 5317 1332 5372 dicendum
1377 5324 1519 5389 quod
1564 5325 1685 5394 plus
1713 5326 1779 5381 de
1825 5343 1884 5383 se
1917 5344 2080 5398 quam

501 5410 627 5455 sunt
650 5404 916 5470 sentiunt,
942 5416 997 5461 et
1024 5408 1225 5465 idcirco
1251 5411 1440 5467 alienis
1465 5418 1703 5473 consiliis
1732 5436 1836 5474 non
1864 5424 2083 5491 acquie-

502 5500 694 5547 scunt:
729 5495 847 5552 istis
876 5511 1007 5553 vero
1038 5500 1392 5558 intimandum
1443 5516 1526 5560 est
1576 5510 1718 5578 quod
1749 5512 1901 5567 valde
1928 5516 1993 5569 de
2021 5532 2081 5573 se

502 5583 857 5651 despicientes
892 5590 1188 5662 negligant,
1212 5604 1266 5648 et
1292 5595 1414 5651 ideo
1436 5597 1656 5655 levitate
1690 5604 2076 5673 cogitationum

504 5688 534 5725 a
582 5690 679 5730 suo
718 5678 922 5749 judicio
960 5696 1056 5751 per
1112 5693 1413 5757 temporum
1449 5703 1719 5748 momenta
1770 5694 2074 5753 flectuntur.

3660 343 3769 401 1556

2220 519 2584 590 aestimarent,
2648 540 2986 596 nequaquam
3036 540 3357 588 cunctorum
3417 538 3637 593 consilia
3680 557 3771 598 sua

2216 610 2589 670 deliberationi
2619 624 3039 689 postponerent;
3076 621 3196 678 istis
3219 625 3510 684 dicendum
3539 642 3636 699 est,
3667 638 3771 704 quia

2215 702 2262 757 si
2290 701 2392 756 hoc
2432 705 2576 773 quod
2605 716 2731 762 sunt
2756 717 3036 781 utcunque
3061 715 3429 784 attenderem,
3461 701 3771 796 nequaquam

2213 805 2309 847 eos
2331 807 2429 862 per
2454 801 2531 849 tot
2573 798 2850 855 varietatis
2896 802 3070 856 latera
3099 806 3480 864 mutabilitatis
3509 828 3634 868 aura
3668 830 3773 871 ver-

2165 936 2171 941 _
2213 894 2377 936 caret.
2402 882 2510 940 Illis
2530 899 2628 954 per
2652 885 2875 944 Paulum
2897 890 3094 948 dicitur
3134 912 3146 947 :
3178 895 3361 952 Nolite
3380 902 3648 969 prudentes
3679 924 3772 961 esse

2212 972 2353 1043 apud
2386 978 2753 1047 vosmetipsos;
2793 988 2849 1034 at
2873 990 3061 1038 contra
3088 985 3180 1040 isti
3208 988 3439 1044 audiunt
3468 1010 3480 1046 :
3530 992 3647 1047 Non
3681 998 3771 1049 cir-

2210 1062 2564 1132 cumferamur
2592 1069 2732 1121 omni
2757 1078 2903 1123 vento
2930 1072 3184 1129 doctrinis
3211 1076 3431 1148 (Ephes.
3462 1081 3559 1151 tv).

2284 1151 2434 1207 Nulli
2470 1156 2665 1209 malum
2701 1173 2795 1227 pro
2821 1158 2962 1214 malo
2991 1163 3284 1220 reddentes.
3312 1167 3549 1240 (Ambr.)
3579 1172 3681 1228 Hoc
3700 1186 3771 1229 cst

2209 1243 2352 1311 quod
2399 1244 2537 1300 dicit
2581 1246 2882 1305 Dominus:
2928 1250 3049 1307 Nisi
3093 1254 3444 1312 abundaverit
3465 1262 3671 1329 justitia
3703 1283 3771 1319 re-

2208 1344 2317 1391 stra
2339 1338 2615 1411 plusquam
2636 1344 2926 1399 scribarum
2945 1358 2993 1401 et
3028 1345 3449 1421 Pharisaeorum,
3491 1373 3591 1411 non
3619 1361 3765 1413 intra-

2209 1424 2328 1478 bitis
2365 1427 2420 1480 in
2452 1442 2665 1498 regnum
2698 1429 2797 1484 Dei
2833 1431 3047 1500 (Matth.
3097 1436 3171 1507 v).
3206 1438 3515 1498 Mandatum
3544 1447 3683 1500 enim
3725 1452 3767 1502 in

2206 1513 2322 1585 lege
2349 1526 2465 1571 erat
2498 1534 2511 1569 :
2551 1518 2750 1590 Diliges
2789 1523 3086 1590 proximum
3126 1536 3277 1587 tuum
3316 1541 3364 1583 et
3403 1534 3524 1587 odio
3576 1537 3769 1591 habebis

2203 1604 2473 1661 inimicum
2517 1617 2683 1664 tuum.
2731 1610 2878 1679 Haec,
2900 1623 3159 1683 quantum
3181 1618 3411 1685 videtur,
3438 1620 3642 1688 justitia
3672 1637 3768 1693 est;

2205 1697 2299 1751 sed
2322 1705 2379 1751 ut
2402 1698 2637 1754 abundet
2670 1699 2881 1768 justitia
2908 1703 3365 1776 Christianorum,
3392 1710 3655 1768 docentur
3676 1733 3767 1771 non

2130 1770 2179 1830 Β
2208 1787 2431 1842 reddere
2462 1791 2661 1845 malum
2682 1808 2780 1867 pro
2799 1793 2963 1860 malo,
2992 1804 3051 1850 ut
3071 1798 3298 1867 perfecti
3318 1770 3449 1867 sint,
3478 1813 3533 1857 et
3560 1821 3654 1874 pro
3684 1806 3769 1863 hoc

2207 1891 2415 1933 merces
2454 1879 2559 1932 illis
2587 1880 2841 1936 reddatur
2870 1884 2930 1938 in
2949 1883 3155 1953 judicio
3182 1889 3299 1945 Dei.
3340 1890 3538 1964 (Orig)
3572 1894 3627 1949 Si
3673 1913 3764 1951 ma-

2203 1964 2313 2019 lum
2345 1966 2547 2024 inferre
2575 1985 2800 2038 peccare
2844 1982 2949 2039 est,
2984 1983 3042 2031 et
3073 1979 3299 2035 reddere
3342 1983 3547 2037 malum
3577 2001 3695 2050 nou,
3719 1998 3770 2041 ut

2203 2057 2523 2126 quibusdam
2551 2058 2783 2129 videtur,
2806 2059 3012 2130 justum
3055 2077 3157 2135 est,
3186 2070 3280 2124 sed
3307 2070 3485 2126 simile
3512 2084 3767 2142 peccatum

2202 2153 2305 2212 est,
2331 2154 2423 2200 aut
2448 2156 2506 2201 ut
2528 2163 2628 2219 ego
2660 2151 2916 2220 arbitror,
2938 2156 3101 2210 etiam
3130 2160 3367 2228 gravius.
3392 2161 3529 2217 Nam
3565 2165 3651 2220 ille
3688 2169 3767 2235 qui

2201 2237 2402 2292 malum
2424 2240 2572 2309 prior
2598 2243 2782 2296 intulit
2808 2261 2913 2301 non
2936 2249 3105 2304 sensit
3136 2251 3334 2307 malum
3364 2270 3516 2319 esse,
3544 2258 3679 2325 quod
3700 2258 3767 2311 fa-

2200 2336 2384 2383 ceret:
2409 2330 2500 2398 qui
2548 2342 2727 2387 autem
2760 2336 2935 2391 reddit
2977 2339 3198 2408 malum,
3227 2358 3292 2399 eo
3315 2347 3434 2415 ipso
3472 2362 3581 2417 quo
3604 2349 3667 2403 ad
3704 2351 3768 2402 ul-

2199 2418 2510 2479 ciscendum
2539 2432 2623 2477 est
2649 2435 2847 2491 motus,
2890 2427 3171 2487 confessus
3192 2441 3279 2489 est
3299 2438 3541 2492 sensisse
3568 2454 3627 2494 se
3666 2456 3763 2493 ma-

2198 2509 2307 2565 lum
2335 2525 2457 2566 esse
2482 2514 2624 2582 quod
2644 2516 2892 2582 reddidit,
2926 2528 2979 2573 et
3006 2520 3127 2577 ideo
3148 2524 3549 2593 respiciendum
3579 2544 3767 2600 semper

2198 2610 2284 2654 est
2306 2601 2373 2654 ad
2392 2615 2515 2655 eum
2542 2603 2633 2671 qui
2659 2604 2793 2659 dixit
2820 2624 2832 2659 :
2863 2606 2998 2663 Mihi
3028 2612 3328 2681 vindictam,
3361 2632 3455 2686 ego
3479 2620 3763 2687 retribuam,

2198 2690 2324 2743 dicit
2348 2690 2600 2747 Dominus
2632 2692 2817 2763 (Hebr.
2842 2697 2920 2767 ι).

2269 2779 2610 2839 Providentes
2636 2786 2769 2841 bona
2794 2804 2898 2843 non
2922 2800 3126 2847 tantum
3155 2811 3334 2850 coram
3355 2796 3489 2863 Deo,
3512 2801 3603 2854 sed
3627 2804 3763 2856 etiam

2197 2888 2372 2927 coram
2413 2876 2649 2931 omnibus
2700 2878 3016 2934 hominibus.
3068 2882 3304 2955 (Ambr.)
3361 2886 3653 2946 Providere
3697 2902 3766 2947 est

2196 2962 2335 3017 bona
2358 2963 2536 3020 futura
2561 2976 2686 3023 ante
2709 2969 2894 3025 oculos
2915 2971 3137 3039 habere,
3168 2984 3310 3032 utea
3354 2992 3615 3050 gerantur
3660 3000 3765 3053 qua:

2196 3057 2422 3124 possint,
2454 3067 2737 3130 postquam
2766 3060 2907 3117 facta
2950 3065 3171 3132 fuerint,
3201 3069 3256 3123 in
3303 3073 3763 3140 reprehensionem

2195 3162 2302 3203 non
2331 3151 2537 3216 venire,
2578 3154 2672 3208 sed
2700 3155 2871 3224 magis
2893 3154 3036 3212 laudi
3063 3173 3201 3225 esse,
3253 3160 3367 3216 sive
3417 3166 3559 3234 apud
3588 3166 3763 3232 Deum,

2193 3239 2307 3295 sive
2337 3243 2478 3310 apud
2506 3244 2774 3300 homines.
2804 3246 2882 3301 Ne
2911 3248 3034 3317 quis
3060 3252 3293 3307 aestimet
3321 3256 3451 3324 quia
3486 3257 3597 3311 Deo
3630 3258 3760 3313 licita

2192 3347 2298 3385 non
2320 3332 2625 3403 displicent,
2651 3337 2853 3394 idcirco
2887 3354 2997 3395 non
3034 3346 3327 3400 curandum
3356 3349 3401 3402 si
3442 3348 3597 3403 fratri
3623 3366 3767 3405 scan-

2192 3420 2315 3477 dalo
2340 3424 2482 3491 sint;
2515 3426 2617 3481 hoc
2649 3441 2962 3499 praemonet,
2984 3434 3110 3504 quia
3135 3434 3265 3490 illud
3288 3436 3406 3493 fieri
3430 3439 3611 3506 debet,
3634 3444 3763 3513 quod

2191 3519 2247 3565 et
2286 3512 2393 3568 Deo
2432 3530 2541 3570 non
2585 3517 2885 3587 displiceat,
2924 3531 2979 3577 et
3027 3522 3181 3579 fratri
3213 3529 3465 3584 seandalo
3512 3546 3620 3586 non
3650 3533 3713 3586 sit
3745 3551 3757 3587 :

2190 3617 2256 3659 ac
2292 3604 2336 3659 si
2364 3603 2522 3661 liceat
2547 3616 2602 3662 et
2631 3606 2851 3664 fratrem
2879 3612 3229 3681 scandalizet,
3284 3616 3394 3671 Deo
3427 3634 3535 3674 non
3570 3621 3757 3689 placet,

2191 3695 2316 3764 quia
2356 3696 2496 3753 Deus
2524 3698 2683 3753 saluti
2713 3702 3033 3759 studendum
3084 3717 3302 3762 monet:
3327 3710 3404 3764 sic
3429 3725 3557 3780 ergo
3587 3717 3759 3781 provi-

2192 3782 2387 3839 dentur
2414 3786 2556 3843 bona
2585 3804 2766 3845 coram
2792 3792 2903 3848 Deo
2946 3805 3001 3850 et
3036 3797 3360 3865 hominibus,
3392 3801 3439 3855 si
3468 3816 3531 3856 ea
3563 3820 3681 3872 qum
3705 3807 3763 3859 li-

2191 3885 2279 3932 cet
2323 3879 2403 3934 sic
2440 3890 2669 3951 agantur
2705 3899 2773 3938 ne
2810 3886 3119 3943 scandalum
3166 3890 3384 3946 faciant.
3440 3892 3638 3967 (Oi-ig.)
3670 3897 3759 3963 Qui

2176 3969 2315 4041 vitae
2363 3987 2472 4026 sum
2507 3980 2562 4028 et
2591 3990 2803 4031 morum
2834 3986 2996 4047 atque
3022 3988 3239 4037 actuum
3270 3993 3419 4039 tenet
3462 3986 3678 4053 libram,
3709 4001 3759 4043 ut

2190 4076 2298 4116 non
2343 4064 2513 4131 possit
2555 4064 2622 4120 ab
2672 4066 2781 4122 ullo
2827 4069 3043 4125 homine
3091 4075 3433 4142 reprehendi,
3477 4078 3581 4132 iste
3631 4080 3759 4133 bona

2189 4152 2434 4220 providet
2482 4170 2667 4211 coram
2711 4157 2962 4212 omnibus
3016 4161 3341 4217 hominibus.
3387 4164 3505 4221 Non
3551 4169 3627 4222 ait
3674 4187 3759 4223 au-

2192 4248 2302 4295 tem
2365 4252 2424 4296 ut
2490 4246 2738 4300 omnibus
2792 4246 3100 4304 hominibus
3159 4251 3502 4321 placeamus,
3570 4259 3660 4312 sed
3710 4270 3759 4311 ut

2190 4332 2571 4398 provideamus
2596 4333 2734 4389 bona
2763 4351 2945 4391 coram
2987 4339 3238 4395 omnibus
3283 4342 3621 4411 hominibus;
3667 4348 3757 4402 hoc

2192 4429 2314 4487 est,
2375 4438 2595 4493 agamus
2649 4441 2747 4481 nos
2798 4426 2936 4482 bona
2984 4444 3169 4484 coram
3231 4435 3482 4490 omnibus
3531 4437 3753 4492 homini-

2190 4509 2307 4573 bus,
2360 4512 2473 4566 sive
2526 4514 2630 4567 illis
2676 4516 2923 4582 placeant
2975 4534 3095 4587 qua:
3146 4523 3281 4576 bona
3330 4533 3476 4590 sunt,
3507 4526 3622 4582 sive
3658 4543 3755 4583 non

2190 4599 2456 4670 placeant.
2494 4601 2554 4656 Si
2578 4603 2695 4670 ﬁeri
2715 4615 2877 4673 potest
2922 4609 3061 4676 quod
3096 4626 3161 4664 ex.
3200 4612 3342 4666 vobis
3368 4625 3464 4681 est,
3510 4634 3625 4669 cum
3656 4635 3757 4672 ont-

2192 4690 2345 4745 nilms
2374 4692 2670 4749 hominibus
2711 4713 2889 4765 pacem
2935 4700 3200 4756 habentes.
3255 4703 3464 4776 (Greg.)
3515 4708 3757 4765 Hortalus

2192 4784 2332 4838 enim
2380 4785 2688 4855 discipulos,
2720 4798 2780 4843 ut
2805 4805 2990 4859 pacem
3036 4808 3161 4848 cum
3202 4797 3451 4853 omnibus
3482 4799 3751 4867 haberent,

2190 4875 2468 4941 prtemisit,
2516 4876 2718 4933 dicens.
2773 4879 2834 4934 Si
2866 4881 2983 4948 ﬁeri
3007 4893 3205 4953 potest,
3258 4896 3421 4955 atque
3469 4890 3754 4958 subjunxit,

2191 4965 2330 5035 quod
2353 4983 2416 5020 ea:
2444 4968 2582 5022 vobis
2626 4980 2731 5036 est,
2767 4969 2977 5027 dillieile
3005 4976 3201 5044 quippe
3243 4986 3374 5043 erat,
3424 4988 3483 5034 ut
3536 4983 3583 5035 si
3629 4984 3753 5037 male

2191 5064 2309 5111 acta
2343 5058 2699 5128 corriperent,
2737 5062 2935 5116 habere
2962 5079 3147 5133 pacem
3177 5081 3297 5121 cum
3341 5071 3595 5126 omnibus
3638 5089 3752 5141 pos-

2191 5149 2319 5215 sint,
2345 5153 2436 5207 sed
2469 5167 2589 5207 cum
2624 5154 2931 5223 temporalis
2956 5172 3060 5225 pax
3093 5158 3145 5212 in
3191 5175 3480 5228 pravorum
3514 5166 3752 5220 cordibus

2190 5256 2258 5294 ex
2280 5250 2465 5296 nostra
2490 5244 2857 5313 increpatione
2877 5246 3241 5318 confunditur,
3259 5251 3517 5307 inviolata
3546 5270 3751 5310 necesse

2186 5341 2273 5388 est
2324 5334 2459 5389 utin
2508 5338 2669 5391 corde
2720 5344 2906 5391 nostro
2955 5349 3223 5406 servetur,
3268 5352 3416 5398 recte
3462 5344 3643 5414 itaque
3667 5348 3749 5403 ait.

2183 5424 2322 5495 quod
2353 5442 2416 5479 ex
2446 5427 2587 5481 vobis
2610 5436 2705 5492 est,
2747 5442 2811 5482 ac
2834 5428 2880 5482 si
2906 5429 3164 5485 nimirum
3191 5432 3336 5487 dicat
3361 5452 3373 5488 :
3403 5436 3531 5504 quia
3572 5453 3671 5505 pax
3693 5454 3749 5491 ελ

2184 5517 2411 5573 duarum
2440 5520 2672 5588 partium
2698 5534 2963 5577 consensu
2998 5524 3260 5591 subsistit,
3313 5528 3409 5582 sed
3453 5538 3522 5583 an
3552 5530 3629 5583 eis
3669 5533 3751 5598 qui

2184 5610 2878 5682 corripiunturexpellitur,
2921 5615 3127 5688 integra
3158 5624 3335 5671 tamen
3364 5616 3418 5671 in
3449 5628 3642 5680 vestra,
3668 5620 3751 5688 qui

2185 5702 2476 5772 corripitis,
2515 5712 2695 5761 mente
2722 5713 2987 5764 teneatur.
3018 5708 3169 5765 Unde
3203 5709 3345 5766 idem
3371 5725 3582 5779 rursus,
3604 5710 3751 5767 disci-
