3948 6378
250 379 388 435 1537

781 377 1428 448 ENARRATIONUMJN
1467 383 1627 440 EPP.
1653 384 1857 445 PAULI
1898 384 2024 444 LIB.
2073 388 2179 445 Vll.
2216 421 2287 432 —
2321 392 2387 447 ΙΝ
2423 391 2640 451 EPIST.
2680 396 2772 450 AD
2808 396 2973 453 ROM.

3371 403 3505 459 1558

246 489 403 562 pulos
426 491 678 548 admonet
719 492 903 548 dicens
932 511 944 546 :
970 490 1028 548 Si
1055 495 1170 564 quis
1208 510 1310 548 non
1350 494 1517 549 obedit
1547 498 1697 551 verba
1742 517 1825 553 ve-
1851 508 1901 567 Α
1927 500 2099 571 plagis
2126 500 2348 571 allligit;
2376 504 2552 558 solent
2578 506 2723 560 enim
2762 508 2814 562 in
2845 523 3004 577 poena
3032 511 3361 580 delinquere.
3387 515 3505 570 Non

246 594 379 648 stre,
420 601 514 654 per
539 583 833 654 Epistulam
859 587 994 640 hunc
1038 595 1212 640 notate
1260 595 1307 639 ct
1358 602 1459 641 non
1494 588 1824 643 commiscea-

246 675 379 730 mini
403 692 524 729 cum
558 674 672 739 illo,
702 685 759 729 ut
780 675 1163 744 confundatur,
1198 686 1357 746 atque
1386 677 1530 731 illico
1556 676 1821 749 adjunxit,

244 775 299 823 et
324 764 485 822 nolite
528 754 795 820 inimicum
841 765 1105 820 testimare
1135 764 1308 832 illum,
1340 768 1437 837 sed
1471 769 1737 837 corripite,
1767 780 1825 825 ut

248 856 466 925 fratrem
505 856 591 928 (ΙΙ
617 857 797 913 Thess.
824 860 940 929 Ill);
973 874 1037 916 ac
1056 861 1100 916 si
1127 862 1361 918 diceret:
1395 877 1583 933 pacem
1616 877 1736 917 eum
1760 878 1826 919 eo

246 957 575 1013 exteriorem
612 958 822 1024 solvite,
854 959 950 1014 sed
990 960 1300 1016 interiorem
1345 960 1492 1015 circa
1538 959 1686 1013 illum
1707 974 1826 1016 me-

247 1048 467 1106 dullitus
484 1051 769 1125 custodite,
793 1058 853 1103 ut
881 1053 1157 1119 peccantis
1191 1058 1427 1106 mentem
1450 1066 1698 1108 securam
1724 1053 1826 1109 dis-

247 1137 433 1191 cordia
458 1136 638 1203 feriat,
652 1148 920 1208 quatenus
946 1155 1051 1210 pax
1076 1156 1109 1195 a
1132 1141 1327 1196 vestris
1348 1141 1601 1201 cordibus
1625 1158 1722 1200 nec
1737 1142 1827 1198 ab-

245 1234 438 1298 negata
456 1227 716 1283 discedat.
744 1227 942 1300 (0rig.)
970 1230 1158 1287 Sciens
1177 1232 1466 1302 Apostolus
1476 1248 1665 1303 pacem
1688 1234 1826 1289 inter

244 1331 383 1388 quos
413 1332 519 1388 pax
561 1318 792 1374 habetur
814 1335 921 1374 non
951 1337 1018 1377 ex
1048 1338 1152 1377 una
1183 1332 1356 1393 parte,
1381 1324 1570 1387 sed-ex
1597 1332 1826 1393 utraque

245 1419 514 1477 constare,
538 1428 608 1467 ne
638 1427 739 1468 nos
760 1412 987 1470 alterius
1010 1416 1246 1480 animus,
1280 1417 1326 1471 si
1354 1415 1494 1472 forte
1521 1417 1826 1486 impacatus

244 1504 473 1569 venerit,
500 1518 530 1557 a
558 1504 700 1558 bono
739 1505 889 1572 pacis
935 1506 1194 1575 impedire
1237 1507 1536 1573 videretur;
1573 1508 1823 1563 modera-

244 1593 512 1649 tissimum
542 1594 690 1650 dedit
714 1604 1063 1666 praeceptum,
1086 1598 1377 1653 utinterim
1404 1607 1590 1654 noster
1614 1599 1824 1654 animus

242 1702 456 1758 semper
473 1690 543 1744 sit
562 1698 786 1758 paratus
806 1692 873 1745 ad
904 1705 1109 1760 pacem,
1136 1698 1191 1745 et
1214 1690 1499 1745 discordiae
1532 1690 1690 1759 culpa
1714 1705 1820 1744 non

241 1792 410 1848 penes
436 1793 554 1844 nos,
582 1779 678 1834 sed
707 1780 884 1849 penes
916 1769 1402 1835 alterum'eonste‘t.
1432 1778 1542 1835 Sed
1591 1779 1820 1835 fortasse

1928 589 2099 645 solum
2122 591 2189 645 de
2211 592 2470 661 subjectis
2496 594 2788 650 vindictam
2813 600 3061 668 prohibet
3091 611 3503 671 compctcntem,

1925 680 2020 746 sed
2068 689 2122 737 et
2169 681 2236 741 de
2276 682 2499 751 paribus
2538 692 2593 741 et
2632 688 2861 757 magnis,
2907 690 3011 744 hoc
3057 699 3172 757 est,
3230 691 3296 746 de
3342 690 3512 749 fratre

1925 768 2065 826 forte
2090 771 2145 825 in
2176 786 2277 826 nos
2305 782 2567 841 peccante
2592 790 2721 835 non
2767 793 3069 847 quaeramus
3100 783 3385 851 vindicari,
3415 786 3507 841 sed

1927 862 2290 929 remittamus,
2335 865 2427 919 Dei
2449 865 2655 934 judicio
2680 878 3038 939 reservantes,
3068 890 3135 929 ne
3176 876 3301 929 dnm'
3332 878 3401 932 ab
3427 878 3509 932 ira

1928 951 2250 1017 detinemur,
2286 951 2523 1009 inveniat
2562 956 2741 1011 locum
2789 958 3058 1026 inimicus,
3090 964 3141 1017 in
3174 981 3281 1034 quo
3317 982 3510 1037 sugge-

1926 1051 2011 1097 rat
2036 1053 2094 1098 et
2134 1043 2359 1100 suadeat
2406 1048 2548 1117 quod
2598 1057 2787 1104 contra
2836 1067 2935 1107 nos
2980 1061 3080 1108 est.
3127 1055 3386 1127 Scriptum
3433 1070 3507 1113 est

1925 1133 2082 1191 enim.
2116 1132 2189 1189 Ut
2215 1133 2403 1191 fortius
2442 1139 2687 1205 suadeat,
2736 1141 2987 1211 exemplo
3018 1143 3152 1213 legis
3188 1147 3289 1202 hoc
3331 1148 3510 1203 ﬁrmat

1927 1222 2111 1279 dicens
2152 1241 2165 1274 :
2221 1226 2502 1295 scriptum,
2558 1229 2812 1299 inquam,
2867 1240 2942 1285 est
2982 1249 2999 1285 :
3035 1232 3168 1285 Milli
3205 1236 3505 1314 vindictam,

1924 1333 2016 1388 ego
2048 1319 2329 1374 retribuam
2355 1322 2480 1376 dicit
2508 1323 2767 1379 Dominus
2791 1324 2972 1395 (Deut.
3009 1342 3190 1394 xxxii;
3236 1328 3394 1383 llebr.
3425 1331 3505 1401 Χ),

1924 1417 1985 1463 ιιι
2008 1410 2052 1477 si
2080 1411 2301 1465 minime
2328 1428 2358 1466 a
2382 1416 2538 1471 nobis
2581 1415 2695 1480 ﬁat,
2718 1418 2860 1485 quod
2894 1404 3069 1483 doc’ét,
3096 1419 3264 1475 Deum
3297 1436 3327 1474 a
3354 1422 3508 1477 nobis

1923 1506 2293 1568 contemptum
2316 1503 2587 1556 ostendat.
2608 1502 2914 1574 (0rig.)Est
2935 1515 3118 1562 autem
3142 1516 3197 1563 et
3224 1509 3328 1564 hoc
3347 1510 3508 1565 modo

1924 1585 2018 1641 ira:
2038 1586 2215 1643 locum
2230 1588 2379 1655 dare,
2396 1592 2614 1659 quando
2628 1608 2727 1661 pro
2742 1594 2827 1649 his
2842 1611 2961 1664 quae
2978 1596 3283 1655 inferuntur
3296 1599 3509 1669 injuriis

1924 1678 2015 1747 qui
2036 1689 2286 1748 peccant,
2316 1683 2613 1739 secundum
2639 1685 2808 1755 ipsius
2832 1686 2984 1742 Pauli
3002 1692 3345 1757 sententiam,
3368 1691 3509 1747 iram

1922 1769 2027 1825 sibi
2050 1772 2419 1836 thesaurizant
2439 1775 2492 1828 in
2514 1776 2613 1830 dia:
2637 1777 2751 1843 irae,
2767 1786 2896 1834 tunc
2915 1794 3037 1834 cum
3058 1781 3348 1843 reddiderit
3367 1784 3509 1838 Deus

240 1868 385 1923 dicat
412 1868 628 1938 aliquis,
676 1870 945 1939 quomodo
991 1877 1168 1939 potest
1212 1869 1329 1924 ﬁeri
1359 1878 1418 1924 ut
1463 1884 1652 1940 pacem
1695 1884 1809 1925 cum

1924 1858 2216 1928 unicuique
2239 1863 2530 1922 secundum
2566 1880 2732 1935 Opera
2759 1882 2877 1921 sua.
2914 1867 2971 1922 Si
2997 1883 3131 1940 ergo
3151 1873 3510 1942 nosmetipsos

237 1957 489 2014 omnibus
514 1958 821 2014 hominibus
860 1959 1277 2014 habeamus?'et
1306 1959 1435 2028 quid
1460 1958 1722 2015 faciemus
1752 1959 1819 2014 de
1922 1949 2280 2018 νὶὶιάἱοθωυεο
2328 1969 2436 2010 ιιοη
2469 1964 2556 2011 εει
2585 1972 2841 2027 magnum
2867 1960 3012 2028 Quod
3042 1976 3141 2039 pro
3168 1962 3364 2032 injuria
3390 1978 3509 2018 sus-

237 2046 538 2119 Scriptura,
570 2044 690 2119 quae
741 2049 912 2103 dicit:
945 2047 1143 2102 Furem
1187 2049 1399 2102 videbas
1418 2088 1433 2113 ,
1476 2058 1524 2102 et
1574 2050 1817 2103 currebas
1920 2050 2077 2116 cepta
2097 2042 2391 2112 reddimus
2422 2046 2572 2101 verbi
2593 2062 2777 2114 causa.
2806 2060 2900 2104 aut
2926 2050 3160 2120 palmam
3183 2067 3282 2122 pro
3307 2053 3506 2121 palma,

236 2163 356 2201 cum
382 2147 474 2202 illo
491 2188 507 2212 ,
538 2157 585 2201 et
627 2164 747 2203 cum
772 2146 1031 2201 adulteris
1061 2147 1353 2216 portionem
1379 2154 1523 2201 tuam
1549 2146 1819 2216 ponebas?
1919 2141 2012 2193 θυι
2038 2148 2229 2195 33mm
2256 2151 2354 2205 Ρτο
2375 2150 2530 2205 8³1ον
2546 2148 2639 2193 θυι
2662 2154 2763 2209 pro
2777 2142 3100 2199 contumelia
3123 2145 3393 2199 sermonis
3417 2145 3507 2199 ni-

234 2236 411 2310 (Psal.
443 2239 615 2309 xux.)
642 2239 764 2293 Ideo
792 2252 926 2309 ergo
951 2237 1087 2293 bene
1106 2237 1393 2308 Apostolus
1420 2237 1644 2304 addidit,
1672 2240 1814 2309 quod

230 2344 300 2385 ea:
327 2330 466 2400 vobis
492 2339 586 2393 est,
621 2330 724 2384 hoc
759 2343 858 2394 esr,
896 2330 1039 2399 quod
1066 2330 1340 2400 proposito
1376 2337 1558 2385 vestro
1583 2337 1639 2383 et
1690 2329 1812 2383 ﬁdei

230 2395 743 2486 vestrae'convenit;
791 2435 914 2474 cum
944 2419 1101 2474 malis
1142 2421 1286 2474 enim
1317 2419 1516 2475 habere
1542 2428 1814 2489 paeantet

231 2514 548 2571 societatem
584 2513 704 2568 ﬁdei
740 2522 937 2569 nostrae
958 2514 1341 2584 propositoque
1382 2528 1490 2567 non
1516 2513 1807 2568 convenit:

230 2602 480 2671 quamvis
512 2610 567 2657 et
595 2600 699 2655 alia
724 2601 778 2656 in
800 2600 919 2656 loco
938 2601 1110 2671 possit
1130 2600 1318 2654 haberi
1342 2601 1635 2655 distinctio.
1652 2601 1810 2655 Aliud

229 2701 317 2748 est
357 2692 515 2747 enim
536 2692 784 2747 homines
830 2706 1035 2757 amare,
1081 2690 1229 2744 aliud
1275 2690 1502 2745 crimina
1552 2689 1804 2760 diligere;

228 2782 322 2853 qui
348 2782 589 2836 homines
609 2790 775 2846 amat,
798 2790 1101 2849 creaturam
1126 2781 1220 2836 Dei
1246 2780 1437 2849 diligit,
1460 2780 1553 2849 qui
1580 2780 1808 2835 erimina

228 2870 425 2943 diligit,
473 2871 673 2927 diaboli
721 2880 960 2927 sectatur
1011 2873 1252 2935 inventa;
1301 2871 1394 2941 qui
1423 2885 1553 2941 ergo
1582 2871 1807 2941 perfecti

227 2970 377 3027 sunt,
404 2963 506 3018 hoc
525 2964 645 3032 ipso
669 2978 777 3031 quo
799 2962 1031 3017 oderunt
1058 2963 1305 3027 erimina,
1330 2962 1577 3017 homines
1600 2970 1804 3025 amant,

226 3060 285 3107 et
309 3053 433 3107 odio
481 3053 741 3108 habentes
794 3053 846 3106 in
892 3052 971 3107 eis
1021 3052 1153 3107 illud
1195 3052 1339 3120 quod
1387 3060 1644 3121 peccant,
1678 3050 1807 3105 illud

225 3133 370 3211 quo'd
397 3128 538 3196 Deus
565 3142 769 3196 creavit
795 3156 979 3197 amare
1005 3158 1111 3196 non
1142 3143 1426 3197 desistunt.
1451 3141 1677 3212 (Ambr.)
1697 3142 1801 3198 Po-

1915 2225 2211 2284 hilominus
2255 2230 2637 2287 contumeliam
2668 2250 2682 2285 :
2711 2233 2780 2287 si-
2804 2248 2933 2290 vero
2962 2249 3243 2294 servemus
3284 2250 3349 2290 ea
3389 2236 3509 2291 vin-

1916 2312 2075 2369 dictae
2096 2313 2216 2381 Dei,
2245 2316 2299 2371 in
2345 2332 2412 2373 eo
2442 2319 2698 2388 quiltesit
2728 2336 2827 2378 nos
2850 2321 3032 2378 locum
3060 2324 3253 2380 damus
3280 2324 3394 2388 irae,
3429 2325 3507 2381 illi

1914 2407 2033 2465 sine
2054 2407 2237 2474 dubio,
2267 2424 2430 2480 quam
2455 2411 2561 2467 sibi
2591 2412 2707 2481 ipse
2732 2413 2846 2469 suis
2868 2414 3026 2471 malis
3053 2416 3264 2472 actibus
3288 2396 3508 2474 thesauro

1913 2497 2073 2563 rizat,
2101 2516 2222 2569 qum
2263 2501 2330 2557 de
2378 2517 2444 2558 eo
2495 2504 2550 2559 in
2589 2503 2796 2573 judicio
2836 2506 2932 2561 Dei
2981 2508 3151 2563 multo
3203 2509 3498 2578 graviores,

1909 2604 2073 2658 quam
2113 2606 2213 2647 nos
2253 2591 2458 2655 inferre
2483 2609 2792 2664 possumus,
2825 2596 3003 2667 exigat
3032 2611 3241 2665 pinnas.
3281 2597 3300 2669 (
3321 2596 3500 2667 Cass.)

1909 2682 2097 2739 Potest
2130 2694 2186 2740 et
2234 2686 2339 2742 alio
2392 2690 2551 2744 modo
2599 2690 2714 2744 haec
2761 2691 3028 2745 sententia
3085 2691 3330 2761 intelligi.
3375 2692 3501 2746 Non

1909 2777 2243 2845 vosmetipsos
2291 2777 2646 2844 vindicantes,
2688 2780 3003 2844 charissimi,
3037 2780 3127 2836 sed
3153 2781 3275 2849 date
3323 2780 3499 2837 locum

1907 2863 2026 2928 im,
2062 2864 2116 2918 id
2142 2873 2243 2929 est,
2292 2880 2636 2937 nequaquam
2677 2869 2744 2924 ad
2778 2869 3073 2924 vindictam
3106 2869 3383 2924 iracundia
3415 2884 3501 2925 co-

1911 2961 2071 3023 gente
2104 2954 2356 3021 tendatis,
2389 2956 2480 3011 sed
2530 2957 2651 3012 date
2698 2956 2869 3011 locum
2907 2959 3003 3012 irw
3027 2998 3041 3022 ,
3096 2959 3198 3014 hoc
3242 2968 3357 3024 est,
3390 2974 3498 3014 non

1908 3042 2019 3103 sint
2037 3044 2200 3101 corda
2246 3053 2426 3105 vestra
2458 3047 2538 3103 sic
2570 3048 2923 3117 impatientia:
2948 3064 3014 3103 ac
3040 3049 3500 3119 pusillanimitatis

1909 3136 2171 3206 angustiis
2218 3146 2515 3203 coarctata,
2551 3147 2612 3193 ut
2632 3141 2923 3195 violentam
2951 3141 3329 3197 commotionls
3374 3157 3499 3212 pro-

224 3236 335 3286 test
363 3231 500 3297 ﬁeri,
537 3239 599 3286 ut
621 3231 689 3287 de
732 3233 926 3286 timore
953 3244 979 3273 τι
1008 3232 1296 3302 paciﬁcum
1322 3248 1380 3288 se
1400 3235 1523 3303 quis
1567 3233 1804 3302 praebeat
1832 3217 1876 3279 C
1908 3228 2099 3283 cellam
2141 3246 2264 3286 cum
2289 3231 2514 3289 irruerit
2537 3233 2808 3291 sustinere
2837 3248 2945 3291 non
2973 3234 3202 3304 possint,
3232 3234 3325 3290 sed
3354 3233 3495 3291 dila-

223 3323 302 3379 illi
329 3312 420 3394 qui
446 3323 559 3379 odit
576 3338 795 3394 pacem;
821 3354 856 3394 .1
898 3324 1037 3379 ando
1064 3324 1208 3379 enim
1241 3324 1415 3379 vicem
1441 3324 1665 3379 reddere
1690 3339 1803 3379 ma-

222 3413 295 3470 lis
324 3429 430 3469 non
454 3412 589 3480 vult,
619 3414 876 3484 paciﬁcus
897 3422 1000 3480 est,
1031 3414 1135 3469 hoc
1174 3422 1279 3479 est,
1306 3415 1373 3471 de
1418 3414 1560 3469 bono
1586 3414 1805 3469 vincere

220 3488 463 3571 malum,
510 3514 572 3560 ut
613 3506 700 3561 vel
745 3507 1018 3575 obsequiis
1053 3507 1322 3572 vincatur,
1362 3520 1519 3575 quem
1550 3507 1801 3561 mandata

219 3594 357 3667 legis
384 3610 491 3650 non
534 3595 777 3650 vincunt.
833 3596 977 3666 Ergo
1000 3596 1046 3649 si
1078 3595 1195 3663 fieri
1222 3603 1408 3663 potest,
1437 3595 1633 3663 inquit,
1660 3595 1800 3665 quod

220 3701 287 3741 ea:
316 3686 456 3739 vobis
484 3696 580 3753 est,
605 3695 665 3740 ut
693 3687 1079 3757 beneagentes
1124 3700 1315 3755 pacem
1370 3685 1571 3740 habere
1612 3687 1800 3742 videa-

220 3790 361 3830 mur.
391 3774 507 3830 Jam
532 3775 579 3831 si
605 3791 713 3831 non
757 3777 921 3831 fuerit
964 3784 1175 3833 amator
1205 3778 1375 3847 pacis,
1399 3786 1459 3832 tu
1502 3786 1682 3833 tamen
1718 3779 1801 3834 vis

218 3880 340 3921 esse
375 3866 653 3936 pacificus,
682 3876 942 3937 quantum
972 3870 1038 3925 ad
1068 3880 1117 3924 te
1146 3871 1396 3939 pertinet.
1428 3870 1484 3924 Si
1508 3878 1688 3925 autem
1734 3872 1801 3925 ir-

216 3972 475 4014 reverens
513 3967 567 4015 et
596 3960 940 4030 blasphemus
965 3964 1088 4033 quis
1114 3964 1204 4029 sit,
1230 3973 1284 4019 et
1323 3977 1513 4033 pacem
1542 3980 1663 4019 cum
1704 3965 1795 4021 illo

217 4049 420 4105 habere
458 4065 564 4105 non
626 4052 821 4120 possis,
865 4066 973 4107 non
1016 4054 1205 4121 utique
1262 4053 1359 4109 tibi
1412 4054 1789 4110 aseribendnm

216 4141 341 4205 erit,
375 4141 498 4210 quia
527 4139 762 4196 Joannes
795 4142 1067 4211 apostolus
1093 4158 1186 4197 eos
1211 4143 1303 4211 qui
1331 4153 1531 4213 negant
1558 4144 1611 4198 in
1635 4160 1798 4202 carne

216 4230 489 4286 Christum
515 4229 725 4285 venisse
748 4246 845 4285 nec
880 4230 1101 4286 salutari
1125 4232 1389 4300 permisit.
1410 4231 1517 4287 Nos
1544 4248 1670 4303 ergo
1695 4250 1793 4303 pa-

214 4323 318 4378 rati
370 4323 555 4389 simus,
580 4322 635 4377 si
666 4331 845 4392 potest
874 4322 1016 4390 ﬁeri,
1058 4332 1117 4378 ut
1166 4341 1288 4379 eum
1316 4325 1567 4381 omnibus
1605 4340 1791 4396 pacem

1907 3317 2094 3371 tamini
2134 3319 2187 3372 in
2213 3320 2468 3376 cordibus
2496 3321 2692 3377 vestris
2725 3322 3084 3392 suscipientes
3111 3323 3369 3379 adversos
3391 3324 3496 3379 ira-

1906 3406 2115 3461 cundia:
2167 3408 2361 3467 fluctus
2407 3410 2463 3467 in
2520 3410 2647 3477 illis,
2677 3413 2885 3468 extensi
2946 3413 3143 3483 ﬁnibus
3186 3414 3493 3482 charitatis,

1906 3512 2027 3567 qua:
2053 3501 2237 3556 omnia
2266 3500 2476 3569 suffert,
2509 3504 2690 3558 omnia
2735 3504 2966 3559 sustinet
2994 3504 3044 3574 (I
3079 3504 3201 3561 Cor.
3236 3505 3399 3577 xm),
3440 3516 3499 3564 et

1902 3591 1977 3647 ita
2001 3609 2308 3650 mensuram
2350 3596 2701 3666 amplitudine
2746 3596 3167 3665 longanimitatis
3194 3614 3258 3654 ac
3285 3600 3495 3669 patien-

1904 3683 1992 3738 tiae
2021 3684 2241 3740 dilatata
2290 3686 2487 3741 habeat
2520 3687 2574 3741 in
2604 3702 2663 3743 se
2707 3688 3056 3744 consiliorum
3087 3690 3356 3747 salutares
3408 3708 3495 3748 re-

1901 3788 2121 3841 cessus,
2148 3777 2203 3830 in
2231 3774 2428 3845 quibus
2457 3786 2706 3847 receptus
2756 3780 3152 3849 quodammodo
3183 3790 3345 3859 atque
3388 3783 3493 3839 dif-

1901 3864 2054 3922 fusus
2114 3868 2425 3924 teterrimus
2470 3869 2765 3925 iracundia:
2822 3871 2998 3927 fumus
3049 3874 3299 3939 protinus
3364 3889 3493 3931 eva~

1900 3957 2093 4013 nescit.
2116 3956 2214 4014 Vel
2244 3968 2388 4014 certe
2416 3959 2491 4013 ita
2517 3960 2919 4031 intelligendum
2936 3972 3047 4018 est:
3076 3962 3275 4019 Damus
3310 3965 3491 4029 locum

1899 4047 1995 4109 iraa
2049 4050 2261 4119 quoties
2311 4052 2719 4107 commonitioni
2798 4054 3020 4111 alterius
3086 4055 3277 4111 humili
3326 4067 3491 4129 atque

1900 4138 2188 4207 tranquilla
2215 4148 2398 4194 mente
2427 4142 2848 4209 succumbimus,
2876 4154 2937 4199 ut
2976 4146 3376 4214 quodammodo
3406 4150 3485 4204 di-

1897 4243 2031 4300 gnos
2056 4244 2155 4284 nos
2168 4219 2415 4299 qualibet
2436 4232 2630 4302 injuria
2654 4238 2973 4304 profitentes
2998 4239 3345 4308 impatientia:
3364 4256 3480 4297 ser-

1895 4323 2100 4378 vientes
2123 4324 2489 4394 obsequimur.
2508 4326 2776 4403 caeterum
2800 4329 2855 4382 hi
2881 4330 2970 4398 qui
2988 4329 3061 4384 ita
3102 4344 3320 4385 sensum
3341 4332 3486 4403 Apo—

213 4414 530 4481 habeamus,
562 4390 684 4469 aliis
729 4424 905 4471 autem
938 4418 1360 4487 repugnantibus
1408 4418 1502 4474 ﬁet
1536 4390 1790 4488 impossi-

1911 4414 2096 4468 italicae
2125 4390 2477 4483 perfectionis
2506 4390 2769 4472 iriclinant
2791 4390 3038 4474 utlocum
3071 4421 3168 4475 ine
3198 4420 3318 4477 illos
3353 4390 3486 4485 dare

212 4502 451 4567 bile,non
467 4519 533 4559 ex
558 4504 735 4570 nobis,
752 4506 798 4560 si
823 4505 888 4560 de
909 4506 1062 4560 nobis
1084 4505 1301 4575 querela
1333 4521 1438 4561 non
1467 4507 1783 4578 deponatur;

1911 4502 2232 4568 mistiment,
2260 4505 2351 4573 qui
2368 4504 2435 4559 ab
2454 4505 2720 4561 iraswnte
2735 4508 3038 4574 discedunt,
3078 4510 3329 4566 videntur
3347 4512 3482 4567 mihi

214 4596 309 4667 qui
336 4595 478 4649 enim
508 4593 711 4649 nullum
741 4594 913 4660 laedit,
940 4570 1161 4667 apparet
1179 4610 1297 4651 esse
1338 4570 1612 4665 pacificus.
1662 4570 1786 4651 Non
1815 4570 1865 4630 D
1891 4570 2619 4673 dissensionisfomitem‘non
2635 4570 3082 4662 abscindere,sed
3096 4600 3326 4655 nutrire.
3366 4600 3483 4657 Nisi
3534 4596 3537 4597 ⁷

210 4683 548 4752 vosmetipsos
582 4683 935 4752 defendentes,
968 4685 1293 4750 charissimi,
1326 4687 1415 4740 sed
1459 4687 1577 4740 date
1614 4686 1785 4741 locum
1890 4683 2562 4754 enimiracundiaproximi
2577 4686 2762 4741 humili
2779 4681 3345 4746 statimsatisfactioiie
3363 4692 3484 4747 vin-

209 4775 325 4828 irw.
361 4773 432 4828 Ut
460 4775 606 4842 pacis
630 4774 833 4830 foedera
855 4776 1058 4831 servari
1080 4776 1306 4846 possint,
1338 4778 1402 4832 ab
1432 4778 1511 4830 ira
1534 4778 1785 4833 dissimu-
1892 4781 2066 4839 catur,
2092 4784 2347 4843 provocat
2379 4790 2498 4830 eam
2538 4777 2749 4846 fugiens
2788 4780 2994 4855 potius,
3022 4795 3185 4850 quam
3224 4782 3477 4841 declinat.

202 4862 430 4918 landum
456 4873 657 4929 monet,
688 4866 919 4918 maxime
940 4867 1192 4933 quoniam
1220 4881 1317 4935 per
1338 4867 1477 4921 iram
1498 4867 1634 4924 solet
1656 4884 1783 4938 pee-
1965 4863 2022 4918 Si
2044 4865 2283 4919 esurierit
2318 4866 2563 4922 inimicus
2592 4878 2732 4933 tuus,
2772 4870 2885 4923 ciba
2916 4870 3102 4936 illum;
3140 4873 3186 4927 si
3202 4875 3343 4939 «itit,
3384 4894 3481 4945 po-

210 4955 342 5019 cari,
376 4969 497 5009 cum
520 4954 735 5023 quando
759 4956 880 5024 quis
904 4955 1084 5011 furore
1118 4967 1434 5025 commotus,
1465 4960 1587 5029 plus
1622 4962 1789 5031 exigit
1894 4963 2003 5007 tum
2028 4954 2097 5007 da
2134 4952 2259 5009 illi:
2309 4956 2406 5009 hoc
2429 4956 2565 5010 enim
2604 4957 2825 5025 faciens,
2889 4960 3139 5015 carbones
3166 4963 3304 5031 ignis
3350 4980 3476 5019 con-

209 5062 372 5117 quam
392 5046 625 5116 postulat
646 5061 807 5102 causa
823 5047 1019 5113 delicti,
1046 5050 1250 5105 autsihi
1267 5051 1368 5119 ipsi
1391 5053 1786 5108 incommodum

1911 5060 2037 5110 feres
2067 5060 2224 5113 super
2256 5056 2410 5116 caput
2450 5047 2585 5116 ejus.
2636 5046 2820 5119 (Aug.)
2875 5049 3026 5115 Quod
3066 5059 3248 5108 autem
3278 5055 3373 5118 ait,
3431 5061 3478 5112 si

206 5145 449 5207 praestat,
496 5138 539 5191 si
579 5139 820 5208 graviora
852 5148 1073 5207 peccata
1100 5143 1423 5211 competenti
1475 5142 1788 5214 [ineome
1891 5132 2129 5187 esui-ierit
2165 5133 2407 5187 inimicus
2433 5144 2575 5201 tuus,
2604 5136 2717 5189 ciba
2740 5134 2887 5189 illum
2914 5155 2931 5200 ;
2961 5138 3007 5192 si
3028 5140 3159 5205 sitit,
3205 5151 3385 5211 potum
3405 5147 3481 5201 da

211 5226 363 5297 tenti]
403 5227 633 5281 vindicta
673 5229 785 5283 vult
836 5230 1055 5299 exsequi
1086 5245 1099 5283 :
1128 5231 1358 5287 debilem
1409 5233 1550 5287 enim
1601 5234 1784 5303 efﬁcit,

1912 5220 1970 5274 lli
2002 5235 2020 5273 :
2067 5222 2163 5275 hoc
2190 5222 2326 5275 enim
2352 5222 2571 5290 faciens,
2598 5223 2843 5278 carbones
2883 5226 3017 5295 ignis
3049 5244 3291 5298 congeres
3316 5249 3483 5301 super

207 5330 365 5385 quem
395 5316 571 5384 potuit
598 5318 955 5372 emendatum,
982 5319 1181 5375 habere
1221 5334 1276 5377 et
1304 5338 1513 5379 sanum.
1544 5324 1696 5380 Unde
1734 5337 1787 5383 et

1911 5321 2042 5379 :aput
2076 5311 2213 5379 ejus,
2272 5311 2457 5369 multis
2482 5311 2651 5366 videri
2682 5322 2857 5377 potest
2890 5330 3188 5386 repugnare
3234 5319 3310 5373 illi
3342 5336 3486 5375 sen-

209 5405 463 5462 Salomon
491 5426 501 5461 :
536 5406 685 5473 Noli,
714 5408 805 5472 ait,
829 5409 1008 5478 justus
1041 5428 1150 5466 csse
1179 5412 1437 5469 multum?
1464 5414 1662 5486 (Eccle.
1687 5420 1783 5487 vn)

1912 5400 2091 5465 eutiae,
2117 5415 2224 5468 qua
2255 5400 2512 5455 Dominus
2532 5401 2794 5469 praecipit,
2819 5406 2878 5455 ut
2914 5402 3197 5473 diligamus
3219 5406 3494 5462 inimicos

206 5509 281 5553 est
319 5501 477 5563 enim,
526 5499 719 5568 inquit,
761 5500 849 5569 qui
894 5502 1025 5569 perit
1072 5504 1126 5556 in
1168 5521 1265 5559 sua
1306 5506 1530 5574 justitia.
1589 5507 1784 5565 Volens

1911 5498 2130 5556 nostros,
2157 5498 2212 5544 et
2250 5502 2470 5544 oremus
2514 5504 2612 5559 pro
2638 5490 2719 5543 bis
2762 5490 2851 5558 qui
2900 5507 2999 5546 nos
3032 5504 3499 5562 persequuntur;

206 5589 352 5644 enim
392 5587 613 5657 singulis
645 5590 879 5659 peccatis
909 5582 1255 5661 respondere,
1297 5596 1442 5651 circa
1490 5598 1780 5654 vindictam

207 5686 437 5735 mortem
490 5688 667 5747 potest
719 5680 959 5735 invenire
1010 5690 1119 5757 tam
1178 5684 1281 5741 sibi
1320 5694 1483 5758 quam
1533 5690 1582 5746 ei
1620 5708 1778 5761 quem

280 5804 304 5833 ι
329 5789 385 5846 Ιιι
409 5790 671 5861 impresso
700 5792 911 5849 additur
936 5792 1051 5848 Dei.

1888 5581 1969 5635 vel
2005 5581 2130 5635 huic
2159 5580 2322 5633 etiam
2351 5595 2516 5649 quam
2544 5580 2683 5634 idem
2704 5580 2988 5649 Apostolus
3019 5585 3266 5653 superius
3289 5584 3455 5639 dixit
3494 5599 3506 5632 -.

1885 5670 2179 5725 Benedicite
2202 5678 2248 5722 et
2279 5669 2444 5724 nolite
2466 5667 2803 5735 maledicere;
2837 5681 2892 5726 et
2916 5672 3143 5727 iterum:
3186 5671 3339 5728 Nulli
3368 5686 3519 5723 ma-

1877 5760 1989 5814 lum
2012 5776 2101 5813 vro
2125 5758 2262 5814 mulo
2278 5760 2581 5816 reddentes.
2602 5758 2871 5828 Quomodo
2890 5765 3032 5820 enim
3052 5762 3280 5833 quisque
3296 5758 3526 5828 diligit
