3948 6314
491 326 630 382 1559

1141 323 1199 378 n.
1243 323 1497 386 uanam
1535 321 1752 379 MAURI
1790 297 2089 384 Αιιβιιιειι
2152 321 2459 384 ιιοειιΝτ.
2489 324 2772 383 OPERUM
2811 327 2986 385 PARS
3027 329 3111 383 ιιι.

3618 335 3735 392 ιεω

486 456 634 508 ειιιιι,
671 441 759 496 cui
786 448 1070 511 propterea
1092 440 1274 494 cibum
1296 449 1351 496 et
1377 449 1562 511 potum
1584 439 1698 505 dat,
1729 447 1790 494 ut
1816 440 2080 496 carbones
2109 439 2161 501 A
2184 452 2453 513 praecepta
2475 444 2654 513 potius
2675 445 2835 510 dicat,
2863 460 3024 516 quam
3041 445 3178 500 dona
3210 486 3221 499 .
3246 447 3344 501 sed
3371 449 3749 511 consideremus

480 532 628 605 ignis
681 540 942 608 congerat
979 546 1144 602 super
1171 541 1333 604 caput
1361 533 1510 603 ejus,
1567 533 1614 588 si
1635 533 1902 592 carbones
1942 532 2082 608 ignis

486 625 594 680 hoc
620 624 742 681 loco
768 605 1007 682 aliquam
1045 638 1265 694 gravem
1294 638 1512 695 prunam
1547 623 1904 696 signiﬁcant?
1932 605 2080 691 Qua.-

484 723 707 786 propter
756 714 890 770 inter
921 713 1169 786 gendum
1198 725 1304 783 est,
1349 715 1416 771 ad
1453 715 1558 771 hoc
1600 714 1806 771 dictum
1835 728 1976 782 esse;
2023 722 2086 770 ut

483 823 608 864 eum
653 807 748 879 qui
791 821 892 863 nos
938 794 1156 864 laeserit
1191 821 1548 878 provocemus
1596 807 1665 862 ad
1706 806 2084 876 pmnitentiam

481 898 612 954 facti
637 899 744 965 sui,
775 913 902 954 cum
929 898 981 975 ei
1012 913 1120 954 nos
1142 885 1578 964 benefaciamus;
1609 896 1698 952 isti
1730 896 1875 975 enim
1899 897 2087 954 carbo-

481 1004 580 1046 nes
634 989 775 1060 ignis
808 988 877 1044 ad
905 974 1270 1056 exustionem,
1333 987 1387 1043 id
1413 995 1518 1070 est,
1566 987 2084 1055 contribulationem

375 1093 380 1096 ·
481 1080 706 1150 spiritus
746 1079 955 1146 valent,
1011 1080 1104 1150 qui
1135 1088 1220 1136 est
1245 1079 1400 1151 quasi
1433 1088 1598 1150 caput
1619 1079 1839 1145 animae,
1883 1080 1939 1156 in
1978 1095 2085 1150 qua

477 1170 730 1225 exuritur
768 1169 947 1225 omnis
996 1169 1226 1236 malitia,
1266 1185 1390 1228 cum
1435 1170 1599 1226 homo
1637 1171 1693 1227 iu
1734 1171 1927 1227 melius
1963 1178 2086 1242 post

475 1263 851 1333 paenitentiam
879 1264 1265 1335 commutatur,
1309 1271 1370 1317 ιιι
1421 1263 1526 1318 sint
1584 1262 1658 1317 illi
1698 1264 1962 1320 carbones
2015 1264 2082 1319 de

476 1355 675 1426 quibus
704 1355 906 1414 dicitur
935 1355 990 1410 in
1015 1354 1248 1412 Psalmis
1286 1354 1460 1427 (Psal.
1496 1354 1646 1426 cxtx)
1682 1373 1694 1409 :
1736 1354 1876 1422 Quid
1930 1354 2085 1410 detur

475 1443 570 1498 tibi
607 1453 655 1500 et
676 1444 804 1515 quid
829 1453 1130 1516 apponatur
1157 1444 1251 1498 tibi
1283 1445 1354 1498 ad
1380 1444 1615 1514 linguam
1644 1442 1925 1498 dolosam?
1981 1443 2088 1499 Sa-

473 1536 619 1604 gitta:
684 1535 909 1604 potentis
956 1542 1125 1588 acuta:
1181 1551 1298 1589 cum
1362 1533 1675 1588 carbonibus
1726 1532 2081 1589 desolatoriis.

472 1623 715 1696 (Ambr.)
760 1624 880 1706 Non
905 1628 1107 1680 nudam
1127 1625 1426 1707 vindictam
1448 1625 1561 1680 Deo
1587 1627 1859 1682 reservari
1880 1626 2084 1694 debere

470 1715 732 1783 ostendit,
800 1715 898 1772 sed
947 1723 1004 1772 et
1033 1716 1298 1772 beneﬁcia
1357 1717 1474 1772 dari
1514 1717 1771 1784 inimicis,
1847 1727 1907 1774 ut
1953 1732 2086 1773 vere

2187 533 2516 605 diligentius,
2545 551 2613 614 ne
2640 535 2779 593 forte
2809 538 3064 607 quoniam
3091 538 3309 608 quidem
3337 539 3388 594 in
3415 541 3500 597 bis
3520 543 3748 602 omnibus

2184 625 2448 683 moralem
2475 627 2656 684 locum
2693 636 2926 686 tractare
2971 629 3224 696 instituit,
3274 637 3331 684 et
3364 645 3473 685 non
3503 631 3664 687 solum
3696 632 3748 688 'nt

2183 720 2291 777 ﬁde
2313 719 2562 776 veritatis
2581 705 2831 778 stabilem
2857 729 2915 777 et
2940 719 3292 786 immobilem,
3316 735 3507 776 verum
3526 723 3581 777 in
3604 723 3752 778 mori-

2183 811 2286 868 bus
2324 819 2576 867 ornatum
2615 811 2793 868 facere
2843 809 3232 876 Christianum,
3281 810 3406 868 ideo
3450 812 3521 867 ad
3546 828 3752 869 munera

2184 902 2481 975 gratiamin
2538 902 2706 959 etiam
2752 901 2980 958 moralia
3028 909 3299 972 praecepta
3349 901 3658 972 coniungat,
3701 911 3755 955 ut

2184 994 2437 1050 ostendat
2452 992 2776 1050 Christianis
2803 993 2968 1047 etiam
2989 992 3106 1047 haec
3125 1007 3223 1062 per
3250 991 3346 1046 Dei
3371 991 3603 1062 gratiam
3628 990 3752 1045 dari.

2185 1083 2325 1140 Sunt
2349 1084 2496 1156 enim
2533 1091 2589 1139 et
2609 1081 2854 1138 nonnulli
2874 1081 3152 1152 gentilium
3187 1081 3506 1150 compositis
3534 1080 3757 1135 moribus

2185 1185 2240 1234 et
2267 1177 2494 1232 honeste
2515 1173 2791 1239 institutis,
2831 1172 2925 1242 qui
2951 1180 3130 1228 tamen
3155 1169 3260 1226 hoc
3285 1170 3484 1236 ipsum,
3519 1170 3659 1239 quod
3679 1170 3758 1224 ha-

2186 1266 2338 1333 bent,
2391 1279 2497 1320 non
2530 1263 2600 1319 ad
2623 1264 2794 1318 Deum
2830 1259 3097 1326 referunt,
3147 1274 3250 1315 nec
3281 1260 3352 1315 ab
3373 1259 3496 1330 ipso
3537 1257 3638 1313 sibi
3677 1257 3759 1333 da-

2184 1363 2297 1411 tam
2328 1354 2555 1426 gratiam
2595 1352 2944 1417 conﬂtentur,
2986 1353 3080 1408 sed
3100 1359 3194 1406 aut
3215 1350 3448 1422 proer
3496 1348 3762 1404 industria

2184 1445 2485 1509 ascribunt,
2531 1450 2626 1498 aut
2654 1457 2817 1513 super
2843 1441 3121 1514 magistris
3154 1448 3213 1498 et
3242 1440 3492 1496 instituta
3526 1439 3647 1495 ibus
3665 1437 3762 1510 glo-

2185 1537 2418 1593 riantur.
2447 1534 2613 1591 Nobis
2638 1543 2821 1590 autem
2841 1533 3082 1590 ostendit
3107 1532 3402 1604 Apostolus
3445 1546 3609 1588 omne
3634 1531 3762 1601 quod

2184 1627 2387 1685 bonum
2438 1635 2524 1683 est
2574 1642 2608 1681 a
2659 1627 2772 1682 Deo
2809 1640 2951 1692 esse,
2996 1633 3052 1680 et
3086 1638 3186 1695 per
3226 1622 3493 1694 Spiritum
3528 1611 3761 1678 sanctum

2186 1719 2304 1776 dari
2352 1719 2494 1774 sicut
2525 1725 2584 1774 et
2627 1716 2863 1774 Iacobus
2891 1715 3167 1787 apostolus
3199 1715 3332 1770 dicit
3358 1732 3373 1768 :
3401 1712 3572 1768 Omne
3595 1707 3762 1766 datust

472 1795 824 1884 ostendamus
849 1820 960 1861 non
981 1805 1192 1862 meritis
1216 1806 1420 1862 nostris
1449 1807 1651 1866 habere
1678 1822 1779 1862 nos
1802 1807 2072 1874 inimicos,
2102 1796 2152 1858 Β
2180 1810 2394 1877 bonum,
2441 1811 2497 1862 ἐι
2546 1823 2697 1863 omne
2741 1807 2942 1861 donum
3007 1804 3295 1876 perfectum
3353 1803 3637 1859 desursum
3676 1813 3762 1866 est,

472 1883 613 1965 quos
635 1905 698 1950 ut
718 1897 788 1952 ab
809 1896 1112 1952 inimicitiis
1135 1896 1410 1976 desinant,
1439 1897 1719 1967 obsequiis
1744 1897 1966 1954 vincere
1983 1899 2072 1952 ni-

473 1985 643 2041 titnur
672 2003 687 2040 :
713 1987 807 2058 qui
857 1988 904 2042 si
937 1983 997 2042 in
1029 1987 1330 2043 inimicitiis
1357 1987 1773 2057 perduraveriut
1797 1989 2076 2059 impietate

470 2077 671 2135 mentis
711 2093 842 2145 suae,
900 2086 1089 2134 nostra
1121 2079 1386 2149 obsequia
1410 2077 1830 2149 proﬁcientilﬁs
1867 2080 1936 2134 ad
1962 2093 2078 2149 pa:-

472 2177 623 2235 nam,
667 2175 762 2223 aut
803 2176 955 2225 certe
996 2169 1384 2238 obsequiorum
1427 2177 1742 2224 nostrorum
1782 2169 2076 2226 sedulitate

470 2263 803 2332 compuncti,
833 2261 981 2318 velut
1026 2262 1293 2325 carbones
1343 2263 1543 2318 mortui
1602 2261 1956 2318 reviviscant.
2003 2261 2077 2318 Ut

469 2369 601 2425 ergo
639 2370 740 2411 nos
769 2354 824 2410 in
860 2362 1073 2410 tantum
1120 2354 1393 2425 perfectos
1419 2353 1618 2420 faciat,
1663 2361 1724 2408 ut
1751 2369 1862 2409 non
1899 2351 2075 2408 solum

470 2467 570 2508 nos
599 2452 766 2523 ipsos,
788 2452 884 2508 sed
916 2461 972 2507 et
999 2450 1156 2519 alios,
1174 2451 1523 2521 acquiramus
1539 2449 1608 2504 ad
1622 2449 1810 2527 vitam,
1840 2448 2074 2504 inimicis

470 2557 578 2597 non
601 2542 778 2597 solum
803 2543 976 2597 vicem
1003 2543 1234 2597 reddere
1258 2541 1515 2612 prohibet
1553 2540 1816 2595 Dominus
1849 2553 1948 2608 per
1969 2534 2083 2592 Sa;

469 2632 767 2698 lomonem,
826 2648 1018 2687 verum
1060 2632 1229 2688 etiam
1277 2631 1617 2687 humanitate
1659 2630 1738 2684 ad
1778 2628 2074 2684 amicitiam

468 2737 768 2792 provocare
799 2721 1248 2779 hortatum-Noli
1299 2724 1434 2777 vinci
1483 2739 1518 2775 α
1573 2719 1738 2786 malo,
1779 2721 1869 2777 sed
1925 2720 2074 2775 vince

468 2815 525 2868 in
587 2814 720 2869 bona
776 2813 997 2868 malum‘.
1058 2812 1187 2868 Hinc
1248 2811 1629 2882 interpretatio
1697 2819 1782 2866 est
1830 2808 2074 2880 Apostoli

469 2904 830 2972 cohortantis,
901 2919 970 2958 ne
1026 2903 1206 2959 vicem
1261 2902 1553 2958 reddamus
1615 2901 1882 2974 inimicis,
1934 2903 2076 2958 sicut

471 2993 677 3048 dictum
704 3002 810 3050 est.
861 2993 1089 3048 Multum
1115 2993 1260 3050 enim
1284 2993 1531 3064 proderit
1565 2993 1745 3060 nobis,
1777 2993 1826 3048 si
1855 2993 2074 3049 malitiae

471 3083 769 3151 cedamus;
813 3085 983 3160 vincit
1015 3083 1161 3139 enim
1185 3083 1409 3150 malum,
1462 3083 1554 3154 qui
1584 3085 1654 3140 ad
1681 3092 1896 3155 tempus
1930 3083 2074 3138 vinci

2178 1899 2493 1956 descendens
2517 1917 2550 1953 a
2571 1896 2734 1954 Patre
2759 1898 3021 1952 luminum
3049 1895 3192 1968 (Jac.
3224 1895 3286 1967 ι),
3326 1903 3407 1962 ιιι,
3455 1896 3549 1967 qui
3590 1893 3764 1965 gloria-

2178 2001 2265 2047 tur
2295 1993 2352 2047 in
2366 1991 2592 2046 Domino
2605 1988 2923 2062 glorietur(l
2951 1987 3076 2044 Cor.
3106 1987 3170 2060 ι).
3188 1989 3622 2059 Videamusergo
3635 2000 3762 2043 nunc

2178 2083 2308 2154 quid
2322 2082 2488 2140 etiam
2504 2082 2561 2138 in
2575 2081 3030 2152 consequentibus
3043 2079 3301 2152 adiungat
3311 2079 3630 2148 Apostolus.

2776 2173 3009 2231 CAPUT
3051 2171 3191 2227 XIII.

2179 2268 2343 2326 Docet
2390 2268 2671 2339 Apostolus
2726 2267 2957 2339 minores
3007 2263 3217 2339 obedire
3271 2261 3634 2333 superioribus
3682 2274 3762 2330 per

2547 2337 2936 2391 subventionem
2965 2343 3014 2390 et
3039 2333 3393 2388 dilectionem.

2251 2447 2504 2504 Omnibus
2534 2445 2874 2516 potestatibus
2920 2443 3310 2499 sublimioribus
3355 2440 3557 2495 subditi
3594 2447 3759 2503 estote,

2177 2555 2282 2594 non
2293 2547 2368 2593 est
2380 2538 2517 2592 enim
2529 2546 2757 2607 potestas
2779 2537 2880 2590 nisi
2901 2553 2934 2589 a
2956 2534 3087 2590 Deo.
3106 2533 3290 2606 (Aug.)
3307 2531 3463 2600 Quod
3479 2533 3757 2587 autem‘ait:

2179 2629 2364 2684 Omnis
2405 2629 2586 2684 anima
2623 2626 2963 2697 potestatibus
3005 2623 3398 2701 sublimioribus
3438 2624 3649 2679 subdita
3682 2613 3759 2687 sit,

2178 2736 2282 2775 non
2306 2723 2381 2775 est
2419 2735 2559 2775 enim
2598 2727 2828 2790 potestas
2860 2717 2963 2772 nisi
2995 2733 3033 2780 _a
3057 2715 3190 2783 Deo,
3241 2709 3550 2773 nectiSsime
3593 2712 3759 2768 admo-

2176 2820 2291 2878 net,
2319 2826 2390 2867 ne
2417 2812 2541 2882 quis
2569 2825 2638 2866 ex
2658 2823 2744 2877 eo,
2767 2809 2911 2881 quod
2927 2824 2972 2864 .a
2994 2808 3226 2865 Domino
3246 2823 3346 2864 suo
3383 2809 3440 2862 in
3465 2807 3760 2881 libertatein

2175 2909 2403 2958 vocatus
2420 2907 2525 2968 est,
2549 2899 2832 2970 factusque
2876 2897 3237 2963 Christianus,
3266 2896 3566 2953 extollatur
3605 2895 3658 2950 in
3684 2909 3762 2968 su-

2176 2992 2443 3061 perbiam,
2472 2999 2528 3048 et
2552 3006 2662 3046 non
2693 2991 2988 3050 arbitretur
3017 2990 3073 3045 in
3098 2987 3258 3058 hujus
3279 2987 3411 3043 vitae
3438 2986 3638 3042 itinere
3662 2999 3763 3042 ser-

2177 3083 2414 3140 vandum
2441 3097 2563 3138 esse
2578 3081 2826 3136 ordinem
2843 3095 3024 3146 suum,
3039 3087 3096 3134 et
3120 3077 3483 3149 potestatibus
3495 3073 3764 3131 sublimio-

469 3173 684 3228 videtur
742 3150 986 3239 abillo;
1036 3181 1094 3229 et
1125 3171 1374 3236 Salvator
1408 3150 1496 3228 sic
1537 3150 1812 3245 [salvator
1848 3173 1917 3246 si]
1945 3173 2076 3228 vicit
2101 3150 2148 3214 ο
2181 3173 2355 3239 ribus,
2407 3172 2604 3242 quibus
2632 3186 2731 3242 pro
2759 3177 3004 3241 tempore
3035 3183 3218 3225 rerum
3251 3165 3636 3238 temporalium
3681 3180 3764 3235 gu-

470 3265 698 3332 malum,
722 3266 850 3320 dum
880 3281 988 3321 non
1019 3266 1246 3322 resistit.
1270 3265 1472 3326 Contra
1512 3281 1573 3321 se
1617 3267 1765 3321 enim
1799 3267 1912 3338 agit
1962 3281 2079 3320 ma-

471 3351 612 3420 litia,
657 3362 715 3409 et
755 3354 884 3409 dum
931 3355 1192 3421 vincitur,
1220 3353 1442 3410 vincere
1479 3369 1540 3410 se
1583 3363 1778 3426 putat:
1833 3355 1888 3410 id
1931 3355 2078 3409 enim

473 3445 586 3517 agit
615 3444 892 3511 inimicus,
947 3452 1008 3500 ut
1049 3453 1108 3501 et
1148 3460 1251 3501 nos
1294 3445 1361 3511 de
1401 3447 1682 3517 proposito
1723 3454 1914 3502 nostro
1954 3446 2078 3502 abs-

471 3536 679 3602 trahat,
718 3536 1062 3592 occasionem
1118 3550 1370 3607 quazrens
1414 3535 1689 3606 quomodo
1740 3550 2074 3606 peccemus:

472 3628 596 3685 ideo
621 3628 790 3694 enim,
819 3628 865 3683 si
905 3629 1184 3697 provocati
1217 3629 1423 3694 abillo,
1472 3628 1646 3684 vicem
1681 3627 1759 3681 illi
1800 3643 1908 3705 non
1957 3629 2082 3688 red-

472 3719 687 3787 damus,
713 3719 980 3774 vincimus
1003 3717 1154 3772 illum
1180 3718 1234 3773 in
1261 3718 1425 3775 bono.
1457 3719 1584 3773 Ideo
1614 3733 1722 3772 non
1749 3717 2076 3784 resistimus,

474 3819 534 3868 ut
561 3813 763 3867 bonum
785 3825 1064 3866 servemus
1088 3809 1335 3879 neglecta
1353 3809 1584 3880 justitia,
1609 3807 1739 3878 quia
1752 3807 1897 3876 cogit
1923 3806 2082 3878 justi-

475 3903 552 3957 tia
599 3902 668 3956 ad
703 3899 1135 3956 retribuendum.
1184 3897 1386 3970 (0rig.)
1432 3898 1684 3953 Vincitur
1732 3897 1938 3952 a-malo
1985 3897 2081 3967 qui

478 3992 639 4047 malis
658 3999 987 4068 provocatus
1008 3990 1190 4047 reddit
1204 3989 1424 4056 malum,
1451 3989 1505 4043 in
1532 3989 1680 4045 bono
1701 3997 1883 4045 autem
1906 3989 2080 4045 vincit

476 4085 702 4150 malum,
741 4084 834 4153 qui
871 4083 1109 4152 acceptis
1148 4081 1307 4136 malis
1349 4080 1589 4136 restituit
1637 4082 1820 4145 bona;
1869 4088 2079 4136 certum

473 4187 560 4233 est
584 4176 730 4231 enim
747 4176 889 4231 hanc
916 4190 1040 4231 esse
1066 4173 1196 4229 mali
1218 4181 1469 4233 naturam
1497 4179 1558 4226 ut
1580 4187 1648 4227 ex
1671 4172 1939 4228 similibus
1960 4173 2078 4228 suis

478 4273 739 4333 augeatur
762 4272 817 4318 et
836 4271 1066 4330 crescat,
1100 4262 1242 4318 sicut
1279 4261 1390 4332 igni
1417 4261 1464 4316 si
1493 4261 1672 4331 ignem
1689 4260 1914 4332 jungas;
1940 4261 2080 4316 sicut

479 4357 656 4413 noctis
697 4356 939 4412 tenebris
988 4356 1033 4410 si
1070 4355 1212 4410 aeris
1258 4353 1502 4409 nubilum
1546 4354 1822 4428 societur;
1876 4355 2078 4408 bonum

478 4460 611 4504 vero
664 4447 712 4501 si
751 4443 1032 4509 adhibeas,
1065 4432 1457 4498 exterminatur
1509 4442 1753 4498 malum:
1793 4443 2077 4512 contraria

2178 3264 2426 3320 bernatio
2450 3264 2648 3319 tradita
2670 3272 2773 3328 est,
2815 3262 3090 3320 existimet
3141 3275 3250 3316 non
3279 3274 3342 3316 se
3369 3271 3493 3314 esse
3539 3254 3763 3313 subden-

2183 3353 2330 3408 dum.
2385 3351 2521 3409 Cum
2553 3353 2698 3408 enim
2733 3360 3045 3407 constemus
3095 3365 3163 3406 ex
3199 3348 3381 3404 anima
3430 3357 3486 3402 et
3522 3361 3764 3417 corpore,

2181 3456 2238 3504 et
2262 3448 2504 3519 quandiu
2527 3447 2582 3502 in
2613 3447 2717 3502 hac
2737 3445 2851 3500 vita
2874 3438 3163 3516 temporali
3184 3457 3407 3507 sumus,
3424 3441 3595 3502 etiam
3613 3439 3766 3495 rebus

2182 3536 2571 3608 temporalibus
2598 3537 2666 3592 ad
2691 3534 2992 3590 subsidium
3017 3532 3272 3604 degenda:
3301 3531 3466 3602 hujus
3488 3531 3619 3586 vita:
3649 3537 3764 3584 uta-

2184 3644 2327 3695 mur,
2369 3637 2584 3698 oportet
2635 3643 2733 3698 nos
2762 3634 2830 3682 ex
2870 3642 2934 3683 ea
2953 3635 3124 3696 oparte
3153 3640 3273 3696 qua:
3311 3625 3378 3679 ad
3409 3619 3578 3679 hanc‘
3601 3623 3762 3678 vitam

2182 3721 2416 3791 pertinet
2436 3719 2681 3775 subditos
2705 3733 2827 3774 esse
2847 3719 3226 3788 potestatibus,
3251 3717 3306 3772 id
3338 3725 3444 3782 est,
3468 3715 3769 3771 hominibus

2183 3826 2273 3867 res
2291 3811 2557 3866 humanas
2576 3824 2698 3864 cum
2719 3809 2900 3878 aliquo
2921 3810 3126 3866 honore
3146 3806 3673 3862 administrantibus.
3695 3806 3769 3861 Ex

2183 3900 2274 3955 illa
2303 3914 2432 3955 vero
2457 3907 2610 3968 parte
2631 3913 2737 3967 qua
2766 3897 3037 3954 credimus
3063 3896 3199 3962 Deo,
3222 3897 3357 3951 etin
3395 3910 3626 3966 regnum
3654 3895 3765 3965 eius

2183 4007 2462 4058 vocamur,
2489 4007 2596 4047 non
2617 4006 2716 4046 nos
2744 3998 2958 4060 oportet
2975 4004 3096 4046 esse
3123 3988 3370 4044 subditos
3395 3987 3651 4056 cuiquam
3677 3986 3768 4042 ho-

2182 4085 2336 4152 mini,
2401 4085 2634 4154 idipsum
2688 4084 2741 4138 in
2790 4083 2948 4138 nobis
3010 4087 3256 4136 evertere
3318 4079 3563 4149 cupienti
3634 4077 3769 4147 quod

2181 4178 2324 4234 Deus
2350 4177 2418 4232 ad
2443 4176 2609 4230 vitam
2638 4184 2896 4230 aeternam
2921 4176 3125 4230 donare
3152 4173 3407 4245 dignatus
3434 4181 3539 4228 est.
3572 4171 3631 4228 Si
3653 4172 3769 4241 quis

2182 4283 2311 4339 ergo
2359 4274 2514 4338 putat
2549 4266 2801 4336 quoniam
2824 4265 3168 4321 Christianus
3201 4273 3305 4330 est,
3363 4277 3474 4318 non
3524 4262 3628 4317 sibi
3657 4274 3770 4318 esse

2182 4360 2412 4432 vectigal
2429 4360 2778 4425 reddendum,
2805 4365 2898 4412 aut
2919 4359 3201 4424 tributum,
3219 4364 3314 4412 aut
3335 4370 3446 4411 non
3480 4369 3606 4410 esse
3625 4353 3769 4411 exhi-

2182 4449 2419 4510 bendum
2440 4450 2705 4505 honorem
2732 4449 2972 4504 debitum
3008 4448 3088 4504 eis
3138 4463 3259 4518 qua:
3291 4447 3412 4502 haec
3430 4455 3628 4501 curant
3680 4459 3768 4515 po-

480 4545 716 4607 ‘namque
731 4535 1023 4592 contrariis
1046 4533 1410 4604 perimuntur,
1440 4533 1580 4589 sicut
1601 4549 1698 4602 per
1722 4549 1918 4602 aquam
1941 4535 2080 4602 ignis
2103 4518 2159 4578 Ῑ)
2185 4538 2495 4604 testatibus,
2519 4537 2576 4592 in
2607 4551 2801 4608 magno
2826 4551 3011 4592 errore
3031 4544 3300 4592 versatur.
3331 4535 3466 4590 item
3481 4535 3529 4589 si
3547 4533 3668 4603 quis
3694 4532 3768 4588 sic

480 4631 865 4699 exstinguitur,
888 4639 943 4685 ει
960 4644 1058 4700 per
1079 4627 1252 4683 lucem
1279 4628 1515 4683 tenebrae
1538 4627 1822 4698 fugantur;
1852 4632 1947 4686 sed
1974 4630 2085 4686 lor-
2181 4634 2245 4706 ("se
2270 4637 2426 4700 putat
2449 4643 2570 4683 esse
2597 4627 2958 4694 subdendum,
3006 4635 3068 4682 ut
3093 4627 3258 4691 etiam
3304 4625 3359 4680 in
3410 4639 3570 4679 suam
3615 4623 3767 4678 ﬁdem

482 4729 634 4778 tasse
663 4723 809 4777 dicat
831 4721 1026 4791 aliquis
1069 4719 1296 4774 Paulum
1317 4733 1433 4796 iper
1456 4719 1795 4788 imperitiam.
1815 4723 2084 4780 sermonis
2184 4728 2388 4798 habere
2408 4732 2728 4796 potestatem
2763 4725 3055 4779 arbitretur
3090 4737 3213 4778 eum
3242 4720 3336 4792 qui
3388 4717 3768 4790 temporalibus

484 4829 515 4867 a
544 4812 824 4883 proposito
853 4809 1141 4874 decidisse,
1171 4807 1456 4879 proposuit
1481 4807 1629 4861 enim
1655 4807 1799 4876 loqui
1838 4809 1907 4864 de
1928 4810 2079 4866 donis

2187 4817 2628 4888 administrandis
2653 4817 2831 4888 aliqua
2861 4817 3193 4873 sublimitate
3221 4811 3505 4885 praecellit,
3561 4813 3615 4866 in
3665 4826 3766 4865 ma-

485 4903 807 4972 gratiarum,
855 4898 976 4970 quae
1018 4913 1118 4969 per
1153 4897 1416 4967 Spiritum
1466 4905 1714 4953 sanctum
1763 4897 1979 4965 dantur,
2031 4909 2085 4955 et
2183 4909 2358 4980 jorem
2407 4921 2650 4962 errorem
2721 4896 2921 4965 labitur
2949 4945 2964 4971 ,
3033 4905 3128 4960 sed
3205 4903 3398 4959 modus
3476 4901 3764 4960 servandus

488 4993 710 5062 quidem
746 4992 890 5059 quod
935 4991 1031 5053 ait,
1083 4989 1188 5043 sive
1225 4988 1516 5056 prophetia,
1571 4988 1677 5041 sive
1714 4987 2087 5054 ministerium,
2194 5006 2296 5065 est,
2355 5013 2516 5066 quem
2584 4997 2842 5052 Dominus
2897 4996 3012 5064 ipse
3072 4993 3404 5064 μναῖαι-ὡκ,
3463 5000 3528 5046 ιη
3587 4992 3764 5047 Deda-

489 5084 596 5136 sive
630 5083 896 5144 doctrina,
948 5079 1071 5138 sive,
1092 5067 1409 5142 exhortatio,
1452 5084 1680 5146 possunt
1708 5077 1824 5134 hac
1852 5079 1922 5133 ad
1949 5079 2092 5154 dona
2193 5103 2312 5143 mus
2355 5087 2555 5143 Caesari
2601 5102 2722 5157 qua:
2759 5085 2991 5141 Cmsaris
3033 5092 3181 5148 sunt,
3247 5092 3304 5140 et
3334 5084 3446 5138 Deo
3500 5081 3764 5152 qumtbei

489 5160 789 5238 spiritualia
813 5168 1087 5237 pertinere
1117 5182 1130 5218 :
1165 5163 1410 5220 fartassis
1432 5173 1486 5219 et
1528 5165 1633 5220 hoc
1653 5167 1798 5235 quod
1825 5167 2090 5236 sequitur,
2194 5185 2320 5233 sum
2366 5177 2604 5248 (Manli.
2650 5191 2762 5230 χιιι
2789 5215 2806 5242 ,
2858 5174 2989 5232 Luc.
3044 5174 3203 5246 xx);
3259 5187 3572 5243 quanquam
3630 5173 3763 5227 enim

488 5261 578 5328 qui
603 5259 784 5311 tribuit
810 5259 866 5310 in
893 5256 1254 5326 simplicitate,
1290 5255 1380 5325 qui
1410 5265 1596 5325 pricest
1632 5257 1687 5309 in
1714 5257 2089 5326 sollicitudine,
2190 5269 2258 5324 ad
2306 5267 2435 5323 illud
2491 5281 2719 5337 regnum
2755 5280 3012 5321 vocemur
3058 5265 3150 5321 ubi
3186 5264 3330 5319 nulla
3376 5265 3484 5318 erit
3531 5273 3762 5335 potestas

488 5348 579 5418 qui
613 5348 885 5400 miseretur
912 5347 966 5398 in
1017 5345 1309 5412 hilaritate,
1336 5347 1727 5416 superioribus
1761 5350 1932 5420 possit
1988 5352 2082 5406 ad—
2191 5359 2520 5430 hujusmodi,
2544 5359 2598 5412 in
2621 5360 2724 5414 hoc
2745 5366 2926 5413 tamen
2958 5358 3152 5413 itinere
3179 5356 3306 5411 dum
3345 5357 3581 5427 agimus,
3607 5359 3764 5413 donec

485 5437 662 5509 ῐυιιιςῑτ
696 5454 761 5492 ea
787 5453 936 5500 νθτον
976 5453 1095 5506 quin
1117 5445 1240 5507 905‘
1266 5438 1381 5492 11330
1418 5449 1719 5506 enumerat.
1775 5451 1834 5496 υἱ
1861 5442 1931 5497 Sit
1958 5444 2082 5497 Cha-
2184 5450 2564 5518 perveniamus
2602 5448 2668 5500 ad
2695 5447 2820 5502 illud
2841 5446 3099 5502 szeculum
3129 5446 3220 5500 ubi
3249 5445 3307 5500 fit
3335 5447 3625 5501 evacuatio
3661 5461 3765 5502 om-

487 5527 625 5583 fitas
671 5528 782 5581 sine
803 5527 1161 5592 simulatione,
1224 5529 1455 5583 odientes
1480 5529 1700 5596 malum,
1757 5534 2079 5590 adltwrentes

2187 5541 2270 5594 nis
2311 5539 2646 5609 principatus
2687 5547 2741 5592 ct
2768 5535 3070 5606 potestatis,
3124 5533 3492 5589 conditionem
3531 5543 3763 5588 nostram

490 5619 649 5686 bona,
716 5629 764 5674 et
817 5621 1074 5674 charitate
1130 5621 1478 5689 fraternitatis
1528 5625 1748 5679 invicem
1792 5626 2084 5697 diligentes,
2185 5646 2286 5701 pro
2306 5629 2424 5699 ipso
2449 5644 2630 5684 rerum
2665 5629 3022 5684 humanarum
3050 5625 3240 5681 ordine
3287 5625 3610 5692 toleremus,
3644 5623 3766 5680 nihil

491 5710 688 5767 honore
739 5711 955 5766 invicem
1003 5711 1390 5781 prmvenientes,
1434 5723 1489 5770 et
1515 5722 1710 5772 czetera
1754 5715 2082 5792 huiusmodi,
2189 5719 2438 5782 simulate
2480 5719 2760 5786 facientes,
2806 5727 2862 5774 et
2896 5718 2948 5772 in
2978 5731 3044 5773 eo
3078 5716 3197 5786 ipso
3250 5731 3360 5772 non
3394 5723 3512 5774 tam
3547 5714 3766 5774 homini-
