3948 6390
190 406 327 470 1581

729 409 1279 472 ENARRATIONUM
1314 410 1382 468 IN
1420 412 1567 468 EPP.
1611 412 1818 472 PAULI
1855 414 1982 470 LIB.
2025 410 2135 468 VII.
2178 438 2247 450 —
2282 408 2350 465 IN
2390 406 2609 465 EPIST.
2648 409 2742 464 AD
2778 406 2947 472 ROM.

3322 408 3467 468 1582

188 524 316 584 bus.
387 537 553 594 quam
610 521 742 588 Deo,
786 522 876 596 qui
932 523 1047 577 htec
1084 521 1259 591 jubet,
1320 522 1774 594 obtemperantes.
1805 530 1857 590 Α
1880 523 2171 586 bonorum,
2200 540 2219 571 ι
2253 520 2393 576 sicut
2422 520 2565 577 idem
2595 518 2887 596 Apostolus
2914 518 2969 573 in
3014 519 3465 590 subsequentibus

190 612 423 683 (Anubin)
466 609 744 678 Quomodo
779 610 1019 666 caelestis
1066 611 1293 681 justitia:
1349 612 1520 683 legem
1552 628 1779 683 sequen-

192 699 317 756 dam
373 700 669 769 mandavit,
720 716 791 756 ne
810 701 878 756 ab
908 701 1010 756 hac
1044 702 1295 772 praesenti
1327 703 1671 759 dissimulare
1693 704 1778 757 vi-

191 789 432 855 deretur,
480 791 624 846 hanc
669 791 1031 858 commendat,
1085 793 1282 863 quippe
1323 808 1469 859 cum,
1518 792 1624 847 nisi
1664 792 1781 849 inec

192 877 358 935 fuerit
390 888 624 944 servata,
652 879 743 935 illa
791 880 1054 936 custodiri
1089 897 1198 936 non
1240 883 1412 951 possit
1442 899 1455 935 :
1483 882 1596 937 hac
1634 884 1777 938 enim

191 971 345 1041 quasi
359 972 694 1044 paedagogus
711 979 814 1037 est,
839 985 960 1042 quae
988 973 1241 1041 parvulos
1262 974 1455 1029 imbuit
1482 982 1543 1028 ut
1570 975 1779 1044 possint

190 1062 420 1130 potioris
459 1061 687 1132 iustitiae
727 1062 873 1118 viam
918 1062 1101 1133 sequi:
1148 1064 1353 1120 nemini
1401 1066 1547 1123 enim
1598 1054 1779 1138 potest

190 1151 450 1219 imputari
511 1152 902 1221 misericordia,
962 1154 1067 1209 nisi
1111 1154 1363 1210 habuerit
1398 1157 1780 1227 justitiam;ut

188 1255 322 1311 ergo
340 1238 429 1310 jus
454 1250 509 1296 et
530 1242 783 1298 timorem
821 1243 957 1317 legis
983 1244 1246 1299 naturalis
1266 1245 1576 1312 conﬁrmet,
1608 1248 1779 1303 Deum

187 1340 471 1387 auctorem
516 1330 634 1400 ejus
690 1340 941 1399 testatur,
992 1342 1049 1388 et
1080 1333 1454 1389 ministrantes
1506 1351 1625 1391 eam
1682 1335 1779 1392 Dei

188 1410 585 1474 ordinationem
608 1419 829 1485 habere,
865 1421 986 1477 ideo
1011 1422 1211 1493 adjecit
1242 1441 1255 1476 :

262 1507 398 1576 Qua
450 1517 625 1564 autem
678 1520 799 1565 sunt
825 1550 841 1576 ,
884 1527 919 1564 a
952 1510 1061 1566 Deo
1111 1513 1357 1567 ordinata
1396 1525 1535 1571 sunt.
1588 1516 1661 1572 Ut
1685 1531 1781 1572 nc-

185 1610 280 1654 mo
331 1606 487 1668 putet
520 1594 681 1670 quasi
720 1601 954 1661 humana
989 1599 1298 1659 commenta
1338 1609 1729 1664 contemnenda
1761 1626 1775 1663 :

184 1684 377 1742 vident
412 1687 557 1742 enim
621 1687 713 1757 jus
777 1690 1019 1746 divinum
1064 1693 1316 1751 humanis
1360 1699 1776 1754 auctoritatibus

185 1776 524 1847 deputatum.
570 1776 669 1835 llic
704 1795 835 1851 ergo
856 1781 1133 1853 subjectus
1164 1792 1249 1839 est
1292 1787 1566 1856 potestati,
1598 1788 1688 1858 qui
1719 1804 1778 1844 se

1877 614 2027 669 dicit.
2072 612 2191 667 Erit
2230 620 2410 665 autem
2430 610 2635 681 justum
2653 594 2916 678 judicium
2941 609 3037 667 Dei
3083 626 3213 682 erga
3247 627 3344 671 eos
3369 614 3465 684 qui

1877 715 2155 780 acceptam
2192 691 2849 775 potestatem'secundum
2886 719 3014 761 suas
3053 705 3361 776 impietates
3410 712 3469 762 et

1876 814 1985 854 non
2036 796 2353 853 secundum
2379 793 2593 849 divinas
2659 802 2961 863 temperant
3012 794 3181 866 leges,
3235 802 3293 851 et
3344 794 3469 852 ideo

1877 891 2007 947 dicit
2034 896 2069 945 κε’
2100 888 2287 959 Itaque
2337 888 2427 958 qui
2474 886 2669 941 resistit
2707 888 2971 955 potestati,
3018 887 3119 943 Dei
3142 888 3467 945 ordinationi

1878 978 2091 1045 resistit.
2118 974 2315 1047 (Orig.)
2347 973 2464 1029 Non
2490 974 2580 1029 hic
2603 974 2669 1029 de
2686 973 2795 1029 illis
2820 975 3175 1043 potestatibus
3195 977 3328 1033 dicit
3344 990 3469 1048 qua

1876 1069 2283 1141 persecutiones
2320 1065 2562 1139 inferunt
2582 1064 2729 1132 ﬁdei,
2754 1065 2831 1122 ibi
2859 1065 3002 1121 enim
3029 1076 3113 1123 est
3152 1068 3464 1136 dicendum,

1882 1180 1901 1213 ‹
1922 1160 2037 1215 Deo
2056 1150 2434 1229 obtemperare
2451 1164 2665 1227 oportet
2684 1156 2857 1227 magis
2877 1162 3042 1226 quam
3078 1158 3411 1225 hominibus,
3440 1178 3463 1213 ι
3518 1180 3531 1199 ί

1880 1252 1974 1307 sed
1999 1250 2066 1307 de
2088 1250 2205 1306 istis
2223 1248 2602 1305 communibus
2623 1247 2777 1313 dicit,
2795 1262 2917 1317 qua:
2943 1267 2963 1300 ι
2990 1263 3099 1304 non
3121 1256 3248 1304 sunt
3284 1250 3467 1306 timori

1877 1342 2005 1398 boni
2022 1342 2220 1412 cperis,
2238 1340 2495 1411 sedmali,
2519 1360 2537 1393 ι
2558 1340 2757 1410 quibus
2784 1339 2972 1408 utique
2996 1339 3092 1409 qui
3104 1341 3331 1407 resistit,
3354 1341 3470 1411 ipse

1880 1432 1985 1487 sibi
2022 1430 2428 1493 damnationem
2479 1444 2581 1498 pro
2608 1438 2899 1499 gestorum;
2926 1444 3149 1487 suorum
3202 1430 3469 1502 qualitate

1878 1521 2173 1593 conquirit.
2216 1514 2415 1592 (Αηὶὺ.)
2444 1516 2557 1575 Hoc
2591 1519 2757 1573 etiam
2785 1527 2840 1573 et
2866 1528 3057 1574 contra
3085 1520 3219 1597 istos
3238 1528 3347 1587 est,
3375 1521 3469 1591 qui

1878 1629 1977 1685 per
1993 1598 2292 1683 petantiam
2315 1607 2491 1665 fortes
2510 1614 2659 1673 sunt,
2683 1615 2777 1663 aut
2805 1606 2899 1677 qui
2925 1606 3129 1679 aliquid
3158 1609 3250 1681 [ab
3262 1608 3468 1682 aliquo]

1880 1688 2211 1775 deprehendi
2260 1716 2321 1757 se
2345 1714 2505 1771 posse
2552 1714 2664 1755 non
2684 1698 2941 1765 credunt,
2990 1707 3048 1755 et
3076 1714 3173 1770 per
3212 1700 3317 1757 hoc
3352 1700 3471 1757 illu-

1880 1794 2009 1850 dere
2035 1808 2096 1850 se
2142 1792 2313 1863 legem
2356 1798 2575 1862 putant;
2615 1790 2854 1847 ostendit
2886 1788 2974 1846 his
3002 1788 3099 1847 Dei
3128 1806 3249 1847 esse
3272 1791 3470 1864 legem,

185 1878 401 1922 terrore
426 1867 520 1922 Dei
561 1868 630 1923 ab
652 1868 736 1952 bis
761 1871 996 1927 abstinet
1036 1888 1155 1943 quae
1180 1876 1450 1945 prohibet.
1484 1876 1683 1950 (Oi-ig.)
1715 1878 1773 1933 Si
1805 1876 1853 1945 Β
1877 1892 1932 1940 et
1964 1898 2073 1939 non
2092 1886 2097 1890 ’
2118 1897 2374 1938 evasuros
2403 1881 2669 1951 judicium
2713 1880 2831 1948 Dei,
2873 1882 2968 1951 qui
3004 1881 3075 1938 ad
3133 1891 3347 1952 tempus
3376 1882 3475 1938 ali-

181 1964 366 2011 autem
389 1955 600 2027 legatur
635 1950 701 2012 ut
734 1958 789 2012 in
811 1960 1133 2027 quibusdam
1165 1965 1567 2034 exemplaribus
1606 1967 1774 2023 habe-

180 2052 292 2110 tur,
330 2046 515 2101 Omnis
558 2047 737 2102 anima
778 2051 1135 2123 potestatibus
1158 2052 1558 2111 sublimioribus
1589 2058 1773 2128 subja-

186 2146 325 2198 ceat.
379 2137 594 2194 videtur
636 2140 769 2196 mihi
804 2141 860 2197 in
914 2134 1017 2199 hcc
1061 2144 1215 2201 valde
1268 2146 1609 2203 laudabiliter
1653 2150 1774 2204 ani-

178 2241 330 2282 mam
378 2228 709 2296 nominasse,
768 2245 931 2301 quam
979 2234 1258 2304 subjacere
1310 2238 1665 2305 potestatibus
1688 2240 1777 2309 ju-

176 2321 292 2377 bet.
335 2319 621 2392 Nunquam
672 2324 818 2379 enim
866 2326 1111 2393 dixisset,
1144 2327 1332 2383 Omnis
1372 2330 1595 2400 spiritus
1653 2332 1783 2387 sub-

171 2408 357 2481 jaceat
376 2413 667 2480 potestati;
703 2414 799 2470 sed
820 2418 989 2472 omnis
1015 2419 1217 2474 anima.
1235 2420 1313 2475 De
1334 2436 1442 2490 qua
1470 2420 1778 2477 differentia

178 2517 324 2572 saepe
340 2503 453 2573 jam
475 2504 727 2572 diximus,
753 2506 895 2575 quod
918 2508 1185 2563 interdum
1206 2526 1301 2580 per
1323 2514 1584 2579 animam,
1613 2515 1782 2569 inter-

179 2594 309 2652 dum
323 2611 677 2665 percarnem,
714 2598 984 2654 interdum
1014 2618 1112 2670 per
1127 2602 1378 2671 spiritum
1410 2604 1573 2661 homo
1601 2604 1782 2661 nOmip

178 2693 373 2741 natur:
403 2684 498 2740 sed
515 2701 679 2741 cuma
707 2696 859 2756 parte
879 2689 1101 2745 meliore
1126 2692 1485 2749 nominandus
1509 2704 1613 2760 est,
1630 2696 1784 2764 quasi

178 2777 274 2847 qui
298 2777 559 2847 spiritalis
581 2777 809 2849 intelligi
833 2779 1044 2847 debeat,
1083 2782 1305 2851 spiritus
1325 2784 1541 2851 dicitur,
1568 2786 1785 2856 quando

179 2868 251 2926 ah
279 2866 559 2935 inferiore,
581 2870 760 2924 anima
785 2886 800 2936 ;
846 2887 969 2925 cum
1008 2886 1138 2927 vero
1168 2888 1199 2927 a
1242 2875 1509 2931 deteriore
1540 2877 1785 2931 nomina-

180 2963 291 3026 tur,
316 2966 447 3015 caro
495 2960 708 3027 dicitur,
758 2969 816 3017 et
860 2962 1052 3019 horum
1105 2964 1411 3040 testimonia
1457 2953 1525 3022 de
1550 2966 1789 3038 Scriptu-

182 3049 264 3107 ris
290 3066 435 3122 saepe
462 3052 808 3123 protulimus.
868 3054 1023 3111 Nunc
1050 3071 1180 3127 ergo
1209 3058 1468 3127 quoniam
1518 3068 1787 3131 przecepta

1876 1968 1984 2047 quo
2013 1983 2173 2046 pacto
2218 1974 2474 2031 evadunt.
2534 1954 2858 2040 Qui'autem'
2900 1973 3170 2041 resistunt,
3201 1973 3301 2044 ipsi
3328 1972 3475 2027 dam-

1878 2070 2143 2123 nationem
2190 2049 2485 2139 acquirunt;
2522 2065 2865 2121 Manifestum
2893 2074 2979 2122 est
3029 2066 3155 2136 quia
3184 2064 3473 2135 unusquis-

1877 2162 1983 2226 que
2009 2155 2264 2226 operibus
2291 2156 2406 2211 suis
2430 2164 2525 2209 aut
2549 2150 2964 2223 justiﬂcabitur,
3002 2161 3095 2209 aut
3140 2153 3469 2210 condemna-

1877 2246 2055 2309 bitur;
2110 2244 2202 2315 qui
2254 2245 2401 2305 enim
2451 2243 2733 2297 audientes
2759 2242 2931 2313 legem
2966 2251 3220 2312 peccant,
3257 2235 3474 2297 inexcu-

1880 2333 2077 2390 sabiles
2106 2341 2252 2389 sunt.
2280 2356 2281 2359 η
2310 2332 2453 2407 Nam
2492 2332 2747 2404 principes
2789 2348 2893 2386 non
2934 2342 3067 2388 sunt
3105 2334 3283 2387 timori
3323 2333 3473 2389 bonis

1880 2424 2139 2494 operibus,
2181 2422 2272 2478 sed
2302 2422 2474 2478 malis.
2519 2422 2800 2492 Principes
2829 2423 2930 2479 hos
2976 2438 3132 2495 reges
3183 2424 3333 2490 dicit,
3378 2425 3474 2495 qui

1882 2523 2109 2585 propter
2136 2514 2513 2583 corrigendum
2558 2514 2751 2580 vitam,
2803 2522 2859 2569 et
2878 2514 3215 2584 prohibenda
3246 2517 3473 2575 adversa

1884 2614 2171 2667 creantur,
2205 2602 2316 2665 Dei
2339 2604 2599 2657 habentes
2650 2602 2941 2673 imaginem
2997 2612 3058 2657 ut
3094 2605 3195 2675 sub
3230 2619 3341 2670 uno
3364 2605 3476 2659 sint

1884 2691 2085 2747 caeteri.
2126 2688 2211 2744 Vis
2241 2699 2415 2744 autem
2446 2706 2551 2744 non
2578 2690 2757 2745 timere
2780 2698 3103 2761 Potestatem,
3141 2689 3329 2745 bonum
3349 2691 3477 2761 fac?

1883 2792 1933 2838 et
1980 2780 2191 2835 habebis
2216 2780 2427 2837 Iaudem
2468 2780 2665 2834 exilia.
2714 2779 2858 2835 Laus
2917 2795 2985 2835 ex
3038 2787 3307 2849 potestate
3344 2788 3473 2836 tunc

1886 2875 2077 2946 surgit,
2110 2888 2234 2929 cum
2262 2873 2384 2943 quis
2406 2872 2666 2927 innocens
2710 2871 2997 2927 invenitulx
3045 2870 3253 2943 (Greg.)
3287 2870 3472 2941 Neque

1885 2968 2030 3023 enim
2082 2965 2206 3020 ideo
2246 2965 2381 3019 bona
2425 2963 2633 3035 agenda
2687 2970 2865 3040 sunt,.
2910 2970 2973 3017 ut
3013 2970 3256 3033 putestas
3312 2961 3472 3032 hujus

1888 3054 2073 3119 mundi
2101 3042 2245 3109 nulla
2274 3049 2551 3118 timeatur,
2619 3060 2714 3106 aut
2745 3066 2845 3121 per
2868 3052 2987 3105 hmo
3007 3049 3178 3121 gloria
3218 3050 3473 3106 transito-

179 3136 528 3198 credeutibus
573 3144 725 3214 ponit
778 3144 1069 3214 Apostolus
1096 3186 1111 3212 ,
1178 3146 1291 3200 vult
1344 3162 1444 3203 nos
1503 3149 1740 3216 quietem
1765 3185 1782 3212 ,
1890 3146 1986 3201 riae
2030 3131 2211 3201 laudis
2260 3153 2527 3210 sumatur,
2594 3143 2691 3199 sed
2737 3157 2861 3203 cum
2901 3140 3173 3196 inﬁrmam
3213 3150 3470 3212 mentem,

178 3237 443 3300 quantum
471 3230 525 3284 in
546 3232 701 3285 nobis
726 3240 829 3297 est,
867 3234 1149 3303 praesentis
1196 3234 1323 3290 vita
1345 3220 1642 3307 pacemque
1675 3252 1786 3293 ser-
1813 3217 1859 3281 (ἶ
1890 3235 1959 3290 ad
1987 3244 2211 3304 tantum,
2245 3234 2427 3289 robur
2444 3232 2741 3288 ascendere
2778 3246 2886 3288 non
2911 3246 3074 3302 posse
3104 3240 3378 3303 pensaret,
3409 3241 3473 3289 ut

177 3335 329 3385 vare,
368 3315 429 3376 et'
446 3323 490 3376 si
523 3322 737 3391 quidem
768 3322 905 3379 tales
925 3339 1129 3391 sumus,
1144 3325 1237 3393 qui
1257 3326 1531 3397 conjuncti
1558 3326 1786 3385 Domino
1888 3333 1945 3379 et
1992 3332 2313 3393 pravrtatem
2350 3322 2511 3377 simul
2535 3321 2847 3389 ‘vitaret‘let
2875 3320 3109 3388 laudem,
3152 3323 3473 3391 praedicator

180 3428 323 3469 unus
370 3428 587 3469 cumeo
620 3414 840 3484 spiritus
873 3414 1060 3479 simus,
1110 3414 1341 3470 Domino
1382 3416 1784 3476 dicimur.esse
1886 3414 2139 3486 egregius
2175 3413 2226 3469 ei
2286 3411 2627 3468 admonendo
2677 3400 2881 3480 aliquid
2930 3411 3125 3467 obtulit
3173 3420 3229 3467 et
3266 3412 3474 3484 aliquid

179 3501 456 3571 subjecti:
487 3502 532 3555 si
554 3515 685 3556 vero
708 3502 946 3557 nondum
975 3502 1113 3557 tales
1141 3518 1347 3571 sumus,
1364 3505 1459 3560 sed
1477 3508 1787 3565 communis
1883 3504 2023 3558 tulit.
2078 3502 2434 3559 Concedendo
2472 3502 2617 3556 enim
2640 3500 2802 3566 lenia,
2848 3502 3117 3557 subtraxit
3144 3502 3374 3569 acriora,
3408 3515 3472 3562 ut

181 3592 364 3648 adhuc
393 3592 574 3647 anima
604 3604 689 3648 est
711 3593 768 3647 in
792 3593 969 3659 nobis,
1015 3608 1135 3663 qua:
1159 3595 1360 3652 habeat
1392 3596 1596 3667 aliquid
1617 3596 1777 3666 hujus
1880 3596 1972 3666 qui
1998 3595 2066 3650 ad
2089 3595 2384 3651 deserenda
2419 3602 2614 3682 cuncta
2654 3592 2815 3647 simul
2845 3608 2951 3648 non
2979 3601 3313 3663 assurgeret,
3336 3594 3467 3652 dum

178 3684 393 3749 mundi,
434 3684 643 3753 quaesit
663 3685 713 3739 ei
756 3685 937 3755 aliquo
964 3684 1177 3754 alligata
1212 3688 1451 3757 negotio,
1486 3688 1613 3744 huic
1634 3704 1776 3759 prae-
1879 3688 1935 3741 in
1969 3687 2203 3757 quodam
2247 3701 2403 3740 suum
2432 3685 2625 3739 vitium
2660 3684 2875 3738 animus
2923 3682 3267 3749 familiariter
3303 3685 3467 3741 relin-

179 3782 345 3845 oepta
387 3773 674 3843 Apostolus
710 3775 863 3845 ponit
909 3784 965 3829 et
1008 3776 1137 3831 dicit
1182 3785 1241 3831 ut
1274 3777 1515 3847 subjecta
1571 3780 1642 3833 sit
1679 3794 1775 3848 po-
1875 3778 2009 3846 quit,
2054 3791 2087 3829 a
2132 3775 2365 3845 quodam
2392 3773 2524 3827 vitio
2558 3788 2655 3827 suo
2695 3771 2813 3827 sine
2837 3771 3025 3827 labore
3056 3771 3337 3827 toleretur.
3365 3772 3465 3827 Dei

179 3864 474 3921 testatibus
503 3865 687 3919 mundi
716 3906 731 3931 ,
774 3866 901 3934 quia
926 3874 983 3920 et
1004 3865 1263 3921 Dominus
1297 3867 1452 3934 dixit,
1477 3876 1537 3923 ut
1563 3869 1642 3935 hi,
1678 3869 1770 3937 qui

180 3956 388 4013 habent
415 3956 468 4010 in
498 3971 558 4012 se
598 3957 1104 4027 superscriptionem
1128 3956 1357 4012 Caesaris
1400 3958 1627 4013 reddant
1654 3956 1770 4014 Cte-

181 4049 295 4105 sari
316 4062 436 4118 qua:
463 4046 853 4119 sum‘Ctesaris.
879 4047 1072 4103 Petrus
1097 4038 1155 4103 et
1179 4047 1418 4103 Joannes
1446 4049 1578 4103 nihil
1602 4050 1769 4104 habe-

181 4138 474 4209 bantquod
499 4138 699 4195 Caesari
722 4139 1035 4205 redderent;
1057 4138 1190 4195 dicit
1206 4139 1352 4193 enim
1369 4137 1562 4193 Petrus
1584 4153 1598 4192 :
1619 4158 1637 4189 ι
1666 4139 1768 4193 Ar-

184 4237 413 4303 gentum
438 4238 494 4284 et
508 4244 701 4284 aurum
726 4244 835 4286 non
854 4213 1028 4284 habeo
1051 4227 1189 4299 (Act.
1220 4229 1337 4299 tu);
1369 4248 1387 4281 ι
1419 4228 1509 4298 qui
1532 4229 1636 4283 hoc
1656 4242 1765 4282 non

180 4319 373 4387 habet,
402 4335 501 4377 nec
525 4320 722 4377 Caesari
752 4320 916 4375 habet
942 4318 1085 4389 quod
1119 4318 1328 4385 reddat,
1376 4334 1473 4374 nec
1501 4319 1643 4373 unde
1673 4333 1764 4373 su-

178 4409 524 4467 blimioribus
562 4409 841 4478 subjaceat
873 4408 1260 4479 potestatibus;
1306 4409 1398 4478 qui
1432 4423 1559 4463 vero
1599 4407 1763 4463 habet

182 4512 279 4559 aut
308 4503 614 4573 pecuniam,
670 4511 765 4557 aut
798 4502 1186 4571 possessiones,
1216 4509 1308 4556 aut
1337 4501 1540 4571 aliquid
1566 4502 1621 4554 in
1663 4516 1762 4555 sae-

181 4594 308 4650 culo
330 4596 530 4667 negotii
558 4594 741 4649 audiat
768 4613 782 4648 :
814 4593 996 4647 Omnis
1028 4594 1205 4649 anima
1233 4593 1576 4667 potestatibus
1605 4592 1773 4648 subli-

178 4664 437 4742 mioribus
458 4670 761 4752 subiaceat.
790 4713 859 4722 —
883 4682 1007 4737 Non
1034 4694 1109 4737 est
1128 4664 1286 4748 enim,
1320 4684 1513 4751 inquit,
1538 4692 1763 4751 potestas

165 4772 285 4837 ,τιίεὶ
307 4788 339 4824 a
368 4771 493 4824 Deo.
518 4761 658 4825 Dicit
671 4770 901 4826 fortasse
927 4772 1140 4839 aliquis,
1156 4772 1295 4837 Quid
1311 4786 1459 4842 ergo,
1479 4780 1533 4826 et
1556 4770 1646 4825 illa
1668 4788 1767 4841 po-

164 4849 376 4941 ;testas,
404 4875 524 4930 qute
548 4861 732 4915 servos
759 4860 852 4915 Dei
870 4862 1231 4931 persequitur,
1265 4861 1425 4915 fidem
1464 4861 1758 4930 impugnat,

180 4949 500 5019 religionem
529 4950 814 5015 subvertit,
842 4965 872 5003 a
898 4946 1008 5004 Deo
1033 4950 1153 5004 est?
1172 4948 1254 5003 Ad
1278 4951 1383 5005 hoc
1403 4949 1637 5004 breviter
1670 4964 1759 5004 re-

179 5040 566 5110 spondebimus
595 5058 609 5094 :
646 5039 815 5096 Nemo
849 5050 952 5107 est,
984 5042 1075 5109 qui
1098 5042 1330 5107 “nesciat,
1363 5040 1502 5110 quod
1532 5049 1587 5095 et
1612 5041 1763 5101 visus

182 5133 343 5188 nobis
366 5147 398 5186 a
429 5132 537 5187 Deo
568 5134 795 5188 donatus
826 5142 928 5199 est,
960 5142 1017 5187 et
1036 5134 1275 5200 auditus,
1300 5142 1354 5188 et
1376 5149 1601 5199 sensus;
1636 5150 1761 5189 cum

178 5238 313 5295 ergo
347 5226 463 5279 haec
489 5240 521 5278 a
554 5224 665 5279 Deo
698 5234 843 5291 sunt,
894 5226 948 5279 in
971 5233 1232 5294 potestate
1260 5234 1437 5281 tamen
1463 5234 1649 5281 nostra
1678 5235 1761 5281 est

1872 3868 2011 3921 enim
2040 3867 2277 3920 minister
2302 3874 2376 3919 est
2408 3864 2501 3918 tibi
2532 3865 2588 3917 in
2615 3863 2827 3917 bonum.
2869 3862 3053 3933 (Aug.)
3102 3862 3253 3927 Quod
3286 3872 3467 3918 autem

1871 3958 1946 4014 ait
1974 3976 1987 4011 :
2025 3955 2111 4010 Vis
2138 3972 2241 4010 non
2271 3956 2451 4009 timere
2470 3962 2773 4023 potestatem
2791 3953 2816 4005 γ
2837 3952 3031 4006 bonum
3052 3951 3157 4020 fac,
3187 3961 3235 4006 et
3254 3952 3467 4009 habebis

1870 4050 2077 4106 laudem
2094 4065 2157 4102 ex
2169 4066 2253 4113 ea,
2275 4055 2686 4118 potestmovere
2711 4044 2939 4114 aliquos,
2956 4058 3080 4100 cum
3109 4044 3466 4117 cogitaverim

1869 4144 1935 4197 ab
1960 4141 2079 4199 istis
2095 4138 2452 4210 potestatibus
2469 4136 2899 4207 persecutionem
2921 4147 3063 4205 sape
3083 4149 3270 4204 passos
3298 4133 3465 4189 fuisse

1866 4231 2225 4289 Christianos.
2246 4227 2511 4299 Nunquid
2530 4242 2660 4301 ergp
2673 4242 2779 4283 non
2806 4224 3075 4279 faciebant
3097 4224 3319 4289 bonum,
3335 4224 3462 4293 quia

1865 4338 1971 4377 non
1996 4321 2171 4376 solum
2197 4336 2302 4376 non
2334 4326 2461 4373 sunt
2488 4318 2691 4372 laudati
2717 4318 2786 4372 ab
2815 4317 2935 4373 istis
2954 4316 3336 4386 potestatibus,
3366 4316 3463 4371 sed

1864 4427 1917 4473 et
1947 4415 2122 4485 poenis
2147 4414 2324 4470 affecti
2371 4422 2427 4468 et
2477 4411 2653 4467 necati
2688 4410 2853 4465 sunt?
2887 4406 3290 4485 Consideranda
3334 4416 3461 4464 sunt

1862 4510 2026 4564 verba
2051 4507 2293 4578 Apostoli
2317 4547 2331 4573 ,
2354 4520 2460 4561 non
2492 4505 2635 4559 enim
2664 4504 2764 4569 ait,
2787 4485 2989 4557 bonum
3011 4501 3117 4566 fac,
3140 4510 3194 4555 et
3221 4500 3461 4558 laudabit

1868 4609 1921 4655 te
1976 4605 2236 4668 potestas,
2286 4596 2383 4651 sed
2429 4596 2523 4660 ait,
2574 4594 2764 4647 bonum
2819 4592 2943 4660 fac,
2986 4600 3034 4645 et
3084 4589 3295 4643 habebis
3344 4590 3461 4644 lau-

1868 4691 1986 4743 dem
2005 4704 2069 4742 ex
2087 4705 2168 4743 ea.
2188 4686 2313 4743 Sive
2327 4687 2471 4739 enim
2485 4684 2677 4755 probet
2696 4681 2901 4736 factum
2916 4688 3067 4735 tuum
3093 4682 3319 4745 bonum,
3343 4680 3457 4734 sive

1869 4786 2240 4849 persequatur,
2274 4774 2485 4828 laudem
2522 4771 2732 4826 habebis
2758 4786 2823 4832 es
2855 4769 2972 4835 illa,
2998 4769 3081 4823 vel
3111 4784 3234 4824 cum
3258 4783 3380 4823 eam
3403 4770 3458 4823 in

1866 4866 2185 4934 obsequium
2212 4864 2306 4918 Dei
2332 4864 2574 4919 lucratus
2602 4860 2769 4915 fueris
2784 4900 2799 4925 ,
2821 4858 2905 4914 vel
2926 4874 3048 4913 cum
3068 4856 3185 4925 ejus
3209 4870 3459 4925 persecu-

1868 4960 2011 5013 tione
2036 4971 2289 5011 coronam
2312 4954 2595 5009 merueris.
2614 4950 2726 5005 Hoc
2745 4949 2909 5005 etiam
2927 4948 2982 5003 in
3002 4948 3459 5023 consequentibus

1868 5049 2183 5116 intelligitur
2204 5063 2323 5101 cum
2348 5046 2509 5101 dicit:
2537 5044 2630 5115 Dei
2660 5043 2795 5096 enim
2819 5040 3053 5095 minister
3075 5049 3148 5093 est
3172 5038 3263 5091 tibi
3280 5039 3338 5091 in
3368 5040 3459 5091 bo-

1865 5156 2009 5204 num,
2034 5138 2249 5192 etiamsi
2271 5136 2373 5190 sibi
2401 5136 2453 5188 in
2492 5132 2710 5187 malum.
2736 5130 2969 5201 (Ambr.)i
3009 5128 3352 5183 Manifestum
3379 5143 3465 5188 est

1864 5229 1983 5283 ideo
2014 5236 2250 5282 rectores
2272 5227 2427 5279 datos
2454 5239 2520 5277 ne
2545 5221 2746 5275 malum
2775 5219 2887 5274 ﬁat.
2936 5218 2997 5273 Si
3025 5227 3199 5270 autem
3229 5214 3465 5292 malefef

1860 5320 2014 5384 ceris,
2048 5319 2190 5384 time,
2226 5333 2332 5370 non
2362 5315 2501 5369 enim
2530 5314 2640 5367 sine
2665 5328 2824 5365 causa
2849 5308 3083 5378 gladium
3111 5315 3308 5377 portat.
3350 5304 3476 5359 Hoc

1862 5416 1967 5471 est,
1991 5406 2113 5461 ideo
2133 5404 2513 5467 comminatur,
2540 5410 2597 5455 ut
2630 5400 2673 5454 si
2696 5397 2857 5453 fuerit
2886 5406 3248 5465 contemptus,
3283 5390 3487 5447 vindi-

1864 5507 1969 5562 cet,
2025 5496 2121 5549 Dei
2150 5496 2285 5550 enim
2314 5493 2548 5546 minister
2569 5498 2665 5552 est,
2694 5488 2880 5543 vindex
2901 5488 2956 5539 in
2996 5487 3129 5539 iram
3153 5487 3202 5539 ei
3226 5483 3318 5554 qui
3344 5495 3501 5532 ma-

1862 5594 1970 5646 lum
1997 5590 2124 5657 agit.
2154 5585 2416 5653 Quoniam
2447 5581 2685 5636 futurum
2711 5578 2966 5657 judicium
3016 5577 3158 5631 Deus
3185 5569 3402 5630 statuit
3439 5573 3523 5619 et.

1862 5656 2064 5733 nullum
2086 5680 2263 5747 perire
2288 5674 2422 5735 vult,
2454 5675 2558 5727 hoc
2589 5672 2642 5725 in
2668 5656 2861 5725 smculo
2898 5678 3137 5724 rectores
3159 5657 3539 5747 ordinavit,

1861 5780 1921 5825 ut
1973 5740 2179 5826 terrore
2245 5763 2589 5835 interposito,
2642 5760 2940 5817 hominibus
2985 5760 3132 5817 velut
3175 5740 3559 5830 paedagogi

183 5312 265 5366 uti
317 5312 437 5367 visu
463 5312 547 5367 vel
575 5314 642 5366 ad
663 5313 824 5377 bona,
872 5313 955 5367 vel
981 5315 1048 5368 ad
1084 5314 1247 5379 mala,
1292 5314 1544 5368 similiter
1584 5324 1638 5369 et
1664 5332 1759 5369 au—

184 5401 322 5465 ditu,
376 5410 522 5457 motu
577 5417 850 5467 manuum,
898 5413 949 5457 et
985 5405 1306 5474 cogitatione
1343 5418 1551 5469 sensus,
1601 5414 1655 5459 et
1704 5406 1757 5459 in

184 5495 291 5551 hoc
313 5484 398 5549 est
429 5492 631 5561 justum
655 5492 915 5561 judicium
966 5493 1076 5558 Dei,
1106 5495 1247 5563 quod
1268 5494 1366 5558 his,
1419 5510 1536 5563 qua:
1563 5494 1649 5549 ille
1692 5496 1758 5548 ad

184 5602 318 5642 usus
341 5588 509 5641 Itonos
537 5585 705 5650 dedit,
762 5602 858 5641 nos
883 5585 1154 5640 abutimur
1175 5587 1240 5641 ad
1290 5586 1445 5654 impia
1491 5595 1545 5639 et
1577 5587 1758 5655 iniqua

187 5678 531 5733 ministeria:
570 5664 644 5731 ita
686 5692 813 5747 ergo
857 5686 911 5732 et
939 5687 1177 5748 potestas
1203 5681 1376 5732 omnis
1416 5694 1445 5729 a
1488 5678 1595 5733 Deo
1633 5678 1756 5732 data

189 5780 272 5829 est
318 5786 335 5821 ι
371 5770 438 5825 ad
467 5770 757 5827 vindictam
785 5769 1001 5827 auidem
1038 5767 1319 5837 malorum,
1375 5761 1584 5823 latttlcm
1627 5783 1754 5826 vero
