3948 6372
484 328 622 388 1863

1118 323 1183 378 Β.
1223 322 1479 379 RABAM
1517 322 1739 380 MAURI
1772 320 2091 380 ARCHIEP.
2129 320 2743 382 MOGUNT.OPERUM
2781 323 2963 382 PARS
2996 326 3085 383 lli.

3612 327 3731 394 1.565

481 440 629 506 sint,
670 438 978 495 erudientes
1033 435 1154 511 illos
1205 437 1337 507 quid
1390 444 1607 493 servent
1640 452 1708 492 ne
1746 438 1801 491 in
1850 452 2066 508 poenam
2096 438 2150 499 Α
2175 445 2358 493 tamen
2383 444 2484 503 est,
2514 439 2816 510 quodjusto
2841 459 2859 491 ι
2880 440 2967 497 lex
2990 457 3096 497 non
3111 453 3195 500 est
3215 445 3737 518 posita,sedinjusus

479 531 723 586 incidant
754 530 928 585 futuri
947 527 1156 598 judicii.
1223 526 1420 599 (θήρ.)
1454 527 1629 583 Movet
1666 535 1847 582 tamen
1895 528 1951 582 in
1980 527 2065 583 his

482 622 821 679 sermonibus
852 618 1071 685 Paulus,
1108 618 1253 689 quod
1277 626 1605 690 potestatem
1639 618 1821 674 saeculi
1851 626 1906 673 et
1923 616 2068 686 judi-

480 716 632 771 cium
662 713 849 770 mundi
873 712 976 769 Dei
1001 711 1313 767 ministrum
1347 711 1497 779 dicit,
1520 718 1576 766 et
1609 711 1715 767 hoc
1745 726 1853 767 non
1876 710 2064 776 semel,

481 808 578 864 sed
605 815 662 862 et
680 806 918 863 secundo
965 814 1021 861 et
1068 805 1228 862 tertio
1264 805 1492 875 repetit;
1523 805 1685 861 velim
1718 821 1845 877 ergo
1884 807 2065 876 requi-

483 911 628 963 rere,
684 896 958 969 quomodo
998 880 1441 969 vindex'Liudex]
1468 896 1653 951 mundi
1702 896 1798 950 Dei
1822 896 2071 953 minister

480 988 574 1055 sit.
649 986 958 1043 Invenimus
1003 986 1265 1059 scriptum
1316 986 1371 1041 in
1385 976 1629 1042 'Actibus
1675 988 2067 1058 apostolorum,

483 1078 611 1150 quia
648 1077 1034 1135 convenientes
1078 1079 1133 1132 in
1171 1094 1335 1133 unum
1379 1079 1605 1150 apostoli
1638 1086 1941 1135 statuerunt
1978 1077 2071 1136 de-

481 1176 653 1235 creta,
669 1170 789 1238 quae
812 1167 1102 1223 observare
1136 1168 1459 1223 deberemus
1484 1182 1601 1232 nos,
1616 1168 1709 1237 qui
1732 1184 1800 1224 ex
1823 1167 2072 1239 gentibus

481 1254 815 1316 credidimus
859 1260 1095 1328 Christo,
1162 1260 1217 1314 in
1258 1260 1461 1330 quibus
1521 1261 1637 1316 haec
1683 1261 2068 1316 continentur:

483 1351 721 1421 Apostoli
758 1362 807 1407 et
833 1354 1116 1424 presbyteri
1157 1352 1411 1423 fratribus
1459 1354 1550 1425 qui
1593 1362 1712 1409 sunt
1756 1370 1847 1424 per
1888 1353 2074 1407 Antio-

483 1443 681 1511 chiam,
712 1453 759 1499 et
790 1442 1024 1515 Syriam,
1063 1453 1111 1500 et
1146 1442 1412 1512 Ciliciam,
1474 1444 1831 1514 omnibusqui
1858 1460 1922 1498 ea:
1952 1460 2075 1514 gen-

481 1533 622 1588 tibus
657 1535 989 1590 crediderunt
1024 1532 1737 1605 salutem-Quandoquidem
1778 1534 2073 1589 audivimus

482 1628 740 1697 quosdam
781 1629 949 1683 exisse
999 1645 1031 1682 a
1075 1628 1222 1682 nobis
1260 1635 1309 1681 et
1351 1625 1659 1696 perturbare
1715 1642 1826 1691 vos,
1883 1625 2074 1696 quibus

485 1733 591 1771 non
624 1718 986 1777 mandauimus
1017 1717 1157 1789 (Act.
1208 1715 1322 1788 xv),
1364 1726 1418 1771 et
1444 1723 1565 1787 post
1597 1716 1873 1787 aliquanta
1921 1715 2073 1770 addi-

2168 533 2353 581 etnon
2385 525 2635 593 subditis,
2687 529 2952 596 scelestis,
2997 531 3305 605 homicidis,
3345 538 3730 605 contaminatis,

2167 615 2401 687 perjuris
2430 624 2485 672 et
2512 621 2745 686 caeteris,
2788 622 2880 692 qui
2905 623 3210 695 hujusmodi
3237 636 3386 682 sunt.
3427 649 3445 680 ι
3474 629 3577 700 Ipsi
3602 634 3736 689 enim

2170 718 2314 774 sunt,
2375 709 2467 778 qui
2497 710 2690 765 timent
2734 712 2927 784 legem.
2984 714 3087 783 Qui
3122 726 3302 772 autem
3362 719 3493 775 facit
3526 721 3733 789 bonum,

2169 798 2273 854 hoc
2296 796 2415 865 est,
2452 800 2543 870 qui
2570 816 2679 857 non
2697 812 2847 866 metu
2881 803 3035 877 legis,
3107 808 3201 864 sed
3236 824 3423 865 amore
3460 812 3585 867 boni
3622 811 3744 870 facit

2170 887 2316 955 quod
2350 889 2552 945 bonum
2582 901 2686 958 est,
2740 893 2843 948 iste
2861 892 2975 963 jam
3006 910 3114 951 non
3143 900 3244 954 sub
3269 899 3388 968 lege
3414 900 3623 967 litterae,
3652 904 3739 959 sed

2171 983 2273 1039 sub
2308 983 2425 1054 lege
2452 985 2587 1039 vivit
2622 987 2873 1057 Spiritus.

2243 1070 2474 1144 Ideoque
2524 1077 2825 1130 necessitate
2857 1077 3053 1132 subditi
3077 1090 3259 1153 estote,
3292 1098 3397 1136 non
3432 1084 3597 1137 solum
3630 1102 3744 1153 pro-

2169 1170 2285 1231 pter
2308 1164 2463 1230 iram,
2498 1166 2587 1218 sed
2613 1165 2769 1220 etiam
2797 1177 3008 1237 propter
3034 1172 3425 1225 conscientiam.
3461 1172 3587 1226 Ideo
3613 1176 3740 1227 enim

2123 1322 2128 1327 _
2170 1261 2219 1306 et
2247 1253 2498 1307 tributum
2521 1258 2782 1325 praestatis
2811 1272 2829 1311 :
2855 1258 3083 1313 ministri
3109 1263 3248 1315 enim
3283 1261 3383 1316 Dei
3416 1275 3535 1315 sunt
3573 1264 3626 1315 in
3657 1266 3743 1317 hoc

2168 1342 2341 1411 ipsum
2387 1344 2681 1399 servientes.
2734 1345 2917 1419 (Aug.)
2964 1346 3117 1415 Quod
3163 1360 3341 1406 autem
3393 1353 3492 1418 ait,
3542 1354 3747 1423 ideoque

2173 1433 2476 1487 necessitate
2502 1435 2697 1488 subditi
2726 1446 2902 1503 estote,
2931 1439 2998 1493 ad
3048 1439 3153 1496 hoc
3195 1441 3357 1509 valet,
3386 1450 3445 1496 ut
3491 1442 3746 1513 intelliga-

2173 1538 2296 1578 mus
2316 1525 2443 1592 quia
2480 1540 2702 1589 necesse
2743 1538 2829 1583 est
2870 1540 3092 1602 propter
3119 1532 3261 1587 hanc
3294 1534 3467 1588 vitam
3517 1535 3748 1590 subditos

2174 1627 2274 1667 nos
2294 1614 2414 1670 esse
2442 1625 2715 1686 oportere,
2752 1635 2860 1675 non
2912 1622 3249 1689 resistentes,
3288 1624 3334 1679 si
3378 1625 3511 1693 quid
3535 1624 3611 1679 illi
3657 1640 3747 1680 au-

2177 1703 2319 1760 ferre
2345 1706 2635 1775 voluerint,
2666 1710 2721 1764 in
2751 1711 3027 1781 quodsibi
3079 1722 3324 1783 potestas
3374 1715 3500 1769 data
3557 1725 3658 1783 est,
3689 1718 3750 1773 de

482 1816 612 1863 tur:
648 1805 858 1863 Placuit
880 1817 1201 1879 ergosancto
1232 1808 1458 1878 Spiritui
1502 1806 1751 1873 et'nobis,
1790 1805 1922 1860 nihil
1964 1823 2073 1860 am-
2098 1799 2147 1859 B
2178 1798 2564 1866 temporalibus
2617 1801 2795 1867 I‘CbUS,
2825 1798 2946 1872 (ιἰιω
2995 1804 3251 1872 quoniam
3305 1812 3613 1871 transeunt,
3644 1808 3751 1863 ideo

485 1898 624 1969 ptius
663 1901 942 1970 superponi
985 1899 1125 1954 vobis
1161 1897 1405 1969 ponderis
1448 1906 1638 1969 praeter
1669 1914 1730 1951 ea
1756 1912 1872 1967 qua:
1899 1911 2072 1950 neces-

485 1991 630 2045 saria
658 2000 801 2057 sunt,
848 2000 907 2046 ut
929 1990 1234 2045 abstineatis
1259 2006 1347 2045 vos
1370 1988 1433 2044 ab
1457 1989 1537 2043 his
1564 2004 1681 2058 qua:
1704 1986 1860 2041 idolis
1888 1987 2073 2040 immo-

485 2080 683 2146 lantur,
718 2091 767 2134 et
802 2082 1079 2151 sanguine,
1123 2089 1172 2134 et
1209 2080 1504 2149 stt/foculis,
1544 2087 1593 2131 et
1615 2078 1965 2148 fornicatione
1991 2092 2010 2153 ς
2038 2094 2071 2130 a

486 2175 675 2244 quibus
728 2173 1075 2229 custodientes
1116 2173 1448 2243 vosmetipsos
1504 2173 1629 2227 bene
1662 2172 1864 2241 agetis;
1906 2171 2069 2225 valete

492 2260 703 2333 (lbid.).
743 2262 801 2317 In
823 2261 909 2318 his
935 2276 1065 2334 ergo
1089 2262 1401 2331 praeceptis,
1432 2262 1486 2315 in
1514 2261 1712 2331 quibus
1741 2260 1894 2325 dicit,
1934 2259 2071 2314 nihil

487 2351 720 2421 amplius
743 2350 1129 2420 imponendum
1165 2364 1285 2405 esse
1322 2350 1506 2405 oneris
1539 2340 1625 2405 his
1659 2348 1750 2419 qui
1806 2363 1872 2403 ex
1898 2347 2074 2418 genti-

486 2438 598 2497 bus’
616 2441 862 2507 credunt,
916 2440 1020 2496 nisi
1042 2450 1103 2495 ut
1128 2440 1437 2496 abstineant
1466 2456 1526 2495 se
1573 2441 1642 2494 ab
1662 2439 1746 2494 his
1767 2454 1887 2508 quae
1913 2438 2073 2492 idolis

480 2532 851 2598 immolantur,
892 2540 952 2589 et
987 2531 1250 2602 sanguine
1295 2539 1351 2611 et
1397 2529 1695 2597 suffocatis,
1738 2540 1795 2585 et
1836 2529 2073 2585 fornica-

483 2623 653 2689 tione,
699 2638 875 2694 neque
910 2621 1261 2678 homicidium
1300 2621 1662 2691 prohibetur,
1692 2634 1867 2689 neque
1917 2619 2071 2674 adul-

487 2714 711 2780 teriam,
754 2727 929 2783 neque
974 2712 1201 2779 furtum,
1239 2726 1416 2781 neque
1463 2711 1825 2768 masculorum
1877 2725 2076 2765 concu-

482 2802 652 2869 bitus,
685 2818 859 2875 neque
882 2812 1079 2859 caetera
1100 2801 1351 2869 crimina,
1383 2816 1503 2871 quae
1526 2800 1723 2855 divinis
1747 2808 1803 2855 et
1824 2799 2074 2854 humanis

486 2894 697 2967 legibus
726 2896 1051 2967 puniuntur;
1092 2894 1237 2964 quod
1272 2894 1318 2950 si
1346 2894 1437 2950 illa
1456 2892 1571 2949 sola
1605 2907 1726 2963 qua:
1766 2908 1928 2963 supra
1962 2906 2078 2948 me-

484 2988 720 3044 moravit
746 2985 1083 3042 observanda
1110 2985 1240 3042 dicit
1260 2999 1381 3040 esse
1409 2983 1756 3048 Christianis,
1805 2982 2076 3037 videbitur

490 3077 573 3132 eis
607 3077 675 3132 de
714 3075 925 3132 caeteris
972 3074 1186 3130 dedisse
1225 3074 1499 3129 licentiam
1532 3092 1543 3127 :
1579 3074 1674 3129 sed
1713 3071 1836 3127 vide
1861 3071 2075 3127 ordina-

2175 1900 2229 1946 et
2255 1892 2359 1947 ista
2384 1890 2643 1960 subjectio
2668 1909 2776 1949 non
2790 1893 2854 1969 in
2880 1894 3037 1950 bonis
3066 1895 3223 1965 quasi
3249 1897 3645 1965 permansuris,
3669 1900 3752 1953 sed

2175 1983 2231 2038 in
2259 1985 2585 2040 necessariis
2610 1984 2737 2040 huic
2768 1987 2994 2055 tempori
3026 1988 3410 2043 constituenda
3426 2000 3531 2044 est.
3564 1989 3753 2057 Tamen

2174 2076 2429 2145 quoniam
2461 2076 2621 2142 dixit,
2654 2078 2958 2131 necessitate
2989 2078 3185 2132 subditi
3208 2089 3392 2145 estote,
3422 2095 3492 2135 ne
3514 2081 3637 2149 quis
3657 2096 3753 2137 non

2174 2168 2386 2239 integro
2400 2168 2579 2223 animo
2593 2176 2646 2223 et
2663 2184 2797 2239 pura
2822 2169 3108 2249 dileqtione
3135 2170 3385 2226 subditus
3407 2170 3751 2243 ﬁerethujus—

2164 2261 2319 2316 modi
2341 2261 2717 2329 potestatibus,
2742 2261 3200 2339 addiditkdicens,
3227 2279 3331 2316 non
3370 2262 3546 2315 solum
3564 2273 3756 2331 propter

2173 2352 2332 2417 iram,
2349 2352 2440 2405 sed
2452 2352 2608 2405 etiam
2628 2361 2839 2422 propter
2866 2346 3257 2420 conscientiam,
3276 2351 3331 2407 id
3344 2360 3448 2419 est,
3462 2368 3575 2408 non
3599 2352 3753 2408 solum

2175 2442 2241 2496 ad
2263 2442 2399 2496 iram
2421 2443 2773 2507 evadendam,
2788 2444 2933 2514 quod
2957 2454 3137 2513 potest
3157 2446 3321 2499 etiam
3349 2444 3603 2500 simulate
3627 2445 3750 2511 ﬁeri,

2174 2531 2271 2586 sed
2286 2532 2413 2586 utin
2443 2542 2533 2587 tua
2560 2534 2892 2590 conscientia
2918 2543 3101 2590 certus
3130 2536 3208 2591 sis
3228 2536 3373 2590 illius
3402 2536 3685 2592 dilectione
3707 2545 3751 2590 te

2176 2621 2356 2677 facere
2370 2622 2455 2677 cui
2488 2623 2733 2681 subditus
2755 2624 2928 2681 fueris
2948 2626 3107 2695 jussu
3132 2626 3342 2682 Domini
3362 2628 3461 2692 tui,
3495 2645 3514 2677 ι
3543 2627 3633 2698 qui
3656 2643 3751 2682 om-

2174 2727 2273 2768 nes
2291 2712 2413 2793 yult
2442 2714 2620 2770 salvos
2646 2714 2783 2783 ﬁeri,
2807 2718 2931 2772 etin
2957 2719 3288 2789 agnitionem
3309 2719 3559 2775 veritatis
3587 2720 3749 2774 venire

2175 2802 2231 2871 (Ι
2264 2802 2401 2857 Tim.
2428 2804 2510 2875 η),
2535 2825 2553 2857 ι
2588 2813 2643 2862 et
2664 2807 2766 2863 hoc
2788 2807 2937 2863 enim
2956 2824 3080 2864 cum
3109 2810 3317 2866 diceret
3362 2811 3669 2882 Apostolus,
3696 2812 3751 2867 de

2175 2894 2310 2965 ipsis
2338 2897 2698 2966 potestatibus
2738 2900 2950 2970 agebat,
2984 2900 3088 2955 hoc
3114 2909 3220 2967 est,
3248 2901 3392 2972 quod
3445 2903 3618 2959 servis
3663 2903 3751 2957 alio

2176 2987 2297 3043 loco
2338 2990 2548 3055 suadet,
2588 3008 2691 3045 non
2716 2992 3037 3072 ad'oculum
3082 2995 3381 3058 servientes,
3426 2996 3582 3063 quasi
3611 2996 3754 3048 homi—

2184 3077 2334 3132 nibus
2365 3079 2647 3148 placentes
2673 3081 2890 3152 (Epltes.
2910 3084 3009 3155 vi),
3056 3094 3115 3138 ut
3161 3084 3216 3138 id
3262 3086 3441 3154 ipsum
3468 3085 3614 3155 quod
3641 3086 3753 3140 sub-

486 3167 693 3223 tionem
737 3165 976 3236 Spiritus
1026 3165 1225 3220 BallCli-
1289 3164 1559 3230 Quoniam
1605 3163 1825 3234 quidem
1883 3169 2078 3217 caetera
2106 3144 2152 3217 C
2183 3144 2384 3223 duntur
2412 3168 2647 3223 dominis
2674 3144 2811 3235 suis,
2855 3144 2977 3226 non.
2995 3144 3097 3227 eos
3122 3144 3359 3239 oderint,
3409 3144 3507 3228 aut
3548 3173 3758 3229 fallaciis

489 3257 724 3314 erimina
768 3254 953 3311 saeculi
983 3255 1194 3326 legibus
1225 3254 1590 3318 vindicantur,
1640 3262 1696 3308 et
1743 3252 2076 3324 superﬂuum

486 3347 774 3403 videbatur
799 3362 863 3402 ea
898 3363 1043 3402 nunc
1082 3347 1265 3402 'divina
1287 3347 1405 3418 lege
1424 3345 1719 3418 prohiberi,
1774 3360 1895 3417 qua:
1938 3345 2083 3400 θυω-

490 3440 697 3496 cienter
708 3441 943 3495 humana
956 3440 1073 3512 lege
1085 3439 1416 3512 plectuntur,
1430 3440 1519 3495 illa
1532 3440 1647 3495 sola
1661 3439 1727 3495 de
1738 3439 1936 3509 quibus
1948 3439 2083 3495 nihil

492 3529 727 3586 humana
757 3531 844 3586 lex
874 3531 1103 3595 dixerat,
1121 3539 1175 3585 et
1196 3547 1318 3601 qua:
1338 3530 1587 3604 religioni
1608 3531 1935 3588 videbantur
1947 3548 2080 3589 con-

488 3622 699 3689 venire,
728 3622 993 3689 decernit,
1008 3636 1073 3677 ex
1098 3636 1205 3693 quo
1227 3630 1450 3693 apparet
1468 3621 1707 3692 judicem
1738 3624 1944 3691 mundi,
1960 3639 2084 3695 par-

492 3724 601 3771 tem
616 3716 907 3771 maximam
919 3715 1016 3771 Dei
1030 3714 1163 3787 legis
1179 3716 1403 3787 implere
1419 3733 1434 3783 ;
1460 3716 1642 3772 omnia
1659 3716 1808 3773 enim
1825 3717 2078 3783 crimina,

492 3820 612 3860 aure
634 3806 896 3861 vindicari
920 3806 1035 3861 vult
1073 3806 1236 3873 Deus,
1264 3822 1371 3861 non
1394 3822 1493 3877 per
1513 3808 1787 3864 antistites
1806 3815 1860 3862 et
1874 3808 2079 3878 princi-

492 3912 589 3967 pes
619 3897 1003 3965 Ecclesiarum,
1058 3898 1152 3953 sed
1177 3913 1275 3968 per
1302 3899 1484 3953 mundi
1506 3898 1743 3969 judicem
1772 3899 1943 3956 voluit
1965 3900 2084 3954 vin-

493 3988 705 4056 dicari;
745 3991 923 4047 ethoc
953 3990 1132 4047 sciens
1166 3990 1385 4057 Paulus,
1426 4000 1576 4048 recte
1619 4007 1745 4046 eum
1772 3993 2082 4048 ministrum

494 4079 591 4134 Dei
622 4081 883 4146 nominat,
922 4091 978 4136 et
1008 4081 1274 4137 vindicem
1302 4082 1358 4137 in
1392 4077 1518 4138 eum
1564 4074 1671 4153 qui.
1705 4083 1850 4153 quod
1880 4082 2081 4137 malum

497 4184 581 4230 est
615 4174 743 4245 agit.
800 4174 952 4241 Quod
992 4184 1175 4231 autem
1220 4176 1354 4231 dicit
1387 4176 1455 4231 de
1487 4183 1780 4246 potestate,
1828 4176 1914 4244 fac
1942 4174 2082 4245 quod

502 4267 692 4321 bonum
749 4276 823 4321 est
869 4275 917 4322 et
969 4267 1180 4322 habebis
1227 4266 1440 4322 Iaudem
1503 4284 1568 4323 ea:
1619 4285 1723 4333 ea,
1778 4266 1940 4323 altius
1991 4281 2081 4323 re—

501 4358 823 4427 quirendum
888 4358 1022 4413 mihi
1083 4359 1314 4415 videtur.
1381 4359 1501 4417 Non
1552 4360 1699 4416 enim
1752 4361 2084 4418 consuetudo

2182 3260 2483 3329 promereri
2538 3260 2866 3316 desiderent.
2919 3260 3119 3333 (Oi-ig.)
3162 3261 3391 3318 Ordinat
3433 3264 3655 3333 quidem,
3672 3280 3757 3334 per

2184 3350 2300 3404 haec
2324 3348 2522 3405 Paulus
2545 3349 2842 3406 Ecclesium
2883 3352 2999 3418 Dei,
3030 3360 3090 3406 ut
3121 3353 3257 3407 nihil
3281 3354 3495 3408 adversi
3521 3354 3757 3424 principi-

2182 3438 2285 3495 bus
2308 3449 2364 3495 et
2406 3442 2769 3510 potestatibus
2821 3443 3006 3498 saeculi
3054 3459 3269 3514 gerens,
3324 3459 3425 3514 per
3459 3446 3758 3515 quietemet

2184 3530 2632 3601 tranquillitatem
2661 3531 2807 3597 vitae,
2841 3548 2973 3602 opus
3013 3534 3237 3604 iustitiae
3261 3542 3318 3590 et
3363 3536 3589 3604 pietatis
3620 3550 3760 3590 exer-

2181 3632 2326 3680 ceat.
2350 3622 2409 3679 Si
2436 3625 2583 3679 enim
2608 3640 2896 3694 ponamus,
2920 3627 3070 3681 verbi
3091 3626 3289 3698 gratia,
3312 3626 3601 3684 credentes
3620 3626 3759 3683 Chri-

2182 3722 2267 3771 sto
2297 3716 2656 3786 poteStatibus
2690 3716 2875 3772 saeculi
2918 3732 3028 3772 non
3081 3733 3200 3786 esse
3225 3715 3544 3784 subjectos,
3576 3718 3759 3773 tributa

2182 3822 2292 3863 non
2313 3808 2557 3873 reddere,
2583 3824 2683 3866 nec
2704 3809 2985 3880 vectigalia
3009 3811 3309 3880 pensitare,
3341 3810 3472 3864 nulli
3500 3811 3756 3874 timorem,

2182 3893 2315 3955 nulli
2336 3901 2600 3958 honorem
2640 3900 2889 3969 deferre;
2934 3916 3113 3957 nonne
3158 3917 3257 3971 per
3284 3903 3403 3957 haec
3428 3913 3699 3961 rectorum
3716 3913 3763 3959 et

2180 3991 2487 4067 principum
2515 3992 2710 4048 merito
2736 3993 2795 4047 in
2816 3994 3138 4063 semetipsos
3174 4008 3328 4063 arma
3368 4005 3759 4060 converterent,

2183 4090 2240 4138 et
2259 4098 2633 4153 persecutores
2652 4085 2870 4155 quidem
2899 4101 3027 4141 suos
3046 4085 3409 4151 excusabiles,
3450 4087 3760 4157 semetipsos

2182 4188 2313 4229 vero
2338 4174 2634 4243 culpabiles
2665 4176 2949 4231 facerent?
2982 4174 3100 4231 Non
3131 4176 3273 4231 enim
3315 4174 3433 4244 jam
3484 4178 3632 4248 fidei,
3680 4181 3760 4236 sed

2182 4265 2537 4321 contumaciae
2564 4281 2730 4324 causa
2761 4253 3067 4337 impugnari
3096 4266 3428 4334 viderentur,
3456 4280 3515 4323 ct
3536 4281 3678 4327 esset
3694 4273 3759 4326 eis

2182 4367 2347 4413 causa
2366 4355 2583 4425 quidem
2610 4356 2804 4410 mortis
2826 4355 3284 4426 digna,_meritum
3313 4373 3443 4413 vero
3473 4361 3665 4415 mortis
3692 4362 3757 4415 in—

499 4446 582 4506 c'st
604 4450 1178 4545 ‘potestatibusszcculi
1227 4453 1328 4507 hos
1375 4452 1467 4523 qui
1508 4467 1619 4507 non
1666 4451 1869 4545 fuerint
1899 4452 2081 4545 crimi-
2105 4485 2156 4545 Β
2179 4445 2425 4545 dignum.
2451 4444 2678 4545 (Ambr.)
2697 4445 2762 4499 Et
2784 4445 3069 4545 ideo-recte
3080 4445 3232 4545 dicit,
3257 4447 3756 4545 subjectosessede-

498 4540 618 4594 nosi
653 4540 893 4595 laudare.
941 4540 1076 4595 Nam
1103 4550 1393 4611 peccantes
1427 4543 1643 4611 quidem
1668 4543 1917 4613 puniunt.
1958 4542 2077 4599 Non
2105 4536 2147 4545 "
2181 4538 2457 4602 bere,non
2477 4536 2649 4591 solum
2670 4545 2890 4606 propter
2904 4537 3060 4604 iram,
3078 4537 3131 4593 id
3145 4546 3250 4603 est,
3268 4537 3535 4594 ultionem
3550 4555 3755 4609 praesen.

498 4638 787 4701 peccantes
826 4645 959 4686 vero
994 4631 1218 4688 laudare
1243 4633 1323 4688 eis
1349 4648 1468 4689 mos
1496 4632 1677 4688 nullus
1695 4641 1798 4687 est.
1846 4632 1952 4688 Sed
1997 4634 2079 4688 vi-

500 4718 744 4785 deamus,
780 4734 847 4775 ne
867 4718 1005 4775 forte
1027 4719 1225 4777 Paulus
1253 4723 1418 4778 etiam
1465 4736 1588 4779 cum
1616 4720 1840 4778 moralia
1868 4723 2080 4778 videtur

502 4811 718 4877 docere,
756 4811 998 4868 inserere
1043 4826 1258 4884 semper
1282 4814 1449 4869 etiam
1478 4816 1544 4871 de
1572 4813 1846 4885 mysteriis
1876 4813 2078 4884 aliquid

502 4920 610 4960 non
629 4904 869 4960 omittat:
895 4904 1095 4961 etenim
1123 4904 1303 4981 sciens
1325 4906 1471 4975 quod
1504 4923 1522 4955 ι
1558 4920 1746 4961 omnes
1773 4906 1865 4977 qui
1883 4905 1938 4960 in
1961 4906 2079 4978 lege

500 5004 880 5065 peccaverunt,
894 5010 994 5066 per
1018 4996 1191 5068 legem
1222 4996 1629 5067 judicabuntur,
1660 5016 1677 5049 ι
1715 5013 2079 5069 unumquem-

504 5104 609 5159 que
632 5096 814 5143 autem
854 5089 911 5142 in
941 5086 1147 5157 judicio
1183 5086 1272 5143 illa
1297 5088 1384 5144 lex
1426 5088 1543 5145 sine
1571 5088 1733 5145 dubio
1774 5098 1964 5159 arguet
1994 5104 2081 5145 se-

505 5180 740 5235 cundum
792 5176 935 5247 quod
974 5178 1109 5233 vixit
1159 5178 1525 5249 (ostendimus
1587 5187 1767 5235 autem
1824 5179 2086 5249 Spiritum

506 5281 750 5327 sanctum
779 5270 835 5324 in
860 5269 1045 5325 multis
1079 5271 1330 5325 humanae
1362 5271 1468 5342 legi
1487 5272 1663 5327 locum
1683 5270 1936 5345 dedisse),
1963 5287 2083 5328 cer-

507 5371 621 5418 tum
645 5370 727 5417 est
760 5378 910 5432 ergo,
961 5362 1089 5432 quia
1121 5363 1187 5427 in
1216 5362 1301 5418 die
1340 5361 1532 5431 judicii
1559 5364 1780 5418 habebit
1811 5365 1976 5419 etiam
2016 5382 2082 5421 ex

508 5453 629 5509 istis
663 5451 868 5521 legibus
896 5452 1108 5507 laudern
1143 5456 1281 5523 apud
1310 5454 1478 5510 Deum
1528 5454 1575 5509 is
1610 5456 1700 5524 qui
1737 5456 1872 5511 nihil
1897 5466 2082 5512 contra

510 5551 741 5598 statutas
770 5542 1101 5609 commiserit
1122 5543 1286 5615 leges,
1312 5560 1436 5601 cum
1458 5545 1666 5601 dicetur
1691 5545 1739 5600 ei
1768 5563 1798 5599 a
1826 5548 2081 5605 Domino:

513 5632 682 5702 Euge,
707 5650 844 5689 serve
872 5636 999 5690 bone
1019 5646 1066 5690 et
1103 5635 1294 5705 ﬁdelis,
1349 5654 1505 5707 super
1529 5655 1697 5708 pauca
1725 5638 1873 5708 fuisti
1892 5640 2083 5708 ﬁdelis,

513 5738 668 5795 super
700 5726 865 5783 multa
886 5737 933 5783 te
975 5728 1282 5784 constituam
1333 5727 1546 5800 (Matth.
1592 5727 1738 5802 xxv).
1798 5730 2083 5790 Sciendum

2182 4635 2324 4693 tem;
2347 4627 2490 4698 parit
2504 4626 2649 4681 enim
2662 4628 2743 4682 ira
2769 4627 3057 4683 vindictam
3076 4645 3090 4693 ;
3113 4629 3206 4683 sed
3222 4637 3275 4683 et
3296 4638 3753 4700 propterluturum

2177 4718 2461 4788 judicium,
2492 4718 2617 4789 quia
2639 4719 2685 4774 si
2711 4718 2799 4774 hic
2818 4720 3112 4785 evaserint,
3140 4719 3249 4775 illic
3270 4734 3366 4775 eos
3386 4733 3556 4791 poena
3585 4738 3753 4794 exspe-

2184 4818 2317 4877 ctat,
2339 4810 2434 4865 ubi
2453 4818 2742 4867 accusante
2777 4811 2895 4881 ipsa
2924 4811 3255 4867 conscientia
3285 4812 3603 4881 punientur.
3633 4814 3752 4868 Nam

2184 4903 2386 4958 idcirco
2415 4902 2609 4957 tributa
2628 4903 2887 4973 penditis:
2918 4904 3147 4958 ministri
3168 4903 3306 4958 enim
3328 4902 3430 4959 Dei
3452 4916 3577 4960 sunt
3601 4908 3653 4959 in
3674 4907 3752 4959 hoc

2189 4994 2301 5063 ipso
2328 4994 2623 5049 servientes.
2648 4993 2772 5049 ldeo
2803 4994 2933 5049 dicit
2960 4992 3161 5049 tributa
3203 4997 3477 5063 praestari,
3529 4997 3616 5052 vel
3654 5010 3752 5066 quae

2190 5085 2444 5141 dicuntur
2464 5084 2766 5153 ﬁscalia,.ut
2785 5084 3171 5162 subjectionem
3189 5096 3469 5158 praestent,
3491 5106 3595 5160 per
3613 5107 3750 5161 quam

2191 5176 2481 5232 sciantnon
2497 5191 2557 5234 se
2574 5191 2694 5233 esse
2706 5176 2926 5246 liberos,
2943 5179 3037 5235 sed
3058 5178 3159 5235 sub
3172 5187 3445 5249 potestate
3456 5168 3640 5252 agere,
3652 5198 3749 5252 qua:

2193 5284 2258 5323 ex
2283 5266 2394 5324 Deo
2420 5278 2504 5325 est
2528 5287 2542 5325 :
2570 5268 2800 5340 principi
2820 5269 2965 5324 enim
3001 5285 3118 5337 suo,
3158 5270 3249 5339 qui
3288 5272 3461 5326 vicem
3500 5272 3600 5327 Dei
3638 5274 3748 5342 agit,

2192 5360 2333 5416 sicut
2344 5360 2453 5416 Deo
2465 5360 2843 5432 subjiciuntur,
2868 5359 3008 5416 sicut
3025 5360 3350 5416 dicitDaniel
3362 5362 3651 5434 propheta:
3673 5363 3750 5418 Da

2190 5460 2263 5507 est
2277 5452 2435 5519 enim,
2454 5452 2648 5521 inquit,
2662 5467 2878 5522 regnum
2893 5460 2940 5505 et
2961 5453 3045 5505 cui
3058 5450 3162 5506 vult
3174 5450 3318 5505 dabit
3331 5450 3468 5505 illud
3488 5451 3650 5522 (Dan.
3671 5455 3747 5521 iv);

2190 5544 2332 5599 unde
2345 5553 2399 5598 et
2411 5542 2695 5598 Dominus:
2712 5541 2951 5609 Reddite,
2966 5542 3060 5608 ait,
3074 5557 3190 5613 qua:
3205 5549 3325 5595 sunt
3335 5538 3568 5596 Ccesaris
3581 5540 3749 5595 Cassii

2194 5637 2346 5711 (Luc.
2372 5638 2485 5711 xx).
2512 5637 2649 5693 Huic
2671 5649 2805 5708 ergo
2820 5635 3294 5708 subjiciendisunt,
3314 5634 3458 5689 sicut
3479 5634 3611 5700 Deo,
3625 5633 3751 5704 cujus

2192 5736 2538 5809 stmjcctionis
2550 5733 2797 5807 probatio
2808 5732 3037 5803 haecest,
3051 5746 3171 5791 cum
3191 5729 3268 5789 illi
3285 5728 3534 5802 pendunt
3551 5727 3746 5788 tributa.
