3948 6374
215 350 361 411 1565

748 353 1300 412 ENARRATIONUM
1333 356 1400 411 ΙΝ
1439 357 1584 413 EPP.
1624 354 1830 412 PAULI
1863 355 1994 413 LIB.
2037 358 2147 415 VII.
2186 387 2260 401 —
2292 357 2362 414 IN
2398 357 2613 415 EPIST.
2652 359 2745 415 AD
2779 360 2945 417 ROM.

3342 368 3478 425 i566

286 462 507 519 Reddite
539 480 660 536 ergo
690 468 928 521 omnibus
980 468 1173 523 debita.
1231 468 1399 523 Reddi
1455 470 1567 524 vult
1594 471 1801 525 ah'om-
1827 475 1881 533 Α
1905 467 2353 525 Dominusinillis
2376 470 2585 527 duobus
2600 474 2880 543 prteceptis
2904 482 3071 530 totam
3094 476 3260 549 legem
3284 482 3479 550 pende-

210 552 375 609 nibus
401 553 604 620 debita,
654 555 780 624 quia
834 564 889 611 et
931 566 1176 627 potentes
1223 567 1350 611 sunt
1384 559 1655 615 debitores
1692 561 1796 614 mi-

209 647 439 704 noribus
491 656 551 702 ut
600 650 960 719 respondeant
1015 650 1471 705 meritisillorum.
1503 651 1601 705 Cui
1630 652 1800 704 tribu-

208 749 324 795 tum
337 740 587 795 tributum
599 757 620 807 ;
636 743 721 795 cui
731 740 947 811 uectigal
961 743 1196 812 vectigal.
1213 742 1449 797 Primum
1462 758 1525 797 ea
1536 757 1657 811 qua:
1676 750 1804 797 sunt

207 832 468 901 potestati
498 834 659 903 regite
692 833 873 888 debita
915 832 1118 889 exsolvi
1156 832 1329 901 jubet,
1357 833 1484 909 quia
1533 832 1715 907 “major
1743 832 1798 887 in

209 923 297 977 his
318 938 482 980 causa
518 932 613 979 aut
632 924 935 980 necessitas
976 932 1078 979 est.
1110 922 1207 979 Cui
1257 925 1493 978 timorem
1536 924 1794 977 timorem.

208 1010 485 1069 Timorem
510 1013 769 1085 potestati
794 1014 1182 1078 exhibendum,
1210 1014 1336 1082 quia
1365 1014 1527 1067 timor
1549 1005 1798 1081 prohibet

206 1113 516 1174 peccatum,
546 1105 741 1160 deinde
766 1113 859 1159 aut
884 1104 1115 1175 parenti,
1155 1113 1249 1158 aut
1300 1104 1520 1159 domino
1556 1113 1792 1184 terreno,

203 1203 268 1250 ut
308 1198 511 1267 gratias
537 1206 663 1267 agat
689 1197 743 1250 in
794 1196 941 1262 lilio,’
980 1206 1074 1251 aut
1111 1210 1269 1251 servo
1316 1196 1645 1252 Christiano.
1698 1196 1796 1249 Cui

204 1284 455 1341 honorem
481 1287 750 1341 honorem.
802 1286 986 1341 Potest
1027 1286 1117 1343 hic
1145 1288 1317 1355 honor
1337 1287 1499 1342 etiam
1527 1287 1671 1342 circa
1704 1300 1797 1340 eos

201 1388 327 1431 esse
355 1377 448 1445 qui
478 1376 737 1431 sublimes
790 1376 1042 1432 videntur
1096 1376 1399 1449 inmundo,
1446 1384 1506 1429 ut
1552 1376 1795 1430 videntes

202 1467 570 1523 humilitatem
592 1483 872 1523 servorum
900 1467 1124 1533 Christi,
1156 1468 1378 1522 laudent
1425 1466 1605 1535 potius
1629 1480 1792 1534 quam

198 1558 512 1629 vituperent
553 1558 921 1630 evangelieam
971 1559 1332 1628 disciplinam.
1380 1558 1593 1612 Nemini
1642 1558 1793 1627 quid-

197 1663 361 1718 quam
385 1648 615 1703 debeatis
647 1649 763 1701 nisi
787 1658 841 1700 ut
884 1648 1099 1702 invicem
1147 1648 1401 1717 diligatis.
1456 1647 1650 1701 Pacem
1681 1648 1792 1700 vult

196 1753 300 1793 nos
324 1738 546 1804 habere,
569 1740 614 1794 si
642 1738 759 1793 ﬁeri
783 1748 980 1809 potest,
1005 1756 1128 1795 cum
1150 1742 1423 1805 omnibus,
1447 1740 1787 1795 dilectionem

1904 576 1964 614 re
1985 561 2118 616 dicit
2137 570 2193 616 ct
2219 574 2408 616 omnes
2426 564 2731 632 pr0phetas,
2745 564 2799 619 id
2818 565 2977 620 estin
3003 567 3288 624 dilectione
3315 567 3482 626 Dei'et

1901 651 2134 718 proximi
2161 649 2374 719 (Matth.
2399 651 2560 724 χχιι).
2596 652 2749 709 Un‘de
2775 664 2831 710 et
2855 655 2987 726 ipse,
3016 658 3111 727 qui
3140 658 3313 729 legem
3339 662 3485 718 venit

1901 738 2143 810 implere,
2170 741 2511 798 dilectionem
2546 744 2767 800 donavit
2792 763 2887 817 per
2917 747 3177 818 Spiritum
3206 759 3475 820 sanctum,

1900 839 1959 885 ut
1983 832 2128 915 quod
2152 841 2311 888 antea
2350 833 2515 890 timor
2561 835 2782 907 implere
2830 854 2935 892 non
2982 848 3214 909 poterat,
3245 843 3482 901 Charitas

1899 923 2241 989 postmodum
2269 922 2537 994 impleret.
2564 924 2691 981 lude
2716 936 2801 981 est
2832 936 2889 981 et
2916 928 3045 983 illud
3070 928 3310 1003 ejusdem
3338 934 3481 1003 Apo—

1897 1011 2020 1066 stoli
2046 1030 2058 1065 :
2092 1010 2375 1068 Plenitudo
2402 1024 2578 1071 autem
2605 1015 2731 1087 legis
2763 1018 3027 1072 charitas:
3052 1030 3108 1075 et
3134 1022 3265 1077 illud
3289 1042 3301 1075 :
3326 1022 3481 1079 Finis

1897 1110 2071 1153 autem
2092 1103 2335 1172 prwcepti
2359 1115 2434 1158 est
2461 1095 2690 1176 charilas
2712 1109 2774 1161 de
2800 1109 2955 1163 corde
2972 1127 3124 1180 puro,
3151 1122 3197 1165 et
3219 1117 3482 1171 conscien-

1897 1191 1969 1243 tia
1995 1190 2149 1256 boua,
2174 1200 2221 1245 et
2241 1192 2344 1260 ﬁde
2380 1210 2483 1247 non
2513 1196 2636 1263 ficta
2680 1195 2730 1267 (l
2766 1194 2899 1252 Tim.
2924 1200 2984 1269 l).
3033 1198 3239 1274 [Amb.]
3286 1202 3487 1277 Legem

1896 1281 2075 1334 datam
2107 1298 2136 1334 a
2168 1280 2348 1352 Moyse
2401 1285 2604 1355 implet,
2657 1288 2749 1358 qui
2782 1289 2951 1360 diligit
2977 1293 3311 1361 proximum;
3357 1312 3482 1352 nam

1894 1391 2048 1431 nova:
2096 1376 2227 1447 legis
2270 1380 2581 1435 mandatum
2624 1391 2705 1437 est
2748 1384 2912 1437 etiam
2957 1385 3207 1442 inimicos
3238 1389 3478 1459 diligere.

1968 1466 2109 1520 Nam
2163 1466 2284 1521 Non
2322 1469 2677 1537 adulterabis,
2723 1473 2845 1527 Non
2884 1476 3124 1543 occides,
3157 1477 3281 1532 Non
3337 1481 3479 1547 fura-

1893 1557 2029 1611 beris
2053 1598 2068 1623 ,
2096 1558 2221 1613 Non
2252 1559 2449 1628 falsum
2504 1563 2852 1617 testimonium
2882 1566 3021 1620 dices
3044 1608 3058 1632 ,
3115 1567 3238 1621 Non
3288 1586 3482 1623 concu-

1890 1649 2055 1717 pisces
2079 1689 2093 1713 ,
2119 1658 2167 1702 et
2207 1650 2253 1703 si
2291 1650 2534 1720 quodest
2563 1652 2711 1708 aliud
2734 1653 3040 1707 mandatum
3072 1656 3176 1710 hoc
3216 1658 3365 1711 verba
3406 1661 3484 1712 in-

1892 1748 2206 1792 stauratnr‘:
2257 1738 2454 1809 Diliges
2500 1743 2799 1811 proximum
2847 1755 2997 1797 tuum
3054 1746 3186 1800 sicut
3240 1749 3478 1818 teipsum.

196 1842 330 1885 vero
356 1845 476 1885 eum
503 1828 785 1896 fratribus,
824 1840 878 1885 et
926 1832 1067 1886 hanc
1116 1841 1295 1885 tamen
1321 1833 1525 1886 honore
1553 1839 1783 1886 servato.
1819 1818 1864 1876 Β
1895 1828 2089 1900 (Orig)
2125 1829 2193 1883 Et
2215 1830 2283 1885 ad
2309 1822 2558 1887 ultimum
2582 1834 2845 1889 rationem
2878 1837 3008 1890 tanti
3038 1838 3195 1909 hujus
3214 1839 3338 1895 boni
3359 1843 3483 1897 bre-

194 1920 406 1976 ldcirco
427 1930 608 1977 autem
654 1921 926 1977 debitores
975 1923 1126 1987 dicit,
1173 1923 1300 1993 quia
1345 1922 1551 1977 homini
1582 1922 1673 1990 qui
1704 1921 1786 1974 di-

195 2026 337 2082 gnus
377 2014 584 2068 honore
626 2020 709 2067 est
740 2013 855 2066 sive
887 1995 1155 2081 praesente
1199 2014 1315 2068 sive
1341 2011 1543 2075 futuro,
1570 2012 1789 2082 dignum

193 2108 359 2155 estet
383 2102 625 2155 debitum
657 2100 930 2155 inclinari.
986 2100 1065 2154 Illi
1088 2100 1234 2155 enim
1270 2101 1393 2169 quis
1419 2093 1730 2165 inclinatur,
1759 2113 1791 2153 a

194 2204 308 2260 quo
334 2191 596 2245 honorem
629 2182 859 2261 accepit,
912 2190 1033 2245 ideo
1062 2190 1276 2245 debitor
1312 2190 1530 2256 dicitur;
1562 2190 1606 2243 si
1646 2190 1788 2244 enim

191 2295 305 2336 non
332 2281 436 2336 hoc
465 2282 659 2336 feceris
686 2280 914 2350 principi
948 2290 1057 2347 tuo,
1101 2283 1365 2351 superbus
1411 2296 1490 2345 es,
1522 2288 1615 2334 aut
1641 2281 1785 2335 enim

192 2374 393 2429 merito
422 2374 562 2443 quis,
597 2383 689 2427 aut
718 2382 878 2429 aetate
917 2374 1265 2429 honorandus
1294 2384 1399 2429 est.
1440 2372 1637 2444 (0rig.)
1681 2372 1787 2428 Sed

192 2472 382 2520 tamen
404 2458 509 2520 hoc
532 2465 706 2534 ipsum
731 2466 872 2535 quod
895 2466 1062 2520 dicit:
1090 2465 1305 2520 Reddite
1330 2465 1503 2519 debita
1527 2465 1783 2530 omnibus,

194 2556 282 2609 cui
305 2555 557 2609 tributum
608 2556 892 2614 tributum;
943 2557 1027 2608 cui
1076 2556 1291 2625 vectigal
1320 2556 1559 2625 vectigal,
1605 2557 1782 2621 abeo,

194 2643 342 2713 quod
370 2643 423 2697 in
450 2644 801 2713 sequentibus
820 2643 1059 2708 additur,
1090 2662 1108 2693 ‹
1132 2644 1218 2698 cui
1238 2644 1485 2697 timorem
1511 2643 1782 2707 timorem,

196 2736 286 2790 cui
313 2734 572 2790 honorem
611 2736 893 2800 honorem,
929 2756 947 2787 ι
970 2736 1197 2790 divisum
1223 2736 1355 2790 mihi
1378 2736 1609 2801 videtur,
1636 2746 1690 2791 ct
1717 2737 1786 2792 ad

192 2841 289 2882 eos
315 2827 531 2897 quidem
576 2842 711 2896 quos
734 2842 894 2896 supra
926 2828 1161 2881 diximus
1190 2827 1484 2891 ministros,
1510 2829 1785 2896 pertinere

194 2917 402 2971 tributa
430 2927 485 2972 et
502 2916 816 2987 vectigalia;
850 2918 1072 2987 exigunt
1097 2918 1243 2973 enim
1284 2920 1351 2973 de
1401 2918 1558 2974 nobis
1584 2919 1782 2975 tributa

196 3015 358 3063 terrae
374 3016 572 3063 nostrae
584 3016 638 3062 et
651 3007 933 3078 vectigalia
948 3008 1328 3079 negotiationis
1341 3016 1558 3063 nostrae.
1577 3008 1644 3062 Et
1656 3010 1783 3078 quid

194 3102 319 3157 dico
346 3101 413 3157 de
434 3102 624 3158 nobis?
671 3112 896 3157 exactus
920 3112 1004 3157 est
1044 3103 1304 3159 tributum
1337 3104 1501 3158 etiam
1522 3103 1782 3159 Dominus

190 3202 383 3248 noster
422 3192 579 3248 Jesus
629 3193 881 3248 Christus
933 3195 986 3248 in
1029 3210 1194 3250 carne
1228 3195 1461 3264 positus,
1507 3196 1653 3264 quod
1700 3196 1780 3250 id-

190 3283 344 3338 circo
388 3298 446 3339 se
502 3284 633 3338 dicit
681 3284 995 3351 exsolvere,
1055 3300 1164 3340 non
1214 3285 1358 3355 quod
1412 3284 1626 3340 debitor
1671 3286 1780 3353 sit,

190 3373 294 3429 sed
350 3388 418 3429 ne
476 3375 802 3430 scandalizet
858 3391 952 3431 eos
1010 3375 1245 3445 (Matth.
1286 3376 1465 3449 xvn).
1531 3376 1682 3444 Quod
1734 3380 1780 3433 si

191 3460 286 3517 ille
314 3463 406 3533 qui
452 3463 586 3517 nihil
614 3463 848 3519 habebat
893 3466 947 3519 in
996 3481 1054 3520 se
1103 3465 1369 3533 Caesaris,
1404 3467 1460 3521 in
1492 3483 1599 3537 quo
1635 3469 1785 3538 prin-

188 3566 324 3623 ceps
371 3552 530 3622 hujus
579 3554 763 3609 mundi
809 3554 1030 3610 veniens
1081 3571 1189 3611 non
1243 3556 1445 3610 invenit
1490 3558 1781 3627 quidquam

188 3640 380 3715 (loan.
432 3643 547 3713 xxv)
600 3645 665 3698 de
711 3645 845 3710 suis,
892 3660 1014 3699 cum
1064 3644 1202 3699 liber
1250 3653 1426 3709 esset,
1469 3645 1628 3701 solvit
1686 3646 1782 3701 tri-

190 3736 387 3791 butum
418 3733 599 3804 (venit
625 3735 769 3789 enim
796 3743 849 3787 et
890 3734 945 3788 in
972 3744 1221 3800 mortem,
1255 3745 1313 3791 ut
1334 3744 1477 3790 esset
1511 3746 1561 3791 et
1594 3756 1611 3786 ι
1645 3736 1784 3792 inter

188 3833 438 3879 mortuos
485 3822 661 3894 liber),
700 3844 718 3876 ι
750 3834 951 3892 quanto
986 3827 1157 3895 magis
1184 3841 1280 3881 nos
1319 3842 1543 3882 necesse
1568 3836 1651 3882 est
1678 3828 1781 3882 ista

191 3915 399 3970 tributa
429 3914 609 3967 carnis
648 3913 952 3983 expendere
978 3922 1032 3970 et
1079 3916 1455 3985 negotiationis
1491 3926 1705 3985 nostrae,
1737 3920 1781 3972 si

192 4017 379 4063 tamen
425 4006 761 4077 negotiamur
808 4007 1132 4077 margaritas
1178 4010 1326 4079 regni
1362 4008 1642 4082 cmlorum,
1688 4027 1784 4081 per

190 4097 438 4152 diversas
477 4096 804 4151 tentationes
850 4098 1191 4168 exigentibus
1239 4115 1338 4154 nos
1388 4102 1666 4170 spiritibus
1691 4118 1781 4157 ve—

191 4188 412 4259 ctigalia
462 4188 769 4257 pensitare!
827 4186 1099 4243 Timorem
1146 4186 1276 4245 vero
1324 4199 1380 4244 et
1423 4190 1685 4245 honorem
1716 4192 1783 4246 ad

192 4278 346 4333 illum
378 4279 557 4348 potius
580 4278 785 4332 referre
811 4278 1088 4343 debemus,
1114 4280 1205 4348 qui
1256 4280 1385 4333 dicit
1413 4295 1510 4350 per
1552 4281 1783 4351 prOphe—

194 4379 309 4425 tam
334 4389 346 4424 :
382 4369 571 4423 Nonne
618 4369 897 4423 Dominum
923 4380 969 4423 et
997 4367 1207 4424 Patrem
1237 4371 1427 4423 vocatis
1457 4372 1584 4422 me?
1628 4368 1697 4422 Et
1738 4374 1782 4425 si

191 4460 452 4516 Dominus
475 4476 567 4528 ego
597 4476 735 4525 sum,
766 4460 852 4513 ubi
902 4468 975 4514 est
1001 4462 1156 4513 timor
1202 4448 1385 4513 meus?
1427 4458 1495 4512 Et
1546 4461 1595 4515 si
1621 4458 1783 4514 Pater
1808 4496 1861 4556 D

193 4568 331 4615 sum,
355 4550 442 4604 ubi
467 4559 540 4604 est
567 4551 734 4603 honor
753 4566 897 4604 meus
916 4553 941 4602 ξ)
963 4548 1216 4622 (ΜαιιιεΙι.
1242 4551 1305 4621 ι.)
1332 4550 1631 4606 Posteriora
1654 4567 1783 4608 sane

194 4660 317 4715 qua:
340 4643 509 4708 addit,
537 4664 555 4695 ι
575 4652 634 4697 ιιι
665 4643 865 4697 nemini
882 4644 1171 4712 quidquam
1198 4644 1507 4709 debeamus,
1533 4665 1549 4695 ι
1573 4654 1779 4700 eertum

192 4747 277 4790 est
302 4735 370 4789 ad
399 4734 675 4788 ministros
701 4733 908 4799 referri,
946 4735 1141 4803 quibus
1167 4735 1377 4788 debitor
1404 4735 1525 4803 quis
1553 4736 1783 4789 ellicitur

192 4840 316 4880 cum
347 4825 688 4893 peccaverit;
744 4824 983 4877 debitum
1038 4826 1181 4877 enim
1235 4832 1512 4893 peccatum
1565 4839 1685 4879 esse
1725 4826 1780 4880 in

192 4913 380 4969 multis
400 4921 455 4968 et
478 4911 789 4981 frequenter
840 4913 1189 4967 ostendimus.
1244 4912 1371 4965 Vult
1408 4928 1537 4983 ergo
1582 4911 1779 4969 Paulus

191 5002 402 5075 peccati
445 5003 663 5072 quidem
710 5016 867 5056 omne
896 5002 1132 5055 debitum
1169 5001 1322 5067 solvi,
1352 5017 1451 5056 nec
1501 5016 1782 5059 remanere

193 5092 417 5147 omnino
442 5092 581 5160 apud
603 5106 700 5147 nos
726 5091 964 5145 debitum
993 5092 1228 5160 peccati:
1261 5106 1577 5161 permanere
1599 5100 1780 5148 tamen

193 5191 249 5239 et
280 5197 557 5250 nunquam
589 5197 805 5237 cessare
836 5198 866 5235 a
898 5182 1052 5236 nobis
1072 5182 1305 5236 debitum
1336 5166 1637 5237 charitati's.
1666 5183 1780 5239 lloc

193 5272 419 5327 enimet
448 5271 687 5339 quotidie
720 5272 928 5325 solvere
959 5281 1013 5325 et
1038 5270 1273 5343 semper
1318 5272 1515 5327 debere
1562 5275 1778 5344 expedit

194 5362 371 5417 nobis.
403 5362 641 5431 Denique
662 5371 877 5430 quanta:
912 5363 1124 5418 virtutis
1149 5364 1217 5417 sit
1242 5364 1476 5417 eharitas
1503 5365 1554 5417 in
1585 5382 1773 5420 conse-

195 5454 487 5522 quentibus
513 5452 681 5520 ponit.
718 5452 820 5517 Qui
870 5456 1005 5506 enim
1048 5455 1214 5524 diligit
1258 5446 1572 5525 proximum,
1615 5458 1772 5528 legem

194 5545 444 5616 implevit.
472 5545 653 5617 (Aug)
682 5545 831 5612 Quod
880 5556 1058 5601 autem
1112 5550 1263 5613 dicit,
1307 5552 1395 5618 qui
1436 5553 1569 5605 enim
1608 5554 1775 5623 diligit

194 5637 515 5709 proiimttm,
538 5638 698 5709 legem
725 5638 972 5707 implevit,
999 5642 1231 5694 ostendit
1259 5644 1775 5697 consunnnationem

198 5727 395 5802 legisin
413 5729 697 5787 dilectione
711 5732 958 5801 positam,
986 5731 1036 5786 id
1050 5740 1148 5795 est,
1171 5732 1222 5785 in
1249 5732 1529 5787 eharitate.
1556 5735 1635 5789 [ιε
1662 5738 1704 5789 Te
1728 5758 1736 5772 ι
1764 5746 1773 5765 ·

1892 1922 2033 1975 viter
2079 1921 2356 1993 colligens,
2413 1924 2534 1979 ait:
2588 1925 2811 1981 Dilectio
2862 1931 3086 1997 proximi
3132 1932 3331 1985 malum
3378 1947 3481 1987 non

1894 2022 2160 2080 operatur,
2192 2011 2462 2082 plenitudo
2492 2031 2613 2085 ergo
2655 2015 2781 2086 legis
2807 2026 2882 2070 est
2912 2006 3139 2073 dilectio.
3193 2021 3367 2092 Supra
3398 2024 3481 2078 di-

1893 2109 2046 2156 xerat
2094 2102 2219 2173 quia
2268 2103 2360 2173 qui
2402 2102 2572 2175 diligit
2621 2108 2917 2177 proximum
2946 2108 3106 2178 legem
3152 2110 3480 2178 implevit;ct

1890 2193 2016 2261 quia
2047 2184 2260 2248 dilliéile
2288 2194 2572 2249 videbatur
2612 2198 2879 2266 quomodo
2922 2200 3092 2266 possit
3116 2201 3238 2269 quis
3262 2217 3478 2258 omnem

1888 2283 2060 2352 legem
2089 2285 2143 2338 in
2173 2300 2278 2339 uno
2300 2286 2572 2355 complere
2600 2302 2871 2354 sermone,
2896 2290 3265 2358 plenissimam
3304 2296 3481 2349 reddit

1891 2375 2155 2429 rationem
2180 2376 2386 2442 dicens,
2417 2375 2627 2431 dilectio
2652 2380 2880 2448 proximi
2922 2380 3117 2435 malum
3166 2400 3268 2438 non
3293 2403 3477 2454 opera-

1891 2472 1997 2517 tur.
2050 2464 2119 2518 Et
2146 2464 2266 2519 ideo
2302 2465 2571 2535 plenitudo
2604 2466 2729 2537 legis
2777 2478 2853 2522 est
2879 2470 3108 2524 dilectio.
3156 2472 3301 2528 Pone
3330 2476 3475 2530 enim

1885 2568 1984 2622 per
2008 2553 2217 2623 singula
2242 2555 2494 2610 mandata
2537 2556 2673 2628 legis
2702 2557 3065 2627 dilectionem,
3091 2571 3147 2616 et
3183 2563 3303 2619 vi'de
3349 2567 3474 2633 quia

1888 2642 2044 2699 facile
2066 2654 2259 2699 cuncta
2280 2646 2635 2715 complentur.
2689 2645 2938 2717 Nunquid
2965 2651 3055 2718 qui
3078 2651 3249 2721 diligit
3286 2655 3473 2722 proxi-

1888 2748 2034 2787 mum
2065 2734 2310 2788 occidere
2352 2748 2474 2788 eum
2520 2736 2731 2805 potest?
2779 2748 2986 2792 certum
3026 2748 3110 2793 est
3144 2741 3268 2809 quia
3315 2757 3476 2801 nemo

1886 2836 2045 2889 quem
2075 2822 2249 2892 diligit
2297 2824 2583 2878 interﬁciat
2608 2843 2619 2878 :
2650 2834 2733 2880 est
2772 2842 2900 2896 ergo
2945 2828 3159 2884 dilectio
3187 2846 3285 2899 per
3313 2848 3473 2901 quam

1887 2911 2174 2980 impleatur
2224 2912 2536 2967 mandatum
2566 2929 2671 2983 quo
2699 2918 3040 2986 praecipitur,
3076 2918 3199 2973 Non
3249 2924 3467 2979 occides.

1887 3003 1955 3058 Et
1984 3004 2201 3071 iterum,
2249 3006 2490 3074 nunquid
2533 3007 2625 3075 qui
2670 3009 2974 3077 proximum
3003 3026 3159 3066 suum
3194 3014 3388 3085 diligit,
3418 3018 3471 3071 in

1887 3113 2112 3152 uxorem
2138 3096 2255 3165 ejus
2286 3098 2605 3153 adulterium
2656 3102 2983 3156 committit?
3022 3102 3139 3158 Non
3186 3107 3471 3174 profecto:

1884 3190 1929 3245 si
1952 3204 2084 3272 ergo
2110 3189 2304 3257 diligas
2335 3190 2661 3259 proximum,
2684 3206 2784 3245 nec
2804 3192 3125 3246 adulterium
3149 3201 3471 3253 connnittes.

1886 3279 2149 3334 Similiter
2175 3291 2230 3334 et
2259 3280 2350 3348 qui
2380 3281 2549 3350 diligit
2561 3282 3036 3350 proximum-quae
3062 3282 3175 3349 ejus
3213 3296 3338 3339 sunt
3368 3304 3474 3343 non

1883 3368 2116 3437 furatur,
2160 3386 2214 3426 et
2262 3372 2355 3441 qui
2383 3372 2554 3441 diligit
2596 3373 2923 3442 proximum,
2966 3374 3156 3428 falsum
3188 3376 3475 3434 adversum

1885 3476 2009 3517 eum
2042 3463 2407 3520 testimonium
2438 3480 2545 3520 non
2572 3466 2733 3520 dicit:
2761 3466 3008 3524 similiter
3029 3476 3083 3521 et
3105 3478 3298 3525 caetera
3326 3488 3476 3527 man-

1884 3553 2029 3619 data,
2073 3555 2120 3610 si
2173 3556 2245 3610 sit
2291 3570 2416 3626 erga
2460 3557 2766 3626 proximum
2826 3556 3058 3624 dilectio,
3106 3558 3311 3630 absque
3367 3564 3474 3620 alio

1882 3641 2071 3700 labore
2098 3654 2402 3699 servantur.
2437 3638 2634 3716 (Amb.)
2686 3646 2809 3702 Ideo
2845 3649 2989 3703 enim
3028 3652 3169 3719 quod
3202 3668 3473 3710 summum

1883 3743 1968 3789 est
1986 3734 2119 3806 legis
2141 3745 2423 3803 memorat,
2448 3746 2505 3791 ut
2531 3738 2658 3799 huic
2680 3738 3030 3809 Evangelium
3064 3742 3255 3809 societ,
3270 3756 3474 3800 .osten-

1885 3823 2017 3878 deus
2048 3823 2207 3877 unius
2233 3839 2355 3878 esse
2380 3840 2595 3879 sensum
2626 3827 2882 3882 auctoris.
2929 3826 3033 3882 Sed
3062 3829 3187 3897 quia
3232 3840 3474 3902 tempore

1884 3911 2088 3968 Christi
2113 3913 2235 3968 addi
2265 3913 2465 3985 aliquid
2516 3916 2777 3984 oportuit,
2823 3933 2927 3981 non
2957 3918 3129 3972 solum
3173 3922 3467 3990 proximos,

1884 4002 1979 4057 sed
2007 4005 2257 4059 inimicos
2288 4006 2511 4076 diligere
2542 4009 2816 4078 praecepit.
2871 4008 3023 4064 Unde
3048 4012 3315 4078 subditur,
3363 4016 3472 4085 ple-

1887 4094 2070 4148 nitudo
2095 4094 2221 4166 legis
2246 4106 2319 4149 est
2347 4095 2575 4149 dilectio.
2622 4097 2692 4154 Ut
2735 4096 2944 4166 justitia
2973 4100 3042 4153 sit
3089 4100 3314 4172 diligere
3343 4119 3470 4173 pro-

1886 4184 2110 4251 ximum,
2136 4186 2416 4241 abundans
2450 4204 2579 4243 vero
2606 4197 2661 4243 et
2684 4187 2921 4259 perfecta
2944 4189 3153 4259 justitia
3181 4194 3343 4247 etiam
3372 4196 3473 4250 ini-

1884 4274 2057 4330 micos
2086 4273 2344 4346 diligere:
2403 4278 2678 4334 inimicum
2726 4290 2904 4335 autem
2948 4280 3187 4350 diligere,
3219 4286 3347 4353 quid
3389 4297 3474 4342 est

1886 4363 2055 4430 aliud,
2080 4381 2241 4435 quam
2268 4374 2456 4436 optare
2489 4368 2732 4423 desinere
2766 4370 2914 4423 illum
2959 4372 3026 4424 ab
3072 4370 3195 4426 odio
3235 4382 3291 4427 et
3338 4376 3473 4430 nihil

1888 4468 2138 4524 asperum
2164 4465 2349 4526 petere
2378 4458 2634 4514 adversus
2682 4460 2851 4525 illum,
2897 4461 3002 4515 hoc
3041 4471 3144 4527 est,
3197 4479 3380 4519 amare
3412 4467 3473 4520 il-

1889 4545 2023 4612 lum,
2050 4562 2114 4601 ea
2146 4546 2220 4601 illi
2242 4557 2450 4617 optare,
2479 4566 2576 4620 per
2601 4568 2720 4620 qua:
2744 4552 2909 4606 Deum
2933 4553 3127 4606 habeat
3145 4556 3472 4624 propitium?

1889 4637 2015 4693 ΙΙωο
2040 4647 2124 4692 est
2148 4639 2387 4695 cmlestis
2410 4640 2639 4708 justitia,
2668 4643 2781 4696 haic
2816 4642 2925 4696 Deo
2969 4642 3107 4709 patri
3162 4644 3367 4699 similes
3396 4650 3473 4700 fa-

1888 4730 1983 4796 cit,
2038 4730 2161 4799 quia
2213 4746 2317 4786 non
2358 4731 2656 4811 colentibus
2702 4746 2759 4785 se
2808 4746 2983 4784 annua
3032 4732 3171 4785 dona
3223 4732 3469 4803 largitur.

1888 4819 2023 4874 Nam
2054 4827 2108 4873 et
2160 4819 2417 4874 Dominus
2448 4821 2501 4874 in
2546 4820 2706 4875 cruce
2735 4820 2939 4891 positus
2966 4820 3200 4889 postulat
3224 4837 3323 4890 pm
3364 4824 3471 4877 ini-

1886 4913 2065 4977 micis,
2097 4921 2157 4967 ut
2194 4912 2581 4983 plenitudinem
2621 4914 2862 4985 justitiar,
2890 4930 3051 4984 quam
3092 4914 3352 4968 docuerat
3380 4914 3480 4967 de-

1890 5014 2243 5062 monstraret.
2272 5005 2468 5077 (0rig.)
2492 5007 2628 5062 Puto
2650 5016 2827 5061 tamen
2856 5006 2996 5074 quod
3019 5013 3073 5059 et
3097 5004 3151 5057 in
3175 5005 3277 5058 hoc
3304 5002 3487 5056 voluit

1888 5111 1985 5152 nos
2011 5096 2301 5167 Apostolus
2342 5097 3022 5168 aliquidcompendiosius
3050 5096 3279 5151 discere.
3334 5093 3494 5146 Nam

1886 5187 1930 5242 si
1960 5188 2268 5258 diligentius
2292 5191 2539 5258 requiras
2564 5190 2653 5261 qui
2680 5190 2750 5243 sit
2769 5189 3045 5257 proximus
3066 5194 3270 5252 noster,
3289 5184 3500 5240 disces

1886 5279 1954 5333 ab
1984 5280 2274 5350 Evangelio
2306 5279 2457 5350 (Luc.
2481 5279 2537 5351 χ)
2565 5280 2713 5334 illum
2742 5293 2860 5333 esse
2885 5276 3189 5348 proximum
3220 5280 3509 5329 nostrum

1884 5368 1976 5436 qui
1997 5368 2145 5422 venit
2170 5378 2224 5423 et
2249 5367 2494 5437 iacentes
2523 5385 2620 5424 nos
2664 5368 3073 5433 vulneratosque
3104 5380 3134 5418 a
3165 5357 3514 5419 latronibus

1885 5466 1938 5511 et
1960 5457 2189 5513 nudatos
2208 5474 2238 5511 a
2264 5457 2597 5513 daemonibus
2620 5457 2863 5526 jumento
2898 5454 3136 5523 corporis
3164 5455 3247 5507 sui
3276 5460 3513 5517 super-

1883 5549 2081 5617 posuit,
2130 5558 2183 5602 et
2233 5550 2299 5603 ad
2330 5548 2603 5603 stabulum
2640 5545 2893 5601 Ecclesia:
2923 5543 3133 5607 detulit,
3175 5552 3231 5597 et
3284 5535 3519 5594 stabu-

1884 5640 2017 5693 lario
2044 5655 2142 5708 pro
2171 5655 2297 5693 cura
2342 5651 2399 5693 et
2442 5639 2721 5709 diligentia
2754 5637 2856 5707 (vel
2885 5636 2983 5704 ipsi
3021 5633 3184 5687 Paulo
3211 5632 3296 5687 vel
3325 5621 3509 5683 omni

1885 5737 1971 5804 Qui
2000 5735 2249 5789 Ecclesia:
2278 5732 2505 5804 υνωυδι)
2536 5734 2673 5788 duos
2716 5729 2961 5785 denarios
2988 5725 3117 5781 Novi
3162 5742 3224 5786 ac
3256 5714 3509 5778 Veteris
