3948 6374
149 390 174 446 1
186 387 294 446 569

685 375 1239 437 ENARRATIONUM
1276 374 1345 431 IN
1380 372 1532 431 EPP.
1569 369 1777 430 PAUL:
1810 369 1943 428 LIB.
1985 367 2101 430 γη.
2137 379 2211 419 -'—
2246 371 2318 430 IN
2354 371 2575 430 EPIST.
2610 373 2702 434 AD
2742 376 2894 432 Βυιι

3285 375 3427 434 1570

149 513 349 575 tenuit,
373 502 732 576 caligantibus
772 510 929 558 aetate
973 499 1180 576 oculis,
1213 497 1279 551 ad
1319 493 1546 549 videnda
1576 491 1735 560 longe
1761 487 1816 548 Α
1839 497 1962 545 est:
1999 489 2296 556 Eccenu'nc
2322 501 2522 562 tempus
2549 502 2846 564 acceptum,
2883 510 3000 550 ecce
3025 509 3162 550 nunc
3192 495 3302 552 dies
3331 514 3421 553 sa-

1173 575 1180 585 I

149 608 273 670 post
300 607 524 654 ventura
554 594 797 652 dilatavit
823 591 978 665 (Gen.
1011 589 1202 659 xxvn).
1246 587 1369 643 Haec
1395 585 1562 641 Jaeob
1592 597 1740 638 com-

147 691 308 762 pulit,
350 699 408 742 et
430 686 691 742 amissum
721 686 923 740 bonum
951 681 1120 734 ﬁlium
1166 677 1476 733 medullitus
1523 687 1741 743 gemere

151 789 208 837 et
235 792 528 840 pravorum
557 777 793 832 ﬁliorum
816 773 1160 844 praesentiam
1209 770 1308 825 sub
1334 767 1742 838 aequanimitate

150 870 388 926 to'lerare
422 866 576 938 (Gen.
601 881 812 930 xxxvii,
843 863 1094 932 xxxvm).
1144 860 1270 916 Haec
1315 858 1514 928 Juseph
1561 855 1745 910 docuit

150 975 182 1017 a
205 958 470 1015 fratribus
490 957 882 1022 venundatum,
911 962 968 1009 et
994 945 1245 1009 libertate
1289 949 1457 1006 animi
1511 945 1742 1001 infracta

149 1053 432 1108 servitium
461 1049 691 1120 perpeti,
740 1054 797 1101 et
844 1045 1051 1123 eisdem
1094 1051 1218 1112 post
1246 1040 1506 1096 fratribus
1559 1044 1743 1092 mente

150 1156 256 1196 non
270 1142 412 1195 elata
427 1137 724 1209 principari
738 1136 892 1208 (Gen.
907 1149 1134 1199 xxxvm,
1153 1132 1363 1204 χχχιχ).
1382 1131 1506 1186 liam
1523 1130 1741 1200 Moysen

149 1235 499 1300 delinquente
519 1228 739 1299 populo,
764 1234 821 1282 et
838 1240 1011 1294 usque
1034 1225 1101 1280 ad
1123 1223 1440 1295 petitionem
1472 1236 1583 1276 sua:
1605 1234 1745 1273 mor-

149 1324 224 1380 tis
249 1323 305 1384 in
358 1319 613 1394 precibus
668 1318 965 1391 prostravit
991 1316 1187 1389 (Exod.
1224 1315 1439 1387 χχχιι),
1472 1322 1527 1368 ει
1573 1325 1747 1382 usque

147 1413 218 1469 ad
258 1409 696 1467 interfectionem
747 1407 931 1479 populi
978 1422 1074 1478 per
1120 1405 1221 1463 zeli
1266 1406 1506 1482 studium
1547 1404 1744 1469 erexit,

148 1510 204 1557 et
230 1511 294 1556 ut
332 1514 433 1572 pro
461 1506 723 1569 pereunte
779 1498 935 1568 plebe
979 1510 1096 1551 sese
1147 1495 1310 1550 morti
1361 1494 1642 1565 obiiceret,
1691 1501 1748 1549 et

147 1600 342 1649 centra
383 1597 702 1662 peccantem
741 1587 990 1659 protinus
1021 1587 1140 1641 vice
1189 1585 1406 1640 Domini
1458 1585 1746 1642 irascentis

147 1681 367 1737 smviret
402 1680 590 1752 (Leuit.
621 1679 719 1752 x):
771 1680 887 1736 haec
915 1680 1148 1734 Phinees
1176 1678 1459 1736 brachium
1491 1679 1545 1732 in
1584 1678 1746 1733 ultio«

147 1786 275 1828 nem
309 1770 647 1841 peccantium
671 1770 865 1835 erexit,
909 1777 971 1824 ut
1001 1777 1218 1839 arrepto
1261 1768 1441 1840 gladio
1488 1777 1746 1824 coeuntes

148 1838 516 1930 transfigeret,
545 1867 601 1914 et
643 1858 783 1913 iram
813 1858 1029 1914 Domini
1057 1838 1227 1912 iratus
1266 1838 1511 1928 placaret
1551 1856 1742 1927 (Num.
1773 1838 1821 1898 Β

145 1950 305 2022 xxv).
338 1949 470 2006 Haec
515 1942 642 2007 Jesu
670 1953 1072 2021 exploratorem
1118 1947 1304 2005 decuit
1339 1948 1526 2018 (Iosue
1552 1947 1654 2018 ιχ),
1688 1956 1749 2003 ιιι

147 2050 204 2098 ει
252 2042 403 2112 prius
453 2049 646 2098 contra
683 2040 1001 2110 falsiloquos
1046 2040 1192 2094 cives
1240 2042 1527 2094 veritatem
1579 2039 1746 2094 verbo

150 2134 491 2200 defenderet,
509 2141 566 2188 et
585 2133 728 2189 hanc
761 2131 1106 2204 postmodum
1135 2130 1316 2203 gladio
1351 2143 1541 2187 contra
1564 2133 1748 2188 hostes

147 2224 428 2296 allegaret.
457 2223 584 2280 Haec
610 2222 830 2279 Samuel
846 2231 902 2278 et
927 2223 984 2277 in
1005 2222 1314 2300 principatu
1327 2223 1584 2278 humilem
1611 2238 1748 2292 prte-

147 2317 287 2380 buit,
333 2325 390 2372 et
419 2317 692 2388 integrum
739 2317 796 2372 in
838 2315 1142 2386 dejectione
1177 2317 1440 2382 servavit,
1485 2317 1576 2386 qui
1624 2331 1750 2372 cum

147 2415 571 2477 persequentem
603 2420 663 2462 se
690 2405 908 2478 plebem
942 2405 1212 2476 diligeret,
1237 2406 1352 2474 ipse
1375 2404 1476 2460 sibi
1507 2405 1750 2460 testimo-

149 2497 306 2552 nium
335 2499 566 2563 exstitit,
610 2498 739 2566 quia
765 2497 979 2552 culmen
1008 2511 1074 2550 ex
1105 2511 1214 2565 quo
1239 2496 1480 2565 deiectus
1518 2505 1602 2552 est
1639 2512 1747 2552 non

151 2585 360 2640 amavit
403 2585 476 2658 (1
517 2585 646 2659 Reg.
682 2601 783 2640 vm
815 2627 830 2650 ,
892 2584 1035 2655 χιι).
1095 2584 1223 2640 Haec
1265 2585 1434 2640 David
1480 2598 1606 2641 ante
1648 2588 1748 2642 ini-

151 2693 320 2747 quum
351 2692 536 2748 regem
579 2685 634 2732 et
679 2677 987 2733 humilitate
1035 2665 1332 2733 commovit
1358 2678 1426 2734 ad
1459 2676 1663 2750 fugam,
1695 2687 1751 2734 et

152 2770 354 2839 pietate
385 2767 615 2838 replevit
638 2769 706 2823 ad
733 2770 970 2836 veniam,
1011 2768 1105 2840 qui
1142 2778 1547 2839 persecutorem
1590 2785 1749 2826 suum

152 2855 477 2913 et’timendo
524 2857 662 2927 fugit
699 2866 762 2913 ut
788 2858 1119 2924 ~Dominum,
1171 2866 1227 2913 et
1262 2867 1443 2914 tamen
1491 2874 1614 2914 cum
1652 2873 1752 2929 po-

155 2953 412 3001 teStatem
465 2945 697 3002 feriendi
749 2947 955 3018 reperit
1022 2962 1130 3002 non
1197 2949 1416 3019 agnovit
1473 2948 1751 3005 inimicum

157 3033 212 3107 (1
244 3034 370 3107 Reg.
402 3051 521 3102 xix,
543 3051 705 3103 χχιιι,
728 3037 903 3109 xxvr).
933 3035 1062 3092 Haec
1089 3035 1303 3092 Nathan
1332 3046 1388 3094 et
1410 3047 1599 3093 contra
1620 3054 1752 3109 pec-

1844 583 1992 649 lutis,
2025 582 2241 653 tempus
2266 585 2544 657 Evangelii
2588 587 2923 657 signiﬁcatur
2953 597 3009 645 et
3041 589 3132 644 illa
3170 590 3425 661 opportu-

1846 673 1990 730 nitas
2019 674 2200 730 salvos
2237 674 2466 732 faciendi
2495 678 2781 733 credentes
2809 680 2862 734 in
2892 680 3081 736 Deum.
3113 680 3312 753 (0rig.)
3337 682 3429 739 Est

1845 780 1972 836 ergo
1997 766 2162 820 etiam
2193 757 2385 830 animae
2415 783 2640 824 somnus
2668 769 2917 838 quidam;
2948 773 2992 826 εἰ
3030 773 3175 827 enim
3205 779 3332 828 sunt
3355 773 3424 839 ei,

1845 863 1905 908 ut
1937 870 2078 925 saepe
2098 853 2214 923 jam
2237 857 2490 924 diximus,
2522 859 2730 929 proprii
2756 859 2895 914 oculi
2917 871 2971 916 et
2992 857 3150 919 aures
3173 865 3426 935 propriae,

1845 954 1900 1003 et
1944 961 2138 1002 manus
2188 954 2245 1002 et
2287 948 2448 1017 pedes
2491 964 2612 1019 qua:
2643 949 2854 1020 singula
2885 967 2991 1006 non
3021 961 3129 1008 tam
3183 949 3425 1009 membra

1845 1037 2148 1107 corporalia
2177 1037 2355 1094 inesse
2376 1039 2449 1106 ei,
2478 1041 2898 1110 quamovirtutes
2920 1042 3114 1112 quibus
3136 1044 3204 1098 ad
3233 1060 3425 1099 unum-

1844 1129 2098 1199 quodque
2126 1138 2376 1184 movetur
2403 1139 2459 1185 et
2489 1131 2748 1186 incitatur
2775 1132 3088 1202 reputandaz
3111 1141 3256 1199 sunt,
3285 1133 3428 1189 acci-

1845 1222 1923 1278 dit
1947 1221 2065 1277 sine
2088 1221 2249 1277 dubio
2273 1223 2322 1277 ei
2355 1223 2654 1278 secundum
2699 1222 2886 1279 oculos
2921 1237 3050 1278 suos
3076 1223 3243 1278 etiam
3271 1225 3418 1288 som-

1845 1333 1948 1373 nus
1974 1331 1988 1372 :
2014 1317 2062 1373 si
2093 1318 2240 1373 enim
2264 1333 2371 1373 non
2405 1325 2528 1389 agat
2558 1325 2804 1389 tempore
2841 1325 3165 1388 opportuno,
3188 1331 3307 1386 qua:
3332 1315 3430 1371 Dei

1847 1422 1992 1476 sunt,
2026 1409 2124 1466 sed
2169 1409 2374 1468 desidia
2409 1418 2702 1480 torpescat,
2746 1409 2941 1466 merito
2984 1409 3224 1464 dormire
3285 1409 3432 1465 dice-

1847 1510 1954 1554 tur.
2015 1497 2245 1570 (Ambr.)
2274 1498 2511 1568 Tempus
2549 1512 2677 1569 ergo
2703 1513 2822 1554 esse
2851 1497 3002 1563 dicit,
3037 1512 3145 1569 quo
3170 1497 3238 1552 ad
3271 1497 3434 1552 meri-

1846 1598 1961 1645 tum
1993 1590 2258 1659 proﬁcere
2286 1589 2603 1655 debeamus,
2644 1589 2747 1644 hoc
2771 1597 2856 1644 est
2883 1590 2949 1643 de
2976 1583 3167 1644 somno
3189 1601 3433 1658 surgere,

1846 1679 2063 1749 Operari
2086 1678 2497 1748 bonum,.quasi
2522 1678 2579 1732 in
2612 1679 2719 1743 die,
2755 1679 2857 1733 hoc
2888 1687 2973 1734 est
2996 1677 3176 1748 palam
3203 1694 3216 1731 :
3248 1677 3436 1732 illicita

1847 1771 1992 1824 enim
2009 1778 2187 1835 nocte,
2216 1770 2270 1824 id
2289 1777 2374 1825 est
2401 1769 2461 1824 in
2494 1769 2834 1834 abscondito,
2862 1768 2998 1823 ﬁunt
3025 1785 3037 1822 :
3063 1767 3178 1838 jam
3199 1766 3344 1822 enim
3381 1766 3436 1822 in
3539 1841 3544 1846 δ

1850 1860 2291 1915 manifestatione
2309 1860 2497 1929 positi,
2524 1860 2667 1930 quod
2697 1869 2782 1916 est
2812 1860 2866 1914 in
2901 1859 3092 1915 notitia
3123 1859 3243 1925 Dei,
3274 1873 3439 1929 agno-

1849 1957 2065 2006 scentes
2091 1949 2224 2020 quid
2266 1951 2420 2020 sequi
2468 1951 2784 2016 debeamus,
2836 1950 2965 2005 dare
3011 1943 3235 2020 operam
3279 1948 3441 2004 debe-

1849 2053 1993 2105 mus,
2022 2047 2082 2094 ut
2106 2053 2242 2109 pure
2272 2040 2520 2097 viventes
2562 2040 2630 2096 ad
2670 2039 2999 2111 promissum
3036 2039 3316 2111 praemium
3342 2053 3440 2095 ve-

1847 2129 2061 2184 niamus
2095 2125 2324 2186 excusso
2345 2144 2560 2197 somno,
2597 2131 2652 2186 id
2682 2139 2787 2196 est,
2831 2130 3161 2201 ignorantia,
3197 2131 3312 2186 sive
3344 2144 3441 2186 ne-

1848 2217 2127 2288 gligentia.
2157 2219 2318 2274 Nunc
2357 2221 2494 2274 enim
2521 2219 2736 2290 propior
2762 2228 2838 2274 est
2870 2228 3055 2290 nostra
3097 2218 3243 2274 salus
3281 2234 3440 2290 quam

1850 2324 1968 2360 cum
1997 2308 2333 2363 credidimus.
2357 2309 2702 2364 Manifestum
2725 2316 2829 2374 est,
2856 2309 2984 2378 quia
3011 2316 3135 2380 post
3163 2308 3440 2364 lavacrum

1849 2401 1985 2455 bene
2005 2401 2252 2456 viventes
2286 2409 2342 2456 et
2368 2401 2622 2456 charitati
2655 2389 2938 2456 studentes
2973 2415 3082 2456 non
3128 2399 3285 2470 longe
3309 2407 3438 2455 sunt

1850 2503 1881 2543 a
1920 2489 2117 2545 merito
2145 2491 2565 2547 resurrectionis
2589 2491 2874 2562 promissae
2904 2507 2917 2545 :
2964 2489 3116 2546 Bona
3158 2491 3303 2546 enim
3330 2489 3440 2544 vita

1849 2576 2145 2633 Christiani
2174 2578 2387 2650 signum
2412 2588 2498 2635 est
2526 2579 2717 2642 salutis
2750 2578 2963 2635 futurae.
2995 2579 3122 2634 Nox
3146 2580 3435 2650 praecessit,

1850 2669 1960 2722 dies
2015 2678 2190 2723 autem
2247 2669 2706 2740 appropinquavit.
2759 2669 2956 2742 (0rig.)
3021 2669 3190 2741 Igitur
3240 2668 3442 2726 Paulus

1850 2773 2028 2828 praeco
2049 2757 2252 2814 Christi
2278 2758 2604 2815 circumiens
2624 2759 2886 2814 mundum
2909 2759 2974 2813 in‘
2995 2772 3188 2818 somno
3217 2757 3440 2814 desidias

1851 2850 2116 2925 positum,
2148 2849 2437 2904 annuntiat
2485 2851 2676 2906 adesse
2720 2849 2835 2919 jam
2887 2849 3082 2914 lucem,
3125 2856 3180 2905 et
3228 2857 3442 2920 tempus

1851 2956 1992 3008 esse,
2039 2949 2115 2996 ut.
2151 2949 2403 3012 surgatur
2451 2956 2491 2998 ε
2533 2955 2744 3006 somno,
2795 2948 3138 3012 noctemque,
3184 2941 3288 2995 hoc
3334 2946 3440 3006 est,

1855 3044 2070 3103 tempus
2114 3034 2268 3100 illud,
2322 3049 2430 3104 quo
2474 3019 2782 3105 ignorantia
2829 3035 3143 3090 hominibus
3172 3033 3444 3115 dominata

159 3135 375 3184 cantem
391 3143 605 3199 .regem
660 3129 717 3183 in
767 3129 1093 3184 auctoritate
1140 3127 1324 3184 liberae
1368 3121 1753 3201 inerepationis
1781 3178 1824 3201 η
1855 3135 1957 3192 εει,
1998 3127 2364 3196 ρι’ωεεεείεεε,
2390 3133 2446 3182 ει
2476 3127 2818 3197 proximante
2835 3124 3063 3196 iustitiae
3089 3124 3219 3199 solis
3238 3125 3441 3182 adven-

156 3218 400 3284 sustulit,
442 3227 500 3273 et
527 3233 650 3273 cum
695 3220 846 3290 regis
881 3219 1040 3289 culpa
1082 3219 1296 3274 deesset
1342 3220 1397 3274 in
1436 3221 1751 3289 petitionem
1780 3214 1825 3240 υ
1856 3222 1998 3279 tum.
2030 3215 2408 3271 recedentibus
2429 3218 2690 3282 Mliebris.
2718 3216 3129 3285 imminemiam
3153 3214 3444 3286 agnitioni!

155 3300 438 3362 humiliter
466 3308 662 3362 stravit
685 3306 773 3378 (ΙΙ
808 3307 938 3378 Reg.
971 3306 1094 3379 xu).
1123 3306 1251 3361 Haec
1271 3323 1372 3378 per
1409 3308 1605 3363 Isaiam
1643 3326 1747 3365 nu-

158 3399 383 3453 ditatem
425 3398 608 3453 carnis
637 3399 693 3452 in
716 3397 1099 3468 praedicatione
1125 3411 1232 3451 non
1279 3397 1517 3464 erubuit,
1544 3406 1601 3453 et
1624 3401 1754 3455 sub-

159 3485 328 3540 ducto
355 3483 564 3539 carnali
608 3483 881 3539 velamine
921 3483 1183 3554 mysteria
1224 3497 1461 3554 superna
1502 3493 1753 3553 penetra-

159 3577 259 3632 vit.
295 3575 420 3630 Haec
445 3576 643 3643 Eliam,
671 3577 764 3647 qui
803 3575 1036 3631 fervoris
1066 3576 1183 3631 zelo
1211 3576 1395 3632 vivere
1435 3577 1752 3647 spiritaliter

160 3668 350 3724 docuit
392 3668 461 3723 ad
500 3667 668 3721 vitam
707 3680 924 3738 quoque
981 3674 1036 3721 et
1076 3665 1437 3737 corporaliter
1485 3667 1754 3722 abstraxit

160 3759 274 3834 (IV
299 3760 426 3832 Reg.
465 3759 549 3832 ιι).
601 3759 728 3816 Haec
772 3761 1029 3826 Eliseum,
1077 3761 1205 3832 quia
1261 3761 1578 3832 magistrum
1632 3761 1754 3817 dili-

161 3865 294 3923 gnere
322 3848 668 3921 simpliciter
736 3849 994 3915 instituit,
1051 3850 1294 3920 magistri
1341 3851 1535 3920 Spiritu
1578 3851 1753 3922 'dupli-

161 3941 302 3997 citer
353 3940 598 4010 implevit
646 3939 859 4011 (Ibid)
907 3941 1015 3995 Per
1075 3942 1216 3996 hanc
1269 3940 1537 3997 Jeremias
1575 3957 1644 3996 ne
1694 3943 1751 3997 in

160 4030 461 4103 Egyptum
485 4029 718 4102 populus
743 4030 1098 4087 descenderet
1119 4031 1339 4095 restitit,
1371 4032 1467 4086 sed
1494 4039 1672 4086 tamen
1700 4039 1754 4085 et

163 4123 543 4180 inobedien'tes
581 4122 816 4192 diligens
853 4138 962 4193 quo
1006 4123 1335 4178 descendere
1381 4122 1658 4191 prohibuit
1701 4131 1757 4178 et

1855 3305 2022 3370 diem,
2058 3314 2221 3376 atque
2247 3307 2367 3362 ideo
2407 3307 2608 3362 clamat
2649 3307 3133 3377 expergiseendum
3174 3321 3315 3372 esse,
3372 3320 3454 3362 ηε·

1853 3409 1952 3466 per
1974 3397 2258 3466 segnitiem
2288 3398 2410 3468 quis
2431 3407 2645 3453 noctem
2676 3398 2933 3468 patiatur.
2967 3396 3171 3470 (Amb.)
3211 3396 3438 3453 Noctem

1854 3496 2094 3542 veterem
2134 3489 2409 3544 hominem
2445 3487 2792 3560 signiﬁcavit,
2837 3489 2929 3558 qui
2973 3503 3072 3558 per
3113 3489 3442 3558 baptismum

1854 3578 2144 3642 innovatus
2182 3587 2286 3645 est,
2319 3580 2463 3634 hunc
2488 3580 2794 3649 prmterisse
2820 3578 2966 3634 .dicit
2997 3578 3153 3648 quasi
3199 3585 3440 3645 noctem,

1854 3669 1998 3724 diem
2047 3655 2234 3724 autem
2262 3670 2748 3740 appropinquasse,
2797 3669 2954 3740 cujus
3000 3669 3206 3725 lumine
3239 3669 3444 3727 veritas

1855 3760 2013 3815 nobis
2039 3748 2309 3831 apparuit,
2337 3769 2399 3816 ut
2425 3762 2692 3818 sciremus
2719 3761 2849 3831 quid
2883 3777 3045 3833 agere
3075 3754 3439 3819 deberemus:

1854 3852 2008 3923 prius
2038 3854 2185 3908 enim
2217 3853 2531 3924 ignorantes
2564 3853 2842 3909 Christum
2866 3854 2921 3908 in
2947 3854 3184 3910 tenebris
3203 3869 3442 3922 eramus,

1856 3952 1913 3998 at
1936 3945 2029 3999 ubi
2053 3944 2366 4011 didicimus,
2393 3945 2484 4000 lux
2515 3945 2568 4000 in
2595 3945 2753 4001 nobis
2795 3953 2914 4000 orta
2954 3954 3058 4012 est,
3083 3938 3442 4005 transivimus

1854 4036 1999 4090 enim
2029 4049 2061 4089 a
2087 4034 2225 4091 falso
2253 4037 2320 4090 ad
2337 4051 2546 4091 verum.
2581 4033 2788 4108 (στας.)
2814 4037 2958 4104 Nox,
2991 4038 3190 4108 inquit,
3220 4054 3438 4109 preces-

1855 4132 1944 4192 sit,
1973 4128 2082 4181 dies
2105 4138 2280 4182 autem
2301 4128 2754 4199 appropinquavit.
2783 4129 2887 4184 Ubi
2930 4129 3310 4185 attendendum
3336 4121 3439 4196 est,

163 4215 285 4286 ipse
325 4215 606 4270 descendit
642 4214 777 4285 (Jer.
824 4230 967 4279 xm,
1015 4214 1183 4285 xuv).
1228 4214 1354 4268 llaec
1393 4213 1753 4278 Ezechielem,
1855 4217 2000 4287 quod
2021 4217 2221 4272 Paulus
2251 4233 2374 4272 cum
2401 4218 2610 4273 diceret
2650 4233 2756 4272 nos:
2791 4219 3057 4288 prtecessit
3099 4218 3438 4290 nequaquam

161 4321 327 4377 quem
373 4306 525 4376 prius
563 4320 594 4361 e
623 4306 856 4362 terrenis
909 4307 1195 4362 desideriis
1240 4305 1460 4361 sustulit
1502 4315 1624 4375 post
1660 4321 1756 4376 per
1857 4311 2118 4376 subdidit,
2170 4310 2286 4364 dies
2319 4310 2503 4375 venit,
2551 4310 2646 4364 sed
2692 4311 2801 4365 dies
2851 4312 3321 4382 appropinquavit;
3349 4312 3442 4388 qui

161 4397 476 4453 cincinnum
494 4395 690 4468 capitis
714 4397 776 4452 in
800 4412 927 4459 aere
948 4397 1169 4452 libravit
1205 4396 1423 4465 (Ezech.
1453 4399 1594 4466 Vill).
1626 4397 1754 4453 Haec
1857 4398 2001 4452 enim
2037 4405 2162 4466 post
2180 4398 2476 4461 discessum
2499 4398 2675 4470 noctis
2705 4413 2813 4453 non
2831 4397 2946 4467 jam
2969 4400 3203 4466 venisse,
3232 4400 3327 4456 sed
3348 4414 3441 4472 ap-

160 4486 217 4542 in
245 4484 465 4573 Daniele
485 4487 616 4556 quia
633 4501 665 4540 a
687 4487 854 4559 regiis
877 4487 1106 4557 dapibus
1121 4485 1306 4557 gulam
1323 4487 1675 4558 compescuit,
1704 4488 1756 4543 ei
1781 4518 1835 4579 Β
1859 4487 2249 4556 propinquasse
2264 4487 2405 4541 diem
2428 4487 2688 4552 insinuat,
2705 4503 2828 4544 esse
2849 4503 2908 4544 se
2926 4488 3116 4560 procul
3137 4490 3301 4546 dubio
3315 4498 3442 4548 ante

158 4583 218 4631 et
245 4570 606 4631 esurientium
633 4590 731 4632 ora
777 4577 993 4633 leonum
1023 4570 1220 4633 clausit
1248 4578 1412 4649 (Dan.
1440 4581 1576 4649 xiv).
1627 4579 1755 4636 Haec
1781 4570 1827 4579 ⁷
1860 4571 2030 4634 εοΙειιι
2051 4587 2176 4647 post
2197 4581 2449 4634 tenebras
2464 4579 2708 4634 adhucin
2721 4593 2915 4633 aurora
2931 4580 3442 4637 demonstratztunc

158 4663 339 4721 tribus
364 4665 569 4734 pueris,
593 4665 723 4735 quia
753 4665 806 4719 in
842 4666 1237 4737 tranquillitate
1279 4666 1470 4736 positis
1505 4668 1751 4723 incendia
1864 4676 2040 4724 autem
2068 4668 2224 4738 plene
2250 4677 2435 4724 sancta
2456 4667 2754 4723 electorum
2772 4668 3002 4724 ecclesia
3025 4669 3140 4725 dies
3164 4669 3441 4737 erit,‘cum

157 4755 418 4810 vitiorum
453 4757 711 4823 subdidit,
738 4759 1106 4814 tribulationis
1144 4769 1382 4828 tempore
1424 4767 1477 4813 et
1505 4758 1751 4815 flammas
1864 4761 1906 4816 ei
1933 4759 2164 4813 admista
2192 4758 2400 4828 peccati
2432 4759 2622 4813 umbra
2660 4759 2772 4828 jam
2823 4773 2931 4813 non
2956 4759 3079 4813 erit.
3109 4758 3260 4815 Tunc
3286 4753 3444 4829 plene

159 4848 215 4901 in
230 4845 450 4902 fornace
468 4841 963 4919 temperavit(Dan.
990 4849 1304 4918 m).liaecin
1322 4849 1485 4905 Petro
1511 4858 1566 4907 et
1589 4853 1751 4908 minis
1862 4850 1974 4904 dies
2005 4848 2110 4903 erit
2129 4888 2143 4912 ,
2202 4848 2417 4929 quando
2445 4847 2646 4902 interni
2677 4847 2893 4903 luminis
2937 4847 3181 4917 perfecto
3228 4848 3444 4905 fervore

157 4939 486 4997 terrentium
513 4939 821 5010 principum
846 4939 1065 4996 fortiter
1087 4943 1310 5010 restitit,
1349 4952 1406 5000 et
1433 4945 1487 4998 in
1513 4946 1748 5002 circum—
1858 4942 2138 5000 claruerit.
2193 4941 2347 4997 Tunc
2406 4941 2563 5013 plene
2618 4941 2734 4996 dies
2779 4940 2915 5006 erit,
2965 4944 3183 5012 quando
3227 4941 3441 4998 nullam

157 5029 369 5084 cisione
398 5029 766 5086 submovenda
810 5032 1083 5087 minorum
1112 5035 1275 5090 verba
1302 5036 1749 5095 humiliter’audi-
1855 5035 2121 5092 malorum
2175 5049 2394 5090 suorum
2449 5040 2748 5089 tentantem
2817 5034 3137 5088 memoriam
3204 5032 3447 5089 tolerans

157 5117 259 5173 vit.
296 5117 425 5173 Haec
471 5119 526 5175 in
552 5120 721 5177 Paulo
749 5130 806 5176 et
833 5137 1027 5177 manus
1064 5127 1501 5195 persequentium
1533 5129 1752 5186 humili-
1855 5142 2045 5184 omnes
2109 5143 2140 5181 a
2192 5141 2251 5182 se
2299 5126 2643 5181 tenebrarum
2688 5123 2853 5179 etiam
2898 5123 3160 5194 reliquias
3211 5124 3450 5178 abscon-

158 5217 246 5270 ter
265 5213 510 5284 pertulit,
540 5222 598 5270 et
619 5217 872 5272 tamenin
899 5217 1327 5275 circumcisionis
1351 5221 1566 5290 negotio
1591 5222 1748 5294 longe
1860 5219 1964 5274 det.
2027 5216 2181 5274 Unde
2233 5225 2288 5272 et
2333 5217 2470 5272 bene
2518 5215 2634 5270 haec
2683 5227 2915 5278 aurora,
2963 5215 3121 5284 quasi
3169 5212 3352 5266 adhuc
3399 5211 3460 5264 in

157 5319 221 5361 se
285 5305 512 5375 imparis
573 5307 774 5377 prioris
841 5323 1060 5364 sensum
1132 5311 1394 5366 audenter
1449 5312 1749 5384 increpavit
1865 5312 2087 5367 ‘.ransitu
2154 5311 2587 5374 demonstratur,
2659 5321 2781 5362 cum
2847 5319 2948 5373 per
3019 5304 3120 5358 Job
3203 5301 3466 5355 dicitur:

157 5394 302 5468 (Act.
337 5411 391 5450 ιν
425 5405 474 5451 et
503 5396 688 5468 seqq.).
723 5397 996 5469 Multiplex
1047 5413 1176 5471 ergo
1222 5399 1323 5454 ista
1367 5399 1456 5455 lex
1501 5400 1595 5456 Dei
1638 5419 1743 5467 εει,
1867 5403 1923 5457 Et
1954 5403 2226 5474 ostendisti
2280 5417 2486 5454 aui-orte
2549 5399 2719 5452 locum
2778 5411 2938 5448 suum
3002 5393 3148 5463 (Job.
3183 5384 3525 5451 nam“);

161 5499 284 5554 quze
317 5486 734 5558 singulisrerum
764 5489 1135 5560 articulisgnon
1153 5499 1455 5560 permutata
1473 5496 1742 5564 congruit,
1859 5494 1942 5548 cui
2009 5494 2152 5548 enim
2233 5493 2382 5547 locus
2447 5505 2576 5545 suus
2645 5485 3006 5547 ostenditur,
3068 5479 3329 5552 profecto

159 5585 220 5634 et
268 5580 451 5654 causis
501 5576 574 5636 se‘
605 5582 944 5638 variantibus
1016 5599 1122 5637 non
1188 5585 1396 5638 variata
1445 5584 1740 5655 conjungit.
1854 5585 1960 5638 alio
2009 5584 2153 5639 aliud
2199 5592 2443 5646 vocatur;
2471 5578 2760 5649 quidenim
2782 5581 2867 5630 est
2899 5573 3063 5626 locus
3102 5553 3547 5655 auro_r'.=e,n'|8_i

232 5669 303 5738 Et
341 5651 438 5726 hoc
485 5673 714 5728 scientes
755 5683 953 5743 tempus
993 5675 1116 5745 quia
1157 5677 1286 5730 hora
1315 5684 1388 5729 est
1407 5675 1524 5744 jam
1547 5651 1743 5732 nos‘de
1852 5674 2092 5746 perfecta
2122 5674 2342 5729 claritas
2365 5671 2588 5727 visionis
2620 5669 2880 5730 interme,‘
2898 5661 2974 5716 ad
2997 5673 3172 5730 quem
3198 5651 3573 5746 clung:

233 5720 300 5738 -ι
485 5720 701 5728 ----..---
755 5720 952 5743 --ατη
993 5720 1116 5745 ,ηπ
1315 5720 1524 5744 νων..-
1563 5720 1653 5730 ..νυ
1681 5720 1742 5732 η
1892 5720 2092 5730 μην...
2125 5720 2340 5729 --_.--_-
2377 5720 2585 5727 .-η-ν---
2623 5720 2635 5722 ἡ
2667 5720 2672 5721 ν
2717 5720 2755 5723 --
2792 5720 2798 5721 κ
2857 5720 2868 5730 ,
3017 5720 3037 5730 -
3279 5733 3300 5747 _
3355 5741 3366 5752 ,

159 5778 348 5823 δοκιηο
387 5781 616 5837 surgere.
667 5766 850 5839 (Aug)
882 5766 1011 5823 llluc
1061 5775 1288 5838 spectat,
1337 5767 1481 5837 quod
1531 5767 1737 5825 dictum
1852 5720 2013 5824 ducta
2045 5759 2277 5834 venerit,
2300 5767 2414 5835 jam
2449 5766 2514 5822 de
2545 5769 2840 5818 transacta:
2877 5753 3089 5814 noctis
3129 5720 3602 5805 ιειιεὶιτιεοιιδε-
