3948 6364
429 392 564 454 1571

1064 388 1127 450 Β.
1168 389 1425 452 RABANI
1463 393 1682 453 MAUBl
1717 395 2042 453 A‘RCHIEP.
2085 395 2395 456 MOGUNT.
2435 392 2720 457 OPERUM
2755 395 2935 454 PARS
2968 399 3056 456 lll.

3567 402 3694 459 1572

426 506 505 566 hil
532 501 794 564 habebit?
839 504 994 561 Nunc
1019 511 1201 562 autem
1243 509 1416 565 adhuc
1457 510 1819 566 tentationum
1849 509 2016 565 mole-
2042 517 2096 577 Α
2121 509 2388 566 Christum
2417 523 2466 566 et
2509 513 2687 568 carnis
2725 529 2907 568 curam
2950 530 3012 566 ne
3045 513 3269 581 feceritis
3305 516 3364 568 in
3407 517 3693 573 desideriis.

428 601 566 658 stias
621 599 918 664 sustinens,
975 599 1102 669 quia
1158 616 1258 670 per
1312 601 1669 670 intentionem
1726 603 1908 659 cordis
1956 604 2025 658 ad

429 693 574 748 aliud
598 691 815 746 festinat
839 690 1104 757 Ecclesia,
1130 691 1197 746 ad
1220 691 1573 748 locum'suum
1597 693 1770 750 tendit
1791 708 2019 748 aurora:

430 799 591 857 quem
627 782 805 838 locum
850 783 896 838 si
921 791 1100 860 mente
1144 800 1251 838 non
1282 792 1550 851 oemeret,
1586 786 1640 840 in
1687 784 1846 854 hujus
1899 784 2024 840 vitae

428 879 587 928 nocte
611 879 938 926 remaneret.
957 870 1062 926 Sed
1085 888 1207 927 cum
1231 873 1469 942 quotidie
1491 875 2024 944 contendit,proten-

431 963 511 1018 dit
532 961 718 1032 perlici
743 969 797 1016 et
823 962 877 1015 in
904 961 1082 1016 lucem
1112 962 1352 1033 quotidie
1390 965 1604 1034 augeri,
1645 964 1824 1020 locum
1861 979 2021 1019 suum

425 1052 539 1122 jam
571 1052 834 1122 conspicit
858 1059 911 1108 et
955 1052 1115 1123 plene
1142 1054 1241 1108 sibi
1265 1052 1570 1109 clarescere
1608 1053 1776 1110 solem
1803 1055 2018 1124 quaerit.

431 1143 632 1198 Locum
654 1153 809 1198 suum
823 1158 1022 1208 aurora
1045 1143 1376 1209 considerat,
1391 1145 1610 1214 quando
1633 1151 1822 1200 sancta
1840 1144 2021 1200 anima

430 1234 497 1288 ad
524 1229 995 1303 contemplandam
1034 1232 1328 1288 cenditoris
1377 1233 1459 1288 sui
1490 1233 1726 1304 speciem
1773 1231 1982 1303 ﬂagrat.

501 1323 830 1394 Abjiciamus
881 1340 1003 1394 ergo
1060 1337 1217 1395 Opera
1266 1312 1597 1377 tenebrarum
1638 1332 1687 1377 et
1734 1325 2025 1377 induamur

432 1431 581 1468 arma
617 1413 769 1467 lucis.
819 1412 1054 1485 (Ambr.
1084 1412 1101 1483 )
1151 1411 1524 1466 Tenebrarum
1554 1419 1680 1468 sunt
1717 1427 1882 1482 opera
1909 1411 2024 1466 vita

432 1503 687 1570 carnalis,
718 1518 840 1575 quae
877 1503 1152 1559 illecebris
1181 1504 1358 1574 agitur
1385 1503 1760 1568 surcularibus,
1791 1503 1910 1557 haec
1937 1503 2022 1557 di-

433 1613 535 1674 gna
547 1603 631 1652 est
652 1595 913 1661 tenebris,
939 1595 1081 1650 sicut
1098 1594 1230 1649 dicit
1261 1593 1522 1666 Dominus
1546 1611 1558 1645 :
1596 1590 1950 1646 Tolliteillum
1973 1600 2024 1645 et

433 1692 609 1763 ligatis
635 1689 878 1764 manibus
901 1697 950 1742 et
975 1687 1224 1764 pedibus,
1243 1686 1428 1739 mittite
1451 1685 1503 1739 in
1527 1684 1765 1739 tenebras
1791 1684 2022 1739 exterio-

434 1798 512 1834 res
537 1778 753 1850 (Matth.
769 1775 928 1846 χχιι).
958 1775 1184 1830 induere
1205 1788 1358 1828 arma
1377 1774 1516 1830 lucis
1537 1782 1689 1846 gesta
1705 1782 1834 1830 sunt
1853 1775 2019 1839 bona,

2125 604 2322 660 Curam
2352 605 2529 660 carnis
2560 607 2833 675 prohibet,
2863 606 2918 660 id
2948 614 3049 673 est,
3077 606 3430 677 voluptatem,
3459 617 3520 661 ut
3548 625 3699 665 onine

2124 695 2266 764 quod
2288 695 2606 765 prohibetur
2625 710 2723 764 per
2745 695 2917 766 legem
2937 711 3043 751 non
3060 697 3419 763 desideretur,
3448 708 3542 753 aut
3561 710 3702 756 certe

2124 787 2490 842 desideratum
2515 786 2802 840 vincatur:
2831 788 2946 856 ipsa
2978 797 3108 841 sunt
3131 788 3278 842 enim
3309 803 3478 857 opera
3506 790 3700 854 carnis,

2123 889 2184 932 ut
2204 879 2289 932 his
2312 879 2487 942 exuti,
2515 879 2743 932 induant
2770 878 3059 932 Deminum
3099 879 3285 933 Iesum
3319 878 3622 947 Christum,
3653 882 3704 936 id

2124 976 2227 1032 est,
2259 968 2500 1022 innovati
2521 983 2618 1038 per
2641 968 2918 1024 Christum
2941 970 3009 1024 ab
3030 969 3115 1024 his
3140 969 3297 1024 malis
3324 985 3385 1024 se
3417 970 3702 1025 retineant.

2125 1055 2326 1131 (0rig.)
2380 1059 2719 1128 Frequenter
2768 1058 3003 1113 diximus
3051 1058 3329 1114 Christum
3393 1062 3708 1129 sapientiam

2124 1165 2265 1218 esse,
2293 1159 2348 1206 et
2369 1150 2636 1222 justitiam
2678 1156 2733 1204 et
2776 1150 3288 1214 sanctiﬁcationem,
3318 1161 3374 1204 et
3404 1152 3706 1218 veritatem,

2125 1250 2180 1296 et
2197 1256 2386 1296 omnes
2409 1239 2569 1295 simul
2593 1240 2843 1305 virtutes,
2863 1253 3000 1309 quas
3020 1239 3203 1308 utique
3225 1238 3318 1308 qui
3338 1244 3708 1308 assumpserit,

2124 1330 2398 1401 Christum
2447 1330 2577 1384 dicit
2629 1327 2869 1382 induisse
2903 1347 2916 1381 :
2955 1327 3001 1381 si
3030 1327 3175 1382 enim
3202 1327 3320 1382 haec
3347 1327 3532 1381 omnia
3567 1327 3715 1382 Chri-

2126 1430 2243 1475 stus
2264 1428 2367 1486 est,
2383 1418 2691 1474 necessario
2716 1419 2813 1487 qui
2834 1419 2949 1472 haec
2961 1418 3143 1484 habet,
3161 1417 3324 1474 habet
3337 1426 3393 1472 et
3406 1416 3712 1484 Christum;

2125 1513 2218 1582 qui
2237 1512 2380 1566 enim
2407 1511 2526 1566 haec
2553 1511 2732 1575 habet,
2763 1510 2944 1565 carnis
2971 1526 3159 1565 curam
3188 1511 3243 1564 in
3266 1511 3716 1579 concupiscentiis

2125 1618 2234 1657 non
2264 1593 2416 1656 facit;
2444 1599 2808 1654 Moderatione
2831 1599 2984 1653 solita
3023 1598 3318 1667 Apostolus
3358 1599 3553 1660 utitur,
3597 1613 3716 1654 cum

2125 1709 2232 1748 non
2262 1675 2563 1764 peremnia
2606 1691 2788 1746 carnis
2819 1707 3006 1746 curam
3049 1701 3216 1762 negat
3241 1692 3575 1756 habendam,
3605 1706 3718 1747 cer-

2128 1791 2242 1836 tum
2269 1790 2354 1837 est
2382 1781 2527 1836 enim
2557 1780 2703 1850 quod
2743 1781 2797 1833 in
2846 1780 3173 1834 necessariis
3214 1779 3615 1844 habenda_est,
3669 1780 3718 1833 in

433 1875 561 1945 quia
574 1874 714 1928 sicut
734 1871 860 1926 mali
876 1878 1028 1925 actus
1057 1870 1296 1923 tenebris
1310 1870 1657 1938 deputantur,
1671 1868 1799 1938 quia
1811 1867 2022 1923 occulte
2051 1864 2098 1923 B
2126 1873 2356 1939 deliciis,
2373 1884 2426 1927 et
2443 1872 2674 1936 luxuria,
2694 1880 2857 1940 atque
2875 1870 3023 1924 omni
3043 1869 3487 1939 concupiscentia
3511 1871 3718 1938 penitus

434 1966 570 2020 ﬁunt
591 1964 659 2018 ab
704 1963 770 2017 iis
799 1962 894 2032 qui
926 1959 1065 2015 male
1095 1969 1263 2028 agunt
1293 1977 1306 2013 :
1337 1960 1412 2014 ita
1442 1967 1498 2014 et
1525 1960 1618 2029 qui
1645 1958 1786 2015 bene
1829 1964 2019 2028 agunt,

435 2057 614 2128 palam
646 2063 832 2127 agunt,
861 2054 989 2123 quia
1010 2068 1118 2107 non
1151 2059 1425 2117 verentur,
1461 2051 1558 2106 sed
1603 2048 1858 2122 gaudent.
1886 2049 2025 2104 Boni

433 2162 561 2218 ergo
597 2154 750 2200 actus
777 2157 929 2197 arma
975 2142 1113 2197 lucis
1158 2149 1303 2208 sunt,
1336 2139 1716 2212 impugnantes
1748 2139 2023 2206 tenebras,

433 2250 554 2307 qua:
574 2242 699 2290 sunt
725 2231 1068 2298 vitialcarnis.
1097 2228 1243 2285 Sicut
1267 2231 1322 2284 in
1343 2229 1426 2283 die
1443 2230 1656 2286 honeste
1677 2227 2022 2302 ambulemus.

433 2331 636 2387 Verum
661 2336 767 2394 est,
794 2334 855 2382 ut
879 2326 1007 2396 quia
1023 2323 1237 2395 publice
1258 2339 1363 2378 non
1391 2329 1670 2394 peccatur,
1697 2322 1776 2377 sic
1799 2337 2027 2393 agamus

434 2413 705 2490 quomodo
748 2416 929 2487 agitu’r
959 2412 1190 2485 publice,
1234 2411 1369 2466 nihil
1413 2413 1559 2467 enim
1611 2419 1718 2465 tam
1749 2411 2024 2481 publicum

434 2523 598 2578 quam
621 2506 846 2561 veritas.
878 2504 1076 2577 (θήρ.)
1103 2502 1304 2558 Verum
1327 2499 1606 2557 sciendum
1622 2506 1712 2556 est
1735 2499 2028 2554 adventum

434 2597 572 2654 lucis
614 2598 775 2667 hujus
819 2603 874 2649 et
923 2593 1030 2650 diei
1075 2579 1276 2662 duplici
1324 2591 1483 2647 modo
1535 2589 1934 2660 accipiendum,
1974 2596 2031 2643 ct

436 2691 746 2764 generalem
772 2685 1039 2749 omnibus,
1084 2695 1139 2740 et.
1164 2685 1458 2753 unicuique
1498 2682 1810 2752 specialem.
1853 2679 2033 2735 Gene-

437 2784 570 2840 ralis
594 2780 846 2836 omnibus
882 2775 1057 2832 aderit
1078 2775 1169 2829 lux
1195 2781 1251 2828 et
1297 2773 1433 2837 dies,
1475 2788 1600 2826 cum
1629 2770 1796 2825 futuri
1847 2769 2028 2825 saeculi

439 2883 653 2943 tempus
669 2867 953 2925 advenerit
973 2885 988 2934 ;
1011 2866 1078 2921 ad
1091 2865 1244 2935 cujus
1259 2862 1722 2933 comparationem
1740 2861 2029 2932 praesentis

437 2965 602 3034 hujus
626 2959 810 3016 mundi
834 2958 1068 3029 spatium
1084 2950 1322 3010 tenebrae
1344 2952 1704 3023 appellantur,
1730 2950 1876 3020 quod
1893 2958 2034 3004 tem-

441 3073 544 3129 pus
567 3052 977 3109 labescentibus'
996 3047 1242 3118 quotidie
1273 3046 1462 3099 diebus
1489 3041 1792 3113 appropiat,
1817 3049 1874 3096 et
1909 3056 2032 3110 spa-

443 3147 539 3211 tia,
577 3159 698 3213 quae
729 3137 1018 3207 prasteritis
1047 3138 1333 3206 augentur,
1367 3132 1562 3186 futuris
1596 3131 1714 3187 sine
1739 3129 1903 3185 dubio
1931 3129 2036 3183 mi-

2129 1963 2479 2019 cxcludenda.
2500 1960 2682 2034 (Aug.)
2710 1959 2959 2017 Ostendit
2984 1976 3114 2031 ergo
3130 1975 3237 2015 non
3260 1975 3383 2016 esse
3404 1961 3720 2030 culpandam

2130 2040 2311 2110 carnis
2361 2053 2780 2123 providentiam,
2833 2053 3049 2120 quando
3097 2065 3162 2104 ea
3208 2051 3570 2120 providentur
3611 2064 3721 2119 qua:

2130 2148 2200 2202 ad
2242 2145 2624 2200 necessitatem
2668 2133 2860 2198 salutis
2887 2142 3187 2212 corporalis
3211 2141 3434 2206 valent;
3471 2141 3517 2195 si
3551 2149 3720 2194 autem

2133 2241 2201 2295 ad
2253 2235 2559 2308 superﬂuas
2632 2235 3041 2300 delectationes,
3101 2241 3263 2302 atque
3291 2224 3614 2294 luxuriam,
3669 2241 3724 2284 ut

2135 2330 2363 2399 quisque
2393 2327 2447 2381 in
2473 2327 2560 2381 his
2584 2325 2815 2396 gaudeat
2843 2340 2963 2394 qua:
2988 2337 3153 2378 carne
3190 2322 3360 2392 cupit,
3377 2331 3531 2377 recte
3551 2336 3723 2391 repre-

2134 2418 2409 2482 henditur,
2424 2417 2551 2486 quia
2579 2415 2973 2486 providentiam
3001 2400 3185 2469 carnis
3203 2414 3256 2468 in
3280 2411 3722 2480 concupiscentiis

2133 2506 2282 2563 facit.
2332 2526 2350 2558 ‹
2378 2505 2645 2574 Quoniam
2673 2504 2766 2572 qui
2796 2505 3029 2557 seminat
3050 2504 3104 2556 in
3126 2518 3292 2557 carne
3326 2501 3544 2566 sua,i_de
3573 2516 3724 2556 carne

2134 2603 2305 2649 metet
2351 2593 2778 2664 corruptionem,
2830 2611 2848 2644 ι
2898 2593 2952 2647 id
2990 2599 3094 2657 est,
3134 2592 3225 2661 qui
3281 2591 3725 2646 delectationibus

2134 2683 2446 2740 earnalibus
2475 2684 2692 2753 gaudet.
2719 2679 2924 2753 (Gr-eg.)
2957 2679 3168 2746 Carnis,
3221 2681 3420 2751 inquit,
3454 2698 3641 2735 curam
3667 2699 3720 2736 ne

2135 2774 2360 2844 feceritis
2389 2775 2444 2826 in
2465 2772 2918 2843 concupiscentiis.
2951 2771 3060 2826 Sed
3089 2770 3144 2824 in
3174 2771 3259 2825 his
3289 2771 3554 2824 nimirum
3583 2770 3722 2826 ducis

2137 2881 2200 2922 ac
2225 2865 2411 2920 militis
2442 2864 2623 2920 verbis
2650 2865 2991 2933 agnoscimus
3017 2862 3145 2930 quia
3189 2868 3318 2915 tunc
3341 2862 3411 2915 ab
3438 2876 3506 2915 ea
3540 2862 3719 2916 morti-

2137 2958 2254 3013 fero
2276 2956 2498 3010 vulnere
2526 2955 2737 3008 animus
2768 2953 3026 3024 pungitur
3050 2992 3066 3017 ,
3112 2968 3232 3007 cum
3266 2953 3322 3006 in
3369 2967 3435 3007 ea
3465 2967 3725 3008 mensura:

2138 3048 2366 3118 aequitas
2409 3061 2515 3102 non
2542 3053 2759 3100 tenetur
2787 3063 2799 3098 :
2835 3059 3007 3113 neque
3034 3043 3177 3097 enim
3220 3041 3438 3096 mortali
3469 3042 3648 3097 adhuc
3678 3044 3727 3098 in

2140 3153 2306 3193 carne
2347 3138 2653 3191 viventibus
2696 3135 2938 3189 funditus
2977 3148 3108 3187 cura
3152 3124 3337 3187 carnis
3366 3125 3723 3200 abstinditur,

442 3242 720 3294 nuuntur:
748 3239 805 3289 et
829 3231 948 3287 ideo
976 3229 1189 3302 propior
1217 3235 1298 3282 est
1327 3232 1504 3281 instra
1532 3222 1698 3288 salus,
1725 3238 1882 3295 quam
1914 3234 2034 3275 cum
2062 3214 2106 3276 C
2138 3228 2234 3283 sed
2253 3233 2314 3280 ut
2340 3227 2612 3281 discerent
2647 3225 2828 3279 animo
2855 3224 3134 3278 moderato
3168 3224 3235 3278 iis
3261 3224 3360 3286 uti,
3395 3216 3723 3295 praecipitur.

443 3329 782 3391 credidimus,
817 3333 874 3378 et
917 3321 1160 3392 quotidie
1199 3319 1260 3373 ﬁt
1291 3319 1530 3389 propior,
1580 3317 1722 3371 sicut
1757 3323 1814 3370 et
1851 3312 2036 3368 Domi-

443 3437 569 3486 nus,
601 3433 724 3473 cum
753 3406 1238 3472 consummationis
1265 3408 1446 3464 saeculi
1480 3408 1632 3476 signa
1658 3406 2034 3475 distingueret,

443 3511 622 3568 dixit:
651 3506 783 3563 Cum
815 3513 990 3560 autem
1034 3501 1270 3556 videritis
1311 3499 1420 3553 hazc
1466 3497 1663 3562 omnia,
1701 3495 1921 3549 allevate
1950 3510 2041 3546 ca-

447 3606 556 3674 pita
609 3609 802 3675 vestra,
843 3575 1111 3665 'quoniam
1171 3590 1442 3660 appropiat
1517 3586 1802 3656 redemptio
1869 3593 2039 3638 vestra

452 3694 606 3767 (Luc.
640 3688 777 3760 xxx).
803 3684 892 3741 Fit
916 3685 1098 3740 autem
1129 3690 1226 3752 per
1252 3679 1494 3750 singulos
1523 3677 1629 3733 diei
1650 3675 1813 3767 hujus
1841 3675 2040 3729 adven-

452 3766 555 3850 tus,
589 3767 643 3837 et
666 3781 823 3837 nobis
850 3777 995 3832 enim
1026 3776 1068 3829 si
1091 3773 1339 3828 Christus
1356 3770 1417 3847 in
1447 3766 1731 3852 corde'sit,
1760 3766 1905 3819 diem
1936 3779 2040 3818 uo-

454 3875 539 3930 bis
569 3871 733 3936 l‘acit;
758 3869 803 3925 si
827 3863 1161 3938 ignorantias
1182 3860 1399 3916 nostras
1421 3857 1663 3912 scientiae
1693 3854 1836 3909 ratio
1865 3854 2037 3925 fuget,

454 3973 507 4020 et
545 3961 793 4033 indignos
830 3967 987 4017 actus
1016 3954 1350 4028 declinantes
1380 3951 1466 4020 pia
1499 3962 1727 4019 quaeque
1773 3954 1829 4001 et
1860 3947 2040 4002 hone-

454 4067 538 4116 sta
581 4063 874 4117 sectemur,
907 4051 961 4104 in
1003 4049 1124 4102 luce
1162 4057 1348 4100 sumus
1383 4040 1568 4110 positi,
1601 4047 1655 4094 et
1680 4039 1836 4108 quasi
1866 4038 1921 4091 in
1955 4037 2043 4093 die

456 4156 680 4213 honeste
711 4149 1067 4206 ambulamus.
1098 4143 1229 4208 Quae
1259 4141 1368 4194 sint
1391 4145 1570 4191 autem
1602 4148 1767 4204 opera
1795 4134 2044 4188 tenebra-

456 4265 600 4314 rum,
633 4258 753 4316 quze
776 4237 1077 4310 abiicienda
1098 4243 1247 4296 sunt,
1264 4235 1662 4298 consequenter
1683 4231 1969 4316 enumerat
1989 4233 2045 4316 et

461 4313 594 4396 dicit
617 4353 630 4389 ε
650 4313 782 4388 ⁷Νοη
805 4332 859 4385 in
881 4318 1341 4383 comessatiOnibus
1371 4328 1419 4374 et
1441 4315 1798 4372 ebrietatibus.
1817 4313 2044 4386 (Ambr.)

462 4424 899 4486 Comessationes
932 4425 1056 4473 sunt
1085 4415 1360 4470 luituriosa
1385 4401 1656 4471 convivia,
1673 4421 1793 4476 qua:
1819 4404 2045 4472 autjcol-

463 4518 664 4575 latione
691 4511 933 4570 omnium
959 4507 1323 4566 celebrantur,
1355 4509 1449 4555 aut
1476 4501 1685 4555 vicibus
1720 4496 1897 4552 solent
1920 4507 2049 4549 con-

464 4595 836 4668 tubernalibus
862 4598 1135 4660 exhiberi,
1163 4604 1223 4649 ut
1253 4594 1526 4649 neminem
1563 4593 1672 4645 illic
1696 4587 1911 4659 ‘pudeat
1953 4587 2050 4640 ali-

467 4701 599 4771 quid
625 4697 909 4752 inhoneste
939 4689 1121 4743 dicere
1145 4692 1239 4739 aut
1265 4682 1463 4760 facere,
1501 4681 1627 4752 quia
1674 4677 2050 4771 unusquisque

468 4766 749 4865 praesumit
776 4780 922 4853 quod
947 4791 1103 4834 suum
1136 4774 1444 4829 convivium
1487 4773 1576 4834 sit,
1608 4769 1783 4825 solent
1809 4767 1956 4821 enim
1995 4766 2053 4818 in

472 4858 644 4937 aliena
669 4887 856 4933 mensa
878 4868 1085 4940 pudore
1113 4862 1378 4927 coerceri,
1430 4861 1525 4921 sed
1563 4860 1654 4914 hic
1680 4859 1751 4913 ad
1778 4858 1883 4912 hoc
1917 4869 2052 4910 con-

472 4970 685 5025 venitur
707 4973 768 5020 ut
798 4961 940 5018 {dada
971 4958 1080 5013 illic
1104 4962 1362 5029 gerantur
1380 4951 1535 5021 copia
1563 4949 1695 5013 vini,
1724 4957 1779 5003 et
1801 4947 2058 5002 incitetur

474 5059 710 5116 libidinis
750 5058 964 5112 diversa
998 5051 1280 5120 voluptas,
1325 5046 1529 5101 idcirco
1574 5043 1825 5098 evitanda
1871 5039 2059 5112 praeci-

476 5143 1164 5224 pithujusmodiconvivia.
1194 5139 1318 5193 Nan
1339 5140 1393 5190 in
1407 5134 1662 5190 cubilibus
1686 5143 1734 5187 et
1767 5132 2052 5224 impudici-

481 5220 586 5296 tiis.
619 5236 822 5310 (Δηὼ.)
861 5231 994 5288 Post
1033 5229 1373 5284 luxuriosum
1402 5224 1708 5280 convivium
1744 5229 1799 5276 et
1827 5220 2061 5275 ebrieta-

482 5341 593 5388 tem
633 5331 739 5385 hoc
773 5324 1000 5396 subjecit
1026 5320 1168 5393 quod
1200 5317 1462 5387 sequitur,
1493 5315 1547 5369 id
1592 5320 1692 5376 est,
1743 5311 2062 5366 concubitus

486 5421 825 5493 impudicus:
857 5418 947 5471 hic
986 5415 1129 5470 enim
1165 5409 1326 5479 hujus
1365 5405 1684 5464 lascivitatis
1715 5401 1799 5459 est
1835 5399 2063 5457 fructus.

489 5513 612 5570 Non
631 5515 687 5566 in
706 5509 1028 5565 contentione
1051 5515 1095 5559 et
1127 5502 1478 5559 wmulatione.
1511 5500 1678 5553 Recte
1703 5498 1769 5552 ab
1794 5497 1882 5551 his
1907 5512 2063 5552 coer-

489 5605 601 5662 ceri
629 5609 831 5667 monet,
858 5598 985 5669 quia
1012 5596 1186 5650 omnis
1207 5583 1554 5650 contentioet
1580 5589 1726 5645 zelus
1753 5588 2068 5644 inimicitias

488 5698 652 5771 parit,
683 5709 817 5764 quas
856 5691 1110 5748 tenebras
1144 5694 1323 5752 vocat,
1353 5686 1478 5753 quia
1514 5685 1581 5739 ad
1609 5682 1744 5737 lucis
1786 5680 2067 5749 praemium

493 5787 776 5856 pervenire
798 5799 904 5842 non
941 5785 1185 5854 possunt.
1218 5777 1319 5833 Sed
1345 5777 1542 5832 induite
1579 5778 1860 5833 Dominum
1889 5777 2071 5833 Iesum

2073 4557 2128 4617 D

2139 3315 2274 3370 Nam
2319 3315 2446 3384 quia
2472 3313 2734 3369 sollicitos
2786 3328 2885 3368 nos
2922 3328 3044 3368 esse
3097 3311 3307 3368 Veritas
3352 3312 3411 3368 in
3441 3313 3730 3367 crastinum

2140 3407 2425 3476 prohibet,
2477 3406 2685 3460 habere
2708 3412 2985 3474 utcunque
3034 3420 3220 3458 auram
3280 3405 3335 3458 in
3381 3404 3734 3474 praesentibus

2141 3512 2251 3552 non
2280 3505 2460 3568 negat,
2507 3513 2671 3566 quam
2717 3496 2863 3551 tendi
2908 3495 2977 3550 ad
3036 3507 3250 3565 tempus
3298 3493 3446 3569 quo'd
3499 3497 3736 3565 sequitur

2142 3589 2395 3644 vetat.Et
2421 3589 2682 3643 nimirum
2704 3586 2929 3653 Paulus,
2955 3602 3079 3640 cum
3107 3601 3296 3641 curam
3326 3587 3515 3641 carnis
3542 3587 3658 3640 tieri
3685 3587 3734 3641 in

2144 3679 2581 3750 concupiscentia
2625 3694 2732 3734 non
2775 3679 2923 3744 sinit,
2970 3677 3162 3749 procul
3213 3678 3379 3732 dubio
3411 3679 3466 3730 in
3501 3677 3731 3732 necessi-

2147 3778 2256 3826 tate
2305 3771 2594 3826 concedit:
2637 3771 2965 3825 discretione
2998 3784 3128 3840 ergo
3177 3769 3358 3838 magni
3407 3768 3732 3826 moderami-

2145 3863 2230 3918 nis
2259 3862 2439 3918 carnis
2468 3877 2598 3916 cura
2635 3859 2894 3915 frenanda
2923 3869 3032 3925 est,
3064 3869 3124 3914 ut
3165 3859 3371 3914 serviat
3417 3867 3474 3912 et
3514 3859 3728 3915 minime

2145 3955 2498 4025 principetur,
2545 3968 2612 4008 ne
2642 3953 2819 4022 quasi
2867 3953 3085 4007 domina
3138 3952 3381 4006 animum
3408 3951 3616 4020 vincat,
3644 3950 3730 4004 sed

2146 4047 2367 4102 subacta
2400 4045 2598 4100 mentis
2629 4044 2868 4100 dominio
2889 4045 3046 4115 quasi
3095 4043 3291 4098 ancilla
3335 4041 3654 4107 famuletur,
3681 4050 3735 4096 ut

2142 4139 2295 4210 jussa
2327 4139 2490 4205 adsit,
2516 4148 2679 4208 atque
2704 4141 2773 4194 ad
2804 4148 2995 4193 nutum
3030 4139 3210 4194 cordis
3238 4137 3458 4208 repulsa
3491 4137 3731 4202 dissiliat,

2147 4237 2208 4284 ut
2261 4230 2350 4282 vix
2395 4245 2428 4281 a
2480 4235 2629 4298 tergo
2710 4237 2913 4283 sanctae
2958 4228 3300 4298 cogitationis
3354 4240 3640 4299 appareat,
3690 4237 3738 4281 et

2147 4334 2423 4388 nunquam
2452 4325 2639 4372 contra
2670 4316 2862 4372 faciem
2893 4324 3038 4373 recta
3077 4318 3368 4388 cogitantis
3422 4319 3673 4373 obsistat.

2727 4427 2957 4483 CAPUT
3020 4429 3160 4482 XIV.

2153 4517 2416 4572 Hortatur
2442 4521 2670 4596 majores
2705 4537 2767 4573 ne
2788 4521 3062 4596 inferiores
3095 4531 3432 4596 contemnant
3471 4535 3568 4578 aut
3594 4540 3736 4579 scan-

2471 4589 2702 4642 dalizent
2724 4628 2738 4653 ,
2777 4591 2866 4643 sed
2889 4591 3109 4658 paciﬁce
3129 4589 3421 4659 'azdiﬁcent.

2227 4679 2507 4748 Inﬁrmum
2550 4691 2725 4734 autem
2753 4681 2811 4734 in
2833 4679 2955 4748 ﬁde
2977 4683 3246 4748 assumite,
3274 4698 3377 4735 non
3407 4683 3464 4758 in
3490 4684 3738 4755 discepta-

2157 4770 2383 4824 tionibus
2423 4769 2818 4840 cogitationum.
2870 4768 3073 4842 (Amb.)
3121 4771 3388 4838 Quoniam
3437 4787 3508 4826 ex
3555 4761 3740 4830 Judais

2158 4870 2313 4914 erant
2338 4860 2429 4929 qui
2459 4859 2732 4916 Romanos
2756 4861 2824 4916 ad
2852 4877 3049 4917 nomen
3083 4862 3285 4918 Christi
3315 4875 3735 4932 assumpserant,

2163 4951 2398 5006 admixta
2435 4950 2570 5021 lege,
2620 4951 2761 5006 sieut
2807 4953 2863 5006 in
2889 4953 3184 5021 primordio
3235 4952 3493 5022 Epistolas
3548 4971 3738 5012 memo-

2159 5041 2294 5106 ravi,
2322 5041 2443 5096 ideo
2473 5041 2793 5110 quihusdam
2839 5043 3120 5099 videbatur
3148 5045 3481 5114 prohibitam
3533 5061 3738 5102 carnem

2162 5136 2320 5189 edere
2357 5151 2466 5190 non
2508 5136 2726 5203 debere,
2770 5136 3039 5206 aliquibus
3084 5147 3284 5205 autem,
3333 5141 3425 5210 qui
3475 5142 3598 5196 sine
3638 5141 3738 5214 lege

2164 5225 2436 5280 Christum
2471 5227 2855 5295 sequebantur,
2898 5228 3184 5283 videbatur
3235 5237 3426 5284 contra
3472 5229 3650 5300 legem
3681 5231 3738 5286 li-

2167 5329 2292 5371 cere
2317 5317 2500 5383 edere,
2544 5326 2601 5372 et
2644 5331 2746 5395 per
2782 5318 2886 5372 hoc
2925 5318 3123 5389 ipsum
3149 5319 3573 5389 disceptationes
3600 5329 3740 5377 erant

2173 5411 2314 5464 inter
2350 5395 2478 5476 eos,
2497 5402 2633 5490 quas
2673 5409 2962 5479 Apostolus
3002 5412 3304 5467 concordiae
3351 5420 3406 5465 et
3435 5411 3603 5467 saluti
3645 5423 3740 5468 stu-

2175 5505 2307 5559 dens
2354 5505 2533 5559 divina
2579 5503 2943 5574 disputatione
2991 5504 3185 5570 aufert,
3239 5505 3536 5559 ostendens
3581 5519 3738 5575 neque

2173 5595 2356 5673 edenti
2378 5597 2635 5666 prodesse
2662 5585 2803 5664 apud
2848 5595 3038 5662 Deum,
3087 5611 3260 5665 neque
3298 5610 3406 5650 non
3439 5597 3621 5651 edenti
3659 5595 3737 5650 ob-

2175 5704 2313 5743 esse.
2343 5688 2616 5744 lnﬁrmum
2645 5703 2764 5743 esse
2791 5689 2943 5753 dicit,
2975 5690 3064 5758 qui
3097 5697 3381 5759 propterea
3409 5689 3556 5758 quod
3585 5686 3736 5743 Judaei

2177 5780 2433 5851 prohibiti
2451 5789 2575 5837 sunt
2594 5780 2748 5837 timet
2770 5781 2958 5838 edere:
2993 5783 3136 5838 hunc
3160 5795 3288 5852 ergo
3311 5779 3426 5837 vult
3449 5780 3646 5834 remitti
3665 5777 3736 5847 ju-
