3948 6378
124 371 263 426 1575

652 365 1202 424 ENARRATIONUM
1238 367 1306 422 IN
1339 366 1495 422 EPP.
1532 363 1737 421 PAULI
1774 363 1900 420 LIB.
1937 362 2050 421 VII.
2086 395 2157 405 —
2195 365 2263 421 IN
2302 365 2517 422 EPIST.
2560 365 2653 423 AD
2691 368 2858 426 ROM.

3244 369 3383 425 1574

122 485 265 538 dicio
289 498 410 544 suo.
428 497 494 537 ne
516 480 828 537 scandalum
847 497 1039 552 passus
1060 499 1088 537 a
1110 481 1397 546 charitate,
1422 496 1542 550 qua:
1554 480 1708 548 quasi
1731 478 2009 545 1.1untati
2038 476 2382 547 subiaceant,
2425 480 2549 549 quia
2588 482 2826 537 dominio
2867 481 3105 535 humano
3144 482 3384 552 subjecta

123 590 298 635 mater
325 589 407 635 est
436 580 761 645 animarum,
785 579 1004 634 recedat
1033 594 1157 634 cum
1194 579 1389 633 mentis
1418 574 1701 647 perturba-

124 672 289 741 tione,
315 685 437 725 cum
463 670 755 726 Christiani
790 668 999 738 paciﬁci
1029 669 1264 724 debeant
1286 681 1406 722 esse
1431 674 1488 722 et
1510 665 1701 735 quieti.

125 760 327 833 (ὑπ-ξς.)
350 760 532 815 Potest
560 760 777 829 quidem
802 746 972 814 videri
1004 760 1204 814 dictum
1221 767 1274 813 et
1304 761 1370 812 ad
1393 771 1486 811 eos
1521 755 1611 824 qui
1638 758 1703 808 ex

125 855 373 925 gentibus
398 854 764 918 crediderunt,
791 851 1112 907 extollentes
1138 867 1195 907 se
1222 839 1536 905 inﬁrmitate
1559 846 1703 913 ﬁdei,

126 947 252 1017 quia
306 946 442 1001 nihil
488 959 777 1000 commune
824 936 917 994 aut
957 942 1294 995 immundum
1345 954 1467 995 esse
1518 936 1707 993 crede-

124 1044 247 1090 rent
300 1034 585 1088 adversum
628 1047 723 1088 eos
767 1032 859 1101 qui
907 1048 973 1085 ex
1003 1031 1418 1086 circumcisione
1456 1028 1704 1084 credide-

126 1130 276 1188 runt,
312 1122 665 1178 observantes
698 1121 873 1177 adhuc
894 1121 1191 1177 secundum
1222 1121 1540 1177 traditiones
1574 1119 1707 1188 legis

126 1212 371 1268 ciborum
399 1211 779 1278 diﬁ‘erentiam,
828 1221 886 1267 ut
913 1225 1007 1268 eos
1034 1213 1330 1282 reprimere
1366 1211 1614 1266 videatur
1652 1217 1709 1265 et

128 1317 373 1365 monere,
405 1317 473 1357 ne
520 1302 779 1358 insultent
830 1303 911 1358 eis
948 1303 1145 1372 quibus
1178 1302 1335 1372 longa
1373 1300 1706 1357 consuetudo

127 1395 180 1447 in
206 1393 559 1448 observandis
597 1394 734 1447 cibis
762 1393 1143 1447 discretionem
1188 1392 1367 1447 adhuc
1395 1391 1626 1461 aliquam
1653 1396 1709 1446 et

125 1486 523 1541 cunctationem
557 1486 824 1539 movebat.
872 1482 1031 1539 lubet
1071 1498 1203 1555 ergo
1236 1499 1357 1539 eum
1396 1484 1489 1553 qui
1532 1483 1606 1538 ita
1648 1484 1703 1538 in

125 1574 225 1628 bac
261 1573 367 1628 ﬁde
408 1574 664 1637 inﬁrmus
709 1583 793 1629 est
836 1575 1041 1629 assumi
1080 1575 1251 1645 magis
1290 1582 1345 1628 et
1380 1589 1485 1629 non
1522 1572 1700 1642 abjici,

124 1678 222 1718 nec
249 1648 406 1732 quasi
435 1664 704 1720 inﬁdelem
738 1663 992 1732 judicari.
1037 1666 1195 1721 Aliud
1236 1675 1320 1725 est
1345 1667 1490 1721 enim
1516 1665 1704 1720 inﬁde-

124 1753 228 1809 lem
244 1769 402 1821 esse,
428 1755 568 1810 aliud
598 1756 864 1811 inﬁrmari
890 1757 944 1810 in
968 1755 1091 1812 ﬁde.
1143 1756 1280 1810 Nam
1306 1756 1538 1812 inﬁdelis
1564 1755 1699 1810 dici—

1808 580 1952 629 sunt.
1990 569 2103 627 Nisi
2129 586 2258 643 ergo
2286 580 2494 627 mentes
2523 573 2903 628 abstinentium
2934 572 3249 643 plerumque
3286 574 3387 627 im-

1806 666 2066 734 patientia
2088 682 2120 719 a
2147 666 2267 720 sinu
2289 664 2701 735 tranquillitatis
2720 674 3020 732 excuteret,
3042 680 3385 738 nequaquam

1806 752 1997 811 Petrus
2028 770 2152 810 cum
2177 755 2381 814 diceret
2411 772 2423 807 :
2462 753 2760 807 Ministrate
2799 756 2853 807 in
2891 754 2995 821 ﬁde
3024 765 3193 811 vestra
3211 743 3382 811 uirtu-

1807 853 1928 911 tem,
1952 847 2008 900 in
2037 848 2220 900 virtute
2244 854 2415 899 autem
2442 845 2735 910 scientiam,
2772 845 2826 898 in
2852 846 3069 900 scientia
3091 858 3264 903 autem
3292 848 3387 903 ab-

1805 939 2106 992 stinentiam
2153 937 2236 1008 (II
2278 935 2395 991 Pet.
2436 936 2499 1008 ι),
2528 937 2776 1008 protinus
2803 930 3089 1007 vigilanter
3130 940 3386 1012 adjunge-

1806 1034 1906 1090 ret,
1931 1026 2136 1092 dicens,
2170 1028 2225 1081 in
2267 1027 2583 1082 abstinentia
2627 1036 2803 1082 autem
2827 1028 3170 1096 patientiam;
3196 1031 3385 1087 deesse

1808 1117 2004 1188 quippe
2031 1118 2423 1177 abstinentibus
2450 1119 2769 1189 patientiam
2813 1118 3081 1187 praevidit,
3126 1135 3245 1190 qua:
3285 1123 3384 1187 eis,

1808 1215 1868 1263 ut
1893 1210 2130 1275 adesset,
2162 1210 2459 1265 admonuit.
2486 1208 2725 1264 Rursum
2751 1208 2854 1263 nisi
2883 1210 3238 1280 cogitationes
3260 1212 3384 1267 abs-

1809 1300 2099 1354 tinentium
2130 1314 2516 1367 nonnunquam
2544 1300 2809 1369 superbiae
2833 1299 2989 1370 culpa
3022 1298 3385 1370 transﬁgeret,

1806 1390 2003 1446 Paulus
2030 1390 2250 1445 minime
2275 1388 2503 1444 dixisSet
2529 1409 2542 1443 :
2571 1390 2675 1456 Qui
2701 1407 2804 1445 non
2827 1390 3135 1455 manducat,
3158 1390 3385 1444 mandu-

1805 1490 2007 1535 cantem
2034 1497 2135 1533 non
2149 1478 2370 1548 judicet,
2395 1478 2489 1548 qui
2512 1494 2699 1535 rursus
2724 1481 2791 1534 ad
2814 1480 2947 1535 alios
2975 1479 3227 1549 loquens,
3258 1480 3386 1535 dum

1807 1572 1873 1626 de
1904 1571 2241 1626 abstinentiae
2277 1571 2480 1625 virtute
2534 1570 2883 1641 gloriantium
2931 1577 3203 1640 prtecepta
3256 1585 3391 1624 con-

1806 1665 2120 1733 stringeret,
2143 1662 2387 1731 adjunxit
2408 1682 2419 1717 :
2442 1682 2460 1714 t
2480 1664 2611 1731 Qua:
2629 1672 2754 1719 sunt
2769 1664 3032 1718 rationem
3058 1663 3274 1734 quidem
3294 1664 3393 1719 ha-

1805 1755 1988 1811 bentia
2012 1754 2289 1823 sapientia:
2335 1754 2387 1807 in
2433 1755 2875 1825 superstitionem
2928 1754 3386 1820 etbumilitatem,

124 1855 209 1902 tur
236 1848 330 1918 qui
362 1862 468 1903 non
497 1849 661 1903 habet
686 1848 869 1915 ﬁdem,
898 1848 1144 1903 inﬁrmus
1166 1857 1348 1903 autem
1371 1849 1427 1902 in
1455 1848 1578 1914 ﬁde,
1610 1848 1704 1918 qui
1732 1834 1780 1894 Β
1807 1856 1863 1901 et
1887 1862 1993 1902 non
2018 1846 2085 1899 ad
2115 1845 2445 1915 parcendum
2474 1846 2709 1916 corpori,
2742 1860 2848 1900 non
2880 1846 2935 1899 in
2979 1846 3183 1900 honore
3211 1843 3393 1913 aliquo

122 1938 331 1995 dubitat
360 1940 414 1995 in
447 1949 600 2009 parte
630 1940 808 2009 aliqua
836 1939 981 1994 ﬁdei.
1011 1939 1196 2010 (Aug.)
1226 1938 1342 1994 Hoc
1380 1954 1511 2009 ergo
1547 1939 1699 2002 dicit,

120 2036 179 2082 ut
205 2044 330 2084 eum
359 2030 450 2099 qui
480 2029 727 2085 inﬁrmus
752 2031 807 2084 in
848 2030 953 2084 ﬁde
994 2037 1077 2084 est
1133 2030 1479 2099 recipiamus,
1517 2037 1572 2084 et
1609 2045 1705 2084 no-

119 2128 234 2176 stra
261 2120 517 2177 ﬁrmitate
547 2122 918 2177 inlirmitatem
948 2120 1064 2189 ejus
1109 2122 1489 2185 sustineamus,
1529 2135 1705 2190 neque

119 2211 475 2282 dijudicemus
515 2212 869 2282 cogitationes
915 2212 1050 2283 ejus,
1106 2212 1160 2266 id
1210 2220 1312 2276 est,
1366 2211 1522 2281 quasi
1562 2210 1706 2266 ferre

118 2301 413 2357 audeamus
436 2302 761 2357 sententiam
795 2300 860 2355 de
885 2300 1061 2356 alieno
1081 2300 1268 2365 corde,
1308 2300 1452 2370 quod
1488 2314 1596 2354 non
1628 2300 1701 2353 vi-

118 2385 331 2443 demus.
357 2388 482 2443 Ideo
505 2386 751 2458 sequitur
771 2396 826 2443 et
846 2388 975 2443 dicit
998 2389 1195 2449 :‘Alins
1217 2390 1353 2442 enim
1376 2388 1538 2442 credit
1554 2404 1705 2442 man-

117 2476 318 2532 ducare
341 2494 395 2532 se
421 2478 597 2531 omnia
627 2518 641 2543 ,
666 2476 758 2548 qui
784 2486 959 2531 autem
988 2478 1231 2546 inﬁrmus
1282 2488 1379 2542 est,
1412 2477 1525 2531 olus
1554 2495 1705 2532 man-

117 2564 296 2620 ducet.“
321 2565 638 2637 (Amb.)llic
666 2564 858 2621 ﬁducia
885 2565 1134 2621 lectionis
1163 2582 1269 2621 non
1291 2568 1501 2623 dubitat
1524 2568 1705 2624 omnia

116 2654 327 2710 edenda
373 2657 493 2725 qua:
538 2656 660 2710 data
705 2665 830 2710 sunt
860 2657 1112 2710 humanis
1144 2656 1346 2721 usibus,
1398 2658 1526 2727 legit
1558 2659 1704 2713 enim

117 2743 177 2797 in
202 2741 422 2810 Genesi,
452 2744 634 2799 omnia
656 2745 798 2799 bona
822 2736 983 2800 valde
1005 2758 1146 2811 esse,
1173 2746 1291 2815 qua:
1321 2747 1701 2812 creavitDeus;

117 2833 243 2888 ideo
274 2832 409 2887 nihil
450 2832 825 2902 rejiciendum,
856 2835 982 2906 quia
1004 2850 1103 2891 nec
1124 2835 1331 2902 Enoch,
1364 2838 1455 2906 qui
1498 2839 1705 2907 primus

118 2920 233 2977 Deo
276 2922 497 2993 placuit,
526 2938 700 2994 neque
742 2923 875 2991 Noe,
919 2926 1008 2995 qui
1048 2928 1101 2981 in
1133 2926 1333 2981 diluvio
1360 2927 1505 2983 solus
1526 2927 1705 2997 justus

116 3014 373 3071 inventus
406 3022 509 3081 est,
560 3030 735 3085 neque
762 3015 1037 3071 Abraham
1070 3016 1169 3071 ille
1209 3017 1414 3072 amicus
1464 3016 1580 3081 Dei,
1612 3024 1706 3070 aut

116 3104 289 3171 Isaac,
316 3103 600 3160 autJacob
625 3105 758 3174 justi
802 3115 858 3161 et
905 3107 1001 3163 Dei
1048 3108 1229 3172 amici,
1280 3108 1421 3161 inter
1467 3114 1603 3177 ques
1650 3117 1705 3162 et

115 3195 257 3252 Loth
288 3196 411 3263 fuit,
443 3206 536 3251 aut
564 3198 747 3252 caeteri
768 3196 904 3267 justi
930 3199 999 3253 ab
1028 3199 1114 3254 bis
1150 3174 1696 3271 abstinuisse—legum
1731 3174 1775 3235 Ο

119 3295 229 3342 tur.
267 3286 451 3360 (Aug.)
494 3286 627 3354 Quia
662 3287 753 3343 illo
809 3294 1079 3359 tempore]
1108 3288 1259 3343 multi
1318 3288 1432 3357 jam
1475 3290 1617 3345 ﬁrmi
1649 3292 1703 3345 in

117 3380 226 3437 ﬁde
284 3391 340 3436 et
413 3381 684 3445 scientes,
745 3381 1041 3437 secundum
1099 3382 1426 3437 sententiam
1492 3382 1706 3437 Domini

120 3470 366 3544 (Matth.
421 3474 576 3542 xv),
630 3486 738 3526 non
786 3471 1187 3527 commaculare
1241 3486 1303 3526 ea
1356 3486 1475 3541 qua:
1525 3472 1582 3526 in
1642 3488 1705 3527 os

116 3562 348 3625 intrant,
380 3562 472 3616 sed
499 3576 619 3630 quae
646 3570 865 3627 exeunt,
906 3561 1275 3616 indiﬁ'erenter
1318 3563 1605 3616 sumebant
1628 3563 1706 3617 οἰκ

117 3654 220 3709 bos
250 3654 397 3708 salva
422 3655 785 3721 conscientia;
814 3654 1031 3724 quidam
1067 3670 1200 3710 vero
1222 3654 1551 3709 inﬁrmiores
1576 3654 1704 3710 abs-

118 3745 368 3799 tinebant
411 3759 442 3797 a
475 3745 729 3799 carnibus
754 3753 809 3799 et
849 3760 880 3797 a
907 3745 1052 3809 vino,
1082 3758 1150 3798 ne
1176 3744 1258 3799 vel
1286 3746 1591 3800 nescientes
1624 3745 1704 3798 in-

118 3834 367 3888 ciderent
386 3833 439 3887 in
460 3848 523 3888 ea
545 3849 664 3903 qua:
681 3835 838 3889 idolis
860 3834 1327 3890 sacriﬁcabantur.
1342 3834 1530 3890 Omnis
1559 3836 1703 3889 enim

119 3933 251 3979 tunc
286 3925 628 3981 immolatitia
664 3942 793 3982 caro
833 3928 888 3981 in
918 3929 1146 3984 macello
1190 3929 1622 3994 venundabatur,
1652 3938 1706 3983 et

120 4016 187 4070 de
232 4018 487 4086 primitiis
528 4019 639 4073 vini
668 4019 911 4075 libabant
935 4029 1121 4092 gentes
1151 4021 1456 4076 simulacris
1485 4022 1617 4089 suis,
1650 4032 1705 4077 et

118 4108 369 4175 quaedam
414 4110 469 4162 in
518 4110 649 4179 ipsis
695 4108 1056 4166 toreularibus
1091 4111 1359 4166 sacriﬁcia
1408 4110 1699 4167 faciebant.

117 4197 281 4253 lubet
321 4214 451 4271 ergo
496 4200 785 4271 Apostolus
826 4212 881 4256 et
928 4204 1013 4258 his
1058 4204 1151 4273 qui
1200 4196 1342 4257 salva
1375 4204 1702 4258 conscientia

124 4288 322 4345 talibus
347 4290 615 4347 alimentis
642 4295 955 4360 utebantur,
985 4310 1092 4349 non
1125 4310 1380 4364 spernere
1419 4296 1703 4351 inﬁrtnita-
1744 4299 1757 4317 '

120 4370 477 4446 temillorum,
502 4383 670 4452 quise
686 4399 715 4437 a
740 4385 935 4439 talibus
956 4386 1093 4440 cibis
1106 4394 1159 4440 et
1176 4395 1305 4455 potu
1336 4387 1697 4453 abstinebant,

121 4479 177 4529 et
220 4472 329 4527 illis
368 4472 613 4538 inﬁrmis,
665 4488 732 4529 ne
777 4490 870 4530 eos
914 4477 1006 4545 qui
1044 4478 1300 4533 carnibus
1340 4480 1701 4533 vescebantur

119 4572 179 4621 et
199 4565 385 4620 vinum
413 4566 689 4632 bibebant,
720 4576 977 4637 tanquam
1021 4569 1187 4639 pollui
1234 4570 1562 4639 judicarent.
1621 4571 1704 4627 Ad

121 4659 227 4715 hoc
248 4657 395 4712 valet
437 4660 578 4727 quod
611 4668 1007 4751 consequenter
1032 4661 1166 4715 dicit
1191 4680 1203 4714 :

192 4748 299 4815 Qui
339 4747 622 4802 manducat
652 4765 755 4802 non
786 4747 1187 4804 manducantem
1225 4767 1328 4804 non
1376 4762 1619 4821 spernat;
1654 4765 1701 4807 et

115 4842 208 4913 qui
243 4855 349 4893 non
373 4839 662 4893 manducat-
692 4840 1094 4895 manducantem
1125 4858 1228 4896 non
1259 4844 1481 4913 judicet.
1532 4845 1703 4900 Firmi

116 4932 266 4987 enim
300 4930 626 4985 inﬁrmiores
646 4932 1035 4987 contumaciter
1072 4938 1513 4993 centemnebant.
1540 4944 1595 4991 et
1622 4937 1703 4992 in-

117 5020 264 5098 ﬁrmi
307 5019 491 5076 ﬁrmos
537 5030 741 5076 temere
762 5008 1098 5091 judicabant.
1134 5024 1333 5099 (Amb.)
1379 5026 1482 5092 Qui
1526 5037 1700 5081 autent

115 5111 360 5181 inﬁrmus
396 5120 490 5174 est,
530 5110 672 5166 olera
726 5114 1024 5168 manducet.
1070 5114 1235 5185 Igitur
1278 5116 1367 5185 qui
1405 5118 1505 5171 hoc
1548 5125 1704 5187 putat

116 5204 253 5260 utile
278 5211 338 5258 ut
384 5203 532 5259 olera
581 5206 727 5270 edat,
779 5206 902 5261 ideo
954 5200 1286 5263 suadendum
1335 5224 1440 5264 non
1491 5219 1591 5274 est,
1643 5220 1703 5264 ut

116 5304 343 5352 carnem
374 5296 529 5362 edat,
580 5309 647 5349 ne
700 5311 823 5350 cum
871 5300 1126 5369 scrupulo
1174 5300 1319 5365 edat,
1360 5307 1414 5354 et
1456 5300 1704 5357 videatut:

115 5394 350 5459 peccare
378 5388 505 5458 quia
525 5389 859 5459 propesitum
890 5405 1047 5446 suum
1074 5407 1181 5447 non
1216 5392 1467 5447 custodit.
1503 5392 1562 5446 Si
1585 5394 1699 5463 quis

118 5477 427 5543 manducat,
459 5494 563 5532 non
578 5478 977 5533 manducantem
1005 5498 1105 5535 non
1136 5492 1365 5553 spernat,
1396 5492 1443 5535 et
1477 5483 1565 5550 qui
1598 5500 1697 5536 non

1808 1938 1876 1992 ad
1896 1937 2236 1992 saturitatem
2265 1936 2467 1991 carnis.
2496 1956 2514 1986 ι
2534 1937 2675 1991 Deus
2696 1935 2845 1991 illum
2867 1936 3165 2007 assumpsit.
3182 1931 3394 2007 (Δηὼ.)

1806 2030 2126 2098 Assumptus
2148 2044 2179 2081 a
2208 2026 2320 2082 Deo
2349 2039 2454 2093 est,
2479 2028 2606 2082 dum
2621 2028 2688 2082 ad
2710 2027 2941 2097 gratiam
2954 2033 3289 2082 vocatusest.
3308 2025 3389 2082 Ta

1804 2122 1919 2189 quis
1945 2135 1996 2171 es
2026 2119 2115 2188 qui
2137 2118 2344 2187 judices
2376 2117 2605 2172 alienum
2646 2118 2890 2172 servum?
2923 2133 3018 2171 suo
3042 2116 3253 2171 domino
3283 2125 3388 2172 stat

1807 2218 1896 2261 aut
1946 2208 2107 2260 cadit.
2168 2206 2506 2261 Manifestum
2572 2214 2676 2272 est,
2733 2221 2949 2262 servum
3016 2220 3123 2261 non
3182 2206 3391 2271 debere

1807 2296 2053 2351 conservi
2084 2297 2410 2351 voluntatem
2422 2295 2671 2366 judicare
2699 2298 2785 2352 cui
2805 2295 2961 2352 lexin
2983 2297 3085 2352 hac
3111 2304 3264 2367 parte
3281 2306 3392 2351 tra-

1807 2385 1917 2440 dita
1949 2400 2057 2439 non
2094 2393 2195 2440 est.
2245 2385 2381 2440 Nam
2429 2402 2534 2457 qua
2577 2385 2912 2441 conscientia
2967 2386 3092 2441 edat
3148 2395 3239 2439 aut
3278 2401 3389 2442 non

1808 2477 1953 2543 edat,
1980 2477 2125 2533 Deus
2146 2478 2315 2548 judex
2347 2487 2448 2541 est,
2483 2476 2636 2547 cujus
2660 2492 2857 2559 servus
2872 2483 2976 2532 est.
3022 2475 3205 2547 (Aug.)
3246 2475 3389 2533 Dicit

1809 2583 1955 2638 ergo,
1998 2576 2055 2622 ut
2082 2570 2137 2622 in
2166 2569 2251 2623 bis
2299 2569 2479 2633 rcbus,
2526 2584 2646 2637 qua:
2691 2575 2919 2638 possunt
2954 2578 3011 2623 et
3036 2568 3179 2622 bono
3208 2566 3389 2621 animo

1810 2661 1945 2726 ﬁeri,
1975 2669 2030 2715 et
2057 2660 2225 2723 malo,
2253 2659 2517 2727 judicium
2543 2660 2655 2714 Deo
2682 2660 3044 2723 dimittamus,
3073 2673 3172 2713 nec
3194 2659 3385 2714 audea-

1808 2767 1929 2805 mus
1978 2750 2045 2805 de
2091 2750 2313 2805 alterius
2342 2752 2525 2815 corde,
2583 2751 2727 2819 quod
2772 2765 2878 2832 non
2927 2736 3192 2815 videmus,
3241 2748 3387 2804 ferre

1807 2845 2131 2900 sententiam
2172 2864 2184 2899 :
2214 2846 2266 2899 in
2298 2847 2382 2900 his
2410 2861 2539 2902 vero
2572 2846 2734 2901 rebus
2761 2862 2881 2916 qua:
2913 2846 2987 2900 ita
3017 2846 3381 2917 comprehen-

1809 2936 2027 3001 duntur,
2061 2946 2120 2991 ut
2158 2952 2251 2991 eas
2291 2938 2432 2991 bono
2475 2946 2529 2991 et
2560 2946 2711 2992 casto
2742 2938 2924 2992 animo
2950 2952 3060 2992 non
3082 2951 3241 3007 posse
3272 2936 3391 2991 ﬁeri

1808 3027 2157 3082 manifestum
2231 3027 2335 3091 sit,
2412 3042 2515 3081 non
2572 3027 2905 3097 improbatur
2957 3027 3003 3081 si
3066 3026 3389 3095 iudicemus.

1808 3118 1993 3189 Itaque
2044 3120 2185 3183 hoc,
2246 3119 2389 3188 quod
2435 3119 2502 3172 de
2545 3118 2679 3173 cibis
2726 3119 2876 3182 dicit,
2942 3120 3071 3187 quia
3112 3120 3392 3187 ignoratur

1807 3224 2042 3279 quonam
2071 3209 2251 3263 animo
2280 3209 2390 3273 ﬁat,
2418 3223 2526 3261 non
2552 3207 2695 3310 vult~
2708 3223 2813 3264 nos
2849 3220 2971 3262 esse
3015 3207 3248 3277 judices,
3293 3206 3388 3262 sed

1807 3301 2009 3365 Deum;
2041 3300 2108 3355 de
2162 3300 2253 3354 illo
2282 3306 2464 3353 autem
2518 3296 2730 3353 nefario
2762 3307 2972 3368 stupro,
3026 3296 3117 3352 ubi
3162 3312 3391 3352 uxorem

1805 3392 1978 3461 patris
2007 3392 2089 3446 sui
2133 3391 2351 3460 quidam
2400 3391 2682 3465 habuerat,
2711 3389 2971 3459 praecepit
3018 3388 3215 3444 debere
3249 3386 3393 3456 judi-

1806 3485 1916 3539 cari
1950 3500 1964 3537 :
1995 3499 2100 3538 non
2148 3485 2290 3537 enim
2338 3490 2548 3553 poterat
2592 3481 2682 3536 ille
2712 3481 2893 3536 dicere
2945 3480 3089 3534 bono
3114 3467 3299 3535 animo
3330 3493 3391 3535 se

1806 3584 1916 3630 tam
1967 3575 2204 3629 immane
2241 3573 2503 3644 ﬂagitium
2538 3572 2895 3627 commisisse.
2946 3570 3088 3640 Ergo
3135 3585 3389 3639 quaecun-

1806 3682 1911 3737 que
1958 3666 2100 3720 facta
2147 3668 2220 3720 ita
2274 3664 2712 3729 manifestantor,
2758 3672 2819 3718 ut
2861 3679 2967 3718 non
3020 3662 3193 3733 possit
3240 3662 3386 3718 dici:

1806 3760 1949 3812 bono
1973 3757 2153 3810 animo
2196 3754 2320 3820 feci,
2358 3754 2647 3822 judicanda
2678 3762 2806 3808 sunt
2841 3768 2871 3807 a
2905 3752 3060 3806 nobis
3093 3769 3107 3817 ;
3137 3762 3391 3821 quaecun-

1806 3864 1909 3919 que
1939 3856 2118 3903 autem
2154 3848 2226 3901 ita
2252 3846 2404 3911 ﬁunt,
2437 3856 2495 3899 ut
2527 3861 2635 3915 quo
2675 3845 2857 3899 animo
2902 3843 3076 3908 ﬁant,
3123 3843 3389 3897 incertum

1805 3940 1894 4003 sit,
1948 3954 2053 3992 non
2102 3944 2226 3992 sunt
2248 3937 2560 4006 iudicanda,
2596 3937 2689 3990 sed
2734 3932 2999 3991 servanda
3020 3932 3225 4002 judicio
3267 3932 3387 3997 Dei,

1806 4031 1944 4085 sicut
1968 4030 2227 4100 scriptum
2266 4036 2365 4092 est,
2405 4048 2422 4079 ι
2453 4043 2570 4097 quae
2594 4026 2805 4082 occulta
2848 4035 2973 4081 sunt
3001 4020 3131 4089 Deo,
3156 4039 3275 4094 qua:
3301 4037 3392 4079 au-

1807 4130 1913 4174 tem
1943 4120 2119 4190 palam
2149 4128 2274 4174 sunt
2294 4118 2447 4173 vobis
2469 4126 2523 4171 et
2552 4116 2675 4171 ﬁliis
2700 4116 2917 4174 vestris.
2945 4135 2962 4165 ι
2991 4113 3187 4187 (Cass.)
3222 4113 3391 4183 Opor-

1805 4219 1883 4266 tet
1936 4213 2078 4265 enim
2127 4225 2564 4281 unumquemque
2620 4210 2967 4279 semetipsum
3015 4207 3388 4263 tantummodo

1799 4304 2043 4373 judicare
2067 4314 2123 4357 ct
2145 4304 2538 4371 circumspecte
2564 4308 2828 4370 cauteque
2851 4298 2905 4352 in
2933 4295 3185 4352 omnibus
3210 4304 3389 4352 custo-

1805 4394 1941 4459 dire,
1969 4408 2073 4447 non
2120 4394 2345 4447 aliorum
2375 4390 2843 4447 conversationem
2884 4380 3160 4458 vitamque
3200 4388 3386 4444 discu-

1728 4510 1781 4570 Ι)
1808 4492 1941 4547 tere,
1968 4483 2262 4537 secundum
2297 4482 2425 4535 illud
2462 4480 2705 4550 Apostoli
2757 4486 3100 4548 praeceptum,
3131 4489 3186 4530 tu
3212 4488 3389 4533 autem

1804 4572 1931 4641 quid
1945 4571 2158 4639 judicas
2184 4571 2400 4640 fratrem
2428 4581 2596 4634 tuum,
2618 4586 2714 4623 suo
2736 4569 2947 4623 domino
2962 4578 3084 4634 stat,
3108 4579 3198 4621 aut
3222 4569 3382 4623 cadit.

1807 4661 1875 4715 Et
1906 4680 1917 4714 :
1955 4661 2133 4714 Nolite
2170 4660 2416 4729 judicare
2448 4669 2503 4712 ut
2532 4676 2635 4713 non
2663 4659 2964 4713 indicemini
2988 4701 3002 4725 ,
3035 4661 3095 4713 in
3121 4674 3221 4730 quo
3250 4661 3388 4714 enim

1798 4753 2002 4821 judicio
2025 4751 2389 4819 judicaveritis
2415 4790 2429 4814 ,
2452 4750 2783 4819 judicabttur
2806 4752 2871 4804 de
2889 4750 3033 4804 vobis
3056 4750 3270 4821 (Matth.
3306 4752 3383 4822 v).

1879 4841 2050 4898 Stabit
2088 4850 2262 4894 autem
2283 4881 2297 4906 ,
2330 4850 2508 4909 potens
2538 4849 2611 4894 est
2637 4842 2774 4895 enim
2796 4839 2933 4893 Deus
2955 4847 3182 4893 statuere
3210 4840 3380 4895 illum.

1807 4932 2010 5003 (Amb.)
2043 4930 2219 4985 Stabit
2246 4972 2261 4996 ,
2293 4932 2485 5003 inquit,
2520 4932 2749 4986 Domino
2778 4944 2895 4995 suo,
2941 4939 3225 5000 propterea
3256 4931 3385 5001 quia

1805 5040 1978 5094 neque
2004 5025 2050 5079 si
2074 5025 2200 5079 edat
2222 5039 2347 5079 reus
2361 5015 2485 5089 erit,
2509 5038 2690 5098 neque
2718 5024 2763 5077 si
2798 5038 2905 5077 non
2928 5024 3053 5078 edat
3077 5022 3380 5091 culpabilis,

1803 5118 1847 5172 si
1872 5124 2048 5170 tamen
2081 5117 2363 5171 devotione
2383 5117 2496 5184 ,hoc
2521 5116 2657 5187 agit,
2700 5132 2807 5170 non
2833 5116 3044 5171 evitans
3074 5116 3210 5168 hanc
3235 5116 3386 5170 velut

1806 5208 2153 5265 contrariam.
2185 5206 2380 5279 (θήρ.)
2434 5206 2542 5262 Sed
2592 5206 2806 5262 videtur
2853 5207 2967 5261 haec
3005 5203 3201 5259 Paulus
3236 5190 3390 5274 pro-

1804 5300 2055 5355 fundiore
2117 5300 2288 5369 magis
2330 5311 2491 5353 sensu
2535 5297 2819 5362 elocutus,
2884 5310 3060 5366 neque
3108 5294 3255 5348 enim
3321 5309 3399 5350 ex

1806 5395 2216 5451 circumcisione
2270 5392 2604 5447 venientibus
2652 5391 2717 5445 de
2749 5388 2976 5444 edendis
3013 5386 3255 5443 oleribus
3306 5383 3415 5438 lex

1807 5488 2008 5557 aliquid
2056 5487 2439 5549 mandaverat,
2492 5491 2551 5537 ut
2595 5483 2727 5553 ipsis
2775 5480 3072 5536 convenire
3134 5475 3427 5530 videatur

120 5568 428 5634 manducet,
459 5570 857 5625 manducantem
879 5590 981 5626 non
997 5574 1201 5643 judicet
1220 5591 1238 5627 :
1260 5576 1381 5643 quia
1406 5578 1699 5631 voluntatis

120 5673 207 5715 cst
248 5660 433 5726 edere,
474 5673 569 5717 aut
599 5680 705 5718 non
736 5666 931 5729 cdere,
963 5680 1027 5720 ac
1056 5682 1154 5734 per
1184 5668 1285 5721 boc
1317 5669 1541 5737 quaesﬁo
1570 5670 1699 5723 hinc

124 5754 245 5811 ﬁeri
268 5769 375 5811 non
404 5754 563 5814 debet
591 5776 603 5811 :
638 5759 705 5814 ad
729 5757 831 5813 hoc
847 5744 990 5812 enim
1019 5756 1160 5814 facta
1178 5769 1302 5816 sunt
1322 5760 1503 5816 omnia
1530 5770 1586 5815 ut
1607 5777 1698 5817 vo-

1807 5580 1949 5650 quod
1994 5580 2105 5644 ait,
2148 5579 2236 5649 qui
2280 5585 2453 5629 autem
2488 5573 2726 5643 inﬁrmus
2756 5582 2833 5627 est
2859 5612 2873 5637 ,
2909 5571 3050 5625 olera
3080 5566 3449 5634 manducet-

1810 5672 1961 5727 Unde
1988 5679 2200 5725 constat
2242 5684 2367 5730 eum
2396 5667 2460 5722 de
2498 5666 2623 5721 cibo
2659 5665 2809 5720 verbi
2864 5663 2967 5715 ista
3016 5666 3269 5714 tractare
3299 5694 3322 5720 ,
3384 5651 3476 5699 ει

1809 5761 2084 5819 inﬁrmum
2111 5762 2290 5817 dicere
2314 5772 2433 5813 esse
2460 5756 2516 5810 in
2542 5755 2646 5810 ﬁde
2676 5764 2797 5811 eum
2828 5794 2844 5818 ,
2880 5751 2972 5817 qui
3014 5764 3125 5805 non
3161 5749 3246 5806 ita
3286 5747 3488 5820 p61”
