3948 6306
500 276 648 340 1875

1149 279 1212 334 Β.
1252 277 1509 336 MBAN!
1546 279 1769 340 MAURI
1802 280 2124 339 ARCBIEP.
2165 281 2476 342 MOGUNT.
2518 285 2804 344 OPERUM
2842 286 3022 346 PARS
3059 293 3143 349 ιιι.

499 397 677 455 fectus
700 403 784 452 est
813 393 1096 460 sensibus,
1137 401 1198 447 ut
1230 393 1404 464 possit
1444 408 1664 449 omnem
1716 395 1898 450 cibum
1941 393 2096 450 verbi
2122 407 2177 470 Α
2200 393 2468 463 coeperint
2515 395 2770 452 inflantur
2797 406 2853 453 et
2879 399 3217 457 extolluntur
3241 406 3532 463 adversum
3559 421 3657 464 eos
3705 415 3810 482 qui

500 491 597 547 Dei
626 503 843 544 sumere
873 506 885 541 :
920 485 1060 542 sicut
1094 496 1158 541 .et
1206 487 1321 556 ipse
1353 485 1644 555 Apostolus
1670 485 1721 539 in
1749 485 1873 539 aliis
1913 484 2048 540 dicit
2076 502 2089 539 :

501 576 866 648 Perfectorum
903 585 1078 630 autem
1121 586 1197 630 est
1229 576 1378 631 cibus
1408 575 1643 641 solidus,
1670 564 1851 629 eorum
1879 574 1970 645 qui
1999 592 2093 645 pro

496 668 840 739 possibilitate
887 668 1131 723 sumendi
1182 668 1497 722 exercitatos
1550 665 1740 722 habent
1797 682 1980 721 sensus
2023 667 2093 720 ad

497 760 863 814 discretionem
885 759 1006 813 boni
1033 768 1084 813 et
1107 758 1236 813 mali
1268 756 1520 829 (Heb.v).
1542 757 1611 811 Et
1634 757 1832 812 iterum
1859 755 1928 812 ad
1959 755 2093 814 alios

495 849 628 904 dicit
664 847 813 902 :Lac
861 847 1008 902 vobis
1055 857 1239 919 potum
1288 847 1431 912 dedi,
1469 863 1575 901 non
1616 863 1810 914 escam,
1858 846 2092 901 nondum

445 940 634 1022 ‘enim
659 937 1032 1018 poteratis“
1058 938 1183 1003 Cor.
1223 937 1340 1010 ιιι).
1389 937 1459 992 Et
1498 937 1746 1008 nunquid
1793 938 1868 992 ita
1924 937 2088 1005 inepti

494 1014 721 1096 erimus,
754 1037 813 1085 ut
841 1037 1094 1100 putemus
1126 1029 1595 1099 Apostolum,-qui
1628 1029 1828 1085 missus
1847 1037 1931 1084 est
1954 1043 2076 1098 prae-

493 1118 678 1174 dicare
703 1119 930 1174 verbum
959 1119 1077 1185 Dei,
1114 1119 1198 1173 lac
1224 1125 1475 1187 portasse
1529 1133 1754 1184 secum-,
1801 1119 1944 1187 quod
1987 1117 2074 1172 Co

489 1210 715 1266 rinthiis
743 1216 929 1279 potum
967 1209 1153 1266 daret?
1186 1208 1293 1264 Sed
1322 1207 1674 1265 manifestum
1697 1218 1799 1274 est,
1832 1211 1934 1264 hoc
1964 1225 2086 1264 eum

495 1303 563 1357 de
585 1302 852 1372 qualitate
887 1301 1042 1356 verbi
1081 1300 1351 1371 proloqui,
1385 1308 1443 1355 et
1466 1308 1756 1370 propterea
1787 1299 1968 1354 dicere
1995 1315 2007 1351 :
2042 1299 2089 1352 si

491 1394 619 1465 quis
646 1392 917 1450 infirmior
953 1400 1039 1454 est
1068 1393 1320 1450 sensibus
1342 1433 1358 1459 ,
1390 1381 1580 1447 et-non
1612 1401 1698 1445 est
1726 1393 1800 1446 ita
1830 1391 2090 1461 perfectae

492 1486 642 1554 fidei,
682 1495 745 1543 ut
768 1480 860 1542 de»
882 1485 1275 1543 secretioribus
1313 1483 1591 1555 mysteriis
1625 1483 1810 1554 capiat
1837 1483 2083 1547 verbum,

493 1595 602 1635 non
643 1578 844 1634 debere
889 1577 941 1632 ei
978 1590 1078 1646 per
1107 1590 1169 1630 ea
1198 1590 1320 1645 qua:
1362 1573 1664 1644 intelligere
1707 1588 1814 1628 non
1862 1581 2041 1642 potest
2068 1613 2083 1639 ,

495 1669 911 1739 disceptationes
923 1667 1312 1739 cogitationum
1326 1664 1680 1721 commoveri.
1703 1683 1720 1714 ι
1741 1664 1896 1718 Alius
1915 1663 2081 1728 enim,

2202 485 2453 539 videntur
2471 486 2654 541 minus
2668 502 2898 556 capaces
2927 505 3066 556 esse;
3097 491 3299 550 idcirco
3331 497 3498 567 igitur
3527 513 3810 570 Interpre-

2201 573 2403 629 tatione
2471 574 2798 646 Apostolicte
2857 581 3199 637 auctoritatis
3262 583 3463 642 Paulus
3511 590 3811 661 utriusque

2196 666 2367 736 partis
2407 667 2755 724 insolentiam
2805 670 3108 742 reprimens
3133 673 3265 729 dicit
3292 692 3306 728 :
3338 675 3413 729 Tu
3437 695 3556 743 quis
3587 699 3641 735 es
3667 722 3683 746 ,
3708 683 3813 752 qui

2187 757 2404 827 judicas
2435 757 2667 813 alienum
2693 763 2933 816 servum?
2973 779 3069 816 suo
3101 764 3328 821 Domino
3371 777 3473 821 stat
3508 780 3601 824 aut
3631 774 3805 826 cadit.

2195 846 2351 914 Quod
2379 847 2545 915 dicit,
2574 859 2678 904 stat
2698 859 2790 903 aut
2838 852 3019 919 cadit,
3070 855 3372 910 secundum
3416 872 3638 914 sensum
3679 866 3812 922 eius

2195 953 2359 1009 quem
2398 940 2648 1010 increpat
2675 940 2827 996 dicit.
2856 941 2996 997 Nam
3029 954 3084 997 et
3125 944 3432 1016 imperitior
3456 989 3472 1015 ,
3520 949 3568 1003 si
3616 952 3812 1005 videat

2194 1031 2502 1100 quempiam
2530 1030 2856 1100 profundius
2881 1033 3108 1102 aliquid,
3137 1046 3193 1089 et
3215 1045 3275 1089 ut
3303 1038 3421 1105 ipse
3453 1053 3650 1108 capere
3689 1055 3806 1092 non

2193 1115 2760 1189 potestssentientem,
2776 1122 3040 1177 cecidisse
3052 1138 3177 1178 eum
3194 1123 3404 1194 judicat
3425 1140 3457 1179 a
3478 1127 3603 1182 fidei
3625 1138 3804 1197 statu,

2192 1217 2248 1262 et
2292 1224 2509 1264 rursum
2559 1211 2654 1279 qui
2707 1211 2967 1266 inflantur
3019 1229 3088 1269 ex
3140 1215 3405 1281 scientia,
3441 1224 3498 1270 et
3528 1231 3640 1273 non
3670 1235 3804 1274 cum

2193 1299 2480 1364 charitate,
2535 1301 2678 1355 sicut
2704 1300 2907 1358 Paulus
2945 1315 3256 1361 commonet
3277 1347 3293 1372 ,
3322 1316 3512 1377 agunt,
3542 1308 3807 1365 similiter

2192 1389 2259 1443 de
2310 1389 2747 1459 imperitioribus
2776 1393 3084 1464 quibusque
3117 1396 3434 1464 opinantur,
3455 1396 3516 1452 'et
3545 1398 3671 1453 ideo
3701 1413 3804 1469 po-

2190 1489 2445 1538 testatem
2467 1481 2625 1537 fratri
2641 1483 2928 1554 judicandi
2947 1486 3138 1542 fratris
3159 1487 3384 1551 exemit.
3432 1487 3580 1544 Bene
3609 1498 3801 1546 autem

2188 1571 2428 1627 alienum
2465 1587 2685 1629 servum
2720 1575 2839 1642 ait,
2871 1577 2998 1647 quia
3048 1578 3309 1634 Dominus
3343 1578 3520 1635 dicit:
3561 1578 3668 1635 Vos
3695 1598 3792 1639 au-

2188 1674 2291 1718 tem
2323 1681 2502 1720 omnes
2547 1666 2739 1735 fratres
2774 1668 2899 1723 estis
2945 1668 3161 1739 (Matth.
3189 1669 3384 1740 xxur),
3421 1685 3616 1727 omnes
3641 1712 3657 1737 ,
3696 1673 3801 1728 hoc

496 1759 1068 1843 inqui‘t,'credit_omnia
1080 1759 1443 1824 manducare;
1469 1775 1488 1808 ›
1516 1771 1625 1812 non
1648 1769 1746 1826 per
1760 1755 1862 1810 hoc
1876 1755 2078 1810 Paulus
2106 1762 2154 1822 Β
2183 1765 2288 1822 est,
2319 1758 2572 1812 universa
2613 1767 2866 1813 creatura
2895 1798 2910 1825 ,
2959 1768 3017 1813 et
3057 1775 3197 1814 unus
3240 1770 3325 1815 est
3351 1760 3503 1816 solus
3531 1762 3800 1816 Dominus

496 1852 558 1909 ad
583 1840 769 1909 omnia
793 1851 1126 1910 comedenda
1161 1851 1456 1922 discipulos
1498 1840 1768 1915 hortatur,
1816 1864 1918 1904 nec
1946 1849 2084 1917 gulae

496 1950 542 1998 et
568 1942 798 2014 gurgitis
821 1950 905 1998 est
925 1942 1187 2013 magister
1211 1956 1225 1995 :
1255 1941 1351 1997 sed
1373 1940 1440 1995 de
1466 1938 1573 1994 illis
1595 1939 1714 1994 sine
1740 1937 1905 1993 dubio
1929 1938 2081 2002 dicit,

498 2049 717 2108 1uorum
771 2035 906 2092 fides
938 2033 1183 2106 perfecta
1214 2041 1346 2099 est,
1374 2042 1430 2088 et
1464 2031 1652 2088 multis
1693 2033 1747 2086 in
1777 2030 1945 2086 verbo
1986 2030 2085 2084 Dei

495 2127 907 2210 discretipnibus
953 2108 1279 2196 impeditur,
1329 2139 1467 2194 quos
1493 2123 1661 2205 idem
1705 2120 1997 2192 Apostolus
2026 2120 2085 2175 in

491 2219 613 2275 aliis
641 2219 910 2290 spiritales
940 2217 1211 2290 appellat,
1240 2231 1363 2272 cum
1388 2215 1522 2271 dicit
1554 2233 1574 2292 εν
1603 2212 1874 2285 Spiritalis
1907 2220 2085 2267 autem

487 2311 755 2368 examinat
783 2311 963 2366 omnia
990 2309 1043 2382 (I
1069 2307 1195 2364 Cor.
1231 2307 1314 2380 ιι).
1343 2308 1573 2382 Ipseest
1613 2319 1743 2374 ergo
1766 2304 1834 2358 de
1855 2317 1965 2371 quo
1990 2301 2082 2356 hie

487 2399 620 2456 dicit
651 2416 666 2454 :
697 2398 848 2453 Alius
894 2408 1072 2452 autem
1117 2397 1283 2464 credit
1328 2396 1654 2476 manducare
1688 2393 1887 2446 omnia.
1921 2390 2084 2446 Deni-

485 2507 590 2566 que
608 2502 664 2549 et
678 2491 959 2564 apostolis,
987 2498 1277 2561 antequam
1302 2486 1570 2558 Spiritum
1598 2493 1845 2541 sanctum
1871 2484 2083 2554 accipe-

484 2590 631 2650 rent,
670 2581 952 2636 dicebatur
973 2594 1011 2643 .a
1041 2578 1272 2633 Domino
1306 2594 1318 2629 :
1350 2575 1524 2646 Multq
1552 2575 1725 2629 adhuc
1749 2573 1937 2638 habeo,
1964 2588 2083 2644 qua:

485 2672 676 2744 loquar
699 2672 868 2738 vobis,
900 2670 992 2725 sed
1019 2686 1125 2724 non
1151 2670 1364 2738 potestis
1380 2667 1474 2720 illa
1492 2666 1647 2720 modo
1675 2665 1884 2729 audire,
1915 2664 2084 2717 veniet

489 2771 666 2818 autem
690 2756 1026 2827 Pardcletus,
1060 2756 1294 2829 Spiritus
1323 2757 1576 2823 veritatis,
1602 2764 1655 2810 et
1674 2755 1788 2826 ipse
1815 2771 1903 2809 vos
1929 2754 2083 2807 doce-

484 2853 555 2907 bit
607 2852 786 2908 omnia
836 2849 1019 2921 (Joan.
1052 2847 1187 2919 xw).
1235 2846 1344 2903 Ista
1396 2861 1528 2917 ergo
1574 2853 1701 2901 sunt
1740 2844 1922 2899 omnia
1961 2837 2082 2913 quae

485 2941 661 2998 credit
710 2936 1040 2994 manducare
1067 2939 1113 2992 is
1161 2938 1254 3008 qui
1287 2951 1387 3006 pro
1440 2936 1565 2990 fidei
1616 2934 1950 3007 perfectione
1983 2948 2082 3003 per

482 3032 716 3102 gratiam
745 3028 981 3098 Spiritus
1031 3027 1207 3082 sancti
1236 3041 1406 3095 capax
1441 3025 1592 3080 verbi
1621 3023 1934 3080 secretioris
1980 3038 2079 3078 ex-

2187 1844 2346 1901 Jesus
2400 1844 2669 1914 Christus,
2700 1848 2795 1918 qui
2827 1855 2912 1903 est
2963 1848 3222 1904 Dominus
3253 1852 3488 1923 omnium
3515 1893 3531 1919 ,
3573 1853 3717 1907 dives
3742 1853 3796 1907 in

2189 1933 2428 1987 omnibus
2459 1933 2638 2004 (Rom.
2667 1934 2760 2006 x);
2788 1936 2950 1992 simul
2972 1946 3029 1993 et
3052 1937 3357 1994 bonitatem
3397 1942 3492 1995 Dei
3548 1942 3795 1997 ineﬁabi-

2187 2025 2292 2081 lem
2318 2026 2653 2095 manifestat,
2668 2043 2795 2083 cum
2809 2029 2943 2084 dicit
2970 2031 3036 2086 de
3059 2045 3125 2086 eo
3146 2032 3240 2101 qui
3263 2033 3529 2089 cecidisse
3549 2036 3790 2103 videtur,

2188 2118 2406 2174 etiamsi
2428 2132 2558 2174 vere
2580 2119 2861 2186 ceciderit,
2904 2121 3031 2190 quia
3067 2131 3247 2187 potens
3276 2135 3349 2179 est
3380 2126 3526 2181 Dcus
3561 2139 3789 2184 statuere

2185 2207 2374 2273 illum;
2402 2207 2663 2262 Dominus
2689 2209 2837 2264 enim
2863 2211 3018 2280 erigit
3040 2211 3198 2267 elisos
3223 2212 3401 2284 (Psal.
3440 2218 3648 2289 cxuv).

2259 2295 2404 2354 Nam
2429 2299 2567 2353 alius
2607 2300 2820 2370 judicat
2866 2303 3010 2366 diem
3045 2304 3184 2358 inter
3219 2306 3379 2373 diem,
3411 2308 3553 2363 alius
3580 2310 3786 2378 judicat

2187 2389 2391 2448 omnem
2439 2395 2597 2460 diem,
2633 2397 2991 2465 unusquisque
3045 2399 3102 2451 in
3166 2413 3268 2468 quo
3327 2417 3485 2455 sensu
3536 2403 3784 2463 abundet.

2186 2483 2374 2556 (Aug)
2406 2484 2760 2552 Sequestrata
2785 2483 2901 2552 jam
2931 2486 3160 2541 meliore
3182 2490 3646 2558 consideratione,
3679 2509 3784 2553 non

2187 2576 2253 2631 de
2285 2575 2495 2664 duobus
2521 2575 2834 2630 hominibus
2878 2577 3014 2631 mihi
3043 2578 3261 2634 videtur
3298 2580 3542 2664 dictum,
3589 2586 3690 2640 sed
3725 2587 3788 2643 de

2186 2662 2408 2720 bomin'e
2433 2671 2490 2718 et
2521 2665 2663 2732 Deo;
2693 2665 2788 2736 qui
2806 2666 2951 2722 enim
2980 2667 3218 2723 alternos
3245 2671 3364 2728 dies
3385 2662 3602 2743 judicat
3628 2676 3790 2733 homo

2183 2763 2268 2810 est
2286 2773 2298 2808 :
2314 2763 2495 2826 potest
2506 2756 2650 2810 enim
2665 2757 2826 2812 hodie
2850 2757 3017 2824 aliud,
3033 2774 3158 2814 cras
3171 2761 3595 2833 aliudjudicare,
3615 2768 3670 2821 id
3684 2776 3786 2834 est,

2183 2854 2242 2901 ut
2255 2861 2633 2917 quemcunque
2655 2848 2817 2904 hodie
2830 2848 3033 2903 malum
3047 2852 3357 2908 convictum
3369 2854 3790 2927 confessumque

2185 2941 2543 3006 damnaverit,
2578 2941 2936 2996 cras-bonum
2964 2941 3206 2999 inveniat
3251 2960 3378 2999 cum
3421 2961 3480 3002 se
3507 2926 3786 3002 correxit:

2183 3029 2270 3085 vel
2297 3037 2488 3085 contra
2510 3045 2633 3084 cum
2661 3029 2900 3099 aliquem
2912 3029 3118 3098 justum
3138 3032 3300 3087 hodie
3324 3034 3654 3103 laudaverit,
3671 3051 3785 3093 cras

480 3117 882 3184 stiterit,babet
905 3124 1085 3171 tamen
1108 3124 1164 3171 et
1179 3114 1427 3170 infirmus
1453 3115 1598 3183 quod
1619 3125 1800 3170 sumat
1820 3128 1889 3168 ex
1915 3114 2083 3169 verbo
2111 3121 2159 3186 ο
2189 3118 2432 3173 inveniat
2457 3119 2835 3193 depravatum;
2855 3121 2947 3190 qui
2971 3129 3152 3176 autem
3171 3120 3383 3190 judicat
3409 3139 3630 3183 omnem
3648 3129 3781 3184 diem

482 3212 599 3269 Dei.
635 3212 731 3266 Est
757 3211 967 3281 species
990 3209 1238 3279 quaedam
1268 3209 1446 3273 verbi,
1476 3223 1638 3277 quam
1668 3208 1758 3262 hic
1783 3206 2073 3278 Apostolus

481 3303 628 3359 olera
656 3301 974 3372 appellavit,
1001 3315 1123 3372 quae
1159 3299 1431 3354 audientis
1460 3313 1679 3353 sensum
1703 3312 1810 3353 non
1839 3306 1948 3350 tam
1979 3310 2071 3351 ro-

481 3368 704 3448 bustum
723 3368 926 3446 reddat
952 3368 1256 3454 cit—fortem,
1278 3404 1441 3459 quam
1465 3396 1734 3443 sustentet
1766 3397 1821 3442 et
1849 3388 2075 3442 interire

482 3496 590 3536 non
620 3480 801 3535 faciat.
845 3479 905 3534 In
934 3479 1118 3535 multis
1142 3479 1345 3534 etenim
1388 3479 1454 3534 de
1499 3477 1848 3533 interioribus
1881 3478 2074 3533 animae

482 3574 732 3630 sensibus
758 3571 940 3627 divina
985 3570 1270 3643 Scriptura
1295 3571 1451 3642 quasi
1479 3573 1545 3627 de
1571 3571 1932 3626 exterioribus
1959 3585 2076 3624 cor-

482 3665 632 3735 poris
660 3663 898 3732 loquitur
927 3662 1232 3729 membris,
1281 3670 1337 3717 et
1381 3663 1524 3716 sicut
1562 3676 1704 3730 saepe
1751 3661 2071 3728 docuimus,

486 3756 804 3811 interiorem
842 3754 1143 3821 hominem,
1193 3753 1283 3808 vel
1339 3754 1554 3819 videre,
1615 3755 1701 3809 vel
1743 3754 1951 3820 audire,
1989 3753 2076 3808 vel

485 3847 762 3902 ambulare
789 3845 1083 3913 nominari,
1115 3846 1191 3900 ita
1220 3853 1276 3902 et
1322 3861 1466 3901 nunc
1506 3845 1623 3916 ipse
1655 3845 1881 3899 interior
1913 3845 2076 3900 homo

487 3946 580 3992 aut
620 3951 838 3992 onmem
875 3937 1074 3993 dicitur
1110 3935 1289 4000 cibum
1321 3950 1481 4006 posse
1525 3935 1830 4006 percipere,
1870 3935 1918 3988 si
1946 3949 2074 4004 per-

476 4030 665 4085 fectus
688 4036 794 4094 est,
826 4036 920 4082 aut
945 4029 993 4082 si
1021 4028 1270 4083 infirmus
1292 4036 1395 4093 est,
1422 4028 1573 4082 olera
1598 4029 1960 4093 manducare;
1983 4027 2078 4082 sed

487 4129 546 4176 ut
574 4120 941 4190 perfectorum
972 4120 1028 4174 in
1061 4119 1304 4175 Ecclesia
1363 4120 1713 4175 concordiam
1783 4129 1838 4175 et
1871 4120 2076 4189 imper-

489 4199 782 4278 fectorum,
811 4219 1071 4284 tanquam
1113 4213 1520 4269 inhonestorum
1553 4216 1610 4269 in
1633 4229 1860 4285 corpore
1904 4208 2076 4270 mem-

487 4305 713 4360 brorum
746 4305 1209 4376 honestorumque
1237 4315 1562 4378 componat,
1595 4323 1698 4364 nec
1730 4310 1996 4364 habeatur
2024 4309 2080 4362 in

488 4395 568 4451 eis
597 4395 705 4450 ulla
729 4395 1019 4461 dissensio,
1047 4396 1187 4452 dicit.
1213 4413 1224 4447 :
1267 4397 1370 4462 Qui
1393 4398 1680 4452 manducat
1709 4415 1811 4452 non
1851 4399 2079 4452 mandu-

2179 3208 2322 3263 Deus
2343 3216 2445 3292 est,
2463 3210 2591 3277 quia
2611 3223 2720 3264 non
2736 3209 2918 3265 solum»
2931 3211 3110 3280 qualis
3131 3213 3479 3286 quisque[sit,'
3507 3218 3605 3272 sed
3625 3220 3780 3275 etiam

2181 3296 2359 3367 qualis
2385 3297 2535 3351 omni
2566 3297 2654 3354 die
2682 3297 2898 3353 futurus
2927 3301 3019 3365 sit,
3049 3303 3218 3357 novit.
3243 3303 3387 3375 Ergo
3407 3309 3780 3382 unusquisque]

2177 3387 2235 3442 in
2289 3404 2384 3442 suo
2438 3386 2702 3442 intellectu
2751 3383 3014 3457 abundet;
3055 3387 3272 3462 inq'uit,
3301 3395 3355 3449 id
3384 3405 3779 3468 est,.quantum

2178 3479 2418 3533 humano
2449 3477 2744 3534 intellectui
2793 3495 2898 3535 non
2951 3480 3156 3549 solum,
3209 3484 3294 3539 vel
3346 3488 3646 3560 unicuique
3681 3491 3777 3546 bo-

2178 3568 2313 3622 mini
2354 3582 2676 3624 concessum
2731 3578 2850 3637 est,
2888 3580 3100 3626 tantum
3137 3574 3334 3630 audeat
3380 3578 3648 3646 judicare.
3680 3579 3778 3652 Qu,-

2178 3659 2334 3728 sapit,
2370 3659 2567 3729 inquit,
2617 3659 2779 3726 diem,
2831 3660 3059 3716 Domino
3096 3665 3253 3734 sapit.
3282 3664 3342 3720 Id
3364 3677 3470 3733 est,
3502 3670 3633 3738 quia
3681 3671 3775 3726 hoc

2183 3748 2361 3819 ipsum
2385 3750 2454 3804 ad
2476 3759 2805 3820 praesentem
2828 3751 2975 3806 diem
3001 3752 3140 3807 bene
3177 3754 3414 3822 judicat,
3437 3756 3666 3814 Domino
3693 3777 3777 3814 sa-

2184 3842 2260 3912 pit
2283 3858 2302 3906 ;
2335 3841 2439 3895 hoc
2461 3850 2547 3895 est
2568 3842 2717 3896 enim
2744 3843 2884 3897 bene
2917 3841 3164 3910 judicare
3191 3845 3260 3900 ad
3283 3845 3454 3912 diem,
3481 3858 3545 3902 ut
3571 3851 3778 3909 noveris

2182 3948 2290 3988 non
2319 3948 2439 3988 esse
2470 3934 2536 3989 de
2565 3935 2906 3990 correctione
2935 3935 3054 4006 ejus
3097 3937 3498 4008 desperandum
3540 3943 3595 3997 in
3640 3943 3777 3998 futu-

2182 4039 2324 4090 rum,
2358 4025 2423 4079 de
2463 4025 2618 4095 cujus
2647 4024 2805 4096 culpa
2827 4025 3116 4082 manifesta
3148 4029 3205 4083 in
3237 4033 3532 4100 praesentia
3566 4033 3773 4101 judica-

2184 4116 2350 4170 veris.
2397 4115 2575 4179 Alius,
2619 4117 2817 4184 inquit,
2844 4118 3092 4185 quaedam
3131 4122 3405 4177 nonnullis
3458 4125 3776 4183 intermissis

2184 4206 2435 4276 intelligit
2461 4224 2472 4258 :
2512 4205 2649 4261 alius
2673 4221 2807 4261 vero
2840 4207 2909 4261 ad
2934 4207 3267 4265 intellectum
3288 4213 3471 4267 omnia
3502 4217 3771 4284 possibilia

2184 4298 2258 4351 ita
2304 4305 2374 4350 ut
2406 4305 2533 4351 sunt
2559 4297 2788 4352 videnda
2825 4300 3118 4368 cognoscit.
3160 4299 3361 4372 (Θήρ.)
3391 4302 3581 4360 Potest
3603 4316 3770 4363 tamen

2187 4387 2484 4441 secundum
2517 4386 2715 4441 litterae
2743 4386 3076 4457 Apostolicae
3127 4395 3578 4463 consequentiam
3613 4399 3771 4453 videri

489 4497 690 4565 cantem
720 4503 823 4542 non
852 4495 1085 4557 spernat,
1118 4496 1166 4541 et
1191 4488 1281 4558 qui
1307 4503 1412 4541 non
1440 4489 1727 4541 manducat
1752 4489 2082 4541 manducan-
2110 4494 2164 4553 D
2191 4479 2292 4532 hoc
2323 4479 2390 4532 de
2435 4478 2683 4532 ciborum
2737 4481 3070 4534 continentia
3100 4483 3185 4536 vel
3227 4483 3480 4540 libertate
3514 4491 3728 4542 tractari
3754 4508 3766 4543 :

488 4589 588 4634 tem
616 4595 720 4632 non
734 4578 958 4648 judicet.
985 4578 1100 4634 Hoc
1117 4587 1218 4644 est,
1237 4578 1382 4649 quod
1401 4587 1456 4635 et
1483 4580 1613 4634 alibi
1629 4579 1832 4634 dicitur
1855 4597 1869 4636 :
1901 4599 1918 4631 ‹
1945 4579 2083 4646 Quia

491 4684 597 4724 non
626 4676 806 4739 potest
836 4667 1027 4723 oculus
1052 4668 1234 4723 dicere
1258 4669 1464 4735 manui,
1502 4669 1619 4725 Non
1638 4684 1696 4724 es
1725 4670 1858 4724 mihi
1889 4686 2084 4740 neces-

490 4745 632 4817 Saria
658 4800 673 4827 ,
706 4767 762 4814 et
789 4767 953 4829 caput
979 4757 1210 4829 pedibus
1235 4799 1249 4824 ,
1283 4757 1400 4814 Non
1429 4759 1679 4814 desidero
1721 4774 1940 4828 operam
1987 4774 2081 4814 ve-

492 4860 700 4916 stram;
750 4851 846 4905 sed
895 4848 1068 4904 multo
1101 4850 1276 4921 magis
1304 4891 1318 4917 ,
1367 4866 1486 4922 qua:
1531 4851 2084 4911 videntur‘membra

492 4941 736 5008 corporis
751 4940 1282 5007 inhonestioraesse,
1296 4943 1672 4998 necessariora
1699 4954 1842 5001 sunt.
1868 4966 1886 4999 ι
1915 4948 1982 5002 Et
1998 4927 2084 5003 his

493 5046 642 5102 ergo,
670 5044 900 5112 quorum
929 5030 1063 5087 ﬁdes
1096 5041 1247 5088 tanta
1279 5041 1382 5099 est,
1405 5042 1467 5088 ut
1487 5035 1670 5090 omnia
1697 5038 1906 5106 possint
1931 5055 2086 5094 man-

495 5123 692 5177 ducare
705 5131 986 5177 etomnem
1009 5126 1163 5180 verbi
1187 5128 1422 5195 speciem
1444 5142 1662 5197 capere,
1683 5143 1751 5182 ne
1771 5131 2088 5200 superbiant

497 5220 552 5266 et
577 5221 838 5281 spernant
875 5227 970 5268 eos
1021 5215 1114 5284 qui
1144 5215 1472 5273 inﬁrmiores
1537 5226 1664 5272 sunt
1711 5220 1977 5289 praecipit,
2031 5229 2087 5277 et

497 5319 713 5359 rursum
741 5304 826 5359 his
853 5306 946 5374 qui
989 5306 1275 5378 incapaces
1297 5315 1422 5363 sunt
1441 5309 1780 5379 perfectioris
1829 5313 2087 5368 doctrinae

499 5394 741 5459 mandat,
770 5409 839 5448 ne
869 5392 1116 5463 judicent
1168 5412 1262 5453 eos
1316 5415 1546 5468 quorum
1598 5415 1789 5456 sensus
1836 5404 2087 5474 capacior

500 5490 606 5546 est,
635 5491 687 5537 et
722 5483 1028 5540 intellectus
1059 5488 1383 5544 eminentior
1413 5509 1426 5544 :
1459 5491 1632 5546 solent
1654 5493 1802 5547 enim
1829 5508 2084 5562 perverso

500 5573 693 5629 ordine
721 5574 957 5646 imperiti
980 5577 1463 5647 peritosjudicare,
1482 5575 1537 5636 at
1560 5584 1772 5639 desides
1787 5586 2076 5641 studiosos.

2187 4570 2442 4641 quoniam
2469 4569 2686 4638 quidem
2719 4572 2954 4637 vocatio,
2980 4589 3100 4642 quae
3146 4575 3201 4628 in
3249 4574 3468 4632 Christo
3507 4584 3612 4648 est,
3643 4582 3767 4636 nihil

2186 4677 2472 4716 commune
2509 4671 2603 4716 aut
2642 4663 2982 4718 immundum
3013 4666 3169 4735 ponit
3199 4667 3253 4721 in
3301 4668 3475 4735 cibis,
3507 4671 3607 4725 sed
3649 4687 3766 4729 con-

2186 4755 2430 4808 tinentia:
2458 4753 2598 4808 ratio
2629 4755 2820 4830 suadet
2850 4756 3015 4810 etiam
3059 4773 3090 4811 a
3119 4757 3281 4813 licitis
3308 4761 3605 4830 abstinere,
3655 4764 3765 4819 Non

2185 4847 2344 4910 enim,
2387 4854 2443 4899 ut
2491 4854 2546 4900 ct
2595 4845 2711 4914 ipse
2760 4829 2815 4900 in
2864 4847 2986 4902 aliis
3022 4848 3151 4902 dicit
3193 4848 3246 4918 (Ι
3277 4847 3399 4903 Cor.
3431 4867 3507 4920 vi,
3534 4855 3624 4925 χ),
3654 4859 3763 4927 quia

2187 4939 2363 4992 omnia
2387 4939 2562 5004 licent,
2581 4938 2776 4992 idcirco
2801 4939 2960 4991 etiam
2983 4941 3481 5011 omnia'expediunt,
3504 4946 3586 4998 vel
3602 4949 3762 5001 omnia

2189 5031 2495 5100 ludiﬁcant;
2543 5032 2662 5101 ipsa
2690 5041 2871 5085 tamen
2903 5031 3244 5109 abstinentia:
3274 5036 3414 5089 ratio
3449 5038 3666 5095 diversa
3692 5050 3762 5097 est

2187 5138 2286 5191 pro
2312 5131 2437 5177 voto
2484 5131 2538 5177 et
2575 5122 2850 5193 proposito
2896 5124 3158 5179 voventis.
3221 5125 3376 5181 Alius
3406 5143 3643 5201 namque
3672 5134 3761 5191 hoc

2181 5216 2410 5285 judicat,
2440 5226 2494 5271 et
2525 5217 2597 5270 ita
2629 5217 2769 5286 apud
2798 5217 3010 5273 animos
3038 5233 3164 5274 suos
3184 5217 3449 5290 decernit,
3474 5236 3535 5279 ut
3559 5242 3764 5284 omnem.

2190 5309 2499 5376 diem,‘hoc
2533 5320 2649 5376 est,
2690 5311 3006 5366 continuum
3034 5314 3159 5368 vitae
3195 5330 3306 5370 suae
3337 5325 3555 5389 tempus
3598 5324 3759 5397 exigat

2189 5401 2246 5456 i‘n
2276 5402 2602 5458 abstinentia
2628 5419 2641 5468 ;
2676 5402 2812 5457 alius
2840 5417 2969 5458 vero
3007 5413 3217 5474 tempus
3245 5406 3467 5478 aliquod
3493 5413 3645 5478 velut
3681 5431 3756 5470 vo-

2190 5495 2299 5548 tiva
2345 5493 2678 5563 professione
2706 5495 2980 5560 decernit,
3032 5497 3087 5550 in
3132 5511 3241 5566 quo
3279 5501 3398 5555 sive
3439 5513 3501 5558 ut
3541 5504 3752 5577 jugem,

2187 5587 2300 5639 sive
2317 5593 2373 5638 ut
2409 5584 2758 5654 temporalem
2784 5586 3045 5654 suscipiat
3065 5589 3478 5648 continentiam.
3510 5596 3753 5654 Uniuscu-

500 5660 778 5732 Interdum
821 5669 1002 5727 tamen
1061 5678 1117 5726 et
1155 5672 1212 5728 hi
1261 5673 1353 5740 qui
1410 5675 1648 5732 scientiae
1707 5679 1885 5749 aliqua
1924 5681 2077 5738 initia
2178 5681 2375 5751 jusque
2416 5681 2662 5742 sensibus
2705 5681 2796 5735 dat
2835 5680 3438 5758 liberamfacultatcm.
3472 5689 3754 5762 Utrumque
