3948 6340
193 314 337 374 1577

721 308 1269 367 ENARRATIONUM
1304 308 1370 362 IN
1408 306 1553 362 EPP.
1593 301 1794 358 PAULI
1827 300 1958 355 LIB.
1998 298 2105 355 VII.
2148 328 2212 339 ——
2245 295 2313 352 IN
2351 291 2566 352 EPIST.
2607 292 2697 349 AD
2734 290 2899 348 ROM.

3293 290 3317 345 l
3328 288 3432 343 578

194 438 382 483 tamen
431 430 709 495 acceptum
743 424 863 480 neri
921 423 1062 494 apud
1116 420 1401 475 Dominum
1462 418 1763 489 pollicetur.
1794 416 1845 475 Α
1870 411 2141 465 discutere
2161 417 2218 463 et
2234 417 2417 463 nostra
2449 420 2558 495 non
2585 402 2900 495 qutereresi
2930 400 3282 495 omnipotenti

195 511 305 582 Qui
326 515 461 585 sapit
484 514 644 580 diem,
667 512 893 567 Domino
928 512 1063 580 sapit
1088 528 1107 574 ;
1136 519 1185 565 et
1214 510 1303 579 qui
1330 509 1632 571 manducat,
1666 506 1771 560 Do-

192 609 343 661 mino
364 605 644 659 manducat
670 618 689 655 .'
718 603 914 674 gratias
964 602 1101 655 enim
1130 601 1238 670 agit
1262 599 1372 653 Deo
1398 616 1413 664 ;
1445 609 1494 652 et
1537 599 1628 667 qui
1671 612 1776 650 non

195 698 505 763 manducat,
525 690 746 751 Domino
772 711 876 749 non
898 692 1267 758 manducat,et
1292 692 1489 763 gratias
1517 691 1622 759 agit
1644 688 1772 743 Deo.

194 789 400 845 Gratiae
424 803 551 857 ergo
572 788 685 843 Deo
705 787 773 842 ab
792 794 1022 856 utroque
1044 783 1375 848 referuntur,
1428 782 1498 837 ab
1546 781 1636 836 illo
1679 792 1778 849 pro

198 879 377 936 fructu
398 878 765 943 continentite,
794 878 861 931 ab
887 878 991 930 hoc
1017 872 1149 929 vero
1169 873 1535 942 pro'libertate
1559 884 1780 926 vescen-

198 968 293 1029 di;
336 968 430 1021 sed
478 966 757 1035 quoniam,
806 971 867 1019 ut
923 962 978 1018 in
1016 961 1377 1018 anterioribus
1423 960 1777 1023 ostendimus,

198 1054 522 1126 profundior
556 1054 828 1108 invenitur
851 1051 1089 1122 Apostoli
1115 1066 1327 1116 sensus,
1351 1065 1511 1120 quam
1539 1050 1779 1104 ciborum

200 1144 502 1199 carnalium
529 1143 667 1198 ratio
692 1142 931 1198 continet
958 1141 1015 1196 in
1042 1140 1270 1206 spiritali
1312 1140 1667 1211 expositione,
1692 1153 1779 1193 se-

202 1235 441 1288 cundum
474 1247 538 1287 ea
586 1247 705 1301 qua:
751 1245 914 1301 supra
943 1230 1295 1285 dissvruimns
1328 1231 1394 1286 de
1423 1230 1510 1283 his
1552 1244 1781 1299 quorum

203 1321 344 1375 alius
372 1334 585 1383 omnem
622 1320 785 1384 diem,
814 1319 953 1375 alius
980 1335 1111 1376 veto
1136 1320 1379 1375 alternos
1398 1318 1611 1386 judicat
1640 1319 1777 1372 dies.

202 1410 498 1467 Possumus
529 1410 657 1465 illud
682 1411 884 1466 sentire
906 1448 923 1475 ,
947 1412 1092 1479 quod
1132 1410 1193 1464 in
1237 1407 1535 1477 Scripturis
1586 1407 1781 1462 divinis

205 1500 628 1570 unumquodque
680 1500 971 1571 capitulum
998 1540 1012 1564 ,
1051 1502 1105 1555 in
1136 1514 1241 1569 quo
1267 1499 1457 1569 dogma
1487 1500 1701 1569 pietatis
1728 1507 1781 1552 ct

207 1590 334 1645 ﬁdei
391 1605 502 1645 con'
522 1592 736 1655 inetur,
783 1590 897 1645 dies
932 1590 1163 1645 dicatur.
1202 1588 1340 1644 Vere
1369 1590 1511 1643 enim
1542 1589 1655 1643 dies
1699 1598 1782 1643 est

205 1679 303 1750 qui
331 1680 598 1734 illuminat
624 1690 861 1735 mentem
888 1719 903 1744 ,
933 1680 1028 1748 qui
1075 1680 1390 1750 ignorantia:
1424 1679 1672 1733 tenebras
1701 1677 1782 1731 fu-

1872 499 2117 553 volumus
2145 496 2475 552 ministrare.
2503 493 2620 548 Sive
2640 494 2774 546 enim
2796 492 3033 557 vivimus,
3065 490 3289 545 Domino
3308 492 3437 545 vivi-

1871 604 2008 653 mus;
2022 589 2126 642 sive
2144 588 2419 651 morimur,
2437 584 2659 638 Domino
2675 584 2943 637 morimur.
2960 583 3105 637 Idem
3120 588 3205 638 est
3216 595 3441 655 senats;

1874 679 1993 736 Sive
2006 694 2126 749 ergo
2140 678 2376 742 vivimus,
2390 676 2495 731 sive
2504 675 2778 740 morimur,
2791 672 3002 729 Domini
3015 689 3217 728 sumus.
3233 672 3443 745 (Amb.)

1874 769 2075 825 Verum
2100 778 2185 824 est
2222 780 2409 824 omnes
2438 780 2539 821 nos
2568 763 2782 819 Domini
2823 764 2977 833 quasi
3018 779 3207 820 servos
3232 763 3287 819 in
3311 777 3445 819 con-

1876 861 2075 917 ditione
2088 866 2143 914 et
2158 855 2533 925 Redemptoris
2548 853 2803 916 dominio,
2820 861 2876 907 et
2893 865 3325 921 unumquemque
3344 864 3445 920 pro

1876 948 2071 1005 merito
2093 960 2193 1001 suo
2217 944 2457 999 tractari.
2482 940 2679 1014 (0rig.)
2702 940 2841 1008 Quid
2862 941 2931 995 sit
2948 942 3126 996 vivere
3152 942 3207 996 in
3230 940 3449 996 Christo

1876 1046 1931 1092 et
1951 1036 2080 1107 quid
2110 1035 2182 1089 sit
2212 1034 2348 1088 mori
2378 1034 2433 1087 in
2468 1032 2691 1088 Christo
2727 1031 2933 1086 dictum
2959 1046 2991 1083 a
3015 1031 3171 1085 nobis
3200 1046 3339 1101 saepe
3365 1038 3451 1085 est

1879 1128 1933 1182 in
1981 1127 2141 1197 hujus
2177 1123 2430 1194 Epistola:
2467 1122 2839 1193 expositione,
2890 1128 2947 1175 et
2978 1122 3247 1190 praecipue
3291 1122 3346 1176 in
3384 1134 3452 1175 eo

1878 1218 1998 1272 loco
2023 1215 2113 1269 ubi
2142 1214 2433 1284 explanare
2469 1212 2796 1267 tentavimus
2824 1226 3131 1267 sermonem
3158 1210 3405 1282 Apostoli
3432 1248 3449 1273 ,

1879 1322 1986 1376 quo
2006 1308 2080 1359 ait
2101 1303 2272 1370 (Rom.
2291 1302 2367 1373 γι)
2386 1321 2400 1357 :
2419 1303 2476 1356 Si
2488 1314 2660 1356 autem
2680 1303 2875 1356 mortui
2894 1319 3074 1357 sumus
3090 1319 3209 1357 cum
3222 1301 3455 1367 Christo,

1880 1396 2136 1449 credimus
2162 1394 2286 1462 quia
2312 1400 2359 1445 et
2386 1392 2713 1444 convivemus
2740 1392 2807 1443 ei.
2838 1390 2896 1445 Si
2926 1406 3053 1461 ergo
3107 1392 3453 1446 meminimus

1879 1499 1999 1553 quae
2036 1485 2088 1537 in
2119 1484 2221 1537 hoc
2249 1482 2367 1536 loco
2397 1482 2541 1535 dicta
2570 1488 2733 1544 sunt,
2766 1494 2830 1533 ex
2862 1480 2993 1549 ipsis
3018 1482 3182 1534 etiam
3210 1482 3457 1550 proposi—

1883 1584 1970 1631 tus
1995 1576 2049 1629 in
2079 1574 2330 1644 pnesenti
2369 1586 2551 1628 sermo
2585 1572 2913 1642 apostolicus
2960 1572 3198 1641 apertior
3226 1580 3281 1627 et
3323 1572 3459 1627 luci—

1883 1668 2001 1723 dior
2031 1666 2146 1729 liet,
2174 1665 2442 1734 quomodo
2470 1679 2629 1719 nemo
2648 1672 2893 1717 nostrum
2915 1663 3016 1717 sibi
3038 1663 3273 1728 vivat,et
3296 1677 3456 1720 nemo

205 1749 321 1841 μιν
351 1771 443 1839 qui
466 1768 871 1837 ουηεωωνφιί
900 1767 981 1821 εοι
1007 1776 1090 1821 ρει
1108 1768 1346 1837 insuum,
1376 1768 1536 1823 habet
1564 1768 1619 1820 in
1640 1783 1776 1821 sese,
1812 1749 1857 1807 Β
1885 1756 1988 1810 sibi
2021 1756 2301 1807 moriatur.
2352 1752 2468 1807 Non
2496 1754 2640 1807 enim
2670 1753 3038 1822 unusquisque
3063 1753 3177 1819 ipse
3202 1753 3303 1807 sibi
3335 1753 3457 1817 dat,

208 1858 269 1915 Si
299 1859 424 1929 quis
444 1872 575 1929 ergo
613 1858 685 1912 sit
718 1857 812 1925 qui
853 1857 927 1910 ita
974 1857 1167 1911 divinis
1212 1858 1408 1911 litteris
1434 1872 1655 1926 operam
1685 1858 1783 1910 im-

204 1948 409 2019 pendat
468 1961 533 2000 ac
578 1946 813 2001 studium
841 1986 857 2011 ,
904 1953 965 1999 ut
1008 1960 1223 2000 omnem
1272 1946 1413 2001 diem
1462 1954 1518 1999 et
1569 1960 1783 2001 omnem

204 2050 428 2091 sensum
458 2034 755 2105 Scriptum
789 2035 986 2089 divina:
1012 2035 1264 2089 discutiat
1304 2044 1355 2090 et
1396 2035 1670 2103 dijudicct,
1710 2036 1781 2088 ita

204 2132 267 2178 ut
297 2138 403 2177 non
430 2139 553 2179 eum
578 2133 919 2202 pertranseat
944 2125 1012 2179 de
1033 2124 1151 2195 lege
1178 2126 1286 2180 iota
1318 2141 1483 2179 unum
1534 2126 1618 2181 vel
1647 2141 1784 2179 unus

205 2229 368 2284 apex,
392 2214 481 2270 hic
500 2230 717 2270 omnem
746 2216 887 2271 diem
913 2216 1180 2271 videbitur
1196 2217 1467 2287 judicare:
1496 2218 1587 2286 qui
1607 2226 1783 2293 autem

206 2318 315 2358 non
346 2313 428 2359 est
450 2314 632 2361 tantus
661 2306 910 2375 ingenio,
938 2306 1192 2368 alternos,
1234 2308 1285 2361 id
1324 2316 1438 2371 est,
1492 2322 1693 2377 paucos
1718 2321 1783 2359 ex

206 2391 393 2448 multis
450 2393 627 2463 capiet
662 2408 876 2457 sensus,
924 2395 1017 2463 qui
1066 2396 1111 2447 si
1165 2411 1268 2448 non
1305 2395 1785 2464 ad.plenitudinem

211 2482 454 2537 scientiae
508 2481 799 2548 suﬂiciant,
829 2491 885 2537 at
918 2495 1067 2537 certe
1111 2484 1202 2551 qui
1251 2484 1317 2538 ad
1364 2499 1628 2538 summam
1666 2484 1786 2537 fidei

206 2571 342 2628 satis
372 2571 499 2626 sint.
530 2571 767 2642 Uterque
795 2587 923 2650 ergo
964 2575 1253 2627 secundum
1283 2574 1635 2642 apostolicum
1660 2590 1787 2629 con-

209 2657 391 2716 silium
442 2661 641 2731 gratias
671 2670 795 2732 agat
826 2662 966 2726 Deo;
1003 2664 1092 2717 ille
1116 2666 1204 2733 qui
1237 2665 1374 2733 sapit
1400 2680 1613 2720 omnem
1642 2665 1783 2721 diem

208 2756 267 2802 et
293 2748 383 2816 qui
416 2749 707 2804 manducat
730 2752 937 2817 omnia,
960 2753 1013 2806 id
1034 2762 1144 2817 est,
1172 2752 1261 2822 qui
1290 2755 1534 2823 agnoscit
1552 2762 1606 2806 et
1628 2754 1787 2808 intel-

208 2833 328 2906 ligit
352 2838 564 2904 omnia;
597 2847 651 2893 et
679 2838 769 2893 ille
791 2841 905 2909 qui,
936 2841 1059 2895 licet
1088 2857 1193 2895 non
1214 2844 1392 2896 omnia
1425 2844 1713 2898 manducet
1732 2854 1782 2900 et

211 2937 318 2979 non
349 2925 724 2983 universorum
750 2929 1153 3001 intelligentiam
1180 2933 1379 3001 capiat,
1419 2932 1567 2987 brevi
1606 2942 1785 2990 tamen

213 3012 336 3067 tidei
362 3016 703 3073 confessione
731 3018 987 3073 salvatur.
1036 3022 1101 3074 Et
1127 3021 1246 3076 ideo
1292 3024 1451 3077 etiam
1497 3039 1603 3078 non
1632 3040 1784 3080 man-

210 3100 415 3158 ducans
436 3107 638 3170 omnia,
659 3122 760 3162 nec
782 3109 1021 3163 omnium
1044 3112 1323 3165 scientiam
1360 3127 1595 3177 sumens,
1622 3128 1784 3184 agere
1810 3083 1853 3144 Ο

213 3198 394 3247 tamen
430 3196 590 3249 etiam
622 3198 735 3267 ipse
760 3200 964 3268 gratias
991 3200 1186 3254 dicitur
1216 3200 1343 3256 Deo.

286 3286 454 3339 Nemo
474 3287 609 3341 enim
634 3297 868 3342 nostrum
892 3290 989 3344 sibi
1010 3292 1152 3355 vivit,
1175 3302 1222 3345 et
1246 3309 1391 3346 nemo
1418 3294 1517 3347 sibi
1538 3295 1780 3348 moritur.

210 3375 419 3447 (Amb.)
446 3375 559 3431 Sibi
593 3378 798 3434 viveret
824 3378 1020 3448 aliquis
1044 3420 1058 3444 ,
1090 3381 1136 3434 si
1167 3396 1271 3434 non
1300 3392 1482 3451 ageret
1511 3385 1610 3437 sub
1645 3384 1778 3452 lege.

209 3464 390 3533 Atqui
415 3464 570 3521 freno
600 3467 733 3538 legis
754 3470 1100 3539 gubernatur,
1136 3486 1241 3525 non
1273 3472 1374 3526 sibi
1416 3474 1601 3544 utique
1628 3475 1780 3537 vivit,

208 3555 307 3609 sed
356 3556 466 3609 Deo
492 3557 583 3625 qui
613 3556 785 3628 legem
813 3558 991 3625 dedit,
1038 3570 1097 3614 ut
1121 3560 1416 3615 secundum
1455 3562 1782 3617 voluntatem

208 3638 328 3708 ejus
360 3641 542 3704 vivat;
570 3652 627 3698 et
672 3645 765 3713 qui
819 3646 1081 3710 moritur,
1122 3648 1281 3702 simili
1323 3650 1481 3704 modo
1511 3650 1622 3705 Deo
1672 3666 1784 3705 mo-

208 3730 367 3794 ritur,
394 3746 503 3799 quo
521 3731 707 3799 judice
731 3742 822 3788 aut
852 3737 1227 3799 coronabitur,
1279 3745 1372 3791 aut
1406 3740 1784 3794 condemnabi-

210 3829 322 3873 tur.
350 3819 465 3876 Sibi
496 3822 697 3876 etenim
724 3826 895 3879 sancti
923 3841 1023 3879 nec
1045 3827 1251 3890 vivunt,
1292 3842 1393 3881 nec
1432 3828 1735 3884 moriuntur
1766 3849 1776 3883 :

210 3910 314 3965 sibi
347 3898 462 3965 non.
480 3914 667 3968 vivunt
691 3915 784 3984 qui
814 3931 911 3985 per
945 3931 1103 3971 omne
1143 3920 1283 3985 quod
1313 3928 1479 3988 agunt
1525 3922 1593 3975 ad
1634 3922 1781 3976 lucra

214 4000 482 4069 spiritalia
510 4002 786 4070 anhelant,
818 4012 980 4073 atque
1002 4007 1204 4060 orando
1223 4046 1236 4070 ,
1277 4008 1634 4076 prmdicando,
1662 4027 1783 4064 san-

208 4089 317 4141 ctis
341 4089 593 4157 operibus
620 4091 919 4147 insistendo
945 4094 1185 4148 caelestis
1216 4096 1403 4163 patriae
1429 4098 1572 4151 cives
1602 4100 1782 4151 multi-

213 4176 400 4247 plicari
432 4178 760 4234 desiderant.
812 4182 925 4236 Sibi
977 4184 1198 4237 minime
1235 4186 1559 4249 moriuntur,
1596 4189 1687 4256 qui
1728 4189 1779 4241 in

212 4277 503 4333 conspectu
552 4269 829 4323 hominum
855 4269 1022 4325 Deum
1044 4272 1111 4325 dc
1138 4288 1230 4326 sua
1258 4282 1431 4328 morte
1458 4276 1777 4345 gloriﬁcant,

212 4354 281 4406 ad
311 4367 468 4421 quem
508 4358 791 4423 pervenire
826 4359 989 4413 etiam
1020 4364 1296 4419 moriendo
1334 4362 1609 4419 festinant.
1649 4366 1779 4421 Pen-

206 4464 390 4503 semus
421 4451 598 4519 itaque
628 4452 683 4504 in
726 4463 902 4507 morte
956 4462 1263 4507 sanctorum
1302 4463 1561 4521 quantum
1593 4469 1777 4509 eorum

206 4540 555 4607 opprobrium
585 4540 652 4593 ab
680 4539 981 4596 inﬁdelibus
1007 4541 1127 4605 fuit,
1150 4541 1243 4595 scd
1276 4551 1475 4611 quanta
1514 4542 1630 4597 laus
1677 4544 1780 4598 Do-

209 4628 341 4680 mini
374 4629 426 4679 in
457 4629 619 4681 corde
654 4629 887 4683 tidelium
924 4630 1183 4693 excrevit,
1210 4631 1365 4697 quisi
1394 4646 1544 4684 suam
1567 4631 1775 4686 laudem

206 4723 552 4783 qnazrerent,
594 4716 835 4785 profecto
875 4718 981 4786 pati
1040 4727 1117 4770 tot
1168 4718 1451 4786 opprobria
1494 4719 1548 4770 in
1606 4730 1777 4772 morte

207 4801 534 4855 timuissent.
562 4802 730 4856 Nemo
768 4813 1010 4858 nostrum
1056 4805 1156 4859 sibi
1199 4806 1330 4858 vivit
1373 4814 1428 4859 et
1474 4821 1632 4860 nemo
1674 4807 1776 4861 sibi

207 4888 433 4941 moritur
472 4891 560 4957 qui
593 4906 743 4944 suam
769 4892 991 4961 gloriam
1023 4907 1121 4946 nec
1150 4892 1375 4947 vivendo
1409 4909 1509 4949 nec
1544 4896 1777 4949 morien-

205 4976 276 5029 do
318 4978 665 5045 quaesierunt.
703 4979 993 5036 Videamus
1023 4983 1068 5036 si
1108 4984 1219 5051 ipse
1243 4984 1449 5052 primus
1471 4995 1652 5054 pastor
1677 4988 1775 5041 Ec-

206 5060 409 5127 clesiae,
436 5065 523 5133 qui
554 5066 653 5120 sibi
677 5083 783 5121 non
813 5069 967 5133 vixit,
998 5071 1099 5124 sibi
1138 5072 1207 5125 sit
1234 5082 1507 5139 mortuus;
1539 5074 1776 5133 Joannes

206 5150 327 5217 ejus
354 5154 534 5207 socius
558 5155 887 5223 requiratur,
911 5171 966 5213 et
992 5161 1058 5213 de
1083 5160 1261 5215 verbis
1282 5161 1491 5216 Domini
1514 5179 1579 5218 ex
1603 5179 1776 5222 morte

205 5242 440 5308 pastoris
474 5242 709 5311 ejusdem
732 5245 862 5300 dicit
893 5261 907 5299 :
933 5246 1048 5301 Hoc
1077 5259 1247 5302 autem
1276 5252 1446 5316 αἰτίῳ
1473 5254 1774 5322 signiﬁcans

203 5346 308 5399 qua
338 5342 501 5385 morte
540 5334 925 5402 cluriﬁcaturus
973 5348 1104 5393 esset
1156 5340 1317 5393 Deum
1366 5340 1564 5412 (Joan.
1612 5360 1701 5397 xxx
1725 5361 1766 5415 ).

203 5417 321 5473 Non
349 5435 479 5489 ergo
518 5422 620 5477 sibi
648 5434 730 5479 est
758 5434 1005 5481 mortuus
1031 5429 1123 5496 qui
1160 5429 1325 5483 Deum
1359 5430 1674 5485 clariﬁeavit
1716 5434 1766 5487 in

204 5516 398 5562 morte.
424 5508 702 5568 Discamus
727 5514 907 5583 igitur,
932 5515 1128 5571 fratres
1150 5518 1275 5583 mei,
1298 5520 1648 5575 intentionem
1671 5537 1766 5577 no-

202 5602 371 5651 stram
396 5595 453 5653 in
491 5601 743 5657 omnibus
769 5617 888 5670 qua:
917 5604 1126 5673 agimus
1154 5607 1377 5664 sollicita
1419 5608 1765 5679 inquisitione

678 5692 948 5755 Pnaoc.
995 5692 1159 5754 CXI.

1882 1844 1977 1900 sed
2010 1859 2040 1897 a
2079 1843 2295 1897 Christo
2344 1843 2511 1896 sumit
2558 1842 2751 1897 mortis
2779 1842 3080 1911 exemplum
3105 1882 3120 1908 ,
3163 1844 3254 1911 qui
3310 1842 3459 1898 solus

1882 1944 2102 2006 peccato
2129 1943 2371 1989 mortuus
2392 1941 2498 1999 est,
2522 1942 2655 1988 utet
2682 1934 2793 2002 ipse
2831 1933 3130 1988 imitatione
3153 1932 3267 2002 ejus
3286 1933 3459 2004 possit

1882 2026 2089 2080 alienus
2110 2034 2163 2080 et
2186 2033 2433 2080 mortuus
2454 2023 2594 2079 elIici
2615 2038 2643 2077 a
2667 2032 2908 2093 peccato.
2930 2023 3034 2079 Sed
3056 2032 3111 2078 et
3134 2024 3254 2078 vita:
3272 2038 3459 2078 exemo

1881 2114 2028 2184 plum
2061 2129 2165 2169 non
2193 2114 2293 2183 ipsi
2320 2130 2387 2168 ex
2417 2114 2572 2169 nobis
2598 2115 2859 2168 habemus
2880 2153 2895 2178 ,
2929 2114 3022 2168 sed
3053 2128 3117 2167 ex
3147 2112 3349 2168 Christi
3376 2128 3461 2168 re-

1884 2204 2221 2257 surrectione
2249 2203 2593 2272 suscipimus,
2620 2210 2680 2256 ut
2704 2203 2845 2257 idem
2872 2202 3163 2273 Apostolus
3184 2204 3314 2259 dicit
3340 2222 3354 2257 :
3387 2204 3460 2258 Ut

1885 2296 2018 2349 sicut
2045 2294 2282 2349 Cnristus
2312 2296 2593 2350 resurrexit
2619 2312 2651 2348 a
2671 2298 2889 2349 mortuis
2908 2313 3000 2365 per
3017 2296 3239 2367 gloriam
3255 2294 3458 2361 Patris,

1886 2385 1961 2437 ita
1992 2394 2040 2438 et
2076 2401 2165 2439 vos
2203 2387 2257 2437 in
2288 2386 2513 2438 novitate
2552 2386 2669 2439 vitae
2713 2385 3005 2441 ambuletis.
3070 2385 3295 2441 Novitas
3328 2400 3461 2457 ergo

1886 2474 2031 2537 vitae,
2055 2490 2158 2543 qua
2183 2474 2236 2527 in
2263 2474 2479 2530 Christo
2498 2488 2597 2543 per
2618 2474 2777 2529 ﬁdem
2808 2477 3221 2531 resurrectionis
3241 2476 3359 2544 ejus
3379 2476 3461 2531 vi-

1886 2563 2083 2627 vimus,
2116 2562 2341 2615 Domino
2368 2563 2674 2631 deputatur,
2704 2563 2828 2631 quia
2859 2578 2965 2617 non
2994 2578 3023 2616 a
3056 2564 3231 2629 nobis,
3268 2564 3362 2619 sed
3392 2564 3463 2631 ab

1889 2653 2004 2722 ipso
2031 2653 2196 2706 sumit
2222 2652 2532 2717 exordium;
2563 2661 2619 2707 et
2644 2652 2764 2707 ideo
2789 2671 2801 2705 :
2831 2652 2951 2706 Sive
2972 2654 3208 2716 vivimus,
3233 2652 3459 2707 Domino

1886 2743 2101 2796 vivimus
2127 2758 2143 2795 :
2170 2743 2272 2796 sive
2295 2744 2566 2809 morimur,
2589 2742 2816 2797 Domino
2839 2745 3112 2797 morimur.
3143 2742 3259 2798 Sive
3300 2744 3459 2815 igitur

1887 2833 2122 2898 vivimus,
2144 2833 2248 2885 sive
2268 2833 2541 2895 morimur,
2559 2831 2766 2885 Domini
2787 2848 2987 2886 sumus.
3005 2832 3231 2905 Mortem
3256 2835 3462 2889 etenim

1888 2921 2117 2992 appellat
2140 2920 2425 2989 illam,qua
2452 2921 2683 2985 Christo,
2702 2932 2762 2974 ut
2783 2922 3039 2987 diximus,
3054 2923 3374 2993 consepulti,
3406 2932 3465 2979 et

1890 3012 1943 3065 in
1985 3019 2160 3065 morte
2191 3011 2358 3080 ipsius
2386 3011 2663 3079 baptizati,
2691 3020 2913 3079 peccato
2943 3011 3141 3065 mortui
3165 3027 3373 3076 sumus,
3404 3020 3463 3066 et

1885 3102 2049 3154 vitam
2064 3116 2169 3169 qua
2188 3100 2344 3155 alieni
2372 3099 2548 3155 ell'ecti
2575 3100 2642 3154 ab
2655 3101 2758 3155 hoc
2771 3102 3054 3166 mundoet,
3072 3102 3255 3171 utipse
3277 3103 3371 3167 ait,
3394 3118 3460 3155 ex

1884 3192 2101 3244 mortuis
2123 3191 2366 3254 aventes,
2388 3205 2494 3244 non
2516 3188 2690 3255 nobis,
2708 3191 2759 3245 id
2782 3199 2886 3255 est,
2902 3206 3008 3245 non
3033 3192 3181 3245 carni
3204 3192 3457 3256 vivimus,

1886 3280 1977 3334 sed
2000 3279 2128 3344 Deo,
2159 3279 2453 3334 secundum
2483 3294 2546 3332 ea
2569 3294 2688 3349 qua:
2718 3280 2769 3333 in
2796 3280 3458 3352 subscquentibusjungit.

1955 3368 2021 3421 In
2049 3370 2145 3421 hoc
2175 3370 2312 3423 enim
2335 3368 2571 3422 Christus
2594 3358 2926 3423 mortuus‘est
2970 3380 3018 3423 et
3054 3374 3355 3435 resurrexit,
3402 3382 3459 3425 ut

1883 3466 1930 3510 et
1976 3459 2209 3511 vivorum
2251 3469 2299 3511 et
2345 3467 2668 3511 mortuorum
2720 3459 3034 3513 dominetur.
3081 3461 3298 3532 (Amb.)
3352 3461 3458 3517 Per

1883 3545 2157 3601 Christum
2205 3546 2491 3601 Dominum
2540 3548 2681 3601 facta
2735 3558 2819 3603 est
2867 3559 3149 3616 creatura,
3196 3567 3317 3622 qua:
3360 3568 3459 3623 per

1884 3646 2165 3705 peccatum
2212 3637 2446 3692 alienata
2476 3649 2562 3694 est
2616 3640 2683 3693 ab
2730 3650 2967 3705 auctore,
3022 3642 3160 3697 facta
3207 3648 3455 3714 captiva:

1884 3741 2045 3793 quam
2078 3728 2219 3781 Deus
2249 3728 2425 3793 Pater,
2472 3744 2541 3784 ne
2566 3745 2699 3799 opus
2723 3734 2839 3798 ejus
2886 3734 3102 3801 periret,
3148 3736 3312 3792 misso
3359 3754 3459 3793 suo

1884 3815 2026 3869 Filio‘
2052 3818 2117 3870 de
2144 3818 2295 3873 caelis
2315 3820 2379 3871 ad
2410 3829 2601 3883 terras,
2629 3819 2813 3874 docuit
2834 3823 2965 3889 quid
2991 3823 3237 3879 faciendo
3265 3842 3457 3881 manus

1884 3907 2178 3973 piratarum
2221 3907 2497 3979 ellugeret.
2524 3911 2750 3979 Propter
2785 3914 2929 3981 quod
2966 3924 3020 3968 et
3054 3916 3225 3970 occidi
3254 3932 3313 3971 se
3337 3933 3458 3985 pas-

1884 4011 1975 4049 sus
1996 4006 2077 4051 est
2102 3997 2169 4050 ab
2190 3998 2439 4062 inimicis,
2456 4001 2865 4057 utdeseendcns
2885 4005 2951 4057 ad
2980 4006 3200 4071 inferos,
3225 4010 3348 4076 quia
3378 4011 3458 4063 in-

1886 4103 2085 4143 nocens
2102 4092 2469 4157 cratoccisus,
2502 4109 2651 4149 reum
2676 4094 2880 4151 faceret
2916 4110 3215 4167 peccatum,
3237 4111 3294 4156 ut
3322 4119 3457 4172 quos

1888 4182 2102 4234 tenebat
2132 4184 2271 4251 apud
2298 4182 2517 4248 inferos,
2554 4186 2840 4241 amitteret.
2876 4190 3139 4255 Quoniam
3164 4209 3291 4263 ergo
3322 4197 3458 4250 vivis

1883 4270 2118 4323 ostendit
2141 4272 2281 4325 viam
2304 4273 2520 4336 salutis,
2552 4290 2613 4328 ac
2641 4291 2699 4329 se
2728 4277 2921 4331 obtulit
2966 4296 3063 4347 pro
3087 4283 3184 4345 eis,
3215 4295 3458 4339 mortuos

1884 4372 2012 4411 vero
2068 4358 2315 4414 liberavit
2360 4364 2427 4416 de
2473 4364 2701 4429 inferno,
2758 4375 2865 4420 tam
2910 4370 3152 4425 vivorum
3196 4389 3356 4442 quam
3400 4387 3457 4431 et

1887 4457 2219 4501 mortuorum
2246 4450 2587 4516 dominatur;
2627 4468 2693 4507 ex
2721 4456 2945 4521 perditis
2974 4459 3115 4512 enim
3146 4462 3339 4517 iterum
3374 4481 3456 4519 re-

1884 4537 2136 4590 formavit
2175 4539 2275 4591 sibi
2326 4539 2444 4593 illos
2498 4542 2551 4594 in
2600 4556 2799 4597 servos.
2846 4544 3042 4616 (0rig.)
3084 4546 3190 4604 Sed
3242 4566 3455 4609 moveat

1882 4627 2113 4695 aliquem
2142 4628 2385 4684 fortassis
2410 4632 2551 4699 quod
2584 4633 2717 4688 dicit
2740 4634 3052 4704 Apostolus,
3080 4639 3279 4697 idcirco
3310 4661 3453 4700 mor-

1884 4725 2031 4769 tuum
2071 4730 2191 4771 esse
2227 4729 2281 4772 et
2309 4720 2542 4783 vixisse,
2583 4732 2644 4775 ut
2678 4732 2731 4776 et
2770 4734 3105 4783 mortuorum
3130 4739 3184 4784 et
3206 4733 3450 4789 vivormn

1882 4808 2204 4875 dominetur,
2240 4813 2392 4879 quasi
2439 4813 2541 4867 hoc
2579 4814 2788 4869 dederit
2835 4818 3233 4889 intelligendum
3260 4862 3274 4888 ,
3306 4827 3450 4892 quod

1882 4896 1984 4949 nisi
2029 4907 2273 4951 mortuus
2323 4898 2540 4966 fuisset,
2595 4911 2931 4959 mortuorum
2960 4906 3291 4964 dominatum
3339 4928 3449 4966 non

1876 4987 2197 5053 habuisset,
2237 5002 2290 5044 et
2325 4991 2426 5044 nisi
2472 5000 2594 5059 post
2631 5002 2861 5047 mortem
2915 5010 3131 5051 rursum
3175 4999 3399 5052 vixisset
3430 5040 3447 5062 ,

1873 5090 1977 5129 non
2022 5079 2279 5133 tenuisset
2318 5081 2739 5135 dominationem
2781 5082 3045 5139 vivorum.
3101 5086 3206 5139 Sed
3242 5086 3309 5139 ad
3346 5086 3450 5141 hoc

1874 5165 1945 5217 ita
1997 5169 2425 5234 respondendum
2475 5179 2644 5238 puto:
2677 5168 2895 5226 Duobus
2921 5188 2988 5227 ex
3025 5175 3198 5229 modis
3236 5184 3453 5228 constat

1874 5254 1925 5306 in
1956 5270 2168 5309 omnem
2219 5268 2519 5311 creaturam
2574 5260 2775 5314 Christi
2829 5261 3149 5316 dominatio.
3208 5262 3325 5317 Uno
3352 5276 3453 5329 per

1874 5357 2033 5411 quem
2069 5355 2125 5398 ut
2155 5356 2369 5401 creator
2394 5349 2633 5402 omnium
2662 5359 2719 5403 et
2744 5358 3071 5420 potestatem
3098 5364 3294 5419 gerens
3324 5349 3451 5403 uni-

1875 5447 2173 5499 versorum,
2203 5437 2253 5489 vi
2282 5436 2581 5504 maiestatis
2616 5447 2673 5492 et
2718 5439 3050 5496 necessitate
3073 5438 3325 5506 potentia:
3350 5437 3455 5489 ba-

1873 5519 1962 5575 bet
1986 5534 2176 5576 cuncta
2193 5522 2466 5591 subjecta;
2495 5541 2591 5595 per
2616 5540 2780 5594 quem
2810 5539 2919 5579 non
2943 5524 3280 5579 solummodo
3299 5520 3458 5577 bonis

1870 5617 1919 5665 el
1951 5614 2149 5668 sanctis
2177 5614 2447 5671 mentibus
2476 5631 2535 5671 ac
2570 5618 2853 5686 spiritibus
2884 5614 3196 5671 dominatur
3218 5654 3235 5684 ,
3267 5624 3460 5671 verum

2943 5707 3023 5767 50
