3948 6352
501 354 635 409 1579

1097 350 1155 403 Β.
1197 351 1448 406 RABAM
1489 352 1707 408 MAUlll
1745 352 2060 408 ARCHIEP.
2102 353 2403 409 MUGUNT.
2446 354 2730 413 OPERUM
2769 356 2946 414 PARS
2977 362 3062 415 III.

3596 369 3735 425 l580

492 474 546 519 et
573 478 800 533 nequam
827 474 881 517 et
911 461 1110 530 refugis
1133 500 1146 523 ,
1177 468 1231 515 et
1260 462 1344 517 his
1387 477 1523 533 quos
1564 461 1841 532 Scriptura
1880 462 2059 518 divina
2088 462 2137 522 Α
2163 477 2283 517 men
2305 464 2551 519 elationis
2572 466 2866 531 incurrere,
2890 478 2950 521 ut
2972 469 3205 525 tribunal
3236 473 3334 527 Dei
3360 460 3461 528 sibi
3483 474 3738 531 videatur

495 554 757 623 malignos
794 552 1014 619 angelos
1058 551 1347 619 appellavit
1376 570 1388 605 :
1422 553 1621 606 idcirco
1641 554 1784 607 enim
1809 559 1864 606 et
1888 553 2063 607 omni-

494 657 685 699 tenens
712 643 799 695 vel
824 641 1158 709 amnipotens
1186 639 1404 706 dicitur,
1426 642 1717 696 secundum
1739 640 1879 711 quod
1900 640 2063 695 Joan-

496 750 591 789 nes
610 733 855 801 designat
876 733 928 785 in
952 731 1289 800 Apocalypsi,
1305 731 1486 785 dicens
1513 748 1525 783 :
1551 730 1681 783 llcee
1696 732 1837 792 dicit,
1853 733 1942 800 qui
1964 740 2059 795 est,

491 836 536 877 et
556 824 643 894 qui
659 832 794 887 erat,
810 831 857 876 et
878 823 965 892 qui
987 831 1227 875 venturus
1246 830 1343 886 est,
1358 822 1678 890 omnipotens
1695 825 1876 894 (Apoc.
1890 823 1952 893 1);
1972 823 2059 877 hic

493 930 623 984 ergo
646 929 783 967 unus
805 922 890 968 est
911 912 1119 976 modus,
1137 926 1244 980 quo
1272 911 1519 966 Christus
1545 913 1790 966 omnibus
1818 913 2061 967 domina-

498 1015 604 1057 tur.
642 1004 796 1057 Alius
824 1016 949 1055 vero
976 1011 1078 1065 est,
1111 1016 1219 1070 quo
1248 1010 1502 1069 tanquam
1532 1002 1706 1056 bonus
1730 1011 1784 1055 et
1804 1003 1927 1056 boni
1954 1002 2059 1057 Pa-

495 1095 595 1147 tris
625 1093 793 1146 Filius
814 1107 919 1145 non
951 1090 1062 1144 vult
1090 1090 1435 1144 rationabiles
1463 1090 1686 1160 spiritus
1715 1093 1779 1145 ad
1804 1090 2056 1145 obedien-

495 1186 622 1238 tiam
656 1183 787 1253 legis
813 1198 923 1236 sum
950 1181 1211 1236 violenter
1234 1179 1537 1245 inflectere;
1573 1182 1667 1236 sed
1693 1190 1965 1251 exspectat
2002 1190 2061 1234 ut

491 1282 683 1343 sponte
723 1272 973 1335 veniant,
1004 1278 1063 1324 ut
1096 1270 1371 1323 voluntate
1396 1278 1451 1323 et
1476 1285 1578 1324 non
1611 1271 1930 1325 necessitate
1958 1271 2057 1324 bo-

493 1378 618 1416 num
645 1369 909 1430 quierant,
950 1369 1005 1414 et
1047 1359 1287 1413 docendo
1316 1359 1487 1429 magis
1514 1375 1674 1429 quem
1726 1359 2057 1429 imperando,

490 1452 767 1506 invitando
787 1451 963 1520 potius
985 1465 1158 1519 quam
1182 1451 1550 1521 extorquendo
1576 1450 1915 1518 persuadeat.
1932 1450 2058 1504 lnde

489 1544 717 1612 denique
742 1552 844 1607 est,
883 1542 1027 1612 quod
1065 1558 1235 1611 usque
1273 1542 1339 1595 ad
1369 1548 1595 1594 mortem
1625 1540 1874 1609 dignatur
1900 1555 2054 1595 accc—

489 1633 637 1697 dere,
676 1642 735 1686 ut
761 1632 1060 1701 exemplum
1087 1630 1401 1685 obedientite
1440 1638 1496 1683 ct
1539 1629 1798 1683 moriendi
1829 1630 2056 1683 formam

485 1722 790 1775 volentibus
819 1729 1040 1790 peccato
1085 1727 1141 1775 et
1174 1719 1321 1789 vitiis
1365 1719 1536 1773 emori
1588 1718 1953 1787 derelinquat;
2002 1728 2057 1774 et

484 1820 701 1881 propter
731 1813 833 1866 hoc
872 1812 923 1865 in
967 1810 1219 1880 praesenti
1252 1810 1369 1865 loco
1395 1808 1682 1878 Apostolus
1730 1810 1919 1863 scribit
1976 1809 2055 1863 id-
2083 1804 2128 1863 Il
2156 1826 2241 1862 ma
2301 1810 2471 1878 ignis,
2520 1820 2646 1863 rota:
2703 1810 2816 1877 ejus
2879 1812 3013 1880 ignis
3069 1813 3430 1879 inﬂammans.

488 1903 633 1958 circo
653 1918 775 1957 eum
802 1912 1073 1956 mortuum
1129 1915 1267 1965 esse,
1295 1909 1347 1955 et
1374 1900 1596 1962 vixisse,
1628 1909 1679 1952 ut
1732 1900 1962 1952 virorum
2005 1909 2052 1951 et

482 2003 806 2046 mortuorum
860 1992 1190 2056 dominetur,
1241 1991 1503 2053 vivorum,
1552 1987 1791 2057 profecto
1840 1988 2052 2041 illorum

483 2082 577 2151 qui
644 2079 1055 2135 resurrectionis
1104 2076 1220 2146 ejus
1270 2077 1514 2145 exemplo
1563 2092 1753 2130 novam
1826 2085 1881 2147 et
1938 2090 2051 2129 ca:—

477 2170 668 2225 lcstem
694 2170 747 2224 in
776 2170 935 2224 terris
975 2170 1195 2239 exigunt
1235 2168 1400 2222 vitam
1436 2185 1448 2220 :
1479 2176 1811 2221 mortuorum
1840 2167 2051 2219 illorum

481 2262 599 2316 sine
645 2261 829 2324 dubio,
877 2260 969 2330 qui
1020 2259 1489 2315 mortificationem
1517 2258 1717 2313 Christi
1747 2258 1797 2310 in
1831 2272 2052 2325 corpore

481 2368 581 2407 suo
602 2352 1009 2413 circumferunt,
1055 2358 1111 2405 et
1153 2352 1481 2405 mortificant
1510 2350 1749 2404 membra
1788 2364 1907 2412 sua,
1971 2362 2051 2401 um

480 2454 608 2500 sunt
633 2458 794 2513 super
819 2452 1019 2498 terram
1047 2440 1269 2512 (Coloss.
1304 2441 1405 2511 Ill).
1950 2425 1960 2435 ’

555 2535 633 2587 Tu
662 2546 834 2588 autem
854 2533 980 2601 quid
1007 2531 1218 2602 judicas
1241 2531 1456 2600 fratrent
1476 2540 1622 2583 tuum
1648 2531 1671 2583 ?
1700 2539 1788 2582 aut
1814 2540 1864 2581 tu
1890 2545 2049 2598 quare

478 2625 679 2694 spernis
722 2624 936 2692 fratrem
981 2631 1166 2686 tuum,
1211 2636 1333 2675 cum
1365 2621 1477 2673 sive
1516 2619 1859 2673 mortitieatio
1891 2618 1959 2671 sit
1995 2618 2047 2670 in

482 2725 536 2768 te
563 2713 745 2767 carnis
791 2712 1064 2774 vitiorum,
1110 2724 1216 2763 non
1264 2725 1327 2762 ex
1351 2716 1402 2761 te
1424 2715 1539 2761 orta
1572 2707 1642 2759 sit
1669 2746 1682 2769 ,
1713 2706 1804 2759 sed
1846 2704 2045 2758 Christi

475 2812 649 2858 morte
689 2804 885 2857 donata
919 2820 931 2854 :
967 2802 1080 2855 sive
1107 2800 1199 2853 tibi
1226 2799 1435 2853 novitas
1461 2798 1582 2850 vita:
1607 2806 1705 2856 est,
1733 2804 1786 2849 et
1808 2798 1858 2848 in
1884 2794 2044 2847 terris

474 2891 754 2947 ambulans
797 2889 1258 2944 conversationem
1311 2887 1476 2941 habes
1525 2886 1575 2939 in
1616 2884 1764 2939 oculis
1788 2924 1801 2947 ,
1841 2883 2042 2937 Christi

474 2982 578 3035 hoc
622 2981 1015 3034 resurrectione
1062 2975 1361 3031 merueris?
1391 2976 1531 3028 Bene
1560 2985 1739 3028 autem
1766 2973 2044 3041 utriusque

472 3071 591 3125 vitii
632 3077 813 3123 notam
844 3066 1129 3122 vernacula
1166 3065 1517 3135 appellatione
1560 3064 1809 3133 signavit,
1848 3062 1918 3116 illi
1962 3062 2042 3115 di-

2163 567 2457 617 assumere,
2489 561 2545 609 et
2588 554 2856 623 Unigeniti
2895 556 3154 626 judicium
3183 564 3499 627 praevenire.
3530 564 3733 619 Verum

2162 641 2287 709 quid
2315 643 2417 697 sibi
2447 643 2575 697 velit
2604 644 2704 700 hoc
2741 646 2916 715 ipsum
2944 687 2958 712 ,
2988 649 3129 717 quod
3170 649 3463 719 Apostolus
3492 654 3736 709 tribunal

2161 730 2254 783 Dei
2271 741 2552 796 memorat,
2567 741 2620 786 et
2635 736 2901 802 quomodo
2919 735 3316 807 intelligendum
3336 740 3407 793 sit
3428 743 3732 799 videamus.

2161 811 2271 873 Non
2299 820 2470 875 solum
2500 823 2641 876 enim
2678 824 2729 877 in
2760 824 2860 879 hoc
2888 826 3023 890 loco,
3060 829 3152 882 sed
3179 839 3235 883 et
3262 831 3557 888 Corinthiis
3586 837 3731 891 scri-

2160 911 2313 974 bens,
2347 911 2628 968 tribunalis
2670 912 2798 969 facit
2828 916 3175 971 nihilominus
3222 922 3549 975 mentionem
3575 958 3592 987 ,
3638 926 3735 977 ubi

2160 1001 2233 1053 ait
2265 1018 2276 1052 :
2305 997 2527 1069 Propter
2552 1003 2688 1070 quod
2716 1004 2984 1058 studemus
3024 1007 3126 1059 sire
3164 1021 3466 1075 pra'sentes,
3494 1013 3598 1064 sive
3637 1012 3738 1064 ab-

2158 1098 2322 1141 sentes
2340 1087 2542 1159 placere
2568 1090 2616 1142 ei
2638 1106 2656 1143 :
2680 1107 2855 1144 omnes
2876 1094 3009 1145 enim
3032 1095 3358 1161 manifestari
3385 1109 3580 1164 oportet
3607 1111 3738 1153 ante

2158 1178 2385 1231 tribunal
2404 1178 2603 1231 Christi
2627 1219 2643 1243 ,
2675 1190 2730 1232 ut
2758 1182 2967 1251 recipiat
2996 1185 3349 1253 unusquisque
3378 1188 3434 1236 in
3470 1204 3688 1255 corpore
3720 1231 3738 1253 ,

2156 1278 2308 1337 prout
2337 1271 2510 1338 gessit,
2540 1270 2645 1323 sive
2675 1270 2808 1324 bona
2833 1275 2938 1326 sive
2968 1273 3105 1326 mala
3138 1273 3221 1343 (II
3262 1273 3388 1328 Cor.
3420 1276 3493 1347 v).
3525 1277 3629 1332 Sed
3679 1290 3741 1332 et

2157 1358 2293 1426 apud
2328 1358 2597 1413 Danielem
2626 1362 2941 1430 prophetam
2978 1363 3278 1418 invenimus
3314 1366 3442 1419 talia
3482 1369 3734 1435 quaedam

2155 1446 2221 1502 de
2242 1448 2517 1518 judicandi
2545 1452 2725 1519 specie
2756 1453 3023 1521 descripta
3060 1472 3072 1506 :
3118 1453 3386 1521 Videbunt,
3423 1458 3635 1527 inquit,
3683 1471 3733 1513 et

2156 1554 2268 1591 ecce
2294 1540 2437 1592 sedes
2475 1541 2656 1608 positce
2693 1551 2861 1607 erant,
2902 1552 2949 1595 et
2970 1554 3199 1597 vetustus
3232 1544 3439 1597 dierum
3478 1548 3732 1611 sedebat,

2156 1639 2201 1681 ct
2243 1629 2603 1681 indumentum
2645 1630 2778 1699 ejus,
2816 1633 2949 1685 sicut
2975 1633 3083 1697 nix,
3120 1634 3429 1698 candidum,
3473 1644 3521 1687 et
3551 1636 3736 1703 capilli

2158 1719 2339 1787 capitis
2378 1718 2492 1787 ejus
2525 1720 2658 1772 sicut
2715 1720 2837 1773 lana
2877 1723 3091 1775 munda.
3140 1721 3379 1775 Tltrouus
3418 1723 3532 1791 ejus
3568 1725 3733 1791 [lam-

3510 1811 3732 1867 Flavius

2154 1898 2287 1967 ignis
2310 1902 2545 1955 currebat
2568 1913 2685 1955 ante
2706 1904 2893 1972 ipsum.
2920 1904 3093 1957 Illillia
3114 1904 3336 1958 millium
3357 1908 3733 1960 ministrabant

2155 1991 2293 2054 ei,'et
2331 1991 2499 2044 decies
2524 1992 2711 2046 millies
2739 1994 2871 2047 dena
2898 1993 3063 2047 millia
3086 1995 3393 2049 assistebant
3415 2006 3539 2049 ante
3559 2014 3679 2049 eum
3711 2011 3731 2048 :

2146 2077 2406 2146 judicium
2447 2082 2714 2134 constituit
2748 2091 2795 2135 et
2825 2082 2946 2135 libri
2974 2084 3140 2151 aperti
3163 2093 3284 2136 sunt
3316 2083 3479 2153 (Dan.
3517 2085 3637 2154 vn).
3670 2084 3731 2137 In

2154 2169 2432 2223 duodecim
2463 2184 2673 2239 quoque
2700 2172 3098 2244 prophetarum
3130 2172 3267 2226 libro
3318 2174 3419 2226 sub
3469 2174 3730 2241 mysterio

2154 2256 2349 2309 dicitur
2384 2258 2507 2326 quia
2539 2259 2591 2311 in
2644 2258 2778 2313 valle
2805 2258 3065 2328 Josaphat
3093 2258 3352 2313 Dominus
3392 2259 3597 2327 judicet
3628 2276 3728 2330 po-

2151 2345 2330 2415 pulum
2364 2363 2516 2401 suum
2549 2366 2562 2400 :
2593 2348 2762 2416 ipsam
2793 2358 2971 2403 autem
3000 2347 3192 2402 vallem
3226 2347 3491 2418 Josaphat
3526 2348 3727 2402 Paulus

2150 2448 2430 2508 propterea
2481 2438 2671 2493 valicm
2702 2438 2889 2506 judicii
2923 2440 3183 2493 nominat.
3218 2439 3324 2493 Sed
3360 2441 3428 2493 de
3460 2441 3545 2494 his
3580 2454 3726 2494 nunc

2151 2527 2391 2596 singulis,
2426 2543 2544 2596 quae
2576 2526 2942 2580 similitudinis
2969 2540 3133 2580 causa
3168 2526 3525 2595 protulimus,
3552 2526 3723 2581 disse.

2151 2631 2269 2670 rere
2315 2615 2528 2685 longum
2560 2615 2783 2669 videtur.
2826 2614 2901 2668 Ea
2934 2625 3114 2669 tamen
3158 2630 3276 2683 quae
3310 2616 3379 2670 ad
3412 2615 3724 2671 Corinthios

2149 2704 2427 2772 scripsisse
2453 2704 2767 2773 Apostolum
2791 2704 3043 2768 diximus,
3066 2703 3410 2758 conferentes
3434 2719 3556 2759 cum
3579 2722 3722 2775 pra:-

2147 2795 2279 2848 senti
2300 2794 2415 2848 loco
2429 2794 2510 2847 vel
2528 2795 2753 2857 caeteris,
2779 2810 2897 2863 qua:
2914 2797 3052 2863 apud
3068 2797 3361 2864 prophetas
3386 2798 3588 2866 scripta
3604 2812 3719 2852 me-

2147 2882 2489 2943 moravimus,
2512 2882 2771 2937 declarari
2798 2882 3040 2937 videmus
3063 2899 3127 2938 ex
3148 2884 3399 2939 omnibus
3420 2886 3723 2940 certissime

2144 2971 2379 3024 futurum
2416 2986 2535 3025 esse
2558 2970 2815 3039 judicium
2850 2972 2944 3026 Dei
2973 2990 2985 3025 :
3025 2973 3179 3042 cujus
3214 2974 3428 3043 species
3458 2984 3519 3028 ut
3543 2976 3722 3031 notior

2145 3059 2450 3113 hominibus
2480 3059 2649 3123 ﬁeret,
2684 3057 2963 3126 judicandi
3010 3059 3183 3114 forma
3222 3076 3290 3114 ex
3318 3062 3404 3115 bis
3433 3077 3554 3130 qua:
3577 3063 3721 3118 inter

471 3173 598 3213 cens
623 3174 637 3211 :
674 3158 849 3224 Quare
881 3156 1109 3226 Spei-nis,
1137 3165 1189 3209 ct
1220 3155 1342 3208 huic
1361 3172 1373 3206 :
1395 3154 1571 3219 Quare
1584 3153 1793 3222 judicas
1820 3151 2038 3205 fratrem
2067 3126 2110 3187 C
2142 3152 2384 3205 homines
2409 3160 2667 3219 geruntur
2698 3159 2967 3219 assumpta
2997 3160 3100 3216 est,
3128 3166 3232 3220 quo
3273 3152 3485 3206 scilicet
3525 3168 3719 3207 nosce-

471 3251 654 3305 tuum?
704 3250 889 3303 Solent
922 3249 1062 3301 enim
1120 3246 1173 3299 hi
1220 3247 1309 3314 qui
1352 3244 1740 3313 aliquantulum
1792 3241 2039 3295 videntur

470 3344 521 3393 in
575 3340 800 3395 scientia
864 3336 1177 3413 profecisse,
1220 3349 1475 3404 spernere
1528 3342 1583 3387 et
1642 3331 1791 3385 nihili
1842 3329 2038 3383 ducere

471 3447 563 3485 eos
605 3430 695 3497 qui
752 3428 960 3481 altioris
1008 3425 1368 3495 intelligentia:
1405 3425 1580 3477 minus
1618 3437 1843 3491 capaces
1870 3428 2037 3475 sunt:

476 3538 506 3576 e
544 3521 817 3576 contrario
843 3529 1019 3572 autem
1065 3518 1299 3585 imperiti
1352 3526 1406 3569 et
1471 3514 1729 3568 indociles
1771 3512 2036 3581 judicare,

472 3613 575 3666 hoc
618 3619 701 3665 est
750 3610 996 3663 incusare
1024 3618 1077 3660 et
1110 3606 1469 3660 condemnare
1495 3619 1589 3657 cos
1637 3603 1726 3672 qui
1765 3603 1955 3655 altiora
1985 3611 2037 3654 ct

474 3701 819 3771 profundiora
836 3699 1172 3768 perquirunt,
1191 3712 1349 3765 quam
1375 3710 1565 3764 capere
1587 3704 1674 3747 aut
1702 3695 1912 3761 assequi
1939 3693 2037 3761 ipsi

471 3799 712 3862 possunt.
749 3790 814 3843 Et
856 3790 974 3842 ideo
1004 3786 1291 3856 Apostolus
1338 3800 1583 3838 resecare
1613 3784 1822 3853 culpam
1857 3783 2038 3837 volens

468 3899 532 3933 ex
568 3890 797 3948 utraque
828 3885 977 3947 parte
1012 3884 1341 3937 nascentem,
1376 3874 1479 3927 illis
1506 3874 1720 3943 quidem
1774 3874 2034 3941 principii,

468 3986 531 4023 ne
578 3967 860 4021 inferiores
896 3974 1153 4035 spernant
1203 3974 1361 4033 atque
1409 3964 1734 4034 despiciant;
1781 3964 1862 4017 his
1910 3978 2037 4016 vero

468 4076 535 4113 ne
566 4050 877 4127 superiores
900 4072 958 4109 se
980 4056 1374 4124 judicenl,cum
1402 4055 1650 4121 peritiam
1674 4071 1778 4107 non
1806 4054 2038 4107 habeant

484 4147 755 4202 ndicandi.
790 4146 1044 4211 Quamvis
1084 4159 1211 4212 ergo
1249 4153 1532 4209 utrumque
1564 4143 1940 4211 reprehendat,
1985 4149 2040 4194 ct

464 4253 586 4292 cum
613 4239 702 4305 qui
738 4237 944 4306 spernit
970 4236 1191 4287 fratrem
1209 4232 1538 4297 inferiorem,
1564 4242 1613 4287 et
1637 4249 1756 4288 cum
1785 4234 1871 4301 qui
1891 4233 2037 4301 judi-

468 4338 555 4383 cat
575 4327 925 4395 superiorem,
948 4334 1122 4377 tamen
1149 4333 1207 4376 ut
1229 4325 1539 4378 ostenderet
1565 4323 1710 4376 illum
1736 4324 1951 4393 gravius
1984 4323 2034 4375 in

458 4414 771 4484 judicando,
797 4428 955 4482 quam
978 4414 1119 4465 hunc
1147 4413 1198 4463 in
1222 4413 1517 4479 spernendo
1541 4412 1760 4465 fratrem
1784 4428 2029 4480 peccare,

464 4508 660 4560 omissa
688 4502 977 4573 Spretionis
1002 4500 1181 4567 culpa,
1230 4502 1697 4569 pnesumptionem
1738 4500 2033 4567 judieanis

464 4596 649 4647 fratris
678 4597 968 4661 exaggerat
996 4597 1050 4642 et
1086 4588 1312 4656 judicat,
1343 4598 1397 4641 et
1428 4587 1543 4641 ideo
1573 4589 1623 4639 in
1656 4588 2030 4654 cense-(pienti-

466 4688 564 4737 bus
583 4682 799 4751 jungit:

534 4773 724 4827 Omnes
751 4771 888 4825 enim
928 4770 1182 4823 stabimus
1213 4782 1331 4821 (ante
1364 4769 1593 4821 tribunal
1624 4769 1735 4821 Dei.
1768 4768 2030 4836 Scriptum

462 4874 533 4917 est
558 4864 733 4916 enim:
767 4858 889 4914 l'it'o
916 4877 1028 4930 ego,
1056 4860 1179 4912 dicit
1209 4859 1485 4922 Dominus,
1512 4860 1755 4927 quonimn
1790 4860 1912 4911 milii
1941 4861 2031 4925 [ie-

462 4962 630 5005 ctetur
652 4968 800 5003 omne
828 4968 960 5020 genu
1003 4959 1048 5001 et
1102 4952 1267 5002 omnis
1312 4948 1489 5017 lingua
1534 4949 1862 5014 conﬁtebitur
1899 4950 2028 5002 Deo.

463 5040 651 5111 Itaque
675 5042 1023 5110 unusquisque
1054 5052 1285 5093 nostrum
1324 5056 1415 5107 pro
1458 5057 1510 5092 se
1560 5040 1807 5091 rationem
1858 5042 2031 5093 reddet

463 5131 613 5195 Deo;
647 5147 749 5183 non
774 5146 894 5199 ergo
943 5129 1165 5198 amplius
1204 5131 1417 5183 invicem
1463 5130 1778 5197 judicemus,
1804 5132 1891 5182 sed
1936 5131 2031 5181 hoc

456 5220 691 5287 judicate
748 5221 912 5288 magis
966 5236 1026 5272 ue
1076 5219 1281 5287 ponatis
1325 5218 1695 5285 o/fcndiculum
1754 5218 1907 5286 fratri
1954 5219 2032 5272 vel

463 5310 791 5365 scandalum.
820 5310 1017 5380 (0rig.)
1064 5308 1360 5363 Assumens
1390 5324 1581 5364 causas
1608 5326 1671 5363 ex
1705 5310 1808 5373 his,
1834 5310 1884 5363 in
1912 5313 2027 5380 qui-

461 5403 561 5455 bus
591 5415 695 5453 non
722 5408 864 5453 recte
890 5400 1133 5469 judicant
1160 5400 1213 5452 hi
1256 5400 1344 5467 qui
1368 5398 1612 5468 judicant
1635 5399 1850 5462 fratres,
1896 5403 2026 5455 recti

460 5500 514 5542 et
560 5488 690 5558 justi
728 5488 1015 5543 introducit
1060 5489 1225 5543 divini
1265 5488 1450 5556 judicii
1504 5488 1772 5551 formam,
1819 5498 1871 5541 et
1919 5491 2021 5552 ait,

464 5586 651 5635 tlmnes
685 5581 820 5633 enim
852 5597 941 5633 nos
968 5591 1106 5634 stare
1141 5591 1333 5650 oportet
1370 5591 1487 5633 ante
1512 5580 1742 5633 tribunal
1779 5580 1893 5643 Dei,
1920 5596 2023 5647 quo

460 5676 661 5728 scilicet
696 5675 905 5728 noverit
940 5675 983 5727 is
1010 5674 1315 5742 quijudicat
1342 5674 1580 5738 fratrem,
1604 5682 1811 5728 tantum
1841 5688 1894 5729 se
1918 5674 2022 5727 cri-

2144 3258 2345 3305 renms,
2363 3242 2488 3310 quia
2508 3242 2647 3295 sicut
2662 3242 2825 3309 juch
2849 3242 2949 3296 iste
2970 3252 3215 3296 terrenus
3228 3242 3514 3298 celsiorem
3534 3261 3719 3314 quem-

2143 3336 2262 3387 dam
2294 3332 2490 3395 locom,
2523 3333 2664 3400 quod
2695 3332 2925 3386 tribunal
2950 3332 3271 3402 appellatur,
3296 3334 3559 3397 ascendit,
3575 3343 3633 3386 ut
3651 3350 3717 3389 ex

2141 3438 2203 3477 eo
2231 3422 2387 3475 altior
2414 3432 2467 3475 et
2489 3423 2809 3476 eminentior
2830 3424 3039 3476 caeteris
3054 3424 3143 3491 qui
3160 3424 3441 3491 judicandi
3456 3433 3580 3477 sunt
3602 3424 3715 3486 fiat,

2139 3529 2206 3568 ne
2245 3522 2590 3583 conspectum
2614 3511 2729 3581 ejus
2769 3513 2971 3566 lateant
2994 3514 3073 3567 vel
3099 3528 3312 3567 reorum
3336 3514 3719 3583 supplicia,ch

2140 3604 2485 3674 allegationes
2509 3603 2870 3657 innocentium
2898 3622 2908 3656 :
2936 3604 3008 3656 ita
3024 3603 3389 3673 intelligamus
3409 3614 3463 3658 ct
3479 3604 3717 3672 judieem

2139 3697 2375 3749 omnium
2398 3695 2669 3749 Christum
2691 3704 2743 3749 et
2761 3704 2949 3748 natura
2974 3704 3029 3749 ct
3050 3694 3333 3761 majestate
3356 3696 3568 3749 cunctis
3587 3696 3718 3749 emi-

2141 3796 2372 3840 mentem
2417 3786 2769 3853 introspicere
2796 3784 2955 3837 corda
2986 3791 3039 3837 et
3086 3784 3451 3839 conscientias
3480 3785 3717 3852 singulo-

2143 3892 2280 3935 rum,
2314 3874 2660 3927 manifestare
2684 3874 2893 3927 occulta
2929 3882 2981 3926 et
3022 3872 3232 3927 obtecta
3268 3873 3534 3937 revelare,
3573 3885 3635 3929 ut
3663 3885 3716 3929 ct

2141 3965 2294 4017 bonis
2318 3964 2525 4016 actihus
2554 3963 2763 4016 laudem
2792 3964 3010 4027 tribuat,
3052 3973 3107 4018 et
3145 3965 3272 4017 mali
3308 3981 3526 4035 pmnam
3554 3982 3711 4034 quam

2143 4062 2412 4105 merentur
2438 4053 2727 4120 excipiant.
2784 4053 2935 4118 Quod
2990 4054 3034 4107 si
3071 4063 3251 4108 manet
3289 4054 3532 4108 futurum
3567 4056 3712 4124 judi-

2139 4145 2275 4197 cium
2318 4143 2439 4203 Dei,
2477 4155 2530 4195 et
2560 4144 2665 4196 tale
2690 4144 2954 4212 judicium
3010 4145 3062 4197 in
3088 4160 3321 4212 quonon
3350 4146 3525 4199 solum
3553 4163 3715 4200 unus-

2137 4239 2362 4306 quisque
2404 4238 2623 4306 recipiet
2663 4253 2759 4306 pro
2799 4237 3006 4291 actibus
3052 4239 3196 4303 suis,
3231 4239 3324 4291 sed
3358 4249 3413 4292 ct
3441 4254 3538 4307 pro
3567 4242 3707 4292 omni

2135 4328 2327 4379 vitioso
2377 4328 2543 4379 verbo
2594 4326 2833 4379 redditur
2878 4328 3015 4380 ratio
3056 4327 3347 4380 secundum
3389 4329 3710 4381 sententiam

2138 4419 2343 4471 Domini
2378 4436 2387 4469 :
2419 4417 2773 4485 cogitationes
2815 4432 3027 4486 quoque
3061 4416 3213 4470 mala:
3266 4417 3709 4479 confutaliuntur,

2140 4509 2486 4574 redarguente
2508 4508 2853 4569 conscientia,
2902 4516 2955 4561 et
2982 4509 3032 4560 in
3062 4508 3310 4560 omnibus
3342 4509 3710 4574 unusquisque

2137 4607 2376 4651 nostrum
2408 4612 2503 4665 per
2530 4612 2586 4650 se
2613 4597 2869 4649 rationem
2901 4597 3085 4651 reddet
3112 4597 3239 4649 Deo.
3285 4596 3407 4649 Non
3451 4613 3592 4663 ergo,
3628 4598 3708 4648 in-

2144 4690 2270 4757 quit,
2296 4688 2521 4756 amplius
2550 4688 2761 4740 iuviccm
2782 4687 3101 4755 judicemus,
3132 4695 3185 4738 et
3214 4686 3441 4753 reliqua.
3477 4686 3709 4739 Nudabi-

2138 4790 2222 4834 tur
2255 4782 2395 4833 enim
2424 4778 2702 4839 universze,
2741 4786 2800 4830 ut
2829 4792 2928 4847 ego
2958 4777 3211 4839 arbitror,
3245 4786 3513 4830 creatura:
3544 4777 3707 4829 ratio-

2136 4872 2676 4933 nahilicm'nostrum,
2707 4870 3150 4923 etrclcvahuntur
3176 4869 3408 4931 occulta,
3439 4869 3522 4920 vel
3546 4870 3706 4921 etiam

2134 4959 2658 5023 manifestalmntur;
2714 4968 2795 5012 est
2841 4960 2981 5010 enim
3036 4957 3359 5011 differentia.
3447 4955 3708 5010 Videntur

2134 5052 2277 5103 enim
2307 5066 2367 5103 ea
2395 5050 2605 5117 quidem
2658 5064 2775 5116 quae
2807 5048 3109 5099 revelantur
3128 5047 3192 5099 ad
3222 5046 3391 5099 malos
3413 5047 3701 5114 pertinere.

2134 5140 2197 5192 de.
2218 5140 2409 5207 quibus
2432 5137 2656 5190 dicitur:
2681 5134 2745 5188 l‘n
2771 5136 2885 5204 igne
2906 5137 3040 5188 enim
3068 5134 3375 5188 revelabitur
3398 5134 3447 5201 (I
3467 5134 3585 5187 Cor.
3604 5142 3701 5201 nt);

2133 5242 2194 5280 ea
2218 5241 2426 5294 quoque
2456 5240 2575 5293 quae
2604 5224 3030 5287 manilcsmntur,
3049 5224 3114 5277 ad
3138 5224 3325 5287 honos,
3359 5234 3413 5277 et
3444 5225 3562 5277 ideo
3584 5224 3706 5277 dici-

2137 5328 2249 5371 tur:
2279 5314 2441 5368 Omne
2469 5315 2599 5367 enim
2626 5314 2761 5383 quod
2784 5314 3148 5382 manifestatur
3169 5314 3261 5366 lux
3284 5325 3358 5366 est
3388 5312 3601 5383 (Eplies.
3619 5313 3699 5381 ι);

2132 5417 2183 5461 et
2222 5418 2472 5474 tanquam
2517 5406 2637 5460 libri
2670 5405 2882 5473 quidam
2916 5404 3190 5472 descripti,
3233 5403 3318 5457 vel
3350 5404 3544 5457 tabula!
3574 5404 3701 5456 inci-

2131 5515 2203 5553 sa:
2264 5498 2599 5551 etmtincntes
2654 5497 2859 5550 litteras
2934 5506 3148 5549 actuum
3212 5495 3701 5563 cogitationumquc

2130 5598 2429 5642 nostrarum
2460 5589 2525 5641 ab
2548 5588 2713 5648 omni,
2755 5596 2811 5639 ut
2839 5586 3089 5647 diximus,
3119 5594 3367 5638 creatura
3399 5584 3696 5638 rationabili

2129 5680 2454 5746 relegeutur:
2507 5686 2558 5732 et
2609 5678 2707 5731 hoc
2751 5686 2831 5730 est
2872 5675 3009 5743 quod
3061 5676 3298 5729 arbitror
3347 5676 3570 5728 indicari
3607 5687 3698 5740 per

3834 5606 3845 5649 i
