3948 6368
218 405 353 462 1381

756 404 1303 463 ENARRATIONUM
1342 406 1409 461 IN
1448 407 1593 461 EPP.
1631 404 1837 461 PAULI
1875 404 2001 459 LIB.
2042 403 2153 459 VII.
2194 410 2267 443 -'—
2300 402 2368 456 lN
2404 401 2621 456 EPIST.
2658 403 2752 455 AD
2787 401 2953 457 ROM.

3328 403 3471 461 1582

212 514 512 579 Danielcm,
542 514 631 569 ubi
661 514 809 581 dicit,
841 524 889 568 et
916 514 1035 568 libri
1061 516 1225 586 aperti
1268 526 1407 582 sunt,
1464 518 1553 585 qui
1584 518 1788 572 scilicet
1820 524 1869 582 Α
1892 514 2129 569 cmlestia
2178 514 2540 579 nominantur,
2590 514 2956 582 corporalibus
3012 514 3208 569 inﬂexa
3246 517 3470 586 genibus

212 607 351 663 et‘in
375 606 535 662 corde
556 616 742 661 nostro
767 605 990 661 involuti
1016 615 1141 661 sunt
1168 614 1223 661 et
1245 608 1464 674 obtecti,
1515 608 1790 663 continen-

212 706 296 754 tes
327 698 540 768 quidem
576 699 776 768 scripta
805 713 926 767 quae
954 698 1188 766 gerimus
1219 706 1272 753 et
1298 699 1441 754 notis
1473 699 1793 768 quibusdam

213 788 553 842 conscientia:
584 787 797 855 sulcati,
834 802 933 842 nec
970 795 1148 844 tamen
1180 789 1273 843 ulli
1312 789 1418 844 nisi
1438 790 1548 845 Deo
1576 790 1671 845 soli
1693 803 1788 845 co-

213 873 366 948 gtiiti.
404 858 497 932 Isti
532 892 663 948 ergo
697 878 817 933 libri
845 877 1038 933 animae
1064 887 1259 936 nostra:
1288 879 1374 933 vel
1414 881 1592 935 cordis
1619 879 1790 935 nostri

284 964 422 1034 gina:
451 961 761 1034 aperientur
786 965 841 1017 in
867 972 1161 1033 conspectu
1221 966 1401 1037 throni
1440 965 1687 1030 ﬂammei,
1734 975 1791 1022 et

212 1061 455 1107 rotarum
478 1053 618 1124 ignis
639 1049 900 1118 ardentis;
918 1062 973 1108 et
992 1054 1224 1110 ﬂuminis
1257 1056 1400 1126 ignei
1426 1058 1791 1127 percurrentis

214 1154 341 1199 ante
368 1154 638 1201 vetustum
659 1147 887 1202 dierum.
920 1146 1187 1204 Videbunt
1215 1150 1328 1205 haec
1348 1158 1404 1205 et
1430 1150 1607 1221 legent
1628 1152 1791 1208 etiam

213 1234 411 1303 angeli,
434 1244 487 1290 et
513 1236 604 1289 illa
626 1236 817 1291 millies
840 1233 1002 1290 millia
1028 1237 1360 1308 angelorum,
1389 1246 1445 1292 et
1471 1239 1648 1295 decies
1671 1239 1791 1293 mil-

213 1323 314 1378 lies
330 1326 465 1379 dena
484 1325 652 1379 millia
678 1326 1069 1392 ministrorum,
1090 1336 1145 1381 et
1170 1328 1243 1381 ita
1267 1328 1553 1383 criminum
1578 1338 1792 1385 nostro-

214 1430 360 1478 rum,
398 1415 451 1468 in
483 1415 689 1484 quibus
712 1431 855 1470 nunc
887 1431 1052 1469 unum
1090 1417 1278 1471 saltem
1310 1424 1503 1471 testem
1526 1419 1635 1486 pati
1665 1435 1791 1475 eon-

214 1502 509 1567 fundimur,
552 1505 849 1560 cmlestium
881 1514 1007 1560 tunc
1041 1506 1298 1560 virtutum
1334 1513 1500 1561 testes
1548 1516 1791 1564 catervas

214 1592 633 1649 innumerabiles
675 1595 958 1662 patiemur.
1001 1593 1134 1650 Cum
1183 1603 1365 1651 autem
1422 1596 1617 1651 Paulus
1661 1597 1793 1652 dicit

212 1682 339 1751 quia
363 1682 555 1737 Omnes
576 1684 830 1738 stabimus
856 1694 974 1738 ante
1000 1684 1231 1738 tribunal
1252 1684 1370 1749 Dei,
1404 1692 1458 1739 et
1482 1699 1541 1739 se
1566 1701 1685 1739 cum
1708 1686 1791 1740 his

212 1772 383 1827 societ
411 1773 503 1841 qui
546 1774 764 1828 stabunt
810 1782 934 1828 ante
983 1775 1211 1828 tribunal
1257 1774 1374 1838 Dei,
1420 1775 1667 1845 quisnam
1711 1783 1793 1831 est

1894 602 2144 667 adorare,
2190 609 2285 655 aut
2317 602 2479 657 etiam
2516 602 2697 672 lingua
2744 604 2944 657 carnali
2984 614 3039 658 et
3062 604 3156 657 tali
3196 602 3467 671 membro,

1893 690 2036 760 quali
2099 704 2198 745 nos
2255 691 2499 747 homines
2550 691 2843 762 loquimur,
2902 702 3154 761 putentur
3223 696 3471 751 conﬁteri

1894 780 2081 848 Deum,
2120 780 2188 836 de
2215 782 2407 851 quibus
2444 783 2659 850 dicitur,
2688 784 2813 853 quia
2841 793 2965 838 sunt
3008 785 3227 855 spiritus
3248 794 3305 841 et
3332 786 3471 858 ignis

1894 871 2182 925 secundum
2194 873 2337 937 quod
2361 872 2626 943 Pr0pheta
2650 873 2810 928 dicit:
2839 872 2942 939 Qui
2964 874 3087 943 facit
3116 875 3324 946 angelos
3346 892 3469 930 suos

1892 960 2125 1027 spiritus,
2156 969 2205 1012 et
2236 962 2499 1016 ministros
2526 978 2647 1016 suos
2678 964 2849 1031 ignem
2880 972 3110 1017 urentem
3139 961 3464 1035 (Psal.c1n).

1893 1048 1960 1104 Et
1991 1066 2111 1120 quae
2135 1066 2308 1122 genua
2351 1053 2407 1106 in
2437 1053 2717 1121 spiritibus
2747 1053 3199 1119 essecredeutur,
3238 1062 3330 1107 aut
3352 1068 3471 1121 qua:

1891 1139 2072 1211 lingua
2097 1142 2150 1195 in
2177 1143 2317 1212 ignis
2341 1144 2519 1213 specie
2544 1143 2892 1213 requiratur?
2916 1142 3021 1197 Sed
3056 1157 3191 1212 genu
3234 1144 3468 1210 ﬂectere,

1891 1232 2129 1300 subjecta
2157 1246 2276 1287 esse
2309 1242 2522 1298 cuneta,
2554 1242 2610 1288 et
2640 1232 2806 1288 cultui
2839 1233 2932 1288 Dei
2963 1234 3181 1288 obedire
3210 1233 3468 1287 declarat.

1890 1322 2067 1377 Movet
2090 1338 2175 1377 me
2200 1323 2375 1378 adhuc
2400 1339 2466 1378 ex
2512 1326 2618 1391 his,
2661 1340 2781 1394 qua:
2817 1325 2882 1379 de
2909 1325 3162 1393 Epistolis
3191 1326 3259 1379 ad
3285 1324 3475 1380 Corin-

1893 1412 2035 1467 thios
2064 1412 2473 1482 assumpsimus,
2514 1412 2606 1466 ubi
2630 1413 2761 1467 dicit
2792 1432 2804 1466 :
2837 1411 2902 1467 Ut
2942 1415 3157 1483 recipiat
3193 1416 3473 1484 unusquis-

1890 1522 1989 1575 que
2011 1506 2221 1574 prapria
2243 1506 2498 1574 corporis,
2522 1514 2676 1574 prout
2696 1505 2873 1573 gessit,
2895 1506 2998 1558 sive
3020 1506 3173 1569 bona,
3189 1507 3291 1559 sive
3307 1510 3470 1569 mala,

1891 1606 2073 1649 utrum
2117 1596 2243 1665 quia
2292 1596 2345 1649 in
2371 1596 2625 1651 omnibus
2657 1594 2969 1649 hominibus
3008 1608 3226 1649 necesse
3249 1602 3334 1649 est
3376 1594 3473 1647 ali-

1893 1686 2159 1754 quidboni
2184 1700 2324 1749 esse,
2354 1687 2553 1756 aliquid
2576 1686 2789 1750 etmali,
2819 1700 2920 1740 nec
2942 1685 3106 1739 ullum
3134 1686 3188 1739 in
3212 1687 3367 1741 bonis
3393 1687 3473 1739 in—

1894 1777 2084 1841 veniri,
2122 1779 2210 1846 qui
2237 1794 2340 1831 non
2366 1779 2565 1848 aliquid
2599 1779 2849 1833 habuerit
2879 1786 2933 1832 et
2958 1778 3083 1831 mali
3111 1796 3125 1830 :
3167 1778 3252 1832 vel
3279 1779 3474 1831 iterum

212 1863 304 1931 qui
334 1864 678 1933 semetipsum
706 1864 778 1917 ita
814 1863 1045 1931 decipiat
1086 1873 1141 1918 et
1166 1863 1332 1929 fallat,
1365 1874 1424 1919 ut
1449 1865 1514 1919 ad
1531 1864 1791 1933 judicium
1822 1865 1868 1923 B
1897 1868 2129 1935 aliquem
2165 1868 2219 1921 in
2255 1869 2430 1933 malis,
2463 1870 2554 1939 qui
2581 1884 2687 1923 non
2714 1869 2966 1923 habuerit
3012 1868 3213 1936 aliquid
3250 1875 3304 1921 et
3328 1868 3473 1931 boui,

213 1972 273 2013 se
309 1957 533 2024 Christi,
569 1968 625 2012 et
650 1957 717 2012 ad
744 1958 977 2013 tribunal
1021 1959 1339 2028 cognitionis
1364 1958 1480 2027 ejus
1504 1975 1609 2013 non
1640 1968 1792 2028 putet

212 2061 332 2100 esse
348 2057 651 2109 venturum,
678 2055 771 2101 aut
795 2047 1241 2103 manifestandum
1258 2064 1315 2103 sc
1331 2064 1433 2102 non
1453 2058 1605 2117 putet
1627 2051 1677 2103 in
1707 2051 1791 2104 his

211 2152 331 2207 quae
360 2139 471 2191 sive
509 2148 675 2201 recte,
718 2140 830 2192 sive
851 2140 1011 2193 etiam
1045 2141 1219 2194 minus
1247 2151 1391 2195 recte
1421 2140 1791 2196 commiserit?

212 2225 365 2293 Quod
389 2241 517 2279 vero
543 2228 595 2279 in
624 2228 873 2295 prmsenti
916 2228 1130 2296 quidem
1159 2228 1274 2283 loco
1312 2248 1331 2278 ς
1361 2228 1591 2283 tribunal
1623 2230 1737 2293 Dei,
1764 2249 1783 2281 ι

213 2315 281 2369 ad
301 2314 607 2369 Corinthios
620 2330 749 2369 vero
778 2336 795 2366 ‹
819 2317 1050 2370 tribunal
1079 2317 1276 2372 Christi
1298 2337 1315 2370 ι
1344 2318 1539 2386 posuit,
1558 2333 1657 2387 ego
1677 2318 1791 2386 qui-

214 2405 332 2459 dem
348 2405 548 2458 nullam
565 2416 692 2475 puto
705 2421 823 2460 esse
839 2407 1332 2477 ditl‘erentiam,quo
1347 2409 1521 2462 minus
1536 2424 1697 2462 unum
1716 2417 1791 2462 at-

213 2509 317 2563 que
333 2495 469 2549 idem
492 2514 508 2545 ι
532 2495 757 2549 tribunal
777 2494 975 2549 Christi
1000 2514 1016 2546 ι
1037 2503 1091 2549 et
1107 2496 1336 2550 tribunal
1351 2496 1443 2549 Dei
1463 2497 1787 2559 nominetur,

214 2587 503 2642 secundum
527 2588 665 2656 quod
689 2587 801 2655 ipse
825 2586 1071 2639 Salvator
1094 2586 1145 2639 in
1170 2586 1456 2655 Evangelio
1478 2586 1635 2640 dicit:
1660 2586 1789 2639 0m-

217 2678 304 2731 uia
325 2693 439 2747 qua:
465 2676 615 2729 habet
642 2672 800 2728 Pater
826 2692 938 2728 mea
961 2685 1079 2728 sunt
1104 2675 1281 2745 (Joun.
1309 2675 1441 2744 xvi).
1470 2674 1533 2727 Et
1556 2674 1747 2728 iterum
1774 2692 1787 2727 :

215 2768 398 2833 Pater,
421 2785 533 2822 mea
562 2778 653 2820 tua
675 2776 815 2830 sunt,
835 2777 880 2819 et
903 2776 994 2818 tua
1017 2783 1132 2819 mea
1157 2765 1362 2835 (Ibid.).
1388 2765 1445 2819 Si
1468 2766 1587 2833 quis
1614 2772 1793 2819 tamen

212 2866 369 2928 putat
398 2858 451 2911 in
479 2857 816 2912 sermonibus
839 2855 1016 2919 Pauli,
1043 2855 1167 2923 quia
1190 2856 1330 2908 nulla
1354 2856 1407 2908 in
1443 2852 1557 2921 ejus
1595 2854 1790 2909 litteris

212 2947 386 3001 otiosa
415 2946 498 3001 vel
537 2946 739 3015 syllaba
767 2954 872 3008 cst,
904 2958 1095 2998 causas
1145 2944 1422 2998 varietatis
1468 2942 1626 3011 hujus
1672 2958 1792 2999 esse

212 3039 585 3107 requirendas,
604 3037 802 3107 poterit
824 3035 1052 3089 fortasse
1068 3036 1170 3088 tale
1186 3035 1387 3104 aliquid
1410 3035 1589 3089 dicere
1608 3052 1619 3087 :
1638 3035 1792 3089 Chri-

212 3130 283 3186 sti
315 3128 650 3192 vocabulum,
679 3136 939 3196 quantum
977 3128 1043 3181 ad
1072 3128 1456 3196 proprietatem
1479 3128 1792 3196 appellatio-

1894 1964 2112 2025 propter
2139 1956 2470 2026 Scripturam
2500 1972 2618 2028 quae
2656 1958 2786 2012 dicit
2816 1975 2827 2009 :
2861 1956 3095 2031 Spiritus
3124 1956 3264 2011 enim
3294 1956 3471 2011 incor-

1894 2047 2162 2116 ruptibilis
2188 2048 2238 2101 in
2259 2049 2565 2104 hominibus
2583 2058 2695 2113 est;
2714 2054 2995 2117 propterea
3016 2047 3213 2102 dixerit
3230 2056 3289 2101 ut
3309 2062 3475 2100 unus-

1892 2142 2120 2211 quisque
2143 2151 2197 2196 et
2218 2158 2317 2212 pro
2339 2144 2494 2197 bonis
2516 2145 2629 2198 suis
2652 2144 2818 2207 bona,
2842 2151 2895 2196 et
2927 2157 3025 2210 pro
3054 2141 3210 2195 malis
3251 2140 3477 2209 recipiat

1893 2229 2051 2291 mala,
2096 2246 2162 2283 an
2201 2231 2371 2285 honos
2406 2231 2525 2285 illos
2559 2233 2722 2295 dicat,
2754 2231 2947 2299 quibus
2979 2230 3109 2285 nihil
3138 2230 3267 2284 mali
3302 2228 3477 2284 ascri-

1891 2318 2126 2373 bendum
2149 2321 2237 2382 sit,
2269 2328 2325 2373 ct
2355 2320 2471 2375 illos
2501 2320 2671 2376 malos
2695 2321 2889 2390 quibus
2924 2320 3047 2375 boni
3089 2320 3221 2374 nihil
3256 2320 3478 2377 omnino

1893 2406 2169 2462 debeatur.
2199 2408 2303 2462 Sed
2344 2411 2388 2463 si
2433 2411 2533 2464 hoc
2562 2410 2913 2465 novissimum
2958 2418 3227 2478 putemus,
3273 2407 3475 2465 videbi-

1894 2506 2016 2547 mur
2035 2505 2221 2549 contra
2250 2497 2550 2554 evidentem
2574 2498 2758 2552 venire
2786 2498 3069 2552 rationem.
3103 2497 3288 2552 Nullus
3308 2498 3477 2563 enim,

1852 2631 1855 2635 t
1894 2575 1953 2637 ut
1983 2585 2115 2650 dixi,
2169 2587 2241 2640 ita
2272 2588 2445 2642 bonus
2473 2588 2796 2652 invenietur,
2843 2589 2930 2643 cui
2970 2603 3076 2641 non
3120 2587 3320 2655 aliquid
3350 2589 3482 2642 insi-

1894 2681 2009 2728 tum
2031 2675 2103 2728 sit
2146 2677 2293 2742 mali,
2350 2690 2409 2731 ut
2455 2696 2521 2733 ex
2561 2678 2850 2733 multorum
2888 2672 3480 2747 sanctoruin‘pcrl'acile

1894 2765 2070 2835 colligi
2114 2767 2324 2822 videtur
2354 2772 2639 2840 exemplis;
2672 2781 2727 2824 et
2762 2786 2966 2835 rursus,
3012 2786 3168 2826 nemo
3194 2780 3277 2825 est
3310 2773 3479 2840 pessi-

1894 2873 2131 2924 morum,
2160 2860 2323 2915 etiam
2348 2862 2392 2915 si
2418 2864 2530 2931 ipse
2555 2862 2722 2916 Judas
2751 2872 2998 2931 ponatur,
3034 2864 3123 2933 qui
3168 2878 3327 2931 supra
3354 2878 3478 2917 om-

1896 2962 2023 3001 nem
2052 2948 2384 3017 impietatem
2427 2952 2622 3019 impius
2661 2950 2781 3015 fuit,
2820 2960 2879 3005 ut
2930 2968 3037 3006 non
3080 2952 3281 3020 aliquid
3317 2952 3481 3006 etiam

1901 3034 2013 3103 ipse
2037 3038 2158 3091 boni
2178 3037 2428 3093 habuisse
2446 3040 2707 3093 videatur.
2728 3039 2859 3093 Nam
2882 3048 2939 3093 ut
2962 3040 3050 3093 illa
3073 3040 3342 3102 omittam,
3362 3053 3481 3108 quia

1900 3141 2021 3180 cum
2048 3128 2304 3195 apostolis
2343 3130 2549 3198 positus
2580 3131 2731 3198 quasi
2783 3145 2920 3183 unus
2961 3145 3026 3184 ex
3070 3130 3200 3199 ipsis
3236 3130 3477 3200 gerebat,

215 3220 302 3274 nis
326 3219 491 3289 ipsius
513 3218 766 3288 pertinet,
793 3216 951 3271 Verbi
978 3216 1031 3269 in
1056 3231 1218 3270 carne
1246 3217 1429 3285 positi,
1460 3224 1513 3269 ct
1536 3218 1790 3270 mundum
1823 3217 1866 3279 C
1899 3216 2146 3283 quamvis
2173 3224 2229 3269 et
2262 3216 2331 3269 ibi
2350 3218 2462 3285 jam
2496 3216 2651 3272 bonis
2686 3218 2804 3286 ejus
2832 3219 3190 3273 miscerentur
3235 3228 3290 3272 ct
3316 3218 3479 3282 mala,

211 3311 324 3366 Deo
355 3308 748 3364 reconciliantis
788 3307 1044 3361 indicium
1088 3316 1188 3371 est,
1221 3307 1300 3361 sic
1326 3316 1379 3361 ct
1426 3306 1567 3360 idem
1594 3306 1791 3361 Paulus

210 3399 375 3465 dicit,
408 3399 530 3468 quia
562 3397 704 3451 Deus
730 3406 841 3451 erat
855 3399 910 3450 in
938 3395 1144 3450 Christo
1172 3396 1422 3449 mundum
1450 3396 1790 3450 reconcilians

212 3492 311 3545 sibi
354 3489 435 3560 (II
478 3487 599 3542 Cor.
628 3488 715 3559 v);
774 3488 868 3542 sed
924 3486 1376 3543 reconciliationis
1410 3485 1569 3553 hujus
1619 3488 1791 3557 spatia

212 3578 581 3635 conversionis
629 3585 825 3631 nostra:
864 3576 1074 3639 dilatio,
1120 3584 1177 3630 et
1203 3576 1597 3630 emendationis
1626 3577 1793 3646 negli-

214 3670 392 3741 gentia
423 3668 696 3730 distendit,
722 3676 777 3722 ct
806 3666 1047 3737 longiora
1070 3667 1368 3731 constituit,
1401 3668 1638 3721 etdonec
1669 3682 1793 3720 eva-

214 3768 338 3812 cuet
376 3774 562 3812 omnes
593 3757 921 3826 principatus
963 3765 1017 3810 et
1065 3765 1372 3826 potestates,
1403 3765 1459 3810 et
1480 3767 1641 3825 ponat
1686 3759 1791 3811 ini-

214 3850 386 3903 mices
409 3846 508 3903 sub
524 3847 748 3915 pedibus
772 3844 905 3909 suis,
938 3862 1000 3900 ac
1029 3846 1376 3900 novissimum
1406 3846 1683 3900 inimicum
1704 3847 1795 3901 de-

214 3946 391 3993 struat
427 3946 674 4001 mortem,
712 3935 782 3988 ita
809 3950 932 3989 cum
964 3949 1188 4004 regnare
1244 3943 1477 4003 Oportet,
1526 3945 1584 3987 ut
1608 3935 1795 3989 minis—

217 4027 412 4082 terium
460 4033 720 4094 suscepta:
763 4025 819 4077 in
843 4037 1004 4077 carne
1050 4024 1464 4092 dispensationis
1510 4034 1792 4087 exerceat,

215 4121 451 4174 cthouos
479 4118 692 4186 quidem
738 4116 1064 4180 manifestet,
1102 4117 1394 4187 culpabiles
1436 4128 1613 4172 autem
1663 4119 1796 4173 reci-

216 4208 746 4279 piantuuusquisque
768 4207 1063 4261 secundum
1078 4222 1237 4276 opera
1254 4222 1347 4260 sua
1365 4222 1379 4259 :
1406 4205 1507 4260 Ubi
1520 4208 1795 4259 tradiderit

218 4315 432 4369 regnum
454 4297 562 4350 Deo
588 4307 634 4349 et
664 4296 814 4349 Patri
837 4295 888 4366 (1
915 4294 1038 4349 Cor.
1068 4296 1157 4364 xv)
1180 4312 1192 4359 ;
1227 4295 1278 4348 id
1305 4305 1408 4359 est,
1435 4310 1722 4349 conversos
1741 4303 1795 4348 et

216 4390 525 4444 emendatos
557 4400 745 4440 omnes
780 4385 1034 4439 obtulerit
1061 4384 1189 4449 Deo,
1221 4384 1355 4438 etad
1386 4385 1647 4454 integrum
1682 4400 1797 4454 my-

220 4482 443 4536 sterium
479 4478 661 4532 mundi
691 4477 1144 4532 reconciliationis
1170 4477 1485 4545 expleverit,
1528 4486 1676 4539 tunc,
1700 4477 1793 4541 ait,

1892 3311 2011 3356 erat
2038 3304 2181 3358 enim
2217 3308 2459 3374 pecunia:
2481 3308 2733 3377 cupidus;
2767 3315 2944 3362 tamen
2979 3309 3078 3362 hoc
3118 3309 3312 3377 ipsum,
3338 3310 3481 3379 quod

1892 3398 2208 3465 ptnuitcntia
2259 3400 2449 3454 ductus
2501 3402 2796 3470 reportavit
2842 3403 3060 3472 triginta
3093 3413 3378 3473 argenteos
3406 3406 3475 3461 ad

1894 3489 2221 3555 sacerdotes,
2253 3498 2307 3543 ct
2337 3492 2490 3556 dixit,
2533 3488 2772 3557 Peccavi,
2800 3494 3009 3547 tradens
3039 3496 3345 3564 sanguinem
3378 3496 3476 3564 ju-

1893 3589 2052 3645 stum,
2103 3581 2205 3637 fuit
2246 3584 2447 3653 aliquid
2474 3585 2619 3638 boni.
2653 3584 2730 3638 Ex
2759 3585 2953 3653 quibus
2992 3587 3241 3641 omnibus
3268 3587 3480 3642 videtur

1896 3673 2050 3736 mihi,
2088 3675 2339 3743 quoniam
2399 3691 2503 3729 non
2536 3684 2713 3745 potest
2767 3691 2906 3731 unus
2955 3686 3116 3746 atque
3162 3675 3301 3732 idem
3337 3676 3479 3732 bona

1898 3762 2056 3814 simul
2083 3764 2339 3833 recipere,
2377 3772 2430 3818 ct
2457 3764 2594 3817 mala
2618 3782 2631 3818 ε
2667 3779 2841 3833 neque
2867 3766 3009 3819 enim
3038 3765 3198 3819 simul
3227 3774 3281 3819 et
3306 3767 3357 3819 in
3382 3781 3478 3836 pa-

1899 3849 2133 3904 radisum
2177 3853 2316 3919 quis,
2359 3854 2530 3906 autin
2568 3869 2729 3923 regna
2777 3853 3057 3919 etelorum,
3092 3854 3227 3908 etin
3273 3855 3473 3925 geheno

1898 3953 2021 3991 nam
2045 3940 2183 3993 mitti
2214 3949 2405 4008 potest,
2441 3942 2491 3995 in
2525 3943 2630 3997 illis
2656 3945 3024 3999 tantummodo
3055 3944 3317 3999 rationem
3350 3946 3478 3999 boni

1898 4042 2003 4080 non
2046 4029 2265 4093 habere,
2318 4030 2370 4083 in
2416 4032 2609 4099 quibus
2657 4033 2813 4087 valde
2852 4035 3262 4102 prmponderant
3303 4036 3477 4099 mala;

1897 4124 1951 4167 ct
1976 4116 2027 4169 in
2060 4116 2163 4171 illis
2202 4119 2463 4172 rationem
2507 4121 2629 4174 mali
2660 4136 2766 4175 non
2803 4123 2992 4191 accipi,
3037 4124 3089 4177 in
3124 4124 3318 4193 quibus
3344 4140 3483 4193 prac-

1899 4208 2196 4274 ponderant
2249 4211 2418 4275 bona,
2471 4223 2523 4265 ct
2576 4212 2627 4265 in
2677 4214 2872 4280 quibus
2935 4214 3199 4268 malorum
3251 4216 3479 4285 vestigia

1897 4298 2209 4364 poenitentia
2240 4302 2604 4356 ccnvcrsionis
2639 4302 2891 4356 abolevit.
2942 4303 3011 4358 Ut
3043 4314 3221 4359 autem
3248 4304 3314 4358 ad
3355 4322 3480 4374 pro-

1899 4384 2056 4451 positi
2112 4387 2333 4455 capituli
2396 4389 2557 4443 linem
2607 4391 3113 4461 conclusionemque
3160 4395 3475 4460 redeamus,

1900 4488 2042 4534 cum,
2099 4476 2293 4543 inquit.
2336 4487 2483 4531 tanta
2522 4479 2591 4533 sit
2627 4482 2766 4549 apud
2802 4482 2966 4535 Deum
3014 4492 3069 4534 et
3131 4483 3269 4551 apud
3320 4483 3478 4537 Chri-

220 4581 345 4626 ante
392 4568 623 4624 tribunal
653 4569 746 4622 Dei
791 4576 972 4621 astare
1015 4568 1232 4631 dicitur,
1280 4576 1339 4621 ut
1384 4566 1670 4635 impleatur
1699 4567 1800 4621 hoc
1828 4549 1876 4607 D
1904 4571 2041 4615 stum
2096 4562 2210 4629 ejus
2232 4564 2418 4632 jndicii
2452 4568 2676 4630 veritas,
2711 4574 2857 4619 tanta
2900 4565 3091 4621 futura)
3117 4568 3477 4623 examinatio-

218 4661 362 4731 quod
402 4658 662 4727 sequitur,
700 4657 827 4710 Viro
866 4643 980 4726 ego,
1011 4658 1134 4710 dicit
1178 4657 1457 4720 Dominus,
1507 4659 1629 4725 quia
1675 4660 1801 4712 milii

219 4754 454 4821 [lectetur
482 4765 630 4802 omne
652 4764 807 4816 genu,
832 4756 877 4800 et
904 4746 1232 4814 conﬁtebitur
1264 4748 1429 4799 omnis
1461 4746 1639 4815 lingua
1665 4748 1795 4802 Deo.

220 4841 425 4895 Flectet
461 4846 637 4893 autem
672 4852 810 4907 genu
840 4836 1014 4889 omnis
1061 4845 1306 4890 creatura
1346 4836 1455 4889 Deo
1486 4837 1538 4889 in
1584 4838 1798 4892 nomine

218 4929 366 4993 Jesu,
399 4944 496 4999 per
522 4944 682 4997 quem
712 4926 1052 4981 reconciliata
1082 4935 1165 4981 est
1206 4927 1275 4989 ei,
1321 4926 1611 4981 secundum
1656 4929 1798 4996 quod

222 5021 362 5075 idem
384 5016 669 5087 Apostolus
693 5015 842 5080 dicit,
876 5015 1002 5083 quia
1034 5014 1102 5067 In
1140 5014 1341 5067 nomine
1368 5014 1494 5069 Jesu
1525 5031 1673 5067 omne
1713 5032 1799 5085 ge:

222 5128 293 5165 nu
327 5114 580 5181 ﬂectetur,
625 5107 925 5171 crrlesliunt,
983 5108 1324 5169 terrestrium,
1378 5116 1423 5158 et
1476 5106 1799 5173 infernarum

222 5200 387 5272 (Phil.
414 5200 497 5269 ιι).
548 5197 785 5253 Flectere
823 5212 953 5250 sane
1003 5212 1164 5265 genu,
1215 5206 1268 5249 ct
1305 5210 1518 5248 omnem
1564 5195 1797 5265 linguam

219 5291 467 5347 conﬁteri
513 5292 653 5352 Deo,
688 5290 753 5343 de
787 5288 938 5341 Isaize
978 5289 1249 5357 propheta:
1285 5287 1619 5341 sermonibus
1662 5287 1794 5355 (Isa.

222 5383 348 5453 xcv)
376 5381 668 5450 assumpsit
709 5378 1017 5448 Apostolus.
1044 5379 1196 5445 Quod
1228 5387 1405 5431 tamen
1435 5392 1539 5429 non
1571 5388 1652 5431 est
1677 5392 1795 5431 car-

222 5475 415 5531 naliter
435 5473 827 5543 accipiendum,
851 5479 907 5524 ut
928 5480 1176 5540 putemus
1194 5471 1333 5540 quod
1355 5470 1516 5524 etiam
1534 5470 1794 5533 coelestia,

222 5580 344 5635 quae
354 5563 487 5618 dicit
505 5577 643 5632 genu
664 5561 898 5625 ﬂectere,
917 5560 1218 5614 carnalibus
1233 5558 1486 5613 membris
1508 5558 1681 5613 facere
1697 5560 1797 5612 hoc

226 5655 511 5710 credantur
534 5672 546 5706 :
569 5652 717 5707 verbi
746 5665 928 5715 causa,
959 5660 1017 5703 ut
1044 5657 1281 5719 putetur,
1307 5647 1388 5701 vel
1416 5647 1515 5710 sol,
1548 5648 1628 5700 vel
1652 5648 1795 5710 luna,

225 5745 311 5801 vel
349 5744 532 5806 stellae,
562 5742 645 5798 vel
668 5742 827 5798 etiam
860 5739 1055 5810 angeli,
1100 5747 1153 5794 et
1177 5752 1507 5807 quaecunque
1532 5745 1654 5792 sunt
1682 5752 1798 5805 rpite

1903 4652 1985 4704 nis
2030 4652 2242 4721 indaga,
2284 4652 2405 4706 Non
2438 4671 2577 4724 ergo,
2620 4655 2714 4719 ait,
2754 4654 2975 4725 tnnplius
3012 4656 3230 4709 invicem
3272 4657 3481 4724 judice-

1904 4760 2053 4807 mus;
2085 4746 2172 4797 sed
2201 4747 2297 4798 hac
2326 4747 2565 4815 judicate
2594 4750 2783 4818 magis,
2807 4766 2868 4801 ne
2904 4750 3110 4817 ponatis
3141 4750 3478 4817 o/fensioncm

1901 4832 2055 4899 fratri
2076 4833 2150 4884 vel
2170 4834 2497 4887 scandalum.
2526 4836 2635 4890 [Ioc
2647 4835 2906 4902 judieate,
2935 4836 3107 4898 idest,
3132 4836 3233 4889 hoc
3256 4833 3479 4892 statuite

1902 4936 1967 4973 ne
2000 4936 2096 4989 per
2126 4922 2526 4978 observantiam
2556 4927 2797 4980 ciborum
2827 4925 3154 4979 oﬂ'ensiones
3194 4924 3481 4989 fratribus,

1904 5010 1987 5063 vel
2017 5012 2266 5065 scandala
2309 5015 2593 5081 generetis.
2640 5014 2716 5066 De
2761 5013 3053 5069 oﬂ‘cnsioue
3090 5013 3174 5066 vel
3222 5015 3484 5068 seandalo

1896 5096 2009 5163 jam
2062 5117 2220 5169 supra
2284 5103 2514 5156 diximus
2572 5104 2715 5171 quod
2778 5102 3088 5158 scandalum
3129 5101 3195 5154 sit
3248 5117 3372 5154 cum
3430 5102 3487 5154 in

1898 5190 2002 5254 via,
2055 5208 2159 5261 qua
2198 5194 2483 5259 inceditur,
2525 5194 2738 5263 aliquod
2782 5193 3053 5247 invenitur
3084 5189 3379 5256 objectum,
3430 5190 3487 5241 in

1898 5282 2039 5348 quod
2064 5283 2336 5338 oll'endant
2374 5285 2737 5339 scandentium
2771 5283 2853 5335 vel
2891 5280 3251 5334 incedentium
3279 5278 3483 5347 pedes;

1898 5371 2000 5425 hoc
2027 5382 2109 5427 est
2156 5390 2285 5445 ergo
2324 5376 2464 5444 quod
2500 5374 2773 5443 patiuntur
2800 5373 2877 5435 hi,
2908 5371 2999 5439 qui
3030 5371 3169 5422 viam
3221 5369 3345 5423 lidei
3380 5382 3491 5419 nu-

1896 5476 1991 5529 per
2020 5464 2267 5532 ingressi,
2312 5465 2547 5533 priorum
2583 5463 2667 5517 vel
2695 5460 3145 5521 contentionibus,
3180 5460 3265 5512 vel
3306 5455 3490 5526 negli-

1898 5554 2110 5621 gentiis,
2155 5555 2237 5606 vel
2284 5558 2588 5619 contemptu
2629 5551 2683 5605 et
2736 5550 3058 5606 elationihus
3092 5546 3486 5607 oll‘enduntur,

1899 5648 2057 5708 atque
2084 5643 2343 5712 exemplis
2389 5656 2572 5695 eorum
2605 5640 2808 5696 recussi
2846 5645 3156 5693 avertuntur
3178 5652 3204 5689 a
3239 5638 3363 5693 ﬂde.

1972 5732 2089 5785 Scio
2114 5744 2160 5786 et
2194 5733 2399 5801 conﬁdo
2438 5733 2491 5784 in
2523 5732 2741 5786 Domino
2761 5732 2908 5796 Jesu,
2929 5729 3051 5783 auia
3087 5727 3209 5780 nihil
3233 5738 3306 5781 est
3332 5740 3481 5790 cont-
