3948 6304
462 287 609 353 1385

1100 286 1161 341 Β.
1201 285 1453 342 RABANI
1491 283 1709 341 MAURI
1747 282 2066 340 ARCHIEP.
2110 279 2419 340 MOGUNT.
2463 280 2748 340 OPERUM
2785 280 2963 338 PARS
2997 278 3085 337 ΠΙ.

3585 276 3716 338 ιω

461 418 618 459 mune
642 415 734 472 per
759 398 951 470 ipsum,
992 396 1093 451 nisi
1130 397 1177 451 ei
1207 397 1297 468 qui
1329 397 1590 452 canistimat
1621 396 1746 466 quid
1773 410 2045 449 commune
2071 396 2124 457 Α
2148 392 2370 447 munda.
2418 392 2688 448 Prmmisit
2735 393 2881 448 enim
2930 406 3149 448 causam
3176 430 3192 456 ,
3241 405 3341 447 cur
3386 407 3487 462 per
3531 398 3720 447 eunet-

460 509 591 554 esse,
629 489 712 543 illi
752 502 1023 542 commune
1053 496 1148 540 est.
1189 485 1381 559 (Orig.)
1431 486 1675 541 Diximus
1715 492 1769 540 et
1814 485 1868 539 in
1900 483 2039 547 aliis,

460 584 605 655 quod
634 583 691 636 in
719 578 1019 650 Scripturis
1056 579 1260 633 sanctis
1284 576 1571 632 vernacula
1599 575 1831 646 quadam
1866 573 2045 643 appel-

457 674 660 729 latione
680 669 826 741 quod
853 675 1103 725 sanctum
1123 667 1210 723 vel
1234 666 1490 721 mundum
1514 681 1622 720 non
1642 674 1745 729 est,
1758 677 2045 719 commune

456 762 800 820 nominetur:
818 774 940 830 qua:
954 766 1136 813 tamen
1158 756 1442 827 appellatio
1464 757 1518 811 in
1537 771 1677 811 novo
1696 754 2044 810 Testamento

452 852 799 922 frequentius
852 848 1148 913 invenitur,
1192 846 1246 901 in
1277 846 1450 901 veteri
1489 859 1621 900 vero
1647 860 1755 898 non
1784 842 2045 898 recordor

450 940 631 996 sicubi
659 938 937 995 nominata
965 942 1071 1001 est,
1100 943 1163 989 ut
1185 934 1239 988 in
1264 933 1553 1004 Evangelia
1582 931 1847 987 Salvator
1869 930 2042 995 dicit,

455 1029 584 1098 quia
623 1027 704 1081 De
734 1024 889 1080 corde
919 1023 1206 1095 procedunt
1239 1023 1573 1094 cogitationes
1604 1020 1782 1084 malle,
1826 1018 2046 1073 homici-

456 1121 567 1182 dia,
608 1117 1004 1187 fornicationes,
1045 1113 1331 1178 adulteria,
1363 1112 1529 1181 furta,
1555 1110 1693 1180 falsa
1724 1109 2041 1174 testimonia,

456 1218 505 1262 et
538 1210 643 1263 ista
688 1216 809 1262 sunt
855 1221 975 1276 qua:
1004 1204 1389 1258 communicant
1430 1202 1711 1255 hominem.
1759 1198 1883 1254 Non
1924 1198 2044 1251 lotis

457 1308 631 1351 autem
665 1295 907 1350 manibus
938 1293 1259 1348 manducare
1284 1308 1388 1345 non
1413 1292 1759 1345 communicat
1784 1290 2045 1343 hominem

463 1389 662 1461 (Marc.
678 1386 800 1458 vn).
825 1385 1083 1455 Quamvis
1108 1385 1163 1439 in
1188 1383 1460 1439 nonnullis
1474 1380 1873 1452 exemplaribus
1897 1379 2045 1434 Lati-

456 1481 512 1534 ni
562 1494 661 1550 pro
700 1476 1073 1540 communicat,
1130 1475 1433 1544 coinquinat
1480 1472 1775 1543 posuerint,
1816 1479 1873 1525 et
1918 1470 2045 1525 licet

457 1566 645 1622 eadem
689 1566 869 1621 virtus
910 1564 998 1629 sit,
1042 1564 1346 1635 proprietas
1382 1571 1562 1617 tamen
1584 1560 1862 1617 sermonis
1902 1576 2044 1614 com-

455 1660 687 1715 municat
714 1659 899 1715 habet.
926 1656 1033 1713 Sed
1051 1665 1107 1712 et
1134 1656 1189 1711 in
1213 1656 1439 1711 Actibus
1476 1654 1841 1725 apostolorum
1864 1652 2045 1707 Domi-

455 1766 556 1807 nus
592 1750 725 1806 dicit
755 1749 823 1804 ad
848 1748 1069 1803 Petrum
1099 1764 1111 1801 :
1149 1744 1303 1812 Quod
1332 1745 1473 1800 Deus
1502 1744 1770 1798 mandavit
1807 1750 1865 1794 tu
1903 1756 2044 1795 com-

454 1858 610 1896 mune
635 1857 699 1895 ne
731 1839 926 1893 dixeris
960 1837 1099 1909 (Act.
1121 1836 1201 1907 x).
1251 1835 1390 1890 Puto
1427 1848 1554 1903 ergo
1599 1833 1723 1887 inde
1752 1845 1907 1886 usum
1931 1842 2046 1885 ser-

455 1931 632 1987 monis
660 1930 827 2001 bujus
853 1936 1210 1997 assumptum,
1237 1933 1299 1980 ut
1329 1924 1480 1995 quia,
1503 1923 1653 1978 verbi
1689 1920 1886 1992 gratia,
1916 1934 2044 1974 vasa

453 2021 641 2091 templi
675 2018 979 2075 ministerio
993 2025 1301 2089 segregata,
1330 2029 1462 2070 vasa
1491 2014 1609 2068 sine
1635 2012 1795 2066 dubio
1833 2009 2045 2065 Domini

458 2112 882 2183 appellabantur,
902 2109 973 2165 ad
1011 2110 1208 2163 horum
1252 2115 1433 2161 autem
1476 2104 1878 2161 distinctionem
1916 2102 2043 2156 reli-

453 2217 559 2272 qua
589 2216 720 2256 vasa
748 2197 1057 2255 communia
1103 2197 1441 2260 dicebantur,
1484 2194 1555 2248 ita
1601 2200 1655 2247 et
1691 2194 1759 2247 ad
1802 2192 2045 2246 ciborum

454 2291 882 2356 distinctionem,
914 2302 1102 2344 eorum
1135 2302 1271 2356 quos
1298 2284 1453 2355 quasi
1495 2281 1725 2337 mundos
1761 2289 1817 2335 et
1854 2294 2048 2335 secun-

458 2382 586 2438 dum
620 2380 795 2453 legem
848 2377 1085 2435 edendos
1132 2375 1412 2446 Scriptura
1473 2370 1796 2441 segregavit,
1852 2368 2046 2438 reliqui

452 2486 644 2530 omnes
668 2484 985 2528 communes
1014 2465 1267 2537 appellati
1298 2471 1442 2518 sunt.
1475 2461 1583 2516 Sed
1601 2460 1773 2515 Judaei
1792 2460 1901 2513 vim
1922 2474 2048 2512 ver-

457 2561 524 2618 bi.
541 2562 878 2630 ignorantes,
898 2556 1040 2611 unde
1058 2552 1363 2611 communis
1379 2551 1652 2605 diceretur
1680 2548 1862 2611 homo,
1885 2560 2046 2615 quem

454 2663 802 2709 communem
836 2644 1196 2717 appellabant,
1226 2640 1493 2696 sermonis
1531 2652 1690 2693 usum
1720 2636 1837 2691 sine
1875 2636 2045 2705 signi-

458 2738 729 2795 ﬁcationis
781 2732 1136 2805 intelligentia
1182 2736 1491 2786 tenuerunt.
1536 2727 1719 2795 Neque
1759 2727 1903 2780 enim
1940 2725 2046 2780 cibi

458 2844 594 2898 quos
635 2828 777 2881 Deus
814 2823 1037 2886 creavit,
1082 2828 1175 2876 aut
1222 2821 1533 2892 ignoranter
1594 2826 1687 2871 aut
1735 2815 2048 2885 simpliciter

462 2917 664 2988 sumpti
731 2927 1073 2971 communem
1134 2912 1407 2966 hominem
1463 2908 1642 2964 facere
1694 2915 1951 2977 poterant
1996 2915 2052 2959 et

2072 1703 2121 1763 B

2145 482 2323 553 ipsum
2355 483 2488 536 nihil
2508 498 2792 538 commune
2806 484 3054 538 dicatur:
3089 480 3231 547 Scio,
3258 481 3453 551 inquit,
3484 489 3536 538 et
3560 482 3718 552 conﬁ-

2144 571 2211 625 do
2237 572 2293 625 in
2323 570 2545 626 Domino
2575 572 2723 627 Jesu.
2772 571 2827 626 In
2860 572 3088 628 Domino
3112 586 3240 643 ergo
3266 569 3393 627 Jesu
3420 571 3557 627 nihil
3581 586 3724 627 com-

2145 675 2309 716 mune
2334 676 2433 730 per
2459 663 2829 730 semetipsum,
2859 662 2963 717 hoc
2990 669 3091 727 est,
3121 670 3316 717 natura
3353 661 3442 717 sui
3482 662 3719 719 dicitur:

2145 750 2249 806 Sed
2304 750 2402 815 illi,
2452 752 2646 819 inquit,
2686 753 2777 821 qui
2825 752 3088 805 existimat
3126 760 3175 806 et
3206 752 3299 822 qui
3330 760 3483 822 putat
3529 752 3721 821 aliquid

2146 856 2438 904 commune,
2455 840 2555 910 ipsi
2578 856 2848 894 commune
2877 850 2972 894 est.
2996 840 3064 894 Et
3082 856 3150 895 ne
3174 840 3411 907 mireris,
3432 842 3723 911 quiacogi-

2146 930 2279 985 tatio
2296 930 2490 985 mentis
2509 929 2711 993 cibum,
2730 929 2820 999 qui
2839 938 3030 984 natura
3045 931 3127 984 sui
3139 930 3441 984 communis
3454 930 3541 985 vel
3553 931 3719 999 pollu-

2150 1027 2235 1074 tus
2257 1034 2361 1073 non
2398 1026 2502 1083 est,
2540 1017 2702 1072 faciat
2724 1017 3021 1087 pollutum,
3043 1034 3163 1074 cum
3187 1033 3218 1073 e
3246 1019 3524 1074 contrario
3550 1020 3723 1074 cibum

2146 1111 2272 1163 vere
2292 1108 2552 1179 pollutum
2577 1108 2723 1179 (vere
2744 1108 2887 1162 enim
2908 1108 3139 1177 pollutus
3159 1116 3264 1172 est,
3285 1108 3381 1178 qui
3421 1108 3583 1165 idolis
3622 1110 3721 1163 im-

2145 1199 2425 1269 molatur,)
2469 1198 2783 1268 simplicitas
2836 1200 3034 1253 mentis
3058 1238 3073 1263 ,
3104 1206 3170 1253 vet
3198 1198 3344 1252 nulla
3384 1197 3726 1269 cogitationis

2146 1288 2532 1358 scrupulositas
2550 1286 2765 1356 injecta,
2781 1287 2925 1342 omni
2942 1287 3243 1356 suspicione
3256 1286 3726 1342 contaminationis

2147 1376 2406 1433 absolvat.
2424 1377 2490 1431 Et
2511 1392 2745 1441 rursum,
2763 1376 2927 1431 etiam
2948 1392 2992 1431 sn
3014 1378 3245 1432 mundus
3265 1378 3345 1431 sit.
3356 1377 3537 1441 cibus,
3554 1377 3722 1445 suspi-

2148 1468 2360 1522 cionem
2384 1476 2563 1521 tamen
2587 1466 2779 1537 aliquis
2800 1467 3052 1536 patiatur,
3077 1467 3231 1537 quasi
3266 1466 3417 1536 quod
3453 1465 3611 1520 idolis
3632 1466 3725 1519 im-

2147 1557 2378 1612 molatus
2404 1557 2494 1621 sit,
2516 1556 2679 1626 pollui
2700 1556 2898 1611 dicitur
2908 1573 3004 1628 per
3025 1557 3375 1613 conscientiae
3398 1555 3721 1627 scrupulum.

2221 1646 2284 1704 Si
2295 1649 2432 1703 enim
2460 1657 2668 1719 propter
2692 1665 2863 1703 escam
2886 1650 3053 1719 frater
3077 1659 3198 1703 tuus
3224 1649 3593 1714 contristatur,
3613 1649 3725 1718 jam

2150 1753 2253 1792 non
2280 1738 2562 1792 secundum
2588 1738 2895 1791 charitatem
2918 1737 3175 1792 ambulas.
3204 1735 3403 1809 (Orig.)
3435 1736 3571 1793 Cum
3605 1736 3727 1793 dilli-

2150 1830 2315 1884 nisset
2340 1829 2637 1899 apostolico
2666 1829 2915 1899 dogmate
2943 1843 3041 1897 per
3077 1828 3367 1884 Dominum
3386 1827 3575 1885 Jesnm
3601 1828 3729 1883 nihil

2149 1939 2434 1981 commune
2481 1934 2575 1979 aut
2620 1923 2955 1978 immundum
2978 1930 3172 1977 natura
3219 1922 3300 1976 sui
3330 1922 3654 1992 putandum,
3676 1928 3729 1975 et

2150 2016 2387 2071 dedisset
2422 2030 2549 2086 erga
2579 2029 2710 2069 usus
2734 2014 2975 2069 ciborum
3005 2014 3247 2069 ﬁdelibus
3292 2014 3600 2082 quibusque
3646 2012 3730 2066 ab-

2150 2106 2533 2160 solutissimam
2584 2105 2914 2170 libertatem,
2964 2120 3155 2159 rursus
3208 2102 3277 2159 ad
3324 2104 3729 2158 aediﬁcationem

2152 2196 2376 2250 fraterni
2400 2196 2601 2250 ameris
2629 2195 2901 2251 licentiam
2928 2204 3142 2251 resecat
3168 2195 3459 2260 libertatis,
3486 2202 3545 2248 et
3565 2194 3725 2249 dicit:

2150 2287 2377 2342 Etiamsi
2402 2302 2687 2343 commune
2715 2288 2848 2342 nihil
2873 2296 2973 2351 est,
2993 2296 3049 2343 et
3073 2303 3204 2343 usus
3226 2288 3471 2342 omnium
3493 2286 3728 2342 ciborum

2150 2377 2379 2431 licenter
2425 2376 2746 2441 admittitur,
2805 2384 2862 2430 tu
2914 2383 3111 2439 tamen,
3168 2376 3216 2430 si
3260 2384 3484 2446 propter
3521 2376 3727 2441 cibum,

2150 2484 2313 2537 quem
2358 2468 2506 2522 licito
2553 2477 2711 2537 putas
2761 2468 3101 2531 sumendum,
3145 2467 3589 2533 fratremjuum,
3640 2470 3727 2539 qui

2150 2558 2386 2612 nondum
2401 2558 2747 2612 conscientire
2760 2557 2918 2627 hujus
2943 2572 3111 2626 capax
3126 2566 3228 2621 est,
3247 2557 3610 2623 scandalizas,
3624 2559 3728 2628 jam

2151 2663 2257 2702 non
2288 2648 2581 2703 secundum
2607 2647 2928 2702 cbaritatem
2976 2648 3241 2712 ambulas,
3274 2663 3377 2703 nec
3402 2647 3654 2703 affectum
3678 2649 3728 2702 in

2154 2746 2206 2792 te
2234 2736 2460 2793 fraterni
2488 2738 2689 2792 amoris
2715 2737 2975 2792 ostendis.
3004 2737 3146 2804 Quid
3177 2738 3321 2793 enim
3348 2738 3585 2802 hederis,
3608 2740 3653 2793 si
3676 2749 3731 2793 ut

2155 2826 2379 2881 fratrem
2426 2835 2575 2881 tuum
2617 2842 2724 2882 non
2771 2830 3081 2892 contristes,
3131 2828 3345 2882 etiama
3371 2828 3538 2883 licitis
3569 2831 3725 2884 absti-

2157 2917 2322 2971 neas?
2344 2916 2461 2971 Tibi
2486 2919 2627 2972 enim
2652 2918 2921 2973 abstinere
2942 2935 2972 2973 a
2998 2920 3160 2975 licitis
3176 2921 3381 2977 crimen
3408 2923 3614 2977 nullum
3633 2933 3727 2988 est,

458 3007 830 3065 immundum:
874 3006 970 3061 sed
1006 3019 1158 3059 mens
1206 3003 1295 3057 illa
1334 3002 1592 3100 hominis,
1636 3000 1905 3100 qtueADeo
1950 2998 2049 3052 soli
2079 3039 2123 3100 Ο
2158 3008 2232 3061 iui
2262 3023 2409 3074 vero,
2453 3008 2505 3062 in
2538 3010 2733 3078 quibus
2781 3010 3038 3065 discernit
3088 3018 3143 3065 et
3179 3021 3334 3081 putat
3382 3028 3491 3067 non
3542 3014 3727 3081 licere,

460 3106 744 3170 segregata
786 3105 889 3161 est,
930 3096 1127 3151 merito
1169 3094 1369 3150 munda
1409 3092 1725 3163 appellatur.
1761 3090 1890 3156 Qua:
1917 3104 2048 3144 vero

462 3188 637 3242 aliena
676 3202 706 3240 a
753 3186 863 3239 Deo
903 3192 1009 3249 est,
1040 3184 1297 3252 quoniam
1344 3197 1451 3236 non
1490 3183 1556 3235 ab
1582 3196 1689 3235 uno
1716 3180 1907 3250 spiritu
1945 3179 2048 3232 im-

465 3281 684 3344 mundo,
709 3278 804 3334 sed
829 3292 861 3331 a
891 3276 1136 3346 plurimis
1160 3264 1487 3345 possidetur,
1516 3274 1717 3328 idcirco
1745 3272 1867 3326 talis
1890 3271 2052 3325 homo

462 3372 765 3429 communis
797 3368 1116 3440 appellatur,
1174 3368 1327 3438 quasi
1357 3367 1448 3435 qui
1497 3366 1788 3420 multorum
1824 3366 1915 3430 sit,
1970 3364 2054 3417 vel

462 3462 745 3527 vitiorum,
788 3458 874 3514 vel
916 3459 1217 3512 daemonum
1266 3472 1476 3521 servus,
1531 3457 1830 3511 secundum
1867 3455 2050 3520 illum,

465 3554 558 3623 qui
601 3553 987 3621 interrogatus,
1042 3548 1197 3614 Quod
1246 3548 1340 3602 tibi
1380 3560 1577 3602 nomen
1626 3546 1742 3600 est?
1781 3546 2056 3614 respondit

469 3645 648 3713 Legio.
710 3640 867 3695 Multi
907 3641 1043 3692 enim
1078 3654 1257 3693 sumus
1307 3636 1458 3708 (Luc.
1480 3635 1641 3705 vm);
1679 3644 1735 3689 et
1763 3634 2055 3689 secundum

468 3736 598 3792 illud
626 3734 770 3805 quod
796 3731 1135 3788 aSalvatore
1168 3731 1386 3795 dicitur,
1420 3730 1547 3797 quia
1580 3745 1697 3781 cum
1728 3727 1911 3781 exierit
1960 3727 2057 3779 im-

471 3827 701 3881 mundus
728 3826 944 3896 spiritus
980 3822 1045 3876 ab
1074 3822 1302 3884 homine,
1331 3819 1516 3873 circuit
1552 3817 1669 3871 loca
1709 3817 1883 3881 arida,
1916 3832 2059 3886 qua:-

469 3936 593 3973 rens
639 3919 889 3988 requiem,
921 3924 968 3969 et
1009 3930 1111 3968 non
1158 3913 1442 3976 inveniens,
1490 3911 1667 3965 redit:
1703 3918 1750 3962 et
1796 3909 2059 3963 inveniens

473 4010 686 4062 domum
722 4016 1009 4069 vacantem,
1055 4013 1103 4057 et
1150 4002 1317 4071 scopis
1355 4001 1680 4064 mundatam,
1718 3999 1935 4053 assumit
1975 4014 2059 4050 se-

474 4117 595 4154 cum
645 4107 839 4168 septem
874 4094 1007 4149 alios
1044 4093 1260 4164 spiritus
1294 4093 1563 4161 nequiores
1597 4105 1670 4154 se,
1719 4098 1765 4142 et
1809 4089 2061 4141 intrantes

474 4190 714 4243 habitant
750 4185 805 4238 in
838 4201 899 4237 ea
938 4182 1091 4253 (Luc.
1115 4182 1226 4253 xl);
1258 4188 1313 4235 et
1338 4181 1455 4235 sine
1496 4180 1660 4234 dubio
1696 4178 1797 4233 iste
1823 4176 1945 4231 talis
1965 4176 2061 4229 ho-

476 4295 566 4334 mo
610 4274 912 4332 communis
955 4273 1174 4335 dicitur,
1220 4284 1408 4326 eorum
1446 4268 1699 4324 videlicet
1724 4282 1914 4322 servus
1936 4263 2064 4319 eﬂ‘c-

2155 3097 2579 3152 condemnabilis
2606 3113 2735 3152 usus
2760 3106 2865 3153 est.
2897 3098 3123 3171 (Ambia)
3155 3099 3212 3153 ln
3244 3099 3349 3154 alia
3398 3101 3633 3171 Epistula
3656 3102 3729 3155 di-

2155 3186 2267 3243 cit:
2301 3188 2439 3243 Esca
2458 3191 2640 3255 ventri,
2671 3201 2719 3243 et
2750 3202 2924 3244 venter
2948 3192 3117 3245 escis:
3149 3202 3197 3246 et
3229 3192 3367 3246 hunc
3389 3204 3437 3247 et
3463 3194 3561 3248 has
3599 3193 3726 3248 Deus

2155 3279 2380 3333 destruet
2412 3278 2463 3351 (I
2480 3279 2601 3333 Cor.
2630 3280 2727 3351 vi).
2762 3279 2894 3346 Quia
2924 3298 3033 3335 non
3059 3282 3123 3336 de
3156 3297 3279 3337 esca
3301 3291 3396 3337 aut
3423 3284 3598 3354 placet
3620 3286 3729 3354 quis

2156 3371 2267 3426 Deo
2291 3380 2383 3425 aut
2398 3371 2669 3441 diSplicet;
2707 3372 2824 3426 ideo
2844 3373 3165 3428 cbaritatem
3194 3376 3512 3429 sectandam
3538 3385 3726 3441 monet,

2158 3479 2262 3533 qua
2293 3479 2391 3518 nos
2432 3465 2572 3519 Deus
2616 3464 2847 3520 liberare
2897 3466 3145 3535 dignatus
3176 3472 3296 3521 est:
3329 3468 3409 3521 sic
3448 3468 3591 3521 enim
3619 3469 3725 3522 ait:

2158 3552 2298 3606 Deus
2326 3561 2499 3606 autem
2524 3563 2733 3623 propter
2775 3555 2988 3607 nimiam
3038 3555 3343 3609 charitatem
3390 3558 3631 3609 misertus
3660 3566 3729 3609 est

2161 3642 2343 3694 nostri.
2370 3640 2622 3710 Quisquis
2642 3657 2772 3711 ergo
2793 3643 2950 3711 hujus
2970 3642 3212 3697 beneficii
3240 3658 3454 3698 memor
3476 3653 3576 3708 est,
3602 3646 3731 3699 hanc

2160 3734 2356 3788 excolit
2395 3749 2493 3787 nec
2522 3733 2594 3787 illi
2630 3733 2831 3802 aliquid
2878 3734 3176 3803 anteposuit.
3222 3731 3423 3805 (θήρ.)
3460 3735 3563 3801 Qui
3595 3736 3730 3789 enim

2161 3825 2438 3891 discernit,
2487 3826 2531 3879 si
2577 3824 3002 3889 manducaverit,
3037 3825 3323 3885 damnatus
3357 3834 3463 3880 est.
3499 3826 3647 3893 Quod
3688 3827 3729 3881 si

2164 3918 2351 3983 facias,
2404 3926 2459 3972 tu
2503 3920 2688 3988 utique
2750 3917 2979 3972 fratrem
3026 3925 3173 3972 tuum
3222 3918 3430 3985 perdis,
3496 3934 3593 3987 pro
3637 3933 3731 3987 quo

2163 4008 2411 4063 Christus
2451 4017 2697 4063 mortuus
2732 4016 2837 4071 est,
2895 4016 2951 4061 et
2997 4016 3052 4061 tu
3075 4007 3126 4061 ei
3180 4022 3373 4062 causas
3429 4008 3732 4077 perditionis

2164 4102 2418 4170 acquiris.
2451 4099 2579 4153 Noli
2598 4101 2710 4154 cibo
2738 4109 2828 4153 tuo
2850 4099 2998 4153 illum
3018 4101 3232 4170 perdere
3255 4116 3350 4169 pro
3378 4118 3483 4172 quo
3506 4100 3731 4156 Christus

2165 4198 2401 4242 mortuus
2431 4198 2523 4241 est.
2564 4186 2800 4259 (Ambr.)
2826 4186 3095 4253 Quantum
3133 4187 3311 4243 valeat
3342 4188 3496 4244 salus
3541 4188 3730 4250 fratris.

2168 4292 2232 4331 ex
2263 4285 2435 4331 morte
2461 4276 2663 4332 Christi
2699 4276 3071 4345 cognoscitur;
3104 4275 3289 4344 itaque
3320 4277 3417 4345 qui
3446 4277 3550 4332 scit
3584 4292 3737 4346 quan-

472 4378 616 4431 CUIS,
670 4364 912 4421 omnium
949 4362 1235 4431 spirituum
1264 4360 1641 4426 πηαιῑεηοτιιῐη,
1681 4356 1772 4427 (illi
1817 4356 2064 4411 habilam
2089 4378 2140 4437 1)
2166 4377 2277 4422 tum
2304 4374 2531 4429 constet,
2559 4366 2880 4420 conﬁrmare
2900 4364 3051 4419 illum
3071 4365 3250 4430 debet,
3282 4380 3389 4420 non
3418 4366 3738 4421 scandaliza-

478 4463 532 4515 in
568 4474 651 4519 eo.
682 4456 875 4511 Merito
899 4467 1030 4522 ergo
1060 4452 1238 4506 sciens
1285 4449 1553 4504 sermonis
1579 4446 1738 4515 hujus
1771 4447 1913 4500 hanc
1944 4459 2064 4499 esse

482 4554 747 4610 rationem
777 4548 1005 4612 Paulus,
1041 4546 1209 4613 dicit:
1260 4543 1384 4598 Scio
1425 4551 1471 4595 et
1512 4540 1718 4609 conﬁdo
1746 4541 1801 4593 in
1840 4537 2064 4591 Domino

484 4646 634 4708 .lesu,
680 4640 806 4711 quia
830 4636 958 4692 nihil
983 4645 1057 4690 est
1095 4650 1365 4689 commune
1402 4648 1494 4703 per
1520 4632 1712 4701 ipsum.
1742 4628 1885 4683 Nihil
1921 4627 2067 4682 enim

486 4738 540 4789 in
579 4730 842 4788 creaturis
883 4726 979 4782 Dei
1021 4735 1214 4780 natura
1240 4724 1322 4778 sui
1352 4718 1683 4777 immundum
1720 4727 1821 4775 est.
1874 4716 2064 4773 Omnia

489 4837 721 4892 namque
771 4837 803 4875 a
835 4820 981 4875 bono
1026 4816 1136 4871 Deo
1186 4824 1367 4870 creata
1406 4814 1546 4869 bona
1595 4827 1715 4868 esse
1759 4818 1970 4866 constat
2014 4817 2070 4863 et

492 4913 711 4969 munda.
768 4909 870 4965 Sed
915 4908 986 4973 ei,
1025 4906 1220 4975 inquit,
1269 4905 1359 4975 qui
1404 4904 1664 4957 existimat
1711 4900 1910 4971 aliquid
1965 4916 2072 4953 esse

495 5015 786 5064 commune,
821 4998 920 5068 ipsi
949 5011 1219 5049 commune
1253 5003 1327 5047 est
1356 5007 1373 5045 :
1400 4993 1502 5046 hoc
1535 5000 1637 5057 est,
1664 4992 1753 5060 qui
1777 4991 2075 5045 intentione

497 5090 676 5147 cordis
712 5084 1045 5143 immundum
1066 5082 1267 5153 aliquid
1320 5083 1539 5151 cogitat,
1586 5091 1639 5136 et
1680 5080 2077 5135 observantiam

502 5178 828 5237 diversitatis
865 5190 971 5230 non
996 5176 1217 5239 amittit,
1245 5174 1385 5228 sicut
1420 5181 1476 5226 et
1510 5173 1562 5226 in
1596 5170 2077 5240 consequentibus;

507 5270 611 5335 Qui
640 5278 811 5322 autem
838 5267 1108 5329 discernit,
1148 5266 1193 5319 si
1226 5263 1634 5327 manducauerit,
1676 5263 1955 5315 damnatus
1982 5272 2076 5314 est.

512 5359 649 5425 Quia
681 5375 784 5412 non
812 5368 885 5411 est
928 5373 991 5410 ea;
1016 5356 1123 5424 ﬁde
1148 5369 1164 5405 :
1191 5371 1341 5408 omne
1386 5354 1524 5407 enim
1562 5353 1699 5423 quod
1744 5369 1848 5405 non
1899 5361 1973 5405 est
2018 5367 2082 5405 ea:

510 5449 616 5520 ﬁde
667 5456 929 5518 peccatum
968 5456 1062 5500 est.
1118 5444 1226 5499 Nec
1271 5453 1450 5498 tamen
1476 5446 1529 5497 in
1558 5445 1643 5498 bis
1683 5443 2080 5499 distinctionem

512 5539 647 5611 legis
686 5540 933 5604 exclusit,
970 5546 1033 5591 ut
1075 5537 1315 5591 absolute
1364 5537 1569 5592 diceret
1615 5535 1756 5591 nihil-
1790 5552 1910 5592 esse
1938 5553 2085 5592 com-

514 5645 697 5700 mune,
727 5639 821 5688 aut
862 5630 1196 5687 immundum
1231 5643 1418 5685 eorum
1449 5645 1567 5700 qua:
1593 5628 1679 5684 lex
1709 5627 1951 5684 definivit
1986 5629 2084 5683 im-

2175 4472 2251 4525 re,
2301 4467 2359 4512 ut
2386 4475 2449 4513 ex
2482 4472 2536 4512 re
2558 4456 2745 4512 frivola
2775 4455 2937 4513 faciat
2978 4457 3053 4511 illi
3087 4456 3418 4525 scrupulum,
3450 4464 3509 4511 et
3530 4458 3738 4526 incipiat

2172 4550 2410 4604 excitare
2439 4546 2729 4619 [haesitare]
2762 4562 2829 4600 an
2858 4546 3229 4601 manducanda
3254 4561 3385 4601 caro
3402 4549 3493 4610 sit,
3523 4562 3624 4602 nec
3650 4563 3738 4609 ne,

2172 4638 2263 4707 qui
2293 4636 2429 4691 forte
2472 4636 2789 4705 simpliciter
2815 4635 3029 4700 edebat,
3060 4648 3280 4689 securus
3315 4635 3384 4688 de
3418 4636 3740 4699 conscientia

2174 4742 2291 4783 sua.
2328 4725 2398 4779 At
2428 4740 2556 4780 vero
2571 4740 2691 4779 cum
2715 4725 2912 4779 adeunt
2938 4723 3341 4788 controversiae,
3372 4724 3596 4793 incipiet
3628 4740 3741 4795 per-

2175 4816 2477 4870 turbatione
2518 4815 2571 4868 in
2597 4813 2692 4867 Dei
2717 4821 3021 4867 creaturam
3049 4826 3298 4881 peccare,
3335 4820 3390 4865 et
3423 4813 3532 4866 erit
3564 4812 3744 4880 injuria

2177 4906 2449 4961 Creatoris
2486 4920 2605 4974 quae
2645 4902 2891 4974 proficiet
2943 4901 3012 4955 ad
3058 4900 3414 4970 perditionem
3437 4900 3741 4956 dubitantis.

2181 4996 2303 5050 Non
2330 5012 2449 5065 ergo
2480 4994 2857 5063 blasphemetur
2882 4992 3073 5045 bonum
3102 4999 3355 5044 nostrum.
3395 4989 3513 5046 Hoc
3537 5000 3639 5055 est,
3664 4996 3746 5046 do-

2180 5086 2352 5141 ctrina
2375 5085 2808 5148 Dominica,cum
2838 5082 2909 5137 sit
2935 5082 3075 5136 bona
3098 5089 3151 5136 et
3174 5080 3447 5146 salutaris,
3470 5096 3581 5135 non
3601 5081 3748 5136 debet

2182 5192 2277 5247 per
2308 5192 2421 5230 rem
2443 5174 2687 5228 frivolam
2724 5172 3116 5241 blasphemari;
3145 5170 3561 5240 blasphematur
3580 5180 3746 5225 autem

2182 5283 2303 5322 cum
2338 5266 2612 5321 dubitatur
2632 5265 2699 5319 de
2721 5263 2814 5318 Dei
2842 5260 3307 5318 creatura.Potest
3334 5268 3389 5314 et
3434 5260 3516 5314 sic
3538 5260 3749 5330 intelligi

2178 5357 2375 5412 bonum
2427 5364 2673 5410 nostrum
2724 5352 3105 5421 blasphemari,
3163 5350 3292 5420 quia
3342 5350 3437 5419 qui
3464 5349 3607 5404 bona
3635 5362 3751 5419 ope-

2184 5464 2245 5501 ra
2286 5448 2485 5511 habet,
2556 5446 2601 5500 si
2648 5446 2699 5498 in
2761 5443 2863 5497 alia
2917 5439 3344 5513 reprehendatur
3408 5454 3468 5494 re
3518 5440 3747 5501 minima,

2187 5536 2381 5608 (0:1‘9.)
2429 5537 2626 5591 bonum
2664 5533 2792 5588 illud
2820 5548 2977 5587 suum
3012 5530 3258 5594 oﬁ‘uscat,
3310 5536 3361 5583 et
3414 5529 3639 5598 incipiet
3664 5528 3748 5582 bo-

2187 5643 2313 5682 num
2342 5625 2456 5695 ejus
2483 5626 2842 5696 hlasphemari
2879 5639 2975 5693 per
3020 5622 3219 5679 malum
3266 5618 3403 5688 ejus,
3452 5620 3590 5687 sive,
3641 5617 3753 5687 quis
