3948 6376
223 419 370 483 1588

758 418 1298 475 ΕΝΑΒΒΔἸἸΟΝΕΜ
1339 419 1408 473 IN
1449 419 1595 473 EPP.
1630 418 1805 473 PAl'l.

1908 418 1999 471 .lB.
2037 418 2147 471 VII.
2188 450 2253 457 —
2296 418 2359 470 t.\'
2396 418 2610 473 EPIST.
2655 419 2747 471 AD
2784 414 2953 470 R03.

3344 416 3483 471 1586

220 536 429 593 bonum
470 542 555 589 est
606 532 779 604 legem
817 534 1129 602 spiritaliter
1174 532 1502 601 intelligere,
1541 541 1595 583 et
1644 530 1805 595 impia
1833 535 1885 588 Α
1910 536 1995 580 cet
2023 544 2127 583 non
2155 544 2404 582 escarum
2450 530 2809 599 corporalium
2861 528 3117 593 rationes,
3165 544 3286 599 qua:
3323 530 3483 583 nulla:

224 636 391 697 atque
413 627 595 696 inepta
617 625 1018 685 haereticorum,
1043 623 1123 675 vel
1144 620 1295 675 falsa:
1313 620 1664 689 philosophia:
1691 627 1806 671 stu-

224 716 469 771 dentium
486 716 735 783 dogmata
779 723 1033 783 tanquam
1058 713 1361 765 immundos
1381 712 1533 765 cibos
1551 710 1808 779 pollutos-

220 817 332 872 que
356 804 567 857 vitare:
597 802 699 858 hoc
727 804 871 857 enim
908 810 993 855 est
1038 802 1180 870 quod
1214 801 1443 869 spiritali
1476 801 1589 869 lege
1626 801 1805 854 sanci-

222 902 336 945 tur.
361 892 565 946 Tamen
585 892 631 945 si
660 892 783 960 quis
801 906 868 944 ex
890 889 1110 954 ludatis,
1126 891 1276 944 verbi
1296 906 1478 951 causa,
1495 900 1587 943 aut
1612 904 1675 943 cx
1700 890 1803 943 his.

222 982 318 1049 qui
336 980 628 1035 Encratita:
648 980 1004 1050 appellantur,
1018 980 1375 1035 velitChristo
1395 979 1631 1041 credere,
1659 988 1809 1048 putet

222 1080 407 1127 tamen
458 1089 565 1128 non
602 1088 792 1143 parum
821 1074 999 1127 inesse
1048 1074 1304 1127 momenti
1357 1074 1412 1126 in
1462 1075 1805 1127 observantia

220 1164 591 1227 continentiae,
630 1163 714 1217 vel
741 1177 929 1217 eorum
952 1163 1196 1219 ciborum
1225 1164 1317 1233 qui
1344 1164 1461 1234 lege
1507 1164 1803 1232 prohiben-

220 1259 333 1315 tur,
361 1251 446 1305 vel
474 1267 609 1321 quos
654 1252 806 1321 ηυδε
846 1253 1082 1306 castitati
1122 1252 1470 1306 adversantes
1514 1253 1801 1314 aestimant,

220 1344 467 1397 nonnulli
491 1344 659 1398 etiam
700 1343 1098 1413 Scripturarnm
1154 1344 1475 1398 auctoritate
1527 1342 1805 1397 declinan-

219 1428 356 1485 dos:
382 1431 686 1499 huiusmodi
713 1433 988 1487 hominem
1014 1432 1060 1487 si
1090 1446 1382 1502 perurgeas
1396 1431 1466 1485 ad
1489 1446 1806 1486 communes

218 1522 467 1575 omnium
512 1522 681 1587 cibos,
728 1538 829 1577 nec
872 1522 1021 1576 dicas
1064 1537 1188 1577 eum
1220 1522 1377 1576 aliter
1414 1536 1572 1591 posse
1612 1521 1806 1576 salvari

217 1608 306 1663 vel
343 1610 412 1662 ad
439 1608 600 1663 ﬁdem
627 1609 830 1663 Christi
862 1618 920 1663 et
950 1610 1182 1679 gratiam
1205 1610 1506 1679 pervenire,
1532 1611 1635 1664 nisi
1663 1625 1806 1664 sum-

215 1697 327 1767 ptis
353 1698 440 1753 bis
488 1713 626 1767 quos
655 1698 854 1769 refugit
890 1698 1049 1764 cibis,
1088 1708 1214 1753 tunc
1258 1714 1385 1754 vere
1414 1701 1611 1753 bonum
1649 1700 1808 1769 spiri-

217 1786 345 1841 talis
389 1788 670 1842 sententiae
715 1788 1140 1857 blasphematur,
1171 1797 1393 1859 putante
1426 1803 1491 1843 eo
1516 1804 1676 1857 quem
1707 1804 1805 1858 pe-

1907 624 2065 667 erunt
2090 617 2143 669 in
2167 615 2366 677 futuro,
2392 619 2485 669 sed
2516 620 2772 670 virtutum
2804 632 2991 671 curam
3018 618 3333 687 gerendam,
3363 634 3485 687 quae

1907 704 2183 757 nobiscum
2210 706 2264 758 in
2284 708 2535 775 praesenti
2555 710 2751 767 vita,et
2782 707 2835 759 in
2856 707 3035 763 futuro
3058 718 3409 777 permaneant
3428 709 3485 762 in

1908 808 2072 862 regno
2096 793 2211 848 Dei.
2245 794 2349 857 Qui
2370 797 2506 847 enim
2533 797 2585 847 in
2612 798 2707 849 hoc
2728 798 2880 850 seri-it
2903 796 3130 859 Christo,
3156 798 3323 867 placet
3353 797 3483 859 Deo,

1905 892 1955 935 et
1978 883 2229 951 probatus
2251 894 2327 937 est
2348 885 2660 937 horninibus.
2686 886 2919 953 (Ambu)
2950 884 3215 950 Quoniam
3236 886 3487 939 Christus

1907 985 2007 1023 nos
2030 970 2279 1033 redemit,
2308 972 2428 1026 ideo
2457 975 2553 1033 ait,
2604 974 2673 1023 litui
2700 975 2753 1025 in
2783 975 2880 1025 hoc
2903 976 3053 1026 servit
3082 973 3484 1041 Christo,quasi

1906 1061 2251 1129 redemptori,
2277 1062 2445 1129 placet
2479 1062 2605 1114 Dec.
2636 1062 2847 1127 Quare?
2867 1063 3001 1128 Quia
3026 1065 3140 1132 ipse
3164 1066 3310 1117 misit
3332 1065 3487 1117 Cliri-

1906 1160 2073 1213 stum,
2099 1160 2154 1203 ut
2186 1152 2471 1205 redimeret
2494 1166 2661 1218 genus
2688 1153 3006 1215 humanum,
3054 1154 3194 1206 sicut
3221 1154 3335 1221 ipse
3384 1154 3486 1207 Do-

1906 1240 2084 1293 minus
2110 1240 2187 1291 ait
2217 1256 2229 1291 :
2264 1239 2368 1303 Qui
2396 1256 2498 1292 non
2528 1241 2581 1291 lu
2601 1240 2840 1307 nori/icat
2876 1239 3101 1303 Filium,
3131 1259 3233 1295 non
3262 1244 3483 1295 honori-

1904 1328 2027 1395 ﬁcat
2056 1326 2286 1393 Patrem,
2310 1331 2401 1398 qui
2428 1331 2566 1381 misit
2590 1330 2737 1381 illum
2776 1330 2962 1398 (Joan.
2988 1338 3065 1397 vi.
3094 1330 3194 1397 Qui
3217 1346 3348 1401 ergo
3369 1331 3486 1400 plu-

1904 1424 1991 1470 cet
2019 1416 2130 1471 Deo
2154 1417 2411 1485 probatus
2451 1428 2535 1471 est
2564 1419 2893 1472 hominibus.
2926 1419 3243 1485 Quomodo?
3270 1420 3490 1487 Accepit

1905 1507 2049 1560 enim
2081 1508 2299 1567 donum,
2330 1523 2425 1576 per
2457 1509 2599 1577 quod
2632 1520 2887 1579 appareat
2926 1512 3119 1581 dignus
3140 1511 3270 1565 Deo.
3291 1512 3487 1581 (Ui-ig.)

1906 1594 2019 1647 Hoc
2043 1604 2144 1657 est,
2167 1596 2308 1662 quod
2335 1596 2401 1649 de
2427 1610 2486 1649 se
2515 1597 2630 1665 ipso
2654 1598 2707 1650 in
2735 1598 2856 1652 aliis
2881 1599 3010 1653 diett
3041 1618 3054 1651 :
3083 1598 3227 1653 Sicut
3275 1611 3322 1653 et
3373 1618 3486 1669 ego,

1906 1682 2100 1752 inquit,
2129 1687 2368 1737 omnibus
2405 1702 2497 1754 per
2526 1688 2701 1738 omnia
2727 1687 2926 1755 placeo,
2959 1706 3061 1743 non
3087 1707 3325 1759 qua’rcns
3350 1691 3489 1758 quod

1906 1773 2034 1825 mihi
2055 1771 2180 1824 utile
2201 1773 2288 1835 sit,
2312 1773 2402 1825 sed
2421 1775 2560 1842 quod
2590 1775 2768 1829 multis
2792 1775 2843 1846 (ι
2868 1777 2991 1830 Cor.
3017 1778 3094 1847 x).
3118 1777 3243 1832 Ideo
3265 1780 3407 1832 enim
3434 1790 3487 1833 et

216 1889 433 1945 ﬁnges,
465 1877 606 1931 hanc
635 1878 777 1947 apud
814 1892 914 1931 nos
935 1877 1121 1933 haberi
1152 1878 1332 1939 ﬁdem.
1365 1887 1423 1931 ηι
1452 1878 1657 1932 εθιτυηι
1686 1878 1801 1931 πίει-ί
1832 1866 1877 1924 Β
1905 1878 2027 1916 cum
2044 1872 2188 1918 esset
2208 1864 2484 1933 apostolus
2497 1865 2897 1931 Christi,ﬁebat
2909 1868 3107 1924 ludatis
3120 1868 3489 1931 Judmus,siue

216 1964 426 2020 nullum
451 1968 757 2033 credamus,
800 1968 904 2022 nisi
939 1969 1030 2038 qui
1110 1968 1265 2022 suilla
1320 1978 1569 2021 vescatur
1618 1984 1800 2029 carne,

215 2052 304 2108 vel
330 2055 452 2109 aliis
479 2056 784 2124 huiusmodi
814 2056 1189 2110 communibus
1210 2067 1265 2111 et
1285 2056 1708 2111 indiﬂ'erentibus
1724 2048 1801 2111 ci-

214 2142 476 2197 bis.’Non
506 2153 581 2197 est
600 2146 739 2197 enim
763 2162 976 2214 regnum
1004 2145 1103 2198 Dei
1122 2162 1239 2199 esca
1270 2155 1318 2199 et
1341 2155 1514 2214 potus,
1534 2147 1625 2199 sed
1642 2147 1804 2214 justi-

215 2231 318 2296 εἰη,
341 2241 389 2285 et
411 2249 539 2300 pax,
561 2243 609 2285 et
631 2234 882 2301 qaudium
902 2236 957 2287 in
980 2233 1183 2303 Spiritu
1211 2246 1413 2287 sancto.
1433 2234 1666 2305 (Ambr.)
1694 2234 1804 2288 Ma-

214 2318 475 2374 nifestum
508 2332 592 2376 est
643 2324 768 2391 quia
798 2338 956 2377 nemo
989 2338 1087 2393 per
1114 2339 1293 2378 escam
1324 2324 1499 2392 placet
1526 2325 1657 2389 Deo,
1711 2331 1805 2376 aut

215 2410 485 2480 displicet.
537 2412 645 2468 Hos
679 2414 734 2466 in
762 2430 985 2484 regnum
1016 2416 1111 2469 Dei
1141 2417 1270 2470 dicit
1290 2417 1494 2470 intrare
1522 2414 1614 2483 qui
1644 2415 1805 2484 iusti-

217 2500 352 2553 tiam
377 2513 699 2571 sequuntur,
748 2504 845 2559 sed
878 2505 1244 2560 Christianam
1288 2508 1548 2560 habentes
1590 2520 1800 2575 pacem,

212 2605 382 2659 quam
412 2592 671 2648 Dominus
696 2594 861 2659 dedit,
893 2596 1077 2651 dicens
1108 2615 1122 2649 :
1156 2595 1347 2650 Pacem
1376 2614 1543 2650 meam
1599 2597 1666 2649 do
1712 2613 1803 2650 ro-

217 2680 317 2745 bis,
347 2698 527 2750 pacem
564 2700 733 2738 meam
763 2686 997 2756 relinquo
1029 2686 1169 2739 robis
1199 2684 1383 2755 (Joan.
1430 2686 1540 2755 xiv)
1592 2701 1661 2739 ex
1697 2700 1806 2754 qua

215 2772 398 2827 oritur
422 2774 700 2843 gaudium,
721 2776 775 2830 in
806 2776 1009 2847 Spiritu
1038 2787 1245 2833 sancto.
1268 2778 1595 2847 Disceptatio
1624 2788 1805 2833 autem

216 2876 329 2916 non
356 2863 522 2917 habet
534 2864 812 2935 gaudium,
837 2868 931 2922 sed
966 2868 1133 2934 iram;
1169 2868 1288 2922 ideo
1313 2883 1418 2921 non
1455 2868 1564 2931 illic
1587 2869 1807 2936 respicit

216 2950 453 3021 Spiritus
474 2964 712 3019 sanctus,
738 2958 862 3026 quia
877 2958 1071 3029 gaudet
1095 2959 1147 3012 in
1172 2957 1299 3013 solis
1321 2957 1578 3028 paciﬁcis.
1606 2957 1804 3028 (ϐω.)

216 3040 404 3111 Itaque
436 3043 481 3097 si
506 3058 728 3114 regnum
760 3047 854 3102 Dei
876 3048 1015 3101 intra
1046 3063 1144 3104 nos
1168 3057 1271 3112 est,
1303 3057 1357 3102 et
1378 3048 1552 3118 ipsum
1582 3064 1806 3119 regnum

217 3130 316 3186 Dei
338 3130 547 3200 iustitia
572 3144 626 3188 et
650 3151 753 3205 pax
776 3145 831 3191 et
854 3138 1105 3208 gaudium
1131 3148 1235 3203 est,
1257 3154 1385 3207 ergo
1433 3141 1523 3209 qui
1584 3141 1636 3193 in
1684 3140 1804 3195 istis

1906 1954 2092 2018 dubio,
2115 1964 2175 2007 ut
2194 1955 2415 2023 placens
2429 1956 2630 2011 Judmis
2651 1957 2887 2014 salvaret
2911 1974 3007 2014 eos
3029 1976 3044 2012 :
3068 1969 3126 2013 et
3142 1962 3241 2014 his
3258 1962 3351 2029 qui
3373 1962 3489 2016 siue

1906 2044 2020 2113 lege
2039 2054 2217 2109 erant,
2244 2044 2407 2099 ﬁebat
2430 2055 2484 2099 et
2512 2048 2626 2115 ipse
2648 2048 2766 2102 sine
2795 2049 3008 2118 lege,ut
3042 2050 3263 2119 placens
3282 2052 3362 2106 eis
3382 2052 3486 2105 sal-

1903 2148 2001 2187 vos
2015 2134 2217 2187 faceret
2235 2148 2347 2187 eos.
2376 2133 2597 2189 Placere
2617 2144 2795 2190 autem
2824 2152 2883 2191 se
2902 2138 3210 2193 hominibus
3242 2140 3315 2191 ita
3336 2140 3486 2202 dicit,

1905 2241 2011 2279 non
2037 2226 2355 2281 oblectando
2379 2228 2546 2291 vitiis,
2571 2229 2664 2283 sed
2691 2228 3034 2284 infirmitates
3060 2244 3246 2284 eorum
3277 2245 3374 2299 per
3398 2246 3490 2300 pa-

1906 2316 2147 2368 tientiam
2172 2318 2544 2371 sustentando.
2562 2316 2668 2372 Sed
2689 2333 2757 2371 ne
2780 2318 2905 2372 illud
2927 2319 3147 2388 quidem
3160 2320 3333 2373 otiose
3354 2335 3490 2387 pne-

1907 2411 2195 2467 teneamus,
2218 2407 2359 2473 quod
2379 2406 2454 2459 ait
2478 2423 2492 2459 :
2520 2406 2661 2459 Nam
2684 2407 2851 2477 quiin
2874 2409 2990 2471 hoc,
3014 2407 3115 2462 hoc
3165 2416 3249 2461 est
3291 2408 3344 2460 in
3371 2406 3493 2477 Spi-

1902 2492 2015 2547 ritu
2041 2504 2251 2556 sancto,
2282 2494 2492 2549 Christo
2511 2497 2691 2559 servit,
2718 2496 2885 2565 placet
2909 2496 3104 2562 Deo,et
3130 2498 3381 2565 probatus
3416 2509 3493 2551 est

1906 2586 2221 2640 hominibus.
2282 2588 2338 2641 ln
2366 2588 2571 2657 Spiritu
2594 2597 2785 2644 sancto
2813 2589 3030 2643 Christo
3060 2591 3266 2643 servire
3293 2605 3491 2645 secun-

1906 2675 2034 2728 dum
2061 2676 2165 2731 hoc
2198 2678 2345 2739 dicit,
2377 2680 2520 2747 quod
2543 2689 2599 2733 et
2643 2680 2771 2735 alibi
2801 2682 2879 2734 ait
2911 2700 2922 2732 ;
2959 2679 3126 2734 Nemo
3157 2681 3282 2733 dicit
3309 2680 3493 2734 Domi-

1907 2781 2032 2818 num
2056 2765 2265 2830 Iesum,
2294 2771 2391 2821 nisi
2422 2787 2477 2821 in
2506 2768 2707 2839 Spiritu
2733 2782 2915 2825 sancto
2936 2771 2987 2843 (1
3016 2772 3136 2825 Cor.
3165 2774 3287 2841 xit).
3313 2771 3494 2826 Servit

1906 2869 2035 2925 ergo
2060 2855 2275 2911 Christo
2300 2858 2352 2910 in
2379 2858 2580 2927 Spiritu
2613 2860 2727 2929 ipse
2747 2860 2967 2925 Paulus,
2995 2863 3085 2931 qui
3116 2872 3338 2933 accepta
3369 2879 3494 2935 gra-

1908 2944 1983 2996 tia
2012 2946 2182 2998 sancti
2208 2946 2441 3014 Spiritus
2465 2948 2633 3001 servit
2659 2949 2826 3003 verbo
2852 2950 2969 3015 Dei,
2999 2952 3166 3005 servit
3192 2953 3493 3024 sapientia,

1907 3038 2074 3091 servit
2090 3036 2333 3104 iustitiae,
2358 3048 2409 3092 et
2432 3041 2680 3094 omnibus
2696 3042 2854 3096 simul
2870 3042 3180 3105 virtutibus,
3202 3058 3323 3112 qua:
3336 3042 3493 3098 Chri-

1908 3135 2164 3181 stusesse
2185 3138 2538 3182 memoratur.
2564 3130 2627 3183 Et
2652 3131 2773 3185 ideo
2802 3131 3017 3201 placere
3066 3133 3121 3187 in
3160 3134 3252 3203 bis
3296 3134 3495 3192 dicitur

216 3233 588 3279 commoratur
615 3227 734 3282 sine
761 3229 924 3284 dubio
955 3230 1009 3284 in
1054 3245 1220 3299 regno
1270 3230 1365 3285 Dei
1406 3238 1506 3291 est,
1548 3240 1601 3285 et
1622 3244 1652 3285 e
1674 3246 1804 3285 cou-

1908 3214 2040 3280 Deo,
2070 3218 2194 3286 quia
2223 3218 2406 3287 implet
2431 3219 2760 3274 voluntatem
2788 3198 2882 3276 Dei
2914 3202 3211 3277 secundum
3266 3223 3491 3279 verbum

216 3315 390 3369 trario
415 3315 490 3369 illi
516 3318 609 3385 qui
637 3320 692 3373 in
717 3318 1000 3387 iniustitia,
1031 3332 1087 3377 et
1133 3322 1423 3387 discordia,
1481 3331 1536 3376 et
1560 3322 1801 3387 tristitia,

214 3412 395 3460 morte
412 3417 691 3477 operante,
719 3421 1023 3475 versantur,
1058 3412 1111 3465 in
1143 3427 1308 3481 regno
1336 3412 1535 3465 diaboli
1562 3422 1617 3466 et
1645 3413 1700 3465 in
1727 3413 1806 3465 in-

218 3493 395 3560 ferno,
434 3512 499 3551 ac
532 3507 707 3555 morte
737 3512 863 3555 sunt
912 3502 1190 3555 constituti
1223 3520 1235 3554 :
1268 3502 1352 3556 his
1399 3502 1542 3557 enim
1585 3502 1806 3572 iudiciis

216 3584 306 3638 vel
329 3584 425 3640 Dei
459 3586 545 3641 vel
573 3588 764 3643 Zabuli
790 3591 1130 3645 discernetnr
1157 3605 1400 3659 regnum.
1426 3591 1494 3644 Et
1526 3606 1714 3646 revera
1759 3592 1805 3646 si

220 3673 441 3729 sublimi
488 3679 687 3731 mentis
715 3680 909 3733 intuitu
949 3682 1354 3737 consideremus
1404 3690 1606 3737 statum
1655 3682 1804 3736 illum

218 3763 276 3817 in
314 3778 422 3833 quo
451 3765 653 3837 degunt
703 3768 949 3824 cmlestes
988 3785 1340 3839 superumque
1385 3771 1634 3837 virtutes,
1687 3786 1807 3841 qua:

216 3864 346 3906 vere
372 3853 428 3905 in
462 3868 628 3924 regno
656 3856 752 3910 Dei
779 3866 924 3921 sunt,
950 3859 1041 3927 qui
1072 3858 1209 3914 alius
1234 3874 1355 3914 esse
1378 3860 1678 3916 credendus
1697 3871 1804 3925 est,

218 3954 382 4009 quam
408 3952 667 4012 perpetua
684 3944 935 4015 iugisque
956 3947 1180 4001 laetitia?
1206 3948 1343 4016 Quid
1366 3950 1510 4003 enim
1542 3959 1652 4004 tam
1679 3966 1806 4019 pro-

218 4031 402 4100 prium
450 4046 593 4086 verae
636 4034 956 4089 beatitudini
1003 4044 1220 4106 tamque
1267 4038 1593 4093 conveniens
1640 4054 1804 4108 quam

219 4122 589 4192 tranquillitas
611 4124 754 4195 iugis
793 4134 848 4180 et
878 4127 1129 4196 gaudium
1158 4130 1579 4198 sempiternum?
1610 4130 1804 4203 (Θήῃ.)

215 4209 310 4264 Ait
338 4224 469 4281 ergo
499 4229 511 4264 :
544 4211 687 4278 Quid
714 4230 850 4283 opus
874 4223 960 4268 est
977 4223 1258 4286 tantopere
1286 4232 1385 4286 pro
1412 4219 1549 4273 cibis
1573 4229 1628 4274 et
1655 4237 1807 4276 esca-

214 4315 339 4355 rum
391 4301 746 4369 qualitatibus
792 4303 1085 4359 fraternam
1135 4322 1324 4376 pacem
1377 4310 1806 4380 cbaritatemque

216 4389 460 4456 turbare,
484 4405 608 4446 cum
639 4407 864 4464 regnum
887 4394 1002 4459 Dei,
1043 4405 1263 4465 propter
1308 4398 1452 4466 quod
1497 4398 1806 4454 laboramus

214 4486 272 4534 et
301 4481 594 4546 currimus,
626 4497 805 4553 neque
821 4500 919 4554 per
946 4499 1099 4539 escas
1118 4496 1347 4555 constet,
1384 4502 1557 4558 neque
1598 4506 1693 4561 per
1712 4506 1808 4560 po-

212 4576 355 4633 tum,
385 4568 482 4623 sed
506 4568 682 4624 aliena
708 4572 823 4626 hate
844 4582 969 4627 sunt
996 4588 1027 4626 a
1049 4589 1215 4645 regno
1242 4576 1356 4641 Dei,
1381 4586 1436 4630 et
1464 4579 1533 4632 ab
1559 4578 1648 4631 illa
1671 4594 1804 4634 eon-

212 4658 530 4713 versatione
555 4657 775 4714 futura?
794 4660 869 4716 lbi
889 4662 1030 4716 enim
1054 4662 1195 4717 sicut
1222 4664 1401 4734 Neque
1430 4665 1621 4721 nubent
1644 4684 1803 4738 neque

212 4748 495 4815 nubentur,
514 4751 606 4805 sed
632 4761 755 4806 sunt
785 4754 920 4807 sicut
940 4754 1112 4824 angeli
1134 4753 1231 4809 Dei
1255 4754 1448 4825 (Marc.
1472 4757 1595 4826 xu),
1612 4756 1691 4811 sic
1711 4772 1803 4811 ne-

212 4852 323 4909 que
344 4854 530 4895 escam
546 4855 723 4912 neque
743 4852 927 4912 potum
952 4854 1190 4909 sumunt,
1208 4845 1302 4900 sed
1318 4854 1444 4900 sunt
1465 4847 1606 4900 sicut
1626 4848 1804 4919 angeli

212 4931 337 4987 Deis
352 4930 523 5001 igitur
542 4932 944 4988 absolutissimo
963 4934 1214 5005 dogmate
1253 4945 1307 4990 et
1326 4936 1558 4991 evidenti
1574 4936 1643 4990 ab
1660 4938 1805 5006 Apo-

214 5022 360 5078 stolo
380 5023 655 5077 sententia
679 5025 1026 5079 terminatum
1070 5034 1176 5091 est,
1204 5026 1258 5080 in
1285 5041 1451 5095 regno
1488 5027 1604 5091 Dei,
1630 5043 1806 5096 neque

215 5125 376 5168 escas
400 5110 730 5181 corporales,
758 5128 932 5182 neque
952 5122 1137 5183 potum
1161 5114 1361 5170 habere
1385 5115 1584 5181 locum,
1609 5115 1703 5169 sed
1717 5114 1807 5183 iu-

216 5200 425 5257 stitiam
448 5208 505 5255 et
519 5215 707 5270 pacem
730 5202 786 5255 in
803 5201 1009 5272 Spiritu
1029 5211 1217 5259 sancto
1234 5221 1247 5257 ε
1263 5212 1315 5258 et
1334 5203 1455 5258 ideo
1478 5203 1727 5257 hortatur
1748 5211 1809 5257 ut

218 5286 279 5345 in
304 5287 411 5344 illis
437 5302 540 5344 nos
567 5303 934 5357 exerceamus,
966 5301 1022 5347 et
1042 5293 1131 5347 illa
1158 5294 1297 5348 bona
1329 5295 1441 5364 iam
1489 5295 1579 5349 hic
1605 5295 1808 5352 habere

216 5382 550 5439 meditemur
584 5390 746 5452 atque
786 5381 932 5458 illam
958 5385 1317 5439 substantiam
1357 5387 1657 5455 possidere,
1688 5402 1810 5458 quae

218 5470 505 5529 uobiscum
538 5473 772 5528 transire
814 5456 986 5543 possit
1031 5474 1098 5527 ad
1148 5488 1312 5543 regna
1359 5475 1641 5531 ccelorum.
1694 5456 1809 5533 βαι

220 5576 353 5634 ergo
378 5572 434 5617 et
453 5561 684 5630 iustitia,
716 5570 771 5617 et
800 5564 844 5618 si
871 5579 977 5632 qua
1022 5562 1327 5631 huiusmodi
1371 5574 1514 5630 sunt,
1544 5580 1665 5634 quae
1711 5581 1810 5637 per

222 5650 491 5723 Spiritum
539 5660 787 5707 sanctum
838 5653 1253 5723 conquiruntur,
1285 5652 1400 5723 ipsa
1452 5656 1609 5710 nobis
1648 5665 1809 5712 erunt

226 5744 387 5803 cibus
404 5751 461 5807 et
488 5744 790 5802 substantia
818 5745 873 5801 in
902 5759 1066 5815 regno
1089 5746 1203 5812 Dei,
1232 5754 1282 5801 et
1309 5746 1426 5801 ideo
1456 5762 1552 5816 per
1574 5748 1687 5805 haec
1710 5749 1804 5805 do-

1905 3306 2051 3374 quod
2080 3308 2194 3376 ipse
2224 3311 2610 3376 pronuntiavit,
2643 3311 2829 3365 dicens
2858 3330 2871 3364 :
2908 3310 3009 3363 Hic
3038 3323 3112 3365 est
3141 3311 3190 3363 F
3194 3313 3316 3368 ilius
3349 3331 3497 3367 meus

1904 3396 2143 3462 dilectus,
2170 3400 2224 3451 in
2252 3417 2353 3469 quo
2396 3402 2523 3453 mihi
2564 3402 2689 3455 bene
2736 3402 3052 3471 complacui,
3100 3404 3269 3472 ipsum
3313 3407 3496 3459 audito

1906 3482 2119 3553 (Matth.
2149 3486 2243 3551 iv).
2275 3487 2379 3553 Qui
2428 3504 2557 3559 ergo
2585 3490 2736 3544 audit
2764 3490 2956 3554 Deum,
2983 3500 3036 3544 et
3073 3494 3239 3546 servit
3278 3494 3496 3548 Christo

1906 3574 1960 3627 in
1991 3591 2100 3643 quo
2129 3578 2454 3646 complacuit
2482 3580 2646 3646 Deus,
2676 3580 2853 3651 placet
2876 3580 3007 3645 Deo,
3045 3592 3097 3637 et
3127 3584 3387 3651 probatus
3409 3595 3493 3638 est

1905 3666 2235 3723 hominibus.

1974 3758 2162 3831 Itaque
2182 3779 2299 3831 qua?
2321 3763 2463 3832 pacis
2485 3772 2605 3817 sunt
2630 3773 2903 3830 sectemur,
2944 3775 2991 3818 et
3020 3782 3138 3835 qua:
3186 3766 3499 3834 ratiﬁcatio-

1908 3852 1989 3905 nis
2033 3863 2155 3905 sunt
2207 3854 2423 3907 invicem
2474 3856 2845 3909 custodiamus.
2895 3856 3088 3926 (0rig.)
3139 3856 3315 3927 Supra
3360 3859 3498 3911 dixit

1906 3936 2313 4008 hospitalitatem
2343 3953 2617 4009 sectantes,
2650 3954 2705 3998 et
2745 3945 2833 3999 hic
2871 3946 3143 4010 similiter,
3195 3942 3311 4017 qua:
3351 3949 3497 4018 pacis

1906 4044 2047 4097 sunt,
2068 4033 2263 4102 inquit,
2279 4044 2553 4099 sectemur,
2568 4044 2621 4090 et
2634 4052 2754 4105 quae
2766 4037 3140 4092 :edificationis
3155 4038 3207 4091 in
3229 4039 3493 4103 invicem;

1907 4130 1960 4174 et
1988 4122 2131 4176 sicut
2158 4123 2228 4175 ibi
2254 4124 2588 4180 ostendimus
2617 4126 2851 4194 qualiter
2884 4128 3141 4182 sectanda
3190 4128 3259 4181 sit
3309 4129 3494 4197 hospi-

1910 4210 2111 4276 talitas,
2144 4212 2217 4265 ita
2262 4222 2317 4266 et
2343 4214 2431 4268 hic
2460 4214 2696 4283 qualiter
2743 4230 2846 4283 pax
2885 4216 3138 4270 sectanda
3185 4217 3255 4271 sit
3296 4217 3496 4272 intelli-

1908 4314 2117 4369 gamus,
2148 4301 2273 4370 quia
2310 4302 2478 4356 David
2500 4303 2750 4357 similiter
2778 4304 2908 4359 dicit
2938 4324 2951 4358 :
2980 4304 3195 4373 lnquire
3217 4323 3395 4375 pacem
3446 4318 3494 4361 et

1907 4401 2107 4445 sectare
2139 4409 2255 4445 eam
2286 4391 2460 4462 (Psal.
2485 4394 2701 4461 xxxm).
2730 4394 2879 4448 Licet
2904 4395 2956 4447 in
2981 4394 3189 4449 Latinis
3218 4395 3496 4453 codicibus

1911 4479 2174 4533 habeatur
2193 4497 2405 4550 sequere
2427 4498 2563 4546 eam,
2590 4493 2788 4535 sectare
2820 4488 2999 4537 tamen
3022 4483 3188 4536 etiam
3238 4484 3309 4537 ibi
3355 4485 3493 4538 scri-

1911 4576 2064 4636 ptum
2096 4577 2198 4635 est,
2228 4570 2281 4622 in
2308 4585 2416 4639 quo
2439 4571 2541 4625 hoc
2571 4571 2702 4625 mihi
2725 4571 2937 4626 videtur
2960 4573 3193 4626 ostendi.
3230 4574 3495 4639 Quoniam

1911 4661 2128 4729 quidem
2155 4676 2186 4715 a
2210 4662 2391 4716 multis
2422 4664 2661 4732 inquiete
2680 4673 2733 4716 et
2756 4663 3049 4718 insolenter
3076 4666 3361 4731 agentibus
3384 4673 3497 4719 tur-

1909 4748 2035 4803 bata
2073 4764 2177 4820 pax
2205 4758 2259 4804 et
2284 4750 2517 4821 eﬂ‘ugata
2536 4751 2680 4805 velut
2710 4751 2988 4820 subterfug
3013 4760 3033 4803 t
3062 4752 3129 4805 ab
3154 4753 3491 4811 hominibus:

1909 4855 1940 4894 e
1962 4841 2236 4895 contrario
2263 4842 2332 4894 ab
2362 4843 2448 4895 bis
2473 4845 2565 4911 qui
2606 4842 2882 4896 Christum
2937 4842 3243 4896 didicerunt
3286 4852 3342 4895 et
3394 4843 3497 4912 ipsi

1910 4931 2172 4994 serviunt,
2199 4931 2362 4985 etiam
2391 4930 2626 5001 fugitans
2662 4931 3021 4985 consectanda
3073 4939 3177 4993 est,
3219 4940 3276 4983 et
3322 4930 3502 4983 modis

1909 5022 2161 5077 omnibus
2188 5024 2509 5078 revocanda.
2561 5022 2815 5078 Sectatur
2834 5032 3013 5075 autem
3060 5036 3273 5092 pacem,
3313 5020 3411 5088 qui
3441 5034 3505 5073 ea

1909 5114 2106 5183 quibus
2141 5130 2247 5185 pax
2274 5124 2526 5171 constare
2556 5123 2751 5185 potest,
2782 5114 2947 5169 etiam
2989 5130 3112 5167 cum
3164 5112 3361 5164 labore
3383 5125 3511 5172 suo,

1910 5218 2034 5257 cum
2057 5203 2278 5267 damno,
2311 5219 2432 5258 cum
2462 5203 2751 5274 Opprobrio
2778 5216 3019 5271 quoque,
3061 5210 3139 5263 et,
3188 5200 3237 5253 si
3284 5198 3366 5250 ita
3422 5211 3523 5248 ne—

1910 5309 2062 5349 cesse
2082 5296 2173 5361 sit,
2188 5296 2363 5350 etiam
2389 5310 2510 5349 cum
2536 5293 2776 5364 periculo
2798 5294 2920 5345 vita:
2942 5291 3225 5365 famaeque
3241 5284 3499 5342 custodit
3514 5300 3530 5331 :

1912 5384 2029 5438 huic
2054 5384 2201 5439 enim
2222 5400 2329 5440 non
2359 5384 2532 5439 solum
2558 5398 2769 5453 pacem,
2792 5396 2986 5435 verum
3013 5389 3069 5431 et
3090 5373 3551 5431 aediﬁcationem

1913 5475 1981 5529 ad
2003 5475 2236 5531 invicem
2264 5484 2497 5531 scrvant.
2544 5473 2867 5529 Aidiﬁcatur
2895 5471 3057 5524 enim
3087 5468 3140 5521 is
3186 5466 3285 5535 qui
3331 5453 3573 5547 viderit

1911 5572 1964 5620 te
1986 5580 2095 5619 non
2121 5581 2241 5635 qua:
2270 5565 2367 5620 tibi
2395 5566 2518 5631 soli,
2545 5565 2639 5620 sed
2659 5578 2781 5633 qua:
2828 5562 2948 5615 aliis
3002 5558 3323 5626 expediunt
3366 5554 3586 5635 I’Ctlm‘

1910 5628 2225 5723 tentem,-et
2276 5657 2356 5711 sic
2386 5628 2584 5713 crescit
2631 5628 2917 5709 tedificium
2972 5650 3121 5705 fidei
3168 5664 3243 5702 ac
3290 5628 3605 5729 ιριιιξιξξῖξξξ

1908 5748 2090 5804 Deiex
2114 5718 2382 5819 lapidibus
2409 5750 2546 5804 vivis
2575 5763 2680 5818 per
2724 5742 3233 5803 constructionem
3277 5739 3384 5792 clm
3396 5718 3611 5779 rimus
