3948 6302
497 341 629 395 1587

1116 341 1176 394 Β.
1218 341 1468 397 ΒΑΒΑΝΙ
1506 342 1724 399 MAURI
1762 340 2075 398 ARCIIIEP.
2116 338 2421 394 MOGUNT.
2463 341 2745 397 OPERUM
2782 343 2959 398 PARS
2993 344 3078 397 Ill.

3596 340 3725 395 i588

495 458 757 524 assurgit;
788 466 843 511 et
874 456 993 509 ideo
1013 454 1187 509 addit':
1208 454 1336 509 Noli
1360 467 1569 526 propter
1595 473 1766 511 escam
1794 466 2058 509 aestruere
2088 458 2138 516 Α
2163 450 2358 505 dicitur
2386 452 2435 505 ei
2460 468 2472 504 :
2505 449 2690 522 Surge,
2719 451 2897 516 Petrc,
2924 453 3118 517 occide,
3145 462 3191 504 et
3214 454 3476 504 manduca
3500 450 3636 518 (Act.
3653 451 3722 518 x);

494 561 621 613 opus
666 545 784 599 Dei.
844 545 1015 600 Solvit
1058 546 1201 600 enim
1254 562 1387 617 opus
1425 547 1539 611 Dei,
1568 555 1622 601 et
1650 548 1935 603 atdillcium
1966 549 2062 602 de-

496 636 654 688 struit
681 637 980 702 charitatis,
1010 638 1102 706 qui
1144 646 1364 707 propter
1413 638 1655 692 ciborum
1702 639 2063 706 intemperan-

496 724 623 778 tiam
664 712 912 781 scandala
946 725 1201 782 fratribus
1238 728 1406 796 ponit.
1444 726 1668 798 (Αηιὸν.)
1720 728 1889 781 Homo
1928 741 2064 794 opus

493 812 589 867 Dei
622 824 727 880 est,
762 823 818 870 et
860 816 1053 870 iterum
1094 832 1228 885 opus
1274 816 1368 870 Dei
1414 824 1517 881 est,
1567 817 1691 870 dum
1742 816 2064 871 reformatur

492 916 588 969 per
615 905 1011 973 generationem
1056 904 1617 976 [regenerationem];
1659 915 1713 960 et
1756 921 1877 961 esca
1927 921 2062 975 opus

491 991 585 1045 Dei
610 1002 709 1056 est,
747 994 841 1049 sed
863 1009 969 1049 non
999 995 1157 1049 homo
1181 1004 1397 1065 propter
1423 1010 1623 1059 escam,
1650 996 1741 1051 sed
1764 1011 1888 1050 esca
1932 1012 2061 1066 pro-

487 1088 608 1149 pter
628 1083 932 1138 hominem:
956 1083 1179 1138 multum
1202 1100 1329 1154 ergo
1351 1085 1541 1148 distat;
1570 1086 1690 1139 ideo
1712 1087 1839 1150 noli,
1863 1087 2054 1155 inquit,

489 1186 623 1239 opus
674 1172 765 1226 Dei
810 1174 951 1241 quod
997 1173 1314 1241 prteclarum
1352 1181 1435 1226 est
1481 1174 1789 1235 dissolvere,
1839 1186 2061 1243 propter

488 1263 589 1318 hoc
639 1266 783 1333 quod
804 1266 1158 1319 humillimum
1186 1274 1288 1320 est.
1317 1264 1643 1318 Beneficium
1668 1266 1809 1319 enim
1842 1265 1935 1318 Dei
1986 1266 2057 1318 ir—

490 1355 650 1407 ritum
698 1354 847 1421 facit,
905 1357 995 1425 qui
1042 1356 1261 1409 fratrem
1309 1355 1593 1408 liberatum
1628 1370 1656 1407 a
1687 1366 1909 1424 peccato
1962 1372 2059 1425 per

487 1441 930 1509 disceptationem
959 1458 1146 1496 rursus
1180 1452 1437 1511 provocat
1467 1443 1531 1495 ad
1561 1445 1907 1510 peccandum,
1952 1445 2059 1497 sol-

484 1548 615 1587 vens
644 1534 698 1586 in
724 1535 838 1602 ipso
860 1550 1022 1603 opera
1049 1533 1249 1588 Christi
1278 1549 1397 1602 quae
1418 1535 1601 1603 gessit,
1644 1542 1703 1587 ut
1727 1534 1996 1588 hominem
2025 1549 2055 1587 a

482 1632 703 1690 peccato
731 1624 1005 1678 liberaret.

553 1711 745 1765 Omnia
787 1714 995 1781 quidem
1024 1714 1220 1767 munda
1250 1724 1391 1779 sunt,
1419 1716 1508 1768 sed
1536 1715 1736 1769 malum
1761 1726 1833 1771 est
1854 1718 2054 1771 homini

2167 554 2395 608 cumque
2420 540 2608 609 legalis
2648 541 3003 595 observantia:
3032 556 3240 596 memor
3277 539 3642 611 respondisset
3664 542 3728 595 ad

2166 632 2469 698 Dominum,
2493 643 2547 688 et
2569 634 2789 689 dixisset
2817 654 2828 687 :
2860 635 3023 699 Absit,
3053 634 3295 699 Domine,
3320 635 3443 705 quia
3469 650 3724 704 nunquam

2164 741 2431 780 commune
2457 736 2549 802 aut
2580 726 2907 780 immundum
2954 725 3180 780 introivit
3213 726 3271 777 in
3303 742 3359 779 os
3403 740 3593 787 meum,
3622 738 3726 776 εω-

2162 814 2283 866 lesti
2313 806 2579 869 sententia
2624 816 3037 883 pronuntiatur:
3071 813 3223 878 Quod
3261 813 3399 867 Deus
3439 814 3721 877 mandauit,

2162 911 2217 953 tu
2246 918 2513 955 commune
2551 920 2613 956 ne
2649 904 2862 957 dixeris.
2909 902 3008 957 Ubi
3040 917 3169 970 ergo
3209 917 3400 957 omnes
3428 913 3613 972 gentes
3637 918 3724 971 per

2161 990 2485 1060 agnitionem
2514 992 2635 1047 fidei
2687 1008 2717 1045 a
2758 994 3217 1047 contaminationc
3265 992 3610 1053 mandantur,
3654 993 3720 1045 ibi

2160 1087 2216 1134 ct
2244 1081 2420 1135 onmis
2448 1080 2599 1135 cibus
2627 1083 2787 1135 verbo
2818 1082 3029 1135 Domini
3059 1092 3113 1135 et
3147 1084 3394 1137 oratione
3433 1090 3717 1152 purgatur:

2159 1179 2214 1225 et
2232 1170 2301 1225 ob
2329 1172 2431 1225 hoc
2470 1172 2755 1239 Apostolus
2794 1174 2943 1235 dicit,
2967 1174 3092 1241 quia
3136 1175 3310 1225 omnia
3364 1174 3561 1225 munda
3591 1182 3717 1235 sunt,

2161 1268 2366 1313 tantum
2389 1270 2443 1312 ut
2480 1260 2605 1313 illud
2642 1262 2843 1314 vitetur
2892 1263 3032 1329 quod
3087 1263 3139 1315 iu
3178 1262 3535 1329 sequentibus
3558 1262 3717 1330 ponit,

2160 1364 2226 1402 ne
2252 1363 2349 1418 per
2374 1348 2722 1404 offensionem
2762 1350 2944 1404 fratris
2977 1351 3321 1405 manducanti
3352 1366 3569 1404 rursum
3600 1353 3721 1404 ﬁant

2160 1439 2428 1492 immunda
2445 1456 2561 1507 qum
2582 1440 2778 1493 munda
2797 1452 2940 1494 sunt;
2956 1440 3163 1495 Bonum
3184 1452 3259 1494 cst
3284 1459 3389 1495 non
3412 1444 3719 1497 manducare

2157 1544 2380 1589 carnem,
2412 1540 2459 1581 et
2492 1546 2593 1582 non
2616 1530 2786 1583 bibere
2816 1533 3007 1592 riuum,
3041 1534 3202 1600 neque
3223 1535 3277 1586 in
3295 1550 3398 1602 quo
3432 1534 3720 1603 {ratertuns

2157 1615 2456 1681 o/fenditur,
2480 1628 2568 1668 out
2597 1616 3010 1679 scmuhvlizatur,
3035 1628 3127 1670 aut
3150 1621 3473 1687 inﬁrmatur.
3498 1621 3720 1688 (.Atnbr.)

2156 1704 2287 1759 Cum
2317 1706 2382 1759 de
2407 1708 2516 1759 scla
2543 1722 2703 1761 carne
2734 1717 2937 1777 ageret,
2965 1708 3159 1776 adjecit
3187 1718 3242 1763 et
3268 1720 3481 1778 potum,
3513 1722 3571 1764 ut
3602 1727 3721 1764 eon-

480 1801 568 1868 qui
597 1816 688 1870 per
731 1801 1103 1869 o/fendiculum
1147 1802 1447 1856 manducet.
1490 1804 1722 1875 (Ambr.)
1758 1805 1954 1859 Verum
1997 1814 2048 1861 et

2156 1792 2330 1857 foveat
2377 1812 2468 1850 eos
2494 1798 2585 1866 qui
2618 1797 2685 1850 ab
2716 1798 2800 1850 his
2826 1797 3118 1862 abstinent,
3152 1813 3248 1867 per
3281 1798 3332 1852 id
3360 1801 3505 1868 quod
3530 1801 3721 1855 licitum

481 1887 823 1943 manifestum
850 1898 935 1945 est
956 1890 1137 1945 omnia
1169 1893 1367 1945 munda
1393 1908 1511 1947 esse
1543 1908 1558 1946 :
1588 1894 1787 1963 quippe
1827 1910 1951 1949 cum
1995 1897 2050 1950 in

479 1976 676 2031 Genesi
713 1978 923 2047 legatur
950 1993 1069 2035 esse
1115 1982 1319 2045 omnia,
1364 1998 1481 2050 quze
1521 1984 1660 2039 Deus
1708 1985 1855 2049 fecit,
1897 1986 2052 2042 valde

478 2067 641 2122 bona.
673 2068 807 2123 Cum
838 2085 967 2140 ergo
997 2087 1092 2140 per
1122 2081 1367 2127 naturam
1394 2076 1575 2129 omnia
1605 2076 1744 2131 bona
1770 2086 1825 2131 et
1854 2080 2050 2133 munda

478 2158 608 2225 sint,
639 2160 1009 2217 dubitantibus
1040 2172 1216 2218 tamen
1246 2164 1381 2218 fiunt
1409 2166 1682 2221 immunda
1714 2186 1725 2219 :
1753 2176 1808 2220 et
1844 2168 1949 2223 erit
1975 2170 2048 2223 illi

478 2246 878 2313 offcndiculum,
904 2250 995 2319 qui
1020 2267 1144 2305 cum
1168 2254 1374 2307 dubitet
1394 2254 1502 2307 edit
1519 2263 1696 2309 tamen
1721 2272 1827 2310 non
1853 2258 2049 2312 munda

478 2336 832 2415 conscientia,
866 2340 987 2407 quia
1018 2340 1161 2409 quod
1186 2341 1287 2395 sibi
1317 2342 1502 2395 inutile
1529 2352 1684 2412 putat
1704 2385 1720 2407 ,
1748 2345 1897 2400 facit.
1926 2348 2050 2402 Ideo

478 2424 611 2478 nulli
640 2429 1117 2483 eontradicendum
1157 2439 1260 2496 est,
1293 2432 1382 2499 qui
1419 2432 1522 2486 hac
1563 2420 1714 2502 [quid
1754 2435 1807 2487 in
1840 2435 1963 2506 hac]
1994 2452 2049 2493 re

476 2526 751 2587 sequatur.
808 2520 1005 2591 (θήῃ.)
1061 2522 1364 2577 Notandum
1420 2534 1597 2578 autem
1657 2527 1797 2594 quod
1854 2529 2044 2581 dixit:

478 2608 669 2660 Omnia
705 2609 909 2678 quidem
936 2612 1128 2664 munda
1174 2623 1314 2675 sunt,
1356 2613 1447 2665 sed
1486 2614 1682 2667 malum
1711 2626 1785 2668 est
1829 2617 2047 2681 homini,

475 2698 565 2767 qui
584 2713 675 2765 per
694 2699 1028 2766 offensionem
1056 2702 1360 2766 manducet,
1384 2702 1557 2755 simile
1579 2713 1660 2756 est
1684 2704 1756 2756 illi
1799 2705 1939 2772 quod
1962 2719 2052 2757 su-

476 2786 657 2854 perius
682 2786 834 2848 dixit,
871 2787 995 2855 quia
1040 2786 1189 2841 Nihil
1215 2805 1484 2842 commune
1522 2807 1615 2858 per
1637 2808 1692 2846 se
1730 2793 1919 2861 ipsum,
1950 2795 2050 2847 nisi

475 2878 523 2929 ei
557 2877 647 2946 qui
671 2877 929 2931 existimat
959 2880 1085 2947 quid
1115 2895 1383 2932 commune
1402 2896 1529 2945 esse,
1554 2879 1631 2932 illi
1656 2897 1927 2935 commune
1949 2892 2044 2936 est.

474 2967 643 3037 Igitur
667 2969 962 3023 secundum
990 2978 1236 3023 naturam
1260 2970 1343 3023 sui
1389 2978 1443 3023 et
1466 2971 1732 3026 rationem
1762 2981 2047 3038 creatum,

477 3074 581 3127 qua
609 3070 801 3113 cuncta
830 3077 949 3129 qua:
975 3070 1099 3115 sunt
1121 3078 1150 3115 a
1180 3062 1289 3115 Deo
1326 3061 1463 3114 facta
1493 3070 1638 3125 sunt,
1668 3064 1847 3117 omnia
1882 3080 1912 3117 a
1939 3066 2050 3120 Deo

475 3150 674 3203 munda
704 3158 849 3215 sunt,
878 3158 930 3204 et
958 3151 1312 3213 immundum,
1334 3151 1413 3205 vel
1434 3153 1575 3220 quod
1602 3168 1891 3209 commune
1918 3154 2048 3209 dici-

480 3250 586 3305 tur,
616 3242 749 3295 nihil
775 3250 875 3296 est.
908 3242 1049 3296 Duas
1079 3252 1254 3297 tamen
1290 3260 1479 3299 causas
1509 3247 1704 3314 posuit,
1736 3248 1930 3314 quibus
1966 3248 2047 3300 vel

474 3345 595 3397 qua:
640 3331 836 3384 munda
889 3340 1034 3395 sunt,
1077 3333 1348 3385 immunda
1392 3334 1541 3399 fiant,
1590 3335 1695 3399 vel,
1748 3350 1866 3403 quae
1908 3336 2047 3388 bona

474 3429 618 3479 sunt,
652 3418 811 3471 mala.
846 3418 933 3472 Ait
968 3420 1109 3473 enim
1143 3420 1194 3473 in
1225 3422 1472 3488 puesenti
1515 3423 1730 3489 quidem
1755 3422 1873 3477 loco
1903 3442 1914 3475 :
1946 3422 2047 3477 Sed

477 3510 674 3562 malum
717 3519 792 3563 est
848 3510 1044 3563 homini
1092 3513 1180 3580 qui
1221 3528 1312 3581 per
1361 3513 1695 3579 o/I'ensionem
1740 3514 2043 3566 manducat.

478 3599 632 3665 Quod
660 3614 786 3669 ergo
823 3600 902 3653 sui
936 3608 1125 3654 natura
1150 3601 1348 3655 bonum
1377 3610 1478 3665 cst,
1515 3616 1582 3655 cx
1612 3602 1908 3656 offensione
1930 3600 2067 3679 elli-_

477 3688 621 3743 citur
648 3688 866 3751 malum,
897 3687 949 3743 id
974 3698 1076 3754 est,
1111 3690 1163 3743 iu
1198 3704 1263 3743 eo
1288 3690 1427 3756 quod
1455 3689 1743 3744 offenditur
1776 3689 1963 3753 frater,
1996 3700 2046 3743 te

476 3788 664 3833 utcnte
703 3780 787 3833 his
829 3779 986 3843 cibis,
1035 3780 1087 3831 in
1128 3780 1325 3847 quibus
1355 3780 1442 3831 ille
1477 3780 1786 3834 scandalum
1816 3781 2040 3847 patitur.

476 3873 593 3926 Alia
618 3887 746 3927 vero
762 3887 923 3927 causa
939 3882 1022 3927 est
1040 3889 1142 3942 qua
1173 3889 1457 3929 commune
1471 3876 1551 3929 vel
1575 3860 1906 3928 immundum
1930 3874 2044 3929 elli-

481 3966 623 4019 citur
662 3964 802 4033 quod
842 3973 1031 4018 natura
1055 3966 1135 4019 sui
1164 3967 1496 4020 immundum
1522 3982 1625 4021 non
1649 3976 1750 4032 est,
1781 3967 1826 4021 si
1855 3968 2045 4023 existi-

483 4064 595 4107 met
620 4055 739 4122 quis
765 4063 817 4107 ct
858 4055 997 4122 apud
1022 4070 1079 4108 se
1112 4056 1184 4109 ita
1234 4054 1433 4109 habeat
1457 4056 1599 4123 quod
1627 4070 1912 4110 commune
1934 4057 2041 4121 sit;

483 4144 559 4199 illi
582 4158 710 4214 ergo
730 4145 828 4211 ipsi
853 4147 1220 4200 tantummodo
1249 4147 1338 4214 qui
1369 4147 1469 4200 hoc
1500 4148 1574 4199 ita
1602 4148 1881 4200 existimat
1899 4163 2047 4200 com-

478 4250 639 4289 mune
683 4233 910 4299 efllcitur
938 4235 1022 4288 vel
1051 4235 1401 4289 imnmndum.
1434 4237 1511 4289 Ex
1546 4238 1741 4305 quibus
1768 4237 2046 4291 evidenter

475 4324 759 4393 Apostolus
797 4324 987 4379 edocet
1026 4340 1132 4378 non
1173 4327 1227 4378 in
1270 4326 1454 4389 rebus,
1496 4325 1580 4379 vel
1616 4326 1669 4378 in
1706 4325 2039 4389 substantiis,

476 4416 570 4470 sed
592 4415 645 4469 in
674 4416 880 4469 actibus
904 4423 957 4469 et
995 4416 1047 4469 in
1089 4415 1500 4484 cogitationibus
1535 4417 1711 4469 minus
1758 4416 1919 4469 rectis
1944 4416 2041 4469 im-
2068 4450 2120 4508 Β

476 4506 793 4560 munditiam
816 4505 1269 4575 pollutioncmque
1288 4507 1599 4571 consistere,
1616 4505 1861 4574 quamvis
1875 4505 2041 4575 Moysi

477 4596 559 4649 lex
593 4596 836 4664 quaedam
884 4595 1103 4659 munda,
1136 4604 1191 4649 et
1237 4596 1478 4664 quatdam
1536 4598 1809 4649 immunda
1866 4598 2045 4665 signa-

475 4687 643 4750 verit;
670 4686 722 4739 iu
744 4684 1327 4755 quibusdistinctiones
1347 4684 1603 4751 quasdam
1627 4699 1825 4752 ponere
1854 4685 2042 4747 voluit,

474 4783 534 4827 ut
566 4773 812 4843 populus,
863 4774 955 4842 qui
1001 4774 1099 4827 sub
1130 4767 1247 4842 lege
1273 4776 1617 4836 censebatur,
1667 4774 1898 4827 discerni
1948 4789 2047 4842 per

475 4862 779 4930 huiusmodi
802 4862 1173 4915 observantius
1195 4877 1227 4914 a
1242 4863 1448 4916 cancris
1463 4864 1709 4931 gentibus
1734 4863 2037 4916 videretur:

476 4966 527 5010 et
557 4954 793 5024 quandiu
840 4953 1054 5023 quidem
1095 4953 1322 5023 pepulus
1360 4953 1447 5006 ille
1493 4963 1733 5016 sanctus,
1765 4963 1819 5006 et
1854 4969 2037 5023 segre-

478 5058 631 5114 gatus
655 5059 685 5095 a
709 5045 916 5097 catteris
941 5044 1244 5098 nationibus
1266 5042 1581 5106 habebatur,
1605 5037 1764 5096 etiam
1786 5044 2042 5098 discretio

477 5136 543 5188 dc
578 5134 788 5187 mundis
817 5142 870 5188 et
911 5135 1201 5189 immundis
1240 5132 1546 5189 ncCessaria
1583 5135 1883 5199 videbatur,
1922 5152 2041 5204 qua:

478 5229 784 5292 segregaret
811 5230 865 5276 et
910 5231 1214 5277 secerneret
1263 5211 1549 5291 specialem
1595 5223 1846 5292 populum
1883 5225 1975 5278 Dei
2009 5242 2037 5278 a

479 5314 804 5377 nationibus,
832 5306 968 5381 quas
998 5314 1296 5383 ignorantia
1325 5315 1437 5376 Dei,
1483 5325 1537 5368 et
1574 5314 1833 5366 idolorum
1866 5315 2041 5369 cultus

479 5400 711 5455 faciebat
745 5403 1078 5467 immundas;
1126 5404 1217 5457 ubi
1260 5418 1383 5457 vero
1422 5405 1586 5472 jauua
1642 5403 1762 5456 fidei
1795 5405 2042 5473 gentibus

410 5500 413 5501 '
482 5494 741 5563 aperitur,
773 5503 827 5549 et
857 5495 1148 5549 invitantur
1176 5511 1364 5551 omnes
1389 5497 1455 5550 ad
1476 5497 1665 5561 Deum,
1689 5496 2043 5550 ostenduntur

480 5585 640 5639 Petro
680 5586 859 5639 omnia
900 5587 1285 5656 quadrupedia,
1323 5594 1375 5639 et
1412 5588 1676 5655 repentia,
1724 5594 1777 5640 et
1811 5586 2043 5639 volatilia

482 5680 720 5743 exposita
752 5680 804 5733 in
837 5679 1017 5747 linteo,
1049 5678 1188 5747 quod
1213 5678 1421 5735 ceditus
1459 5677 1628 5733 fuerat.
1658 5676 1956 5743 deductum,
1991 5685 2043 5731 et

2152 1896 2255 1949 εει,
2277 1893 2331 1939 et
2358 1900 2576 1939 carnem
2606 1888 2785 1949 edere,
2818 1896 2872 1941 et
2900 1888 3081 1940 vinum
3111 1888 3317 1943 bibere.
3346 1889 3426 1945 Ne
3448 1892 3718 1947 contrista-

2152 1985 2340 2029 rentur
2367 1978 2434 2032 ab
2464 1979 2572 2043 his,
2600 1980 2693 2048 qui
2724 1980 2807 2033 his
2841 1989 3087 2045 utuntur,
3120 1982 3265 2036 dedit
3304 1985 3386 2038 eis
3430 1987 3717 2054 respirandi

2154 2066 2423 2131 solatium,
2448 2078 2579 2121 utet
2601 2070 2653 2121 in
2674 2069 2951 2124 voluntate
2974 2086 3070 2125 sua
3093 2072 3461 2139 quiescerent,
3483 2084 3541 2127 et
3560 2075 3719 2129 disce-

2153 2157 2319 2223 ptatio
2345 2173 2443 2226 per
2462 2173 2621 2226 quam
2644 2159 2909 2214 discordia
2934 2161 2992 2214 fit
3016 2170 3271 2215 cessaret.
3297 2161 3433 2215 Cum
3462 2165 3610 2217 enim
3627 2178 3719 2217 non

2152 2246 2283 2301 latet
2308 2249 2505 2303 bonum
2535 2265 2673 2314 esse,
2707 2259 2761 2303 ct
2788 2266 3005 2304 carnem
3027 2252 3207 2313 edere,
3230 2261 3285 2305 et
3306 2253 3491 2305 vinum
3518 2255 3716 2317 bibere,

2152 2343 2207 2390 et
2234 2351 2264 2391 e
2298 2347 2488 2393 contra
2514 2354 2728 2394 carnem
2761 2356 2865 2394 non
2895 2341 3071 2403 cdere,
3096 2350 3151 2395 et
3182 2343 3365 2396 viuum
3397 2360 3503 2397 non
3550 2346 3718 2399 bibere

2152 2425 2349 2480 bonum
2372 2443 2492 2482 esse
2514 2429 2816 2493 addiscunt,
2848 2445 3005 2484 nemo
3034 2430 3209 2502 litigat
3243 2451 3255 2484 :
3299 2446 3551 2487 creatura
3592 2436 3717 2488 enim

2152 2513 2276 2567 data
2298 2524 2383 2568 est
2418 2516 2485 2570 ad
2517 2532 2670 2571 usum
2704 2517 3025 2583 volentibus,
3057 2536 3163 2574 non
3212 2530 3393 2574 tamen
3438 2525 3717 2577 necessitas

2150 2611 2236 2656 cst
2280 2602 2528 2671 imposita
2573 2615 2664 2658 aut
2700 2606 2919 2669 volenti,
2962 2616 3055 2660 aut
3108 2609 3335 2662 nolenti.
3370 2609 3573 2680 (0rig.)
3604 2612 3719 2665 Illud

2152 2704 2280 2744 vero
2309 2694 2451 2758 quod
2479 2694 2555 2746 ait
2590 2712 2602 2747 :
2629 2693 2834 2748 Bonum
2876 2706 2972 2760 est,
3006 2714 3109 2750 non
3147 2700 3471 2753 manducare
3498 2718 3714 2765 carnem,

2150 2790 2199 2832 et
2230 2796 2334 2833 non
2358 2782 2515 2836 libere
2536 2785 2731 2861 vinum,
2760 2788 2860 2841 nisi
2884 2788 3195 2854 addidisset,
3222 2807 3387 2860 neque
3418 2794 3472 2844 in
3500 2811 3602 2863 quo
3624 2796 3719 2862 fra-

2152 2880 2229 2924 ter
2278 2881 2397 2927 tuus
2441 2876 2750 2944 o/fenditur,
2797 2882 3125 2935 contrarium
3171 2882 3419 2937 fortassis
3458 2886 3716 2953 prioribus

2150 2968 2424 3023 videretur
2452 2991 2464 3023 :
2493 2974 2819 3028 manducare
2849 2976 2995 3030 enim
3028 2991 3247 3031 carnem
3272 2988 3330 3033 ct
3355 2994 3463 3031 non
3497 2982 3714 3034 mandu-

2153 3062 2407 3126 care,vel
2433 3063 2617 3118 bibere
2639 3064 2821 3117 viuum
2845 3074 2899 3118 et
2938 3082 3043 3120 non
3068 3067 3271 3131 bibere,
3296 3084 3475 3136 neque
3507 3072 3711 3133 malum,

2154 3165 2327 3221 neque
2350 3153 2571 3216 bonum,
2602 3155 2694 3208 scd
2726 3155 2959 3209 medium
2987 3155 3185 3210 habere
3218 3157 3403 3211 docuit
3435 3168 3489 3212 et
3522 3159 3715 3214 indiffe-

2154 3257 2296 3297 rens.
2342 3242 2524 3299 Potest
2566 3246 2709 3299 enim
2758 3262 2861 3300 non
2891 3248 3216 3303 manducare
3250 3264 3498 3313 carnem,
3528 3262 3584 3306 et
3621 3267 3715 3305 non

2150 3330 2338 3386 bibere
2361 3333 2544 3386 vinmn
2588 3335 2748 3388 etiam
2790 3335 2965 3389 malus
3018 3338 3179 3392 homo
3208 3348 3261 3391 et
3293 3353 3323 3391 a
3359 3341 3465 3394 fide
3496 3342 3710 3404 alienos,

2150 3428 2210 3474 ut
2235 3435 2375 3489 sape
2419 3423 2582 3475 etiam
2611 3424 2894 3477 nonnullos
2924 3425 3184 3480 idolorum
3217 3442 3380 3482 causa
3416 3428 3594 3483 facere
3626 3430 3715 3483 hoc

2148 3518 2357 3563 certum
2386 3520 2485 3564 est.
2521 3511 2791 3564 Interdum
2833 3514 2995 3566 etiam
3027 3515 3287 3569 malarmn
3317 3518 3518 3571 artium
3560 3518 3715 3572 fertur

2149 3599 2271 3653 talis
2300 3599 2483 3653 haberi
2514 3601 2838 3657 observatio.
2874 3602 3257 3658 llmroticorum
3290 3616 3442 3660 certe
3468 3624 3573 3661 non
3599 3624 3712 3677 pau-

2148 3687 2226 3741 cis
2256 3687 2543 3742 observare
2581 3690 2682 3743 hoc
2708 3691 2872 3743 moris
2913 3700 3014 3755 est,
3058 3700 3247 3747 etnon
3288 3697 3548 3749 continuo
3591 3698 3710 3749 dici-

2149 3792 2268 3831 mus
2299 3795 2312 3831 :
2346 3778 2548 3832 Bonum
2592 3789 2675 3833 est
2721 3781 2800 3834 eis
2826 3782 2948 3848 quia
2981 3798 3086 3836 nou
3119 3785 3451 3837 manducaui.
3482 3802 3707 3848 carnem,

2147 3880 2318 3935 neque
2337 3866 2524 3922 bibunt
2548 3869 2749 3921 viuum.
2775 3868 2881 3923 Sed
2904 3869 2993 3923 illo
3012 3870 3170 3939 plane
3192 3873 3370 3936 modo,
3396 3890 3503 3941 quo
3525 3876 3577 3927 in
3598 3891 3712 3929 con-

2146 3959 2492 4026 sequentibus
2512 3959 2711 4026 posuit,
2735 3958 2802 4013 In
2820 3976 2920 4028 quo
2938 3960 3103 4028 frater
3121 3962 3428 4029 offenditur,
3450 3980 3553 4017 non
3578 3981 3712 4019 man-

2146 4049 2342 4103 ducare
2356 4065 2595 4116 carnem,
2610 4058 2664 4102 et
2680 4065 2783 4104 nou
2803 4051 2985 4109 bibere
3006 4055 3206 4115 vinum,
3228 4069 3333 4107 non
3351 4054 3464 4122 jam
3488 4058 3711 4111 medium

2146 4150 2239 4194 aut
2266 4130 2590 4207 indifferens,
2621 4141 2713 4195 sed
2740 4156 2864 4197 vere
2887 4144 3084 4197 bonum
3106 4153 3188 4199 est
3214 4163 3225 4197 :
3249 4146 3452 4200 bonum
3480 4157 3563 4201 est
3582 4149 3710 4202 enim

2145 4246 2253 4287 non
2276 4244 2471 4300 ponere
2502 4231 2848 4285 offensionem
2888 4233 3062 4297 fratri,
3105 4234 3187 4287 vel
3234 4236 3573 4291 scandalum.
3610 4236 3710 4291 No.

2144 4320 2242 4373 luit
2288 4336 2415 4390 ergo
2454 4332 2512 4373 ut
2563 4336 2659 4389 pro
2700 4322 2785 4373 his
2828 4323 2919 4389 qui
2962 4325 3396 4377 manducandum
3449 4325 3704 4391 iudicant,

2144 4418 2366 4479 cogatur
2393 4410 2477 4464 ille
2505 4411 2571 4464 ad
2601 4410 3027 4466 manducandum
3054 4412 3145 4480 qui
3180 4413 3235 4465 in
3262 4414 3365 4467 hoc
3390 4413 3705 4468 offenditur:

2144 4502 2237 4556 sed
2265 4516 2362 4570 pro
2388 4501 2477 4554 illo
2506 4501 2595 4569 qui
2622 4517 2724 4555 non
2760 4510 2911 4571 putat
2954 4502 3409 4568 manducandum,
3452 4506 3708 4557 abstinere

2144 4592 2384 4661 praecipit
2435 4594 2597 4645 etiam
2654 4593 2737 4645 his
2790 4594 2880 4659 qui
2925 4592 3171 4660 iudicant
3224 4593 3703 4645 manducandum:

2146 4686 2325 4739 omnia
2366 4685 2525 4754 igitur
2553 4685 2665 4738 fieri
2699 4693 2912 4753 oportet
2966 4698 3032 4737 uc
3061 4686 3373 4738 destruatur
3423 4700 3560 4754 opus
3603 4687 3702 4746 Dei,

2145 4786 2200 4831 et
2242 4777 2361 4831 ideo
2419 4777 2847 4831 manducandum
2883 4786 2983 4839 est,
3040 4778 3083 4831 si
3144 4778 3198 4830 in
3250 4778 3355 4831 hoc
3392 4778 3566 4833 frater
3594 4779 3705 4843 auli-

2148 4866 2355 4931 ficatur,
2384 4877 2439 4921 et
2478 4884 2583 4921 non
2615 4876 2696 4921 est
2745 4866 3195 4931 manducandum,
3228 4868 3273 4921 si
3326 4884 3423 4937 per
3469 4872 3569 4926 hoc
3612 4885 3703 4923 non

2146 4957 2340 5011 crescit
2368 4971 2501 5024 opus
2547 4957 2670 5018 Dei;
2697 4964 2752 5009 et
2801 4954 3089 5009 bibendum
3119 4964 3225 5018 est,
3265 4956 3309 5009 si
3341 4971 3439 5022 per
3468 4958 3569 5010 hoc
3595 4971 3705 5024 pro-

2148 5046 2259 5099 ficit
2282 5045 2447 5099 frater
2470 5046 2535 5098 ad
2560 5030 2736 5107 fidem,
2768 5054 2821 5099 et
2851 5060 2956 5097 non
2981 5054 3063 5098 est
3085 5044 3391 5103 bibendum.
3432 5046 3475 5098 si
3499 5061 3597 5113 per
3616 5047 3704 5098 hoc

2147 5132 2314 5191 frater
2334 5137 2584 5191 damnum
2625 5114 2769 5198 fidei,
2800 5143 2892 5188 aut
2936 5141 2991 5186 tu
3026 5134 3411 5188 detrimentum
3443 5135 3705 5189 charitatis

2150 5225 2409 5280 incurras.
2466 5224 2542 5277 Tu
2582 5225 2735 5292 ﬁdem
2784 5239 2938 5294 quam
2987 5223 3143 5275 habes
3182 5240 3333 5291 penes
3369 5226 3700 5292 temetipsum.

2149 5317 2277 5370 habe
2307 5334 2480 5369 coram
2524 5316 2646 5368 Deo.
2694 5314 2879 5367 Fidem
2928 5313 3015 5366 hic
3057 5313 3205 5366 illam
3233 5312 3388 5377 dicit,
3414 5329 3521 5382 qua
3550 5315 3704 5368 credit

2150 5405 2270 5472 quis
2289 5407 2611 5459 manducare
2639 5403 2839 5466 omnia,
2878 5402 3015 5456 sicut
3040 5418 3200 5472 supra
3231 5404 3367 5457 dixit
3399 5423 3411 5456 2
3439 5404 3585 5457 Alius
3610 5420 3704 5455 crc-

2150 5497 2225 5549 dit
2269 5496 2582 5549 numducure
2638 5494 2841 5557 omnia,
2891 5493 2977 5546 ille
3028 5492 3145 5546 sine
3197 5493 3361 5547 dubio
3409 5494 3498 5562 qui
3550 5492 3703 5546 credit

2152 5586 2291 5655 quod
2327 5584 2456 5638 nihil
2488 5584 2539 5637 in
2573 5582 2834 5637 creaturis
2864 5580 2957 5635 Dei
2988 5595 3294 5645 commune,
3329 5580 3460 5634 nihil
3488 5582 3703 5634 intuma-

2154 5677 2277 5732 dum
2308 5675 2408 5740 sit;
2440 5674 2532 5730 sed
2580 5670 2767 5729 sufficit
2800 5672 2913 5737 tibi,
2945 5671 3138 5742 inquit,
3164 5672 3367 5728 habere
3398 5686 3577 5727 coram
3609 5672 3702 5723 [se
