3948 6372
2974 0 3033 13 F3.-

1796 9 2303 41 m,
2206 40 2261 41 "77
2300 10 2329 41 7.7
2340 8 2383 29 I'
2466 8 2493 43 ΙΔ
2624 32 2631 41 ἶ
2660 10 2767 43 [le7'
2812 32 2819 35 ν
2842 44 2847 45 7

227 368 364 427 £539

757 372 1296 431 ENARRATIONUM
1332 375 1395 428 IN
1435 375 1579 430 EPP.
1624 376 1823 431 PAULI
1857 374 1981 429 LIB.
2035 373 2157 427 \'Ill.
2200 405 2266 414 —
2299 375 2366 429 IN
2407 377 2619 431 EPIST.
2660 378 2750 432 AD
2786 378 2951 434 ROM.

3318 380 3456 434 I590

221 478 527 552 huiusmodi
574 481 729 536 ﬁdem
760 498 774 537 :
800 500 906 538 non
941 493 1119 541 tamen
1164 487 1363 542 idcirco
1408 490 1677 559 cogendus
1704 498 1788 543 est
1814 492 1864 550 Λ
1890 486 1998 543 Sed
2027 487 2179 556 cujus
2208 488 2387 557 operis
2416 490 2487 543 sit
2528 489 2628 545 ista
2659 490 2935 547 beatitudo
2964 494 3258 549 videamus.
3309 492 3455 547 Multi

220 581 278 628 et
303 574 457 638 alius,
487 583 539 627 ul
572 575 751 628 omnia
774 576 1082 641 manducet,
1115 578 1204 645 qui
1234 577 1470 633 nondum
1499 580 1661 633 habet
1700 586 1782 632 ta-

223 668 330 717 lem
358 662 536 727 ﬁdem,
564 671 622 716 ut
654 664 839 718 credat
865 664 1042 719 omnia
1073 679 1193 719 esse
1222 663 1604 721 manducanda.
1634 666 1786 733 Quod

221 760 402 804 autem
434 751 588 815 dixit,
618 751 787 805 Habes
815 769 968 821 penes
996 756 1339 823 temetipsum,
1359 755 1671 821 jactantiam
1703 773 1788 811 re—

221 847 392 905 secat,
424 855 492 893 ne
518 841 686 910 magis
718 841 768 893 in
821 844 1281 898 ostentatione'sit
1319 846 1459 913 quod
1497 848 1785 909 credimus,

219 940 382 995 quam
413 928 465 981 in
505 928 719 982 virtute.
754 930 972 983 Addidit
1012 941 1190 984 autem
1220 951 1231 984 :
1272 932 1417 985 [labe
1446 951 1622 986 coram
1658 934 1785 996 Deo,

220 1023 278 1068 ut
327 1015 542 1069 doceret
590 1017 940 1085 satagendum
981 1019 1154 1081 nobis,
1206 1034 1311 1073 non
1352 1029 1409 1072 ut
1437 1021 1574 1089 apud
1618 1023 1790 1075 homi-

220 1119 317 1158 nes
356 1104 486 1158 ﬁdes
523 1114 704 1159 nostra
735 1105 1057 1168 diﬁ‘ametnr,
1089 1110 1183 1162 sed
1211 1120 1271 1164 ut
1310 1110 1446 1179 apud
1475 1111 1639 1164 Deum
1666 1128 1790 1180 pro-

218 1191 404 1256 betur;
452 1192 677 1247 multum
721 1203 802 1248 est
847 1209 1029 1249 coram
1070 1196 1177 1251 Deo
1220 1199 1419 1251 habere
1456 1200 1788 1267 probabilem

219 1282 381 1336 ﬁdem
418 1285 599 1352 :apud
646 1283 812 1339 Deum
862 1286 1004 1341 enim
1043 1286 1206 1340 etiam
1253 1289 1612 1356 apostolorum
1661 1291 1792 1345 ﬁdes

218 1385 384 1439 parva
407 1371 698 1440 iudicatur.
742 1374 895 1430 Unde
924 1376 1124 1430 dicitur
1166 1377 1233 1430 ad
1266 1377 1481 1432 Petrum
1518 1397 1530 1431 :
1566 1378 1789 1433 Medicae

217 1456 362 1523 ﬁdei,
386 1475 544 1528 quare
568 1460 816 1513 dubitasti
855 1459 1068 1529 (Matth.
1116 1464 1266 1531 xw)?
1296 1464 1501 1519 Idcirco
1524 1481 1650 1520 vere
1678 1483 1790 1521 ma-

218 1559 357 1613 gnus
387 1556 489 1611 est,
518 1549 609 1617 qui
652 1564 832 1602 coram
881 1550 991 1605 Deo
1018 1551 1182 1606 habet
1230 1552 1561 1621 probabilem
1610 1556 1786 1611 ﬁdem.

216 1629 413 1687 Beatus
441 1636 532 1704 qui
566 1651 668 1690 non
699 1637 892 1689 iudicat
913 1640 1241 1707 semetipsum
1264 1647 1319 1693 in
1345 1657 1404 1694 eo
1424 1643 1563 1711 quod
1587 1643 1787 1711 probat.

216 1719 403 1793 (Aug.)
435 1722 548 1777 Hoc
582 1726 648 1778 ad
679 1725 730 1778 id
772 1727 1109 1794 potissimum
1134 1728 1470 1783 referendum
1501 1738 1605 1791 est,
1649 1734 1791 1801 quod

1886 585 2014 629 sunt
2039 576 2130 644 qui
2169 575 2399 645 probant
2431 577 2629 646 aliquid
2670 579 2797 633 boui
2842 580 3041 647 facere,
3073 581 3223 636 verbi
3264 582 3457 651 gratia,

1887 666 1977 734 qui
2010 664 2290 720 audientes
2321 666 2386 720 de
2423 666 2662 735 praemiis
2688 668 2952 724 castitatis
2994 671 3225 739 probant
3263 679 3317 725 et
3348 680 3457 726 sta—

1887 764 2042 809 tuunt
2064 764 2213 811 caste
2248 757 2448 819 vivere,
2480 757 2573 811 sed
2612 772 2867 826 processu
2908 761 3179 829 temporis,
3220 761 3304 815 vel
3332 764 3461 816 sub-

1890 843 2115 913 ripiebte
2143 846 2487 915 negligentia,
2515 846 2599 901 vel
2624 857 2913 915 superante
2944 848 3187 915 libidine,
3214 850 3266 905 id
3317 853 3458 920 quod

1888 934 2283 1009 observandum
2326 935 2684 1004 probaverant
2725 936 3029 991 maculatur
3073 947 3128 992 et
3165 941 3462 1009 corrumpi-

1890 1030 2008 1076 tur:
2034 1032 2088 1077 et
2116 1030 2198 1077 est
2216 1008 2407 1076 infelix
2433 1024 2557 1088 iste,
2585 1025 2675 1092 qui
2710 1025 2764 1079 in
2792 1040 2857 1079 eo
2882 1025 3023 1093 quod
3052 1026 3343 1080 observare
3368 1008 3460 1081 de—

1889 1123 2132 1168 creverat
2174 1114 2365 1179 victus,
2397 1115 2743 1182 semetipsum
2776 1114 2985 1183 judicat
3022 1124 3077 1170 et
3103 1118 3458 1180 condemnat;

1889 1203 2080 1256 beatus
2105 1217 2230 1257 vero
2263 1204 2350 1259 ille
2380 1216 2463 1259 est
2517 1206 2607 1275 qui
2636 1206 2686 1261 in
2714 1222 2779 1263 eo
2801 1209 2943 1277 quod
2970 1209 3159 1278 probat
3184 1221 3235 1265 el
3267 1212 3458 1266 statuit

1891 1291 1963 1345 ita
1987 1303 2267 1361 permanet
2294 1294 2429 1350 ﬁxus
2453 1305 2508 1350 et
2527 1298 2751 1363 stabilis,
2777 1299 2911 1352 utin
2939 1299 3084 1353 nullo
3114 1302 3461 1369 semetipsum

1884 1380 2108 1449 judicet,
2150 1382 2203 1434 in
2234 1382 2376 1437 nullo
2410 1387 2785 1454 reprehendat.

1961 1468 2067 1534 Qui
2115 1479 2288 1523 autem
2336 1472 2605 1538 discernit,
2656 1476 2699 1527 si
2734 1476 3151 1540 "tanducaverit,
3183 1478 3465 1532 damratus

1888 1560 2130 1629 est,quia
2156 1576 2256 1613 non
2286 1578 2349 1614 ea:
2376 1561 2499 1629 ﬁde.
2531 1562 2727 1635 (Orig)
2756 1565 2865 1619 lloc
2892 1576 3072 1620 autem
3101 1576 3155 1621 et
3183 1568 3237 1621 iu
3279 1568 3466 1623 obser-

1888 1650 2071 1704 vantia
2110 1650 2375 1717 ciborum,
2407 1653 2697 1708 secundum
2746 1670 2864 1710 eam
2903 1656 3139 1726 regulam
3169 1672 3331 1725 quam
3370 1673 3464 1712 su-

1890 1744 2072 1809 perius
2096 1743 2286 1806 texuit,
2318 1744 2621 1798 habendum
2653 1746 2804 1811 dicit,
2839 1755 2896 1800 ut
2931 1748 2975 1801 si
3003 1748 3126 1816 quis
3148 1756 3230 1801 est
3251 1749 3343 1817 qui
3371 1764 3468 1818 per

214 1812 466 1880 superius
513 1814 663 1878 dixit,
710 1814 833 1870 Non
881 1834 1001 1887 ergo
1052 1818 1431 1889 blasphematur
1479 1821 1666 1875 bonum
1696 1840 1779 1876 no-

1891 1832 2273 1887 conscieatiam
2315 1836 2569 1904 spiritalis
2607 1836 2738 1907 legis
2787 1838 2978 1907 probat
3022 1839 3203 1893 omnia
3234 1840 3461 1894 mandu-

212 1908 414 1966 strum;
444 1903 546 1972 hoc
576 1912 657 1957 est
678 1905 820 1958 enim
847 1906 1010 1960 etiam
1036 1908 1177 1976 quod
1210 1922 1352 1962 nunc
1375 1909 1451 1962 ait
1479 1918 1603 1963 ante
1630 1910 1786 1965 istam

215 1991 559 2067 sententiam,
605 1991 681 2045 Tu
722 1993 877 2061 ﬁdem
905 2011 1063 2063 quam
1090 1995 1245 2050 habes
1271 2014 1422 2065 penes
1444 2000 1784 2067 temetipsum,

214 2065 346 2133 habe
375 2096 549 2134 coram
594 2081 739 2162 Deo,
770 2082 854 2136 vel
894 2085 1149 2153 quoniam
1188 2084 1326 2139 bona
1368 2095 1452 2141 est
1490 2065 1783 2151 base-ﬁdes,

212 2185 326 2239 qua
366 2172 657 2237 credimus,
688 2173 1093 2228 omnia-munda
1132 2175 1368 2240 mundis,
1394 2183 1450 2230 et
1492 2175 1547 2229 in
1586 2190 1651 2230 ea
1684 2175 1788 2231 ﬁde

211 2275 314 2316 nos
342 2261 651 2332 probamus,
699 2263 835 2317 bene
866 2272 1083 2317 utamur
1110 2265 1229 2333 ipso
1274 2264 1418 2320 bono
1462 2274 1670 2331 nostro,
1721 2282 1787 2323 ne

211 2348 354 2405 forte
402 2367 525 2407 cum
558 2351 624 2406 ad
668 2350 1047 2408 oﬁ‘endiculum
1088 2354 1420 2410 inﬁrmorum
1452 2353 1682 2411 fratrum
1721 2372 1787 2412 eo

210 2439 356 2495 bono
385 2442 537 2497 abusi
575 2429 856 2509 fuerimus,
888 2459 1173 2522 peccemus
1215 2446 1267 2500 in
1310 2445 1525 2513 fratres,
1556 2456 1612 2502 et
1641 2448 1694 2502 in
1721 2463 1786 2504 eo

213 2528 332 2598 ipso
361 2530 849 2601 bonojudicemur,
890 2548 1012 2588 cum
1058 2536 1481 2591 scandalizamus
1519 2538 1782 2603 inﬁrmos,

211 2615 269 2672 in
300 2632 406 2686 quo
445 2619 586 2674 bono
633 2636 731 2675 nos
761 2623 1071 2689 probamus,
1121 2639 1243 2678 cum
1286 2617 1401 2695 ipsa
1456 2624 1588 2681 ﬁdes
1632 2628 1786 2682 nobis

209 2706 405 2774 placet.
430 2708 654 2780 (Ambr.)
681 2710 1126 2782 Unumquemque
1147 2715 1362 2784 proprio
1380 2715 1584 2782 judicio
1602 2726 1785 2772 censet

210 2792 698 2867 condemnandum,
730 2801 822 2870 qui
849 2802 989 2871 quod
1019 2802 1150 2861 dicit
1170 2818 1278 2858 non
1308 2805 1501 2860 debere
1521 2820 1579 2861 se
1606 2806 1783 2864 facere

210 2883 379 2940 facit:
409 2895 463 2941 et
500 2888 644 2942 hunc
682 2889 918 2953 beatum,
968 2890 1060 2959 qui
1095 2906 1200 2945 non
1246 2891 1389 2946 aliud
1424 2891 1573 2957 facit,
1622 2910 1782 2963 quam

209 2975 354 3044 quod
373 2976 476 3031 sibi
497 2977 627 3031 utile
648 2978 856 3047 probat.
876 2978 1074 3050 (Θήῃ.)
1092 2980 1287 3035 Beatus
1307 2981 1428 3051 quis
1444 2981 1546 3037 dici
1556 2991 1660 3049 tur,
1678 3000 1782 3040 non

211 3064 385 3120 solum
413 3067 459 3121 si
484 3065 648 3121 faciat
678 3083 740 3123 ea
769 3084 888 3138 quze
911 3070 1191 3138 competit,
1222 3070 1316 3125 sed
1337 3078 1392 3127 et
1412 3071 1456 3126 si
1487 3088 1596 3127 non
1623 3072 1785 3129 faciat

1890 1922 2081 1985 cauda,
2111 1930 2166 1977 et
2201 1925 2385 1978 omnia
2426 1940 2545 1980 esse
2598 1929 2819 1993 munda,
2856 1944 2961 1983 non
3006 1945 3219 1983 rursum
3260 1930 3467 1998 iudicet

1887 2012 2255 2081 semetipsum,
2282 2021 2337 2067 ct
2377 2014 2763 2071 dubitationem
2807 2019 2987 2088 capiat
3036 2027 3212 2073 utrum
3244 2035 3459 2076 sumere

1887 2098 2100 2164 debeat,
2144 2116 2359 2165 necne,
2392 2105 2535 2175 quia,
2571 2106 2661 2175 qui
2715 2108 2817 2162 hoc
2850 2109 3009 2163 modo
3044 2110 3321 2176 discernit,
3356 2111 3459 2165 hoc

1886 2197 1989 2254 est,
2017 2189 2108 2259 qui
2135 2186 2343 2247 dubitat
2371 2202 2548 2247 utrum
2598 2210 2725 2251 vere
2751 2198 3006 2252 mundum
3035 2199 3103 2253 sit
3132 2215 3198 2253 an
3229 2201 3463 2253 immun-

1888 2277 2014 2332 dum
2062 2280 2207 2349 quod
2240 2283 2424 2347 sumit,
2453 2283 2553 2338 iste
2582 2300 2646 2339 ex
2677 2285 2791 2355 ipsa
2819 2287 2984 2341 animi
3015 2288 3096 2343 sui
3125 2288 3463 2343 dubitatione

1887 2369 2215 2425 conscientia
2246 2382 2502 2443 arguente
2549 2374 2852 2432 damnatur.
2887 2376 3113 2450 (Ambr.)
3150 2380 3346 2435 Verum
3379 2388 3464 2434 est

1883 2457 2010 2526 quia
2034 2459 2125 2529 qui
2141 2457 2350 2527 judicat
2371 2477 2477 2517 non
2499 2450 2786 2530 edendum,
2810 2476 2864 2522 et
2884 2468 3313 2532 edit,damnatus
3333 2479 3416 2523 est
3444 2489 3456 2522 :

1885 2546 1999 2615 ipse
2027 2549 2173 2603 enim
2224 2567 2283 2607 se
2330 2552 2571 2621 damnat,
2602 2557 2817 2626 quando
2863 2559 2915 2613 id
2955 2560 3096 2628 quod
3126 2560 3228 2614 sibi
3266 2560 3456 2614 inutile

1886 2635 2081 2689 asserit
2119 2636 2265 2693 facit.
2305 2639 2503 2714 (Θήρ.)
2527 2642 2756 2699 Causam
2785 2662 2999 2717 quoque
3030 2649 3188 2718 hujus
3234 2648 3461 2702 damna-

1884 2724 2047 2781 tionis
2092 2730 2337 2797 exponit,
2388 2731 2574 2789 dicens
2606 2751 2619 2787 :
2654 2733 2789 2803 Quia
2822 2752 2927 2791 non
2951 2752 3019 2792 ex
3057 2737 3161 2793 ﬁde
3208 2738 3460 2803 sumitur,

1883 2814 1977 2870 sed
2007 2818 2189 2887 utique
2223 2835 2289 2873 ex
2313 2820 2671 2880 dubitatione.

1955 2903 2122 2961 Omne
2150 2920 2323 2963 autem
2364 2911 2505 2977 quod
2535 2929 2636 2968 non
2676 2925 2750 2969 est
2788 2932 2852 2971 ea:
2892 2916 3017 2984 fide,
3061 2926 3327 2985 peccatum
3363 2928 3458 2970 est.

1884 2994 2113 3066 (Ambr.)
2142 2997 2308 3053 Recte
2328 3010 2607 3069 peccatum
2623 3004 2853 3073 appellat
2872 3005 3017 3075 quod
3038 3006 3194 3060 aliter
3220 3006 3280 3059 ﬁt
3300 3020 3460 3074 quam

1884 3084 2170 3152 probatum
2199 3096 2301 3143 est.
2332 3087 2530 3161 (Ol-ig.)
2572 3092 2628 3146 ln
2668 3093 2772 3149 hoc
2819 3110 3067 3150 sermone
3124 3094 3458 3150 credentium

207 3167 424 3251 eaquae
452 3172 559 3212 non
585 3161 871 3251 competit;
906 3169 966 3215 ut
996 3162 1084 3251 ille
1116 3162 1306 3218 beatus
1336 3164 1531 3219 dicitur
1557 3167 1649 3234 qui
1674 3181 1779 3220 non
1809 3159 1851 3220 C
1882 3188 2221 3245 quorumque
2265 3159 2596 3251 negligentes
2640 3193 2695 3238 et
2739 3185 2952 3239 desides
3006 3186 3214 3240 animas
3244 3185 3457 3239 viucutu

210 3242 346 3298 abiit
374 3244 427 3299 in
458 3248 680 3302 consilio
720 3249 1007 3318 impiorum
1039 3250 1211 3321 (Psal.
1245 3253 1286 3322 ι)
1314 3267 1328 3307 :
1358 3253 1437 3308 sic
1478 3254 1567 3310 ille
1585 3254 1781 3310 nihilo-

208 3332 389 3389 minus
412 3334 621 3400 beatus,
654 3337 745 3406 qui
787 3338 1028 3392 ambulat
1049 3340 1101 3393 in
1129 3339 1245 3409 lege
1266 3340 1498 3408 Domini,
1530 3342 1715 3399 inutile
1751 3355 1777 3385 α

206 3420 396 3479 beatus
419 3432 520 3489 est,
552 3426 643 3495 qui
671 3442 774 3482 non
799 3436 905 3483 stat
926 3428 979 3483 in
1006 3430 1089 3483 via
1121 3440 1487 3500 peccatorum,
1518 3433 1659 3489 sicut
1689 3433 1778 3488 illc

204 3511 299 3580 qui
344 3514 635 3569 meditatur
667 3519 904 3585 quotidie
948 3518 1002 3572 in
1041 3518 1155 3589 lege
1204 3521 1414 3576 Domini
1450 3523 1641 3585 beatus
1670 3533 1771 3578 est.

206 3600 284 3657 Ita
310 3613 365 3659 ct
392 3606 444 3659 in
483 3610 733 3676 praesenti
780 3609 899 3665 loco
941 3609 1231 3680 Apostolus
1270 3630 1282 3666 :
1327 3611 1544 3679 Beatus,
1577 3614 1771 3684 inquit,

202 3695 294 3763 qui
346 3699 702 3767 uon'iudicat
750 3703 1080 3772 semetipsum
1135 3704 1189 3757 in
1245 3720 1304 3758 eo
1365 3706 1502 3775 quod
1566 3706 1769 3775 probat.

276 3815 302 3842 ⁸
332 3803 424 3859 Sic
444 3814 561 3859 erat
593 3808 644 3861 in
669 3806 794 3873 Ms,
825 3807 917 3863 sed
942 3808 1225 3879 legendum
1253 3813 1448 3882 utique.

1885 3263 2120 3319 arctiore
2148 3269 2487 3340 constringit,
2532 3280 2593 3326 ut
2639 3273 2774 3328 nihil
2822 3276 2939 3329 sine
2968 3275 3071 3331 ﬁde
3112 3285 3295 3346 agant,
3325 3276 3456 3330 nihil

1885 3351 2086 3423 absque
2134 3355 2239 3411 ﬁde
2277 3360 2456 3415 dicant
2486 3377 2662 3432 neque
2704 3365 2962 3434 cogitent,
3002 3366 3126 3435 quia
3172 3368 3301 3420 sive.
3330 3367 3460 3435 quid

1881 3444 2119 3510 gesseris
2168 3446 2284 3500 sine
2316 3447 2441 3513 ﬁde,
2492 3450 2606 3506 sive
2663 3451 2875 3508 locutus
2927 3453 3115 3518 fueris,
3149 3454 3263 3507 sive
3290 3454 3459 3528 etiam

1881 3530 2222 3599 cogitaveris,
2267 3551 2477 3605 peccas.
2533 3541 2642 3597 Hoc
2690 3541 2830 3596 idem
2883 3552 2967 3598 est
3020 3544 3161 3611 quod
3230 3543 3283 3596 in
3330 3541 3459 3595 aliis

1880 3619 2010 3674 dicit
2040 3620 2092 3692 (1
2137 3622 2258 3677 Cor.
2295 3627 2348 3696 Χ)
2388 3645 2399 3681 ;
2437 3628 2555 3683 Sive
2600 3631 2951 3697 manducatis,
2987 3633 3093 3685 sive
3132 3632 3326 3694 bibitis,
3357 3630 3465 3684 sive

1878 3710 2026 3765 aliud
2050 3715 2174 3782 quid
2196 3716 2388 3785 facilis,
2418 3721 2591 3775 omnia
2623 3722 2691 3774 ad
2719 3722 2939 3793 gloriam
2964 3723 3057 3777 Dei
3086 3724 3263 3792 facile.

236 3922 3481 3961 Μ

1218 4032 1631 4145 LIBER
1592 4036 2409 4210 _o_q_r_1_ivus.

797 4245 1023 4303 CAPUT
1058 4248 1175 4303 XV.

197 4356 386 4438 Pergit
400 4356 673 4438 adhortari
698 4356 921 4438 majores
941 4367 996 4411 ut
1024 4358 1259 4428 infirmos
1282 4363 1595 4438 sustineant,
1614 4377 1661 4419 et
1684 4384 1770 4421 eos

1880 4274 1993 4311 mus
2014 4267 2153 4321 tuus,
2178 4269 2225 4311 et
2249 4277 2349 4313 mm
2374 4272 2518 4313 tuum
2540 4280 2629 4326 os;
2658 4274 2964 4324 extraneas,
2990 4272 3041 4314 et
3071 4275 3181 4314 non
3214 4264 3325 4307 tua
3361 4250 3517 4300 labia

1879 4346 2058 4418 (Prov.
2088 4350 2290 4419 xxvn);
2326 4364 2430 4403 non
2466 4365 2594 4421 ergo
2628 4368 2725 4422 pro
2767 4352 2933 4407 laude
2970 4348 3244 4419 propria.
3286 4335 3414 4391 Sed
3432 4346 3535 4399 ἱ)το

268 4423 325 4481 δή
348 4426 460 4511 βίίεῖ
478 4423 829 4511 mammia?"
852 4423 1164 4511 ιῗΐπθῑιεαιᾲιιε
1183 4444 1237 4483 se
1260 4445 1354 4483 cur
1374 4423 1638 4489 Romanos
1662 4453 1773 4489 cor-
1802 4434 1848 4493 D
1877 4452 2058 4492 rerum
2079 4442 2460 4509 consequentia
2486 4442 2699 4498 ﬁrmum
2722 4443 3100 4511 semetipsum
3124 4423 3516 4508 pronuntiat
3535 4431 3553 4462 ι

268 4494 521 4566 paraliter
550 4511 653 4549 non
675 4495 916 4549 visitarit.

266 4607 522 4662 Debemus
544 4616 717 4661 autem
745 4624 838 4662 nos
862 4607 1120 4677 ﬁrmiores
1144 4611 1516 4669 imbecillitates
1540 4616 1773 4685 inﬁrmo-

194 4716 314 4754 rum
346 4699 620 4763 sustinere,
649 4715 754 4752 non
790 4698 938 4753 nobis
977 4699 1197 4769 placere.
1249 4701 1448 4773 (Cass.)
1490 4704 1770 4775 Nunquam

193 4790 341 4845 enim
370 4787 617 4842 inﬁrmus
638 4797 902 4841 sustentat
931 4788 1222 4854 inﬁrmum,
1248 4806 1347 4845 nec
1371 4792 1602 4849 tolerare
1623 4804 1771 4865 pote-

195 4878 288 4943 rit,
327 4884 421 4931 aut
441 4874 634 4931 curare
657 4875 998 4947 languentem
1025 4877 1072 4933 is
1113 4880 1203 4948 qui
1237 4880 1484 4936 similiter
1504 4894 1765 4954 aegrotat:

194 4970 291 5025 sed
314 4968 403 5023 ille
438 4968 699 5024 medelam
735 4970 938 5025 tribuet
971 4971 1253 5039 imbecilli,
1282 4974 1373 5043 qui
1418 4976 1768 5033 imbecillitati

194 5060 312 5132 ipse
361 5073 469 5115 non
501 5058 759 5128 subiacet,
812 5063 1006 5117 merito
1044 5063 1092 5117 ei
1137 5063 1374 5119 dicitur:
1408 5065 1611 5122 Medice
1637 5084 1767 5124 cura

193 5149 447 5235 teipsum.
478 5148 645 5204 Recte
682 5151 777 5216 ait,
808 5152 1075 5219 debemus,
1117 5155 1243 5223 quia
1272 5164 1483 5223 oportet
1519 5159 1767 5235 doctores

195 5233 439 5294 inﬁrmos
468 5238 709 5305 ﬁrmare,
734 5248 790 5293 et
818 5240 1100 5310 imperitos
1132 5245 1347 5301 erudire
1373 5262 1492 5302 cum
1521 5233 1766 5306 mansue-

194 5327 398 5394 tudine,
431 5344 499 5384 ne
526 5330 799 5399 provocati
836 5330 963 5386 dum
996 5336 1321 5391 contendere
1362 5338 1564 5405 volunt,
1588 5349 1642 5395 et
1672 5358 1760 5407 ne,

192 5418 318 5473 dum
362 5418 595 5475 humiles
635 5419 945 5485 videantur,
968 5421 1019 5475 in
1042 5422 1195 5492 pejus
1232 5426 1533 5494 proﬁciant.
1566 5428 1760 5501 (θήρ.)

1862 5352 1960 5406 pro
1985 5341 2259 5410 corporeis
2284 5341 2697 5397 necessitatibus
2722 5338 3116 5397 nominasse,
3156 5335 3215 5382 ut
3232 5323 3295 5381 si
3344 5325 3555 5389 (10⁸⁵

1876 4527 1920 4580 si
1947 4528 2091 4582 enim
2136 4528 2252 4597 ipse
2280 4530 2605 4589 humilitatis
2632 4536 2813 4605 specie
2848 4534 3023 4588 inter.
3048 4530 3263 4582 ﬁrmos
3306 4506 3580 4605 νῖίδδῗῗὶ

1872 4616 2199 4680 enumerari,
2230 4618 2351 4687 quis
2370 4633 2439 4673 ex
2470 4620 2554 4675 bis
2577 4602 2675 4690 qui
2693 4623 2940 4678 aliorum
2976 4608 3416 4669 inﬁrmitates
3449 4602 3529 4656 9°

1874 4711 1988 4760 tare
2009 4706 2284 4773 deberent,
2301 4710 2525 4765 auderet
2543 4713 2725 4769 subire
2755 4710 2918 4769 istud
2936 4766 2939 4767 ν
2955 4704 3259 4795 ofﬁcium:

1874 4797 2058 4851 ﬁrmus
2086 4799 2197 4875 ipse
2241 4799 2563 4870 fragilitates
2593 4804 2964 4859 inﬁrmorum
3007 4795 3163 4848 ferre
3192 4773 3640 4897 ηίξῗῖξέὶὲὶελ

1872 4889 1976 4943 Sed
2001 4890 2121 4945 ideo
2144 4872 2427 4947 commune
2455 4892 2584 4948 facit
2626 4895 2765 4950 istud
2791 4888 3104 4949 cilicium»
3133 4886 3195 4980 “f
3222 4864 3637 4990 “‘1':

1870 4992 1972 5047 que
1994 4988 2257 5046 nostrum,
2288 4983 2339 5035 in
2362 4996 2468 5049 quo
2487 4993 2681 5051 potest,
2708 4984 2893 5039 etiam
2925 4975 2991 5031 si
3019 4986 3134 5027 non
3159 4968 3214 5022 in
3248 4955 3668 5072 cinia:

1869 5076 2048 5123 tamen
2078 5069 2132 5123 in
2170 5085 2277 5139 quo
2305 5072 2515 5126 videtur
2541 5072 2745 5129 ﬁrmior
2761 5066 3075 5142 proximo
3107 5070 3208 5114 suo
3225 5054 3477 5107 8558’
3534 5039 3661 5135 pm.

1869 5165 1937 5184 η..
1967 5157 2328 5184 εηιι-..ηε.η.η...
2363 5158 2473 5184 Α..-
2523 5163 2656 5184 ΑΔ.-.
2691 5172 2737 5184 -.
2768 5164 2827 5184 ε..
2872 5155 3031 5184 ..κιο
3066 5148 3198 5184 ιιιηίι
3226 5127 3487 5184 (σαι-
3535 5116 3618 5184 νι)
3648 5149 3659 5160 ·

1869 5165 1943 5211 tet
1966 5127 2329 5215 inﬁrmitatem
2360 5158 2497 5227 ejus,
2520 5163 2659 5217 sicut
2685 5127 2832 5219 etin
2870 5155 3033 5212 aliis
3064 5148 3200 5204 dicit
3226 5127 3487 5212 (Gal-
3535 5127 3659 5227 Vij

1864 5244 2096 5301 Invicem
2127 5265 2285 5304 onera
2321 5259 2490 5304 vestra
2518 5262 2738 5321 portate.
2773 5248 2906 5306 Sed
2951 5241 3189 5297 videtur
3221 5232 3521 5323 onera.
3558 5211 3659 5317 11"“

1864 5352 1958 5363 ..ι-,ι
1988 5341 2256 5363 -..__....-:-
2284 5341 2695 5363 _-----:.-.:|__--
2723 5338 3096 5363 _.-_..:nneon
3156 5335 3212 5363 nl
3234 5323 3295 5363 αἰ
3344 5325 3555 5363 (IIIIS
3584 5319 3645 5363 ΙΙΙ

3533 4596 3590 4632 τ-

3535 4664 3621 4719 as'i

1862 5427 2206 5486 facultatibus
2230 5430 2533 5500 opulentior
2563 5440 2665 5497 est,
2702 5444 2855 5487 onus
2885 5418 3280 5497 pauperioris
3331 5410 3621 5485 ροῑιειν

192 5505 420 5563 Videtur
446 5508 499 5563 in
540 5509 626 5565 his
661 5509 860 5589 Paulus
894 5510 1110 5567 ﬁrmum
1144 5517 1484 5587 semetipsum
1520 5535 1761 5590 pronun-
1859 5528 1913 5572 et
1945 5522 2226 5590 penuriam
2271 5522 2474 5576 soletur
2507 5522 2866 5601 abundantia.
2900 5516 2979 5571 In
3015 5528 3084 5569 eo
3122 5511 3215 5601 ubi
3248 5504 3486 5567 dicit,
3546 5512 3609 5554 tl!

192 5597 347 5653 tiare.
382 5596 488 5655 Sed
520 5615 626 5655 non
658 5614 723 5653 ex
753 5601 853 5658 hoc
882 5602 1117 5672 accipias
1140 5620 1261 5663 eum
1300 5606 1457 5676 quasi
1486 5612 1758 5666 immemo-

192 5698 304 5742 rem
340 5688 577 5745 mandati
606 5688 746 5745 illius
770 5690 892 5757 loci,
916 5708 1022 5761 quo
1047 5693 1243 5751 dicitur
1270 5712 1282 5751 :
1311 5696 1505 5755 Latttlct
1527 5703 1762 5768 κριθή-⁸

1861 5608 2126 5665 ﬁrmiores
2172 5610 2513 5665 inﬁrmorum
2561 5599 2871 5666 sustineant
2938 5599 3361 5660 inﬁrmitates,
3453 5608 3577 5649 ηοη

1859 5700 2001 5759 aliud
2039 5701 2254 5771 intelligi
2300 5709 2499 5771 potest,
2531 5717 2693 5770 quam
2720 5710 2780 5758 ut
2810 5712 2903 5762 ρει»
2946 5693 3005 5749 in
3041 5692 3249 5763 ‘l‘libus
3287 5688 3554 5760 ampla"
