3948 6310
441 315 572 371 1591

1079 317 1139 370 Β.
1183 317 1439 374 RABANI
1474 320 1693 376 MAURl
1733 321 2060 378 ARCHIEP.
2105 325 2413 382 MOGUNT.
2456 327 2738 396 OPERUM
2778 329 2955 384 PARS
2992 329 3074 385 lll.

3578 337 3711 403 159!

436 425 810 482 infirmitatem
839 424 1175 494 delinquunt,
1217 429 1551 484 robustiores
1579 431 1780 500 quique
1810 433 2029 501 patien-
2065 438 2106 495 Α
2137 435 2236 488 hoc
2260 446 2362 500 est,
2393 439 2682 492 incredulis
2703 449 2757 493 et
2786 439 3088 494 infidelibus
3117 438 3338 504 ludtcis,
3369 438 3570 498 Christi
3603 459 3710 498 sero

439 530 525 570 ter
554 515 752 573 feranl.
783 523 837 568 et
878 529 983 568 non
1018 516 1276 571 continuo
1303 526 1561 586 spernant
1598 533 1713 583 eos,
1750 521 2024 589 abjiciant,

439 604 851 668 abhorrescant,
876 603 922 657 si
953 602 1093 659 forte
1119 605 1176 658 in
1199 604 1376 674 aliquo
1401 604 1730 662 inﬁrmitatis
1753 608 1883 663 vitio
1915 611 2030 662 vin-

439 701 655 757 cuntur,
692 705 870 761 neque
914 694 1015 747 sub
1060 694 1239 761 specie
1269 695 1505 763 purioris
1529 695 1652 748 vitae
1692 711 1723 749 a
1755 705 2028 750 conventu

434 779 669 834 fratrum
712 789 768 835 et
797 780 1051 835 Ecclesia:
1090 782 1349 836 societate
1399 782 1712 851 depellant:
1745 784 1836 854 qui
1884 786 2028 840 enim

437 873 543 927 hoc
579 871 708 926 facit
736 889 842 929 non
872 881 956 927 est
980 874 1220 928 imitator
1249 874 1408 937 illius,
1437 875 1503 929 de
1524 890 1631 944 quo
1655 876 1822 930 lsaias
1845 877 1978 931 dicit
2009 896 2020 931 :

435 960 560 1029 Ipse
588 960 922 1029 inﬁrmitates
959 971 1166 1014 nostras
1197 972 1394 1030 portat,
1420 973 1467 1016 et
1494 980 1589 1032 pro
1611 963 1758 1017 nobis
1788 963 1951 1029 dolet,
1979 976 2027 1019 et

422 1064 533 1108 {nos
554 1051 867 1118 putabamus
893 1066 1012 1104 eum
1053 1051 1108 1103 in
1141 1051 1323 1106 dolore
1359 1069 1488 1116 esse,
1529 1063 1576 1106 et
1609 1052 1663 1106 in
1694 1054 1873 1122 plaga,
1899 1066 1945 1108 et
1973 1057 2026 1110 in

425 1140 709 1210 afﬂictione
733 1137 866 1210 (Isa.
894 1142 1035 1213 Lm).
1065 1143 1221 1210 Quod
1271 1147 1315 1201 si
1347 1146 1599 1202 Christus
1645 1157 1827 1217 portat
1876 1149 2025 1203 inﬁr-

425 1231 655 1290 mitates
673 1241 906 1297 nostras,
934 1241 990 1287 et
1015 1233 1155 1289 Deus
1176 1236 1448 1304 patienter
1470 1236 1575 1292 fert
1595 1237 1789 1293 delicta
1817 1247 2021 1305 nostra,

427 1321 708 1391 quomodo
736 1330 791 1376 et
821 1338 919 1376 nos
938 1337 1126 1378 eorum
1156 1325 1248 1394 qui
1283 1326 1444 1394 paulo
1474 1325 1758 1382 inferiores
1777 1330 2026 1384 videntur

429 1424 779 1480 nequaquam
823 1412 1020 1467 delicta
1055 1423 1111 1467 et
1151 1415 1508 1487 negligentias
1539 1417 1876 1472 toleramus?
1913 1419 2026 1474 Hoc

434 1509 522 1556 est
541 1503 800 1557 nimirum
820 1505 997 1574 ipsum
1011 1505 1288 1561 Christum
1311 1515 1560 1562 avertere
1583 1504 1651 1562 ab
1678 1509 1780 1563 huc
1803 1509 2022 1574 affectu,

434 1607 511 1646 ne
533 1601 755 1663 portare
791 1595 920 1649 velit
944 1595 1286 1652 inﬁrmitates
1307 1604 1543 1652 nostras.
1570 1597 1742 1653 Nemo
1772 1599 1918 1652 enim
1948 1600 2024 1653 ita

433 1681 712 1750 perfectus
741 1691 842 1748 est,
896 1683 984 1752 qui
1025 1685 1167 1753 apud
1215 1685 1384 1739 Deum
1415 1701 1522 1740 non
1562 1687 1616 1740 in
1653 1687 1834 1756 aliquo
1867 1688 2024 1742 inve-

2130 544 2219 580 vus
2257 545 2357 581 non
2386 547 2568 583 essem.
2600 531 2657 584 Si
2685 533 2824 585 enim
2857 532 3112 586 voluisset
3136 531 3334 588 Paulus
3367 534 3586 604 placere
3611 533 3706 589 Ju-

2131 619 2280 682 daeis,
2339 621 2654 675 Damascum
2697 637 2820 676 cum
2869 622 3108 692 epistolis
3147 625 3345 679 missus
3391 625 3533 696 (Act.
3590 627 3707 697 Ix),

2130 709 2383 763 traxisset
2430 711 2614 778 utique
2644 711 2787 765 viros
2820 721 2874 765 et
2911 712 3164 768 mulieres
3202 715 3415 768 vinctos
3455 717 3703 771 Hierusa-

2127 799 2256 864 lem,
2281 810 2336 855 et
2363 801 2550 854 visioni
2580 802 2768 856 delata:
2798 803 2898 857 sibi
2925 803 2978 857 in
3000 805 3088 859 via
3117 807 3436 875 ctelestiquc
3464 809 3579 861 voci
3606 810 3702 861 mi-

2129 891 2273 944 nime
2315 891 2648 946 credidisset.
2685 893 2818 948 Cum
2867 905 3049 950 autem
3094 896 3314 962 dicitur,
3353 900 3704 968 unusquisque

2128 989 2351 1032 vestrum
2401 982 2637 1049 proximo
2681 982 2906 1050 placeat,
2959 986 3262 1040 necessaria
3305 987 3584 1040 distinctio
3623 1002 3702 1040 so-

2128 1067 2324 1128 ciatur.
2349 1084 2468 1137 qum
2493 1069 2544 1121 in
2567 1083 2674 1137 quo
2699 1070 3018 1138 placendum
3043 1073 3113 1124 sit
3141 1073 3394 1139 proximo
3421 1061 3703 1128 evidenter

2127 1157 2396 1220 ostendat,
2422 1173 2544 1212 cum
2580 1159 2713 1213 dicit
2754 1161 2808 1213 in
2840 1159 2970 1214 bono
3009 1161 3078 1213 ad
3122 1161 3545 1229 cediﬁcutionem.
3572 1163 3701 1216 Cum

2126 1260 2258 1315 ergo
2313 1247 2453 1300 bene
2499 1247 2749 1318 agimus,
2796 1257 2850 1302 et
2903 1250 3042 1303 bene
3087 1249 3381 1312 docemus.
3429 1250 3702 1319 placemus

2125 1336 2390 1405 proximo,
2417 1345 2472 1389 et
2500 1337 2831 1391 aediﬁcamus
2854 1351 2975 1391 eum
3008 1355 3020 1390 :
3055 1353 3159 1391 non
3204 1340 3346 1392 enim
3381 1339 3606 1409 gloriam
3638 1341 3702 1394 ab

2127 1425 2438 1480 hominibus
2463 1428 2808 1494 quaerendam
2840 1437 3041 1492 monet,
3072 1430 3164 1482 sed
3194 1430 3611 1483 aediﬁcationem
3641 1429 3702 1484 de

2127 1525 2246 1570 actu
2275 1526 2328 1571 et
2353 1531 2601 1571 sermone
2628 1525 2812 1572 nostro
2839 1518 3098 1587 proximis
3127 1518 3379 1580 dandam,
3410 1519 3549 1573 sicut
3578 1529 3630 1572 et
3653 1520 3703 1573 in

2126 1622 2191 1662 eo
2241 1606 2382 1676 quod
2412 1607 2540 1661 dicit
2561 1606 2807 1662 Salvator
2839 1625 2851 1662 :
2882 1605 2968 1661 Sic
3010 1607 3179 1660 luceat
3223 1605 3318 1660 lux
3342 1617 3513 1660 vestra
3535 1625 3706 1662 coram

2126 1695 2441 1760 hominibus,
2465 1705 2524 1749 ut
2546 1696 2751 1750 videant
2775 1713 2930 1765 opera
2965 1706 3132 1750 vestra
3153 1697 3312 1760 bona,
3340 1708 3390 1751 et
3417 1697 3705 1767 gloriﬁcent

531 1783 619 1824 ⁴ιιι·
648 1771 918 1839 inﬁrmus,
947 1781 1001 1827 et
1023 1781 1274 1842 portetur
1303 1790 1335 1828 a
1362 1774 1604 1841 Christo,
1637 1786 1692 1831 et
1739 1777 1861 1832 ideo
1886 1792 2025 1848 sym-

2131 1787 2342 1842 Patrem
2371 1798 2595 1843 vestrum
2631 1792 2724 1859 qui
2749 1791 2804 1844 in
2823 1790 2964 1844 stelis
2984 1801 3056 1844 est
3084 1790 3296 1860 (Matth.
3323 1793 3399 1860 v).
3437 1792 3544 1846 Per
3570 1791 3700 1861 quod

432 1862 676 1931 pandam
706 1864 881 1931 magis
921 1864 974 1918 in
1015 1864 1119 1919 hoc
1151 1867 1327 1931 docet,
1377 1867 1431 1922 id
1465 1876 1571 1933 est,
1615 1870 1850 1938 compati
1882 1869 2020 1922 invi-

435 1966 554 2006 cem
580 1960 633 2005 et
657 1953 966 2019 oondolere,
1012 1956 1152 2010 sicut
1188 1966 1243 2011 et
1286 1957 1341 2010 in
1369 1956 1488 2011 aliis
1523 1958 1714 2012 scribit
1744 1957 1877 2030 (Col.
1906 1959 2024 2028 ni):

432 2041 704 2096 Donantes
726 2043 866 2097 vobis
893 2043 1111 2098 invicem
1137 2044 1327 2100 delicta
1355 2057 1542 2110 vestra,
1570 2049 1704 2100 sicut
1735 2057 1783 2101 et
1805 2047 1948 2102 Deus
1969 2049 2026 2102 in

434 2131 645 2187 Christo
674 2134 886 2188 donavit
909 2137 1068 2190 vobis.
1101 2137 1214 2193 Hoc
1252 2147 1433 2194 autem
1465 2155 1573 2195 non
1601 2140 1804 2195 idcirco
1831 2142 2022 2210 praeci-

432 2222 535 2290 pit,
553 2231 615 2276 ut
636 2222 1010 2292 delinquentes
1031 2227 1259 2293 nutriat,
1290 2237 1346 2283 et
1372 2228 1708 2284 inﬁrmantes
1739 2230 2023 2301 indulgen-

435 2314 514 2367 tia
541 2313 749 2370 laxiore
787 2316 1070 2383 dissolvat,
1098 2320 1189 2373 sed
1217 2320 1396 2374 sciens
1415 2319 1685 2388 quomodo
1713 2321 1758 2375 si
1779 2328 2026 2390 portetur

435 2403 710 2469 inﬁrmus,
737 2415 831 2459 aut
853 2407 1126 2462 erubescit
1147 2409 1350 2464 diutius
1380 2409 1608 2476 portari,
1625 2417 1678 2463 et
1701 2408 2024 2479 corrigitvi-

435 2495 571 2549 tium
602 2497 967 2566 delinquendi,
987 2507 1079 2552 aut
1108 2499 1151 2553 si
1178 2500 1473 2553 emendare
1501 2513 1559 2554 se
1587 2513 1693 2554 non
1723 2499 1888 2563 valet,
1920 2498 2026 2552 erit

435 2594 587 2640 certe
615 2587 821 2642 {ructus
852 2591 951 2643 iste
991 2590 1261 2658 portantis
1296 2605 1444 2654 eum,
1489 2590 1632 2658 quod
1676 2603 1784 2642 non
1813 2586 2028 2657 prolicit

438 2675 495 2727 in
536 2674 711 2743 pejus,
756 2691 856 2731 nec
893 2667 1182 2746 semetipso
1218 2678 1457 2731 deterior
1502 2676 1748 2741 edicitur,
1781 2677 1921 2731 sicut
1949 2675 2025 2729 illi

437 2766 504 2820 de
541 2766 737 2834 quibus
781 2767 919 2822 'dicit
969 2766 1260 2836 Apostolus
1294 2767 1380 2838 (II
1430 2767 1564 2820 Tim.
1613 2769 1694 2838 ιιι)
1732 2785 1744 2820 :
1781 2766 2023 2837 Nequam

436 2865 611 2910 autem
662 2857 896 2912 homines
925 2869 973 2912 et
1010 2860 1306 2914 seductores
1351 2861 1621 2929 proﬁcient
1660 2868 1715 2913 in
1745 2861 1915 2930 pejus,
1950 2877 2024 2914 se-

435 2948 683 3001 ducentcs
727 2959 774 3002 et
819 2961 1074 3004 errantes.
1116 2950 1386 3005 Debemus
1441 2958 1624 3004 autem
1669 2952 1737 3004 ad
1784 2939 1836 3003 id
1879 2952 2024 3020 quod

438 3039 778 3094 infirmitates
807 3050 1085 3110 portamus
1108 3041 1467 3104 inﬁrmorum,
1490 3042 1687 3096 addere
1709 3042 1871 3096 etiam
1900 3044 2020 3115 hoc,

435 3137 498 3182 ut
537 3143 644 3182 non
693 3130 850 3184 nobis
894 3129 1025 3199 ipsis
1072 3129 1404 3199 placeamus,
1451 3131 1544 3184 sed
1585 3130 1833 3198 proximo
1885 3131 2025 3184 sicut
2053 3115 2096 3177 C

431 3215 575 3270 dixit
605 3234 618 3269 :

511 3303 879 3376 Unusquisque
900 3318 1126 3361 vestrum
1160 3310 1398 3378 proximo
1441 3324 1536 3362 suo
1563 3309 1765 3378 placeat
1810 3311 1864 3362 in
1895 3308 2026 3362 bona

437 3394 508 3450 ad
556 3397 980 3464 wdi/icationem.
1030 3397 1226 3469 (Orig.)
1264 3398 1546 3453 Philautia:
1572 3399 1782 3464 vitium,
1827 3399 1877 3452 id
1919 3407 2023 3463 est,

437 3484 542 3542 sibi
592 3486 695 3556 ipsi
753 3487 1032 3557 placendi,
1089 3496 1145 3542 et
1197 3489 1252 3542 in
1313 3488 1433 3542 aliis
1485 3488 1669 3556 culpat
1726 3487 2024 3556 propheta,

436 3594 563 3634 cum
593 3579 726 3634 dicit
775 3598 786 3633 :
843 3577 935 3634 Va:
980 3581 1059 3634 his
1102 3582 1192 3650 qui
1231 3584 1371 3651 apud
1418 3583 1716 3650 semetipsos
1770 3582 2026 3651 sapientes

436 3679 579 3734 sunt,
613 3678 659 3723 et
706 3671 760 3722 in
803 3680 1078 3737 conspectu
1117 3688 1212 3725 suo
1252 3671 1446 3724 eruditi
1483 3670 1620 3741 (lsa.
1652 3671 1728 3736 v).
1764 3671 2028 3724 Similiter

436 3774 567 3829 ergo
586 3768 638 3814 et
667 3759 720 3813 in
743 3761 845 3815 hoc
873 3776 1161 3831 possumus
1186 3761 1399 3816 dicere:
1425 3762 1517 3815 Vae
1540 3761 1623 3815 his
1649 3761 1742 3830 qui
1766 3761 1866 3814 sibi
1896 3761 2026 3828 ipsis

437 3850 676 3918 placent,
705 3845 760 3906 e't
786 3852 840 3905 in
869 3861 1164 3922 conspectu
1206 3867 1307 3907 suo
1350 3853 1478 3907 boni
1504 3853 1774 3907 videntur.
1804 3850 2029 3921 Oportet

437 3942 583 3995 enim
612 3943 666 3996 in
691 3953 985 4012 conspectu
1007 3937 1100 3998 Dei
1126 3944 1304 4013 primo
1323 3944 1557 4013 placere,
1583 3944 1820 4000 secundo
1839 3943 2025 4014 proxi-

439 4031 568 4086 mis.
629 4031 782 4087 Sicut
827 4035 972 4088 enim
1025 4035 1261 4105 primum
1305 4044 1390 4090 est
1456 4035 1682 4105 diligere
1740 4034 2027 4089 Dominum

438 4122 633 4188 Deum,
653 4133 707 4177 et
733 4126 972 4180 secundo
995 4126 1299 4195 proximum
1322 4145 1335 4179 :
1365 4127 1437 4180 ita
1467 4136 1522 4181 et
1553 4127 1787 4197 primum
1813 4125 2030 4193 placere

441 4210 575 4276 Den,
623 4215 862 4268 secundo
909 4216 1072 4269 etiam
1117 4217 1400 4285 proximis.
1453 4213 1560 4270 Sed
1606 4214 1838 4270 fortasse
1886 4215 2031 4269 dicat

441 4301 642 4371 aliquis
691 4305 961 4359 contraria
1009 4306 1108 4360 sibi
1157 4305 1381 4360 Paulum
1431 4307 1614 4361 dicere
1663 4306 1718 4360 in
1766 4319 1831 4362 eo
1887 4305 2030 4373 quod

439 4392 594 4460 jubet
643 4408 742 4448 nos
788 4396 1050 4464 proximis
1107 4397 1344 4466 placere,
1402 4399 1494 4468 qui
1555 4398 1608 4452 in
1657 4399 1779 4452 aliis
1833 4397 2032 4452 dixerit

443 4480 588 4536 (Gal.
614 4483 656 4554 ι)
683 4501 695 4536 :
723 4463 855 4554 Ego,
880 4486 926 4540 si
964 4463 1260 4540 hominibus
1307 4463 1582 4556 placerem,
1612 4487 1807 4541 Christi
1849 4502 2028 4541 servus
2058 4463 2108 4521 Ῐ)

441 4590 549 4627 non
588 4591 771 4630 essem.
818 4575 886 4630 Et
933 4577 1119 4646 utique
1168 4578 1295 4632 huic
1343 4578 1626 4633 sententia:
1655 4578 1870 4632 videtur
1909 4592 2030 4631 esse

444 4669 811 4733 contrarium;
836 4677 932 4723 ut:
968 4667 1334 4740 Unusquisque
1361 4679 1597 4723 nostrum
1639 4670 1880 4740 proximo
1916 4668 2033 4738 pla-

445 4769 592 4826 ceat;
629 4769 684 4816 et
710 4762 854 4831 quod
898 4762 953 4817 in
1003 4762 1122 4818 aliis
1158 4763 1287 4817 dicit
1307 4762 1359 4833 (I
1383 4761 1508 4816 Cor.
1537 4763 1594 4832 ιι)
1625 4778 1640 4816 :
1671 4761 1819 4816 Sicut
1845 4771 1893 4816 et
1939 4777 2032 4832 ego

443 4852 685 4906 omnibus
710 4869 803 4922 per
835 4853 1013 4906 omnia
1051 4852 1252 4923 placeo,
1293 4869 1399 4906 non
1450 4868 1692 4922 quarens
1730 4851 1871 4920 quod
1904 4851 2034 4904 mihi

440 4936 576 4996 utile
603 4952 700 5007 est,
740 4942 830 4997 sed
864 4941 1002 5013 quod
1052 4942 1251 5006 multis,
1287 4953 1343 4995 ut
1383 4940 1514 4994 salvi
1541 4941 1693 5008 ﬁant.
1736 4939 2031 4994 Dicendum

447 5045 578 5101 ergo
616 5031 685 5086 ad
736 5030 862 5096 hoc,
905 5030 1049 5100 quod
1097 5029 1241 5084 aliud
1287 5036 1370 5084 est
1409 5029 1646 5083 studium
1678 5027 1882 5082 habere
1919 5027 2034 5096 pla-

448 5121 606 5177 cendi
634 5120 966 5187 hominibus,
1003 5130 1063 5176 ut
1096 5121 1309 5175 laudem
1333 5121 1402 5175 ab
1423 5119 1503 5175 eis
1532 5127 1765 5190 quaerat,
1796 5126 1851 5172 et
1888 5117 2034 5172 aliud

447 5220 532 5267 est
576 5211 814 5267 studium
863 5212 1064 5267 habere
1106 5211 1352 5283 placendi
1397 5211 1709 5267 hominibus
1751 5210 1805 5265 in
1868 5225 1933 5264 eo
1976 5218 2037 5264 ut

447 5302 558 5356 vita
585 5317 683 5357 sua
712 5302 1202 5372 irreprebensibilis
1232 5301 1303 5356 sit
1333 5303 1472 5372 apud
1509 5303 1774 5367 homines,
1814 5311 1870 5356 et
1909 5317 2038 5370 pro-

450 5398 638 5453 ticlant
657 5412 724 5451 ex
749 5412 812 5453 eo
835 5413 1023 5454 omnes
1043 5399 1134 5468 qui
1152 5398 1237 5454 vel
1259 5399 1447 5454 vident
1472 5399 1654 5463 talem,
1678 5398 1763 5453 vel
1789 5399 2033 5453 audiunt.

450 5489 529 5543 lbi
557 5504 688 5560 ergo
719 5490 1040 5560 placendum
1083 5507 1190 5547 non
1220 5498 1306 5547 est
1335 5491 1664 5556 hominibus,
1705 5492 1796 5546 ubi
1846 5501 2037 5546 contra

457 5577 640 5643 ﬁdem,
666 5587 857 5633 contra
884 5579 1250 5645 honestatem,
1288 5589 1481 5636 contra
1510 5580 1824 5650 religionem
1856 5588 1940 5634 est
1983 5580 2035 5634 in

455 5682 562 5736 quo
576 5667 872 5739 placentur,
891 5669 1011 5726 ideo
1033 5669 1180 5736 dicit,
1196 5671 1320 5739 quia
1339 5691 1349 5724 :
1370 5669 1428 5725 Si
1444 5670 1738 5724 hominibus
1753 5669 2032 5740 placerem,

2126 1890 2231 1928 non
2260 1876 2445 1945 utique
2488 1878 2554 1931 ad
2602 1878 2947 1945 quzerendam
2997 1877 3225 1946 gloriam
3276 1879 3344 1932 ab
3397 1881 3690 1935 hominibus

2126 1965 2415 2034 discipulos
2439 1965 2776 2030 adhortatur,
2798 1967 2892 2021 sed
2915 1975 2970 2020 ut
2994 1979 3137 2022 recte
3161 1969 3499 2038 honesteque
3525 1970 3688 2024 viven-

2126 2064 2205 2110 tes
2233 2056 2642 2111 aediﬁcationem
2686 2057 2992 2112 videntibus
3020 2058 3314 2126 prmbeant,
3353 2069 3410 2114 et
3439 2061 3685 2132 gloriﬁce

2129 2154 2214 2201 tur
2239 2147 2380 2202 Deus
2407 2148 2498 2216 qui
2527 2147 2834 2203 hominibus
2878 2148 3021 2202 viam
3050 2148 3450 2204 emendationis
3491 2160 3547 2204 et
3577 2149 3686 2204 salu-

2126 2236 2196 2291 tis
2221 2237 2450 2305 aperuit.

2198 2324 2340 2378 Nam
2362 2335 2410 2379 et
2431 2324 2668 2380 Christus
2695 2326 2795 2380 sibi
2818 2342 2921 2380 non
2939 2325 3155 2396 placuit,
3181 2326 3270 2380 sed
3297 2326 3435 2379 sicut
3457 2327 3690 2394 scriptun.

2125 2423 2200 2467 est
2223 2430 2241 2466 :
2265 2415 2578 2484 improperia
2613 2415 3076 2484 improperantium
3107 2416 3200 2467 tibi
3228 2415 3529 2468 ceciderunt
3563 2430 3696 2483 super

2125 2521 2224 2557 me.
2271 2502 2465 2573 (Orig.)
2510 2502 2567 2555 In
2595 2503 2696 2556 hoc
2725 2502 2939 2556 videtur
2982 2503 3289 2565 ostendere,
3322 2504 3452 2572 quia
3480 2512 3535 2556 et
3563 2502 3704 2556 Chii-

2127 2599 2240 2646 stus
2269 2605 2375 2644 non
2407 2590 2509 2644 sibi
2543 2589 2762 2659 placens
2792 2604 2892 2644 nec
2921 2591 3163 2659 rapinam
3207 2591 3482 2645 arbitrans
3512 2606 3632 2645 esse
3654 2606 3707 2646 se

2128 2681 2526 2751 aequalemDeo
2556 2679 2722 2751 (Phil.
2754 2680 2840 2751 ιι),
2873 2681 3224 2750 semetipsum
3266 2682 3597 2745 exinanivit,
3624 2680 3707 2735 sed

2126 2773 2312 2828 volens
2342 2770 2650 2828 hominibus
2669 2771 2902 2840 placere,
2934 2772 3035 2826 hoc
3062 2779 3166 2835 est,
3195 2771 3448 2824 homines
3478 2769 3707 2835 salvare,

2128 2863 2449 2933 imprOperia
2486 2862 2966 2932 improperantium
3007 2862 3248 2932 pertulit,
3281 2862 3424 2916 sicut
3454 2863 3708 2930 scriptum

2126 2963 2244 3008 est:
2279 2952 2607 3023 Improperia
2653 2953 3117 3021 improperantium
3165 2951 3256 3004 tibi
3286 2954 3590 3005 ceciderunt
3622 2968 3708 3006 su-

2125 3060 2218 3113 per
2257 3059 2336 3096 me
2378 3041 2552 3110 (Psal.
2583 3040 2794 3111 vam).
2827 3040 2979 3107 Quod
3019 3040 3319 3095 evidentius
3368 3039 3487 3103 ﬁet,
3536 3040 3581 3094 si
3633 3055 3711 3104 ea,

2128 3146 2246 3200 qum
2285 3131 2338 3183 in
2365 3128 2656 3199 Evangelio
2681 3129 2881 3198 scripta
2907 3136 3053 3192 sunt,
3083 3128 3410 3192 recolamus,
3445 3128 3712 3197 quomodo

2127 3231 2185 3276 ut
2223 3222 2507 3292 prodesset
2543 3220 2853 3274 hominibus
2893 3229 2947 3274 et
2979 3220 3154 3274 salvos
3191 3220 3397 3274 laceret
3431 3234 3552 3285 eos,
3596 3234 3711 3274 cum

2128 3311 2510 3382 peccatoribus
2559 3318 2616 3364 et
2660 3325 2783 3364 cum
2824 3308 3128 3378 publicanis
3169 3309 3535 3364 manducabat
3556 3317 3609 3362 et
3637 3308 3711 3363 hi-

2127 3406 2307 3469 bebat,
2359 3412 2413 3459 et
2461 3405 2527 3458 ad
2575 3405 2679 3460 hoc
2723 3404 3156 3473 improperantes
3205 3402 3374 3457 Judzei
3422 3403 3708 3457 dicebant:

2130 3498 2304 3564 Quare
2369 3497 2617 3566 magister
2678 3505 2840 3549 vester
2905 3511 3023 3548 cum
3085 3494 3444 3564 peccatoribus
3509 3504 3556 3548 et
3603 3509 3712 3546 cunt

2125 3590 2416 3661 publicanis
2459 3588 2742 3641 manducat
2813 3585 3027 3658 (Matth.
3054 3585 3168 3656 Ix)?
3204 3585 3301 3640 Vel
3347 3585 3568 3648 iterum,
3596 3597 3713 3637 cum

2127 3679 2482 3749 peccatricem
2556 3676 2838 3731 mulierem
2893 3689 2999 3729 non
3035 3673 3360 3743 prohibebat
3405 3674 3716 3744 contingere

2127 3768 2290 3838 pedes
2335 3782 2481 3831 suos,
2535 3773 2590 3821 et
2653 3764 2910 3834 lacrymis
2979 3763 3089 3816 suis
3139 3761 3341 3832 rigare,
3380 3762 3466 3816 vel
3511 3760 3715 3830 capillis

2128 3859 2426 3925 detergere,
2455 3871 2518 3910 ac
2546 3854 2761 3924 myrrha
2798 3865 3118 3921 perungere,
3147 3860 3200 3905 et
3229 3866 3326 3921 pro
3353 3853 3457 3906 hoc
3511 3851 3710 3919 impro-

2127 3957 2379 4020 perantes
2421 3957 2475 4002 et
2511 3946 2902 4015 exprobrantes
2951 3941 3120 3997 Judaei
3149 3943 3422 4006 dicebant,
3457 3943 3584 4011 quia
3619 3940 3714 3993 Hic

2129 4040 2174 4092 si
2193 4038 2442 4108 propheta
2466 4045 2620 4100 esset,
2643 4035 2794 4087 sciret
2820 4033 2996 4102 utique
3025 4049 3141 4101 qua:
3163 4043 3210 4084 et
3235 4032 3404 4102 qualis
3430 4043 3507 4084 est
3537 4031 3716 4084 mulier

2129 4145 2245 4198 qua:
2293 4127 2456 4195 tangit
2498 4140 2637 4187 eum,
2681 4123 2804 4193 quia
2851 4123 3117 4191 peccatrix
3152 4132 3226 4174 est
3263 4121 3417 4191 (Luc.
3450 4122 3573 4191 vn).
3615 4119 3714 4175 Sed

2131 4219 2174 4278 si
2206 4216 2470 4286 requiras,
2498 4229 2595 4268 cur
2617 4212 2945 4281 exemplum,
2973 4212 3116 4280 quod
3145 4211 3210 4266 de
3232 4210 3451 4266 Psalmo
3473 4212 3713 4281 protulit,

2133 4311 2204 4363 ita
2228 4309 2443 4370 habeat,
2463 4306 2618 4375 quasi
2644 4305 2971 4375 improperia
2994 4319 3114 4373 quae
3140 4305 3579 4374 improperentur
3591 4303 3714 4369 Deo,

2132 4397 2426 4455 ceciderint
2468 4411 2638 4465 super
2667 4394 3059 4460 Christum,ita
3082 4409 3369 4465 possumus
3406 4395 3715 4466 explanare,

2133 4490 2258 4559 quia
2301 4489 2440 4541 sicut
2465 4486 2600 4540 dixit
2626 4503 2638 4538 :
2665 4484 2770 4549 Qui
2813 4503 2893 4540 me
2935 4487 3137 4556 recipit,
3174 4487 3353 4555 recipit
3383 4503 3504 4540 eum
3532 4488 3621 4557 qui
3645 4502 3717 4540 nte

2132 4580 2272 4635 misit
2290 4578 2505 4650 (Matth.
2522 4577 2602 4647 ιι),
2621 4577 2696 4630 ita
2718 4587 2772 4630 et
2795 4577 2899 4632 hoc
2922 4579 3093 4648 accipi
3118 4587 3315 4648 potest,
3335 4579 3465 4648 quia
3483 4579 3576 4647 qui
3596 4578 3716 4632 mihi

2134 4671 2488 4740 improperat,
2516 4669 2846 4738 improperat
2879 4669 2928 4724 ei
2969 4670 3061 4738 qui
3097 4669 3245 4723 misit
3273 4683 3380 4722 me.
3407 4669 3718 4739 Exemplum

2134 4776 2264 4832 ergo
2291 4761 2434 4830 quod
2459 4759 2752 4828 assumpsit
2798 4758 2852 4812 in
2879 4759 3213 4828 sexagesimo
3265 4769 3467 4814 octavo
3511 4759 3716 4828 psalmo

2137 4853 2241 4906 hoc
2277 4848 2435 4904 modo
2464 4849 2725 4917 scriptum
2755 4857 2877 4903 est:
2908 4849 3120 4903 Alienus
3163 4849 3336 4918 factus
3380 4866 3499 4902 sum
3539 4849 3716 4918 fratri-

2140 4942 2234 4995 bus
2258 4941 2384 4993 meis
2407 4948 2453 4992 et
2476 4939 2659 5007 hospes
2682 4937 2809 5005 ﬁliis
2831 4939 3014 4992 matris
3046 4954 3192 4992 mete.
3210 4936 3347 5002 Quia
3374 4937 3517 4992 zelus
3541 4939 3718 4990 domus

2141 5043 2245 5086 tute
2261 5029 2482 5084 comedit
2498 5045 2598 5092 me,
2613 5038 2658 5081 et
2675 5028 2988 5098 improperia
3009 5026 3474 5098 improperantium
3489 5028 3585 5080 tibi
3600 5028 3718 5080 ceci—

2141 5125 2329 5178 derunt
2354 5137 2510 5191 super
2528 5135 2630 5172 me.
2651 5115 2886 5189 (Ambr.)
2913 5117 3249 5173 Salvatorem
3276 5133 3382 5173 non
3405 5116 3720 5186 sibimetipsi

2141 5215 2273 5269 dicit
2302 5208 2702 5282 placuisse,sed
2726 5208 2837 5263 Deo
2861 5208 3029 5274 Patri,
3060 5210 3186 5279 quia
3219 5209 3348 5263 dicit
3380 5225 3393 5263 :
3424 5207 3549 5262 Non
3590 5209 3719 5261 enim

2141 5302 2383 5357 descendi
2429 5301 2492 5353 de
2541 5296 2685 5359 caelo,
2719 5305 2776 5349 ut
2808 5297 3001 5365 faciam
3046 5297 3364 5351 voluntatem
3409 5313 3609 5362 meam,
3636 5294 3718 5350 sed

2134 5393 2454 5448 voluntatem
2485 5387 2600 5458 ejus
2623 5387 2714 5456 qui
2739 5401 2820 5440 me
2839 5386 3003 5450 misit,
3031 5385 3208 5439 Patris
3230 5385 3415 5455 (Joan.
3447 5401 3503 5450 v,
3532 5385 3634 5457 vs).
3659 5383 3721 5440 Et

2135 5487 2259 5557 quia
2287 5499 2409 5539 cum
2435 5483 2550 5537 haec
2571 5480 2793 5543 diceret,
2818 5477 3318 5533 contradicentibus
3339 5477 3542 5532 Judaais
3569 5473 3717 5546 quasi

2132 5582 2383 5647 peccator
2423 5570 2711 5632 occiditur,
2750 5565 3198 5637 psalmographus
3227 5582 3294 5622 ex
3323 5579 3559 5635 persona
3609 5563 3720 5633 ejus

2135 5666 2294 5722 verba
2344 5663 2472 5718 facit
2523 5659 2589 5715 ad
2625 5659 2792 5713 Deum
2819 5657 3056 5726 Patrem,
3079 5657 3265 5714 dicens
3303 5675 3314 5709 :
3363 5656 3716 5712 Detractiones
