3948 6362
225 397 249 454 l
260 395 365 456 593

751 393 1294 455 ENARRATIONUM
1330 399 1396 454 ΙΝ
1432 401 1579 455 ΕΡΡ.
1624 398 1826 457 PAULI
1862 400 1993 456 LIB.
2034 401 2165 457 VIII.
2195 435 2262 445 —
2301 402 2369 458 ΠΝ
2406 402 2619 457 EPlS'l‘.
2657 404 2748 460 AD
2784 404 2948 461 ROM.

3324 408 3349 463 Ι
3358 404 3466 466 595

219 511 643 583 exprobrantium
680 522 728 565 te
759 513 1054 567 ceciderunt
1091 529 1246 583 super
1283 530 1385 579 me,
1407 516 1509 569 hoc
1532 524 1646 571 est:
1676 516 1788 586 Ego
1817 517 1861 575 Α
1890 525 1940 569 et
1977 516 2345 571 consolationis
2381 519 2466 570 det
2504 518 2667 582 vobis,
2713 519 2928 588 inquit',
2964 520 3136 589 ipsum
3182 537 3361 590 sapere
3407 522 3462 574 in

218 621 344 660 cum
366 604 695 658 voluntatem
724 612 869 657 tuam
898 602 1154 669 facerem,
1178 604 1428 658 dixerunt
1458 620 1544 659 me
1564 619 1788 676 peccare

215 696 271 751 in
303 704 375 759 te,
401 695 490 763 qui
522 709 625 747 non
651 708 736 747 me
760 693 1065 762 recipiendo
1089 709 1248 763 quem
1284 694 1477 748 misisti
1499 696 1789 764 exprobra-

213 793 412 841 verunt
441 794 513 847 te,
540 785 663 853 quia
696 781 881 845 Judaei,
916 798 1037 837 cum
1070 792 1353 853 peccarent
1380 785 1433 837 in
1458 784 1648 848 Deum,
1680 798 1787 836 non

213 875 538 944 recipientes
572 888 733 942 quem
770 872 927 926 misit‘
951 866 1257 937 Christum,
1305 874 1525 942 insuper
1563 882 1616 928 et
1646 873 1788 926 oeci-

213 963 412 1017 derunt
440 978 579 1023 eum,
614 962 766 1031 quasi
806 970 1116 1030 peccantem
1153 964 1207 1016 in
1236 962 1425 1041 Deum.
1447 963 1539 1017 Sic
1564 970 1787 1031 peccata

212 1054 551 1122 peccantium
602 1052 656 1103 in
698 1049 867 1104 Deum
914 1050 1223 1105 ceciderunt
1273 1065 1433 1119 super
1477 1050 1781 1106 Christum:

213 1140 475 1195 innocens
515 1141 658 1194 enim
687 1155 717 1193 a
744 1138 1117 1208 peccatoribus
1169 1138 1433 1193 occiditur
1482 1140 1635 1209 quasi
1672 1138 1787 1193 bla-

213 1230 496 1300 sphemus,
528 1228 670 1283 sicut
694 1228 955 1297 scriptum
981 1235 1063 1281 est
1094 1228 1148 1281 in
1169 1227 1477 1297 Evangelio.

286 1318 619 1389 Quwcunque
652 1319 790 1372 enim
826 1319 1018 1387 scripta
1048 1328 1190 1385 sunt,
1231 1318 1301 1371 ad
1336 1328 1564 1372 nostram
1592 1317 1786 1371 doctri-

211 1426 336 1464 nam
373 1410 566 1479 scripta
598 1418 743 1475 sunt,
773 1418 829 1463 ut
852 1425 944 1479 per
963 1409 1270 1479 patientiam
1298 1418 1346 1462 et
1376 1406 1782 1461 consolationem

212 1497 605 1567 Scripturarum
628 1514 767 1567 spem
794 1496 1096 1551 habeamus.
1127 1496 1325 1569 (0rig.)
1355 1498 1469 1552 Hoc
1494 1497 1668 1552 simile
1700 1506 1785 1552 est

211 1583 290 1639 illi
318 1586 461 1654 quod
491 1586 544 1640 in
570 1584 692 1639 aliis
712 1584 842 1639 dicit
862 1582 915 1655 (I
941 1582 1065 1637 Cor.
1098 1583 1152 1656 χ)
1192 1602 1204 1636 :
1233 1584 1443 1653 Scripta
1464 1592 1585 1636 sunt
1610 1593 1782 1635 autent

208 1682 421 1742 propter
441 1688 557 1737 nos,
578 1674 633 1726 in
651 1688 780 1742 quos
796 1671 927 1740 ﬁnes
954 1671 1263 1726 saeculorum
1277 1671 1607 1725 devenerunt.
1632 1668 1785 1735 Quod

209 1760 255 1816 si
284 1760 579 1831 requiritur
601 1761 868 1832 quomodo
896 1769 1116 1832 propter
1139 1776 1239 1816 nos
1262 1761 1461 1828 scripta
1491 1759 1632 1822 sint,
1662 1758 1784 1812 vide

1885 604 2195 658 alterutrum
2218 606 2501 659 secundum
2536 605 2719 660 Iesum
2740 606 3024 677 Christum.
3056 608 3117 663 In
3140 609 3243 663 hoc
3264 608 3461 665 Paulus

1885 694 2314 762 patriarcharum
2364 709 2513 749 more
2544 704 2599 749 et
2632 697 3036 763 prophetarum,
3094 712 3323 766 quorum
3367 698 3461 753 be-

1887 782 2150 836 dictiones
2188 782 2404 850 scripta:
2451 782 2781 847 referuntur,
2824 784 3225 841 benedictiones
3272 785 3463 841 tribuit

1887 867 2159 931 Romanis,
2191 885 2420 925 exorans
2467 873 2546 927 eis
2596 872 2713 925 dari
2761 886 2790 924 a
2842 871 2951 926 Deo
2997 883 3055 927 ut
3089 874 3318 944 idipsum
3367 888 3460 928 sa-

1885 959 2035 1028 piant
2075 959 2128 1013 in
2161 959 2495 1015 alterutrum.
2548 960 2783 1016 Grandis
2812 970 2894 1016 est
2922 962 3020 1015 ista
3049 965 3370 1027 benedictio,
3400 973 3460 1019 ut

1888 1064 2055 1103 unum
2098 1048 2312 1117 sapiant
2337 1065 2527 1104 omnes
2556 1059 2716 1119 atque
2757 1067 2921 1104 unum
2952 1052 3291 1116 sentiant,.et
3319 1055 3461 1110 sicut

1886 1136 1987 1191 sibi
2036 1138 2401 1207 unusquisque
2443 1140 2589 1203 velit,
2625 1141 2696 1193 ita
2720 1140 2925 1194 velitet
2962 1142 3206 1209 proximo
3226 1157 3341 1196 suo.
3369 1143 3461 1198 Vis

1885 1239 2068 1284 autem
2111 1230 2249 1284 scire
2317 1240 2577 1299 quantum
2640 1230 2783 1285 valet
2827 1231 3199 1285 unanimitatis
3246 1233 3459 1300 gratia?

1887 1318 2134 1373 Salvator
2155 1319 2205 1372 in
2224 1319 2507 1391 Evangelio
2535 1321 2862 1389 pronuntiat,
2889 1322 3013 1390 quia
3036 1320 3096 1375 Si
3131 1322 3235 1375 duo
3258 1322 3333 1375 vel
3353 1332 3458 1377 tres

1886 1411 1941 1465 in
1962 1429 2123 1466 unum
2146 1415 2515 1476 consenserint,
2531 1415 2594 1467 de
2615 1416 2755 1467 omni
2780 1431 2834 1467 re
2849 1431 3208 1483 quamcunque
3218 1414 3459 1481 petierint

1884 1516 1917 1553 a
1943 1499 2072 1564 Deo,
2097 1498 2183 1567 ﬁet
2210 1502 2283 1554 eis
2311 1499 2523 1570 (Matth.
2558 1503 2731 1572 xvm).
2762 1503 2828 1556 Et
2852 1503 3047 1557 iterum
3076 1504 3141 1558 de
3169 1503 3458 1571 semetipso

1884 1589 2087 1654 dicens,
2134 1591 2257 1660 quia
2288 1589 2389 1644 Ubi
2425 1590 2618 1659 fuerint
2661 1592 2767 1645 duo
2813 1592 2889 1645 vel
2938 1603 3039 1645 tres
3066 1594 3366 1661 congregati
3400 1593 3458 1645 in

1886 1681 2094 1733 nomine
2132 1696 2266 1745 meo,
2300 1681 2407 1735 hoc
2440 1690 2545 1745 est,
2584 1697 2748 1735 unum
2778 1678 2943 1751 atque
2990 1683 3130 1736 idem
3159 1682 3458 1736 sentientes

1888 1769 1939 1821 in
1970 1769 2185 1823 nomine
2213 1768 2338 1824 Jesu
2366 1770 2589 1835 Christi,
2627 1771 2819 1840 inquit,
2850 1788 2939 1825 ero
2978 1758 3047 1825 in.
3072 1772 3241 1825 medio
3277 1787 3459 1825 eorum

206 1852 335 1921 quia
382 1861 600 1921 propter
647 1867 745 1907 nos
789 1851 1048 1920 scriptum
1088 1860 1210 1906 est:
1254 1849 1377 1903 Non
1427 1847 1693 1902 oblut‘abis
1724 1864 1781 1900 οε
1816 1836 1855 1893 Β
1887 1856 2096 1928 (Ibid.).
2147 1858 2241 1913 Vis
2278 1867 2333 1913 et
2370 1860 2512 1912 aliud
2534 1836 2779 1929 accipere
2816 1860 3142 1928 exemplum,
3191 1858 3460 1928 quomodo

206 1944 325 1998 bovi
358 1944 647 2009 trituranti,
673 1959 775 1995 non
813 1942 948 1995 enim
973 1942 1037 1995 de
1070 1942 1227 1994 bobus
1259 1956 1385 1993 cura
1426 1949 1501 1993 est
1528 1938 1658 2003 Deo,
1690 1937 1780 1991 sed

204 2032 271 2087 de
302 2033 447 2087 nobis
482 2033 608 2085 dicit
649 2030 701 2102 (Ι
730 2028 852 2083 Cor.
884 2029 981 2100 ιιι).
1029 2030 1096 2082 Ει
1144 2037 1363 2098 propter
1397 2042 1494 2081 nos
1520 2027 1781 2095 scriptum

203 2131 309 2188 est,
326 2123 453 2190 quia
472 2121 739 2173 Abraham
761 2120 894 2173 duos
914 2119 1054 2187 filios
1074 2118 1275 2183 habuit,
1297 2133 1459 2170 unum
1480 2116 1543 2169 de
1564 2114 1778 2179 ancilla,

201 2221 253 2266 et
275 2228 435 2265 unum
459 2210 523 2265 de
544 2211 705 2265 libera
730 2209 872 2282 (Gal.
902 2209 998 2280 tv),
1028 2217 1087 2262 ut
1111 2224 1211 2263 nos
1233 2209 1488 2270 sciamus,
1521 2206 1643 2275 quia
1668 2207 1783 2260 haec

202 2308 332 2357 sunt
369 2299 676 2369 allegorica,
705 2308 753 2353 et
774 2300 885 2354 htec
925 2308 1047 2353 sunt
1072 2298 1178 2352 duo
1214 2297 1542 2351 Testamenta
1567 2294 1776 2365 (Ibid.).

200 2390 432 2461 Propter
476 2406 574 2447 nos
622 2399 677 2445 et
731 2390 863 2445 illud
910 2390 1169 2458 scriptum
1213 2395 1327 2451 est,
1376 2386 1503 2456 quia
1551 2384 1779 2454 populus

204 2482 549 2537 manducavit
597 2497 795 2536 manna
846 2483 904 2535 in
937 2482 1172 2544 deserto,
1220 2487 1276 2535 et
1318 2478 1453 2533 bibit
1490 2492 1683 2547 aquam
1713 2475 1779 2529 de

202 2581 359 2643 petra
388 2571 585 2643 (Exod.
612 2586 725 2637 xxv,
760 2585 874 2635 xw,
904 2568 1060 2635 xvn),
1109 2576 1169 2621 ut
1212 2582 1311 2621 nos
1358 2566 1780 2636 intelligeremus

202 2663 331 2734 quia
362 2661 657 2731 spiritalem
685 2674 867 2715 eseam
891 2658 1372 2722 manducaverunt,
1398 2665 1453 2711 et
1481 2654 1779 2726 spiritalem

200 2758 387 2824 potum
410 2750 677 2813 biberunt,
697 2749 940 2804 bibentes
954 2749 1019 2803 de
1034 2746 1279 2817 sequenti
1298 2754 1466 2815 petra,
1485 2759 1604 2814 qua:
1624 2751 1777 2813 petra

201 2848 323 2896 erat
344 2838 590 2895 Christus
613 2838 665 2908 (Ι
679 2838 800 2893 Cor.
826 2838 905 2910 κ).
923 2838 992 2891 Ει
1019 2838 1134 2892 haec
1160 2844 1321 2905 atque
1344 2836 1444 2889 alia
1474 2833 1778 2903 hujusmodi

198 2939 362 2986 erant
380 2931 796 3002 mysteria,quae
815 2929 1085 2983 occultata
1114 2934 1239 2981 sunt
1266 2924 1596 2994 temporibus
1622 2932 1779 2978 teter-

200 3020 309 3085 nis,
336 3018 677 3073 manifestata
719 3026 900 3073 autem
936 3033 1076 3071 nunc
1100 3031 1197 3086 per
1223 3015 1518 3084 scripturas
1549 3014 1781 3083 prophe-

197 3111 357 3176 ticas,
382 3119 438 3166 et
466 3111 755 3166 adventum
784 3110 993 3165 Domini
1020 3118 1075 3163 et
1127 3107 1420 3163 Salvatoris
1453 3106 1625 3161 nostri
1650 3105 1773 3160 Jesu

198 3198 423 3257 Christi.
474 3201 581 3257 Sed
636 3211 695 3257 ut
740 3203 919 3256 adhuc
964 3200 1301 3255 manifestius
1360 3200 1455 3254 ﬁat
1509 3199 1777 3268 quomodo

199 3312 323 3367 quae
351 3296 556 3365 scripta
580 3303 705 3350 sunt
728 3303 948 3365 propter
986 3309 1085 3348 nos
1114 3292 1313 3360 scripta
1346 3300 1488 3367 sunt,
1518 3291 1585 3345 de
1608 3290 1776 3359 priori

195 3385 397 3456 populo
441 3384 571 3440 dicit
614 3385 919 3454 propheta,
962 3382 1085 3453 quia
1132 3397 1261 3435 aure
1312 3380 1553 3442 audietis,
1595 3388 1644 3432 et
1674 3395 1777 3432 non

198 3474 447 3540 audietis,
510 3483 559 3527 et
612 3474 837 3527 ridentes
902 3471 1164 3534 videbitis,
1206 3479 1253 3524 et
1311 3485 1414 3522 non
1477 3466 1777 3536 intelligetis

199 3562 422 3634 (Ezech.
454 3579 561 3628 xu;
599 3562 713 3616 Ier.
744 3563 819 3633 v).
883 3561 958 3616 De
1007 3560 1161 3615 nobis
1217 3568 1397 3614 autem
1449 3559 1607 3623 dicit,
1650 3558 1776 3626 quia

197 3654 387 3723 quibus
415 3671 518 3707 non
541 3662 614 3707 est
640 3653 934 3706 nuntiatum
964 3651 1028 3705 de
1054 3667 1135 3715 eo,
1170 3650 1414 3704 videbunt
1431 3666 1449 3714 ;
1479 3659 1526 3703 et
1556 3650 1645 3719 qui
1674 3664 1777 3701 non

199 3740 503 3801 audierunt.
550 3740 835 3810 intelligent
871 3739 1003 3810 (Isa.
1034 3742 1152 3809 LII).
1199 3737 1488 3793 Considera
1535 3752 1664 3806 ergo
1709 3752 1778 3792 ex

199 3829 307 3884 hoc
351 3836 572 3898 propter
598 3844 732 3897 quos
762 3843 880 3897 quae
924 3827 1122 3896 scripta
1157 3835 1283 3881 sunt
1334 3827 1533 3895 scripta
1565 3826 1779 3879 videan-

200 3924 330 3982 tur;
359 3932 487 3986 qute
520 3918 663 3972 enim
711 3918 1025 3972 scribuntur
1073 3917 1189 3971 sine
1234 3917 1395 3970 dubio
1420 3924 1638 3984 propter
1681 3930 1775 3970 eus

200 4006 513 4063 scribuntur
553 4007 646 4077 qui
694 4006 1015 4061 intellecturi
1063 4014 1209 4069 sunt,
1254 4020 1361 4058 non
1397 4013 1619 4074 propter
1660 4019 1776 4068 eos,

200 4097 296 4169 qui
338 4112 515 4166 neque
564 4097 750 4160 visuri,
792 4111 966 4166 neque
1008 4095 1331 4150 intellecturi
1375 4094 1645 4149 dicuntur.
1674 4094 1776 4160 Qui

201 4195 386 4241 autem
431 4185 735 4255 intelligunt
760 4200 880 4255 quae
910 4185 1111 4253 scripta
1142 4191 1287 4246 sunt,
1318 4180 1446 4235 illud
1473 4182 1590 4236 sine
1614 4181 1776 4236 dubio

197 4275 507 4340 invenient,
563 4275 707 4344 quod
752 4283 1143 4344 consequenter
1187 4269 1495 4342 adjnngitur
1535 4267 1649 4324 :Ut
1684 4286 1777 4338 per

196 4368 508 4436 patientiam
546 4376 593 4420 et
620 4365 1027 4419 consolationem
1072 4360 1466 4433 Scripturarum
1507 4377 1645 4430 spem
1673 4361 1774 4414 ha-

196 4455 412 4509 beamus
440 4455 508 4507 ad
534 4454 721 4507 Deum.
754 4452 1186 4508 Consolationem
1236 4466 1470 4520 namque
1515 4466 1582 4505 ex
1625 4449 1773 4505 Scri-

193 4545 372 4616 pturis
411 4560 517 4599 non
559 4544 669 4608 ille,
720 4544 815 4613 qui
855 4558 1032 4613 neque
1078 4542 1252 4597 credit
1288 4557 1462 4612 neque
1504 4542 1771 4614 intelligit,

196 4636 293 4692 sai
326 4636 417 4691 ille
440 4635 533 4705 qui
568 4644 624 4691 et
651 4635 823 4690 credit
850 4642 905 4690 et
948 4632 1215 4703 intelligit,
1254 4633 1415 4702 capit.

266 4725 411 4780 Deus
441 4735 615 4779 autem
653 4726 916 4795 patientia:
946 4734 995 4779 et
1027 4724 1205 4778 solatii
1244 4724 1329 4776 det
1360 4723 1503 4777 vobis
1548 4723 1775 4793 idipsum

198 4830 380 4885 sapere
413 4815 468 4866 in
501 4811 814 4865 alterutrum
846 4812 1133 4868 secundum
1178 4810 1361 4865 Iesum
1398 4810 1685 4865 Christum.
1717 4811 1777 4866 Si

195 4914 382 4962 autem
404 4902 663 4974 patientia
694 4902 863 4957 virtus
888 4910 989 4965 est,
1006 4902 1185 4956 omnis
1210 4902 1383 4956 virtus
1404 4916 1435 4954 a
1457 4902 1566 4956 Deo
1591 4909 1697 4967 est,
1721 4910 1779 4957 et

192 4999 453 5073 patientia
480 5015 511 5053 a
533 5000 641 5053 Deo
664 5007 767 5054 est.
790 4998 926 5054 Cum
950 5014 1079 5071 ergo
1103 4999 1302 5054 dicitur
1331 4999 1471 5054 Deus
1492 4998 1774 5067 patientite,

194 5090 302 5145 hoc
325 5097 409 5143 est
435 5087 580 5158 quod
608 5087 821 5142 videtur
843 5088 1075 5151 ostendi,
1111 5087 1236 5157 quia
1266 5087 1466 5142 dicitur
1486 5086 1627 5141 Deus
1652 5102 1776 5141 cum

192 5178 282 5234 his
311 5193 450 5243 esse,
476 5177 567 5246 qui
592 5177 792 5231 habent
822 5177 877 5232 in
908 5191 968 5232 se
994 5177 1254 5232 virtutem
1292 5176 1565 5246 patientiae
1593 5194 1606 5228 :
1636 5177 1777 5231 sicut

194 5282 319 5324 cum
342 5266 540 5322 dicitur
559 5265 698 5320 Deus
710 5266 957 5336 justitite,
970 5266 1273 5322 ostenditur
1296 5266 1349 5320 in
1372 5265 1456 5321 his
1475 5279 1594 5320 esse
1611 5266 1770 5331 Deus,

192 5362 288 5433 qui
316 5367 536 5417 servant
553 5360 842 5431 justitiam.
891 5359 1152 5415 Similiter
1181 5368 1235 5415 et
1264 5361 1402 5414 Deus
1428 5358 1688 5423 veritatis,
1716 5366 1773 5413 et

189 5451 337 5508 Deus
364 5453 641 5521 sapientiae
686 5450 1020 5521 intelligitur.
1056 5448 1164 5505 Sed
1209 5458 1264 5504 et
1292 5449 1433 5503 Deus
1456 5447 1770 5502 consolatio-

190 5541 273 5597 nis
322 5556 445 5597 cum
494 5541 713 5606 dicitur,
763 5556 887 5596 eum
935 5540 1042 5596 illis
1084 5554 1205 5595 esse
1254 5538 1556 5593 ostenditur
1603 5538 1767 5602 Deus,

188 5633 282 5703 qui
301 5647 365 5688 ex
382 5632 578 5688 divinis
600 5632 895 5702 Scripturis
920 5647 1019 5703 per
1043 5618 1447 5703 intelligentiam
1472 5628 1765 5700 spiritalem

190 5722 612 5780 consolationem
654 5724 876 5793 spiritus
903 5724 1141 5792 capiunt.
1179 5721 1313 5776 Deus
1342 5735 1471 5790 ergo
1502 5722 1767 5790 patientia:

1884 1961 2048 1999 unum
2103 1948 2459 2002 sentientibus
2505 1946 2751 2003 Christus
2804 1948 3013 2002 medius
3064 1947 3189 2000 ﬁat?
3230 1948 3351 2001 vide
3402 1947 3457 2000 in

1880 2034 2104 2091 Actibus
2146 2036 2505 2106 apostolorum
2554 2039 2691 2107 (Act.
2722 2037 2782 2107 ι),
2817 2037 3087 2106 quomodo
3114 2046 3236 2106 post
3268 2051 3459 2092 ascen-

1883 2126 2088 2180 sionem
2136 2126 2371 2191 Domini,
2424 2141 2545 2181 cum
2586 2126 2923 2191 elevassent,
2968 2126 3161 2195 inquit,
3206 2126 3456 2181 undecim

1884 2214 2107 2283 apostoli
2135 2230 2256 2269 cum
2286 2216 2496 2269 caeteris
2521 2231 2732 2281 vocem,
2754 2224 2810 2271 et
2832 2216 3156 2270 unanimiter
3180 2225 3449 2281 orassent,

1882 2311 2061 2356 motus
2088 2310 2172 2356 est
2199 2302 2368 2367 locus,
2397 2303 2450 2355 in
2480 2318 2586 2372 quo
2608 2304 2844 2366 stabant,
2874 2313 2928 2358 et
2956 2305 3296 2373 praesentiam
3325 2319 3452 2358 san-

1881 2392 1953 2446 cti
1981 2390 2212 2461 Spiritus
2240 2404 2553 2447 meruerunt
2579 2410 2590 2445 :
2622 2393 2715 2446 sed
2740 2401 2793 2448 et
2823 2392 2969 2458 illud,
3001 2393 3143 2462 quod
3172 2392 3368 2447 Paulus
3397 2392 3453 2447 in

1881 2480 2199 2551 quibusdam
2242 2482 2497 2553 Epistolis
2542 2483 2770 2538 aliorum
2819 2485 3079 2540 voeabula
3109 2500 3289 2540 secum
3322 2483 3454 2552 jun-

1880 2572 1975 2641 git,
2003 2580 2058 2625 et
2099 2573 2247 2637 dicit,
2291 2571 2491 2627 Paulus
2539 2585 2585 2628 et
2636 2574 2908 2629 Sosthenes
2951 2576 3116 2644 frater
3161 2575 3211 2644 (1
3238 2575 3360 2628 Cor.
3386 2573 3456 2642 ι),

1879 2671 1934 2715 et
1953 2662 2100 2725 alibi,
2127 2662 2351 2726 Paulus,
2373 2674 2419 2716 et
2446 2662 2711 2729 Silvanus,
2737 2676 2782 2718 et
2801 2664 3098 2719 Timotheus
3115 2665 3163 2736 (1
3182 2665 3361 2718 Thess.
3384 2663 3455 2734 ι),

1878 2763 2009 2824 puto
2057 2768 2160 2808 non
2209 2755 2442 2808 inaniter
2486 2753 2709 2820 factum,
2757 2757 2850 2811 sed
2893 2772 2988 2826 per
3016 2758 3118 2811 hoc
3156 2756 3459 2811 ostenditur

1880 2844 2021 2914 quod
2051 2844 2258 2899 duobus
2296 2844 2381 2898 vel
2412 2845 2584 2898 tribus
2624 2845 2677 2899 in
2708 2861 2813 2900 uno
2840 2846 3029 2915 positis
3057 2845 3292 2915 Spiritus
3329 2860 3456 2899 san-

1879 2940 1996 2986 ctus
2023 2948 2188 2985 unum
2217 2934 2281 2987 de
2316 2933 2394 2987 eis
2422 2949 2638 2988 sensum
2680 2935 2733 2989 in
2767 2950 2873 2989 uno
2900 2936 3140 2990 clicucrit
3179 2950 3450 2998 sermone,

1880 3030 1939 3075 ut
1984 3022 2078 3089 qui
2131 3022 2402 3077 Eeclesias
2454 3024 2649 3079 docere
2699 3025 2990 3093 cupiebant
3052 3041 3218 3078 unum
3275 3025 3456 3079 dicere

1879 3126 2066 3166 omnes
2095 3121 2253 3181 atque
2278 3128 2440 3166 unum
2466 3128 2673 3182 sapere,
2702 3115 2799 3183 ipsi
2828 3115 2976 3184 prius
3000 3130 3162 3167 unum
3189 3129 3247 3169 se
3274 3115 3457 3170 dicere

1880 3208 1934 3253 et
1962 3216 2125 3254 unum
2154 3216 2342 3270 sapere
2374 3202 2835 3257 demonstrarent.

1951 3288 2016 3342 Ut
2052 3292 2324 3345 unanimes
2353 3308 2453 3344 uno
2475 3308 2563 3345 ore
2589 3292 2942 3359 honoriﬁcetis
2964 3292 3134 3347 Deum
3163 3303 3210 3347 et
3236 3293 3451 3348 Patrem

1881 3380 2086 3433 Domini
2116 3381 2279 3434 nostri
2298 3380 2427 3434 Iesu
2447 3379 2661 3435 Christi.
2682 3381 2913 3451 (Ambr.)
2940 3382 3104 3449 Quasi
3131 3384 3199 3437 ad
3223 3384 3452 3439 salutem

1878 3472 2076 3525 missus
2120 3471 2409 3541 Apostolus
2455 3472 2598 3527 bono
2642 3481 2768 3526 voto
2811 3472 3025 3542 plebem
3072 3475 3451 3543 prosequitur,

1875 3570 2069 3630 optans
2096 3570 2156 3615 ut
2185 3561 2325 3617 Deus
2351 3562 2442 3616 det
2475 3562 2555 3616 eis
2586 3577 2753 3616 unum
2791 3578 3008 3617 sensum
3050 3564 3331 3633 sapientiae
3365 3580 3452 3621 se-

1875 3650 2107 3704 cundum
2133 3650 2314 3706 Iesum
2341 3648 2633 3713 Christum,
2661 3660 2722 3705 ιιι
2743 3651 2897 3721 juxta
2923 3652 3222 3707 doctrinam
3248 3652 3451 3708 Christi

1876 3740 2105 3807 sapiant.
2157 3739 2309 3794 Tunc
2353 3740 2499 3793 enim
2543 3748 2798 3809 poterunt
2844 3741 3184 3796 dilectionem
3232 3757 3453 3797 servare

1875 3827 2118 3897 exemplo
2154 3827 2363 3882 Domini
2404 3828 2672 3883 dicentis:
2704 3828 2958 3898 Majorem
2987 3831 3085 3884 hac
3123 3831 3452 3885 dilectionem

1875 3933 2023 3969 nemo
2042 3916 2210 3977 habet,
2231 3933 2388 3987 quam
2410 3926 2464 3969 ut
2488 3917 2719 3969 animant
2740 3934 2890 3970 suam
2911 3928 3070 3986 ponat
3088 3936 3183 3987 pro
3206 3919 3387 3972 amicis
3403 3928 3453 3972 et

1875 4004 2125 4072 fratribus
2143 4005 2254 4058 suis
2280 4003 2459 4073 (Joan.
2487 4002 2602 4074 xv),
2636 4013 2690 4057 et
2726 4005 2799 4058 ita
2824 4020 2931 4059 uno
2957 4020 3071 4069 ore,
3102 4022 3208 4059 una
3238 4005 3451 4062 confes-

1874 4092 2023 4147 sione
2046 4092 2264 4147 laudare
2284 4094 2450 4147 Deum
2479 4092 2692 4147 Patrem
2726 4094 2777 4146 in
2805 4094 3044 4161 Christo,
3063 4096 3106 4149 si
3133 4095 3360 4151 invicem
3390 4112 3452 4151 se

1869 4178 2022 4247 juxta
2042 4194 2258 4234 sensum
2279 4178 2478 4234 Christi
2507 4179 2710 4235 fuerint
2736 4182 3029 4246 exhortati,
3054 4192 3113 4236 ut
3134 4184 3248 4237 sine
3274 4198 3454 4238 cessa-

1876 4271 2021 4325 tione
2051 4271 2270 4326 laudent
2301 4271 2467 4326 Deum
2486 4311 2500 4335 ,
2532 4271 2621 4339 qui
2659 4271 2841 4325 omnia
2871 4271 3001 4325 fecit
3027 4287 3124 4340 per
3148 4270 3453 4337 Christum,

1873 4365 1928 4412 et
1958 4366 2078 4428 post
2098 4374 2338 4415 errorem
2375 4359 2522 4427 lapsa
2544 4373 2642 4428 per
2667 4359 2916 4414 eumdem
2951 4360 3143 4415 iterum
3170 4361 3379 4431 erigere
3397 4371 3455 4416 et

1874 4448 2168 4503 reformare
2188 4450 2432 4518 dignatus
2452 4456 2553 4512 est,
2568 4442 2766 4517 duplex
2782 4449 2917 4503 dans
2936 4448 3273 4513 beneﬁcium,
3290 4449 3454 4505 mise-

1878 4544 2166 4598 ricordiam
2196 4553 2251 4597 et
2281 4543 2662 4613 cognitionem.
2689 4539 2887 4612 (Θήρ.)
2926 4541 3099 4596 Unum
3129 4555 3363 4608 namque
3390 4556 3454 4597 os

1876 4632 2097 4698 dicitur,
2139 4632 2229 4688 ubi
2273 4648 2414 4687 unus
2451 4640 2613 4700 atque
2658 4632 2799 4684 idem
2848 4645 2945 4699 per
2988 4629 3320 4683 diversorum
3355 4644 3453 4684 ora

1877 4739 2070 4780 sensus
2120 4733 2173 4779 et
2226 4739 2405 4778 sermo
2444 4722 2709 4792 procedit.
2754 4721 2898 4775 Bene
2946 4730 3127 4775 autem
3163 4720 3454 4790 Apostolus

1878 4817 1969 4872 ubi
1997 4818 2087 4880 ait,
2114 4815 2350 4881 Idipsum
2380 4831 2559 4884 sapere
2581 4815 2634 4867 in
2658 4812 2988 4877 alterutrum,
3015 4812 3239 4877 addidit,
3265 4828 3453 4867 secun-

1877 4905 2001 4959 dum
2016 4904 2196 4959 Iesum
2217 4902 2502 4959 Christum.
2532 4903 2723 4958 Posset
2745 4902 2889 4957 enim
2913 4901 3029 4956 ﬁeri
3053 4909 3187 4955 utet
3213 4901 3265 4954 in
3296 4901 3452 4956 mali-

1880 4997 1953 5050 tia
1979 4995 2144 5064 aliqui
2166 4995 2496 5050 unanimiter
2520 4992 2887 5049 consentirent
2919 4998 2974 5044 et
3003 5005 3165 5043 unum
3200 4997 3456 5059 saperent

1877 5084 1930 5138 in
1951 5083 2103 5154 pejus
2127 5099 2141 5137 :
2162 5083 2253 5153 qui
2273 5091 2452 5138 autem
2472 5078 2765 5136 secundum
2782 5077 2967 5133 Iesum
2989 5077 3259 5133 Christum
3288 5078 3452 5147 sapit,

1875 5176 1992 5231 sine
2030 5173 2193 5229 dubio
2228 5188 2389 5229 omne
2426 5172 2569 5241 quod
2612 5171 2813 5225 bonum
2862 5178 2967 5233 est,
3016 5168 3175 5238 sapit.
3226 5166 3455 5236 Propter

1874 5264 2013 5336 quod
2053 5266 2299 5335 suscipite
2330 5263 2570 5327 invicem,
2605 5262 2737 5315 sicut
2770 5270 2818 5314 et
2842 5258 3077 5331 Christus
3114 5256 3339 5324 suscepit
3365 5271 3455 5309 vos

1874 5357 1928 5410 in
1950 5355 2197 5409 honorem
2223 5354 2338 5409 Dei.
2366 5354 2517 5420 Quod
2544 5353 2673 5408 dicit
2696 5350 2938 5419 suscipite
2960 5347 3195 5410 inuicem,
3225 5344 3294 5397 ad
3323 5342 3459 5397 illud

1876 5443 2218 5498 referendum
2252 5452 2359 5507 est,
2383 5442 2528 5512 quod
2552 5442 2726 5511 primo
2770 5442 3144 5508 preposucrat,
3172 5432 3262 5485 ubi
3293 5444 3461 5485 oeca-

1875 5534 2025 5588 sione
2070 5534 2427 5598 mundorum,
2470 5530 2555 5586 vel
2604 5528 3004 5583 immnndorum
3066 5520 3323 5577 ciborum
3371 5515 3468 5569 ad-

1878 5637 2030 5677 versa
2072 5623 2371 5677 sentientes
2410 5622 2477 5675 ab
2524 5618 2753 5673 invicem
2801 5612 3205 5683 discrepabant,
3251 5616 3314 5661 et
3369 5603 3475 5664 ait.

1878 5713 2130 5783 Suscipite
2172 5714 2386 5769 invicem
2415 5712 2545 5765 sicut
2589 5719 2635 5763 et
2667 5706 2912 5763 Christus
2958 5701 3181 5771 suscepit
3219 5711 3355 5760 vos,
3384 5688 3486 5757 qui
