3948 6306
471 332 614 387 1595

1148 332 1224 386 B.‘
1253 333 1504 387 RABANI
1544 331 1762 388 MAURI
1799 330 2118 386 ARCl-llEP.
2157 329 2463 386 MOGUNT.
2505 332 2790 389 OPERUM
2827 333 3003 388 PARS
3041 334 3126 389 lll.

3600 338 3617 388 Ι
3630 336 3728 390 596

472 442 670 498 nullius
716 443 928 497 horruit
979 444 1380 512 immunditias,
1427 461 1530 520 nec
1570 446 1838 515 reputavit
1889 444 2050 500 alicui
2079 440 2250 502 Acisi
2304 441 2426 494 estis
2457 442 2849 497 circumcisione
2891 460 2994 496 non
3040 443 3344 511 manufaclo
3381 446 3433 496 in
3469 446 3726 503 ετεροιία-

472 534 666 588 delicta
699 548 813 587 sua.
858 533 1002 587 Nihil
1037 549 1167 604 ergo
1220 537 1289 591 de
1336 538 1694 592 immunditiis
1741 537 2051 591 animalium

466 624 743 695 iudicetis,
767 624 1033 680 sicutnec‘
1053 626 1143 682 ille
1169 626 1546 682 immunditias
1590 628 1924 683 credentium
1967 643 2055 681 re-

471 715 699 786 putavit.
742 716 809 770 Et
843 715 935 787 qui
967 717 1021 771 in
1048 718 1418 786 superioribus
1455 719 1668 772 dixerat
1696 736 1708 771 :
1742 719 1847 783 Qui
1881 728 2058 772 autem

465 804 778 879 .manducat,
804 822 907 860 non
930 807 1335 862 manducantem
1376 825 1479 860 non
1496 808 1723 876 judicet,
1750 807 1892 861 Deus
1917 808 2055 860 enim

472 892 623 946 illum
656 896 959 964 assumpsit,
983 897 1074 950 hic
1096 897 1251 962 dixit,
1275 897 1400 966 quia
1426 895 1666 949 Christus
1689 899 1913 967 suscepit
1938 915 2056 962 vos;

472 989 534 1036 ut
560 983 872 1037 ostenderet
906 999 1073 1037 unum
1110 994 1271 1053 atque
1318 983 1460 1036 idem
1491 997 1628 1044 esse,
1663 998 1691 1035 a
1723 983 1832 1038 Deo
1855 984 2055 1052 suscipi

472 1078 528 1124 et
561 1087 591 1124 a
612 1071 849 1126 Christo.
883 1072 1046 1128 Addit
1071 1083 1248 1128 autem
1278 1082 1335 1128 et
1363 1074 1466 1128 hoc
1495 1074 1638 1142 quod
1665 1074 1840 1143 honor
1865 1074 1958 1128 Dei
1987 1075 2058 1128 sit

473 1158 674 1227 suscipi
729 1174 760 1213 a
808 1159 1068 1215 Christo:
1117 1175 1252 1229 quos
1313 1160 1457 1214 enim
1512 1161 1738 1228 suscipit
1781 1161 2054 1226 Christus,

473 1246 632 1302 docet
662 1249 733 1302 ita
781 1264 940 1318 agere
978 1250 1194 1316 debere,
1244 1260 1301 1304 ut
1351 1251 1576 1304 videntes
1625 1250 1853 1303 homines
1901 1266 2056 1319 Opera

471 1351 653 1388 eorum
705 1336 876 1402 bona,
919 1337 1210 1407 gloriﬁcent
1261 1336 1475 1391 Patrem
1523 1340 1611 1408 qui
1661 1340 1715 1391 in
1766 1339 1902 1393 ccefis
1957 1348 2050 1392 est.

474 1423 704 1495 (Ambr.)
734 1426 824 1480 Sic
851 1427 1115 1496 assumpti
1144 1442 1330 1481 sumus
1351 1442 1380 1480 a
1404 1427 1642 1491 Christo,
1668 1429 1792 1482 dum
1825 1428 2054 1481 infirmi-

474 1520 613 1568 tates
642 1522 856 1569 nostras
891 1517 1119 1584 accepit,
1153 1526 1207 1570 et
1236 1517 1587 1586 aegritudines
1625 1526 1838 1572 nostras
1869 1524 2054 1586 porta-

472 1602 583 1668 vit;
614 1612 674 1657 ut
701 1605 804 1659 hoc
837 1606 1086 1676 exemplo
1118 1621 1216 1661 nos
1246 1607 1476 1661 invicem
1514 1615 1734 1660 nostras
1775 1607 2057 1660 inﬁrmita-

475 1702 564 1749 tes
583 1710 682 1764 per
705 1696 1019 1764 patientiam
1068 1697 1474 1761 conﬁrmemus,
1500 1703 1561 1750 ut
1592 1711 1785 1750 nomen
1836 1697 2055 1750 honoris

2158 531 2296 583 tione
2336 532 2568 599 corporis
2610 533 2782 584 carnis
2809 572 2823 596 ,
2866 533 2954 585 sed
2989 532 3042 584 in
3081 532 3476 584 circumcisione
3515 531 3726 594 Christi,

2159 621 2440 690 consepulti
2490 625 2536 675 ei
2575 624 2630 676 in
2672 622 2945 691 baptismo.
2991 622 3095 676 Per
3125 620 3429 687 hujusmodi
3468 637 3592 692 ergo
3623 623 3730 676 cir-

2158 711 2544 764 cumcisionem
2581 720 2790 765 certum
2841 720 2925 765 est
2949 711 3170 764 Patrum
3203 713 3586 780 proniissiones
3611 727 3730 766 esse

2159 801 2473 868 completas.
2516 800 2742 871 (.4rnbr.)
2789 800 3140 855 Circumcisio
3190 802 3336 855 enim
3384 803 3563 856 carnis
3607 804 3731 857 data

2158 900 2242 942 est
2272 889 2503 942 Abrabaa
2543 889 2594 941 in
2627 889 2854 958 figuram
2897 890 3329 944 circumcisionis
3371 890 3547 943 cordis
3580 911 3591 942 :
3629 894 3732 945 cir-

2159 980 2417 1033 cumcisio
2453 988 2628 1032 autem
2677 980 2857 1033 cordis
2896 988 3000 1044 est,
3041 981 3251 1034 sublata
3295 982 3499 1034 erroris
3521 983 3730 1042 nebula,

2159 1083 2453 1138 agnoscere
2492 1079 2797 1124 creatorem
2842 1069 3009 1123 Deum
3040 1069 3254 1122 Patrem
3293 1077 3347 1124 et
3381 1069 3573 1122 Filium
3619 1073 3734 1138 ejus

2159 1157 2459 1222 Christum,
2492 1173 2587 1227 per
2633 1173 2794 1227 quem
2841 1158 3047 1212 creavit
3090 1159 3294 1221 omnia,
3324 1167 3385 1211 ut
3417 1159 3612 1212 veritas
3641 1160 3730 1212 Dei

2158 1245 2489 1313 impleretur.
2529 1245 2856 1300 Promiserat
2884 1246 3027 1300 enim
3054 1245 3309 1299 daturum
3341 1261 3399 1300 se
3429 1247 3730 1300 misericor-

2158 1333 2324 1396 diam,
2357 1342 2411 1387 et
2439 1335 2761 1402 promiserat
2786 1335 3029 1403 patribus
3053 1334 3392 1400 Judteorum;
3429 1352 3552 1390 nam
3586 1338 3731 1391 dixe-

2158 1431 2243 1476 rat
2266 1422 2496 1476 Abrahae
2523 1440 2534 1474 :
2562 1422 2628 1477 In
2649 1425 2843 1477 semine
2863 1433 2950 1477 tuo
2974 1425 3340 1478 benedicentur
3367 1442 3543 1478 omnes
3565 1435 3731 1496 gentes

2159 1513 2475 1586 (Gemuit)
2500 1533 2513 1581 ;
2557 1525 2612 1570 et
2641 1517 2708 1570 ad
2737 1517 2907 1570 David
2935 1517 3066 1571 dixit
3090 1535 3101 1569 :
3136 1515 3213 1569 De
3241 1517 3417 1584 fructu
3449 1519 3633 1571 ventris
3659 1521 3731 1570 tui

2155 1623 2345 1674 ponam
2375 1623 2530 1675 super
2558 1607 2728 1661 sedem
2783 1618 2950 1674 tuam,
2981 1608 3024 1661 si
3055 1608 3393 1662 custodierint
3418 1608 3517 1674 ﬁlii
3552 1610 3627 1661 tui
3657 1621 3729 1661 te-

2157 1706 2468 1750 stamentum
2492 1713 2681 1759 meum,
2703 1707 2752 1750 et
2778 1700 3071 1752 testimonia
3095 1714 3232 1762 mea,
3255 1706 3316 1751 et
3333 1699 3539 1767 reliqua
3563 1697 3728 1767 (Psal.

476 1783 572 1837 Dei
597 1793 930 1853 assumptum
961 1786 1014 1838 in
1042 1801 1140 1840 nos
1166 1801 1273 1839 non
1302 1793 1592 1840 evacuetur
1623 1803 1634 1838 :
1671 1784 1764 1838 ﬁlii
1800 1786 1944 1838 enim
1967 1786 2050 1839 di-
2086 1781 2127 1838 Β
2155 1784 2374 1850 cxxxl);
2411 1794 2495 1838 et:
2533 1783 2746 1839 Orietur
2770 1787 2920 1840 stella
2984 1803 3048 1840 ea:
3091 1785 3256 1841 Iacob
3312 1786 3504 1857 (Num.
3563 1791 3727 1859 xxiv).

473 1873 649 1926 cimur
672 1874 782 1929 Deo
812 1889 910 1943 per
937 1876 1167 1944 gratiam
1201 1876 1425 1930 Christi.

545 1961 677 2016 Dico
713 1965 852 2017 enim
888 1962 1156 2019 Christum
1187 1964 1370 2019 Iesum
1415 1967 1709 2020 ministrum
1753 1967 1914 2036 fuisse
1952 1968 2054 2019 cir-

474 2050 807 2110 cumcisionis
845 2065 1054 2125 propter
1092 2042 1367 2109 'veritatem
1409 2056 1504 2111 Dei
1552 2058 1621 2110 ad
1667 2056 2054 2125 conﬁrmandus

473 2144 839 2213 promissiones
869 2155 1101 2214 patrum.
1150 2145 1343 2217 (Orig.)
1372 2146 1650 2213 Quomodo
1677 2146 1925 2201 Christus
1952 2145 2055 2198 mi-

474 2233 648 2288 nister
675 2233 840 2290 fuerit
867 2235 1303 2291 circumcisionts
1342 2238 1409 2290 ad
1445 2237 1796 2292 stabiliend‘as
1825 2238 2057 2306 promis-

476 2325 656 2381 siones
693 2335 920 2395 patrum
968 2327 1166 2396 duplici
1217 2328 1376 2382 modo
1421 2327 1646 2398 intelligi
1692 2336 1910 2398 potest:
1943 2328 2058 2382 sive

475 2424 576 2483 pro
600 2429 666 2468 eo
690 2416 834 2484 quod
874 2417 1345 2471 circumcisionem
1384 2417 1438 2470 in
1464 2431 1629 2470 carne
1657 2432 1753 2470 sua
1791 2431 1903 2486 ipse
1940 2432 2058 2471 sus-

477 2505 640 2573 cepit,
692 2514 752 2558 ut
805 2506 1246 2561 manifestissime
1298 2515 1617 2561 nosceretur
1679 2506 1822 2574 quod
1868 2522 1933 2561 ex
1973 2521 2058 2561 se-

477 2595 627 2650 mine
652 2594 927 2651 Abraham
973 2598 1194 2661 veniens
1241 2598 1328 2651 cui
1372 2587 1697 2667 promiserat
1745 2595 1888 2652 Deus
1915 2598 2058 2667 quod

477 2685 536 2738 in
572 2686 777 2740 semine
824 2701 921 2740 suo
950 2688 1404 2742 benedicerentur
1450 2702 1638 2741 omnes
1682 2696 1866 2756 gentes
1903 2684 2054 2757 (Gen.

478 2788 625 2839 nn;
657 2775 831 2843 xxvi),
882 2776 1174 2844 compleret
1232 2776 1285 2829 in
1337 2775 1625 2844 semetipso
1658 2790 1776 2844 quae
1814 2775 2058 2843 patribus

478 2864 694 2919 fuerant
719 2867 1044 2935 repromissa
1071 2883 1084 2931 ;
1118 2875 1173 2920 et
1204 2875 1261 2919 ut
1289 2880 1384 2936 per
1409 2866 1513 2920 hoc
1540 2866 1833 2920 secundum
1859 2879 2057 2934 propo-

480 2955 641 3008 situm
683 2955 845 3009 totius
867 2955 1120 3024 Epistolas
1148 2955 1416 3019 ordinem,
1453 2969 1560 3024 quo
1586 2969 1728 3008 nunc
1757 2969 1849 3008 eos
1871 2954 1962 3023 qui
1992 2969 2057 3008 ex

480 3045 893 3100 circumcisione
939 3046 1307 3110 crediderunt,
1357 3061 1502 3099 nunc
1547 3046 1710 3098 etiam
1747 3060 1841 3100 eos
1867 3046 1959 3113 qui
1990 3060 2055 3098 ex

2224 1870 2411 1926 Gentes
2436 1884 2607 1926 autem
2632 1892 2790 1944 super
2812 1875 3230 1928 misericordiam
3253 1876 3514 1928 honorare
3545 1876 3726 1931 Deum.

2156 1959 2389 2029 (Ambr.)
2422 1960 2556 2028 Quia
2599 1964 2743 2016 enim
2779 1963 2864 2018 bis
2904 1963 3049 2017 nulla
3088 1965 3376 2033 promissio
3415 1974 3557 2029 erat,
3585 1967 3728 2034 quasi

2156 2049 2359 2120 indigni
2394 2066 2491 2120 per
2532 2051 2700 2106 solam
2741 2052 3168 2107 misericordiam
3213 2055 3479 2122 assumpti
3522 2066 3644 2109 sunt
3669 2056 3729 2108 ad

2156 2137 2404 2202 salutem,
2434 2147 2493 2192 ut
2519 2154 2612 2209 per
2641 2139 3031 2195 confessionem
3071 2141 3338 2196 honorent
3366 2141 3560 2207 Deum,
3581 2157 3729 2212 quem

2157 2227 2419 2282 increduli
2447 2229 2794 2283 inhonorant.

2229 2319 2381 2374 Sicut
2414 2322 2664 2390 scriptum
2697 2330 2769 2374 est
2804 2337 2825 2375 :
2849 2318 3073 2391 Propter
3112 2321 3210 2374 hoc
3243 2321 3531 2389 conﬁtebor
3564 2321 3656 2374 tibi
3681 2324 3729 2374 in

2156 2408 2411 2477 gentibus,
2461 2408 2701 2474 Domine,
2751 2418 2800 2464 et
2849 2410 3047 2463 nomini
3090 2419 3178 2462 tuo
3219 2411 3460 2464 cantabo.
3505 2411 3728 2482 (Ambr.)

2157 2495 2416 2566 Exemplo
2458 2496 2774 2566 prephetico
2819 2498 3050 2566 probat;
3085 2499 3347 2567 scriptum
3379 2507 3464 2552 est
3494 2499 3640 2552 enim
3683 2500 3731 2552 in

2157 2585 2367 2656 psalmo
2419 2584 2630 2639 decimo
2692 2585 2958 2654 septimo,
3012 2594 3202 2655 gentes
3257 2585 3623 2641 admittendas
3673 2588 3732 2641 ad

2158 2674 2388 2743 gratiam
2425 2673 2520 2725 Dei
2559 2671 2623 2725 ad
2665 2672 3072 2741 percipiendam
3126 2674 3373 2728 salutem.
3435 2675 3552 2730 Vox
3601 2677 3732 2731 enim

2158 2763 2361 2820 Christi
2407 2772 2512 2828 est,
2564 2779 2671 2834 qua
2723 2763 2967 2818 futurum
3023 2764 3160 2819 dixit
3203 2767 3348 2834 quod
3395 2766 3453 2819 in
3497 2767 3734 2837 gentibus

2117 2857 2124 2874 '
2158 2851 2468 2921 prmdicatio
2500 2850 2616 2919 ejus
2647 2851 2878 2907 fructum
2913 2853 3161 2908 habitura
3203 2864 3346 2908 esset
3390 2854 3734 2910 confessionis

2159 2942 2485 2996 sacramenti
2508 2942 2603 2996 Dei
2623 2959 2637 2997 :
2657 2941 2775 2997 ideo
2804 2943 3006 3012 gratias
3035 2959 3100 2998 ex
3136 2945 3239 2999 hoc
3263 2945 3375 3015 agit
3408 2946 3581 3001 Filius
3601 2946 3735 3001 Patri

2160 3033 2214 3086 in
2228 3032 2589 3087 obedientiam
2608 3034 2872 3103 gentium.
2896 3031 3045 3090 Unde
3067 3034 3120 3089 in
3141 3034 3430 3105 Evangelia
3452 3038 3557 3090 ait:
3579 3037 3736 3106 Conﬂ

481 3133 732 3203 gentibus
773 3137 1058 3190 advel-sum
1106 3150 1165 3189 se
1211 3135 1439 3189 invicem
1480 3133 1850 3203 superbientes
1879 3110 2055 3200 ζει-ειη,
2085 3110 2130 3171 C
2162 3124 2306 3177 tebor
2324 3124 2435 3189 tibi,
2467 3123 2644 3189 Pater,
2665 3124 2883 3178 Domine
2905 3123 3017 3178 caeli
3037 3135 3084 3178 et
3106 3135 3280 3189 terrae,
3301 3128 3390 3194 qui
3427 3129 3737 3182 abscondisti

481 3221 720 3277 refrenat
772 3240 835 3279 ac
870 3224 1135 3294 reprimit,
1167 3224 1387 3279 doceret
1422 3240 1528 3279 non
1569 3239 1688 3279 esse
1723 3226 1939 3294 penitus
1971 3227 2057 3295 ju-

481 3313 745 3369 dicandos
769 3329 882 3379 eos,
909 3317 1001 3384 qui
1036 3317 1088 3368 in
1122 3315 1254 3384 legis
1278 3314 1746 3369 observationibus
1775 3314 2061 3368 demoran-

483 3412 592 3469 tur,
621 3403 1056 3472 quandoquidem
1083 3404 1247 3456 etiam
1273 3402 1525 3457 Christus
1558 3403 1612 3456 in
1644 3418 1804 3456 carne
1830 3418 1923 3455 sua
1956 3403 2060 3456 cir-

483 3495 833 3550 cumcisionis
887 3495 1140 3548 minister
1191 3493 1492 3556 exstiterit,
1543 3501 1598 3547 et
1651 3501 1707 3546 ut
1761 3493 2063 3563 intelligant

483 3593 673 3656 gentes
695 3584 981 3638 Dominum
1009 3583 1286 3638 Christum
1311 3583 1378 3637 ad
1411 3581 1624 3637 Judzeos
1652 3597 1772 3636 esse
1811 3582 2056 3646 missum,

485 3681 541 3728 et
570 3686 678 3729 non
706 3672 1037 3741 superbiant.
1070 3671 1226 3740 (Aug.
1281 3669 1482 3724 Iudaais
1512 3670 1655 3724 enim
1684 3669 2061 3740 repellentibus

484 3751 629 3830 quod
667 3761 734 3815 ad
770 3762 917 3829 ipsos
953 3763 1175 3816 missum
1210 3769 1313 3826 est,
1368 3760 1570 3815 factum
1602 3769 1686 3815 est
1719 3770 1779 3815 ut
1814 3762 2063 3830 gentibus

486 3851 838 3931 Evangelium
887 3852 1290 3921 praedicaretur,
1327 3851 1470 3920 quod
1507 3844 1570 3907 et
1600 3853 1654 3905 in
1682 3853 1908 3907 Actibus
1936 3869 2065 3922 apo—

487 3940 752 3995 stolorum
803 3940 1086 3996 manifeste
1132 3942 1407 4005 scribitur,
1440 3957 1563 3996 eum
1609 3943 1796 3997 dicunt
1836 3943 2064 4012 apostoli

486 4029 725 4086 Iudaeis:
772 4031 927 4086 Vobis
969 4035 1194 4103 primum
1245 4035 1470 4103 oportuit
1517 4035 1797 4103 prwdicari
1831 4036 2062 4099 verbum,

488 4124 580 4178 sed
609 4124 855 4193 quoniam
887 4125 1126 4193 indignos
1148 4141 1236 4178 vos
1248 4125 1552 4194 judicastis,
1574 4142 1689 4179 ecce
1722 4127 2065 4180 convertimus

489 4229 584 4267 nos
628 4213 697 4265 ad
742 4223 915 4282 gentes
956 4213 1093 4284 (Act.
1128 4214 1276 4284 xui);
1336 4215 1630 4269 secundum
1676 4216 1848 4285 ipsum
1903 4216 2068 4270 etiam

493 4305 706 4360 Domini
752 4305 1146 4370 testimonium,
1198 4321 1319 4360 cum
1351 4305 1518 4359 dicit:
1549 4305 1670 4359 Non
1716 4322 1831 4359 sum
1878 4307 2068 4360 missus

493 4395 596 4460 nisi
626 4394 694 4447 ad
715 4410 832 4448 oues
876 4411 994 4464 quae
1012 4397 1275 4464 perierunt
1301 4396 1486 4450 domus
1506 4395 1674 4449 Israel
1699 4395 1910 4467 (Matth.
1939 4395 2063 4466 xv);

494 4494 550 4537 et
574 4486 771 4538 lterum
797 4501 808 4536 :
839 4483 963 4537 Non
989 4495 1062 4538 est
1091 4486 1279 4538 bonum
1303 4503 1507 4540 sumere
1529 4503 1714 4556 partem
1743 4486 1992 4554 ﬁliorum,
2020 4498 2066 4541 et

495 4575 699 4630 mittere
721 4576 935 4629 canibus
953 4573 1173 4646 .(lbid.).
1225 4575 1376 4641 Quod
1404 4585 1610 4646 gentes,
1657 4577 1700 4630 si
1729 4578 1863 4630 bene
1893 4577 2071 4630 consi-

495 4666 709 4729 derent,
741 4664 1039 4732 intelligent
1076 4667 1175 4719 ista
1211 4666 1337 4729 fide,
1366 4682 1469 4735 qua
1497 4666 1608 4734 jam
1638 4665 1861 4719 credunt
1889 4665 2068 4718 omnia

496 4753 698 4808 munda
727 4753 964 4819 mundis,
995 4770 1101 4807 non
1139 4769 1197 4808 se
1224 4756 1420 4810 debere
1468 4754 1728 4809 insultare
1764 4754 1871 4818 his,
1906 4754 1949 4808 si
1977 4755 2068 4823 qui

497 4839 638 4896 forte
682 4841 884 4896 inﬁrmi
925 4858 990 4897 ex
1030 4844 1445 4898 circumcisione
1491 4843 1692 4898 fuerint
1728 4844 1818 4912 qui
1855 4853 2073 4915 propter

499 4934 1044 4989 communicationem
1086 4935 1350 4990 idolorum
1381 4936 1555 4990 nullas
1588 4937 1808 4990 omnino
1842 4938 2076 4992 audeant

500 5037 693 5077 carnes
714 5024 996 5094 attingere.
1025 5023 1220 5095 (Orig)
1246 5025 1372 5079 Sive
1392 5026 1498 5078 alio
1525 5026 1704 5091 modo,
1720 5033 1780 5078 ut
1807 5025 1948 5080 illius
1971 5027 2076 5081 cir-

503 5111 852 5166 cumcisionis
897 5113 1145 5169 minister
1189 5114 1358 5169 fuisse
1410 5115 1646 5178 dicatur,
1694 5114 1761 5168 de
1790 5129 1896 5183 qua
1928 5116 2072 5169 idem

503 5199 789 5269 Apostolus
814 5202 943 5256 dicit
971 5201 1142 5275 (Rom.
1169 5204 1229 5274 ιι)
1255 5223 1268 5258 :
1299 5203 1422 5259 Non
1451 5206 1586 5259 enim
1606 5206 1696 5275 qui
1721 5206 1775 5258 in
1799 5205 2075 5273 manifesto

503 5283 724 5342 Iudaeus
765 5301 863 5354 est,
897 5305 1062 5360 neque
1094 5307 1212 5360 quae
1255 5293 1534 5361 manifesta
1566 5293 1620 5345 in
1651 5310 1808 5346 carne
1864 5302 1938 5347 est
1971 5295 2073 5346 cir-

503 5375 776 5440 cumcisio,
803 5379 892 5430 sed
912 5380 1000 5448 qui
1027 5381 1082 5432 in
1103 5379 1303 5439 occulto
1324 5380 1545 5435 Iudaeus
1566 5391 1661 5446 est,
1685 5392 1732 5435 et
1754 5382 2077 5436 circumcisio

507 5465 680 5518 cordis
711 5467 764 5519 in
800 5468 985 5535 spiritu
1011 5485 1112 5521 non
1133 5468 1341 5536 littera,
1365 5470 1514 5540 cujus
1544 5470 1660 5524 laus
1700 5457 1801 5524 non
1825 5487 1888 5525 ea:
1909 5471 2076 5524 Itami-

510 5558 680 5626 nibus,
705 5561 794 5614 sed
828 5579 890 5616 ex
911 5564 1018 5618 Deo
1048 5574 1160 5620 est:
1189 5572 1243 5617 et
1278 5566 1568 5620 secundum
1599 5566 1740 5634 Quod
1769 5566 1906 5620 idem
1940 5566 2082 5636 Apo-

510 5650 678 5708 stolus
705 5652 760 5709 iu
789 5654 909 5711 aliis
933 5657 1060 5712 dicit
1083 5655 1303 5727 (Coloss.
1339 5657 1400 5729 ιι)
1427 5676 1438 5710 :
1463 5658 1531 5715 In
1553 5674 1653 5728 quo
1685 5659 1838 5714 etiam
1861 5658 2081 5713 circum-

2159 3230 2221 3268 ea
2242 3232 2274 3268 a
2295 3215 2613 3283 sapientibus
2639 3224 2686 3268 et
2707 3214 3070 3286 prudentibus,
3084 3224 3131 3268 et
3154 3218 3392 3269 revelasti
3413 3234 3475 3270 ea
3495 3220 3734 3286 parvulis,

2159 3306 2405 3373 quoniam
2429 3305 2614 3359 bonum
2635 3304 2883 3374 placitum
2899 3305 2998 3374 fuit
3021 3315 3141 3358 ante
3172 3315 3221 3358 te
3237 3305 3452 3376 (Matth.
3481 3313 3580 3376 si).
3606 3308 3735 3362 Cou-

2162 3395 2324 3451 fessio
2352 3412 2480 3467 ergo
2501 3406 2601 3449 ista
2631 3396 2788 3450 unius
2809 3396 2902 3466 Dei
2923 3405 3005 3451 est
3031 3396 3083 3450 in
3107 3397 3384 3460 Trinitate,
3414 3413 3478 3453 ex
3504 3415 3610 3468 qua
3634 3416 3740 3453 sur-

2162 3488 2240 3558 git
2267 3487 2474 3552 Letitia,
2501 3495 2561 3540 ut
2589 3495 2711 3555 post
2740 3487 2852 3541 veri
2885 3486 3278 3542 confessionem
3321 3487 3476 3543 laetus
3503 3491 3742 3544 decantet

2162 3573 2588 3630 misericordiam
2618 3582 2671 3627 et
2697 3573 2894 3628 donum
2923 3574 3038 3629 Dei.
3070 3575 3135 3627 Et
3160 3576 3353 3628 iterum
3376 3575 3504 3628 dicit
3532 3594 3551 3629 :
3574 3577 3739 3630 Licto-

2163 3664 2292 3717 mini
2339 3674 2513 3732 gentes
2541 3679 2657 3715 cum
2685 3663 2828 3732 plebe
2853 3664 2985 3733 ejus.
3018 3663 3130 3718 Hoc
3164 3665 3216 3717 in
3251 3666 3465 3719 cantico
3491 3667 3743 3720 Deutero-

2164 3757 2351 3811 nomii.
2383 3756 2451 3809 Et
2475 3757 2662 3809 iterum
2685 3770 2703 3807 :
2731 3755 2969 3810 Laudate
2991 3773 3166 3810 omnes
3185 3767 3357 3824 gentes
3373 3756 3679 3819 Dominum,
3700 3771 3742 3812 et

2165 3843 2496 3912 magniﬁcate
2518 3858 2634 3896 eum
2658 3859 2833 3905 omnes
2854 3842 3050 3912 populi.
3081 3841 3190 3897 Hoc
3213 3844 3264 3896 in
3289 3844 3498 3913 psalmo
3522 3849 3743 3902 centesi-

2167 3947 2256 3986 mo
2269 3942 2422 3988 sexto
2435 3934 2640 3990 decimo
2657 3935 2783 3990 olim
2806 3938 3107 3993 decrevisse
3121 3938 3286 3994 Deum
3309 3942 3570 4004 ostendit,
3589 3944 3743 3996 inter-

2167 4025 2417 4080 veniente
2443 4025 2816 4082 misericordia
2850 4044 2974 4096 sua,
3002 4033 3296 4087 concordes
3325 4032 3505 4088 facere
3538 4034 3744 4090 Iudzeos

2170 4124 2224 4169 et
2268 4124 2475 4185 gentes,
2516 4126 2575 4170 ut
2617 4119 2844 4188 gratiam
2894 4121 3070 4189 adepti
3116 4123 3343 4191 gentiles
3393 4125 3529 4178 socii
3562 4126 3742 4180 fierem

2170 4202 2498 4271 Iudaeorum,
2523 4207 2613 4275 qui
2639 4216 2692 4261 et
2719 4208 2819 4276 ipsi
2839 4207 2967 4262 olim
2993 4212 3132 4264 dono
3156 4210 3252 4264 Dei
3279 4211 3430 4280 plebs
3463 4212 3583 4281 ejus
3600 4225 3745 4268 erant

2171 4295 2453 4349 nominati.
2492 4294 2598 4350 Sed
2642 4295 2754 4364 jam
2803 4297 3010 4352 nobiles
3064 4297 3266 4364 Judazi,
3323 4301 3375 4354 hi
3433 4317 3565 4356 vero
3601 4303 3744 4372 igno-

2172 4383 2309 4437 biles
2358 4396 2453 4452 per
2501 4383 2925 4439 misericordiam
2984 4388 3252 4444 nobilitati
3298 4399 3442 4455 sunt,
3496 4402 3557 4446 ut
3598 4391 3745 4453 simul

2171 4488 2360 4528 omnes
2396 4473 2501 4528 laeti
2540 4475 2649 4528 sint
2683 4476 2955 4545 agnitione
3000 4479 3245 4534 veritatis
3267 4519 3281 4545 ,
3320 4489 3374 4534 et
3407 4480 3746 4536 laudantibus

2172 4563 2438 4633 gentibus,
2463 4563 2636 4617 .Deum
2662 4566 3008 4634 magnificent
3027 4583 3217 4621 omnes
3244 4570 3446 4636 pepuli,
3471 4571 3745 4624 duodecim

2171 4659 2344 4712 tribus
2369 4672 2531 4710 unum
2558 4657 2754 4722 Deum,
2785 4659 2879 4726 qui
2918 4661 3068 4712 auxit
3106 4675 3390 4715 numerum
3418 4662 3596 4731 plebis
3623 4678 3744 4725 sum,

2172 4746 2438 4815 adjunctis
2465 4748 2730 4818 gentibus.
2762 4748 3004 4818 Denique
3032 4766 3154 4805 cum
3186 4751 3558 4819 disceptarent
3583 4752 3745 4807 Iudaai

2171 4848 2359 4894 contra
2401 4839 2700 4909 apostolum
2749 4840 2974 4896 Petrum
3025 4857 3189 4897 causa
3228 4841 3486 4907 Cornelii,
3544 4845 3747 4899 reddita

2176 4931 2278 4986 sibi
2309 4932 2517 4986 ratione
2549 4932 2955 5000 acquieverunt,
2988 4933 3394 5002 magniﬁcantes
3438 4935 3743 4998 Dominum,

2176 5026 2416 5080 dicentes
2461 5041 2474 5075 :
2531 5023 2783 5078 Forsitan
2826 5025 2968 5079 Deus
3020 5035 3068 5079 et
3114 5025 3351 5095 gentibus
3397 5027 3752 5096 ptenitentiam

2177 5115 2354 5169 tribuit
2388 5115 2456 5168 ad
2498 5116 2906 5185 consequendam
2945 5117 3104 5168 vitam
3130 5117 3267 5186 (Act.
3309 5116 3407 5188 ιι).
3447 5117 3519 5170 Et
3549 5135 3741 5181 rursus,

2178 5204 2352 5260 Isaias
2393 5206 2467 5259 ait
2504 5225 2522 5262 :
2571 5205 2685 5258 Erit
2727 5207 2881 5259 radix
2908 5205 3054 5260 Iesse
3083 5218 3129 5261 et
3159 5208 3247 5278 qui
3288 5218 3531 5275 exsurget
3583 5223 3745 5276 regere

2178 5305 2370 5365 gentes,
2406 5296 2462 5349 in
2499 5312 2616 5349 eum
2640 5307 2814 5365 gentes
2843 5296 3121 5365 sperabunt
3163 5295 3298 5366 (Isa.
3325 5295 3424 5366 xl).
3455 5295 3528 5350 Ut
3577 5295 3743 5364 majo-

2180 5401 2293 5440 rem
2344 5386 2590 5440 ﬁduciam
2631 5387 2877 5456 gentibus
2934 5385 3134 5451 faciat,
3193 5397 3249 5442 et
3293 5401 3445 5457 spem
3491 5402 3602 5441 non
3655 5385 3742 5438 du-

2180 5477 2344 5540 biam,
2378 5475 2559 5530 multis
2605 5477 2925 5531 testimoniis
2963 5477 3142 5550 firmat
3189 5476 3464 5531 decretum
3516 5477 3612 5532 Dei
3650 5476 3741 5530 hoc

2183 5566 2367 5629 fuisse,
2404 5572 2462 5616 ut
2491 5579 2678 5618 omnes
2717 5572 2903 5635 gentes
2937 5565 3383 5619 benedicerentur
3412 5565 3468 5619 in
3498 5564 3736 5626 Christo;

2183 5673 2252 5712 ne
2297 5655 2581 5711 insolentia
2631 5655 2963 5710 infidentium
3021 5655 3322 5712 Iudaeorum
3371 5657 3739 5720 contristaret.
