3948 6348
210 384 351 440 1597

738 388 1285 444 ΕΝΑΒΒΑἸἹΟΝΗΜ
1322 389 1389 442 ΙΝ
1423 390 1572 443 ΕΡΡ.
1609 389 1780 444 PAUI.

1885 386 1978 439 ω.
2029 387 2154 442 VIII.
2192 421 2262 430 —
2295 391 2365 443 IN
2402 393 2623 447 EPIST.
2664 394 2755 446 AD
2792 393 2957 447 ROM.

3332 397 3353 449 1
3365 396 3469 453 598

209 509 266 556 et
312 500 504 555 dubias
566 498 814 557 redderet
861 501 1194 556 credentium
1267 503 1479 557 animas
1524 497 1780 572 gentium,
1814 504 2087 571 Aspe,-et
2120 503 2309 556 virtute
2335 501 2561 572 Spiritus
2596 505 2784 557 sancti.
2841 503 2897 556 Si
2943 504 3090 558 enim
3144 506 3235 574 qui
3279 507 3470 587 credit,

209 590 363 660 quasi
410 588 609 643 frustra
653 590 753 644 sibi
802 605 950 659 spem
992 590 1349 658 promittant,
1401 590 1545 659 quod
1599 605 1629 643 a
1677 591 1787 645 Deo

207 679 439 733 Abraba:
476 686 696 747 accepto
724 678 928 732 feratur
957 677 1090 733 ﬁdes
1114 677 1442 742 Judteorum,
1474 686 1536 731 ut
1567 680 1666 748 ipsi
1694 678 1788 732 las-

209 770 327 824 titia
356 777 412 822 et
439 768 731 823 securitate
764 777 1095 822 crescerent.
1132 768 1313 835 Quare
1339 777 1517 822 tamen
1540 768 1790 824 Christus

207 876 275 933 ex
297 860 476 915 radice
496 859 666 924 Jesse,
682 866 735 913 et
757 873 862 912 non
886 874 954 912 ex
975 856 1157 913 radice
1176 857 1318 913 Booz
1331 859 1434 912 viri
1449 858 1602 927 justi,
1620 866 1787 912 autex

206 948 390 1003 radice
415 947 563 1003 Obed
583 954 733 1001 ortus
759 948 877 1001 est?
900 947 1061 1001 Forte
1084 949 1209 1016 quia
1231 946 1398 1001 David
1421 945 1559 1000 ﬁlius
1578 946 1790 1000 dicatur

204 1046 426 1107 propter
451 1052 693 1107 regnum,
724 1045 782 1089 ut
811 1037 952 1090 sicut
977 1052 1043 1090 ex
1070 1038 1181 1089 Deo
1206 1044 1366 1091 natus
1396 1036 1451 1089 in
1477 1051 1655 1104 regem
1684 1043 1788 1099 est,

206 1130 285 1182 ita
318 1135 374 1180 et
411 1142 480 1181 ex
505 1126 673 1180 David
714 1140 838 1195 rege
879 1134 1061 1180 ortum
1107 1126 1331 1180 haberet
1357 1124 1509 1193 juxta
1544 1139 1784 1179 carnem.

207 1218 335 1274 Ideo
362 1219 514 1273 radix
534 1217 688 1272 Iesse
722 1216 885 1271 arbor
910 1217 1100 1281 David,
1136 1232 1255 1285 qua:
1279 1215 1509 1269 fructum
1539 1216 1665 1270 fecit
1693 1231 1789 1285 per

206 1327 441 1375 ramum,
472 1311 561 1379 qui
602 1318 686 1363 est
722 1307 888 1363 Maria
915 1308 1091 1377 virgo,
1120 1322 1238 1376 qtae
1274 1309 1460 1376 genuit
1487 1306 1784 1361 Christum.

206 1402 403 1471 (Orig.)
420 1400 525 1455 Sed
541 1401 684 1454 hunc
702 1412 1007 1453 sermonem
1021 1399 1085 1451 de
1107 1394 1285 1449 radice
1297 1396 1446 1450 Jesse
1460 1396 1650 1451 melius
1669 1396 1788 1464 qui-

204 1493 329 1547 dem
359 1493 412 1546 in
432 1491 807 1562 explanatione
839 1490 1007 1559 ipsius
1031 1489 1306 1557 propheta:
1331 1488 1483 1543 Isaia:
1504 1488 1677 1542 visum
1706 1495 1788 1541 est

203 1581 418 1635 disseri.
443 1581 510 1634 Et
537 1581 589 1634 in
618 1579 868 1650 prmscnti
899 1588 1076 1632 tamen
1109 1578 1224 1632 loco
1275 1579 1491 1641 dicitur,
1518 1578 1787 1646 quomodo

202 1666 355 1723 Iesse
395 1669 779 1737 interpretatur
814 1668 866 1720 in
895 1675 1075 1721 nostra
1108 1666 1289 1736 lingua
1315 1675 1390 1718 est
1421 1666 1569 1719 mihi.
1601 1665 1659 1718 In
1688 1666 1784 1719 ad-

202 1767 367 1813 ventu
396 1773 525 1827 ergo
551 1758 749 1812 Christi
774 1757 952 1811 omnis
979 1756 1071 1825 qui
1098 1756 1271 1810 credit
1299 1755 1372 1819 ei,
1403 1755 1787 1808 convenienter

1892 593 2091 647 virtute
2144 594 2319 648 sancti
2370 593 2609 663 Spiritus
2640 595 2937 658 muniatur,
2968 604 3176 650 certum
3211 605 3295 651 est
3332 599 3474 666 quod

1889 677 2276 751 plenitudinem
2334 685 2514 754 gaudii
2574 699 2787 755 semper
2826 684 3019 749 habet,
3073 696 3128 740 ct
3181 686 3473 756 plenitudi-

1890 787 2012 826 nem
2058 772 2229 841 paeis.
2268 770 2451 826 Certus
2502 790 2619 826 sum
2667 785 2877 839 autem,
2910 774 3098 842 fratres
3136 776 3266 837 mei,
3302 785 3349 828 et
3380 793 3474 846 ego

1887 860 1996 929 ipse
2029 861 2093 914 de
2130 861 2293 925 vobis,
2315 862 2562 931 quoniam
2604 871 2652 915 et
2694 862 2793 932 ipsi
2832 861 2971 931 pleni
3011 862 3132 916 estis
3174 863 3471 927 dilectione,

1890 949 2070 1018 repleti
2089 951 2231 1003 omni
2251 952 2489 1014 scientia,
2508 952 2581 1004 ita
2604 961 2657 1005 ut
2676 953 2886 1021 possitis
2909 951 3219 1005 alterutrum
3242 969 3472 1006 monere.

1889 1035 2086 1109 (Θήῃ.)
2143 1038 2341 1109 Eadem
2389 1040 2598 1093 ratione
2632 1054 2743 1108 qua
2787 1054 2947 1108 supra
2994 1039 3232 1094 diximus
3282 1040 3475 1109 repleri

1888 1127 2034 1179 omni
2083 1126 2280 1198 gaudio
2326 1135 2379 1181 et
2425 1128 2572 1183 omni
2618 1144 2752 1197 pace
2798 1130 3112 1192 credentes,
3163 1130 3328 1183 etiam
3386 1130 3476 1184 hic

1887 1206 2075 1284 plenos
2121 1230 2241 1271 esse
2295 1216 2567 1280 bonitate,
2646 1228 2702 1272 et
2750 1219 2896 1272 omni
2952 1219 3175 1272 scientia
3249 1233 3343 1274 eos
3406 1219 3476 1274 ad

1887 1320 2025 1375 quos
2053 1306 2114 1360 ﬁt
2137 1323 2315 1362 sermo
2340 1308 2644 1363 conﬁrmat.
2673 1309 2899 1381 (Arnim)
2930 1310 3054 1364 Haec
3083 1304 3476 1365 exhortationis

1890 1405 2054 1451 sunt:
2081 1413 2179 1467 per
2226 1398 2439 1453 laudem
2480 1400 2624 1454 enim
2667 1410 2925 1469 provocat
2958 1417 3053 1455 eos
3093 1402 3159 1453 azl
3198 1401 3477 1455 meliorem

1888 1496 1943 1540 et
1978 1487 2314 1550 intellectum
2354 1496 2409 1541 et
2441 1490 2638 1543 vitam:
2666 1491 2757 1559 qui
2796 1491 2937 1544 enim
2967 1491 3111 1545 videt
3141 1506 3199 1545 se
3238 1490 3471 1556 laudari,

1888 1580 2014 1635 data
2055 1596 2217 1651 Opera
2267 1581 2514 1635 elaborat
2573 1591 2630 1636 ut
2696 1598 2822 1636 vera
2873 1584 2982 1637 sint
3026 1598 3148 1659 quze
3203 1584 3473 1637 dicuntur.

1889 1669 2017 1724 Ideo
2056 1684 2161 1724 non
2190 1670 2350 1733 dixit,
2382 1678 2441 1723 ut
2472 1671 2706 1724 invicem
2752 1687 2810 1726 se
2837 1672 3088 1737 doceant,
3123 1674 3218 1728 sed
3263 1682 3318 1727 ct
3364 1689 3478 1730 mo-

1889 1766 2054 1811 ncant
2082 1775 2095 1811 :
2122 1758 2226 1812 hoc
2272 1759 2417 1813 enim
2457 1759 2592 1813 solet
2629 1775 2847 1815 movere
2873 1762 3129 1833 [moneri]
3166 1763 3309 1831 quod
3350 1778 3476 1817 cum

204 1848 367 1912 dixit,
392 1848 488 1902 Est
514 1846 668 1901 mihi.
701 1846 791 1900 Ille
816 1846 961 1901 enim
992 1846 1059 1899 de
1081 1860 1186 1913 quo
1214 1843 1422 1913 Moyses
1448 1843 1584 1897 dixit
1627 1861 1638 1897 :
1684 1844 1787 1907 Qui
1821 1843 1864 1901 Β
1891 1846 2113 1910 sciatur,
2141 1846 2430 1916 aliquando
2453 1848 2779 1917 subterfugit
2809 1850 3010 1903 animo.
3059 1848 3258 1921 (Oi-ig.)
3288 1851 3345 1903 In
3368 1867 3477 1920 quo

203 1948 301 2004 est,
327 1940 465 1993 misit
506 1955 587 1992 me
625 1939 692 1991 ad
727 1954 810 1991 ros
835 1936 1033 2008 (Exod.
1067 1936 1174 2006 ιιι),
1216 1938 1331 2006 ipse
1370 1944 1453 1990 est
1496 1936 1652 2001 mihi,
1688 1936 1791 1990 hoc

201 2035 306 2093 est,
345 2029 400 2082 in
443 2028 615 2097 ipsum
644 2026 828 2091 credo,
856 2027 948 2094 qui
982 2034 1100 2090 est,
1143 2040 1248 2079 non
1281 2026 1375 2093 qui
1405 2040 1473 2080 ex
1502 2024 1671 2079 nihilo
1707 2025 1790 2080 fa-

202 2126 326 2171 ctus
366 2127 486 2182 est,
527 2124 585 2169 ut
630 2116 810 2185 impiis
852 2115 1051 2185 placet,
1093 2115 1188 2171 sed
1215 2115 1309 2184 qui
1342 2122 1449 2180 est,
1478 2123 1535 2169 et
1576 2130 1790 2184 semper

201 2214 311 2270 est,
362 2215 417 2260 et
471 2207 574 2260 hoc
621 2205 670 2259 ei
712 2220 909 2260 nomen
964 2212 1080 2268 est,
1113 2211 1171 2258 et
1228 2204 1344 2273 ipse
1389 2210 1473 2257 est
1531 2203 1623 2273 qui
1664 2219 1786 2272 sur:

201 2300 346 2353 rexit
381 2314 447 2353 ex
496 2299 678 2354 radice
706 2297 877 2366 Jesse,
921 2307 976 2353 et
1012 2298 1068 2352 in
1107 2299 1222 2367 ipso
1247 2305 1434 2367 gentes
1469 2297 1780 2367 sperabunt.

198 2386 308 2442 Pro
327 2403 432 2456 qua
458 2388 848 2453 misericordia,
879 2378 1040 2458 quam
1073 2388 1142 2443 ab
1170 2402 1235 2442 eo
1261 2388 1534 2442 consecuti
1562 2394 1709 2450 sunt,
1743 2386 1788 2440 is

200 2476 297 2544 qui
332 2490 544 2545 semper
565 2487 680 2533 erat
706 2479 949 2533 nascitur
973 2492 1039 2531 ex
1071 2478 1249 2532 radice
1278 2476 1429 2532 Iesse
1461 2477 1527 2532 ad
1558 2477 1785 2533 salutem

202 2566 455 2634 gentibus
481 2567 736 2631 dandam,
760 2582 858 2637 pro
880 2568 1004 2632 hac,
1029 2567 1270 2635 inquam,
1288 2567 1390 2621 sibi
1411 2567 1604 2621 collata
1626 2567 1788 2621 mise-

202 2655 438 2710 ricordia
470 2664 657 2726 gentes
687 2657 958 2710 honorant
980 2663 1036 2711 et
1062 2654 1411 2725 magniﬁcant
1438 2656 1629 2709 Deum.

268 2744 412 2798 Deus
442 2754 614 2797 autem
649 2745 758 2814 spei
792 2745 985 2816 repleat
1032 2761 1119 2798 vos
1148 2745 1289 2798 omni
1318 2744 1512 2815 gaudio
1568 2754 1617 2799 et
1655 2761 1785 2813 pace

200 2836 257 2890 in
294 2835 571 2898 credendo,
610 2845 665 2890 ut
698 2837 970 2891 abundetis
1010 2837 1063 2890 in
1095 2853 1202 2906 spe,
1243 2846 1288 2889 et
1330 2838 1517 2891 virtute
1553 2834 1784 2905 Spiritus

196 2926 388 2979 sancti.
434 2923 627 2996 (Orig)
669 2925 773 2992 Qui
820 2926 1068 3001 superius
1098 2926 1329 2991 dixerat,
1379 2927 1506 2995 quia
1550 2926 1603 2979 in
1646 2927 1783 2981 Isaia

196 3014 459 3083 scriptum
504 3023 606 3082 est,
651 3016 719 3069 Et
750 3017 805 3069 in
851 3031 912 3069 eo
951 3025 1124 3086 gentes
1152 3016 1459 3086 sperabunt,
1507 3024 1783 3088 gratanter

1892 1934 2128 1989 ostendit
2163 1935 2290 2004 quia
2330 1936 2384 1989 in
2412 1950 2477 1990 eo
2504 1936 2646 2005 quod
2671 1936 2858 1991 didicit
2888 1939 3281 2008 unusquisque,
3316 1940 3477 1995 debet

1890 2023 2055 2078 etiam
2094 2025 2261 2079 alium
2304 2040 2563 2092 mouere,
2600 2036 2655 2082 et
2686 2028 2991 2097 bujusmodi
3039 2045 3163 2083 cum
3212 2032 3479 2087 condisci-

1890 2112 2032 2181 pulis
2068 2114 2272 2169 habere
2308 2114 2599 2184 colloquia,
2646 2116 2844 2185 quibus
2872 2132 2931 2172 se
2961 2127 3015 2172 et
3045 2128 3303 2173 moneant
3342 2120 3478 2175 invi-

1890 2216 2032 2267 cem,
2066 2210 2123 2257 et
2162 2202 2432 2259 :ediﬁceut
2470 2221 2483 2255 :
2519 2213 2700 2272 potest
2727 2206 2873 2261 enim
2910 2206 3158 2261 conferre
3185 2208 3477 2277 plurimum

1889 2290 2210 2347 eruditionis
2255 2292 2461 2347 alterna
2500 2294 2755 2359 collatio,
2814 2296 2857 2349 si
2908 2311 3028 2350 cum
3070 2297 3337 2353 that-itate
3383 2300 3475 2353 ha-

1889 2381 2103 2447 beatur,
2142 2390 2197 2437 et
2233 2382 2300 2437 de
2331 2383 2774 2453 profundioribus
2816 2387 3119 2457 quibusque
3163 2390 3246 2443 vel
3290 2391 3482 2445 obscu-

1890 2470 2127 2526 rioribus
2154 2481 2432 2542 exspectet
2473 2474 2805 2529 eruditorum
2845 2477 3316 2548 perfecturumque
3359 2495 3483 2534 sen-

1887 2560 2133 2629 tentiam,
2173 2566 2467 2619 secundum
2497 2565 2640 2633 quod
2669 2574 2724 2619 et
2751 2565 2962 2636 Moyses
2995 2568 3167 2639 dicit:
3199 2568 3478 2639 Interroga

1887 2659 2063 2720 patres
2100 2661 2237 2717 tuos,
2274 2663 2323 2707 et
2361 2653 2749 2708 annuntiabunt
2781 2654 2909 2720 tibi;
2932 2638 3278 2726 presbyteros,
3314 2665 3362 2710 et
3393 2638 3476 2711 di-

1890 2750 2006 2796 cent
2040 2743 2153 2796 tibi.

1956 2829 2227 2893 Audacius
2248 2840 2422 2884 autem
2447 2833 2631 2903 scripsi
2658 2834 2820 2898 vobis,
2843 2833 3057 2901 fratres,
3079 2850 3144 2887 ex
3167 2844 3333 2903 parte,
3363 2844 3483 2889 tan-

1884 2935 2041 2988 quam
2072 2919 2128 2973 in
2155 2922 2461 2975 memoriam
2485 2939 2571 2976 vos
2603 2924 2853 2977 reducens
2879 2936 3087 2993 propter
3111 2926 3336 2993 gratiam
3363 2940 3482 2994 qua:

1885 3006 2012 3060 data
2051 3007 2178 3061 mihi
2205 3017 2280 3062 est
2309 3025 2341 3061 a
2371 3008 2501 3063 Deo.
2556 3007 2621 3064 Ut
2651 3011 2747 3090 sint
2777 3012 3016 3065 minister
3042 3010 3237 3065 Christi
3266 3012 3395 3065 Jesu
3427 3012 3481 3066 in

197 3102 416 3171 adjecit,
437 3104 579 3158 Deus
608 3114 781 3160 autem
808 3106 938 3176 spei,
965 3115 1021 3161 et
1048 3114 1274 3161 cetera;
1301 3122 1428 3161 nam
1451 3107 1496 3162 si
1519 3106 1780 3176 scriptum
1826 3172 1853 3176 ᾗ
1883 3098 2120 3166 gentibus
2141 3112 2160 3151 :
2190 3100 2525 3168 sanctiﬁcans
2555 3100 2896 3171 Evangelium
2926 3103 3043 3168 Dei,
3076 3114 3131 3157 ut
3163 3104 3257 3172 [iat
3289 3104 3483 3158 oblatio

195 3194 391 3249 fuisset
434 3195 489 3247 in
534 3195 645 3263 ipso
688 3172 860 3263 gentes
906 3196 1144 3261 credent,
1189 3193 1477 3263 adiecisset
1528 3172 1648 3249 sine
1686 3194 1785 3248 du-
1811 3172 1856 3235 (ἶ
1887 3192 2118 3261 gentium
2164 3202 2397 3261 accepta,
2447 3204 2496 3245 et
2542 3193 2873 3262 sanctiﬁcata
2922 3194 2975 3248 in
3022 3194 3228 3265 Spiritu
3276 3204 3480 3248 sancto.

196 3284 311 3350 hi0,
343 3284 483 3338 Deus
503 3294 677 3338 autem
696 3284 822 3352 ﬁdei
840 3324 855 3349 ,
914 3285 1009 3340 sed
1059 3299 1203 3340 nunc
1227 3299 1258 3338 a
1285 3284 1556 3354 sperando
1597 3294 1784 3356 gentes

200 3376 373 3430 Deum
403 3374 518 3445 spei
562 3376 778 3430 invocat
815 3390 979 3445 super
1016 3389 1110 3431 eos
1139 3377 1231 3445 qui
1271 3384 1496 3444 sperant
1538 3377 1592 3430 in
1637 3389 1782 3441 eum,

200 3478 231 3517 a
257 3479 365 3532 quo
393 3465 472 3519 eis
504 3465 894 3520 benedictionis
926 3481 1130 3523 munus
1164 3474 1419 3536 precatur
1449 3468 1634 3537 augeri
1661 3486 1674 3521 :
1700 3476 1785 3523 est

197 3562 378 3609 autem
429 3557 734 3610 benedictio
777 3556 1105 3626 hujusmodi,
1154 3556 1224 3612 Ut
1270 3556 1584 3628 repleantur
1630 3559 1779 3613 omni

194 3644 396 3712 gaudio
426 3650 480 3697 et
507 3644 654 3713 omni
681 3659 831 3713 pace.
884 3643 1147 3699 Similiter
1192 3652 1373 3713 autem
1415 3653 1471 3699 et
1507 3644 1780 3715 Propheta

196 3732 253 3786 in
280 3734 513 3802 quodam
552 3732 670 3788 loco
698 3734 827 3789 dicit
858 3752 869 3787 :
897 3733 966 3788 Et
998 3736 1099 3789 erit
1130 3735 1185 3788 in
1218 3733 1400 3788 diebus
1433 3733 1545 3802 ejus
1570 3735 1783 3803 justitia

195 3833 245 3878 et
279 3823 559 3878 multitudo
606 3826 772 3894 pacis,
816 3842 1085 3896 usquequo
1118 3825 1400 3894 auferatur
1439 3825 1567 3880 luna
1604 3824 1777 3897 (Psal.

196 3912 367 3984 uxr).
393 3914 498 3969 Sed
524 3916 648 3983 quia
677 3916 791 3970 haec
818 3915 882 3970 de
904 3916 1122 3971 Christo
1143 3916 1416 3980 dicuntur,
1439 3916 1495 3969 in
1517 3915 1608 3970 illo
1632 3924 1780 3970 recte

196 4020 485 4074 possumus
534 4005 935 4061 multitudinem
1000 4006 1150 4075 pacis
1204 4006 1515 4071 advertere,
1564 4020 1664 4074 pro
1711 4020 1777 4060 eo

194 4096 338 4164 quod
368 4095 662 4164 paciﬁcavit
685 4111 778 4165 per
808 4095 1113 4164 sanguinem
1141 4094 1312 4148 crucis
1339 4111 1456 4149 sure
1482 4111 1585 4148 non
1609 4094 1778 4149 solum

193 4202 312 4256 qua:
368 4187 424 4239 in
468 4194 608 4240 terra
651 4196 774 4240 sunt
801 4227 816 4252 ,
862 4186 953 4240 sed
996 4188 1154 4240 etiam
1198 4202 1315 4257 qute
1368 4187 1424 4241 in
1472 4186 1612 4241 caelis
1656 4196 1779 4241 sunt

195 4273 421 4345 (Coloss.
448 4274 510 4343 ι).
530 4274 587 4328 1η
604 4275 853 4329 omnibus
878 4282 1059 4329 autem
1082 4276 1351 4344 quomodo
1370 4276 1542 4345 possit
1566 4276 1777 4345 impleri

194 4364 299 4419 hoc
338 4365 480 4434 quod
514 4373 768 4435 precatur
799 4364 1118 4437 Apostolus,
1158 4372 1220 4419 ut
1255 4365 1567 4436 repleantur
1628 4364 1776 4419 omni

194 4456 391 4526 gaudio
426 4465 481 4510 et
516 4458 663 4511 omni
694 4471 844 4525 pace,
880 4456 1095 4511 diﬁicile
1124 4457 1256 4511 mihi
1299 4457 1514 4512 videtur
1550 4458 1771 4527 exponi,

194 4544 431 4599 maxime
465 4560 587 4599 cum
624 4546 787 4600 etiam
832 4546 947 4615 ipse
992 4545 1281 4615 Apostolus
1330 4546 1385 4601 in
1414 4547 1499 4601 his
1529 4562 1647 4619 qua:
1678 4561 1777 4616 per

192 4636 428 4706 gratiam
466 4635 698 4705 Spiritus
740 4644 1066 4691 consecutus
1104 4644 1208 4702 est,
1238 4652 1304 4691 ex
1342 4645 1497 4706 parte
1538 4637 1778 4711 seidicat

191 4727 357 4792 scire,
387 4736 443 4782 et
468 4742 533 4782 ex
559 4736 711 4797 parte
739 4726 1065 4798 prophetare
1094 4727 1147 4798 (I
1167 4725 1291 4781 Cor.
1325 4727 1483 4797 xm);
1527 4728 1624 4783 sed
1674 4744 1775 4799 ego

190 4825 324 4887 puto
366 4816 424 4869 in
471 4830 538 4870 eo
586 4817 783 4870 habere
831 4831 989 4885 posse
1036 4816 1318 4871 credentes
1385 4816 1775 4885 plenitudinem

190 4906 365 4979 pacis,
408 4921 530 4961 cum
568 4907 987 4961 reconciliantur
1064 4907 1173 4962 Deo
1235 4908 1385 4965 Patri
1448 4924 1546 4980 per
1611 4908 1773 4964 ﬁdem

192 4999 489 5055 secundum
517 4999 741 5053 verbum
768 4997 920 5052 Pauli
940 4997 1173 5053 dicentis
1212 4998 1298 5070 (II
1320 4998 1443 5054 Cor.
1471 4998 1526 5071 ν)
1553 5018 1567 5053 :
1592 4998 1773 5071 Roga-

192 5105 311 5143 mus
330 5105 424 5158 pro
446 5087 675 5154 Christo,
701 5088 1253 5153 reconciliaminiDeo,
1269 5098 1471 5145 etcum
1500 5090 1552 5144 in
1581 5104 1772 5160 pacem

192 5181 422 5236 redeunt
459 5196 584 5236 cum
608 5180 745 5237 Filio
771 5182 865 5235 Dei
897 5195 997 5250 per
1042 5180 1359 5250 sanguinem
1407 5181 1584 5236 crucis
1633 5182 1768 5253 ejus,

192 5278 400 5325 etcum
440 5280 630 5325 sancto
665 5270 889 5340 Spiritui
925 5272 1199 5325 sociantur
1249 5287 1371 5325 eum
1418 5287 1478 5327 se
1513 5273 1770 5327 emunda-

193 5361 375 5418 verint
400 5363 469 5417 ab
496 5362 642 5418 omni
673 5363 1101 5431 inquinamento,
1128 5371 1181 5417 et
1210 5361 1385 5416 eﬂ'eeti
1419 5362 1618 5416 fuerint
1642 5377 1767 5417 vasa

194 5462 407 5520 sancta,
447 5461 507 5509 ut
550 5453 625 5507 ita
679 5453 892 5507 demum
925 5453 1046 5522 quis
1088 5453 1286 5523 repleri
1329 5452 1577 5507 videatur
1622 5454 1767 5510 omni

192 5559 345 5615 pace,
386 5545 432 5600 si
458 5544 511 5599 in
539 5544 867 5615 plenitudine
901 5543 1191 5599 crediderit
1213 5537 1519 5598 Trinitatis.
1543 5544 1769 5613 Pr0pter

192 5637 299 5692 hoc
341 5637 573 5707 denique
622 5637 896 5709 subjuugit
918 5636 1225 5707 Apostolus,
1275 5647 1329 5692 et
1381 5637 1532 5703 dicit,
1557 5636 1767 5707 Repleat

198 5741 283 5781 ros
307 5729 447 5782 omni
474 5729 687 5795 gaudio,
714 5737 759 5782 et
783 5744 907 5781 vare
928 5728 991 5781 in
1024 5728 1300 5797 credenda,
1333 5738 1387 5781 ut
1420 5726 1692 5783 abttndetis
1715 5728 1767 5781 in

1806 4506 1857 4565 D

1890 3278 2169 3350 Tanquam
2204 3280 2297 3350 qui
2351 3283 2600 3337 conscius
2635 3283 2705 3336 sit
2740 3282 2843 3337 sibi
2886 3284 2938 3336 in
2978 3283 3126 3338 omni
3166 3293 3314 3338 textu
3350 3284 3481 3353 Epi-

1889 3372 2075 3438 stolas,
2118 3373 2245 3450 dum
2289 3374 2357 3428 ad
2400 3388 2495 3429 eos
2536 3375 2806 3429 interdum
2834 3376 2927 3445 qui
2952 3391 3035 3431 .ex
3067 3376 3483 3432 circumcisione

1888 3476 2053 3534 sunt,
2092 3468 2363 3522 interdum
2390 3484 2520 3523 vero
2555 3469 2621 3523 ad
2651 3483 2746 3523 eos
2774 3468 2863 3537 qui
2905 3484 2970 3521 ex
3009 3468 3260 3538 gentibus
3299 3469 3480 3524 credi-

1887 3556 2083 3611 derunt
2117 3556 2318 3612 faceret
2344 3557 2598 3622 verbum,
2640 3558 2783 3626 quod
2814 3557 3068 3611 nonnulla
3099 3558 3262 3611 etiam
3293 3557 3358 3610 de
3390 3572 3479 3611 se-

1886 3646 2214 3701 cretioribus
2249 3647 2521 3717 mysteriis
2559 3646 3107 3717 profundioribusque
3146 3646 3437 3716 contigerit
3463 3687 3478 3710 ,

1884 3742 1940 3791 et
1968 3735 2149 3790 studio
2192 3724 2479 3790 reddenda:
2527 3736 2753 3790 rationis
2796 3736 2951 3805 plura
2979 3752 3100 3805 qua:
3137 3737 3476 3791 habebantur

1884 3824 1941 3878 in
1970 3824 2200 3880 occultis
2250 3823 2586 3894 patefecerit,
2620 3824 2749 3879 licet
2802 3824 2856 3879 in
2916 3824 3143 3895 singulis
3197 3825 3479 3895 dispensa-

1885 3913 2086 3968 tionem
2136 3914 2288 3969 verbi
2341 3921 2499 3968 cauta
2534 3914 2905 3969 moderatione
2954 3916 3281 3981 servaverit,
3326 3926 3381 3969 et
3406 3932 3471 3972 ex

1880 4002 2059 4072 aliqua
2095 4011 2251 4073 parte
2279 4002 2543 4067 indicans,
2581 4016 2647 4057 ex
2685 4002 2849 4057 multa
2886 4018 3102 4057 rursum
3143 4013 3298 4072 parte
3342 4020 3473 4059 con-

1881 4093 2110 4157 texerit,
2146 4092 2351 4148 idcirco
2386 4091 2553 4147 dicit:
2593 4091 2862 4146 Audacius
2897 4100 3071 4145 autem
3107 4093 3292 4164 scripsi
3328 4095 3469 4149 vobis

1877 4203 1944 4241 ιω
1968 4197 2138 4258 parte,
2160 4195 2412 4257 tanquam
2437 4201 2851 4241 commemorans
2875 4201 2963 4239 υοδ
2988 4202 3080 4255 per
3107 4187 3333 4256 gratiam
3358 4205 3476 4259 qut!

1878 4278 2007 4332 data
2035 4288 2111 4332 est
2138 4278 2288 4332 mihi.
2335 4277 2505 4332 Audis
2532 4275 2850 4347 Apostolum
2886 4277 3191 4347 dicentem,
3226 4294 3291 4330 ex
3324 4290 3474 4347 parte

1877 4367 2112 4437 scripsi?
2164 4366 2320 4423 Unde
2365 4382 2543 4438 neque
2591 4368 2748 4423 nobis
2776 4367 2971 4435 aliquis
3021 4376 3371 4431 succenseat,
3428 4368 3473 4423 si

1881 4458 2266 4528 mysteriorum
2290 4455 2592 4512 divinorum
2619 4446 2888 4510 rationem
2915 4452 3206 4522 explanare
3227 4454 3472 4523 aliquan-

1882 4556 1996 4601 tum
2025 4561 2132 4601 non
2161 4545 2435 4609 valemus,
2485 4558 2608 4598 cum
2654 4543 2839 4597 audiat
2875 4556 2997 4597 eum
3029 4541 3121 4611 qui
3160 4542 3319 4595 nobis
3357 4542 3473 4597 hac

1880 4636 1999 4705 ipsa
2026 4636 2250 4691 tradidit
2276 4650 2345 4689 ex
2371 4641 2527 4705 parte
2558 4632 2879 4688 tradidisse:
2906 4647 3005 4685 nec
3039 4632 3326 4700 quisquam
3372 4632 3473 4687 sub

1880 4726 2122 4783 scientias
2162 4724 2320 4779 titulo
2362 4725 2437 4778 ita
2478 4722 2694 4777 inﬂatus
2730 4721 2983 4785 incedat,
3034 4729 3287 4788 tanquam
3347 4723 3468 4776 uni-

1880 4834 2038 4875 versa
2066 4816 2416 4888 cognoverit,
2458 4830 2584 4870 cum
2613 4814 2727 4883 ipse
2758 4810 2985 4876 Paulus,
3026 4826 3057 4864 a
3084 4826 3193 4880 quo
3228 4810 3471 4865 scientia:

1880 4908 2036 4964 nobis
2063 4922 2243 4963 sermo
2273 4904 2577 4961 transfusus
2605 4911 2690 4959 est
2708 4943 2723 4969 ,
2753 4918 2822 4957 ex
2849 4909 3003 4973 parte
3031 4901 3177 4957 dicat
3207 4902 3469 4964 scribere,

1877 5008 1934 5056 et
1963 5015 2033 5055 ex
2066 5008 2223 5071 parte
2262 5011 2610 5069 cognoscere.
2659 4996 2772 5065 Ego
2819 5000 3003 5048 tamen
3043 4992 3279 5047 arbitror
3302 4990 3467 5060 quod,

1877 5090 2127 5161 quamvis
2150 5089 2315 5143 etiam
2341 5088 2456 5156 ipse
2473 5086 2673 5141 Paulus
2694 5097 2763 5138 ex
2787 5089 2940 5153 parte
2962 5097 3023 5137 se
3045 5079 3187 5135 scire
3208 5078 3466 5144 fateatur,

1876 5184 2037 5255 plura
2061 5192 2241 5238 tamen
2276 5189 2331 5237 et
2358 5181 2527 5235 multo
2554 5179 2705 5249 plura
2732 5177 2933 5239 scierit,
2959 5189 3124 5245 quam
3152 5172 3465 5241 scripserit:

1876 5281 2134 5341 tanquam
2159 5269 2299 5341 quod
2328 5270 2443 5339 ipse
2472 5268 2636 5323 multa
2666 5267 2883 5330 sciret,’
2904 5280 3005 5320 nec
3033 5273 3213 5317 tamen
3245 5261 3471 5315 auderet

1874 5372 1931 5420 et
1972 5364 2142 5418 multa
2186 5360 2467 5431 proferre,
2513 5359 2793 5415 audaciam
2839 5356 2939 5411 sibi
2984 5352 3153 5407 fuisse
3191 5349 3358 5413 dicit,
3408 5359 3470 5402 ut

1874 5455 2055 5526 aliqua
2082 5454 2271 5511 saltem
2294 5453 2585 5524 Scriptura:
2612 5450 2999 5506 committeret.
3032 5445 3188 5526 Quod
3209 5457 3350 5518 vcrq
3370 5442 3470 5504 ait,

1875 5523 2299 5609 Commemorans
2325 5523 2526 5613 vesper
2549 5544 2775 5613 gratiam
2802 5556 2919 5612 qua:
2946 5523 3177 5593 data'est
3210 5533 3365 5595 mihi,
3392 5531 3471 5584 in-

1876 5634 2325 5706 dicatquemdam
2354 5633 2455 5687 sibi
2480 5631 2593 5701 jam
2623 5630 2790 5686 fuisse
2818 5644 3133 5685 sermonem
3154 5626 3219 5679 de
3248 5621 3469 5681 talibus,

1877 5735 1930 5782 et
1946 5727 2267 5785 disseruisse
2290 5740 2347 5781 se
2370 5739 2507 5796 saepe
2534 5724 2597 5780 de
2618 5720 2917 5794 mysteriis.
2944 5718 3060 5777 Sed
3082 5715 3334 5789 quoniam
3355 5722 3472 5779 (ιυω
