3948 6298
484 346 628 402 ἳδῦο

1121 342 1181 397 Β.
1223 343 1474 398 RABANI
1513 342 1730 398 MAURI
1767 341 2085 398 ABClllEP.
2125 341 2432 398 MOGUNT.
2473 337 2755 398 OPERUM
2790 339 2968 398 PARS
3007 336 3094 398 llr.

3595 342 3722 400 £600

490 457 605 512 solo
633 468 882 510 sermone
911 455 1052 509 dicta
1083 461 1242 516 sunt,
1281 453 1439 507 facile
1471 453 1816 521 interciperet
1844 452 2065 517 oblivio,
2095 459 2143 516 Α
2168 453 2379 521 loquor,
2427 454 2633 522 inquit,
2681 470 2786 508 non
2827 463 2952 509 sunt
2983 454 3142 509 alieni
3186 456 3368 525 operis
3394 454 3555 510 verba
3577 497 3592 521 ,
3637 472 3726 513 nec

487 563 580 614 per
606 546 739 608 lucc,
782 546 986 614 inquit,
1031 560 1198 612 pauca
1224 559 1338 612 qua:
1365 543 1548 612 scripsi
1575 557 1666 610 per
1693 542 1916 610 gratiam
1952 557 2068 610 qua:

463 635 617 703 _data
648 645 722 689 est
752 637 910 698 mihi,
943 633 1152 687 illorum
1183 633 1333 687 vobis
1360 633 1674 686 memoriam
1706 646 1920 695 revoco,
1950 645 2070 699 qua:

493 740 528 780 a
581 741 669 780 me
716 725 876 780 latius
916 737 1055 792 sa‘pe
1092 725 1320 777 disserta
1363 730 1506 777 sunt.
1561 723 1635 775 De
1675 722 1850 791 gratia
1891 729 2068 774 autem

488 829 652 885 quam
697 815 803 869 sibi
844 816 1025 867 datam
1062 813 1256 866 Paulus
1303 820 1709 876 commemorat,
1745 825 1904 879 supra
1955 810 2069 878 jam

492 905 746 960 diximus.
787 905 956 970 Quam
983 904 1207 973 gratiam
1240 902 1309 957 ob
1347 903 1448 956 hoc
1478 901 1576 955 sibi
1605 901 1786 954 datam
1813 899 1964 962 dicit,
2002 898 2071 952 Ut

492 996 615 1058 sint,
643 996 836 1064 inquit,
868 996 1167 1046 ministram
1199 989 1405 1045 Christo
1433 989 1559 1042 Jesu
1582 989 1636 1041 in
1661 988 1916 1058 gentibus,
1943 1004 2070 1041 san-

490 1084 727 1152 cti/icans
762 1082 1101 1152 Evangelium
1151 1079 1263 1133 Dei.
1317 1079 1468 1146 Quod
1507 1093 1607 1131 nos
1634 1077 1918 1143 habemus,
1945 1093 2071 1130 san-

490 1174 728 1240 ctiﬁcans
753 1173 1092 1243 Evangelium
1119 1174 1240 1238 Dei,
1283 1172 1452 1227 G‘razci
1511 1170 1940 1241 magnificentius
1988 1169 2073 1222 tli-

489 1274 619 1318 cunt
662 1266 1018 1338 ἱερουργοῦντα
1047 1267 1104 1319 τὸ
1150 1266 1431 1338 εὐαγγέλιον
1467 1269 1558 1318 τοῦ
1601 1267 1746 1322 Θεοῦ,
1779 1263 1919 1329 quod
1951 1260 2075 1313 licet

492 1367 599 1406 non
647 1353 802 1422 plene
854 1369 882 1406 a
933 1354 1105 1418 nobis,
1147 1360 1326 1422 posset
1372 1360 1550 1405 tamen
1614 1350 1719 1404 diei
1770 1349 2075 1416 sacriﬁcans

491 1439 833 1509 Evangelium
887 1442 1039 1496 Dei:
1075 1458 1171 1512 per
1224 1442 1367 1512 quod
1418 1442 1720 1496 ostenditur
1767 1439 2076 1510 pontiﬁcale

491 1529 831 1603 [sacriﬁcale]
875 1548 1010 1602 opus
1061 1547 1180 1588 esse
1229 1535 1546 1588 annuntiare
1574 1531 1940 1601 Evangelium.
1995 1531 2078 1584 ld-

491 1621 637 1676 circo
667 1622 899 1692 denique
928 1621 1230 1694 subiungit,
1275 1623 1345 1676 Ut
1371 1624 1465 1691 ﬁat
1501 1623 1690 1676 oblatio
1720 1622 1947 1693 gentium
1990 1639 2078 1675 ac-

494 1723 662 1781 cepta,
696 1715 1023 1782 sanctiﬁcata
1059 1716 1115 1768 in
1151 1713 1347 1785 Spiritu
1383 1697 1590 1778 simcto,
1632 1720 1691 1767 ul
1719 1714 1924 1769 scilicet
1950 1714 2077 1768 olfe—

491 1810 682 1855 rantur
708 1811 895 1873 gentes
929 1805 1058 1868 Deo,
1083 1783 1342 1874 tanquam
1371 1805 1697 1874 acceptabile
1723 1805 2068 1869 sacrificium,
2101 1783 2146 1841 Β

392 1940 395 1944 .
491 1911 614 1951 cum
663 1896 717 1949 in
747 1896 965 1951 Christo
995 1897 1278 1964 credentes
1325 1911 1422 1966 per
1458 1896 1806 1966 Evangelium
1837 1895 2075 1951 sanctiﬁ-

491 1993 706 2049 cantur,
755 1987 893 2040 sicut
935 1996 990 2041 et
1034 1989 1285 2056 superius
1320 1988 1485 2043 dicit:
1527 1988 1752 2042 Obsecro
1785 1989 1959 2058 itaque
1987 2004 2072 2040 vos

489 2092 580 2145 per
610 2077 1020 2129 misericordiam
1057 2076 1186 2143 Dei,
1234 2088 1288 2131 ut
1330 2079 1614 2132 exhibeatis
1650 2092 1870 2147 corpora
1903 2085 2073 2130 vestra

489 2163 716 2218 hostiam
745 2167 935 2231 rivom,
972 2177 1229 2231 sanctam,
1264 2166 1372 2220 Deo
1409 2167 1716 2238 placentem.
1748 2167 1901 2221 Sicut
1945 2182 2074 2237 ergo

489 2253 796 2324 pontiﬁces,
827 2270 948 2309 cum
980 2253 1618 2321 oll‘erebant,necessario
1647 2259 1725 2311 eis
1755 2266 1870 2311 erat
1898 2260 2076 2326 provi-

491 2349 724 2403 dendum
757 2364 824 2402 ne
857 2349 1064 2402 macula
1095 2351 1293 2404 inesset
1340 2349 1560 2413 hostiae,
1615 2365 1683 2402 ne
1727 2349 2072 2417 vituperatio,

490 2454 559 2492 ne
587 2439 874 2502 vitium,ut
893 2450 1073 2507 posset
1100 2448 1318 2507 accepta
1341 2453 1458 2492 esse
1481 2438 1589 2492 Deo
1617 2446 1670 2491 et
1699 2446 1851 2505 grata
1883 2456 1894 2489 ε
1924 2438 1997 2490 ita
2022 2445 2077 2490 et

492 2529 582 2597 qui
617 2527 964 2598 Evangelium
997 2528 1294 2592 sacriﬁcat,
1314 2536 1367 2582 et
1394 2528 1616 2580 verbum
1637 2525 1729 2579 Dei
1767 2526 2071 2590 annuntiat,

493 2633 686 2672 curare
715 2619 1039 2672 omnimodis
1069 2619 1247 2683 debet,
1280 2633 1346 2670 ne
1375 2633 1477 2685 qua
1509 2619 1562 2670 in
1596 2617 1934 2685 pnedicando
1964 2631 2077 2669 ma-

493 2710 637 2775 cula,
670 2724 844 2778 neque
872 2710 925 2763 in
957 2709 1196 2764 docendo
1227 2709 1443 2771 vitium,
1477 2722 1649 2775 neque
1680 2708 1732 2760 in
1766 2705 2078 2775 magisterio

491 2797 648 2866 culpa
679 2806 972 2852 nascatur:
1008 2799 1121 2862 sed,
1154 2807 1212 2852 ut
1239 2797 1312 2850 ita
1343 2798 1588 2860 dixerim,
1632 2796 1675 2848 si
1717 2795 1835 2870 ﬁeri
1878 2801 2073 2863 potest,

494 2887 842 2957 semetipsum
875 2887 1051 2956 primo
1081 2873 1354 2949 immolet,
1391 2902 1449 2940 se
1480 2886 1711 2954 primum
1739 2884 1888 2937 vitiis
1914 2883 2076 2953 jugu-

495 2981 591 3043 let,
620 2993 714 3032 sna
736 2978 909 3046 ipsius
936 2986 1157 3046 peccata
1184 2977 1331 3046 prior
1355 2975 1661 3037 mortiﬁcet,
1684 2981 1743 3027 ut
1767 2987 1875 3027 non
1905 2972 2078 3026 solum

496 3064 763 3128 doctrina,
801 3066 896 3120 sed
924 3074 979 3118 et
1008 3065 1133 3118 vita:
1158 3063 1405 3132 exemplo
1435 3061 1819 3131 discipulorum
1850 3059 2076 3114 salutem

498 3152 773 3207 oblatione
803 3168 897 3206 sua
938 3161 1211 3221 acceptam
1242 3150 1403 3206 faciat
1430 3151 1558 3203 Deo.
1599 3147 1961 3217 Sancti/icata,
1994 3150 2078 3202 in-

497 3245 645 3314 quit,
677 3246 731 3298 in
762 3244 966 3314 Spiritu
993 3254 1193 3308 sancto,
1239 3241 1680 3297 sanctificationis
1709 3238 1829 3294 fons
1845 3237 2079 3308 Spiritus

500 3343 603 3397 est,
628 3343 683 3388 et
710 3333 829 3388 ideo
856 3334 1055 3389 oblatio
1083 3334 1342 3403 gentium,
1371 3347 1489 3400 quae
1516 3329 1682 3384 Paulo
1709 3329 2081 3384 sanctiﬁcante

501 3422 745 3483 oﬁertur,
780 3438 886 3475 non
918 3437 1014 3492 per
1041 3421 1439 3476 observantiam
1469 3418 1624 3488 legis,
1654 3417 1747 3472 sed
1776 3431 1875 3486 per
1905 3415 2081 3487 Spiri-

503 3525 616 3569 tum
647 3522 891 3568 sanctum
920 3522 1140 3583 accepta
1167 3512 1282 3566 ﬁeri
1312 3511 1508 3564 dicitur
1535 3511 1663 3565 Deo.

578 3604 757 3659 Habeo
802 3606 961 3674 igitur
1003 3603 1222 3674 gloriam
1269 3604 1325 3676 in
1368 3599 1572 3654 Christo
1609 3599 1738 3653 Jesu
1784 3598 1853 3651 ad
1894 3597 2080 3651 Deum.

507 3693 631 3748 Non
657 3694 794 3747 enim
822 3694 988 3746 audeo
1020 3691 1217 3762 aliquid
1247 3692 1385 3761 loqui
1411 3706 1587 3744 eorum
1615 3706 1731 3759 qua:
1758 3705 1849 3758 per
1871 3705 1952 3742 me
1982 3704 2085 3741 non

504 3783 651 3852 efﬁcit
684 3781 922 3834 Christus
954 3781 1007 3832 in
1039 3780 1380 3851 obedientiam
1408 3780 1634 3848 gentium
1661 3777 1809 3830 verbo
1837 3786 1882 3829 et
1909 3775 2083 3844 factis,

504 3869 559 3925 in
585 3871 793 3924 virtutes
820 3870 1085 3939 signorum
1116 3878 1164 3922 et
1191 3868 1548 3936 prodigiorum
1576 3868 1628 3919 in
1653 3868 1838 3920 virtute
1861 3863 2085 3934 Spiritus

504 3961 692 4014 sancti.
726 3960 863 4014 Vera
891 3958 1107 4027 quidem
1137 3957 1383 4028 gloriatio
1409 3957 1475 4009 ad
1505 3956 1670 4008 Deum
1699 3972 1805 4009 non
1835 3963 1950 4019 est,
1983 3955 2085 4008 nisi

506 4050 596 4105 illa
634 4065 754 4119 quae
781 4057 863 4104 est
891 4051 945 4102 in
973 4049 1190 4103 Christo
1224 4066 1236 4100 :
1274 4047 1388 4101 sine
1414 4046 1629 4100 Christo
1657 4054 1835 4099 autem
1865 4043 2087 4114 gloriari

506 4139 561 4193 in
590 4139 699 4193 Deo
729 4139 835 4193 tale
864 4147 976 4204 est,
1019 4139 1178 4207 quale
1216 4138 1259 4191 si
1298 4137 1419 4204 quis
1447 4137 1588 4190 dicat
1617 4151 1775 4203 posse
1803 4150 1861 4188 se
1889 4135 2088 4188 habere

505 4226 732 4297 gloriam
757 4228 898 4297 apud
926 4229 1092 4281 Deum
1125 4226 1241 4279 sine
1261 4225 1490 4294 justitia,
1518 4225 1634 4276 sine
1661 4222 1943 4291 sapientia,
1974 4221 2088 4274 sine

510 4319 770 4384 veritate;
803 4320 918 4372 haec
936 4318 1082 4372 enim
1102 4315 1280 4371 omnia
1295 4314 1542 4368 Christus
1567 4321 1670 4375 est,
1686 4323 1739 4365 ct
1763 4311 1880 4365 ideo
1900 4312 1951 4364 in
1973 4310 2087 4364 solo

2170 541 2466 595 alienorum
2494 551 2770 612 gestorum
2799 543 3046 598 laudator
3093 542 3318 608 eﬂicior,
3363 545 3457 599 sed
3481 559 3598 614 qua
3624 544 3726 599 scio

2170 628 2442 683 Christum
2486 644 2584 698 per
2629 646 2716 686 me
2761 630 3023 696 eﬁ‘ecisse,
3053 632 3168 685 haec
3191 632 3344 685 vobis
3383 633 3574 695 scribo,
3618 646 3739 702 qua

2170 735 2266 789 per
2294 722 2650 776 obedientiam
2681 725 2919 792 gentium
2946 725 3111 778 verbo
3146 723 3201 777 in
3238 738 3324 776 me
3365 734 3420 776 et
3455 739 3614 792 opere
3638 739 3738 780 exo-

2171 809 2364 878 plevit,
2396 813 2560 865 verbo
2597 813 3012 879 prtedieationis,
3042 827 3203 880 Opere
3231 813 3504 882 signorum
3532 822 3584 867 et
3608 829 3726 883 pro-

2172 898 2456 968 digiorum.
2497 899 2624 965 Quae
2656 907 2830 954 autem
2874 901 2945 954 sit
2982 898 3285 954 differentia
3320 903 3459 955 inter
3489 902 3637 970 signa
3677 913 3729 959 et

2173 993 2505 1063 prodigia,et
2527 994 2581 1047 in
2604 993 2723 1048 aliis
2739 993 2852 1060 jam
2874 993 3034 1047 latius
3051 993 3305 1057 diximus,
3325 1004 3379 1049 et
3411 997 3461 1048 in
3493 996 3740 1064 przesenti-

2173 1085 2290 1139 loco
2315 1085 2743 1154 compendiosius
2767 1084 3172 1151 explicabimus.
3195 1085 3362 1153 Signa
3382 1086 3728 1153 appellantur,

2175 1175 2226 1228 in
2257 1173 2451 1243 quibus
2477 1189 2603 1227 cum
2628 1173 2697 1226 sit
2723 1171 2923 1240 aliquid
2952 1171 3215 1233 mirabile,
3241 1173 3511 1225 indicatur
3532 1189 3738 1243 quoque

2176 1261 2376 1329 aliquid
2412 1259 2690 1314 futurum:
2727 1261 2973 1330 prodigia
3004 1276 3151 1325 vero,
3187 1261 3240 1314 in
3279 1261 3475 1329 quibus
3512 1272 3736 1316 tantum-

2174 1353 2331 1406 modo
2359 1352 2602 1406 mirabile
2629 1352 2832 1422 aliquid
2856 1352 3184 1418 ostenditur;
3215 1353 3364 1424 signa
3393 1369 3520 1407 vero
3545 1365 3594 1409 et
3619 1371 3730 1423 pro-

2175 1440 2315 1509 digia
2339 1441 2490 1509 quasi
2515 1457 2635 1509 quae
2657 1450 2940 1510 utrumque
2959 1443 3271 1496 contineant
3297 1443 3451 1496 dixit.
3471 1443 3732 1513 Scriptura

2178 1540 2356 1602 tamen
2384 1529 2564 1585 divina
2596 1531 2864 1585 interdum
2898 1539 3042 1586 tenet
3074 1532 3204 1587 istas
3235 1535 3622 1602 pr0prietates,
3655 1534 3730 1587 in-

2177 1621 2386 1675 terdum
2435 1631 2615 1675 autem
2662 1623 2882 1677 abusive
2927 1631 2983 1677 et
3027 1624 3269 1693 prodigia
3313 1640 3413 1692 pro
3447 1627 3643 1694 signis,
3687 1635 3736 1680 et

2177 1713 2328 1782 signa
2358 1728 2456 1782 pro
2485 1713 2743 1782 prodigiis
2769 1714 2937 1781 ponit.
2971 1714 3320 1769 Observanda
3351 1725 3476 1769 sunt
3507 1717 3616 1770 hzec
3647 1717 3734 1770 Ecé

2174 1802 2458 1856 clesiarum
2503 1803 2834 1867 rectoribus,
2891 1812 2945 1856 et
2991 1805 3233 1873 diligenti
3283 1807 3580 1859 intentione
3628 1822 3733 1860 ser-

2172 1893 2384 1956 vanda,
2437 1899 2494 1945 ut
2544 1906 2719 1961 neque
2764 1892 2909 1961 loqui
2959 1892 3163 1962 aliquid
3227 1893 3518 1946 videantur
3563 1911 3733 1949 eorum

2172 1996 2291 2050 quae
2320 1996 2416 2050 per
2445 1981 2590 2050 ipsos
2628 1996 2734 2034 non
2773 1980 3012 2036 effecerit
3041 1980 3310 2046 Christus,
3343 1999 3521 2052 neque
3551 1984 3736 2038 alienos

2173 2071 2386 2126 labores
2421 2081 2477 2125 et
2515 2071 2697 2125 studia
2731 2071 3059 2126 decolorent.
3113 2071 3377 2140 Loquitur
3416 2083 3590 2126 autem
3629 2075 3737 2141 quis

2174 2176 2236 2214 ea
2295 2177 2414 2229 quae
2459 2178 2556 2230 per
2601 2177 2659 2216 se
2707 2177 2814 2216 non
2867 2161 3033 2216 efﬁcit
3060 2162 3310 2216 Christus
3345 2163 3447 2215 hoc
3485 2165 3654 2226 modo,
3698 2164 3735 2216 si

2175 2251 2427 2319 loquatur
2453 2252 2519 2305 de
2559 2253 2889 2306 continentia
2919 2263 2973 2304 et
3004 2251 3228 2316 doceat,
3270 2267 3393 2305 cum
3436 2252 3548 2320 ipse
3579 2255 3734 2305 conti-

2174 2358 2310 2396 nens
2341 2358 2443 2396 non
2476 2344 2544 2396 sit
2581 2361 2592 2393 :
2631 2343 2714 2396 vel
2759 2343 2802 2396 si
2841 2343 3090 2411 loquatur
3117 2342 3185 2396 de
3213 2342 3535 2404 sobrietate,
3568 2343 3643 2396 vel
3682 2343 3737 2396 de

2169 2433 2407 2501 justitia,
2443 2433 2523 2486 vel
2567 2432 2633 2487 de
2675 2433 2964 2504 largiendis
2986 2433 3214 2506 opibus,
3258 2442 3314 2487 et
3351 2433 3739 2486 contemnendis

2175 2522 2518 2577 facultatibus
2542 2538 2640 2591 pro
2665 2538 2830 2591 regno
2852 2523 2970 2583 Dei,
3013 2531 3067 2576 et
3090 2523 3146 2575 in
3174 2523 3290 2590 ipso
3313 2522 3405 2590 qui
3435 2523 3550 2575 haec
3580 2523 3735 2584 docet,

2175 2596 2314 2666 nihil
2341 2613 2534 2666 horum
2563 2611 2801 2666 effecerit
2827 2611 3095 2666 Christus.
3149 2611 3216 2664 Et
3258 2611 3381 2665 ideo
3416 2609 3637 2663 formam
3667 2611 3739 2664 sui

2175 2702 2467 2772 Apostolus
2495 2703 2678 2772 ponit,
2709 2711 2764 2756 et
2791 2703 2922 2757 dicit
2949 2718 3012 2756 ea
3041 2717 3101 2757 se
3128 2702 3307 2771 loqui,
3356 2709 3412 2754 et
3448 2716 3509 2754 ea
3546 2703 3740 2755 caeteris

2175 2789 2488 2860 praedicare,
2514 2806 2634 2859 quae
2659 2806 2758 2859 per
2782 2791 2953 2861 ipsum
2981 2791 3132 2861 prius
3153 2790 3402 2845 Christus
3431 2790 3737 2858 impleverit.

2179 2884 2265 2938 Ita
2297 2894 2350 2937 ut
2378 2885 2441 2937 ab
2465 2884 2756 2938 Jerusalem
2783 2901 2874 2954 per
2895 2885 3172 2937 circuitum
3201 2899 3364 2953 usque
3391 2884 3460 2935 ad
3487 2883 3740 2952 Illyricum

2181 2973 2476 3042 repleverim
2506 2971 2848 3043 Evangelium
2883 2972 3097 3027 Christi.
3154 2971 3240 3026 Sic
3272 2983 3448 3025 autem
3483 2972 3741 3040 pra-dicati

2181 3062 2541 3132 Evangelium,
2567 3079 2668 3116 non
2692 3062 2780 3116 ubi
2807 3064 3104 3116 nominatus
3132 3072 3206 3115 est
3227 3059 3488 3122 Christus,
3518 3078 3581 3114 ne
3605 3075 3742 3128 super

2182 3151 2406 3205 alienum
2436 3153 2832 3220 fundamentum
2859 3151 3195 3219 tediﬁcarem.
3249 3150 3448 3204 Paulus
3491 3165 3616 3221 ergo
3660 3164 3742 3218 per

2180 3250 2497 3311 potestatem
2529 3243 2803 3312 signorum
2841 3249 2895 3296 et
2949 3240 3354 3311 prodigiorum,
3412 3255 3534 3308 qua:
3583 3249 3740 3294 tamen

2184 3333 2336 3403 signa
2368 3341 2421 3388 et
2453 3333 2696 3403 prodigia
2728 3333 2782 3386 in
2809 3333 3008 3387 virtute
3035 3333 3209 3387 sancti
3242 3330 3480 3400 Spiritus
3510 3330 3741 3391 faciebat,

2185 3422 2252 3477 ab
2280 3422 2578 3477 Jerusalem
2615 3437 2786 3491 usque
2821 3422 2890 3475 ad
2939 3420 3208 3492 Illyricum
3249 3421 3482 3490 replevit
3523 3420 3744 3489 Evange-

2184 3511 2314 3566 lium
2342 3511 2562 3567 Christi.
2618 3511 2783 3582 Moysi
2817 3519 2870 3566 et
2897 3512 3086 3566 Aaron
3108 3512 3328 3566 dederat
3355 3508 3502 3565 Deus
3533 3519 3746 3579 potesta-

2185 3610 2294 3656 tem
2327 3602 2603 3672 signorum
2643 3609 2697 3655 et
2723 3599 3113 3671 prodigiorum,
3157 3601 3298 3656 sicut
3339 3602 3604 3671 scriptum
3633 3610 3742 3656 est:

2187 3689 2372 3745 Posuit
2402 3693 2456 3744 in
2483 3691 2556 3744 eis
2582 3691 2735 3745 verba
2764 3692 3052 3760 signorum,
3082 3698 3129 3744 et
3159 3690 3521 3758 prodigiorum
3549 3693 3602 3744 in
3625 3701 3746 3744 terra

2188 3779 2441 3834 Chanaan
2507 3779 2678 3849 (Psal.
2747 3779 2896 3851 etv),
2954 3787 3014 3832 ut
3077 3778 3218 3832 ﬁlios
3291 3779 3457 3834 Israel
3508 3782 3744 3849 castigata

2187 3877 2420 3949 IEgypto
2454 3878 2765 3941 liberarent,
2804 3876 2900 3930 sed
2928 3875 3004 3929 illi
3032 3875 3121 3927 vix
3152 3885 3445 3940 rarumque
3477 3877 3747 3939 potuerunt

2187 3986 2251 4025 ex
2283 3969 2654 4040 Egyptiorum
2699 3976 2857 4038 gente
2901 3974 3255 4029 convertere;
3311 3962 3515 4016 Paulus
3549 3969 3746 4030 accepta

2186 4066 2451 4129 potestate
2477 4059 2750 4129 signorum
2783 4065 2838 4112 et
2867 4056 3232 4128 prodigiorum
3279 4069 3386 4109 non
3432 4068 3597 4107 unam
3633 4065 3744 4122 gen-

2190 4159 2296 4205 tem
2329 4163 2500 4220 neque
2545 4150 2680 4204 duos
2728 4157 2822 4202 aut
2867 4157 2977 4202 tres
3023 4146 3268 4216 populos,
3321 4145 3416 4199 sed
3465 4158 3650 4199 omnes
3692 4141 3746 4195 ab

2187 4239 2483 4295 Jerusalem
2515 4240 2568 4294 in
2598 4238 2826 4294 circuitu
2868 4251 3038 4305 usque
3086 4235 3152 4289 ad
3200 4235 3475 4306 Illyricum
3525 4235 3748 4288 nationes

2189 4346 2254 4384 ae
2301 4330 2522 4401 populos
2567 4329 2950 4399 praedicatione
2983 4325 3174 4390 verbi,
3231 4332 3286 4379 et
3334 4339 3566 4393 operum
3598 4323 3747 4376 virtu-

507 4409 727 4463 Chris‘o
755 4422 882 4497 “ira
915 4407 1279 4497 θεεειρτίειιίξξ
1320 4405 1385 4497 ξδά
1431 4405 1620 4497 Ῑῖθιξῐηῖ
1659 4400 1845 4497 simne
1873 4410 1955 4497 (ἦδί
1980 4402 2084 4497 ¹ξ9⁰
2112 4438 2162 4497 ι)
2189 4400 2408 4491 tumque
2453 4421 2689 4492 potentia
2744 4420 2810 4475 ad
2853 4417 3054 4475 Christi
3096 4423 3436 4472 sacramenta
3480 4413 3745 4469 convertit.

508 4497 624 4561 illi,
671 4495 816 4566 quod
848 4497 902 4549 in
936 4495 1056 4550 aliis
1088 4495 1202 4562 ipse
1232 4493 1398 4546 dicit:
1440 4492 1541 4555 Qui
1571 4491 1847 4560 gloriatur,
1892 4491 1948 4543 in
1979 4489 2086 4543 Do-

509 4588 652 4640 mino
681 4584 953 4656 glorietur.
988 4585 1269 4651 Quomodo
1298 4583 1576 4653 culpabilis
1604 4583 1674 4636 sit
1702 4581 1948 4650 gloriatio
1975 4596 2090 4634 om-

513 4675 630 4740 nis,
659 4691 779 4744 quae
812 4683 966 4729 extra
999 4674 1271 4730 Christum
1303 4683 1419 4737 est,
1453 4671 1603 4726 verbi
1637 4685 1830 4734 causa,
1867 4669 1920 4723 in
1949 4669 2088 4723 divi-

512 4767 639 4832 tiis,
669 4767 753 4821 vel
787 4767 1086 4822 honoribus
1120 4767 1331 4832 seaculi,
1363 4766 1446 4821 vel
1479 4765 1741 4834 sapientia
1772 4763 1992 4830 mundi,
2038 4771 2093 4818 et

511 4860 724 4916 creteris
750 4860 977 4924 artibus,
1001 4875 1121 4930 quae
1145 4869 1296 4914 extra
1318 4859 1595 4912 Christum
1620 4866 1765 4922 sunt,
1794 4873 1953 4927 supra
1979 4856 2090 4927 jam

511 4951 674 5007 latius
706 4952 1076 5008 disseruimus.
1134 4950 1423 5006 Sciendum
1472 4965 1601 5004 sane
1648 4957 1768 5014 est,
1814 4951 1956 5018 quod
2002 4950 2092 5004 hic

515 5039 696 5096 Latini
743 5043 965 5112 gloriam
1015 5059 1112 5114 pro
1160 5043 1478 5113 gloriatione
1507 5049 1820 5111 posuerunt.
1861 5038 2091 5111 (Ambr.)

517 5130 756 5186 Gloriam
792 5129 991 5187 habere
1038 5148 1095 5187 se
1141 5135 1271 5188 dicit
1315 5133 1454 5202 apud
1499 5133 1664 5186 Deum
1699 5147 1796 5202 per
1823 5129 2094 5185 Christum

518 5221 709 5279 Iesum
749 5241 763 5277 :
807 5224 1033 5279 credens
1069 5225 1214 5279 enim
1253 5233 1308 5279 et
1345 5226 1586 5280 serviens
1624 5223 1838 5279 Christo
1867 5220 1992 5278 Jesu
2043 5223 2095 5277 in

520 5312 848 5368 conscientia
873 5330 1026 5383 pura,
1060 5317 1311 5371 meritum
1342 5315 1441 5370 sibi
1475 5315 1596 5369 fecit
1635 5316 1769 5384 apud
1791 5316 1958 5370 Deum
1989 5314 2094 5369 Pa-

523 5409 685 5468 trem,
716 5401 771 5456 in
804 5409 1009 5458 tantum
1039 5414 1097 5459 ut
1125 5405 1255 5459 nihil
1285 5405 1471 5460 deesse
1502 5405 1666 5471 dicat,
1697 5408 1837 5475 quod
1866 5424 1970 5462 non
2001 5422 2097 5478 per

526 5489 676 5544 illum
707 5502 960 5561 operatus
1001 5495 1069 5548 sit
1097 5494 1342 5550 Christus
1389 5496 1458 5550 ad
1503 5497 1932 5551 exhortationem
1965 5515 2097 5568 gen-

527 5580 685 5645 tium,
717 5581 894 5637 dando
934 5584 1176 5652 prodigia
1219 5594 1274 5638 et
1309 5586 1458 5656 signa
1497 5601 1592 5654 per
1622 5601 1814 5640 manus
1848 5586 1994 5655 ejus,
2041 5596 2101 5641 ut

532 5675 960 5745 prtedicationem
984 5675 1099 5746 ejus
1117 5679 1288 5734 virtus
1310 5681 1726 5735 commendaret.
1756 5677 1952 5748 (Oi-ig.)
1975 5679 2103 5746 Quae

2192 4513 2284 4568 Sir.
2315 4522 2490 4567 autem
2523 4511 2834 4580 praedicavit
2855 4510 2958 4564 hoc
2988 4507 3357 4578 Evangelium,
3377 4516 3436 4559 ut
3457 4521 3569 4559 non
3585 4502 3750 4558 alienis

2192 4602 2484 4664 laboribus,
2513 4617 2686 4670 neque
2714 4601 2903 4655 aliena:
2929 4598 3298 4668 prtedieationi
3342 4596 3748 4649 additamentum

2194 4693 2278 4749 sui
2311 4693 2873 4752 sermonisinsereret,
2892 4703 2959 4742 ne
2989 4688 3057 4742 ab
3084 4686 3189 4758 alio
3218 4686 3340 4741 ﬁdei
3363 4685 3560 4754 positis
3589 4685 3752 4738 funda-

2196 4780 2390 4836 mentis
2416 4781 2531 4849 ipse
2575 4777 2860 4833 aediﬁcium
2903 4775 3136 4846 propriae
3166 4773 3575 4843 praedicatiOnis
3603 4774 3751 4842 impo—

2197 4876 2369 4932 neret,
2419 4875 2474 4922 et
2508 4866 2668 4922 alieni
2700 4863 2878 4934 operis
2903 4863 3183 4931 subripere
3212 4861 3438 4930 gloriam
3475 4861 3749 4914 videretur.

2197 4957 2424 5029 (Ambr.)
2457 4956 2571 5010 Non
2608 4957 2723 5010 sine
2757 4969 2917 5010 causa
2941 4953 3052 5006 illic
3082 4965 3139 5005 se
3166 4949 3464 5020 [medicare
3496 4949 3594 5002 niti
3626 4948 3752 5011 dicit,

2199 5050 2288 5104 ubi
2312 5063 2417 5101 non
2442 5042 2750 5101 nominatus
2772 5052 2856 5099 est
2871 5041 3150 5104 Christus;
3177 5039 3355 5094 sciens
3378 5039 3528 5092 enim
3549 5037 3754 5108 pseudo-

2199 5136 2469 5208 apostolos
2508 5137 2664 5191 aliter
2692 5150 2853 5204 quam
2891 5132 3175 5202 oportebat
3202 5129 3477 5185 Christum
3521 5130 3754 5184 tradere:

2199 5227 2267 5282 ad
2298 5227 2397 5282 hoc
2423 5228 2566 5282 enim
2594 5225 2925 5288 circnibant,
2957 5233 3018 5275 ut
3049 5221 3148 5276 sub
3175 5221 3396 5275 nomine
3422 5219 3626 5274 Christi
3657 5217 3758 5273 aliis

2200 5317 2538 5387 dogmatibus
2563 5315 2815 5385 populum
2845 5312 3236 5381 manciparent,
3266 5311 3408 5381 quod
3444 5320 3635 5380 postea
3665 5323 3760 5364 cor-

2203 5407 2380 5476 rigere
2418 5404 2636 5461 maximi
2681 5411 2799 5457 erat
2843 5401 3075 5464 laboris;
3117 5399 3319 5452 idcirco
3355 5399 3662 5467 praevenire
3687 5411 3760 5449 vo-

2206 5496 2340 5561 luit,
2389 5505 2450 5549 ut
2482 5493 2753 5547 mundata:
2784 5487 3181 5561 praedicationis
3211 5488 3376 5542 verba
3399 5489 3658 5541 iraderet
3685 5502 3760 5539 au-

2207 5585 2499 5646 dientibus,
2523 5590 2575 5637 et
2605 5582 2813 5652 integra
2847 5579 2991 5633 linea
3039 5575 3355 5645 superﬁcies
3398 5579 3649 5631 ordinata
3693 5578 3758 5630 in-

2210 5672 2434 5731 columis
2455 5669 2786 5727 fundamenti
2813 5669 2976 5724 robur
3004 5665 3248 5721 haberet.
3273 5658 3338 5720 Et
3367 5669 3495 5735 quia
3528 5669 3761 5732 magister
