  <div class='ocr_page' id='page_1' title='image "/cluster/home/n/w/nwhite01/storage/ocr_20150623/111/uva.x000827067/808.png"; bbox 0 0 3948 6380; ppageno 0'>
   <div class='ocr_carea' id='block_1_1' title="bbox 166 304 1759 377">
    <p class='ocr_par' dir='ltr' id='par_1_1' title="bbox 166 312 1753 377">
     <span class='ocr_line' id='line_1_1' title="bbox 166 312 1753 377; baseline -0.005 -2"><span class='ocrx_word' id='word_1_1' title='bbox 166 317 298 375; x_wconf 66' lang='grc' dir='ltr'><strong>ωσι</strong></span> <span class='ocrx_word' id='word_1_2' title='bbox 685 316 1227 377; x_wconf 75' lang='lat' dir='ltr'><strong>ENARRATIONUM</strong></span> <span class='ocrx_word' id='word_1_3' title='bbox 1259 316 1329 374; x_wconf 79' lang='lat' dir='ltr'><strong>IN</strong></span> <span class='ocrx_word' id='word_1_4' title='bbox 1365 315 1512 373; x_wconf 83' lang='lat' dir='ltr'><strong>EPP.</strong></span> <span class='ocrx_word' id='word_1_5' title='bbox 1551 312 1753 372; x_wconf 75' lang='lat' dir='ltr'><strong>PAULI</strong></span> 
     </span>
    </p>
   </div>
   <div class='ocr_carea' id='block_1_2' title="bbox 1864 304 3409 377">
    <p class='ocr_par' dir='ltr' id='par_1_2' title="bbox 1864 304 3409 366">
     <span class='ocr_line' id='line_1_2' title="bbox 1864 304 3409 366; baseline -0.001 0"><span class='ocrx_word' id='word_1_6' title='bbox 1864 309 1916 366; x_wconf 84' lang='grc' dir='ltr'><strong>Β.</strong></span> <span class='ocrx_word' id='word_1_7' title='bbox 1959 308 2091 364; x_wconf 75' lang='lat' dir='ltr'><strong>Vill.</strong></span> <span class='ocrx_word' id='word_1_8' title='bbox 2130 337 2202 351; x_wconf 90' lang='grc'><strong><em>-</em></strong></span> <span class='ocrx_word' id='word_1_9' title='bbox 2228 307 2299 364; x_wconf 85' lang='lat' dir='ltr'><strong>1N</strong></span> <span class='ocrx_word' id='word_1_10' title='bbox 2325 306 2556 364; x_wconf 76' lang='grc' dir='ltr'><strong>ΕΡΙΞΤ.</strong></span> <span class='ocrx_word' id='word_1_11' title='bbox 2595 304 2863 363; x_wconf 71' lang='grc' dir='ltr'><strong>ΔΒΒΟΜ</strong></span> <span class='ocrx_word' id='word_1_12' title='bbox 3262 304 3409 365; x_wconf 65' lang='lat'><strong>160!</strong></span> 
     </span>
    </p>
   </div>
   <div class='ocr_carea' id='block_1_3' title="bbox 164 416 3406 501">
    <p class='ocr_par' dir='ltr' id='par_1_3' title="bbox 164 416 3406 501">
     <span class='ocr_line' id='line_1_3' title="bbox 164 416 3406 501; baseline -0.003 -18"><span class='ocrx_word' id='word_1_13' title='bbox 164 431 324 485; x_wconf 86' lang='lat' dir='ltr'><strong>datus</strong></span> <span class='ocrx_word' id='word_1_14' title='bbox 367 439 452 486; x_wconf 79' lang='lat' dir='ltr'><strong>eSt</strong></span> <span class='ocrx_word' id='word_1_15' title='bbox 494 430 1076 501; x_wconf 84' lang='lat' dir='ltr'><strong>gentibus,°oportebat</strong></span> <span class='ocrx_word' id='word_1_16' title='bbox 1103 445 1225 484; x_wconf 91' lang='lat' dir='ltr'><strong>eum</strong></span> <span class='ocrx_word' id='word_1_17' title='bbox 1256 429 1482 484; x_wconf 78' lang='lat' dir='ltr'><strong>sollicite</strong></span> <span class='ocrx_word' id='word_1_18' title='bbox 1512 430 1614 484; x_wconf 90' lang='lat' dir='ltr'><strong>hoc</strong></span> <span class='ocrx_word' id='word_1_19' title='bbox 1639 443 1732 482; x_wconf 89' lang='lat' dir='ltr'><strong>cu-</strong></span> <span class='ocrx_word' id='word_1_20' title='bbox 1761 433 1808 489; x_wconf 84' lang='grc' dir='ltr'>Α</span> <span class='ocrx_word' id='word_1_21' title='bbox 1836 423 1958 478; x_wconf 89' lang='lat' dir='ltr'><strong>dius</strong></span> <span class='ocrx_word' id='word_1_22' title='bbox 1985 422 2030 475; x_wconf 87' lang='lat' dir='ltr'><strong>si</strong></span> <span class='ocrx_word' id='word_1_23' title='bbox 2063 421 2184 484; x_wconf 90' lang='lat' dir='ltr'><strong>iret,</strong></span> <span class='ocrx_word' id='word_1_24' title='bbox 2212 435 2318 473; x_wconf 90' lang='lat' dir='ltr'><strong>non</strong></span> <span class='ocrx_word' id='word_1_25' title='bbox 2343 428 2461 473; x_wconf 91' lang='lat' dir='ltr'><strong>erat</strong></span> <span class='ocrx_word' id='word_1_26' title='bbox 2488 418 2791 473; x_wconf 88' lang='lat' dir='ltr'><strong>molestum.</strong></span> <span class='ocrx_word' id='word_1_27' title='bbox 2824 416 3021 489; x_wconf 69' lang='grc' dir='ltr'><strong>(Θήρ.)</strong></span> <span class='ocrx_word' id='word_1_28' title='bbox 3045 416 3200 484; x_wconf 83' lang='lat' dir='ltr'><strong>Quod</strong></span> <span class='ocrx_word' id='word_1_29' title='bbox 3225 425 3406 474; x_wconf 74' lang='lat' dir='ltr'><strong>autem</strong></span> 
     </span>
    </p>
   </div>
   <div class='ocr_carea' id='block_1_4' title="bbox 169 510 3408 582">
    <p class='ocr_par' dir='ltr' id='par_1_4' title="bbox 169 510 3408 582">
     <span class='ocr_line' id='line_1_4' title="bbox 169 510 3408 582; baseline -0.002 -10"><span class='ocrx_word' id='word_1_30' title='bbox 169 535 311 582; x_wconf 85' lang='lat' dir='ltr'><strong>rare,</strong></span> <span class='ocrx_word' id='word_1_31' title='bbox 348 527 407 573; x_wconf 91' lang='lat' dir='ltr'><strong>ut</strong></span> <span class='ocrx_word' id='word_1_32' title='bbox 435 518 543 575; x_wconf 89' lang='lat' dir='ltr'><strong>illic</strong></span> <span class='ocrx_word' id='word_1_33' title='bbox 572 519 810 582; x_wconf 89' lang='lat' dir='ltr'><strong>doceret,</strong></span> <span class='ocrx_word' id='word_1_34' title='bbox 841 520 931 573; x_wconf 90' lang='lat' dir='ltr'><strong>ubi</strong></span> <span class='ocrx_word' id='word_1_35' title='bbox 957 518 1204 572; x_wconf 76' lang='lat' dir='ltr'><strong>Christus</strong></span> <span class='ocrx_word' id='word_1_36' title='bbox 1240 533 1345 571; x_wconf 93' lang='lat' dir='ltr'><strong>non</strong></span> <span class='ocrx_word' id='word_1_37' title='bbox 1383 515 1558 571; x_wconf 80' lang='lat' dir='ltr'><strong>fuerat</strong></span> <span class='ocrx_word' id='word_1_38' title='bbox 1592 530 1732 568; x_wconf 89' lang='lat' dir='ltr'><strong>nuu-</strong></span> <span class='ocrx_word' id='word_1_39' title='bbox 1831 515 1996 576; x_wconf 82' lang='lat' dir='ltr'><strong>dixit,</strong></span> <span class='ocrx_word' id='word_1_40' title='bbox 2029 529 2144 566; x_wconf 87' lang='lat' dir='ltr'><strong>cum</strong></span> <span class='ocrx_word' id='word_1_41' title='bbox 2167 513 2222 564; x_wconf 85' lang='lat' dir='ltr'><strong>in</strong></span> <span class='ocrx_word' id='word_1_42' title='bbox 2244 510 2554 578; x_wconf 84' lang='lat' dir='ltr'><strong>Hispaniam</strong></span> <span class='ocrx_word' id='word_1_43' title='bbox 2580 510 2901 579; x_wconf 78' lang='lat' dir='ltr'><strong>proﬁciscar,</strong></span> <span class='ocrx_word' id='word_1_44' title='bbox 2928 526 3075 581; x_wconf 89' lang='lat' dir='ltr'><strong>spero</strong></span> <span class='ocrx_word' id='word_1_45' title='bbox 3102 519 3408 579; x_wconf 77' lang='lat' dir='ltr'><strong>preetergre-</strong></span> 
     </span>
    </p>
   </div>
   <div class='ocr_carea' id='block_1_5' title="bbox 167 589 3406 673">
    <p class='ocr_par' dir='ltr' id='par_1_5' title="bbox 167 589 3406 673">
     <span class='ocr_line' id='line_1_5' title="bbox 167 589 3406 673; baseline -0.002 -10"><span class='ocrx_word' id='word_1_46' title='bbox 167 610 363 673; x_wconf 78' lang='lat' dir='ltr'><strong>ﬁatus,</strong></span> <span class='ocrx_word' id='word_1_47' title='bbox 408 617 468 663; x_wconf 91' lang='lat' dir='ltr'><strong>ut</strong></span> <span class='ocrx_word' id='word_1_48' title='bbox 502 619 557 664; x_wconf 92' lang='lat' dir='ltr'><strong>et</strong></span> <span class='ocrx_word' id='word_1_49' title='bbox 588 611 968 664; x_wconf 89' lang='lat' dir='ltr'><strong>auctoritatem</strong></span> <span class='ocrx_word' id='word_1_50' title='bbox 1000 625 1148 664; x_wconf 88' lang='lat' dir='ltr'><strong>suam</strong></span> <span class='ocrx_word' id='word_1_51' title='bbox 1181 608 1452 673; x_wconf 80' lang='lat' dir='ltr'><strong>ﬁrmaret,</strong></span> <span class='ocrx_word' id='word_1_52' title='bbox 1497 615 1551 661; x_wconf 86' lang='lat' dir='ltr'><strong>et</strong></span> <span class='ocrx_word' id='word_1_53' title='bbox 1587 605 1734 660; x_wconf 79' lang='lat' dir='ltr'><strong>labo-</strong></span> <span class='ocrx_word' id='word_1_54' title='bbox 1808 597 1980 656; x_wconf 48' lang='lat' dir='ltr'><strong>&#39;diens</strong></span> <span class='ocrx_word' id='word_1_55' title='bbox 2004 603 2209 656; x_wconf 71' lang='lat' dir='ltr'><strong>videam</strong></span> <span class='ocrx_word' id='word_1_56' title='bbox 2232 618 2340 664; x_wconf 81' lang='lat' dir='ltr'><strong>vos,</strong></span> <span class='ocrx_word' id='word_1_57' title='bbox 2367 617 2471 655; x_wconf 88' lang='lat' dir='ltr'><strong>non</strong></span> <span class='ocrx_word' id='word_1_58' title='bbox 2502 602 2573 655; x_wconf 91' lang='lat' dir='ltr'><strong>ita</strong></span> <span class='ocrx_word' id='word_1_59' title='bbox 2601 589 2962 670; x_wconf 83' lang='lat' dir='ltr'><strong>accipiendum</strong></span> <span class='ocrx_word' id='word_1_60' title='bbox 2989 611 3088 667; x_wconf 90' lang='lat' dir='ltr'><strong>est,</strong></span> <span class='ocrx_word' id='word_1_61' title='bbox 3114 603 3267 672; x_wconf 85' lang='lat' dir='ltr'><strong>quasi</strong></span> <span class='ocrx_word' id='word_1_62' title='bbox 3297 611 3406 656; x_wconf 82' lang='lat' dir='ltr'><strong>tam</strong></span> 
     </span>
    </p>
   </div>
   <div class='ocr_carea' id='block_1_6' title="bbox 167 688 3409 767">
    <p class='ocr_par' dir='ltr' id='par_1_6' title="bbox 167 688 3409 767">
     <span class='ocr_line' id='line_1_6' title="bbox 167 688 3409 767; baseline 0.001 -16"><span class='ocrx_word' id='word_1_63' title='bbox 167 714 288 751; x_wconf 87' lang='lat' dir='ltr'><strong>rum</strong></span> <span class='ocrx_word' id='word_1_64' title='bbox 326 714 552 752; x_wconf 89' lang='lat' dir='ltr'><strong>suorum</strong></span> <span class='ocrx_word' id='word_1_65' title='bbox 587 699 801 767; x_wconf 91' lang='lat' dir='ltr'><strong>plenum</strong></span> <span class='ocrx_word' id='word_1_66' title='bbox 832 700 1063 752; x_wconf 88' lang='lat' dir='ltr'><strong>fructum</strong></span> <span class='ocrx_word' id='word_1_67' title='bbox 1106 697 1329 752; x_wconf 88' lang='lat' dir='ltr'><strong>haberet</strong></span> <span class='ocrx_word' id='word_1_68' title='bbox 1370 712 1436 750; x_wconf 78' lang='lat' dir='ltr'><strong>ex</strong></span> <span class='ocrx_word' id='word_1_69' title='bbox 1478 696 1562 750; x_wconf 86' lang='lat' dir='ltr'><strong>his</strong></span> <span class='ocrx_word' id='word_1_70' title='bbox 1617 710 1735 764; x_wconf 64' lang='lat' dir='ltr'><strong>quae</strong></span> <span class='ocrx_word' id='word_1_71' title='bbox 1837 704 2002 759; x_wconf 75' lang='lat' dir='ltr'><strong>parvo</strong></span> <span class='ocrx_word' id='word_1_72' title='bbox 2029 704 2213 743; x_wconf 84' lang='lat' dir='ltr'><strong>amore</strong></span> <span class='ocrx_word' id='word_1_73' title='bbox 2237 688 2429 743; x_wconf 81' lang='lat' dir='ltr'><strong>Paulus</strong></span> <span class='ocrx_word' id='word_1_74' title='bbox 2456 704 2584 752; x_wconf 57' lang='lat' dir='ltr'><strong>erga</strong></span> <span class='ocrx_word' id='word_1_75' title='bbox 2614 688 2883 744; x_wconf 69' lang='lat' dir='ltr'><strong>Romanos</strong></span> <span class='ocrx_word' id='word_1_76' title='bbox 2903 699 3198 756; x_wconf 54' lang='lat' dir='ltr'><strong>teneretur,</strong></span> <span class='ocrx_word' id='word_1_77' title='bbox 3228 698 3286 744; x_wconf 78' lang='grc' dir='ltr'><strong>ιιι</strong></span> <span class='ocrx_word' id='word_1_78' title='bbox 3313 705 3409 746; x_wconf 74' lang='lat' dir='ltr'><strong>COS</strong></span> 
     </span>
    </p>
   </div>
   <div class='ocr_carea' id='block_1_7' title="bbox 167 783 1738 857">
    <p class='ocr_par' dir='ltr' id='par_1_7' title="bbox 167 783 1738 857">
     <span class='ocr_line' id='line_1_7' title="bbox 167 783 1738 857; baseline -0.003 -17"><span class='ocrx_word' id='word_1_79' title='bbox 167 789 521 857; x_wconf 81' lang='lat' dir='ltr'><strong>plantaverat.</strong></span> <span class='ocrx_word' id='word_1_80' title='bbox 575 788 713 842; x_wconf 83' lang='lat' dir='ltr'><strong>Hinc</strong></span> <span class='ocrx_word' id='word_1_81' title='bbox 759 795 842 842; x_wconf 88' lang='lat' dir='ltr'><strong>est</strong></span> <span class='ocrx_word' id='word_1_82' title='bbox 903 788 1043 841; x_wconf 90' lang='lat' dir='ltr'><strong>unde</strong></span> <span class='ocrx_word' id='word_1_83' title='bbox 1082 787 1262 851; x_wconf 80' lang='lat' dir='ltr'><strong>omnia</strong></span> <span class='ocrx_word' id='word_1_84' title='bbox 1318 786 1434 840; x_wconf 90' lang='lat' dir='ltr'><strong>loca</strong></span> <span class='ocrx_word' id='word_1_85' title='bbox 1485 783 1738 838; x_wconf 68' lang='lat' dir='ltr'><strong>Ecclesia:</strong></span> 
     </span>
    </p>
   </div>
   <div class='ocr_carea' id='block_1_8' title="bbox 167 872 1737 944">
    <p class='ocr_par' dir='ltr' id='par_1_8' title="bbox 167 872 1737 944">
     <span class='ocr_line' id='line_1_8' title="bbox 167 872 1737 944; baseline -0.004 -14"><span class='ocrx_word' id='word_1_86' title='bbox 167 879 470 944; x_wconf 84' lang='lat' dir='ltr'><strong>occupavit.</strong></span> <span class='ocrx_word' id='word_1_87' title='bbox 528 877 772 930; x_wconf 83' lang='lat' dir='ltr'><strong>Haereses</strong></span> <span class='ocrx_word' id='word_1_88' title='bbox 819 875 962 929; x_wconf 90' lang='lat' dir='ltr'><strong>enim</strong></span> <span class='ocrx_word' id='word_1_89' title='bbox 1007 882 1190 943; x_wconf 89' lang='lat' dir='ltr'><strong>postea</strong></span> <span class='ocrx_word' id='word_1_90' title='bbox 1242 873 1533 927; x_wconf 82' lang='lat' dir='ltr'><strong>subtilitate</strong></span> <span class='ocrx_word' id='word_1_91' title='bbox 1579 872 1737 926; x_wconf 85' lang='lat' dir='ltr'><strong>mali-</strong></span> 
     </span>
    </p>
   </div>
   <div class='ocr_carea' id='block_1_9' title="bbox 169 961 1739 1035">
    <p class='ocr_par' dir='ltr' id='par_1_9' title="bbox 169 961 1739 1035">
     <span class='ocr_line' id='line_1_9' title="bbox 169 961 1739 1035; baseline -0.003 -18"><span class='ocrx_word' id='word_1_92' title='bbox 169 975 399 1035; x_wconf 89' lang='lat' dir='ltr'><strong>gnantes</strong></span> <span class='ocrx_word' id='word_1_93' title='bbox 442 965 541 1019; x_wconf 91' lang='lat' dir='ltr'><strong>sub</strong></span> <span class='ocrx_word' id='word_1_94' title='bbox 583 964 797 1018; x_wconf 89' lang='lat' dir='ltr'><strong>nomine</strong></span> <span class='ocrx_word' id='word_1_95' title='bbox 847 963 1046 1018; x_wconf 89' lang='lat' dir='ltr'><strong>Christi</strong></span> <span class='ocrx_word' id='word_1_96' title='bbox 1083 962 1214 1032; x_wconf 90' lang='lat' dir='ltr'><strong>legis</strong></span> <span class='ocrx_word' id='word_1_97' title='bbox 1257 970 1311 1015; x_wconf 91' lang='lat' dir='ltr'><strong>et</strong></span> <span class='ocrx_word' id='word_1_98' title='bbox 1355 961 1476 1014; x_wconf 89' lang='lat' dir='ltr'><strong>ﬁdei</strong></span> <span class='ocrx_word' id='word_1_99' title='bbox 1522 974 1739 1014; x_wconf 87' lang='lat' dir='ltr'><strong>sensum</strong></span> 
     </span>
    </p>
   </div>
   <div class='ocr_carea' id='block_1_10' title="bbox 171 1050 1740 1122">
    <p class='ocr_par' dir='ltr' id='par_1_10' title="bbox 171 1050 1740 1122">
     <span class='ocr_line' id='line_1_10' title="bbox 171 1050 1740 1122; baseline -0.003 -16"><span class='ocrx_word' id='word_1_100' title='bbox 171 1067 518 1122; x_wconf 82' lang='lat' dir='ltr'><strong>corrumpere</strong></span> <span class='ocrx_word' id='word_1_101' title='bbox 549 1052 878 1105; x_wconf 82' lang='lat' dir='ltr'><strong>nitebantur.</strong></span> <span class='ocrx_word' id='word_1_102' title='bbox 909 1050 1062 1117; x_wconf 81' lang='lat' dir='ltr'><strong>Quod</strong></span> <span class='ocrx_word' id='word_1_103' title='bbox 1097 1050 1410 1104; x_wconf 82' lang='lat' dir='ltr'><strong>testimonio</strong></span> <span class='ocrx_word' id='word_1_104' title='bbox 1456 1050 1587 1119; x_wconf 88' lang='lat' dir='ltr'><strong>legis</strong></span> <span class='ocrx_word' id='word_1_105' title='bbox 1622 1062 1740 1101; x_wconf 80' lang='lat' dir='ltr'><strong>mo—</strong></span> 
     </span>
    </p>
   </div>
   <div class='ocr_carea' id='block_1_11' title="bbox 172 1138 1742 1208">
    <p class='ocr_par' dir='ltr' id='par_1_11' title="bbox 172 1138 1742 1208">
     <span class='ocr_line' id='line_1_11' title="bbox 172 1138 1742 1208; baseline -0.002 -17"><span class='ocrx_word' id='word_1_106' title='bbox 172 1142 293 1193; x_wconf 86' lang='lat' dir='ltr'><strong>nuit</strong></span> <span class='ocrx_word' id='word_1_107' title='bbox 334 1139 518 1193; x_wconf 83' lang='lat' dir='ltr'><strong>dicens</strong></span> <span class='ocrx_word' id='word_1_108' title='bbox 553 1154 568 1192; x_wconf 86' lang='lat'><strong>:</strong></span> <span class='ocrx_word' id='word_1_109' title='bbox 601 1138 706 1193; x_wconf 87' lang='lat' dir='ltr'><strong>Sed</strong></span> <span class='ocrx_word' id='word_1_110' title='bbox 753 1139 882 1192; x_wconf 93' lang='lat' dir='ltr'><strong>sicut</strong></span> <span class='ocrx_word' id='word_1_111' title='bbox 931 1139 1220 1208; x_wconf 86' lang='lat' dir='ltr'><strong>scriptum:</strong></span> <span class='ocrx_word' id='word_1_112' title='bbox 1271 1138 1470 1201; x_wconf 78' lang='lat' dir='ltr'><strong>Quibus</strong></span> <span class='ocrx_word' id='word_1_113' title='bbox 1521 1153 1621 1189; x_wconf 87' lang='lat' dir='ltr'><strong>non</strong></span> <span class='ocrx_word' id='word_1_114' title='bbox 1668 1144 1742 1188; x_wconf 83' lang='lat' dir='ltr'><strong>est</strong></span> 
     </span>
    </p>
   </div>
   <div class='ocr_carea' id='block_1_12' title="bbox 171 1225 1741 1295">
    <p class='ocr_par' dir='ltr' id='par_1_12' title="bbox 171 1225 1741 1295">
     <span class='ocr_line' id='line_1_12' title="bbox 171 1225 1741 1295; baseline -0.003 -13"><span class='ocrx_word' id='word_1_115' title='bbox 171 1230 542 1282; x_wconf 85' lang='lat' dir='ltr'><strong>aununtiatum</strong></span> <span class='ocrx_word' id='word_1_116' title='bbox 566 1229 628 1281; x_wconf 85' lang='lat' dir='ltr'><strong>de</strong></span> <span class='ocrx_word' id='word_1_117' title='bbox 663 1245 742 1294; x_wconf 90' lang='lat' dir='ltr'><strong>eo,</strong></span> <span class='ocrx_word' id='word_1_118' title='bbox 767 1228 1047 1292; x_wconf 86' lang='lat' dir='ltr'><strong>videbunt;</strong></span> <span class='ocrx_word' id='word_1_119' title='bbox 1086 1236 1132 1279; x_wconf 89' lang='lat' dir='ltr'><strong>et</strong></span> <span class='ocrx_word' id='word_1_120' title='bbox 1166 1228 1253 1295; x_wconf 85' lang='lat' dir='ltr'><strong>qui</strong></span> <span class='ocrx_word' id='word_1_121' title='bbox 1289 1243 1391 1278; x_wconf 88' lang='lat' dir='ltr'><strong>non</strong></span> <span class='ocrx_word' id='word_1_122' title='bbox 1425 1225 1704 1278; x_wconf 83' lang='lat' dir='ltr'><strong>audierunt</strong></span> <span class='ocrx_word' id='word_1_123' title='bbox 1726 1264 1741 1289; x_wconf 93' lang='lat'><strong>,</strong></span> 
     </span>
    </p>
   </div>
   <div class='ocr_carea' id='block_1_13' title="bbox 172 1312 1744 1386">
    <p class='ocr_par' dir='ltr' id='par_1_13' title="bbox 172 1312 1744 1386">
     <span class='ocr_line' id='line_1_13' title="bbox 172 1312 1744 1386; baseline -0.003 -17"><span class='ocrx_word' id='word_1_124' title='bbox 172 1315 476 1385; x_wconf 79' lang='lat' dir='ltr'><strong>intelligent.</strong></span> <span class='ocrx_word' id='word_1_125' title='bbox 529 1314 724 1386; x_wconf 82' lang='lat' dir='ltr'><strong>(Orig.)</strong></span> <span class='ocrx_word' id='word_1_126' title='bbox 762 1315 1079 1370; x_wconf 88' lang='lat' dir='ltr'><strong>Observavit</strong></span> <span class='ocrx_word' id='word_1_127' title='bbox 1117 1329 1243 1382; x_wconf 79' lang='lat' dir='ltr'><strong>ergo</strong></span> <span class='ocrx_word' id='word_1_128' title='bbox 1286 1313 1566 1383; x_wconf 79' lang='lat' dir='ltr'><strong>diligenter</strong></span> <span class='ocrx_word' id='word_1_129' title='bbox 1603 1312 1744 1381; x_wconf 84' lang='lat' dir='ltr'><strong>Apo-</strong></span> 
     </span>
    </p>
   </div>
   <div class='ocr_carea' id='block_1_14' title="bbox 173 1403 1745 1473">
    <p class='ocr_par' dir='ltr' id='par_1_14' title="bbox 173 1403 1745 1473">
     <span class='ocr_line' id='line_1_14' title="bbox 173 1403 1745 1473; baseline -0.001 -14"><span class='ocrx_word' id='word_1_130' title='bbox 173 1404 384 1469; x_wconf 88' lang='lat' dir='ltr'><strong>stolus,</strong></span> <span class='ocrx_word' id='word_1_131' title='bbox 438 1413 496 1457; x_wconf 89' lang='lat' dir='ltr'><strong>ut</strong></span> <span class='ocrx_word' id='word_1_132' title='bbox 549 1405 841 1459; x_wconf 79' lang='lat' dir='ltr'><strong>secundum</strong></span> <span class='ocrx_word' id='word_1_133' title='bbox 892 1403 1258 1473; x_wconf 90' lang='lat' dir='ltr'><strong>propheticum</strong></span> <span class='ocrx_word' id='word_1_134' title='bbox 1317 1403 1587 1470; x_wconf 86' lang='lat' dir='ltr'><strong>eloquium</strong></span> <span class='ocrx_word' id='word_1_135' title='bbox 1640 1403 1745 1458; x_wconf 88' lang='lat' dir='ltr'><strong>illis</strong></span> 
     </span>
    </p>
   </div>
   <div class='ocr_carea' id='block_1_15' title="bbox 173 1491 1742 1562">
    <p class='ocr_par' dir='ltr' id='par_1_15' title="bbox 173 1491 1742 1562">
     <span class='ocr_line' id='line_1_15' title="bbox 173 1491 1742 1562; baseline -0.003 -14"><span class='ocrx_word' id='word_1_136' title='bbox 173 1494 449 1548; x_wconf 85' lang='lat' dir='ltr'><strong>nuntiaret</strong></span> <span class='ocrx_word' id='word_1_137' title='bbox 471 1493 766 1558; x_wconf 86' lang='lat' dir='ltr'><strong>Christum,</strong></span> <span class='ocrx_word' id='word_1_138' title='bbox 788 1494 981 1562; x_wconf 88' lang='lat' dir='ltr'><strong>quibus</strong></span> <span class='ocrx_word' id='word_1_139' title='bbox 1009 1508 1039 1546; x_wconf 88' lang='lat' dir='ltr'><strong>a</strong></span> <span class='ocrx_word' id='word_1_140' title='bbox 1069 1492 1212 1546; x_wconf 90' lang='lat' dir='ltr'><strong>nullo</strong></span> <span class='ocrx_word' id='word_1_141' title='bbox 1240 1491 1415 1545; x_wconf 83' lang='lat' dir='ltr'><strong>fuerat</strong></span> <span class='ocrx_word' id='word_1_142' title='bbox 1443 1491 1742 1557; x_wconf 87' lang='lat' dir='ltr'><strong>nuntiatus,</strong></span> 
     </span>
    </p>
   </div>
   <div class='ocr_carea' id='block_1_16' title="bbox 173 1579 1750 1653">
    <p class='ocr_par' dir='ltr' id='par_1_16' title="bbox 173 1579 1750 1653">
     <span class='ocr_line' id='line_1_16' title="bbox 173 1579 1750 1653; baseline 0.001 -19"><span class='ocrx_word' id='word_1_143' title='bbox 173 1589 229 1635; x_wconf 88' lang='lat' dir='ltr'><strong>et</strong></span> <span class='ocrx_word' id='word_1_144' title='bbox 269 1591 328 1634; x_wconf 90' lang='lat' dir='ltr'><strong>ut</strong></span> <span class='ocrx_word' id='word_1_145' title='bbox 377 1582 450 1635; x_wconf 92' lang='lat' dir='ltr'><strong>illi</strong></span> <span class='ocrx_word' id='word_1_146' title='bbox 494 1583 558 1636; x_wconf 89' lang='lat' dir='ltr'><strong>de</strong></span> <span class='ocrx_word' id='word_1_147' title='bbox 589 1597 663 1638; x_wconf 82' lang='lat' dir='ltr'><strong>eo</strong></span> <span class='ocrx_word' id='word_1_148' title='bbox 707 1584 1102 1653; x_wconf 74' lang='lat' dir='ltr'><strong>intebigerent,</strong></span> <span class='ocrx_word' id='word_1_149' title='bbox 1154 1581 1293 1650; x_wconf 83' lang='lat' dir='ltr'><strong>quod</strong></span> <span class='ocrx_word' id='word_1_150' title='bbox 1345 1596 1376 1633; x_wconf 91' lang='lat' dir='ltr'><strong>a</strong></span> <span class='ocrx_word' id='word_1_151' title='bbox 1426 1579 1573 1634; x_wconf 89' lang='lat' dir='ltr'><strong>nullo</strong></span> <span class='ocrx_word' id='word_1_152' title='bbox 1625 1590 1750 1635; x_wconf 86' lang='lat' dir='ltr'><strong>ante</strong></span> 
     </span>
    </p>
   </div>
   <div class='ocr_carea' id='block_1_17' title="bbox 173 1668 1747 1740">
    <p class='ocr_par' dir='ltr' id='par_1_17' title="bbox 173 1668 1747 1740">
     <span class='ocr_line' id='line_1_17' title="bbox 173 1668 1747 1740; baseline -0.001 -16"><span class='ocrx_word' id='word_1_153' title='bbox 173 1671 511 1725; x_wconf 87' lang='lat' dir='ltr'><strong>didicissent.</strong></span> <span class='ocrx_word' id='word_1_154' title='bbox 551 1671 617 1724; x_wconf 86' lang='lat' dir='ltr'><strong>Et</strong></span> <span class='ocrx_word' id='word_1_155' title='bbox 649 1671 772 1736; x_wconf 88' lang='lat' dir='ltr'><strong>ista,</strong></span> <span class='ocrx_word' id='word_1_156' title='bbox 807 1679 866 1725; x_wconf 90' lang='lat' dir='ltr'><strong>ut</strong></span> <span class='ocrx_word' id='word_1_157' title='bbox 898 1671 1110 1740; x_wconf 86' lang='lat' dir='ltr'><strong>opinor,</strong></span> <span class='ocrx_word' id='word_1_158' title='bbox 1143 1685 1304 1725; x_wconf 90' lang='lat' dir='ltr'><strong>causa</strong></span> <span class='ocrx_word' id='word_1_159' title='bbox 1336 1668 1436 1723; x_wconf 89' lang='lat' dir='ltr'><strong>fuit</strong></span> <span class='ocrx_word' id='word_1_160' title='bbox 1469 1685 1588 1739; x_wconf 67' lang='lat' dir='ltr'><strong>quae</strong></span> <span class='ocrx_word' id='word_1_161' title='bbox 1622 1683 1747 1723; x_wconf 84' lang='lat' dir='ltr'><strong>eum</strong></span> 
     </span>
    </p>
   </div>
   <div class='ocr_carea' id='block_1_18' title="bbox 176 1758 1747 1829">
    <p class='ocr_par' dir='ltr' id='par_1_18' title="bbox 176 1758 1747 1829">
     <span class='ocr_line' id='line_1_18' title="bbox 176 1758 1747 1829; baseline 0 -18"><span class='ocrx_word' id='word_1_162' title='bbox 176 1758 486 1828; x_wconf 85' lang='lat' dir='ltr'><strong>frequenter</strong></span> <span class='ocrx_word' id='word_1_163' title='bbox 511 1769 893 1829; x_wconf 87' lang='lat' dir='ltr'><strong>proponentcm</strong></span> <span class='ocrx_word' id='word_1_164' title='bbox 919 1761 1144 1814; x_wconf 81' lang='lat' dir='ltr'><strong>Romam</strong></span> <span class='ocrx_word' id='word_1_165' title='bbox 1165 1773 1385 1829; x_wconf 86' lang='lat' dir='ltr'><strong>pergere</strong></span> <span class='ocrx_word' id='word_1_166' title='bbox 1411 1758 1747 1828; x_wconf 88' lang='lat' dir='ltr'><strong>prohibebat,</strong></span> 
     </span>
    </p>
   </div>
   <div class='ocr_carea' id='block_1_19' title="bbox 175 1850 1752 1922">
    <p class='ocr_par' dir='ltr' id='par_1_19' title="bbox 175 1850 1752 1922">
     <span class='ocr_line' id='line_1_19' title="bbox 175 1850 1752 1922; baseline -0.003 -16"><span class='ocrx_word' id='word_1_167' title='bbox 175 1852 319 1906; x_wconf 80' lang='lat' dir='ltr'><strong>sicut</strong></span> <span class='ocrx_word' id='word_1_168' title='bbox 347 1853 476 1906; x_wconf 88' lang='lat' dir='ltr'><strong>dicit</strong></span> <span class='ocrx_word' id='word_1_169' title='bbox 505 1873 518 1904; x_wconf 93' lang='lat'><strong>:</strong></span> <span class='ocrx_word' id='word_1_170' title='bbox 557 1851 780 1920; x_wconf 83' lang='lat' dir='ltr'><strong>Propter</strong></span> <span class='ocrx_word' id='word_1_171' title='bbox 805 1851 942 1922; x_wconf 88' lang='lat' dir='ltr'><strong>quod</strong></span> <span class='ocrx_word' id='word_1_172' title='bbox 970 1861 1015 1903; x_wconf 90' lang='lat' dir='ltr'><strong>et</strong></span> <span class='ocrx_word' id='word_1_173' title='bbox 1036 1850 1350 1919; x_wconf 86' lang='lat' dir='ltr'><strong>impediebar</strong></span> <span class='ocrx_word' id='word_1_174' title='bbox 1363 1850 1644 1917; x_wconf 88' lang='lat' dir='ltr'><strong>plurimum</strong></span> <span class='ocrx_word' id='word_1_175' title='bbox 1672 1864 1752 1901; x_wconf 87' lang='lat' dir='ltr'><strong>ve-</strong></span> 
     </span>
    </p>
   </div>
   <div class='ocr_carea' id='block_1_20' title="bbox 177 1935 1752 2005">
    <p class='ocr_par' dir='ltr' id='par_1_20' title="bbox 177 1935 1752 2005">
     <span class='ocr_line' id='line_1_20' title="bbox 177 1935 1752 2005; baseline -0.003 -12"><span class='ocrx_word' id='word_1_176' title='bbox 177 1941 295 1993; x_wconf 86' lang='lat' dir='ltr'><strong>nire</strong></span> <span class='ocrx_word' id='word_1_177' title='bbox 321 1942 389 1992; x_wconf 91' lang='lat' dir='ltr'><strong>ad</strong></span> <span class='ocrx_word' id='word_1_178' title='bbox 419 1957 538 2003; x_wconf 87' lang='lat' dir='ltr'><strong>vos;</strong></span> <span class='ocrx_word' id='word_1_179' title='bbox 562 1956 688 2005; x_wconf 91' lang='lat' dir='ltr'><strong>non,</strong></span> <span class='ocrx_word' id='word_1_180' title='bbox 711 1949 769 1993; x_wconf 79' lang='lat' dir='ltr'><strong>ut</strong></span> <span class='ocrx_word' id='word_1_181' title='bbox 795 1940 845 1993; x_wconf 91' lang='lat' dir='ltr'><strong>in</strong></span> <span class='ocrx_word' id='word_1_182' title='bbox 863 1939 980 1993; x_wconf 89' lang='lat' dir='ltr'><strong>aliis</strong></span> <span class='ocrx_word' id='word_1_183' title='bbox 1007 1937 1154 2000; x_wconf 89' lang='lat' dir='ltr'><strong>dicit,</strong></span> <span class='ocrx_word' id='word_1_184' title='bbox 1182 1937 1467 2005; x_wconf 89' lang='lat' dir='ltr'><strong>impeditus</strong></span> <span class='ocrx_word' id='word_1_185' title='bbox 1490 1951 1519 1989; x_wconf 92' lang='lat' dir='ltr'><strong>a</strong></span> <span class='ocrx_word' id='word_1_186' title='bbox 1554 1935 1752 1989; x_wconf 88' lang='lat' dir='ltr'><strong>Satana</strong></span> 
     </span>
    </p>
   </div>
   <div class='ocr_carea' id='block_1_21' title="bbox 176 2020 1754 2092">
    <p class='ocr_par' dir='ltr' id='par_1_21' title="bbox 176 2020 1754 2092">
     <span class='ocr_line' id='line_1_21' title="bbox 176 2020 1754 2092; baseline -0.001 -16"><span class='ocrx_word' id='word_1_187' title='bbox 176 2023 230 2092; x_wconf 89' lang='grc' dir='ltr'><strong>(Ι</strong></span> <span class='ocrx_word' id='word_1_188' title='bbox 262 2023 441 2078; x_wconf 84' lang='lat' dir='ltr'><strong>Thess.</strong></span> <span class='ocrx_word' id='word_1_189' title='bbox 471 2024 573 2092; x_wconf 84' lang='grc' dir='ltr'><strong>ιι),</strong></span> <span class='ocrx_word' id='word_1_190' title='bbox 628 2024 722 2078; x_wconf 90' lang='lat' dir='ltr'><strong>sed</strong></span> <span class='ocrx_word' id='word_1_191' title='bbox 771 2021 1026 2076; x_wconf 88' lang='lat' dir='ltr'><strong>fundandi</strong></span> <span class='ocrx_word' id='word_1_192' title='bbox 1078 2020 1352 2074; x_wconf 88' lang='lat' dir='ltr'><strong>Ecclesias</strong></span> <span class='ocrx_word' id='word_1_193' title='bbox 1401 2020 1754 2089; x_wconf 84' lang='lat' dir='ltr'><strong>occupatione</strong></span> 
     </span>
    </p>
   </div>
   <div class='ocr_carea' id='block_1_22' title="bbox 176 2110 1755 2179">
    <p class='ocr_par' dir='ltr' id='par_1_22' title="bbox 176 2110 1755 2179">
     <span class='ocr_line' id='line_1_22' title="bbox 176 2110 1755 2179; baseline -0.001 -11"><span class='ocrx_word' id='word_1_194' title='bbox 176 2114 459 2179; x_wconf 86' lang='lat' dir='ltr'><strong>detentus,</strong></span> <span class='ocrx_word' id='word_1_195' title='bbox 502 2124 558 2168; x_wconf 91' lang='lat' dir='ltr'><strong>et</strong></span> <span class='ocrx_word' id='word_1_196' title='bbox 589 2115 642 2168; x_wconf 89' lang='lat' dir='ltr'><strong>in</strong></span> <span class='ocrx_word' id='word_1_197' title='bbox 668 2114 755 2167; x_wconf 84' lang='lat' dir='ltr'><strong>bis</strong></span> <span class='ocrx_word' id='word_1_198' title='bbox 781 2113 915 2167; x_wconf 91' lang='lat' dir='ltr'><strong>locis</strong></span> <span class='ocrx_word' id='word_1_199' title='bbox 946 2111 1203 2166; x_wconf 90' lang='lat' dir='ltr'><strong>fundandi</strong></span> <span class='ocrx_word' id='word_1_200' title='bbox 1224 2151 1238 2174; x_wconf 96' lang='lat'><strong>,</strong></span> <span class='ocrx_word' id='word_1_201' title='bbox 1278 2111 1368 2164; x_wconf 85' lang='lat' dir='ltr'><strong>ubi</strong></span> <span class='ocrx_word' id='word_1_202' title='bbox 1400 2110 1601 2164; x_wconf 91' lang='lat' dir='ltr'><strong>nullum</strong></span> <span class='ocrx_word' id='word_1_203' title='bbox 1633 2110 1755 2166; x_wconf 89' lang='lat' dir='ltr'><strong>ﬁdei</strong></span> 
     </span>
    </p>
   </div>
   <div class='ocr_carea' id='block_1_23' title="bbox 171 2200 1754 2272">
    <p class='ocr_par' dir='ltr' id='par_1_23' title="bbox 171 2200 1754 2272">
     <span class='ocr_line' id='line_1_23' title="bbox 171 2200 1754 2272; baseline -0.001 -16"><span class='ocrx_word' id='word_1_204' title='bbox 171 2211 530 2272; x_wconf 66' lang='lat' dir='ltr'><strong>praecesserat</strong></span> <span class='ocrx_word' id='word_1_205' title='bbox 555 2202 980 2256; x_wconf 89' lang='lat' dir='ltr'><strong>fundamentum.</strong></span> <span class='ocrx_word' id='word_1_206' title='bbox 997 2200 1312 2269; x_wconf 84' lang='lat' dir='ltr'><strong>Exemplum</strong></span> <span class='ocrx_word' id='word_1_207' title='bbox 1329 2209 1508 2254; x_wconf 88' lang='lat' dir='ltr'><strong>autem</strong></span> <span class='ocrx_word' id='word_1_208' title='bbox 1533 2200 1598 2254; x_wconf 90' lang='lat' dir='ltr'><strong>de</strong></span> <span class='ocrx_word' id='word_1_209' title='bbox 1618 2201 1754 2255; x_wconf 88' lang='lat' dir='ltr'><strong>lsaia</strong></span> 
     </span>
    </p>
   </div>
   <div class='ocr_carea' id='block_1_24' title="bbox 174 2289 1754 2363">
    <p class='ocr_par' dir='ltr' id='par_1_24' title="bbox 174 2289 1754 2363">
     <span class='ocr_line' id='line_1_24' title="bbox 174 2289 1754 2363; baseline -0.003 -16"><span class='ocrx_word' id='word_1_210' title='bbox 174 2301 456 2362; x_wconf 87' lang='lat' dir='ltr'><strong>sumptum</strong></span> <span class='ocrx_word' id='word_1_211' title='bbox 491 2301 597 2356; x_wconf 90' lang='lat' dir='ltr'><strong>est,</strong></span> <span class='ocrx_word' id='word_1_212' title='bbox 631 2301 685 2346; x_wconf 94' lang='lat' dir='ltr'><strong>et</strong></span> <span class='ocrx_word' id='word_1_213' title='bbox 724 2293 913 2346; x_wconf 85' lang='lat' dir='ltr'><strong>iisdem</strong></span> <span class='ocrx_word' id='word_1_214' title='bbox 951 2306 1019 2345; x_wconf 81' lang='lat' dir='ltr'><strong>ex</strong></span> <span class='ocrx_word' id='word_1_215' title='bbox 1062 2291 1271 2359; x_wconf 88' lang='lat' dir='ltr'><strong>integro</strong></span> <span class='ocrx_word' id='word_1_216' title='bbox 1308 2289 1517 2363; x_wconf 68' lang='lat' dir='ltr'><strong>verbis.</strong></span> <span class='ocrx_word' id='word_1_217' title='bbox 1559 2289 1754 2357; x_wconf 87' lang='lat' dir='ltr'><strong>quibus</strong></span> 
     </span>
    </p>
   </div>
   <div class='ocr_carea' id='block_1_25' title="bbox 179 2379 1754 2454">
    <p class='ocr_par' dir='ltr' id='par_1_25' title="bbox 179 2379 1754 2454">
     <span class='ocr_line' id='line_1_25' title="bbox 179 2379 1754 2454; baseline -0.003 -17"><span class='ocrx_word' id='word_1_218' title='bbox 179 2385 665 2454; x_wconf 80' lang='lat' dir='ltr'><strong>apudprophetam</strong></span> <span class='ocrx_word' id='word_1_219' title='bbox 695 2381 910 2452; x_wconf 89' lang='lat' dir='ltr'><strong>legitur,</strong></span> <span class='ocrx_word' id='word_1_220' title='bbox 938 2381 1190 2450; x_wconf 90' lang='lat' dir='ltr'><strong>positum.</strong></span> <span class='ocrx_word' id='word_1_221' title='bbox 1215 2380 1264 2431; x_wconf 88' lang='grc' dir='ltr'><strong><em>Ν</em></strong></span> <span class='ocrx_word' id='word_1_222' title='bbox 1273 2396 1369 2432; x_wconf 88' lang='lat' dir='ltr'><strong>unc</strong></span> <span class='ocrx_word' id='word_1_223' title='bbox 1400 2396 1514 2432; x_wconf 86' lang='lat' dir='ltr'><strong>vero</strong></span> <span class='ocrx_word' id='word_1_224' title='bbox 1541 2379 1754 2432; x_wconf 86' lang='lat' dir='ltr'><strong>ulterius</strong></span> 
     </span>
    </p>
   </div>
   <div class='ocr_carea' id='block_1_26' title="bbox 170 2469 1756 2539">
    <p class='ocr_par' dir='ltr' id='par_1_26' title="bbox 170 2469 1756 2539">
     <span class='ocr_line' id='line_1_26' title="bbox 170 2469 1756 2539; baseline -0.004 -13"><span class='ocrx_word' id='word_1_225' title='bbox 170 2472 352 2526; x_wconf 73' lang='lat' dir='ltr'><strong>locum</strong></span> <span class='ocrx_word' id='word_1_226' title='bbox 404 2489 509 2526; x_wconf 85' lang='lat' dir='ltr'><strong>non</strong></span> <span class='ocrx_word' id='word_1_227' title='bbox 560 2473 751 2525; x_wconf 82' lang='lat' dir='ltr'><strong>habens</strong></span> <span class='ocrx_word' id='word_1_228' title='bbox 804 2473 858 2525; x_wconf 88' lang='lat' dir='ltr'><strong>in</strong></span> <span class='ocrx_word' id='word_1_229' title='bbox 909 2471 987 2524; x_wconf 84' lang='lat' dir='ltr'><strong>his</strong></span> <span class='ocrx_word' id='word_1_230' title='bbox 1037 2471 1328 2539; x_wconf 82' lang='lat' dir='ltr'><strong>regionibus</strong></span> <span class='ocrx_word' id='word_1_231' title='bbox 1361 2509 1374 2532; x_wconf 92' lang='lat'><strong>,</strong></span> <span class='ocrx_word' id='word_1_232' title='bbox 1424 2469 1756 2537; x_wconf 80' lang='lat' dir='ltr'><strong>cupiditatem</strong></span> 
     </span>
    </p>
   </div>
   <div class='ocr_carea' id='block_1_27' title="bbox 179 2558 1756 2627">
    <p class='ocr_par' dir='ltr' id='par_1_27' title="bbox 179 2558 1756 2627">
     <span class='ocr_line' id='line_1_27' title="bbox 179 2558 1756 2627; baseline -0.001 -13"><span class='ocrx_word' id='word_1_233' title='bbox 179 2571 354 2615; x_wconf 84' lang='lat' dir='ltr'><strong>autem</strong></span> <span class='ocrx_word' id='word_1_234' title='bbox 382 2561 573 2615; x_wconf 84' lang='lat' dir='ltr'><strong>habens</strong></span> <span class='ocrx_word' id='word_1_235' title='bbox 602 2561 837 2616; x_wconf 81' lang='lat' dir='ltr'><strong>veniendi</strong></span> <span class='ocrx_word' id='word_1_236' title='bbox 865 2561 934 2613; x_wconf 92' lang='lat' dir='ltr'><strong>ad</strong></span> <span class='ocrx_word' id='word_1_237' title='bbox 988 2577 1073 2613; x_wconf 86' lang='lat' dir='ltr'><strong>vos</strong></span> <span class='ocrx_word' id='word_1_238' title='bbox 1123 2575 1186 2613; x_wconf 69' lang='lat' dir='ltr'><strong>ex</strong></span> <span class='ocrx_word' id='word_1_239' title='bbox 1216 2558 1390 2612; x_wconf 86' lang='lat' dir='ltr'><strong>multis</strong></span> <span class='ocrx_word' id='word_1_240' title='bbox 1421 2560 1534 2627; x_wconf 86' lang='lat' dir='ltr'><strong>jam</strong></span> <span class='ocrx_word' id='word_1_241' title='bbox 1564 2576 1756 2627; x_wconf 64' lang='lat' dir='ltr'><strong>pra’ce-</strong></span> 
     </span>
    </p>
   </div>
   <div class='ocr_carea' id='block_1_28' title="bbox 173 2649 1750 2720">
    <p class='ocr_par' dir='ltr' id='par_1_28' title="bbox 173 2649 1750 2720">
     <span class='ocr_line' id='line_1_28' title="bbox 173 2649 1750 2720; baseline -0.001 -16"><span class='ocrx_word' id='word_1_242' title='bbox 173 2651 423 2705; x_wconf 80' lang='lat' dir='ltr'><strong>dentibus</strong></span> <span class='ocrx_word' id='word_1_243' title='bbox 453 2652 626 2716; x_wconf 88' lang='lat' dir='ltr'><strong>annis,</strong></span> <span class='ocrx_word' id='word_1_244' title='bbox 666 2667 782 2704; x_wconf 88' lang='lat' dir='ltr'><strong>cum</strong></span> <span class='ocrx_word' id='word_1_245' title='bbox 818 2651 873 2703; x_wconf 87' lang='lat' dir='ltr'><strong>in</strong></span> <span class='ocrx_word' id='word_1_246' title='bbox 905 2649 1215 2720; x_wconf 85' lang='lat' dir='ltr'><strong>Hispaniam</strong></span> <span class='ocrx_word' id='word_1_247' title='bbox 1249 2649 1505 2717; x_wconf 82' lang='lat' dir='ltr'><strong>pro/iciset</strong></span> <span class='ocrx_word' id='word_1_248' title='bbox 1535 2665 1750 2716; x_wconf 68' lang='lat' dir='ltr'><strong>capere,</strong></span> 
     </span>
    </p>
   </div>
   <div class='ocr_carea' id='block_1_29' title="bbox 179 2737 1757 2810">
    <p class='ocr_par' dir='ltr' id='par_1_29' title="bbox 179 2737 1757 2810">
     <span class='ocr_line' id='line_1_29' title="bbox 179 2737 1757 2810; baseline -0.004 -16"><span class='ocrx_word' id='word_1_249' title='bbox 179 2757 331 2810; x_wconf 83' lang='lat' dir='ltr'><strong>spero</strong></span> <span class='ocrx_word' id='word_1_250' title='bbox 377 2741 514 2810; x_wconf 90' lang='lat' dir='ltr'><strong>quod</strong></span> <span class='ocrx_word' id='word_1_251' title='bbox 542 2741 840 2809; x_wconf 80' lang='lat' dir='ltr'><strong>prceteriens</strong></span> <span class='ocrx_word' id='word_1_252' title='bbox 866 2739 1067 2793; x_wconf 85' lang='lat' dir='ltr'><strong>videam</strong></span> <span class='ocrx_word' id='word_1_253' title='bbox 1093 2755 1195 2798; x_wconf 86' lang='lat' dir='ltr'><strong>vos,</strong></span> <span class='ocrx_word' id='word_1_254' title='bbox 1225 2748 1271 2790; x_wconf 90' lang='lat' dir='ltr'><strong>et</strong></span> <span class='ocrx_word' id='word_1_255' title='bbox 1302 2756 1332 2790; x_wconf 90' lang='lat' dir='ltr'><strong>a</strong></span> <span class='ocrx_word' id='word_1_256' title='bbox 1362 2737 1499 2791; x_wconf 85' lang='lat' dir='ltr'><strong>vobis</strong></span> <span class='ocrx_word' id='word_1_257' title='bbox 1527 2737 1757 2790; x_wconf 84' lang='lat' dir='ltr'><strong>deducor</strong></span> 
     </span>
    </p>
   </div>
   <div class='ocr_carea' id='block_1_30' title="bbox 173 2825 1759 2898">
    <p class='ocr_par' dir='ltr' id='par_1_30' title="bbox 173 2825 1759 2898">
     <span class='ocr_line' id='line_1_30' title="bbox 173 2825 1759 2898; baseline -0.003 -16"><span class='ocrx_word' id='word_1_258' title='bbox 173 2829 334 2894; x_wconf 82' lang='lat' dir='ltr'><strong>illuc,</strong></span> <span class='ocrx_word' id='word_1_259' title='bbox 365 2831 410 2884; x_wconf 89' lang='lat' dir='ltr'><strong>si</strong></span> <span class='ocrx_word' id='word_1_260' title='bbox 439 2830 579 2884; x_wconf 85' lang='lat' dir='ltr'><strong>vobis</strong></span> <span class='ocrx_word' id='word_1_261' title='bbox 604 2831 829 2898; x_wconf 82' lang='lat' dir='ltr'><strong>primum</strong></span> <span class='ocrx_word' id='word_1_262' title='bbox 857 2840 922 2882; x_wconf 76' lang='lat' dir='ltr'><strong>ea:</strong></span> <span class='ocrx_word' id='word_1_263' title='bbox 945 2837 1091 2897; x_wconf 82' lang='lat' dir='ltr'><strong>parte</strong></span> <span class='ocrx_word' id='word_1_264' title='bbox 1121 2827 1310 2894; x_wconf 77' lang='lat' dir='ltr'><strong>fruitus</strong></span> <span class='ocrx_word' id='word_1_265' title='bbox 1341 2827 1506 2895; x_wconf 84' lang='lat' dir='ltr'><strong>fuero.</strong></span> <span class='ocrx_word' id='word_1_266' title='bbox 1543 2825 1759 2880; x_wconf 88' lang='lat' dir='ltr'><strong>Videtur</strong></span> 
     </span>
    </p>
   </div>
   <div class='ocr_carea' id='block_1_31' title="bbox 182 2915 1761 2987">
    <p class='ocr_par' dir='ltr' id='par_1_31' title="bbox 182 2915 1761 2987">
     <span class='ocr_line' id='line_1_31' title="bbox 182 2915 1761 2987; baseline -0.003 -14"><span class='ocrx_word' id='word_1_267' title='bbox 182 2919 287 2973; x_wconf 91' lang='lat' dir='ltr'><strong>hoc</strong></span> <span class='ocrx_word' id='word_1_268' title='bbox 318 2920 371 2973; x_wconf 92' lang='lat' dir='ltr'><strong>in</strong></span> <span class='ocrx_word' id='word_1_269' title='bbox 402 2917 604 2973; x_wconf 74' lang='lat' dir='ltr'><strong>Achaia</strong></span> <span class='ocrx_word' id='word_1_270' title='bbox 633 2919 839 2987; x_wconf 87' lang='lat' dir='ltr'><strong>positus</strong></span> <span class='ocrx_word' id='word_1_271' title='bbox 868 2918 1047 2971; x_wconf 86' lang='lat' dir='ltr'><strong>dicere</strong></span> <span class='ocrx_word' id='word_1_272' title='bbox 1076 2916 1215 2985; x_wconf 87' lang='lat' dir='ltr'><strong>apud</strong></span> <span class='ocrx_word' id='word_1_273' title='bbox 1246 2915 1586 2979; x_wconf 88' lang='lat' dir='ltr'><strong>Corinthum,</strong></span> <span class='ocrx_word' id='word_1_274' title='bbox 1622 2915 1761 2969; x_wconf 90' lang='lat' dir='ltr'><strong>sicut</strong></span> 
     </span>
    </p>
   </div>
   <div class='ocr_carea' id='block_1_32' title="bbox 181 3005 1757 3077">
    <p class='ocr_par' dir='ltr' id='par_1_32' title="bbox 181 3005 1757 3077">
     <span class='ocr_line' id='line_1_32' title="bbox 181 3005 1757 3077; baseline -0.003 -15"><span class='ocrx_word' id='word_1_275' title='bbox 181 3017 239 3062; x_wconf 89' lang='lat' dir='ltr'><strong>et</strong></span> <span class='ocrx_word' id='word_1_276' title='bbox 270 3009 323 3061; x_wconf 91' lang='lat' dir='ltr'><strong>in</strong></span> <span class='ocrx_word' id='word_1_277' title='bbox 354 3009 546 3077; x_wconf 86' lang='lat' dir='ltr'><strong>primis</strong></span> <span class='ocrx_word' id='word_1_278' title='bbox 574 3008 825 3077; x_wconf 70' lang='lat' dir='ltr'><strong>Epistula:</strong></span> <span class='ocrx_word' id='word_1_279' title='bbox 868 3007 1110 3076; x_wconf 89' lang='lat' dir='ltr'><strong>partibus</strong></span> <span class='ocrx_word' id='word_1_280' title='bbox 1148 3005 1263 3072; x_wconf 88' lang='lat' dir='ltr'><strong>jam</strong></span> <span class='ocrx_word' id='word_1_281' title='bbox 1306 3022 1403 3073; x_wconf 92' lang='lat' dir='ltr'><strong>pro</strong></span> <span class='ocrx_word' id='word_1_282' title='bbox 1429 3006 1634 3060; x_wconf 87' lang='lat' dir='ltr'><strong>viribus</strong></span> <span class='ocrx_word' id='word_1_283' title='bbox 1664 3006 1757 3059; x_wconf 87' lang='lat' dir='ltr'><strong>de-</strong></span> 
     </span>
    </p>
   </div>
   <div class='ocr_carea' id='block_1_33' title="bbox 185 3094 1757 3166">
    <p class='ocr_par' dir='ltr' id='par_1_33' title="bbox 185 3094 1757 3166">
     <span class='ocr_line' id='line_1_33' title="bbox 185 3094 1757 3166; baseline -0.004 -13"><span class='ocrx_word' id='word_1_284' title='bbox 185 3099 637 3160; x_wconf 88' lang='lat' dir='ltr'><strong>monstravimus,</strong></span> <span class='ocrx_word' id='word_1_285' title='bbox 679 3113 798 3166; x_wconf 74' lang='lat' dir='ltr'><strong>qua:</strong></span> <span class='ocrx_word' id='word_1_286' title='bbox 827 3098 1009 3165; x_wconf 85' lang='lat' dir='ltr'><strong>utique</strong></span> <span class='ocrx_word' id='word_1_287' title='bbox 1038 3094 1238 3148; x_wconf 86' lang='lat' dir='ltr'><strong>Achaia</strong></span> <span class='ocrx_word' id='word_1_288' title='bbox 1266 3095 1439 3149; x_wconf 84' lang='lat' dir='ltr'><strong>vicina</strong></span> <span class='ocrx_word' id='word_1_289' title='bbox 1458 3134 1472 3158; x_wconf 95' lang='lat'><strong>,</strong></span> <span class='ocrx_word' id='word_1_290' title='bbox 1502 3104 1555 3148; x_wconf 91' lang='lat' dir='ltr'><strong>et</strong></span> <span class='ocrx_word' id='word_1_291' title='bbox 1583 3095 1757 3148; x_wconf 68' lang='lat' dir='ltr'><strong>cohae-</strong></span> 
     </span>
    </p>
   </div>
   <div class='ocr_carea' id='block_1_34' title="bbox 188 3157 1829 3255">
    <p class='ocr_par' dir='ltr' id='par_1_34' title="bbox 188 3157 1829 3255">
     <span class='ocr_line' id='line_1_34' title="bbox 188 3157 1829 3255; baseline -0.004 -11"><span class='ocrx_word' id='word_1_292' title='bbox 188 3206 316 3245; x_wconf 89' lang='lat' dir='ltr'><strong>rens</strong></span> <span class='ocrx_word' id='word_1_293' title='bbox 347 3199 430 3245; x_wconf 87' lang='lat' dir='ltr'><strong>est</strong></span> <span class='ocrx_word' id='word_1_294' title='bbox 470 3157 813 3244; x_wconf 61' lang='lat' dir='ltr'><strong>Macedoniae.</strong></span> <span class='ocrx_word' id='word_1_295' title='bbox 863 3157 942 3240; x_wconf 43' lang='lat' dir='ltr'><strong>In-</strong></span> <span class='ocrx_word' id='word_1_296' title='bbox 974 3186 1168 3254; x_wconf 90' lang='lat' dir='ltr'><strong>quibus</strong></span> <span class='ocrx_word' id='word_1_297' title='bbox 1214 3186 1345 3239; x_wconf 89' lang='lat' dir='ltr'><strong>locis</strong></span> <span class='ocrx_word' id='word_1_298' title='bbox 1391 3185 1588 3255; x_wconf 86' lang='lat' dir='ltr'><strong>degens</strong></span> <span class='ocrx_word' id='word_1_299' title='bbox 1634 3200 1757 3238; x_wconf 91' lang='lat' dir='ltr'><strong>cum</strong></span> <span class='ocrx_word' id='word_1_300' title='bbox 1785 3157 1829 3217; x_wconf 63' lang='grc' dir='ltr'><strong>θ</strong></span> 
     </span>
    </p>
   </div>
   <div class='ocr_carea' id='block_1_35' title="bbox 183 3274 1758 3348">
    <p class='ocr_par' dir='ltr' id='par_1_35' title="bbox 183 3274 1758 3348">
     <span class='ocr_line' id='line_1_35' title="bbox 183 3274 1758 3348; baseline -0.004 -15"><span class='ocrx_word' id='word_1_301' title='bbox 183 3279 395 3348; x_wconf 81' lang='lat' dir='ltr'><strong>singula</strong></span> <span class='ocrx_word' id='word_1_302' title='bbox 432 3294 652 3348; x_wconf 66' lang='lat' dir='ltr'><strong>quaeque</strong></span> <span class='ocrx_word' id='word_1_303' title='bbox 689 3284 1026 3348; x_wconf 83' lang='lat' dir='ltr'><strong>peragrasset</strong></span> <span class='ocrx_word' id='word_1_304' title='bbox 1056 3276 1402 3344; x_wconf 86' lang='lat' dir='ltr'><strong>Evangelium</strong></span> <span class='ocrx_word' id='word_1_305' title='bbox 1461 3274 1758 3343; x_wconf 57' lang='lat' dir='ltr'><strong>praedicans</strong></span> 
     </span>
    </p>
   </div>
   <div class='ocr_carea' id='block_1_36' title="bbox 184 3365 1757 3434">
    <p class='ocr_par' dir='ltr' id='par_1_36' title="bbox 184 3365 1757 3434">
     <span class='ocr_line' id='line_1_36' title="bbox 184 3365 1757 3434; baseline -0.005 -11"><span class='ocrx_word' id='word_1_306' title='bbox 184 3371 240 3424; x_wconf 85' lang='lat' dir='ltr'><strong>in</strong></span> <span class='ocrx_word' id='word_1_307' title='bbox 271 3371 356 3423; x_wconf 91' lang='lat' dir='ltr'><strong>his</strong></span> <span class='ocrx_word' id='word_1_308' title='bbox 380 3369 644 3422; x_wconf 79' lang='lat' dir='ltr'><strong>duntaxat</strong></span> <span class='ocrx_word' id='word_1_309' title='bbox 673 3367 894 3429; x_wconf 87' lang='lat' dir='ltr'><strong>ﬁnibus,</strong></span> <span class='ocrx_word' id='word_1_310' title='bbox 928 3367 981 3419; x_wconf 89' lang='lat' dir='ltr'><strong>in</strong></span> <span class='ocrx_word' id='word_1_311' title='bbox 1010 3365 1204 3434; x_wconf 90' lang='lat' dir='ltr'><strong>quibus</strong></span> <span class='ocrx_word' id='word_1_312' title='bbox 1233 3365 1476 3418; x_wconf 89' lang='lat' dir='ltr'><strong>Christus</strong></span> <span class='ocrx_word' id='word_1_313' title='bbox 1506 3371 1628 3416; x_wconf 89' lang='lat' dir='ltr'><strong>ante</strong></span> <span class='ocrx_word' id='word_1_314' title='bbox 1654 3378 1757 3416; x_wconf 91' lang='lat' dir='ltr'><strong>non</strong></span> 
     </span>
    </p>
   </div>
   <div class='ocr_carea' id='block_1_37' title="bbox 187 3452 1763 3548">
    <p class='ocr_par' dir='ltr' id='par_1_37' title="bbox 187 3452 1763 3548">
     <span class='ocr_line' id='line_1_37' title="bbox 187 3452 1763 3548; baseline -0.005 -36"><span class='ocrx_word' id='word_1_315' title='bbox 187 3459 372 3512; x_wconf 79' lang='lat' dir='ltr'><strong>fuerat</strong></span> <span class='ocrx_word' id='word_1_316' title='bbox 413 3458 732 3548; x_wconf 62' lang='lat' dir='ltr'><strong>praedicatps</strong></span> <span class='ocrx_word' id='word_1_317' title='bbox 756 3496 770 3519; x_wconf 97' lang='lat'><strong>,</strong></span> <span class='ocrx_word' id='word_1_318' title='bbox 828 3463 883 3509; x_wconf 91' lang='lat' dir='ltr'><strong>et</strong></span> <span class='ocrx_word' id='word_1_319' title='bbox 933 3455 1205 3524; x_wconf 87' lang='lat' dir='ltr'><strong>agnitione</strong></span> <span class='ocrx_word' id='word_1_320' title='bbox 1234 3453 1327 3508; x_wconf 89' lang='lat' dir='ltr'><strong>Dei</strong></span> <span class='ocrx_word' id='word_1_321' title='bbox 1360 3452 1618 3521; x_wconf 90' lang='lat' dir='ltr'><strong>replesset</strong></span> <span class='ocrx_word' id='word_1_322' title='bbox 1644 3452 1763 3505; x_wconf 88' lang='lat' dir='ltr'><strong>uni-</strong></span> 
     </span>
    </p>
   </div>
   <div class='ocr_carea' id='block_1_38' title="bbox 185 3541 1765 3610">
    <p class='ocr_par' dir='ltr' id='par_1_38' title="bbox 185 3541 1765 3610">
     <span class='ocr_line' id='line_1_38' title="bbox 185 3541 1765 3610; baseline -0.004 -10"><span class='ocrx_word' id='word_1_323' title='bbox 185 3562 368 3610; x_wconf 82' lang='lat' dir='ltr'><strong>versa,</strong></span> <span class='ocrx_word' id='word_1_324' title='bbox 413 3547 544 3600; x_wconf 91' lang='lat' dir='ltr'><strong>dicit</strong></span> <span class='ocrx_word' id='word_1_325' title='bbox 578 3541 804 3598; x_wconf 73' lang='lat' dir='ltr'><strong>ulte&#39;rius</strong></span> <span class='ocrx_word' id='word_1_326' title='bbox 849 3560 905 3598; x_wconf 93' lang='lat' dir='ltr'><strong>se</strong></span> <span class='ocrx_word' id='word_1_327' title='bbox 953 3545 1128 3598; x_wconf 88' lang='lat' dir='ltr'><strong>locum</strong></span> <span class='ocrx_word' id='word_1_328' title='bbox 1177 3558 1284 3597; x_wconf 92' lang='lat' dir='ltr'><strong>non</strong></span> <span class='ocrx_word' id='word_1_329' title='bbox 1333 3542 1534 3596; x_wconf 89' lang='lat' dir='ltr'><strong>habere</strong></span> <span class='ocrx_word' id='word_1_330' title='bbox 1577 3541 1634 3594; x_wconf 89' lang='lat' dir='ltr'><strong>in</strong></span> <span class='ocrx_word' id='word_1_331' title='bbox 1678 3541 1765 3594; x_wconf 88' lang='lat' dir='ltr'><strong>bis</strong></span> 
     </span>
    </p>
   </div>
   <div class='ocr_carea' id='block_1_39' title="bbox 189 3632 1766 3706">
    <p class='ocr_par' dir='ltr' id='par_1_39' title="bbox 189 3632 1766 3706">
     <span class='ocr_line' id='line_1_39' title="bbox 189 3632 1766 3706; baseline -0.004 -16"><span class='ocrx_word' id='word_1_332' title='bbox 189 3637 534 3706; x_wconf 86' lang='lat' dir='ltr'><strong>regionibus,</strong></span> <span class='ocrx_word' id='word_1_333' title='bbox 582 3637 684 3690; x_wconf 90' lang='lat' dir='ltr'><strong>hoc</strong></span> <span class='ocrx_word' id='word_1_334' title='bbox 718 3643 827 3699; x_wconf 90' lang='lat' dir='ltr'><strong>est,</strong></span> <span class='ocrx_word' id='word_1_335' title='bbox 877 3635 1052 3688; x_wconf 91' lang='lat' dir='ltr'><strong>locum</strong></span> <span class='ocrx_word' id='word_1_336' title='bbox 1094 3633 1297 3686; x_wconf 89' lang='lat' dir='ltr'><strong>nullum</strong></span> <span class='ocrx_word' id='word_1_337' title='bbox 1339 3632 1442 3686; x_wconf 90' lang='lat' dir='ltr'><strong>sibi</strong></span> <span class='ocrx_word' id='word_1_338' title='bbox 1484 3645 1766 3700; x_wconf 86' lang='lat' dir='ltr'><strong>superesse</strong></span> 
     </span>
    </p>
   </div>
   <div class='ocr_carea' id='block_1_40' title="bbox 187 3719 1774 3793">
    <p class='ocr_par' dir='ltr' id='par_1_40' title="bbox 187 3719 1774 3793">
     <span class='ocr_line' id='line_1_40' title="bbox 187 3719 1774 3793; baseline -0.004 -14"><span class='ocrx_word' id='word_1_339' title='bbox 187 3725 390 3780; x_wconf 88' lang='lat' dir='ltr'><strong>Christi</strong></span> <span class='ocrx_word' id='word_1_340' title='bbox 428 3725 825 3793; x_wconf 73' lang='lat' dir='ltr'><strong>praedicationis</strong></span> <span class='ocrx_word' id='word_1_341' title='bbox 857 3739 1082 3777; x_wconf 86' lang='lat' dir='ltr'><strong>vacuum</strong></span> <span class='ocrx_word' id='word_1_342' title='bbox 1106 3763 1120 3786; x_wconf 94' lang='lat'><strong>,</strong></span> <span class='ocrx_word' id='word_1_343' title='bbox 1173 3731 1380 3790; x_wconf 87' lang='lat' dir='ltr'><strong>tempus</strong></span> <span class='ocrx_word' id='word_1_344' title='bbox 1422 3719 1536 3788; x_wconf 86' lang='lat' dir='ltr'><strong>jam</strong></span> <span class='ocrx_word' id='word_1_345' title='bbox 1579 3719 1774 3774; x_wconf 80' lang='lat' dir='ltr'><strong>adesse</strong></span> 
     </span>
    </p>
   </div>
   <div class='ocr_carea' id='block_1_41' title="bbox 191 3814 1767 3886">
    <p class='ocr_par' dir='ltr' id='par_1_41' title="bbox 191 3814 1767 3886">
     <span class='ocr_line' id='line_1_41' title="bbox 191 3814 1767 3886; baseline -0.003 -14"><span class='ocrx_word' id='word_1_346' title='bbox 191 3818 474 3886; x_wconf 84' lang='lat' dir='ltr'><strong>designat,</strong></span> <span class='ocrx_word' id='word_1_347' title='bbox 533 3831 640 3884; x_wconf 90' lang='lat' dir='ltr'><strong>quo</strong></span> <span class='ocrx_word' id='word_1_348' title='bbox 678 3817 1000 3870; x_wconf 85' lang='lat' dir='ltr'><strong>desiderium</strong></span> <span class='ocrx_word' id='word_1_349' title='bbox 1045 3829 1200 3869; x_wconf 89' lang='lat' dir='ltr'><strong>suum</strong></span> <span class='ocrx_word' id='word_1_350' title='bbox 1259 3814 1473 3868; x_wconf 83' lang='lat' dir='ltr'><strong>videndi</strong></span> <span class='ocrx_word' id='word_1_351' title='bbox 1530 3827 1622 3868; x_wconf 89' lang='lat' dir='ltr'><strong>eos</strong></span> <span class='ocrx_word' id='word_1_352' title='bbox 1675 3814 1767 3883; x_wconf 90' lang='lat' dir='ltr'><strong>qui</strong></span> 
     </span>
    </p>
   </div>
   <div class='ocr_carea' id='block_1_42' title="bbox 191 3905 1767 3975">
    <p class='ocr_par' dir='ltr' id='par_1_42' title="bbox 191 3905 1767 3975">
     <span class='ocr_line' id='line_1_42' title="bbox 191 3905 1767 3975; baseline -0.003 -12"><span class='ocrx_word' id='word_1_353' title='bbox 191 3908 381 3965; x_wconf 62' lang='lat' dir='ltr'><strong>Romae</strong></span> <span class='ocrx_word' id='word_1_354' title='bbox 421 3916 575 3972; x_wconf 84' lang='lat' dir='ltr'><strong>sunt,</strong></span> <span class='ocrx_word' id='word_1_355' title='bbox 608 3907 798 3961; x_wconf 89' lang='lat' dir='ltr'><strong>debeat</strong></span> <span class='ocrx_word' id='word_1_356' title='bbox 828 3905 1149 3975; x_wconf 75' lang='lat' dir='ltr'><strong>adimplere:</strong></span> <span class='ocrx_word' id='word_1_357' title='bbox 1183 3905 1324 3974; x_wconf 89' lang='lat' dir='ltr'><strong>quod</strong></span> <span class='ocrx_word' id='word_1_358' title='bbox 1353 3914 1668 3974; x_wconf 90' lang='lat' dir='ltr'><strong>conceptum</strong></span> <span class='ocrx_word' id='word_1_359' title='bbox 1700 3920 1767 3958; x_wconf 76' lang='lat' dir='ltr'><strong>ex</strong></span> 
     </span>
    </p>
   </div>
   <div class='ocr_carea' id='block_1_43' title="bbox 191 3993 1769 4067">
    <p class='ocr_par' dir='ltr' id='par_1_43' title="bbox 191 3993 1769 4067">
     <span class='ocr_line' id='line_1_43' title="bbox 191 3993 1769 4067; baseline -0.003 -13"><span class='ocrx_word' id='word_1_360' title='bbox 191 3999 377 4054; x_wconf 90' lang='lat' dir='ltr'><strong>multis</strong></span> <span class='ocrx_word' id='word_1_361' title='bbox 406 3999 561 4052; x_wconf 88' lang='lat' dir='ltr'><strong>annis</strong></span> <span class='ocrx_word' id='word_1_362' title='bbox 588 3997 840 4067; x_wconf 85' lang='lat' dir='ltr'><strong>gerebat,</strong></span> <span class='ocrx_word' id='word_1_363' title='bbox 872 3996 1096 4050; x_wconf 93' lang='lat' dir='ltr'><strong>dilatum</strong></span> <span class='ocrx_word' id='word_1_364' title='bbox 1128 4003 1306 4049; x_wconf 90' lang='lat' dir='ltr'><strong>autem</strong></span> <span class='ocrx_word' id='word_1_365' title='bbox 1336 3993 1544 4057; x_wconf 87' lang='lat' dir='ltr'><strong>fuerat,</strong></span> <span class='ocrx_word' id='word_1_366' title='bbox 1578 4003 1632 4049; x_wconf 91' lang='lat' dir='ltr'><strong>et</strong></span> <span class='ocrx_word' id='word_1_367' title='bbox 1661 3995 1769 4050; x_wconf 87' lang='lat' dir='ltr'><strong>dis-</strong></span> 
     </span>
    </p>
   </div>
   <div class='ocr_carea' id='block_1_44' title="bbox 193 4083 1770 4153">
    <p class='ocr_par' dir='ltr' id='par_1_44' title="bbox 193 4083 1770 4153">
     <span class='ocr_line' id='line_1_44' title="bbox 193 4083 1770 4153; baseline -0.001 -12"><span class='ocrx_word' id='word_1_368' title='bbox 193 4087 509 4142; x_wconf 78' lang='lat' dir='ltr'><strong>simulatum</strong></span> <span class='ocrx_word' id='word_1_369' title='bbox 534 4127 548 4151; x_wconf 91' lang='lat'><strong>,</strong></span> <span class='ocrx_word' id='word_1_370' title='bbox 605 4085 775 4140; x_wconf 89' lang='lat' dir='ltr'><strong>donec</strong></span> <span class='ocrx_word' id='word_1_371' title='bbox 801 4100 1015 4139; x_wconf 90' lang='lat' dir='ltr'><strong>omnem</strong></span> <span class='ocrx_word' id='word_1_372' title='bbox 1047 4083 1219 4138; x_wconf 89' lang='lat' dir='ltr'><strong>locum</strong></span> <span class='ocrx_word' id='word_1_373' title='bbox 1243 4125 1257 4149; x_wconf 92' lang='lat'><strong>,</strong></span> <span class='ocrx_word' id='word_1_374' title='bbox 1305 4085 1360 4137; x_wconf 93' lang='lat' dir='ltr'><strong>in</strong></span> <span class='ocrx_word' id='word_1_375' title='bbox 1389 4099 1495 4153; x_wconf 91' lang='lat' dir='ltr'><strong>quo</strong></span> <span class='ocrx_word' id='word_1_376' title='bbox 1524 4084 1770 4140; x_wconf 88' lang='lat' dir='ltr'><strong>Christus</strong></span> 
     </span>
    </p>
   </div>
   <div class='ocr_carea' id='block_1_45' title="bbox 192 4174 1768 4245">
    <p class='ocr_par' dir='ltr' id='par_1_45' title="bbox 192 4174 1768 4245">
     <span class='ocr_line' id='line_1_45' title="bbox 192 4174 1768 4245; baseline -0.001 -14"><span class='ocrx_word' id='word_1_377' title='bbox 192 4193 302 4232; x_wconf 90' lang='lat' dir='ltr'><strong>non</strong></span> <span class='ocrx_word' id='word_1_378' title='bbox 334 4179 510 4231; x_wconf 85' lang='lat' dir='ltr'><strong>fuerat</strong></span> <span class='ocrx_word' id='word_1_379' title='bbox 540 4177 882 4245; x_wconf 59' lang='lat' dir='ltr'><strong>praedicatus,</strong></span> <span class='ocrx_word' id='word_1_380' title='bbox 921 4176 1194 4245; x_wconf 86' lang='lat' dir='ltr'><strong>agnitione</strong></span> <span class='ocrx_word' id='word_1_381' title='bbox 1229 4175 1500 4243; x_wconf 85' lang='lat' dir='ltr'><strong>Evangelii</strong></span> <span class='ocrx_word' id='word_1_382' title='bbox 1535 4174 1649 4242; x_wconf 88' lang='lat' dir='ltr'><strong>ejus</strong></span> <span class='ocrx_word' id='word_1_383' title='bbox 1682 4190 1768 4229; x_wconf 90' lang='lat' dir='ltr'><strong>re-</strong></span> 
     </span>
    </p>
   </div>
   <div class='ocr_carea' id='block_1_46' title="bbox 194 4264 1766 4336">
    <p class='ocr_par' dir='ltr' id='par_1_46' title="bbox 194 4264 1766 4336">
     <span class='ocr_line' id='line_1_46' title="bbox 194 4264 1766 4336; baseline -0.001 -18"><span class='ocrx_word' id='word_1_384' title='bbox 194 4266 386 4336; x_wconf 87' lang='lat' dir='ltr'><strong>pleret.</strong></span> <span class='ocrx_word' id='word_1_385' title='bbox 434 4265 661 4335; x_wconf 51' lang='lat' dir='ltr'><strong>(:lmbr.)</strong></span> <span class='ocrx_word' id='word_1_386' title='bbox 696 4265 850 4331; x_wconf 83' lang='lat' dir='ltr'><strong>Quod</strong></span> <span class='ocrx_word' id='word_1_387' title='bbox 887 4265 942 4318; x_wconf 90' lang='lat' dir='ltr'><strong>in</strong></span> <span class='ocrx_word' id='word_1_388' title='bbox 978 4264 1152 4332; x_wconf 89' lang='lat' dir='ltr'><strong>capite</strong></span> <span class='ocrx_word' id='word_1_389' title='bbox 1181 4264 1431 4331; x_wconf 61' lang='lat' dir='ltr'><strong>Epistolas</strong></span> <span class='ocrx_word' id='word_1_390' title='bbox 1463 4275 1766 4328; x_wconf 88' lang='lat' dir='ltr'><strong>memorat,</strong></span> 
     </span>
    </p>
   </div>
   <div class='ocr_carea' id='block_1_47' title="bbox 106 4352 1767 4421">
    <p class='ocr_par' dir='ltr' id='par_1_47' title="bbox 106 4352 1767 4421">
     <span class='ocr_line' id='line_1_47' title="bbox 106 4352 1767 4421; baseline -0.002 -13"><span class='ocrx_word' id='word_1_391' title='bbox 106 4370 127 4390; x_wconf 61' lang='grc' dir='ltr'><strong>ε</strong></span> <span class='ocrx_word' id='word_1_392' title='bbox 196 4355 413 4408; x_wconf 86' lang='lat' dir='ltr'><strong>dicens:</strong></span> <span class='ocrx_word' id='word_1_393' title='bbox 440 4354 578 4418; x_wconf 81' lang='lat' dir='ltr'><strong>Quia</strong></span> <span class='ocrx_word' id='word_1_394' title='bbox 607 4370 761 4421; x_wconf 70' lang='lat' dir='ltr'><strong>stupe,</strong></span> <span class='ocrx_word' id='word_1_395' title='bbox 793 4352 984 4421; x_wconf 88' lang='lat' dir='ltr'><strong>inquit,</strong></span> <span class='ocrx_word' id='word_1_396' title='bbox 1017 4352 1258 4421; x_wconf 84' lang='lat' dir='ltr'><strong>proposui</strong></span> <span class='ocrx_word' id='word_1_397' title='bbox 1290 4353 1458 4403; x_wconf 86' lang='lat' dir='ltr'><strong>venire</strong></span> <span class='ocrx_word' id='word_1_398' title='bbox 1484 4353 1553 4404; x_wconf 92' lang='lat' dir='ltr'><strong>ad</strong></span> <span class='ocrx_word' id='word_1_399' title='bbox 1583 4368 1692 4416; x_wconf 89' lang='lat' dir='ltr'><strong>vos,</strong></span> <span class='ocrx_word' id='word_1_400' title='bbox 1721 4361 1767 4405; x_wconf 83' lang='lat' dir='ltr'><strong>et</strong></span> 
     </span>
    </p>
   </div>
   <div class='ocr_carea' id='block_1_48' title="bbox 193 4439 1769 4513">
    <p class='ocr_par' dir='ltr' id='par_1_48' title="bbox 193 4439 1769 4513">
     <span class='ocr_line' id='line_1_48' title="bbox 193 4439 1769 4513; baseline -0.003 -15"><span class='ocrx_word' id='word_1_401' title='bbox 193 4443 482 4513; x_wconf 82' lang='lat' dir='ltr'><strong>prohibitus</strong></span> <span class='ocrx_word' id='word_1_402' title='bbox 505 4458 618 4494; x_wconf 86' lang='lat' dir='ltr'><strong>sum</strong></span> <span class='ocrx_word' id='word_1_403' title='bbox 642 4457 799 4510; x_wconf 88' lang='lat' dir='ltr'><strong>usque</strong></span> <span class='ocrx_word' id='word_1_404' title='bbox 821 4441 1010 4503; x_wconf 89' lang='lat' dir='ltr'><strong>adhuc,</strong></span> <span class='ocrx_word' id='word_1_405' title='bbox 1036 4454 1176 4492; x_wconf 93' lang='lat' dir='ltr'><strong>nunc</strong></span> <span class='ocrx_word' id='word_1_406' title='bbox 1208 4439 1454 4513; x_wconf 79' lang='lat' dir='ltr'><strong>absolvit,</strong></span> <span class='ocrx_word' id='word_1_407' title='bbox 1482 4440 1769 4494; x_wconf 88' lang='lat' dir='ltr'><strong>ostendens</strong></span> 
     </span>
    </p>
   </div>
   <div class='ocr_carea' id='block_1_49' title="bbox 192 4508 1770 4602">
    <p class='ocr_par' dir='ltr' id='par_1_49' title="bbox 192 4508 1770 4602">
     <span class='ocr_line' id='line_1_49' title="bbox 192 4508 1770 4602; baseline -0.001 -15"><span class='ocrx_word' id='word_1_408' title='bbox 192 4549 304 4602; x_wconf 87' lang='lat' dir='ltr'><strong>qua</strong></span> <span class='ocrx_word' id='word_1_409' title='bbox 357 4548 520 4587; x_wconf 90' lang='lat' dir='ltr'><strong>causa</strong></span> <span class='ocrx_word' id='word_1_410' title='bbox 573 4532 860 4599; x_wconf 87' lang='lat' dir='ltr'><strong>impeditus</strong></span> <span class='ocrx_word' id='word_1_411' title='bbox 908 4531 1015 4594; x_wconf 92' lang='lat' dir='ltr'><strong>sit,</strong></span> <span class='ocrx_word' id='word_1_412' title='bbox 1072 4539 1131 4582; x_wconf 89' lang='lat' dir='ltr'><strong>ut</strong></span> <span class='ocrx_word' id='word_1_413' title='bbox 1173 4508 1357 4583; x_wconf 77' lang='lat' dir='ltr'><strong>voleiis</strong></span> <span class='ocrx_word' id='word_1_414' title='bbox 1402 4530 1585 4584; x_wconf 84' lang='lat' dir='ltr'><strong>venire</strong></span> <span class='ocrx_word' id='word_1_415' title='bbox 1627 4530 1770 4585; x_wconf 91' lang='lat' dir='ltr'><strong>aliud</strong></span> 
     </span>
    </p>
   </div>
   <div class='ocr_carea' id='block_1_50' title="bbox 198 4619 1772 4692">
    <p class='ocr_par' dir='ltr' id='par_1_50' title="bbox 198 4619 1772 4692">
     <span class='ocr_line' id='line_1_50' title="bbox 198 4619 1772 4692; baseline -0.001 -17"><span class='ocrx_word' id='word_1_416' title='bbox 198 4630 413 4692; x_wconf 85' lang='lat' dir='ltr'><strong>ageret,</strong></span> <span class='ocrx_word' id='word_1_417' title='bbox 458 4622 599 4688; x_wconf 91' lang='lat' dir='ltr'><strong>quod</strong></span> <span class='ocrx_word' id='word_1_418' title='bbox 633 4621 976 4681; x_wconf 87' lang='lat' dir='ltr'><strong>imminebat,</strong></span> <span class='ocrx_word' id='word_1_419' title='bbox 1021 4629 1078 4672; x_wconf 91' lang='lat' dir='ltr'><strong>ut</strong></span> <span class='ocrx_word' id='word_1_420' title='bbox 1105 4619 1413 4673; x_wconf 81' lang='lat' dir='ltr'><strong>excluderet</strong></span> <span class='ocrx_word' id='word_1_421' title='bbox 1443 4621 1772 4690; x_wconf 84' lang='lat' dir='ltr'><strong>pseudoapo-</strong></span> 
     </span>
    </p>
   </div>
   <div class='ocr_carea' id='block_1_51' title="bbox 197 4707 1770 4779">
    <p class='ocr_par' dir='ltr' id='par_1_51' title="bbox 197 4707 1770 4779">
     <span class='ocr_line' id='line_1_51' title="bbox 197 4707 1770 4779; baseline -0.002 -14"><span class='ocrx_word' id='word_1_422' title='bbox 197 4711 462 4766; x_wconf 88' lang='lat' dir='ltr'><strong>stolorum</strong></span> <span class='ocrx_word' id='word_1_423' title='bbox 513 4724 676 4779; x_wconf 76' lang='lat' dir='ltr'><strong>prava</strong></span> <span class='ocrx_word' id='word_1_424' title='bbox 723 4716 1042 4762; x_wconf 89' lang='lat' dir='ltr'><strong>commenta.</strong></span> <span class='ocrx_word' id='word_1_425' title='bbox 1101 4707 1167 4760; x_wconf 86' lang='lat' dir='ltr'><strong>Et</strong></span> <span class='ocrx_word' id='word_1_426' title='bbox 1214 4708 1443 4776; x_wconf 90' lang='lat' dir='ltr'><strong>denique</strong></span> <span class='ocrx_word' id='word_1_427' title='bbox 1490 4717 1770 4778; x_wconf 89' lang='lat' dir='ltr'><strong>postquam</strong></span> 
     </span>
    </p>
   </div>
   <div class='ocr_carea' id='block_1_52' title="bbox 198 4796 1775 4866">
    <p class='ocr_par' dir='ltr' id='par_1_52' title="bbox 198 4796 1775 4866">
     <span class='ocr_line' id='line_1_52' title="bbox 198 4796 1775 4866; baseline -0.003 -11"><span class='ocrx_word' id='word_1_428' title='bbox 198 4800 454 4855; x_wconf 88' lang='lat' dir='ltr'><strong>omnibus</strong></span> <span class='ocrx_word' id='word_1_429' title='bbox 485 4799 536 4852; x_wconf 91' lang='lat' dir='ltr'><strong>in</strong></span> <span class='ocrx_word' id='word_1_430' title='bbox 567 4797 791 4853; x_wconf 88' lang='lat' dir='ltr'><strong>circuitu</strong></span> <span class='ocrx_word' id='word_1_431' title='bbox 815 4796 1145 4866; x_wconf 61' lang='lat' dir='ltr'><strong>praedicavit,</strong></span> <span class='ocrx_word' id='word_1_432' title='bbox 1156 4796 1266 4864; x_wconf 86' lang='lat' dir='ltr'><strong>jam</strong></span> <span class='ocrx_word' id='word_1_433' title='bbox 1297 4812 1488 4851; x_wconf 87' lang='lat' dir='ltr'><strong>vacare</strong></span> <span class='ocrx_word' id='word_1_434' title='bbox 1517 4798 1616 4851; x_wconf 90' lang='lat' dir='ltr'><strong>sibi</strong></span> <span class='ocrx_word' id='word_1_435' title='bbox 1646 4799 1775 4852; x_wconf 89' lang='lat' dir='ltr'><strong>dicit</strong></span> 
     </span>
    </p>
   </div>
   <div class='ocr_carea' id='block_1_53' title="bbox 198 4871 1771 4959">
    <p class='ocr_par' dir='ltr' id='par_1_53' title="bbox 198 4871 1771 4959">
     <span class='ocr_line' id='line_1_53' title="bbox 198 4871 1771 4959; baseline 0.001 -18"><span class='ocrx_word' id='word_1_436' title='bbox 198 4889 388 4943; x_wconf 84' lang='lat' dir='ltr'><strong>venire</strong></span> <span class='ocrx_word' id='word_1_437' title='bbox 410 4890 654 4954; x_wconf 82' lang='lat' dir='ltr'><strong>Romam,</strong></span> <span class='ocrx_word' id='word_1_438' title='bbox 672 4889 811 4956; x_wconf 91' lang='lat' dir='ltr'><strong>quod</strong></span> <span class='ocrx_word' id='word_1_439' title='bbox 832 4871 960 4942; x_wconf 83' lang='lat' dir='ltr'><strong>olim</strong></span> <span class='ocrx_word' id='word_1_440' title='bbox 980 4895 1276 4955; x_wconf 84' lang='lat' dir='ltr'><strong>optaverat.</strong></span> <span class='ocrx_word' id='word_1_441' title='bbox 1299 4888 1568 4943; x_wconf 81' lang='lat' dir='ltr'><strong>Romanos</strong></span> <span class='ocrx_word' id='word_1_442' title='bbox 1592 4890 1771 4959; x_wconf 83' lang='lat' dir='ltr'><strong>igitur,</strong></span> 
     </span>
    </p>
   </div>
   <div class='ocr_carea' id='block_1_54' title="bbox 201 4978 1775 5051">
    <p class='ocr_par' dir='ltr' id='par_1_54' title="bbox 201 4978 1775 5051">
     <span class='ocr_line' id='line_1_54' title="bbox 201 4978 1775 5051; baseline 0.001 -19"><span class='ocrx_word' id='word_1_443' title='bbox 201 4981 330 5051; x_wconf 86' lang='lat' dir='ltr'><strong>quia</strong></span> <span class='ocrx_word' id='word_1_444' title='bbox 364 4979 417 5033; x_wconf 87' lang='lat' dir='ltr'><strong>in</strong></span> <span class='ocrx_word' id='word_1_445' title='bbox 447 4979 617 5047; x_wconf 80' lang='lat' dir='ltr'><strong>legem</strong></span> <span class='ocrx_word' id='word_1_446' title='bbox 641 4980 843 5034; x_wconf 90' lang='lat' dir='ltr'><strong>inducti</strong></span> <span class='ocrx_word' id='word_1_447' title='bbox 871 4978 1332 5042; x_wconf 89' lang='lat' dir='ltr'><strong>fuerant,interim</strong></span> <span class='ocrx_word' id='word_1_448' title='bbox 1363 4995 1457 5046; x_wconf 91' lang='lat' dir='ltr'><strong>per</strong></span> <span class='ocrx_word' id='word_1_449' title='bbox 1484 4980 1775 5048; x_wconf 84' lang='lat' dir='ltr'><strong>Epistolam</strong></span> 
     </span>
    </p>
   </div>
   <div class='ocr_carea' id='block_1_55' title="bbox 204 5071 1776 5140">
    <p class='ocr_par' dir='ltr' id='par_1_55' title="bbox 204 5071 1776 5140">
     <span class='ocr_line' id='line_1_55' title="bbox 204 5071 1776 5140; baseline -0.001 -15"><span class='ocrx_word' id='word_1_450' title='bbox 204 5071 432 5138; x_wconf 84' lang='lat' dir='ltr'><strong>corrigit</strong></span> <span class='ocrx_word' id='word_1_451' title='bbox 463 5089 474 5123; x_wconf 87' lang='lat'>:</span> <span class='ocrx_word' id='word_1_452' title='bbox 507 5072 622 5124; x_wconf 89' lang='lat' dir='ltr'><strong>illos</strong></span> <span class='ocrx_word' id='word_1_453' title='bbox 668 5081 845 5125; x_wconf 90' lang='lat' dir='ltr'><strong>autem</strong></span> <span class='ocrx_word' id='word_1_454' title='bbox 877 5073 965 5139; x_wconf 91' lang='lat' dir='ltr'><strong>qui</strong></span> <span class='ocrx_word' id='word_1_455' title='bbox 995 5088 1098 5124; x_wconf 93' lang='lat' dir='ltr'><strong>non</strong></span> <span class='ocrx_word' id='word_1_456' title='bbox 1127 5071 1410 5124; x_wconf 88' lang='lat' dir='ltr'><strong>audierunt</strong></span> <span class='ocrx_word' id='word_1_457' title='bbox 1438 5073 1612 5126; x_wconf 89' lang='lat' dir='ltr'><strong>adhuc</strong></span> <span class='ocrx_word' id='word_1_458' title='bbox 1643 5088 1776 5140; x_wconf 70' lang='lat' dir='ltr'><strong>pra:—</strong></span> 
     </span>
    </p>
   </div>
   <div class='ocr_carea' id='block_1_56' title="bbox 206 5160 1780 5229">
    <p class='ocr_par' dir='ltr' id='par_1_56' title="bbox 206 5160 1780 5229">
     <span class='ocr_line' id='line_1_56' title="bbox 206 5160 1780 5229; baseline -0.001 -13"><span class='ocrx_word' id='word_1_459' title='bbox 206 5161 557 5223; x_wconf 89' lang='lat' dir='ltr'><strong>dicationem,</strong></span> <span class='ocrx_word' id='word_1_460' title='bbox 586 5161 769 5214; x_wconf 89' lang='lat' dir='ltr'><strong>utilius</strong></span> <span class='ocrx_word' id='word_1_461' title='bbox 815 5176 934 5214; x_wconf 89' lang='lat' dir='ltr'><strong>esse</strong></span> <span class='ocrx_word' id='word_1_462' title='bbox 978 5161 1260 5229; x_wconf 67' lang='lat' dir='ltr'><strong>praesentia</strong></span> <span class='ocrx_word' id='word_1_463' title='bbox 1312 5160 1393 5212; x_wconf 89' lang='lat' dir='ltr'><strong>sui</strong></span> <span class='ocrx_word' id='word_1_464' title='bbox 1444 5161 1659 5224; x_wconf 88' lang='lat' dir='ltr'><strong>doceri,</strong></span> <span class='ocrx_word' id='word_1_465' title='bbox 1722 5170 1780 5216; x_wconf 91' lang='lat' dir='ltr'><strong>ut</strong></span> 
     </span>
    </p>
   </div>
   <div class='ocr_carea' id='block_1_57' title="bbox 205 5248 1774 5318">
    <p class='ocr_par' dir='ltr' id='par_1_57' title="bbox 205 5248 1774 5318">
     <span class='ocr_line' id='line_1_57' title="bbox 205 5248 1774 5318; baseline -0.002 -13"><span class='ocrx_word' id='word_1_466' title='bbox 205 5248 418 5306; x_wconf 89' lang='lat' dir='ltr'><strong>fundati</strong></span> <span class='ocrx_word' id='word_1_467' title='bbox 450 5259 596 5304; x_wconf 88' lang='lat' dir='ltr'><strong>recta</strong></span> <span class='ocrx_word' id='word_1_468' title='bbox 646 5249 749 5304; x_wconf 86' lang='lat' dir='ltr'><strong>ﬁde</strong></span> <span class='ocrx_word' id='word_1_469' title='bbox 796 5249 1013 5303; x_wconf 89' lang='lat' dir='ltr'><strong>difﬁcile</strong></span> <span class='ocrx_word' id='word_1_470' title='bbox 1045 5251 1187 5304; x_wconf 84' lang='lat' dir='ltr'><strong>aliud</strong></span> <span class='ocrx_word' id='word_1_471' title='bbox 1223 5250 1420 5318; x_wconf 90' lang='lat' dir='ltr'><strong>aliquid</strong></span> <span class='ocrx_word' id='word_1_472' title='bbox 1457 5251 1774 5318; x_wconf 89' lang='lat' dir='ltr'><strong>reciperent.</strong></span> 
     </span>
    </p>
   </div>
   <div class='ocr_carea' id='block_1_58' title="bbox 206 5337 1776 5407">
    <p class='ocr_par' dir='ltr' id='par_1_58' title="bbox 206 5337 1776 5407">
     <span class='ocr_line' id='line_1_58' title="bbox 206 5337 1776 5407; baseline -0.002 -14"><span class='ocrx_word' id='word_1_473' title='bbox 206 5337 510 5394; x_wconf 75' lang='lat' dir='ltr'><strong>Venturum</strong></span> <span class='ocrx_word' id='word_1_474' title='bbox 548 5349 726 5394; x_wconf 87' lang='lat' dir='ltr'><strong>tamen</strong></span> <span class='ocrx_word' id='word_1_475' title='bbox 768 5352 825 5392; x_wconf 92' lang='lat' dir='ltr'><strong>se</strong></span> <span class='ocrx_word' id='word_1_476' title='bbox 865 5338 1112 5407; x_wconf 90' lang='lat' dir='ltr'><strong>promisit</strong></span> <span class='ocrx_word' id='word_1_477' title='bbox 1141 5347 1379 5406; x_wconf 90' lang='lat' dir='ltr'><strong>tempore</strong></span> <span class='ocrx_word' id='word_1_478' title='bbox 1419 5353 1524 5405; x_wconf 86' lang='lat' dir='ltr'><strong>quo</strong></span> <span class='ocrx_word' id='word_1_479' title='bbox 1569 5339 1636 5392; x_wconf 90' lang='lat' dir='ltr'><strong>ad</strong></span> <span class='ocrx_word' id='word_1_480' title='bbox 1681 5339 1776 5391; x_wconf 84' lang='lat' dir='ltr'><strong>lli-</strong></span> 
     </span>
    </p>
   </div>
   <div class='ocr_carea' id='block_1_59' title="bbox 208 5427 1779 5512">
    <p class='ocr_par' dir='ltr' id='par_1_59' title="bbox 208 5427 1779 5512">
     <span class='ocr_line' id='line_1_59' title="bbox 208 5427 1779 5512; baseline 0 -29"><span class='ocrx_word' id='word_1_481' title='bbox 208 5428 426 5512; x_wconf 72' lang='lat' dir='ltr'><strong>spanias</strong></span> <span class='ocrx_word' id='word_1_482' title='bbox 473 5437 592 5481; x_wconf 90' lang='lat' dir='ltr'><strong>erat</strong></span> <span class='ocrx_word' id='word_1_483' title='bbox 634 5428 806 5482; x_wconf 90' lang='lat' dir='ltr'><strong>iturus</strong></span> <span class='ocrx_word' id='word_1_484' title='bbox 840 5446 852 5480; x_wconf 92' lang='lat'><strong>:</strong></span> <span class='ocrx_word' id='word_1_485' title='bbox 905 5429 1030 5495; x_wconf 88' lang='lat' dir='ltr'><strong>quia</strong></span> <span class='ocrx_word' id='word_1_486' title='bbox 1079 5427 1188 5482; x_wconf 89' lang='lat' dir='ltr'><strong>illic</strong></span> <span class='ocrx_word' id='word_1_487' title='bbox 1226 5427 1476 5481; x_wconf 88' lang='lat' dir='ltr'><strong>Christus</strong></span> <span class='ocrx_word' id='word_1_488' title='bbox 1516 5443 1620 5482; x_wconf 91' lang='lat' dir='ltr'><strong>non</strong></span> <span class='ocrx_word' id='word_1_489' title='bbox 1662 5438 1779 5484; x_wconf 86' lang='lat' dir='ltr'><strong>erat</strong></span> 
     </span>
    </p>
   </div>
   <div class='ocr_carea' id='block_1_60' title="bbox 209 5518 1777 5587">
    <p class='ocr_par' dir='ltr' id='par_1_60' title="bbox 209 5518 1777 5587">
     <span class='ocr_line' id='line_1_60' title="bbox 209 5518 1777 5587; baseline 0.002 -17"><span class='ocrx_word' id='word_1_490' title='bbox 209 5518 566 5587; x_wconf 70' lang='lat' dir='ltr'><strong>praedicatus,</strong></span> <span class='ocrx_word' id='word_1_491' title='bbox 607 5527 665 5571; x_wconf 92' lang='lat' dir='ltr'><strong>ut</strong></span> <span class='ocrx_word' id='word_1_492' title='bbox 699 5527 985 5585; x_wconf 87' lang='lat' dir='ltr'><strong>occuparet</strong></span> <span class='ocrx_word' id='word_1_493' title='bbox 1025 5526 1229 5572; x_wconf 84' lang='lat' dir='ltr'><strong>mentes</strong></span> <span class='ocrx_word' id='word_1_494' title='bbox 1268 5518 1507 5581; x_wconf 89' lang='lat' dir='ltr'><strong>illorum,</strong></span> <span class='ocrx_word' id='word_1_495' title='bbox 1556 5529 1607 5572; x_wconf 91' lang='lat' dir='ltr'><strong>ct</strong></span> <span class='ocrx_word' id='word_1_496' title='bbox 1652 5520 1777 5587; x_wconf 90' lang='lat' dir='ltr'><strong>quia</strong></span> 
     </span>
    </p>
   </div>
   <div class='ocr_carea' id='block_1_61' title="bbox 211 5611 1778 5682">
    <p class='ocr_par' dir='ltr' id='par_1_61' title="bbox 211 5611 1778 5682">
     <span class='ocr_line' id='line_1_61' title="bbox 211 5611 1778 5682; baseline -0.001 -16"><span class='ocrx_word' id='word_1_497' title='bbox 211 5611 677 5682; x_wconf 87' lang='lat' dir='ltr'><strong>pseudoapostolis</strong></span> <span class='ocrx_word' id='word_1_498' title='bbox 704 5611 920 5672; x_wconf 84' lang='lat' dir='ltr'><strong>difﬁcile</strong></span> <span class='ocrx_word' id='word_1_499' title='bbox 953 5611 1051 5666; x_wconf 86' lang='lat' dir='ltr'><strong>fuit</strong></span> <span class='ocrx_word' id='word_1_500' title='bbox 1084 5613 1187 5667; x_wconf 85' lang='lat' dir='ltr'><strong>iter</strong></span> <span class='ocrx_word' id='word_1_501' title='bbox 1215 5613 1280 5668; x_wconf 87' lang='lat' dir='ltr'><strong>ad</strong></span> <span class='ocrx_word' id='word_1_502' title='bbox 1322 5613 1470 5677; x_wconf 86' lang='lat' dir='ltr'><strong>illos,</strong></span> <span class='ocrx_word' id='word_1_503' title='bbox 1519 5612 1636 5668; x_wconf 86' lang='lat' dir='ltr'><strong>ideo</strong></span> <span class='ocrx_word' id='word_1_504' title='bbox 1671 5623 1778 5666; x_wconf 86' lang='lat' dir='ltr'><strong>tar-</strong></span> 
     </span>
    </p>
   </div>
   <div class='ocr_carea' id='block_1_62' title="bbox 1842 779 3409 852">
    <p class='ocr_par' dir='ltr' id='par_1_62' title="bbox 1842 779 3409 852">
     <span class='ocr_line' id='line_1_62' title="bbox 1842 779 3409 852; baseline 0.001 -18"><span class='ocrx_word' id='word_1_505' title='bbox 1842 780 1896 834; x_wconf 85' lang='lat' dir='ltr'><strong>in</strong></span> <span class='ocrx_word' id='word_1_506' title='bbox 1931 779 2158 834; x_wconf 87' lang='lat' dir='ltr'><strong>transitu</strong></span> <span class='ocrx_word' id='word_1_507' title='bbox 2199 780 2569 832; x_wconf 87' lang='lat' dir='ltr'><strong>tantummodo</strong></span> <span class='ocrx_word' id='word_1_508' title='bbox 2610 790 2665 832; x_wconf 92' lang='lat' dir='ltr'><strong>et</strong></span> <span class='ocrx_word' id='word_1_509' title='bbox 2701 780 2768 833; x_wconf 90' lang='lat' dir='ltr'><strong>ad</strong></span> <span class='ocrx_word' id='word_1_510' title='bbox 2805 779 2908 833; x_wconf 83' lang='lat' dir='ltr'><strong>alia</strong></span> <span class='ocrx_word' id='word_1_511' title='bbox 2937 796 3149 836; x_wconf 89' lang='lat' dir='ltr'><strong>rursum</strong></span> <span class='ocrx_word' id='word_1_512' title='bbox 3176 796 3409 852; x_wconf 86' lang='lat' dir='ltr'><strong>pergens</strong></span> 
     </span>
    </p>
   </div>
   <div class='ocr_carea' id='block_1_63' title="bbox 1834 867 3411 940">
    <p class='ocr_par' dir='ltr' id='par_1_63' title="bbox 1834 867 3411 940">
     <span class='ocr_line' id='line_1_63' title="bbox 1834 867 3411 940; baseline 0.001 -17"><span class='ocrx_word' id='word_1_513' title='bbox 1834 870 2104 940; x_wconf 71' lang='lat' dir='ltr'><strong>iudicaret</strong></span> <span class='ocrx_word' id='word_1_514' title='bbox 2164 867 2439 923; x_wconf 87' lang='lat' dir='ltr'><strong>videndos.</strong></span> <span class='ocrx_word' id='word_1_515' title='bbox 2490 869 2624 922; x_wconf 79' lang='lat' dir='ltr'><strong>&#39;Vide</strong></span> <span class='ocrx_word' id='word_1_516' title='bbox 2672 871 2815 923; x_wconf 87' lang='lat' dir='ltr'><strong>enim</strong></span> <span class='ocrx_word' id='word_1_517' title='bbox 2857 870 2916 923; x_wconf 82' lang='lat' dir='ltr'><strong>in</strong></span> <span class='ocrx_word' id='word_1_518' title='bbox 2965 872 3411 940; x_wconf 65' lang='lat' dir='ltr'><strong>subsequentibus</strong></span> 
     </span>
    </p>
   </div>
   <div class='ocr_carea' id='block_1_64' title="bbox 1842 960 3409 1036">
    <p class='ocr_par' dir='ltr' id='par_1_64' title="bbox 1842 960 3409 1036">
     <span class='ocr_line' id='line_1_64' title="bbox 1842 960 3409 1036; baseline 0 -22"><span class='ocrx_word' id='word_1_519' title='bbox 1842 963 1969 1031; x_wconf 89' lang='lat' dir='ltr'><strong>quid</strong></span> <span class='ocrx_word' id='word_1_520' title='bbox 1999 960 2277 1036; x_wconf 78' lang='lat' dir='ltr'><strong>adjungit,</strong></span> <span class='ocrx_word' id='word_1_521' title='bbox 2319 960 2449 1014; x_wconf 86' lang='lat' dir='ltr'><strong>Cum</strong></span> <span class='ocrx_word' id='word_1_522' title='bbox 2487 962 2672 1030; x_wconf 84' lang='lat' dir='ltr'><strong>primo,</strong></span> <span class='ocrx_word' id='word_1_523' title='bbox 2703 960 2908 1028; x_wconf 86' lang='lat' dir='ltr'><strong>inquit,</strong></span> <span class='ocrx_word' id='word_1_524' title='bbox 2949 977 3013 1013; x_wconf 81' lang='lat' dir='ltr'><strong>ea:</strong></span> <span class='ocrx_word' id='word_1_525' title='bbox 3047 971 3189 1030; x_wconf 79' lang='lat' dir='ltr'><strong>parte</strong></span> <span class='ocrx_word' id='word_1_526' title='bbox 3218 961 3409 1028; x_wconf 74' lang='lat' dir='ltr'><strong>[rullus</strong></span> 
     </span>
    </p>
   </div>
   <div class='ocr_carea' id='block_1_65' title="bbox 1843 1039 3412 1120">
    <p class='ocr_par' dir='ltr' id='par_1_65' title="bbox 1843 1039 3412 1120">
     <span class='ocr_line' id='line_1_65' title="bbox 1843 1039 3412 1120; baseline 0.002 -17"><span class='ocrx_word' id='word_1_527' title='bbox 1843 1051 1990 1120; x_wconf 79' lang='lat' dir='ltr'><strong>fuero</strong></span> <span class='ocrx_word' id='word_1_528' title='bbox 2014 1050 2190 1113; x_wconf 75' lang='lat' dir='ltr'><strong>vobis;</strong></span> <span class='ocrx_word' id='word_1_529' title='bbox 2220 1050 2271 1103; x_wconf 94' lang='lat' dir='ltr'><strong>in</strong></span> <span class='ocrx_word' id='word_1_530' title='bbox 2299 1066 2404 1118; x_wconf 87' lang='lat' dir='ltr'><strong>quo</strong></span> <span class='ocrx_word' id='word_1_531' title='bbox 2428 1051 2612 1120; x_wconf 90' lang='lat' dir='ltr'><strong>utique</strong></span> <span class='ocrx_word' id='word_1_532' title='bbox 2639 1052 2690 1104; x_wconf 93' lang='lat' dir='ltr'><strong>in</strong></span> <span class='ocrx_word' id='word_1_533' title='bbox 2721 1039 3192 1120; x_wconf 20' lang='lat' dir='ltr'><strong>ipsorum&#39;videtur</strong></span> <span class='ocrx_word' id='word_1_534' title='bbox 3210 1066 3412 1120; x_wconf 89' lang='lat' dir='ltr'><strong>ponere</strong></span> 
     </span>
    </p>
   </div>
   <div class='ocr_carea' id='block_1_66' title="bbox 1844 1139 3410 1209">
    <p class='ocr_par' dir='ltr' id='par_1_66' title="bbox 1844 1139 3410 1209">
     <span class='ocr_line' id='line_1_66' title="bbox 1844 1139 3410 1209; baseline 0.001 -17"><span class='ocrx_word' id='word_1_535' title='bbox 1844 1147 2129 1209; x_wconf 87' lang='lat' dir='ltr'><strong>potestate,</strong></span> <span class='ocrx_word' id='word_1_536' title='bbox 2171 1139 2380 1207; x_wconf 86' lang='lat' dir='ltr'><strong>quando</strong></span> <span class='ocrx_word' id='word_1_537' title='bbox 2415 1139 2482 1192; x_wconf 76' lang='lat' dir='ltr'><strong>ab</strong></span> <span class='ocrx_word' id='word_1_538' title='bbox 2511 1140 2588 1193; x_wconf 88' lang='lat' dir='ltr'><strong>eis</strong></span> <span class='ocrx_word' id='word_1_539' title='bbox 2619 1140 3076 1208; x_wconf 70' lang='lat' dir='ltr'><strong>iter‘propositum</strong></span> <span class='ocrx_word' id='word_1_540' title='bbox 3103 1141 3292 1194; x_wconf 81' lang='lat' dir='ltr'><strong>debeat</strong></span> <span class='ocrx_word' id='word_1_541' title='bbox 3323 1156 3410 1194; x_wconf 80' lang='lat' dir='ltr'><strong>re-</strong></span> 
     </span>
    </p>
   </div>
   <div class='ocr_carea' id='block_1_67' title="bbox 1844 1229 3414 1298">
    <p class='ocr_par' dir='ltr' id='par_1_67' title="bbox 1844 1229 3414 1298">
     <span class='ocr_line' id='line_1_67' title="bbox 1844 1229 3414 1298; baseline 0.002 -16"><span class='ocrx_word' id='word_1_542' title='bbox 1844 1229 2052 1291; x_wconf 88' lang='lat' dir='ltr'><strong>laxari,</strong></span> <span class='ocrx_word' id='word_1_543' title='bbox 2103 1237 2159 1282; x_wconf 90' lang='lat' dir='ltr'><strong>et</strong></span> <span class='ocrx_word' id='word_1_544' title='bbox 2201 1244 2298 1296; x_wconf 89' lang='lat' dir='ltr'><strong>per</strong></span> <span class='ocrx_word' id='word_1_545' title='bbox 2327 1231 2428 1282; x_wconf 89' lang='lat' dir='ltr'><strong>hoc</strong></span> <span class='ocrx_word' id='word_1_546' title='bbox 2457 1231 2847 1297; x_wconf 81' lang='lat' dir='ltr'><strong>quodammodo</strong></span> <span class='ocrx_word' id='word_1_547' title='bbox 2887 1245 3126 1284; x_wconf 87' lang='lat' dir='ltr'><strong>amorem</strong></span> <span class='ocrx_word' id='word_1_548' title='bbox 3177 1230 3414 1298; x_wconf 86' lang='lat' dir='ltr'><strong>ipsorum</strong></span> 
     </span>
    </p>
   </div>
   <div class='ocr_carea' id='block_1_68' title="bbox 1846 1319 3415 1390">
    <p class='ocr_par' dir='ltr' id='par_1_68' title="bbox 1846 1319 3415 1390">
     <span class='ocr_line' id='line_1_68' title="bbox 1846 1319 3415 1390; baseline 0.001 -17"><span class='ocrx_word' id='word_1_549' title='bbox 1846 1334 1970 1387; x_wconf 90' lang='lat' dir='ltr'><strong>erga</strong></span> <span class='ocrx_word' id='word_1_550' title='bbox 1991 1334 2058 1376; x_wconf 86' lang='lat' dir='ltr'><strong>se</strong></span> <span class='ocrx_word' id='word_1_551' title='bbox 2088 1319 2279 1372; x_wconf 86' lang='lat' dir='ltr'><strong>invitat</strong></span> <span class='ocrx_word' id='word_1_552' title='bbox 2304 1326 2360 1372; x_wconf 87' lang='lat' dir='ltr'><strong>et</strong></span> <span class='ocrx_word' id='word_1_553' title='bbox 2385 1321 2572 1384; x_wconf 89' lang='lat' dir='ltr'><strong>nutrit,</strong></span> <span class='ocrx_word' id='word_1_554' title='bbox 2599 1329 2657 1372; x_wconf 87' lang='lat' dir='ltr'><strong>ut</strong></span> <span class='ocrx_word' id='word_1_555' title='bbox 2685 1320 2727 1374; x_wconf 88' lang='lat' dir='ltr'><strong>si</strong></span> <span class='ocrx_word' id='word_1_556' title='bbox 2758 1321 2858 1389; x_wconf 82' lang='lat' dir='ltr'><strong>ipsi</strong></span> <span class='ocrx_word' id='word_1_557' title='bbox 2889 1320 3264 1374; x_wconf 81' lang='lat' dir='ltr'><strong>insatiabiliter</strong></span> <span class='ocrx_word' id='word_1_558' title='bbox 3285 1335 3415 1390; x_wconf 89' lang='lat' dir='ltr'><strong>erga</strong></span> 
     </span>
    </p>
   </div>
   <div class='ocr_carea' id='block_1_69' title="bbox 1847 1407 3416 1476">
    <p class='ocr_par' dir='ltr' id='par_1_69' title="bbox 1847 1407 3416 1476">
     <span class='ocr_line' id='line_1_69' title="bbox 1847 1407 3416 1476; baseline -0.001 -14"><span class='ocrx_word' id='word_1_559' title='bbox 1847 1408 2096 1463; x_wconf 75' lang='lat' dir='ltr'><strong>affectum</strong></span> <span class='ocrx_word' id='word_1_560' title='bbox 2127 1416 2410 1462; x_wconf 87' lang='lat' dir='ltr'><strong>teneantur</strong></span> <span class='ocrx_word' id='word_1_561' title='bbox 2433 1407 2675 1476; x_wconf 82' lang='lat' dir='ltr'><strong>Apostoli</strong></span> <span class='ocrx_word' id='word_1_562' title='bbox 2697 1449 2710 1472; x_wconf 95' lang='lat'><strong>,</strong></span> <span class='ocrx_word' id='word_1_563' title='bbox 2759 1408 2931 1461; x_wconf 87' lang='lat' dir='ltr'><strong>sciant</strong></span> <span class='ocrx_word' id='word_1_564' title='bbox 2959 1409 3119 1462; x_wconf 91' lang='lat' dir='ltr'><strong>etiam</strong></span> <span class='ocrx_word' id='word_1_565' title='bbox 3160 1408 3331 1476; x_wconf 80' lang='lat' dir='ltr'><strong>ipsum</strong></span> <span class='ocrx_word' id='word_1_566' title='bbox 3362 1407 3416 1461; x_wconf 90' lang='lat' dir='ltr'><strong>id</strong></span> 
     </span>
    </p>
   </div>
   <div class='ocr_carea' id='block_1_70' title="bbox 1849 1497 3420 1568">
    <p class='ocr_par' dir='ltr' id='par_1_70' title="bbox 1849 1497 3420 1568">
     <span class='ocr_line' id='line_1_70' title="bbox 1849 1497 3420 1568; baseline -0.001 -16"><span class='ocrx_word' id='word_1_567' title='bbox 1849 1499 2051 1553; x_wconf 80' lang='lat' dir='ltr'><strong>habere</strong></span> <span class='ocrx_word' id='word_1_568' title='bbox 2079 1498 2371 1568; x_wconf 90' lang='lat' dir='ltr'><strong>propositi,</strong></span> <span class='ocrx_word' id='word_1_569' title='bbox 2401 1512 2505 1552; x_wconf 93' lang='lat' dir='ltr'><strong>non</strong></span> <span class='ocrx_word' id='word_1_570' title='bbox 2537 1498 2685 1566; x_wconf 90' lang='lat' dir='ltr'><strong>prius</strong></span> <span class='ocrx_word' id='word_1_571' title='bbox 2705 1497 2780 1550; x_wconf 78' lang='lat' dir='ltr'><strong>ab</strong></span> <span class='ocrx_word' id='word_1_572' title='bbox 2808 1497 2890 1551; x_wconf 87' lang='lat' dir='ltr'><strong>eis</strong></span> <span class='ocrx_word' id='word_1_573' title='bbox 2919 1497 3215 1560; x_wconf 90' lang='lat' dir='ltr'><strong>discedere,</strong></span> <span class='ocrx_word' id='word_1_574' title='bbox 3246 1509 3420 1564; x_wconf 89' lang='lat' dir='ltr'><strong>neque</strong></span> 
     </span>
    </p>
   </div>
   <div class='ocr_carea' id='block_1_71' title="bbox 1851 1586 3418 1656">
    <p class='ocr_par' dir='ltr' id='par_1_71' title="bbox 1851 1586 3418 1656">
     <span class='ocr_line' id='line_1_71' title="bbox 1851 1586 3418 1656; baseline -0.001 -16"><span class='ocrx_word' id='word_1_575' title='bbox 1851 1589 1917 1642; x_wconf 86' lang='lat' dir='ltr'><strong>ad</strong></span> <span class='ocrx_word' id='word_1_576' title='bbox 1944 1587 2082 1641; x_wconf 87' lang='lat' dir='ltr'><strong>alios</strong></span> <span class='ocrx_word' id='word_1_577' title='bbox 2106 1586 2406 1654; x_wconf 84' lang='lat' dir='ltr'><strong>proﬁcisci,</strong></span> <span class='ocrx_word' id='word_1_578' title='bbox 2451 1602 2614 1656; x_wconf 88' lang='lat' dir='ltr'><strong>quam</strong></span> <span class='ocrx_word' id='word_1_579' title='bbox 2652 1587 2932 1640; x_wconf 85' lang='lat' dir='ltr'><strong>charitatis</strong></span> <span class='ocrx_word' id='word_1_580' title='bbox 2962 1587 3200 1655; x_wconf 87' lang='lat' dir='ltr'><strong>ipsorum</strong></span> <span class='ocrx_word' id='word_1_581' title='bbox 3240 1587 3418 1655; x_wconf 85' lang='lat' dir='ltr'><strong>gratia</strong></span> 
     </span>
    </p>
   </div>
   <div class='ocr_carea' id='block_1_72' title="bbox 1850 1674 3417 1746">
    <p class='ocr_par' dir='ltr' id='par_1_72' title="bbox 1850 1674 3417 1746">
     <span class='ocr_line' id='line_1_72' title="bbox 1850 1674 3417 1746; baseline -0.002 -16"><span class='ocrx_word' id='word_1_582' title='bbox 1850 1676 2188 1745; x_wconf 86' lang='lat' dir='ltr'><strong>perfruatur;</strong></span> <span class='ocrx_word' id='word_1_583' title='bbox 2225 1676 2384 1746; x_wconf 83' lang='lat' dir='ltr'><strong>quam</strong></span> <span class='ocrx_word' id='word_1_584' title='bbox 2435 1685 2609 1731; x_wconf 88' lang='lat' dir='ltr'><strong>tamen</strong></span> <span class='ocrx_word' id='word_1_585' title='bbox 2648 1674 2965 1730; x_wconf 85' lang='lat' dir='ltr'><strong>charitatem</strong></span> <span class='ocrx_word' id='word_1_586' title='bbox 3015 1684 3219 1728; x_wconf 83' lang='lat' dir='ltr'><strong>tantam</strong></span> <span class='ocrx_word' id='word_1_587' title='bbox 3274 1691 3417 1742; x_wconf 77' lang='lat' dir='ltr'><strong>prac-</strong></span> 
     </span>
    </p>
   </div>
   <div class='ocr_carea' id='block_1_73' title="bbox 1856 1764 3420 1835">
    <p class='ocr_par' dir='ltr' id='par_1_73' title="bbox 1856 1764 3420 1835">
     <span class='ocr_line' id='line_1_73' title="bbox 1856 1764 3420 1835; baseline 0 -13"><span class='ocrx_word' id='word_1_588' title='bbox 1856 1768 2021 1822; x_wconf 91' lang='lat' dir='ltr'><strong>sentit</strong></span> <span class='ocrx_word' id='word_1_589' title='bbox 2052 1767 2323 1831; x_wconf 88' lang='lat' dir='ltr'><strong>futuram,</strong></span> <span class='ocrx_word' id='word_1_590' title='bbox 2352 1767 2442 1821; x_wconf 80' lang='lat' dir='ltr'><strong>cui</strong></span> <span class='ocrx_word' id='word_1_591' title='bbox 2475 1781 2580 1820; x_wconf 90' lang='lat' dir='ltr'><strong>non</strong></span> <span class='ocrx_word' id='word_1_592' title='bbox 2609 1766 2778 1835; x_wconf 90' lang='lat' dir='ltr'><strong>possit</strong></span> <span class='ocrx_word' id='word_1_593' title='bbox 2804 1779 2869 1818; x_wconf 81' lang='lat' dir='ltr'><strong>ex</strong></span> <span class='ocrx_word' id='word_1_594' title='bbox 2900 1765 3102 1834; x_wconf 83' lang='lat' dir='ltr'><strong>integra</strong></span> <span class='ocrx_word' id='word_1_595' title='bbox 3135 1764 3420 1822; x_wconf 88' lang='lat' dir='ltr'><strong>satisﬁeri.</strong></span> 
     </span>
    </p>
   </div>
   <div class='ocr_carea' id='block_1_74' title="bbox 1857 1856 3422 1929">
    <p class='ocr_par' dir='ltr' id='par_1_74' title="bbox 1857 1856 3422 1929">
     <span class='ocr_line' id='line_1_74' title="bbox 1857 1856 3422 1929; baseline -0.003 -15"><span class='ocrx_word' id='word_1_596' title='bbox 1857 1858 1951 1914; x_wconf 84' lang='lat' dir='ltr'><strong>sed</strong></span> <span class='ocrx_word' id='word_1_597' title='bbox 1978 1875 2042 1912; x_wconf 82' lang='lat' dir='ltr'><strong>ea:</strong></span> <span class='ocrx_word' id='word_1_598' title='bbox 2069 1871 2216 1929; x_wconf 84' lang='lat' dir='ltr'><strong>parte</strong></span> <span class='ocrx_word' id='word_1_599' title='bbox 2245 1859 2439 1928; x_wconf 89' lang='lat' dir='ltr'><strong>inquit.</strong></span> <span class='ocrx_word' id='word_1_600' title='bbox 2483 1858 2785 1911; x_wconf 73' lang='lat' dir='ltr'><strong>l’rarmonet</strong></span> <span class='ocrx_word' id='word_1_601' title='bbox 2825 1857 2966 1910; x_wconf 89' lang='lat' dir='ltr'><strong>enim</strong></span> <span class='ocrx_word' id='word_1_602' title='bbox 2996 1856 3135 1924; x_wconf 86' lang='lat' dir='ltr'><strong>quod</strong></span> <span class='ocrx_word' id='word_1_603' title='bbox 3171 1857 3220 1908; x_wconf 87' lang='lat' dir='ltr'><strong>in</strong></span> <span class='ocrx_word' id='word_1_604' title='bbox 3252 1858 3422 1910; x_wconf 56' lang='lat' dir='ltr'><strong>omni-</strong></span> 
     </span>
    </p>
   </div>
   <div class='ocr_carea' id='block_1_75' title="bbox 1855 1946 3426 2019">
    <p class='ocr_par' dir='ltr' id='par_1_75' title="bbox 1855 1946 3426 2019">
     <span class='ocr_line' id='line_1_75' title="bbox 1855 1946 3426 2019; baseline -0.003 -16"><span class='ocrx_word' id='word_1_605' title='bbox 1855 1950 1955 2004; x_wconf 90' lang='lat' dir='ltr'><strong>bus</strong></span> <span class='ocrx_word' id='word_1_606' title='bbox 1993 1949 2392 2019; x_wconf 81' lang='lat' dir='ltr'><strong>evangelizandi</strong></span> <span class='ocrx_word' id='word_1_607' title='bbox 2436 1950 2729 2003; x_wconf 79' lang='lat' dir='ltr'><strong>necessitas</strong></span> <span class='ocrx_word' id='word_1_608' title='bbox 2769 1947 3104 2016; x_wconf 66' lang='lat' dir='ltr'><strong>pracferenda</strong></span> <span class='ocrx_word' id='word_1_609' title='bbox 3141 1947 3228 1999; x_wconf 90' lang='lat' dir='ltr'><strong>sit.</strong></span> <span class='ocrx_word' id='word_1_610' title='bbox 3283 1946 3426 2018; x_wconf 76' lang='lat' dir='ltr'><strong>Bene</strong></span> 
     </span>
    </p>
   </div>
   <div class='ocr_carea' id='block_1_76' title="bbox 1859 2038 3422 2110">
    <p class='ocr_par' dir='ltr' id='par_1_76' title="bbox 1859 2038 3422 2110">
     <span class='ocr_line' id='line_1_76' title="bbox 1859 2038 3422 2110; baseline -0.003 -15"><span class='ocrx_word' id='word_1_611' title='bbox 1859 2051 2038 2095; x_wconf 87' lang='lat' dir='ltr'><strong>autem</strong></span> <span class='ocrx_word' id='word_1_612' title='bbox 2067 2043 2153 2095; x_wconf 91' lang='lat' dir='ltr'><strong>his</strong></span> <span class='ocrx_word' id='word_1_613' title='bbox 2181 2055 2315 2110; x_wconf 89' lang='lat' dir='ltr'><strong>quos</strong></span> <span class='ocrx_word' id='word_1_614' title='bbox 2353 2041 2587 2094; x_wconf 90' lang='lat' dir='ltr'><strong>nondum</strong></span> <span class='ocrx_word' id='word_1_615' title='bbox 2621 2039 2912 2094; x_wconf 88' lang='lat' dir='ltr'><strong>secundum</strong></span> <span class='ocrx_word' id='word_1_616' title='bbox 2942 2052 3156 2091; x_wconf 85' lang='lat' dir='ltr'><strong>carnem</strong></span> <span class='ocrx_word' id='word_1_617' title='bbox 3184 2038 3422 2099; x_wconf 83' lang='lat' dir='ltr'><strong>viderat,</strong></span> 
     </span>
    </p>
   </div>
   <div class='ocr_carea' id='block_1_77' title="bbox 1859 2129 3427 2200">
    <p class='ocr_par' dir='ltr' id='par_1_77' title="bbox 1859 2129 3427 2200">
     <span class='ocr_line' id='line_1_77' title="bbox 1859 2129 3427 2200; baseline -0.003 -16"><span class='ocrx_word' id='word_1_618' title='bbox 1859 2140 1914 2185; x_wconf 93' lang='lat' dir='ltr'><strong>et</strong></span> <span class='ocrx_word' id='word_1_619' title='bbox 1956 2132 2023 2185; x_wconf 91' lang='lat' dir='ltr'><strong>ad</strong></span> <span class='ocrx_word' id='word_1_620' title='bbox 2063 2147 2197 2200; x_wconf 90' lang='lat' dir='ltr'><strong>quos</strong></span> <span class='ocrx_word' id='word_1_621' title='bbox 2225 2133 2458 2185; x_wconf 88' lang='lat' dir='ltr'><strong>nondum</strong></span> <span class='ocrx_word' id='word_1_622' title='bbox 2488 2131 2546 2184; x_wconf 89' lang='lat' dir='ltr'><strong>in</strong></span> <span class='ocrx_word' id='word_1_623' title='bbox 2575 2145 2799 2196; x_wconf 90' lang='lat' dir='ltr'><strong>corpore</strong></span> <span class='ocrx_word' id='word_1_624' title='bbox 2833 2129 3158 2192; x_wconf 81' lang='lat' dir='ltr'><strong>advenerat,</strong></span> <span class='ocrx_word' id='word_1_625' title='bbox 3193 2141 3427 2195; x_wconf 67' lang='lat' dir='ltr'><strong>praesen-</strong></span> 
     </span>
    </p>
   </div>
   <div class='ocr_carea' id='block_1_78' title="bbox 1861 2216 3422 2285">
    <p class='ocr_par' dir='ltr' id='par_1_78' title="bbox 1861 2216 3422 2285">
     <span class='ocr_line' id='line_1_78' title="bbox 1861 2216 3422 2285; baseline -0.004 -12"><span class='ocrx_word' id='word_1_626' title='bbox 1861 2221 1990 2273; x_wconf 85' lang='lat' dir='ltr'><strong>tiam</strong></span> <span class='ocrx_word' id='word_1_627' title='bbox 2042 2221 2123 2274; x_wconf 89' lang='lat' dir='ltr'><strong>sui</strong></span> <span class='ocrx_word' id='word_1_628' title='bbox 2175 2228 2228 2274; x_wconf 92' lang='lat' dir='ltr'><strong>et</strong></span> <span class='ocrx_word' id='word_1_629' title='bbox 2284 2220 2700 2273; x_wconf 87' lang='lat' dir='ltr'><strong>remorationem</strong></span> <span class='ocrx_word' id='word_1_630' title='bbox 2761 2216 3088 2270; x_wconf 86' lang='lat' dir='ltr'><strong>moderatius</strong></span> <span class='ocrx_word' id='word_1_631' title='bbox 3123 2216 3422 2285; x_wconf 86' lang='lat' dir='ltr'><strong>pollicetur.</strong></span> 
     </span>
    </p>
   </div>
   <div class='ocr_carea' id='block_1_79' title="bbox 1855 2307 3425 2378">
    <p class='ocr_par' dir='ltr' id='par_1_79' title="bbox 1855 2307 3425 2378">
     <span class='ocr_line' id='line_1_79' title="bbox 1855 2307 3425 2378; baseline -0.004 -11"><span class='ocrx_word' id='word_1_632' title='bbox 1855 2313 2280 2367; x_wconf 80' lang='lat' dir='ltr'><strong>Desiderabilius</strong></span> <span class='ocrx_word' id='word_1_633' title='bbox 2307 2313 2448 2365; x_wconf 87' lang='lat' dir='ltr'><strong>enim</strong></span> <span class='ocrx_word' id='word_1_634' title='bbox 2482 2310 2801 2378; x_wconf 87' lang='lat' dir='ltr'><strong>suscipimus</strong></span> <span class='ocrx_word' id='word_1_635' title='bbox 2830 2309 2964 2360; x_wconf 85' lang='lat' dir='ltr'><strong>bona</strong></span> <span class='ocrx_word' id='word_1_636' title='bbox 2983 2350 2997 2370; x_wconf 94' lang='lat'><strong>,</strong></span> <span class='ocrx_word' id='word_1_637' title='bbox 3030 2322 3146 2375; x_wconf 72' lang='lat' dir='ltr'><strong>qua:</strong></span> <span class='ocrx_word' id='word_1_638' title='bbox 3175 2307 3280 2361; x_wconf 91' lang='lat' dir='ltr'><strong>cito</strong></span> <span class='ocrx_word' id='word_1_639' title='bbox 3310 2321 3425 2360; x_wconf 89' lang='lat' dir='ltr'><strong>me-</strong></span> 
     </span>
    </p>
   </div>
   <div class='ocr_carea' id='block_1_80' title="bbox 1859 2398 3427 2468">
    <p class='ocr_par' dir='ltr' id='par_1_80' title="bbox 1859 2398 3427 2468">
     <span class='ocr_line' id='line_1_80' title="bbox 1859 2398 3427 2468; baseline -0.005 -11"><span class='ocrx_word' id='word_1_640' title='bbox 1859 2404 2062 2457; x_wconf 85' lang='lat' dir='ltr'><strong>tuimus</strong></span> <span class='ocrx_word' id='word_1_641' title='bbox 2105 2403 2396 2457; x_wconf 89' lang='lat' dir='ltr'><strong>auferenda</strong></span> <span class='ocrx_word' id='word_1_642' title='bbox 2432 2419 2444 2454; x_wconf 91' lang='lat'>:</span> <span class='ocrx_word' id='word_1_643' title='bbox 2479 2402 2719 2455; x_wconf 87' lang='lat' dir='ltr'><strong>securius</strong></span> <span class='ocrx_word' id='word_1_644' title='bbox 2750 2415 2876 2452; x_wconf 92' lang='lat' dir='ltr'><strong>vero</strong></span> <span class='ocrx_word' id='word_1_645' title='bbox 2913 2398 3262 2468; x_wconf 71' lang='lat' dir='ltr'><strong>negligimus,</strong></span> <span class='ocrx_word' id='word_1_646' title='bbox 3309 2411 3427 2464; x_wconf 73' lang='lat' dir='ltr'><strong>qum</strong></span> 
     </span>
    </p>
   </div>
   <div class='ocr_carea' id='block_1_81' title="bbox 1861 2488 3430 2546">
    <p class='ocr_par' dir='ltr' id='par_1_81' title="bbox 1861 2488 3430 2546">
     <span class='ocr_line' id='line_1_81' title="bbox 1861 2488 3430 2546; baseline -0.005 0"><span class='ocrx_word' id='word_1_647' title='bbox 1861 2502 2168 2546; x_wconf 82' lang='lat' dir='ltr'><strong>retenturos</strong></span> <span class='ocrx_word' id='word_1_648' title='bbox 2198 2508 2298 2546; x_wconf 92' lang='lat' dir='ltr'><strong>nos</strong></span> <span class='ocrx_word' id='word_1_649' title='bbox 2335 2492 2533 2545; x_wconf 90' lang='lat' dir='ltr'><strong>diutius</strong></span> <span class='ocrx_word' id='word_1_650' title='bbox 2564 2490 2854 2544; x_wconf 81' lang='lat' dir='ltr'><strong>credimus.</strong></span> <span class='ocrx_word' id='word_1_651' title='bbox 2905 2488 2964 2541; x_wconf 88' lang='lat' dir='ltr'><strong>lu</strong></span> <span class='ocrx_word' id='word_1_652' title='bbox 3004 2496 3208 2540; x_wconf 86' lang='lat' dir='ltr'><strong>tantum</strong></span> <span class='ocrx_word' id='word_1_653' title='bbox 3251 2496 3430 2539; x_wconf 89' lang='lat' dir='ltr'><strong>autem</strong></span> 
     </span>
    </p>
   </div>
   <div class='ocr_carea' id='block_1_82' title="bbox 1859 2576 3428 2651">
    <p class='ocr_par' dir='ltr' id='par_1_82' title="bbox 1859 2576 3428 2651">
     <span class='ocr_line' id='line_1_82' title="bbox 1859 2576 3428 2651; baseline -0.006 -16"><span class='ocrx_word' id='word_1_654' title='bbox 1859 2595 1986 2651; x_wconf 82' lang='lat' dir='ltr'><strong>erga</strong></span> <span class='ocrx_word' id='word_1_655' title='bbox 2011 2597 2068 2635; x_wconf 91' lang='lat' dir='ltr'><strong>se</strong></span> <span class='ocrx_word' id='word_1_656' title='bbox 2084 2580 2449 2634; x_wconf 82' lang='lat' dir='ltr'><strong>Romanorum</strong></span> <span class='ocrx_word' id='word_1_657' title='bbox 2472 2579 2639 2632; x_wconf 88' lang='lat' dir='ltr'><strong>nutrit</strong></span> <span class='ocrx_word' id='word_1_658' title='bbox 2661 2577 2929 2639; x_wconf 82' lang='lat' dir='ltr'><strong>aﬂ&#39;ectmn,</strong></span> <span class='ocrx_word' id='word_1_659' title='bbox 2948 2583 3000 2629; x_wconf 93' lang='lat' dir='ltr'><strong>et</strong></span> <span class='ocrx_word' id='word_1_660' title='bbox 3017 2576 3428 2629; x_wconf 86' lang='lat' dir='ltr'><strong>remorationem</strong></span> 
     </span>
    </p>
   </div>
   <div class='ocr_carea' id='block_1_83' title="bbox 1861 2665 3431 2738">
    <p class='ocr_par' dir='ltr' id='par_1_83' title="bbox 1861 2665 3431 2738">
     <span class='ocr_line' id='line_1_83' title="bbox 1861 2665 3431 2738; baseline -0.005 -13"><span class='ocrx_word' id='word_1_661' title='bbox 1861 2687 2014 2725; x_wconf 89' lang='lat' dir='ltr'><strong>suam</strong></span> <span class='ocrx_word' id='word_1_662' title='bbox 2048 2671 2101 2724; x_wconf 91' lang='lat' dir='ltr'><strong>in</strong></span> <span class='ocrx_word' id='word_1_663' title='bbox 2132 2670 2367 2738; x_wconf 83' lang='lat' dir='ltr'><strong>ipsorum</strong></span> <span class='ocrx_word' id='word_1_664' title='bbox 2401 2669 2624 2721; x_wconf 87' lang='lat' dir='ltr'><strong>arbitrio</strong></span> <span class='ocrx_word' id='word_1_665' title='bbox 2653 2667 2915 2730; x_wconf 81' lang='lat' dir='ltr'><strong>collocat,</strong></span> <span class='ocrx_word' id='word_1_666' title='bbox 2968 2673 3026 2718; x_wconf 89' lang='lat' dir='ltr'><strong>ut</strong></span> <span class='ocrx_word' id='word_1_667' title='bbox 3072 2665 3216 2718; x_wconf 84' lang='lat' dir='ltr'><strong>dicat</strong></span> <span class='ocrx_word' id='word_1_668' title='bbox 3263 2680 3319 2718; x_wconf 91' lang='lat' dir='ltr'><strong>sc</strong></span> <span class='ocrx_word' id='word_1_669' title='bbox 3363 2665 3431 2718; x_wconf 86' lang='lat' dir='ltr'><strong>ab</strong></span> 
     </span>
    </p>
   </div>
   <div class='ocr_carea' id='block_1_84' title="bbox 1854 2754 3431 2828">
    <p class='ocr_par' dir='ltr' id='par_1_84' title="bbox 1854 2754 3431 2828">
     <span class='ocr_line' id='line_1_84' title="bbox 1854 2754 3431 2828; baseline -0.006 -15"><span class='ocrx_word' id='word_1_670' title='bbox 1854 2759 1993 2828; x_wconf 81' lang='lat' dir='ltr'><strong>ipsis</strong></span> <span class='ocrx_word' id='word_1_671' title='bbox 2022 2758 2388 2813; x_wconf 90' lang='lat' dir='ltr'><strong>deducendum</strong></span> <span class='ocrx_word' id='word_1_672' title='bbox 2432 2757 2498 2809; x_wconf 91' lang='lat' dir='ltr'><strong>ad</strong></span> <span class='ocrx_word' id='word_1_673' title='bbox 2537 2756 2872 2823; x_wconf 79' lang='lat' dir='ltr'><strong>Hispaniam,</strong></span> <span class='ocrx_word' id='word_1_674' title='bbox 2900 2764 2954 2808; x_wconf 92' lang='lat' dir='ltr'><strong>et</strong></span> <span class='ocrx_word' id='word_1_675' title='bbox 3001 2765 3125 2808; x_wconf 87' lang='lat' dir='ltr'><strong>tunc</strong></span> <span class='ocrx_word' id='word_1_676' title='bbox 3167 2754 3431 2808; x_wconf 87' lang='lat' dir='ltr'><strong>deducen-</strong></span> 
     </span>
    </p>
   </div>
   <div class='ocr_carea' id='block_1_85' title="bbox 1862 2844 3433 2913">
    <p class='ocr_par' dir='ltr' id='par_1_85' title="bbox 1862 2844 3433 2913">
     <span class='ocr_line' id='line_1_85' title="bbox 1862 2844 3433 2913; baseline -0.002 -13"><span class='ocrx_word' id='word_1_677' title='bbox 1862 2847 2011 2910; x_wconf 91' lang='lat' dir='ltr'><strong>dum,</strong></span> <span class='ocrx_word' id='word_1_678' title='bbox 2045 2862 2166 2900; x_wconf 88' lang='lat' dir='ltr'><strong>cum</strong></span> <span class='ocrx_word' id='word_1_679' title='bbox 2199 2846 2328 2913; x_wconf 88' lang='lat' dir='ltr'><strong>ipsis</strong></span> <span class='ocrx_word' id='word_1_680' title='bbox 2358 2847 2506 2912; x_wconf 87' lang='lat' dir='ltr'><strong>prius</strong></span> <span class='ocrx_word' id='word_1_681' title='bbox 2535 2845 2586 2897; x_wconf 90' lang='lat' dir='ltr'><strong>in</strong></span> <span class='ocrx_word' id='word_1_682' title='bbox 2621 2860 2800 2898; x_wconf 85' lang='lat' dir='ltr'><strong>amore</strong></span> <span class='ocrx_word' id='word_1_683' title='bbox 2829 2845 3183 2904; x_wconf 88' lang='lat' dir='ltr'><strong>satisfecerit,</strong></span> <span class='ocrx_word' id='word_1_684' title='bbox 3231 2844 3282 2895; x_wconf 92' lang='lat' dir='ltr'><strong>in</strong></span> <span class='ocrx_word' id='word_1_685' title='bbox 3327 2860 3433 2911; x_wconf 88' lang='lat' dir='ltr'><strong>quo</strong></span> 
     </span>
    </p>
   </div>
   <div class='ocr_carea' id='block_1_86' title="bbox 1860 2931 3432 3003">
    <p class='ocr_par' dir='ltr' id='par_1_86' title="bbox 1860 2931 3432 3003">
     <span class='ocr_line' id='line_1_86' title="bbox 1860 2931 3432 3003; baseline -0.002 -15"><span class='ocrx_word' id='word_1_686' title='bbox 1860 2934 2047 3003; x_wconf 74' lang='lat' dir='ltr'><strong>utique</strong></span> <span class='ocrx_word' id='word_1_687' title='bbox 2077 2935 2121 2988; x_wconf 92' lang='lat' dir='ltr'><strong>si</strong></span> <span class='ocrx_word' id='word_1_688' title='bbox 2147 2934 2526 3003; x_wconf 88' lang='lat' dir='ltr'><strong>propensiores</strong></span> <span class='ocrx_word' id='word_1_689' title='bbox 2552 2932 3203 2997; x_wconf 76' lang='lat' dir='ltr'><strong>exstiterint,demorandi</strong></span> <span class='ocrx_word' id='word_1_690' title='bbox 3231 2931 3432 2985; x_wconf 91' lang='lat' dir='ltr'><strong>diutius</strong></span> 
     </span>
    </p>
   </div>
   <div class='ocr_carea' id='block_1_87' title="bbox 1863 3023 2718 3092">
    <p class='ocr_par' dir='ltr' id='par_1_87' title="bbox 1863 3023 2718 3092">
     <span class='ocr_line' id='line_1_87' title="bbox 1863 3023 2718 3092; baseline -0.002 -16"><span class='ocrx_word' id='word_1_691' title='bbox 1863 3039 2056 3077; x_wconf 89' lang='lat' dir='ltr'><strong>causas</strong></span> <span class='ocrx_word' id='word_1_692' title='bbox 2085 3026 2185 3092; x_wconf 89' lang='lat' dir='ltr'><strong>ipsi</strong></span> <span class='ocrx_word' id='word_1_693' title='bbox 2215 3023 2468 3092; x_wconf 81' lang='lat' dir='ltr'><strong>Apostolo</strong></span> <span class='ocrx_word' id='word_1_694' title='bbox 2500 3023 2718 3075; x_wconf 78' lang='lat' dir='ltr'><strong>dabunt.</strong></span> 
     </span>
    </p>
   </div>
   <div class='ocr_carea' id='block_1_88' title="bbox 1937 3113 3435 3184">
    <p class='ocr_par' dir='ltr' id='par_1_88' title="bbox 1937 3113 3435 3184">
     <span class='ocr_line' id='line_1_88' title="bbox 1937 3113 3435 3184; baseline 0.003 -18"><span class='ocrx_word' id='word_1_695' title='bbox 1937 3113 2093 3167; x_wconf 84' lang='lat' dir='ltr'><strong>Nunc</strong></span> <span class='ocrx_word' id='word_1_696' title='bbox 2143 3116 2303 3184; x_wconf 85' lang='lat' dir='ltr'><strong>igitur</strong></span> <span class='ocrx_word' id='word_1_697' title='bbox 2351 3116 2652 3183; x_wconf 83' lang='lat' dir='ltr'><strong>proﬁciscar</strong></span> <span class='ocrx_word' id='word_1_698' title='bbox 2697 3116 2749 3166; x_wconf 86' lang='lat' dir='ltr'><strong>in</strong></span> <span class='ocrx_word' id='word_1_699' title='bbox 2797 3113 3088 3169; x_wconf 81' lang='lat' dir='ltr'><strong>Jerusalem</strong></span> <span class='ocrx_word' id='word_1_700' title='bbox 3139 3116 3435 3177; x_wconf 84' lang='lat' dir='ltr'><strong>ministrare</strong></span> 
     </span>
    </p>
   </div>
   <div class='ocr_carea' id='block_1_89' title="bbox 1856 3204 3436 3272">
    <p class='ocr_par' dir='ltr' id='par_1_89' title="bbox 1856 3204 3436 3272">
     <span class='ocr_line' id='line_1_89' title="bbox 1856 3204 3436 3272; baseline 0.002 -17"><span class='ocrx_word' id='word_1_701' title='bbox 1856 3205 2056 3256; x_wconf 83' lang='lat' dir='ltr'><strong>sanctis</strong></span> <span class='ocrx_word' id='word_1_702' title='bbox 2080 3218 2097 3254; x_wconf 89' lang='lat'><strong>.&#39;</strong></span> <span class='ocrx_word' id='word_1_703' title='bbox 2129 3205 2472 3272; x_wconf 78' lang='lat' dir='ltr'><strong>probaverunt</strong></span> <span class='ocrx_word' id='word_1_704' title='bbox 2505 3205 2638 3257; x_wconf 86' lang='lat' dir='ltr'><strong>enim</strong></span> <span class='ocrx_word' id='word_1_705' title='bbox 2678 3204 2982 3257; x_wconf 71' lang='lat' dir='ltr'><strong>Macetlon’a</strong></span> <span class='ocrx_word' id='word_1_706' title='bbox 3015 3216 3060 3258; x_wconf 85' lang='lat' dir='ltr'><strong>et</strong></span> <span class='ocrx_word' id='word_1_707' title='bbox 3087 3206 3283 3259; x_wconf 80' lang='lat' dir='ltr'><strong>Achaia</strong></span> <span class='ocrx_word' id='word_1_708' title='bbox 3331 3206 3436 3259; x_wconf 85' lang='lat' dir='ltr'><strong>col-</strong></span> 
     </span>
    </p>
   </div>
   <div class='ocr_carea' id='block_1_90' title="bbox 1862 3292 3439 3367">
    <p class='ocr_par' dir='ltr' id='par_1_90' title="bbox 1862 3292 3439 3367">
     <span class='ocr_line' id='line_1_90' title="bbox 1862 3292 3439 3367; baseline 0.004 -22"><span class='ocrx_word' id='word_1_709' title='bbox 1862 3292 2107 3347; x_wconf 78' lang='lat' dir='ltr'><strong>lationem</strong></span> <span class='ocrx_word' id='word_1_710' title='bbox 2179 3295 2405 3364; x_wconf 66' lang='lat' dir='ltr'><strong>aliquam</strong></span> <span class='ocrx_word' id='word_1_711' title='bbox 2439 3295 2608 3362; x_wconf 74' lang='lat' dir='ltr'><strong>facere</strong></span> <span class='ocrx_word' id='word_1_712' title='bbox 2657 3297 2709 3347; x_wconf 87' lang='lat' dir='ltr'><strong>in</strong></span> <span class='ocrx_word' id='word_1_713' title='bbox 2738 3312 2987 3363; x_wconf 81' lang='lat' dir='ltr'><strong>pauperes</strong></span> <span class='ocrx_word' id='word_1_714' title='bbox 3021 3306 3316 3350; x_wconf 85' lang='lat' dir='ltr'><strong>sanctorum</strong></span> <span class='ocrx_word' id='word_1_715' title='bbox 3349 3301 3439 3367; x_wconf 87' lang='lat' dir='ltr'><strong>qui</strong></span> 
     </span>
    </p>
   </div>
   <div class='ocr_carea' id='block_1_91' title="bbox 1861 3383 3431 3452">
    <p class='ocr_par' dir='ltr' id='par_1_91' title="bbox 1861 3383 3431 3452">
     <span class='ocr_line' id='line_1_91' title="bbox 1861 3383 3431 3452; baseline 0.004 -17"><span class='ocrx_word' id='word_1_716' title='bbox 1861 3391 1982 3435; x_wconf 77' lang='lat' dir='ltr'><strong>sunt</strong></span> <span class='ocrx_word' id='word_1_717' title='bbox 2033 3383 2086 3435; x_wconf 86' lang='lat' dir='ltr'><strong>iu</strong></span> <span class='ocrx_word' id='word_1_718' title='bbox 2133 3383 2467 3436; x_wconf 77' lang='lat' dir='ltr'><strong>Jerusalem:</strong></span> <span class='ocrx_word' id='word_1_719' title='bbox 2510 3385 2702 3452; x_wconf 80' lang='lat' dir='ltr'><strong>placuit</strong></span> <span class='ocrx_word' id='word_1_720' title='bbox 2753 3387 2886 3436; x_wconf 70' lang='lat' dir='ltr'><strong>enirn</strong></span> <span class='ocrx_word' id='word_1_721' title='bbox 2935 3388 3027 3448; x_wconf 82' lang='lat' dir='ltr'><strong>eis,</strong></span> <span class='ocrx_word' id='word_1_722' title='bbox 3081 3396 3127 3437; x_wconf 88' lang='lat' dir='ltr'><strong>et</strong></span> <span class='ocrx_word' id='word_1_723' title='bbox 3178 3387 3431 3441; x_wconf 85' lang='lat' dir='ltr'><strong>debitores</strong></span> 
     </span>
    </p>
   </div>
   <div class='ocr_carea' id='block_1_92' title="bbox 1863 3473 3436 3543">
    <p class='ocr_par' dir='ltr' id='par_1_92' title="bbox 1863 3473 3436 3543">
     <span class='ocr_line' id='line_1_92' title="bbox 1863 3473 3436 3543; baseline 0.001 -16"><span class='ocrx_word' id='word_1_724' title='bbox 1863 3489 2041 3527; x_wconf 80' lang='lat' dir='ltr'><strong>eorum</strong></span> <span class='ocrx_word' id='word_1_725' title='bbox 2087 3484 2226 3526; x_wconf 87' lang='lat' dir='ltr'><strong>sunt.</strong></span> <span class='ocrx_word' id='word_1_726' title='bbox 2286 3473 2422 3525; x_wconf 83' lang='lat' dir='ltr'><strong>Nam</strong></span> <span class='ocrx_word' id='word_1_727' title='bbox 2470 3474 2514 3525; x_wconf 87' lang='lat' dir='ltr'><strong>si</strong></span> <span class='ocrx_word' id='word_1_728' title='bbox 2567 3475 2881 3542; x_wconf 84' lang='lat' dir='ltr'><strong>spiritalium</strong></span> <span class='ocrx_word' id='word_1_729' title='bbox 2930 3491 3106 3526; x_wconf 86' lang='lat' dir='ltr'><strong>eorum</strong></span> <span class='ocrx_word' id='word_1_730' title='bbox 3156 3476 3436 3543; x_wconf 82' lang='lat' dir='ltr'><strong>participes</strong></span> 
     </span>
    </p>
   </div>
   <div class='ocr_carea' id='block_1_93' title="bbox 1866 3563 3442 3631">
    <p class='ocr_par' dir='ltr' id='par_1_93' title="bbox 1866 3563 3442 3631">
     <span class='ocr_line' id='line_1_93' title="bbox 1866 3563 3442 3631; baseline 0.002 -17"><span class='ocrx_word' id='word_1_731' title='bbox 1866 3563 1990 3631; x_wconf 75' lang='lat' dir='ltr'><strong>facti</strong></span> <span class='ocrx_word' id='word_1_732' title='bbox 2021 3572 2138 3615; x_wconf 88' lang='lat' dir='ltr'><strong>sunt</strong></span> <span class='ocrx_word' id='word_1_733' title='bbox 2169 3563 2399 3630; x_wconf 76' lang='lat' dir='ltr'><strong>gentiles,</strong></span> <span class='ocrx_word' id='word_1_734' title='bbox 2433 3563 2611 3614; x_wconf 76' lang='lat' dir='ltr'><strong>debent</strong></span> <span class='ocrx_word' id='word_1_735' title='bbox 2649 3573 2694 3615; x_wconf 90' lang='lat' dir='ltr'><strong>et</strong></span> <span class='ocrx_word' id='word_1_736' title='bbox 2727 3564 2777 3614; x_wconf 86' lang='lat' dir='ltr'><strong>iu</strong></span> <span class='ocrx_word' id='word_1_737' title='bbox 2807 3565 3104 3618; x_wconf 70' lang='lat' dir='ltr'><strong>carnalibus</strong></span> <span class='ocrx_word' id='word_1_738' title='bbox 3140 3565 3442 3617; x_wconf 83' lang='lat' dir='ltr'><strong>ministrare</strong></span> 
     </span>
    </p>
   </div>
   <div class='ocr_carea' id='block_1_94' title="bbox 1867 3651 3438 3709">
    <p class='ocr_par' dir='ltr' id='par_1_94' title="bbox 1867 3651 3438 3709">
     <span class='ocr_line' id='line_1_94' title="bbox 1867 3651 3438 3709; baseline 0.002 -5"><span class='ocrx_word' id='word_1_739' title='bbox 1867 3652 1960 3705; x_wconf 86' lang='lat' dir='ltr'><strong>eis.</strong></span> <span class='ocrx_word' id='word_1_740' title='bbox 2015 3651 2306 3706; x_wconf 84' lang='lat' dir='ltr'><strong>Possumus</strong></span> <span class='ocrx_word' id='word_1_741' title='bbox 2352 3653 2467 3705; x_wconf 62' lang='lat' dir='ltr'><strong>hmc</strong></span> <span class='ocrx_word' id='word_1_742' title='bbox 2517 3662 2571 3705; x_wconf 91' lang='lat' dir='ltr'><strong>et</strong></span> <span class='ocrx_word' id='word_1_743' title='bbox 2619 3653 2682 3705; x_wconf 89' lang='lat' dir='ltr'><strong>de</strong></span> <span class='ocrx_word' id='word_1_744' title='bbox 2732 3655 2962 3706; x_wconf 87' lang='lat' dir='ltr'><strong>secunda</strong></span> <span class='ocrx_word' id='word_1_745' title='bbox 3017 3654 3081 3707; x_wconf 88' lang='lat' dir='ltr'><strong>ad</strong></span> <span class='ocrx_word' id='word_1_746' title='bbox 3133 3653 3438 3709; x_wconf 87' lang='lat' dir='ltr'><strong>Corinthios</strong></span> 
     </span>
    </p>
   </div>
   <div class='ocr_carea' id='block_1_95' title="bbox 1869 3743 3435 3813">
    <p class='ocr_par' dir='ltr' id='par_1_95' title="bbox 1869 3743 3435 3813">
     <span class='ocr_line' id='line_1_95' title="bbox 1869 3743 3435 3813; baseline 0 -17"><span class='ocrx_word' id='word_1_747' title='bbox 1869 3743 2104 3812; x_wconf 87' lang='lat' dir='ltr'><strong>Epistola</strong></span> <span class='ocrx_word' id='word_1_748' title='bbox 2147 3745 2355 3813; x_wconf 85' lang='lat' dir='ltr'><strong>plenius</strong></span> <span class='ocrx_word' id='word_1_749' title='bbox 2398 3745 2576 3796; x_wconf 84' lang='lat' dir='ltr'><strong>dicere</strong></span> <span class='ocrx_word' id='word_1_750' title='bbox 2599 3785 2610 3806; x_wconf 91' lang='lat'><strong>,</strong></span> <span class='ocrx_word' id='word_1_751' title='bbox 2654 3744 2706 3795; x_wconf 89' lang='lat' dir='ltr'><strong>in</strong></span> <span class='ocrx_word' id='word_1_752' title='bbox 2741 3759 2844 3810; x_wconf 88' lang='lat' dir='ltr'><strong>qua</strong></span> <span class='ocrx_word' id='word_1_753' title='bbox 2887 3745 2984 3796; x_wconf 89' lang='lat' dir='ltr'><strong>hoc</strong></span> <span class='ocrx_word' id='word_1_754' title='bbox 3019 3745 3176 3797; x_wconf 81' lang='lat' dir='ltr'><strong>modo</strong></span> <span class='ocrx_word' id='word_1_755' title='bbox 3206 3745 3392 3797; x_wconf 85' lang='lat' dir='ltr'><strong>scribit</strong></span> <span class='ocrx_word' id='word_1_756' title='bbox 3423 3763 3435 3796; x_wconf 95' lang='lat'>:</span> 
     </span>
    </p>
   </div>
   <div class='ocr_carea' id='block_1_96' title="bbox 1869 3831 3442 3902">
    <p class='ocr_par' dir='ltr' id='par_1_96' title="bbox 1869 3831 3442 3902">
     <span class='ocr_line' id='line_1_96' title="bbox 1869 3831 3442 3902; baseline 0 -17"><span class='ocrx_word' id='word_1_757' title='bbox 1869 3832 2066 3885; x_wconf 85' lang='lat' dir='ltr'><strong>Notam</strong></span> <span class='ocrx_word' id='word_1_758' title='bbox 2103 3843 2276 3885; x_wconf 81' lang='lat' dir='ltr'><strong>autent</strong></span> <span class='ocrx_word' id='word_1_759' title='bbox 2300 3833 2436 3899; x_wconf 76' lang='lat' dir='ltr'><strong>facio</strong></span> <span class='ocrx_word' id='word_1_760' title='bbox 2477 3833 2639 3895; x_wconf 87' lang='lat' dir='ltr'><strong>vobis,</strong></span> <span class='ocrx_word' id='word_1_761' title='bbox 2683 3832 2888 3898; x_wconf 81' lang='lat' dir='ltr'><strong>fratres,</strong></span> <span class='ocrx_word' id='word_1_762' title='bbox 2917 3833 3138 3898; x_wconf 86' lang='lat' dir='ltr'><strong>gratiam</strong></span> <span class='ocrx_word' id='word_1_763' title='bbox 3186 3831 3297 3895; x_wconf 87' lang='lat' dir='ltr'><strong>Dei,</strong></span> <span class='ocrx_word' id='word_1_764' title='bbox 3326 3849 3442 3902; x_wconf 75' lang='lat' dir='ltr'><strong>qua:</strong></span> 
     </span>
    </p>
   </div>
   <div class='ocr_carea' id='block_1_97' title="bbox 1867 3918 3442 3987">
    <p class='ocr_par' dir='ltr' id='par_1_97' title="bbox 1867 3918 3442 3987">
     <span class='ocr_line' id='line_1_97' title="bbox 1867 3918 3442 3987; baseline -0.001 -15"><span class='ocrx_word' id='word_1_765' title='bbox 1867 3919 1993 3972; x_wconf 86' lang='lat' dir='ltr'><strong>data</strong></span> <span class='ocrx_word' id='word_1_766' title='bbox 2037 3929 2112 3973; x_wconf 90' lang='lat' dir='ltr'><strong>est</strong></span> <span class='ocrx_word' id='word_1_767' title='bbox 2152 3921 2205 3972; x_wconf 90' lang='lat' dir='ltr'><strong>in</strong></span> <span class='ocrx_word' id='word_1_768' title='bbox 2251 3918 2496 3972; x_wconf 83' lang='lat' dir='ltr'><strong>Ecclesiis</strong></span> <span class='ocrx_word' id='word_1_769' title='bbox 2525 3918 2868 3979; x_wconf 67' lang='lat' dir='ltr'><strong>Macettonitr,</strong></span> <span class='ocrx_word' id='word_1_770' title='bbox 2896 3919 3018 3987; x_wconf 79' lang='lat' dir='ltr'><strong>quia</strong></span> <span class='ocrx_word' id='word_1_771' title='bbox 3049 3920 3102 3971; x_wconf 89' lang='lat' dir='ltr'><strong>in</strong></span> <span class='ocrx_word' id='word_1_772' title='bbox 3131 3919 3294 3971; x_wconf 88' lang='lat' dir='ltr'><strong>multa</strong></span> <span class='ocrx_word' id='word_1_773' title='bbox 3321 3935 3442 3986; x_wconf 86' lang='lat' dir='ltr'><strong>pro-</strong></span> 
     </span>
    </p>
   </div>
   <div class='ocr_carea' id='block_1_98' title="bbox 1869 4009 3440 4078">
    <p class='ocr_par' dir='ltr' id='par_1_98' title="bbox 1869 4009 3440 4078">
     <span class='ocr_line' id='line_1_98' title="bbox 1869 4009 3440 4078; baseline -0.001 -14"><span class='ocrx_word' id='word_1_774' title='bbox 1869 4012 2073 4065; x_wconf 86' lang='lat' dir='ltr'><strong>batione</strong></span> <span class='ocrx_word' id='word_1_775' title='bbox 2119 4011 2469 4064; x_wconf 85' lang='lat' dir='ltr'><strong>tribulationis</strong></span> <span class='ocrx_word' id='word_1_776' title='bbox 2521 4010 2842 4062; x_wconf 80' lang='lat' dir='ltr'><strong>abundantia</strong></span> <span class='ocrx_word' id='word_1_777' title='bbox 2890 4009 3068 4078; x_wconf 81' lang='lat' dir='ltr'><strong>gaudii</strong></span> <span class='ocrx_word' id='word_1_778' title='bbox 3114 4025 3331 4072; x_wconf 89' lang='lat' dir='ltr'><strong>eorum,</strong></span> <span class='ocrx_word' id='word_1_779' title='bbox 3393 4019 3440 4062; x_wconf 86' lang='lat' dir='ltr'><strong>et</strong></span> 
     </span>
    </p>
   </div>
   <div class='ocr_carea' id='block_1_99' title="bbox 1868 4097 3441 4171">
    <p class='ocr_par' dir='ltr' id='par_1_99' title="bbox 1868 4097 3441 4171">
     <span class='ocr_line' id='line_1_99' title="bbox 1868 4097 3441 4171; baseline 0 -17"><span class='ocrx_word' id='word_1_780' title='bbox 1868 4101 2132 4171; x_wconf 82' lang='lat' dir='ltr'><strong>profunda</strong></span> <span class='ocrx_word' id='word_1_781' title='bbox 2188 4113 2464 4171; x_wconf 85' lang='lat' dir='ltr'><strong>paupertas</strong></span> <span class='ocrx_word' id='word_1_782' title='bbox 2522 4118 2700 4154; x_wconf 88' lang='lat' dir='ltr'><strong>eorum</strong></span> <span class='ocrx_word' id='word_1_783' title='bbox 2761 4102 3042 4153; x_wconf 81' lang='lat' dir='ltr'><strong>abumlavit</strong></span> <span class='ocrx_word' id='word_1_784' title='bbox 3103 4101 3171 4152; x_wconf 87' lang='lat' dir='ltr'><strong>ad</strong></span> <span class='ocrx_word' id='word_1_785' title='bbox 3234 4097 3441 4154; x_wconf 83' lang='lat' dir='ltr'><strong>divitias</strong></span> 
     </span>
    </p>
   </div>
   <div class='ocr_carea' id='block_1_100' title="bbox 1868 4189 3443 4259">
    <p class='ocr_par' dir='ltr' id='par_1_100' title="bbox 1868 4189 3443 4259">
     <span class='ocr_line' id='line_1_100' title="bbox 1868 4189 3443 4259; baseline 0 -17"><span class='ocrx_word' id='word_1_786' title='bbox 1868 4190 2238 4258; x_wconf 86' lang='lat' dir='ltr'><strong>simplicitatis,</strong></span> <span class='ocrx_word' id='word_1_787' title='bbox 2263 4192 2504 4259; x_wconf 85' lang='lat' dir='ltr'><strong>quoniam</strong></span> <span class='ocrx_word' id='word_1_788' title='bbox 2526 4190 2805 4242; x_wconf 86' lang='lat' dir='ltr'><strong>secundum</strong></span> <span class='ocrx_word' id='word_1_789' title='bbox 2832 4189 3070 4240; x_wconf 87' lang='lat' dir='ltr'><strong>virtutem</strong></span> <span class='ocrx_word' id='word_1_790' title='bbox 3095 4190 3443 4242; x_wconf 87' lang='lat' dir='ltr'><strong>testimonium</strong></span> 
     </span>
    </p>
   </div>
   <div class='ocr_carea' id='block_1_101' title="bbox 1868 4275 3445 4346">
    <p class='ocr_par' dir='ltr' id='par_1_101' title="bbox 1868 4275 3445 4346">
     <span class='ocr_line' id='line_1_101' title="bbox 1868 4275 3445 4346; baseline -0.001 -18"><span class='ocrx_word' id='word_1_791' title='bbox 1868 4278 2108 4346; x_wconf 87' lang='lat' dir='ltr'><strong>perhibeo</strong></span> <span class='ocrx_word' id='word_1_792' title='bbox 2153 4277 2288 4342; x_wconf 82' lang='lat' dir='ltr'><strong>illis,</strong></span> <span class='ocrx_word' id='word_1_793' title='bbox 2339 4287 2385 4330; x_wconf 88' lang='lat' dir='ltr'><strong>et</strong></span> <span class='ocrx_word' id='word_1_794' title='bbox 2427 4293 2583 4344; x_wconf 87' lang='lat' dir='ltr'><strong>supra</strong></span> <span class='ocrx_word' id='word_1_795' title='bbox 2628 4277 2865 4330; x_wconf 82' lang='lat' dir='ltr'><strong>virtutem</strong></span> <span class='ocrx_word' id='word_1_796' title='bbox 2911 4291 3005 4327; x_wconf 88' lang='lat' dir='ltr'><strong>sua</strong></span> <span class='ocrx_word' id='word_1_797' title='bbox 3051 4286 3226 4344; x_wconf 83' lang='lat' dir='ltr'><strong>sponte</strong></span> <span class='ocrx_word' id='word_1_798' title='bbox 3271 4275 3445 4326; x_wconf 81' lang='lat' dir='ltr'><strong>multis</strong></span> 
     </span>
    </p>
   </div>
   <div class='ocr_carea' id='block_1_102' title="bbox 1869 4366 3445 4436">
    <p class='ocr_par' dir='ltr' id='par_1_102' title="bbox 1869 4366 3445 4436">
     <span class='ocr_line' id='line_1_102' title="bbox 1869 4366 3445 4436; baseline 0.001 -19"><span class='ocrx_word' id='word_1_799' title='bbox 1869 4367 2126 4435; x_wconf 89' lang='lat' dir='ltr'><strong>precibus,</strong></span> <span class='ocrx_word' id='word_1_800' title='bbox 2158 4366 2482 4420; x_wconf 82' lang='lat' dir='ltr'><strong>obsecrantes</strong></span> <span class='ocrx_word' id='word_1_801' title='bbox 2525 4383 2618 4419; x_wconf 87' lang='lat' dir='ltr'><strong>nos</strong></span> <span class='ocrx_word' id='word_1_802' title='bbox 2661 4367 2907 4436; x_wconf 85' lang='lat' dir='ltr'><strong>gratiam,</strong></span> <span class='ocrx_word' id='word_1_803' title='bbox 2950 4375 2996 4418; x_wconf 89' lang='lat' dir='ltr'><strong>et</strong></span> <span class='ocrx_word' id='word_1_804' title='bbox 3036 4367 3445 4418; x_wconf 88' lang='lat' dir='ltr'><strong>communionem</strong></span> 
     </span>
    </p>
   </div>
   <div class='ocr_carea' id='block_1_103' title="bbox 1799 4453 3449 4543">
    <p class='ocr_par' dir='ltr' id='par_1_103' title="bbox 1799 4453 3449 4543">
     <span class='ocr_line' id='line_1_103' title="bbox 1799 4453 3449 4543; baseline 0 -35"><span class='ocrx_word' id='word_1_805' title='bbox 1799 4473 1988 4543; x_wconf 77' lang='lat' dir='ltr'><strong>Dante</strong></span> <span class='ocrx_word' id='word_1_806' title='bbox 2028 4457 2085 4524; x_wconf 80' lang='lat' dir='ltr'><strong>ﬁt</strong></span> <span class='ocrx_word' id='word_1_807' title='bbox 2129 4459 2184 4511; x_wconf 87' lang='lat' dir='ltr'><strong>in</strong></span> <span class='ocrx_word' id='word_1_808' title='bbox 2227 4469 2466 4519; x_wconf 90' lang='lat' dir='ltr'><strong>sanctos,</strong></span> <span class='ocrx_word' id='word_1_809' title='bbox 2514 4466 2580 4510; x_wconf 58' lang='lat' dir='ltr'><strong>et‘</strong></span> <span class='ocrx_word' id='word_1_810' title='bbox 2614 4457 2835 4523; x_wconf 88' lang='lat' dir='ltr'><strong>reliqua.</strong></span> <span class='ocrx_word' id='word_1_811' title='bbox 2886 4454 2969 4523; x_wconf 88' lang='grc' dir='ltr'><strong>(ΙΙ</strong></span> <span class='ocrx_word' id='word_1_812' title='bbox 3009 4453 3132 4508; x_wconf 88' lang='lat' dir='ltr'><strong>Cor.</strong></span> <span class='ocrx_word' id='word_1_813' title='bbox 3172 4454 3314 4523; x_wconf 77' lang='grc' dir='ltr'><strong>νηί.)</strong></span> <span class='ocrx_word' id='word_1_814' title='bbox 3382 4456 3449 4508; x_wconf 74' lang='lat' dir='ltr'><strong>Et</strong></span> 
     </span>
    </p>
   </div>
   <div class='ocr_carea' id='block_1_104' title="bbox 1874 4543 3450 4622">
    <p class='ocr_par' dir='ltr' id='par_1_104' title="bbox 1874 4543 3450 4622">
     <span class='ocr_line' id='line_1_104' title="bbox 1874 4543 3450 4622; baseline -0.002 -23"><span class='ocrx_word' id='word_1_815' title='bbox 1874 4546 2013 4600; x_wconf 89' lang='lat' dir='ltr'><strong>sicut</strong></span> <span class='ocrx_word' id='word_1_816' title='bbox 2057 4547 2112 4599; x_wconf 92' lang='lat' dir='ltr'><strong>in</strong></span> <span class='ocrx_word' id='word_1_817' title='bbox 2158 4547 2243 4599; x_wconf 90' lang='lat' dir='ltr'><strong>his</strong></span> <span class='ocrx_word' id='word_1_818' title='bbox 2287 4546 2648 4600; x_wconf 90' lang='lat' dir='ltr'><strong>testimonium</strong></span> <span class='ocrx_word' id='word_1_819' title='bbox 2695 4543 2867 4598; x_wconf 89' lang='lat' dir='ltr'><strong>reddit</strong></span> <span class='ocrx_word' id='word_1_820' title='bbox 2912 4543 3324 4622; x_wconf 83' lang='lat' dir='ltr'><strong>Macedonibus,</strong></span> <span class='ocrx_word' id='word_1_821' title='bbox 3379 4544 3450 4596; x_wconf 88' lang='lat' dir='ltr'><strong>ita</strong></span> 
     </span>
    </p>
   </div>
   <div class='ocr_carea' id='block_1_105' title="bbox 1875 4632 3449 4700">
    <p class='ocr_par' dir='ltr' id='par_1_105' title="bbox 1875 4632 3449 4700">
     <span class='ocr_line' id='line_1_105' title="bbox 1875 4632 3449 4700; baseline -0.003 -12"><span class='ocrx_word' id='word_1_822' title='bbox 1875 4650 2090 4688; x_wconf 87' lang='lat' dir='ltr'><strong>rursum</strong></span> <span class='ocrx_word' id='word_1_823' title='bbox 2137 4637 2452 4689; x_wconf 89' lang='lat' dir='ltr'><strong>cohortatur</strong></span> <span class='ocrx_word' id='word_1_824' title='bbox 2482 4644 2547 4689; x_wconf 78' lang='lat' dir='ltr'><strong>.et</strong></span> <span class='ocrx_word' id='word_1_825' title='bbox 2590 4634 2896 4689; x_wconf 85' lang='lat' dir='ltr'><strong>Corinthios</strong></span> <span class='ocrx_word' id='word_1_826' title='bbox 2939 4633 3162 4698; x_wconf 91' lang='lat' dir='ltr'><strong>dicens,</strong></span> <span class='ocrx_word' id='word_1_827' title='bbox 3203 4632 3350 4687; x_wconf 87' lang='lat' dir='ltr'><strong>Sicut</strong></span> <span class='ocrx_word' id='word_1_828' title='bbox 3397 4634 3449 4700; x_wconf 78' lang='lat' dir='ltr'><strong>in</strong></span> 
     </span>
    </p>
   </div>
   <div class='ocr_carea' id='block_1_106' title="bbox 1873 4723 3453 4792">
    <p class='ocr_par' dir='ltr' id='par_1_106' title="bbox 1873 4723 3453 4792">
     <span class='ocr_line' id='line_1_106' title="bbox 1873 4723 3453 4792; baseline 0 -17"><span class='ocrx_word' id='word_1_829' title='bbox 1873 4723 2110 4776; x_wconf 87' lang='lat' dir='ltr'><strong>omnibus</strong></span> <span class='ocrx_word' id='word_1_830' title='bbox 2153 4725 2433 4778; x_wconf 90' lang='lat' dir='ltr'><strong>abundatis</strong></span> <span class='ocrx_word' id='word_1_831' title='bbox 2467 4726 2590 4792; x_wconf 82' lang='lat' dir='ltr'><strong>ﬁde,</strong></span> <span class='ocrx_word' id='word_1_832' title='bbox 2633 4735 2679 4778; x_wconf 89' lang='lat' dir='ltr'><strong>et</strong></span> <span class='ocrx_word' id='word_1_833' title='bbox 2708 4725 2878 4787; x_wconf 89' lang='lat' dir='ltr'><strong>verbo,</strong></span> <span class='ocrx_word' id='word_1_834' title='bbox 2909 4734 2955 4776; x_wconf 87' lang='lat' dir='ltr'><strong>et</strong></span> <span class='ocrx_word' id='word_1_835' title='bbox 2985 4724 3222 4787; x_wconf 88' lang='lat' dir='ltr'><strong>scientia,</strong></span> <span class='ocrx_word' id='word_1_836' title='bbox 3252 4733 3299 4776; x_wconf 88' lang='lat' dir='ltr'><strong>et</strong></span> <span class='ocrx_word' id='word_1_837' title='bbox 3327 4725 3453 4776; x_wconf 87' lang='lat' dir='ltr'><strong>cha-</strong></span> 
     </span>
    </p>
   </div>
   <div class='ocr_carea' id='block_1_107' title="bbox 1878 4811 3450 4880">
    <p class='ocr_par' dir='ltr' id='par_1_107' title="bbox 1878 4811 3450 4880">
     <span class='ocr_line' id='line_1_107' title="bbox 1878 4811 3450 4880; baseline 0.003 -18"><span class='ocrx_word' id='word_1_838' title='bbox 1878 4812 2030 4864; x_wconf 75' lang='lat' dir='ltr'><strong>ritate</strong></span> <span class='ocrx_word' id='word_1_839' title='bbox 2076 4824 2242 4865; x_wconf 84' lang='lat' dir='ltr'><strong>vestra</strong></span> <span class='ocrx_word' id='word_1_840' title='bbox 2288 4814 2338 4865; x_wconf 85' lang='lat' dir='ltr'><strong>in</strong></span> <span class='ocrx_word' id='word_1_841' title='bbox 2385 4831 2495 4877; x_wconf 89' lang='lat' dir='ltr'><strong>nos,</strong></span> <span class='ocrx_word' id='word_1_842' title='bbox 2525 4815 2596 4866; x_wconf 88' lang='lat' dir='ltr'><strong>ita</strong></span> <span class='ocrx_word' id='word_1_843' title='bbox 2638 4823 2684 4866; x_wconf 84' lang='lat' dir='ltr'><strong>et</strong></span> <span class='ocrx_word' id='word_1_844' title='bbox 2732 4814 2800 4864; x_wconf 73' lang='lat' dir='ltr'><strong>in.</strong></span> <span class='ocrx_word' id='word_1_845' title='bbox 2821 4813 2918 4864; x_wconf 90' lang='lat' dir='ltr'><strong>hac</strong></span> <span class='ocrx_word' id='word_1_846' title='bbox 2947 4811 3115 4880; x_wconf 87' lang='lat' dir='ltr'><strong>gratia</strong></span> <span class='ocrx_word' id='word_1_847' title='bbox 3153 4813 3450 4875; x_wconf 81' lang='lat' dir='ltr'><strong>abundetis,</strong></span> 
     </span>
    </p>
   </div>
   <div class='ocr_carea' id='block_1_108' title="bbox 1880 4898 3452 4969">
    <p class='ocr_par' dir='ltr' id='par_1_108' title="bbox 1880 4898 3452 4969">
     <span class='ocr_line' id='line_1_108' title="bbox 1880 4898 3452 4969; baseline 0.001 -17"><span class='ocrx_word' id='word_1_848' title='bbox 1880 4906 1934 4952; x_wconf 89' lang='lat' dir='ltr'><strong>et</strong></span> <span class='ocrx_word' id='word_1_849' title='bbox 1975 4899 2212 4969; x_wconf 87' lang='lat' dir='ltr'><strong>reliqua;</strong></span> <span class='ocrx_word' id='word_1_850' title='bbox 2270 4901 2363 4954; x_wconf 88' lang='lat' dir='ltr'><strong>scd</strong></span> <span class='ocrx_word' id='word_1_851' title='bbox 2408 4911 2462 4954; x_wconf 88' lang='lat' dir='ltr'><strong>et</strong></span> <span class='ocrx_word' id='word_1_852' title='bbox 2504 4902 2557 4954; x_wconf 88' lang='lat' dir='ltr'><strong>in</strong></span> <span class='ocrx_word' id='word_1_853' title='bbox 2604 4901 2722 4954; x_wconf 89' lang='lat' dir='ltr'><strong>aliis</strong></span> <span class='ocrx_word' id='word_1_854' title='bbox 2763 4900 3072 4954; x_wconf 87' lang='lat' dir='ltr'><strong>collaudans</strong></span> <span class='ocrx_word' id='word_1_855' title='bbox 3115 4898 3452 4963; x_wconf 84' lang='lat' dir='ltr'><strong>Corinthios,</strong></span> 
     </span>
    </p>
   </div>
   <div class='ocr_carea' id='block_1_109' title="bbox 1880 4987 3458 5057">
    <p class='ocr_par' dir='ltr' id='par_1_109' title="bbox 1880 4987 3458 5057">
     <span class='ocr_line' id='line_1_109' title="bbox 1880 4987 3458 5057; baseline 0 -17"><span class='ocrx_word' id='word_1_856' title='bbox 1880 4988 2007 5056; x_wconf 87' lang='lat' dir='ltr'><strong>quia</strong></span> <span class='ocrx_word' id='word_1_857' title='bbox 2055 5005 2180 5056; x_wconf 85' lang='lat' dir='ltr'><strong>erga</strong></span> <span class='ocrx_word' id='word_1_858' title='bbox 2223 4989 2652 5042; x_wconf 88' lang='lat' dir='ltr'><strong>communionem</strong></span> <span class='ocrx_word' id='word_1_859' title='bbox 2692 4990 3007 5057; x_wconf 86' lang='lat' dir='ltr'><strong>pauperum,</strong></span> <span class='ocrx_word' id='word_1_860' title='bbox 3040 4987 3192 5054; x_wconf 91' lang='lat' dir='ltr'><strong>quasi</strong></span> <span class='ocrx_word' id='word_1_861' title='bbox 3221 4988 3272 5039; x_wconf 90' lang='lat' dir='ltr'><strong>in</strong></span> <span class='ocrx_word' id='word_1_862' title='bbox 3300 4987 3458 5040; x_wconf 85' lang='lat' dir='ltr'><strong>Jeru-</strong></span> 
     </span>
    </p>
   </div>
   <div class='ocr_carea' id='block_1_110' title="bbox 1883 5070 3457 5145">
    <p class='ocr_par' dir='ltr' id='par_1_110' title="bbox 1883 5070 3457 5145">
     <span class='ocr_line' id='line_1_110' title="bbox 1883 5070 3457 5145; baseline 0.001 -17"><span class='ocrx_word' id='word_1_863' title='bbox 1883 5076 2046 5129; x_wconf 86' lang='lat' dir='ltr'><strong>salem</strong></span> <span class='ocrx_word' id='word_1_864' title='bbox 2091 5080 2320 5145; x_wconf 91' lang='lat' dir='ltr'><strong>prompti</strong></span> <span class='ocrx_word' id='word_1_865' title='bbox 2370 5077 2614 5141; x_wconf 88' lang='lat' dir='ltr'><strong>fuerunt,</strong></span> <span class='ocrx_word' id='word_1_866' title='bbox 2657 5078 2817 5142; x_wconf 88' lang='lat' dir='ltr'><strong>dicit,</strong></span> <span class='ocrx_word' id='word_1_867' title='bbox 2861 5087 2907 5131; x_wconf 88' lang='lat' dir='ltr'><strong>et</strong></span> <span class='ocrx_word' id='word_1_868' title='bbox 2947 5070 3217 5129; x_wconf 79' lang='lat' dir='ltr'><strong>censilium</strong></span> <span class='ocrx_word' id='word_1_869' title='bbox 3263 5077 3318 5129; x_wconf 88' lang='lat' dir='ltr'><strong>in</strong></span> <span class='ocrx_word' id='word_1_870' title='bbox 3359 5079 3457 5130; x_wconf 87' lang='lat' dir='ltr'><strong>hoc</strong></span> 
     </span>
    </p>
   </div>
   <div class='ocr_carea' id='block_1_111' title="bbox 1884 5165 3455 5237">
    <p class='ocr_par' dir='ltr' id='par_1_111' title="bbox 1884 5165 3455 5237">
     <span class='ocr_line' id='line_1_111' title="bbox 1884 5165 3455 5237; baseline -0.001 -17"><span class='ocrx_word' id='word_1_871' title='bbox 1884 5169 1969 5230; x_wconf 89' lang='lat' dir='ltr'><strong>do,</strong></span> <span class='ocrx_word' id='word_1_872' title='bbox 2018 5168 2114 5221; x_wconf 89' lang='lat' dir='ltr'><strong>hoc</strong></span> <span class='ocrx_word' id='word_1_873' title='bbox 2157 5169 2291 5221; x_wconf 88' lang='lat' dir='ltr'><strong>enim</strong></span> <span class='ocrx_word' id='word_1_874' title='bbox 2332 5169 2468 5222; x_wconf 89' lang='lat' dir='ltr'><strong>vobis</strong></span> <span class='ocrx_word' id='word_1_875' title='bbox 2509 5170 2734 5237; x_wconf 70' lang='lat' dir='ltr'><strong>expedit,</strong></span> <span class='ocrx_word' id='word_1_876' title='bbox 2776 5169 2863 5236; x_wconf 85' lang='lat' dir='ltr'><strong>qui</strong></span> <span class='ocrx_word' id='word_1_877' title='bbox 2910 5184 3011 5220; x_wconf 87' lang='lat' dir='ltr'><strong>non</strong></span> <span class='ocrx_word' id='word_1_878' title='bbox 3051 5165 3220 5219; x_wconf 86' lang='lat' dir='ltr'><strong>solum</strong></span> <span class='ocrx_word' id='word_1_879' title='bbox 3260 5167 3455 5233; x_wconf 81' lang='lat' dir='ltr'><strong>facere,</strong></span> 
     </span>
    </p>
   </div>
   <div class='ocr_carea' id='block_1_112' title="bbox 1883 5258 3461 5328">
    <p class='ocr_par' dir='ltr' id='par_1_112' title="bbox 1883 5258 3461 5328">
     <span class='ocr_line' id='line_1_112' title="bbox 1883 5258 3461 5328; baseline -0.003 -18"><span class='ocrx_word' id='word_1_880' title='bbox 1883 5259 1972 5310; x_wconf 88' lang='lat' dir='ltr'><strong>sed</strong></span> <span class='ocrx_word' id='word_1_881' title='bbox 2017 5269 2064 5310; x_wconf 88' lang='lat' dir='ltr'><strong>et</strong></span> <span class='ocrx_word' id='word_1_882' title='bbox 2108 5258 2229 5312; x_wconf 79' lang='lat' dir='ltr'><strong>velle</strong></span> <span class='ocrx_word' id='word_1_883' title='bbox 2259 5260 2480 5328; x_wconf 65' lang='lat' dir='ltr'><strong>carpistis</strong></span> <span class='ocrx_word' id='word_1_884' title='bbox 2513 5259 2590 5310; x_wconf 78' lang='lat' dir='ltr'><strong>&#39;ab</strong></span> <span class='ocrx_word' id='word_1_885' title='bbox 2633 5273 2770 5310; x_wconf 89' lang='lat' dir='ltr'><strong>anno</strong></span> <span class='ocrx_word' id='word_1_886' title='bbox 2811 5258 3000 5325; x_wconf 89' lang='lat' dir='ltr'><strong>priore,</strong></span> <span class='ocrx_word' id='word_1_887' title='bbox 3046 5271 3181 5307; x_wconf 89' lang='lat' dir='ltr'><strong>nunc</strong></span> <span class='ocrx_word' id='word_1_888' title='bbox 3209 5264 3461 5307; x_wconf 81' lang='lat' dir='ltr'><strong>autemet</strong></span> 
     </span>
    </p>
   </div>
   <div class='ocr_carea' id='block_1_113' title="bbox 1884 5343 3464 5417">
    <p class='ocr_par' dir='ltr' id='par_1_113' title="bbox 1884 5343 3464 5417">
     <span class='ocr_line' id='line_1_113' title="bbox 1884 5343 3464 5417; baseline -0.004 -17"><span class='ocrx_word' id='word_1_889' title='bbox 1884 5350 2024 5416; x_wconf 78' lang='lat' dir='ltr'><strong>facto</strong></span> <span class='ocrx_word' id='word_1_890' title='bbox 2073 5351 2340 5417; x_wconf 83' lang='lat' dir='ltr'><strong>per/icite,</strong></span> <span class='ocrx_word' id='word_1_891' title='bbox 2391 5351 2484 5404; x_wconf 91' lang='lat' dir='ltr'><strong>sed</strong></span> <span class='ocrx_word' id='word_1_892' title='bbox 2534 5359 2586 5403; x_wconf 90' lang='lat' dir='ltr'><strong>et</strong></span> <span class='ocrx_word' id='word_1_893' title='bbox 2634 5349 2686 5401; x_wconf 92' lang='lat' dir='ltr'><strong>iu</strong></span> <span class='ocrx_word' id='word_1_894' title='bbox 2736 5348 2956 5417; x_wconf 87' lang='lat' dir='ltr'><strong>reliquis</strong></span> <span class='ocrx_word' id='word_1_895' title='bbox 3002 5347 3068 5399; x_wconf 90' lang='lat' dir='ltr'><strong>de</strong></span> <span class='ocrx_word' id='word_1_896' title='bbox 3118 5345 3220 5398; x_wconf 88' lang='lat' dir='ltr'><strong>hac</strong></span> <span class='ocrx_word' id='word_1_897' title='bbox 3269 5343 3464 5396; x_wconf 88' lang='lat' dir='ltr'><strong>eadem</strong></span> 
     </span>
    </p>
   </div>
   <div class='ocr_carea' id='block_1_114' title="bbox 1885 5430 3466 5506">
    <p class='ocr_par' dir='ltr' id='par_1_114' title="bbox 1885 5430 3466 5506">
     <span class='ocr_line' id='line_1_114' title="bbox 1885 5430 3466 5506; baseline -0.006 -16"><span class='ocrx_word' id='word_1_898' title='bbox 1885 5445 2194 5491; x_wconf 89' lang='lat' dir='ltr'><strong>sanctorum</strong></span> <span class='ocrx_word' id='word_1_899' title='bbox 2239 5439 2613 5506; x_wconf 80' lang='lat' dir='ltr'><strong>communione</strong></span> <span class='ocrx_word' id='word_1_900' title='bbox 2661 5436 3035 5505; x_wconf 85' lang='lat' dir='ltr'><strong>persequitur,</strong></span> <span class='ocrx_word' id='word_1_901' title='bbox 3085 5442 3140 5487; x_wconf 89' lang='lat' dir='ltr'><strong>et</strong></span> <span class='ocrx_word' id='word_1_902' title='bbox 3187 5439 3313 5500; x_wconf 90' lang='lat' dir='ltr'><strong>post</strong></span> <span class='ocrx_word' id='word_1_903' title='bbox 3361 5430 3466 5482; x_wconf 86' lang='lat' dir='ltr'><strong>ali-</strong></span> 
     </span>
    </p>
   </div>
   <div class='ocr_carea' id='block_1_115' title="bbox 1884 5519 3471 5593">
    <p class='ocr_par' dir='ltr' id='par_1_115' title="bbox 1884 5519 3471 5593">
     <span class='ocr_line' id='line_1_115' title="bbox 1884 5519 3471 5593; baseline -0.006 -17"><span class='ocrx_word' id='word_1_904' title='bbox 1884 5534 2085 5592; x_wconf 89' lang='lat' dir='ltr'><strong>quanta</strong></span> <span class='ocrx_word' id='word_1_905' title='bbox 2130 5525 2294 5590; x_wconf 87' lang='lat' dir='ltr'><strong>addit,</strong></span> <span class='ocrx_word' id='word_1_906' title='bbox 2333 5526 2410 5592; x_wconf 76' lang='lat' dir='ltr'><strong>De</strong></span> <span class='ocrx_word' id='word_1_907' title='bbox 2451 5525 2735 5578; x_wconf 81' lang='lat' dir='ltr'><strong>ministerio</strong></span> <span class='ocrx_word' id='word_1_908' title='bbox 2775 5533 2947 5576; x_wconf 89' lang='lat' dir='ltr'><strong>autem</strong></span> <span class='ocrx_word' id='word_1_909' title='bbox 2992 5521 3129 5593; x_wconf 86' lang='lat' dir='ltr'><strong>quod</strong></span> <span class='ocrx_word' id='word_1_910' title='bbox 3171 5519 3226 5586; x_wconf 81' lang='lat' dir='ltr'><strong>ﬁt</strong></span> <span class='ocrx_word' id='word_1_911' title='bbox 3257 5519 3312 5570; x_wconf 89' lang='lat' dir='ltr'><strong>in</strong></span> <span class='ocrx_word' id='word_1_912' title='bbox 3341 5533 3471 5568; x_wconf 73' lang='lat' dir='ltr'><strong>san-</strong></span> 
     </span>
    </p>
   </div>
   <div class='ocr_carea' id='block_1_116' title="bbox 1884 5597 3470 5685">
    <p class='ocr_par' dir='ltr' id='par_1_116' title="bbox 1884 5597 3470 5685">
     <span class='ocr_line' id='line_1_116' title="bbox 1884 5597 3470 5685; baseline -0.009 -16"><span class='ocrx_word' id='word_1_913' title='bbox 1884 5623 2012 5685; x_wconf 78' lang='lat' dir='ltr'><strong>ctos,</strong></span> <span class='ocrx_word' id='word_1_914' title='bbox 2051 5617 2367 5685; x_wconf 82' lang='lat' dir='ltr'><strong>superﬂuum</strong></span> <span class='ocrx_word' id='word_1_915' title='bbox 2411 5626 2483 5670; x_wconf 88' lang='lat' dir='ltr'><strong>est</strong></span> <span class='ocrx_word' id='word_1_916' title='bbox 2526 5615 2661 5669; x_wconf 79' lang='lat' dir='ltr'><strong>vobis</strong></span> <span class='ocrx_word' id='word_1_917' title='bbox 2696 5597 2939 5669; x_wconf 82' lang='lat' dir='ltr'><strong>scribere.</strong></span> <span class='ocrx_word' id='word_1_918' title='bbox 2985 5613 3104 5668; x_wconf 83' lang='lat' dir='ltr'><strong>Scio</strong></span> <span class='ocrx_word' id='word_1_919' title='bbox 3133 5609 3263 5663; x_wconf 88' lang='lat' dir='ltr'><strong>cnim</strong></span> <span class='ocrx_word' id='word_1_920' title='bbox 3292 5621 3470 5675; x_wconf 50' lang='lat' dir='ltr'><strong>prem.-</strong></span> 
     </span>
    </p>
   </div>
  </div>
