3948 6306
503 299 642 357 1605

1148 300 1209 354 Β.
1248 299 1500 357 RABANI
1537 301 1758 357 MAURI
1793 299 2115 357 ARClllEP.
2152 300 2462 364 MOGUNT.
2500 306 2783 366 OPERUM
2820 310 2997 369 PARS
3028 312 3113 368 ῐΠ.

3612 326 3729 387 16οι

491 429 634 488 ptam
668 418 980 471 voluntatem
1020 423 1260 512 uestram,
1288 433 1382 487 pro
1422 433 1526 487 qua
1564 416 1802 488 gratulor
1829 417 1895 471 de
1934 418 2074 474 vobis
2102 420 2155 481 Α
2179 419 2362 475 mittit.
2397 422 2515 489 Quo
2553 431 2711 493 putas
2759 427 3037 497 signaculo
3081 426 3315 487 fructum
3361 442 3532 493 sancti
3576 445 3732 512 operis

495 508 891 571 Macedonibus,
918 507 1042 577 quia
1065 506 1267 561 Achaia
1290 516 1479 577 parata
1502 518 1576 562 est
1621 509 1685 563 ab
1710 526 1848 564 anno
1874 512 2073 581 priore,

493 610 541 654 et
582 608 748 653 uestra
793 597 1060 652 aemulatio
1100 598 1390 668 provocavit
1436 598 1645 654 multos.
1696 598 1850 666 Quod
1892 607 2075 655 autem

493 700 615 763 post
654 690 963 761 hujusmodi
1000 690 1326 745 Macedonia:
1352 700 1405 745 et
1430 691 1649 746 Achaiae
1686 693 2073 761 ministerium,

494 782 635 850 quod
682 782 745 833 lit
784 781 840 835 in
885 790 1104 835 sanctos
1128 781 1217 850 qui
1264 791 1389 836 sunt
1414 780 1735 849 Jerusalem,
1768 785 2074 853 proposuis-

496 882 580 927 set
624 871 914 941 Apostolus
956 872 1117 925 etiam
1165 871 1391 926 Romam
1434 872 1650 936 videre,
1705 873 1976 928 indicatur
2021 874 2075 928 in

492 962 715 1016 Actibus
738 960 1103 1030 apostolorum
1146 961 1249 1015 hoc
1290 960 1447 1014 modo
1471 974 1485 1013 :
1514 958 1644 1013 Cum
1671 970 1842 1019 autem
1870 960 2077 1031 expleta

492 1060 657 1106 essent
700 1051 833 1115 htec,
876 1052 1049 1118 posuit
1078 1049 1281 1104 Paulus
1321 1050 1375 1103 in
1417 1049 1619 1119 Spiritu
1643 1060 1843 1113 sancto,
1876 1060 1932 1103 ut
1958 1068 2078 1105 cum

490 1142 902 1213 perambulasset
941 1142 1309 1197 Macedoniam
1348 1153 1398 1197 et
1439 1142 1694 1196 Achaiam
1719 1183 1735 1209 ,
1783 1143 2080 1215 proﬁcisce-

493 1241 635 1286 retur
659 1230 1100 1300 Hierosolymam,
1124 1232 1322 1295 dicens,
1356 1233 1479 1301 quia
1510 1241 1783 1301 postquam
1810 1233 1958 1302 fuero
1982 1234 2077 1301 ibi,

493 1337 698 1375 necesse
740 1330 814 1375 est
858 1337 938 1374 me
981 1330 1028 1375 et
1070 1320 1292 1375 Romam
1337 1323 1507 1377 videre
1532 1321 1669 1394 (Act.
1701 1323 1837 1393 ιιι).
1884 1324 1963 1378 Ex
1993 1326 2079 1380 his

494 1419 675 1464 autem
722 1410 973 1465 omnibus
1014 1411 1195 1465 verbis
1244 1411 1533 1481 colligitur,
1578 1411 1704 1479 quia
1749 1427 1857 1466 non
1902 1413 2078 1467 solum

492 1503 667 1572 prima
696 1504 763 1563 ad
804 1501 1154 1565 Corinthios,
1192 1502 1287 1556 sed
1338 1509 1393 1556 et
1429 1503 1667 1557 secunda
1707 1491 1833 1557 ante
1874 1504 2079 1574 scripta

494 1602 598 1656 est,
627 1609 787 1663 quam
820 1594 935 1647 haec
966 1593 1034 1646 ad
1075 1592 1351 1647 Romanos
1396 1607 1557 1661 quam
1591 1592 1857 1648 habemus
1883 1593 1937 1646 in
1964 1609 2080 1648 ma-

498 1682 656 1736 nibus
682 1697 696 1735 :
720 1681 987 1751 simuique
1018 1681 1145 1735 illud
1173 1681 1473 1747 advertitur
1498 1683 1642 1751 quod
1671 1691 1876 1752 quanto
1899 1691 2081 1753 poste-

2178 511 2461 581 eonsignat
2507 514 2839 584 Apostolus?
2878 516 2971 572 lllo
2997 526 3147 588 puto,
3180 534 3287 589 quo
3317 522 3493 594 imago
3520 511 3620 584 Dei
3648 546 3731 588 ex-

2178 599 2449 669 primitur,
2480 603 2584 659 hoc
2627 614 2730 668 est,
2762 614 2823 673 ut
2867 607 2922 660 in
2968 609 3285 678 complendo
3341 602 3503 682 opere
3525 618 3656 674 nulla
3676 623 3737 677 sit

2178 688 2368 744 aliena:
2413 694 2839 748 conversationis
2883 695 3158 760 admistio,
3208 715 3313 753 non
3353 700 3469 756 laus
3500 705 3564 758 ab
3585 707 3737 765 homi-

2180 781 2336 835 nibus
2363 792 2654 850 quzeratur,
2687 784 2781 838 sed
2810 794 2868 838 ut
2904 786 2954 839 in
2984 786 3328 856 simplicitate
3350 791 3526 847 cordis
3548 798 3633 863 qui
3655 799 3737 852 tri-

2179 868 2314 935 buit,
2344 873 2566 937 tribuat,
2596 883 2651 927 et
2672 890 2776 928 non
2807 892 2873 929 ex
2909 878 3125 933 tristitia
3152 878 3330 947 (Rom.
3354 884 3454 954 xu)
3481 903 3493 937 :
3522 885 3735 944 Hilarem

2179 963 2315 1015 enim
2338 963 2574 1017 datorem
2602 965 2774 1033 diligit
2801 966 2940 1019 Deus
2974 968 3060 1029 (ll
3093 970 3213 1024 Cor.
3237 973 3335 1040 ιι).
3366 974 3434 1026 Et
3463 986 3643 1032 caetera
3666 981 3736 1036 his

2182 1050 2375 1103 similia
2403 1053 2493 1120 qui
2521 1053 2771 1107 observat
2800 1054 2853 1109 in
2882 1070 3047 1124 opere
3075 1057 3190 1123 Dei,
3233 1074 3370 1129 opus
3398 1078 3551 1118 suum
3580 1069 3736 1138 signa-

2182 1139 2302 1193 culo
2324 1141 2516 1195 divinae
2565 1142 2813 1213 imaginis
2850 1146 3045 1215 signat.
3088 1147 3218 1201 Cum
3248 1167 3391 1220 ergo,
3440 1154 3625 1219 innuit,
3654 1160 3737 1212 hoc

2180 1244 2626 1295 consummavero,
2651 1242 2773 1284 tunc
2788 1250 2879 1301 per
2902 1250 2988 1287 eos
3011 1236 3079 1288 ad
3101 1235 3415 1307 Hispaniam
3440 1244 3735 1311 proﬁciscar.

2182 1317 2456 1372 Promittit
2501 1335 2631 1374 sane
2682 1323 2884 1390 grande
2932 1339 3127 1380 munus
3170 1326 3449 1395 Romanis,
3488 1341 3541 1386 et
3586 1335 3735 1390 dicit:

2185 1406 2305 1461 Scio
2336 1411 2472 1462 enim
2499 1406 2747 1480 quoniam
2776 1414 2980 1469 ueniens
3011 1416 3085 1493 ad
3109 1433 3216 1481 vos,
3246 1436 3302 1471 in
3328 1421 3643 1476 abundantia
3666 1427 3737 1479 be-

2183 1500 2489 1554 nedictionis
2505 1502 2699 1556 Christi
2719 1506 2922 1559 ueniam
2940 1523 2958 1559 :
2979 1509 3121 1576 quod
3144 1524 3251 1564 non
3274 1511 3376 1565 nisi
3395 1528 3491 1581 per
3506 1513 3739 1583 Spiritum

2183 1596 2431 1643 sanctum
2457 1598 2511 1645 et
2545 1593 2839 1661 pr0phetize
2857 1596 3087 1664 gratiam
3113 1598 3419 1666 pollicetur.
3458 1600 3625 1671 Supra
3656 1604 3739 1658 ho-

2185 1679 2382 1733 minem
2410 1695 2642 1751 namque
2679 1692 2761 1737 est
2801 1684 2904 1739 hoe
2949 1685 3091 1740 scire
3120 1687 3186 1740 de
3231 1686 3448 1753 futuris,
3487 1694 3622 1759 quod
3646 1710 3737 1747 non

497 1771 608 1824 rior
638 1770 836 1825 Paulus
870 1771 939 1831 in,
962 1785 1285 1839 unaquaque
1327 1771 1600 1825 invenitur
1627 1771 1877 1841 epistola,
1927 1766 2078 1827 tanto
2106 1761 2153 1821 Β
2183 1768 2355 1822 solum
2378 1769 2431 1822 in
2455 1772 2831 1828 benedictione
2852 1772 3072 1839 Christi,
3104 1792 3293 1831 verum
3320 1787 3377 1832 et
3400 1779 3455 1833 in
3482 1781 3736 1837 abundan-

506 1870 560 1915 et
588 1861 903 1930 perfectior,
945 1870 1004 1916 ut
1044 1877 1206 1917 verus
1241 1863 1311 1917 sit
1366 1863 1457 1917 ille
1484 1877 1664 1918 sermo
1718 1878 1880 1933 quem
1922 1864 2078 1931 dixit,

496 1942 624 2019 quia
669 1950 949 2004 Prteterita
994 1950 1299 2005 obliviscens
1357 1953 1426 2006 ad
1469 1954 1653 2021 futura
1690 1971 1772 2008 me
1813 1954 2080 2021 extendo,

500 2043 568 2095 ad
610 2043 895 2111 perfectum
959 2059 1175 2113 sequens
1240 2042 1470 2113 palmam
1514 2062 1751 2116 superna:
1792 2046 2081 2100 uocationis

501 2129 669 2200 (Phil.
700 2132 803 2199 ιιι).
834 2133 986 2198 Quod
1014 2144 1193 2187 autem
1227 2135 1387 2199 dicit,
1416 2133 1624 2189 Placuit
1670 2134 1994 2188 Macedonia:
2033 2143 2080 2188 et

500 2220 714 2274 Achaia:
753 2221 1082 2276 collationem
1126 2225 1355 2294 aliquant
1397 2223 1570 2292 facere
1607 2225 1659 2278 in
1685 2240 1936 2293 pauperes
1961 2240 2082 2278 san-

501 2321 739 2373 ctorum,
796 2312 1067 2366 subtiliter
1110 2322 1164 2367 et
1219 2315 1520 2368 verecunde
1579 2315 1706 2367 dum
1771 2311 2081 2366 Corinthios

499 2399 718 2466 laudat,
760 2402 1011 2456 hortatur
1058 2402 1326 2457 Romanos
1374 2420 1386 2455 :
1433 2401 1646 2473 facilius
1673 2403 1817 2457 enim
1873 2402 2082 2456 devota:

502 2499 714 2546 mentes
766 2493 832 2547 ad
868 2491 1315 2547 benefaciendum
1348 2491 1610 2559 exemplis
1636 2531 1651 2556 ,
1681 2506 1842 2559 quam
1875 2504 2083 2543 sermo-

512 2581 673 2635 nibus
706 2581 1023 2634 invitantur.
1056 2580 1161 2635 Sed
1192 2583 1245 2634 in
1285 2595 1349 2634 eo
1374 2580 1515 2649 quod
1548 2580 1718 2644 addit,
1769 2578 2002 2642 Placuit,
2033 2586 2081 2630 et

505 2670 758 2724 debitores
805 2680 938 2725 sunt.
974 2689 1175 2735 eorum,
1227 2672 1353 2740 quid
1410 2672 1555 2726 aliud
1599 2672 1799 2726 sentire
1836 2671 1949 2724 vult
1976 2669 2083 2725 Ro-

505 2774 717 2824 manos,
770 2760 872 2813 nisi
926 2768 987 2813 ut
1028 2760 1072 2813 si
1116 2760 1336 2814 Achaici
1377 2767 1432 2814 et
1463 2760 1783 2815 Macedones
1809 2758 2084 2815 debitores

507 2856 636 2901 sunt
663 2848 990 2916 pauperibus
1016 2856 1325 2903 sanctorum
1355 2848 1446 2918 qui
1469 2857 1593 2901 sunt
1621 2849 1675 2902 in
1720 2848 2079 2911 Hierusalem,

508 2937 697 2992 eadem
723 2937 935 2990 ratione
965 2938 1126 2990 etiam
1166 2938 1394 2992 Romani
1423 2978 1437 3003 ,
1469 2939 1558 3007 qui
1589 2938 1745 2992 [idem
1771 2937 1974 2993 Christi
2006 2947 2084 2993 te—

506 3036 661 3092 nent,
689 3026 971 3080 advertant
1000 3035 1054 3080 et
1082 3029 1400 3097 semetipsos
1428 3028 1512 3083 his
1540 3029 1742 3083 eisdem
1769 3026 1941 3082 factos
1962 3042 2084 3082 esse

508 3089 819 3169 debitores?
862 3113 1047 3183 Neque
1075 3115 1218 3168 enim
1264 3089 1363 3171 soli
1410 3115 1728 3170 Macedones
1767 3123 1823 3170 et
1859 3115 2082 3170 Achaici
2110 3089 2156 3153 ε

510 3204 563 3257 in
592 3203 927 3273 spiritalibus
958 3203 1395 3274 participes’suut
1421 3205 1550 3258 iacti
1597 3206 1797 3259 sanctis
1831 3205 1923 3273 qui
1961 3213 2088 3259 sunt

513 3295 569 3348 in
617 3294 989 3358 Hierusalem,
1020 3303 1079 3347 ut
1116 3305 1171 3349 et
1202 3296 1251 3349 in
1285 3295 1592 3349 carnalibus
1619 3296 1697 3350 eis
1723 3295 1956 3350 debeant
1988 3295 2088 3349 mi-

512 3385 767 3448 nistrare,
796 3385 891 3439 sed
918 3393 973 3438 et
1004 3383 1261 3450 Romani,
1289 3392 1344 3438 et
1370 3384 1489 3438 ideo
1516 3384 1631 3453 pari
1662 3384 1971 3438 conditione
1994 3385 2088 3439 de-

508 3474 713 3529 bitores
734 3482 887 3539 sunt;
921 3475 1017 3528 sed
1041 3474 1109 3528 de
1133 3474 1238 3527 illis
1264 3482 1471 3528 tantum
1494 3474 1823 3542 pronuntiat,
1839 3481 1899 3527 ut
1918 3481 1975 3527 et
1999 3474 2087 3528 isti

513 3580 571 3618 se
594 3564 842 3619 noverint
864 3564 1024 3618 simili
1053 3565 1334 3618 sententia:
1353 3563 1649 3632 subjacere.
1673 3563 1897 3635 (Ambr.)
1920 3563 2087 3619 Debi-

515 3664 660 3707 tores
685 3654 831 3706 enim
855 3668 949 3707 eos
975 3654 1106 3708 dicit
1133 3651 1440 3708 Judmorum
1464 3654 1801 3709 credentium
1821 3692 1836 3718 ,
1863 3662 1926 3707 ut
1946 3654 2088 3707 sicut

513 3743 566 3796 in
597 3742 930 3811 spiritalibus
960 3743 1250 3812 participes
1289 3759 1474 3797 eorum
1512 3743 1637 3797 lacti
1661 3751 1808 3809 sunt,
1840 3744 1914 3797 ita
1945 3751 2002 3799 et
2030 3743 2087 3798 bi

513 3833 918 3887 communicent
963 3834 1344 3903 corporalibus
1386 3833 1801 3889 necessitatibus
1846 3833 2084 3899 illorum,

514 3934 574 3976 ut
602 3924 898 3993 gaudentes
927 3939 992 3977 ex
1022 3922 1220 3979 Judaeis
1249 3924 1532 3979 credentes
1570 3924 1876 3979 collaudent
1909 3922 2090 3992 provi-

516 4013 750 4067 dentiam
804 4012 896 4065 Dei
946 4014 996 4065 in
1049 4013 1224 4066 salute
1286 4013 1529 4081 ipsorum
1578 4028 1675 4081 per
1722 4013 2089 4067 ministerium

516 4118 723 4157 eorum.
769 4102 832 4155 lli
869 4103 1012 4156 enim
1039 4112 1179 4157 totos
1207 4118 1264 4157 se
1293 4104 1489 4158 divinis
1510 4106 1784 4172 obsequiis
1808 4103 2086 4170 dedentes,

518 4190 650 4242 nihil
676 4190 1002 4243 mundanum
1028 4201 1300 4256 curantes,
1329 4194 1631 4261 exemplum
1672 4180 1827 4247 boum
1862 4208 2091 4248 conver-

519 4281 743 4334 sationis
783 4282 1098 4349 przebcbant
1125 4283 1485 4346 credentibus,
1523 4283 1577 4337 in
1610 4292 1818 4337 tantum
1860 4283 2092 4351 denique

2185 1858 2260 1911 tia
2290 1858 2677 1915 benedictionis
2699 1861 2899 1918 Christi
2920 1873 3180 1920 venturus
3206 1867 3277 1921 sit
3317 1869 3384 1922 ad
3426 1885 3537 1925 eos.
3566 1871 3623 1925 In
3648 1887 3738 1940 quo

2184 1956 2240 2004 et
2284 1952 2551 2007 venientis
2579 1954 2773 2023 gratia,
2806 1962 2863 2008 et
2886 1956 3293 2027 suscipientium
3340 1962 3540 2030 pariter
3566 1965 3738 2017 merita

2182 2037 2552 2109 designantur.
2576 2039 2805 2113 (Ambr.)
2834 2041 3028 2099 Certus
3056 2048 3202 2101 enim
3242 2049 3309 2102 de
3335 2050 3675 2119 dispositione
3693 2063 3738 2107 et

2182 2132 2355 2201 gratia
2389 2131 2503 2196 Dei,
2532 2127 2783 2201 promisit
2823 2150 2882 2189 se
2924 2136 2979 2190 in
3008 2136 3333 2191 abundantia
3379 2139 3737 2196 benedictionis

2183 2231 2471 2301 venturum
2499 2221 2635 2289 ejus,
2688 2222 2850 2292 quem
2885 2227 3142 2294 praedicat
3196 2226 3416 2281 Christi.
3460 2230 3737 2283 Benedictio

2182 2317 2360 2363 autem
2388 2311 2502 2364 Inec
2522 2312 2798 2381 signorum
2824 2314 2999 2370 virtus
3022 2324 3126 2379 est,
3157 2332 3257 2383 per
3281 2334 3442 2385 quam
3464 2318 3738 2372 confirmati

2182 2406 2324 2450 sunt.
2366 2396 2590 2452 Obsecro
2636 2401 2798 2470 igitur
2842 2419 2949 2467 vos,
2976 2404 3188 2472 fratres,
3219 2422 3312 2473 per
3362 2406 3635 2460 Dominum
3658 2425 3737 2460 no-

2182 2495 2346 2539 strum
2368 2486 2399 2538 J
2407 2504 2550 2540 esum
2573 2488 2855 2552 Christum,
2878 2500 2924 2544 et
2949 2508 3041 2560 per
3067 2492 3374 2545 charitatem
3408 2493 3624 2561 Spiritus
3643 2512 3741 2547 san-

2184 2576 2271 2639 cti,
2297 2584 2350 2626 ut
2389 2576 2791 2630 sollicitudinem
2815 2578 3184 2647 impertiamini
3216 2580 3344 2633 mihi
3368 2581 3419 2632 in
3446 2581 3736 2634 orationibus

2182 2681 2275 2733 pro
2307 2681 2386 2717 nte
2411 2665 2478 2719 ad
2512 2666 2809 2731 Dominum,
2837 2678 2891 2720 ut
2919 2667 3106 2722 liberer
3126 2670 3189 2721 ab
3210 2670 3506 2738 inﬁdelibus
3527 2671 3613 2739 qui
3635 2681 3737 2724 sunt

2178 2753 2238 2806 in
2262 2752 2479 2820 Juda’a,
2503 2765 2549 2807 et
2574 2756 2802 2825 obsequii
2842 2758 2942 2810 mei
2987 2758 3181 2812 oblatio
3210 2770 3422 2829 accepta
3447 2760 3540 2826 fiat
3561 2760 3612 2813 in
3637 2759 3741 2813 Hie-

2186 2842 2412 2896 rusalem
2439 2846 2657 2898 sanctis.
2703 2845 2773 2898 Ut
2814 2847 3014 2899 ueniam
3048 2847 3116 2899 ad
3141 2864 3227 2900 vos
3266 2846 3539 2917 in'gaudio
3566 2866 3652 2917 per
3671 2866 3741 2902 uo-

2186 2930 2437 2984 luntatem
2470 2932 2585 2997 Dei,
2616 2941 2661 2986 et
2685 2933 2928 3006 refrigere
2974 2934 3255 2988 vobiscum.
3311 2935 3509 3006 (Θήῃ.)
3542 2936 3740 2989 Lieetiu

2187 3019 2552 3087 superioribus
2577 3021 2810 3075 dixerit:
2847 3020 2967 3075 Scio
3013 3024 3149 3076 enim
3185 3026 3432 3093 quoniam
3474 3026 3667 3079 veniens
3685 3025 3739 3077 ad

2188 3126 2273 3163 vos
2298 3111 2352 3163 in
2377 3112 2700 3166 abundantia
2722 3113 3091 3168 benedictionis
3131 3113 3327 3169 Christi
3372 3118 3593 3181 veniam,
3620 3117 3741 3171 nihi-

2187 3197 2420 3263 lominus
2443 3210 2619 3256 tamen
2671 3202 2875 3257 sciebat
2923 3204 3086 3258 etiam
3117 3206 3170 3259 in
3200 3206 3283 3261 his
3321 3222 3442 3277 quae
3484 3206 3741 3262 manifeste

2188 3295 2367 3349 futura
2398 3305 2742 3365 cognoverat,
2766 3297 3063 3352 orationem
3088 3313 3209 3353 esse
3234 3301 3615 3363 necessariam,
3644 3316 3743 3369 qua

2187 3386 2394 3455 utique,
2416 3385 2565 3443 verbi
2590 3400 2773 3451 causa,
2800 3386 2845 3441 si
2876 3402 2984 3441 non
3006 3387 3196 3443 fuisset
3216 3388 3478 3455 adhibita,
3514 3405 3742 3459 sequere-

2189 3484 2277 3531 tur
2305 3476 2423 3529 sine
2444 3476 2605 3530 dubio
2629 3491 2735 3530 non
2758 3476 2966 3546 impleri
2989 3478 3132 3547 quod
3158 3476 3336 3534 fuerat
3372 3480 3741 3549 prophetatum.

2189 3567 2419 3638 (Ambr.)
2455 3569 2695 3637 Denique
2731 3578 2855 3623 orat
2900 3577 2961 3624 ut
2987 3571 3267 3640 adjuvetur
3315 3572 3369 3625 in
3415 3572 3744 3633 orationibus,

2188 3668 2247 3712 ut
2275 3658 2527 3713 evaderet
2554 3674 2745 3713 manus
2770 3657 3075 3715 Iudaeorum
3122 3660 3458 3715 inﬁdelium:
3508 3677 3613 3716 non
3640 3662 3744 3731 quia

2189 3747 2304 3817 ipse
2332 3748 2510 3802 minus
2554 3756 2852 3813 mereatur,
2900 3748 2995 3802 sed
3042 3750 3284 3803 ordinem
3329 3751 3596 3819 sequitur,
3624 3759 3677 3805 ut
3695 3750 3747 3804 ab

2190 3836 2435 3890 Ecclesia
2459 3836 2554 3890 ﬁat
2592 3836 2768 3890 oratio
2790 3850 2889 3904 pro
2919 3844 3130 3892 rectore
3156 3853 3254 3892 suo
3280 3855 3293 3891 :
3325 3837 3482 3892 multi
3506 3839 3646 3893 enim
3670 3836 3748 3891 mi-

2192 3926 2321 3979 nimi
2346 3925 2470 3979 dum
2513 3934 2909 3995 congregantur
2944 3926 3244 3991 unanimes,
3296 3927 3433 3981 ﬁunt
3479 3928 3672 3997 magni,
3706 3935 3750 3981 et

2192 4014 2480 4068 multorum
2512 4029 2704 4085 preces
2727 4004 3055 4083 impOssibile
3100 4023 3183 4069 est
3210 4022 3269 4069 ut
3313 4031 3420 4069 non
3465 4016 3746 4085 impetrent.

2191 4103 2324 4168 Quis
2343 4118 2469 4173 ergo
2494 4112 2595 4165 est,
2622 4104 2723 4157 hoc
2749 4102 2929 4173 legens
2956 4103 3097 4171 quod
3127 4102 3323 4157 Paulus
3343 4103 3748 4172 deprccetureos

2192 4193 2284 4262 qui
2316 4192 2498 4245 Romte
2524 4199 2648 4246 sunt
2676 4205 2837 4245 orare
2872 4190 3069 4244 fratres
3108 4205 3206 4260 pro
3234 4205 3311 4252 se,
3341 4201 3651 4245 contemnat
3685 4192 3751 4243 vel

2194 4285 2453 4353 despiciat
2479 4284 2750 4337 orationes
2774 4282 3027 4337 Ecclesiae
3047 4283 3337 4351 postulare,
3368 4284 3536 4336 etiam
3566 4283 3610 4335 si
3638 4281 3751 4335 inle-

520 4389 619 4426 nos
649 4374 912 4425 humanos
939 4381 994 4425 et
1037 4373 1414 4437 misericordes
1454 4374 1567 4428 vult
1600 4390 1719 4430 esse
1758 4374 2049 4443 Apostolus
2073 4415 2088 4440 ,
2120 4421 2172 4479 Β
2196 4374 2367 4428 riores
2397 4373 2600 4426 meritis
2621 4388 2740 4426 esse
2784 4372 3067 4426 videantur
3115 4373 3169 4427 hi
3199 4389 3229 4427 ιι
3258 4375 3454 4442 quibus
3488 4374 3657 4427 oratio
3676 4387 3753 4441 po~

521 4475 578 4519 ut
606 4475 661 4520 et
685 4466 954 4519 debitores
981 4481 1078 4520 nos
1106 4466 1250 4520 dicat
1271 4467 1417 4520 circa
1441 4466 1837 4538 elcemosynam
1862 4469 2094 4538 largien-

523 4556 668 4617 dam,
712 4564 767 4607 et
804 4556 959 4608 bouis
1000 4557 1251 4623 operibus
1276 4557 1631 4611 exercendam
1665 4572 1786 4611 eum
1817 4557 2099 4613 alacritate

522 4646 723 4709 cordis,
752 4646 874 4712 quia
906 4644 999 4713 qui
1044 4645 1469 4699 misericordiam
1501 4662 1531 4698 a
1552 4645 1669 4700 Deo
1712 4653 1913 4714 sperat,
1943 4647 2101 4702 debet

524 4751 643 4790 esse
693 4736 1002 4789 misericors
1027 4774 1040 4798 ,
1086 4744 1144 4788 ut
1172 4736 1364 4804 probet
1392 4750 1451 4789 sc
1481 4744 1627 4790 recte
1656 4736 1795 4789 hanc
1837 4751 2057 4805 sperare
2083 4757 2095 4791 :

526 4825 650 4891 quia
688 4826 731 4876 si
763 4825 925 4876 homo
955 4823 1263 4889 miseretur,
1295 4832 1496 4892 quanto
1527 4826 1697 4894 magis
1722 4825 1894 4877 Deus!
1928 4826 2102 4880 Retri-

531 4914 683 4968 btuio
708 4914 849 4965 enim
882 4913 995 4965 haec
1027 4921 1127 4977 est,
1174 4915 1258 4967 vel
1300 4929 1543 4977 merces,
1586 4923 1645 4967 ut
1691 4914 1781 4982 qui
1833 4916 2103 4983 accipiunt

534 5005 984 5067 miscricordiam,
1016 5005 1442 5059 misericordiam
1475 5005 1691 5072 faciant.
1728 5005 1877 5060 Unde
1918 5006 2101 5059 Domi-

536 5112 635 5150 nus
662 5114 673 5147 :
703 5095 867 5155 Beati,
902 5094 1097 5161 inquit,
1125 5096 1504 5160 misericordes,
1534 5096 1767 5163 ipsorum
1789 5096 1930 5149 enim
1950 5097 2105 5150 mise-

537 5185 745 5239 rebitur
772 5185 913 5236 Deus
936 5182 1149 5251 (.ilatth.
1181 5186 1255 5251 v).

610 5276 721 5329 lloc
760 5275 919 5344 igitur
957 5291 1072 5325 cunt
1119 5290 1559 5336 consummavero,
1591 5282 1638 5325 et
1665 5274 1990 5342 assignarero
2034 5274 2106 5327 eis

538 5370 761 5438 fructum
802 5354 960 5430 hunc,
982 5365 1283 5435 proficiscar
1324 5381 1414 5432 per
1438 5380 1523 5416 vos
1547 5365 1600 5415 in
1628 5362 1953 5432 Hispaniam.
1990 5362 2109 5416 Scio

539 5468 709 5510 autent
731 5457 977 5526 quoniam
1019 5455 1220 5506 veniens
1246 5454 1314 5505 ad
1342 5470 1448 5515 vos,
1482 5454 1535 5505 in
1563 5452 1882 5504 abundantia
1906 5452 2111 5504 benedi-

541 5550 721 5601 ctionis
760 5546 953 5599 Christi
981 5545 1203 5598 ueniam.
1231 5542 1421 5613 (Orig)
1453 5544 1584 5597 Vide
1610 5558 1729 5596 cum
1761 5551 1959 5611 quanta
1986 5558 2112 5596 cau-

547 5641 643 5693 tela
680 5639 1116 5707 consignatumm
1146 5651 1201 5690 se
1255 5634 1487 5687 fructum
1536 5634 1871 5689 ollerentium
1928 5648 2111 5703 repro-

2205 4461 2476 4515 stulatur?
2533 4461 2673 4515 Ecce
2726 4462 2869 4514 enim
2921 4462 3119 4515 Paulus
3172 4463 3484 4530 apostolicis
3534 4463 3755 4531 prteditus

2207 4550 2433 4613 meritis,
2462 4564 2568 4603 non
2612 4549 2782 4603 solum
2835 4548 3106 4603 Romanos
3152 4564 3309 4603 orare
3355 4565 3453 4619 pro
3485 4564 3567 4613 se,
3607 4548 3750 4603 sedet

2207 4637 2510 4692 Corinthios
2542 4639 2880 4691 adhortatur.
2914 4638 3109 4709 (θήρ.)
3162 4637 3293 4692 Vide
3338 4647 3522 4691 autem
3548 4647 3599 4691 et
3620 4650 3752 4706 quam

2206 4728 2398 4782 validis
2430 4743 2523 4781 eos
2567 4728 2816 4795 astringit
2866 4727 3236 4797 religiosisque
3266 4727 3644 4787 sacramentis,
3673 4722 3755 4775 Pet

2207 4820 2512 4879 Dominum,
2531 4818 2722 4886 inquit,
2738 4828 2969 4871 nostrum
2984 4816 3167 4869 Iesum
3186 4814 3477 4877 Christum,
3493 4825 3541 4866 et
3562 4813 3755 4882 perclau-

2208 4908 2414 4958 ritatent
2456 4904 2702 4975 Spiritus,
2734 4909 2981 4976 deprecor
3009 4915 3065 4957 ut
3112 4905 3368 4973 adjuvetis
3406 4921 3489 4957 me
3511 4906 3565 4956 in
3587 4903 3754 4957 oratio—

2212 4998 2359 5049 nibus
2381 4997 2448 5049 ad
2466 4997 2651 5050 Deum.
2672 4996 2822 5061 Quod
2850 4997 3017 5049 nostri
3039 5005 3325 5063 posuerunt
3343 4997 3411 5046 ad
3409 4995 3603 5062 juvctis
3627 5008 3695 5044 me
3715 4992 3755 5040 in

2212 5084 2549 5147 orationibus,
2584 5082 3009 5152 magniﬁcentius
3038 5082 3232 5152 legitur
3256 5084 3396 5149 apud
3420 5081 3637 5134 Grmcos
3656 5100 3756 5133 σιη-

2210 5175 2576 5244 αγωνίσασθαι,
2597 5173 2647 5224 in
2670 5186 2776 5240 quo
2800 5171 3082 5231 iudicatur,
3103 5181 3155 5221 ut
3180 5170 3247 5221 ad
3243 5171 3438 5238 juvetts
3456 5185 3538 5221 me
3560 5170 3612 5219 in
3624 5180 3759 5235 agone

2212 5266 2462 5319 orationis
2490 5264 2557 5317 ad
2589 5263 2773 5327 Deum,
2823 5264 3113 5317 ostendens
3162 5261 3302 5329 quod
3351 5262 3507 5328 quasi
3564 5274 3758 5327 agonem

2213 5356 2408 5410 habeat
2448 5355 2559 5424 ipse
2602 5363 2656 5407 et
2713 5361 2985 5407 certamen
3039 5351 3319 5412 orationis,
3381 5346 3760 5401 adversantibus

2213 5446 2313 5499 sibi
2341 5445 2456 5499 sine
2484 5444 2643 5498 dubio
2670 5442 2791 5504 illis,
2838 5441 2903 5495 de
2951 5440 3148 5508 quibus
3171 5438 3384 5491 dicebat
3426 5435 3641 5505 (Ephes.
3663 5433 3756 5501 ir):

2216 5537 2339 5590 Non
2385 5538 2519 5589 enim
2573 5536 2717 5589 nobis
2773 5543 3030 5586 certamen
3073 5542 3147 5584 est
3194 5532 3439 5584 adversus
3497 5543 3693 5581 carnem
3725 5534 3760 5576 et

2214 5634 2540 5701 sanguinem,
2588 5632 2676 5687 sed
2732 5630 2980 5684 adversus
3037 5628 3357 5698 principatus
3399 5635 3446 5680 et
3494 5632 3758 5695 potestates.
