3948 6374
199 346 338 402 16υ5

733 338 1279 394 ΕΝΑΒΒΑΤῙΟΝΟΜ
1320 338 1385 391 IN
1425 337 1572 390 EPP.
1613 334 1769 388 PAUI

1872 333 1984 386 LIB.
2034 333 2251 387 YIII.—
2287 334 2354 388 IN
2394 334 2611 390 EPIST.
2655 334 2745 388 AD
2786 331 2952 388 ROM.

2250 128 2277 151 Ἀ

3321 335 3346 387 1
3359 335 3466 391 606

195 456 447 509 adversus
476 451 657 507 mimdi
706 450 860 519 hujus
906 458 1126 502 rectores
1172 447 1508 500 tenebrarum
1570 445 1778 505 harum,
1809 454 2080 513 Amagna
2112 457 2232 495 cum
2285 442 2441 498 laude
2483 453 2538 498 et
2584 441 3053 497 commendatione
3100 443 3464 510 prosequiturv

196 546 446 598 adversus
471 539 729 610 spiritalia
769 540 1009 609 nequitia:
1037 538 1093 590 in
1132 536 1458 590 caelestibus:
1488 542 1543 588 et
1567 543 1777 587 certum

196 644 303 697 est,
337 632 481 701 quod
504 632 590 686 isti
613 646 801 686 omnes
815 630 967 685 sicut
1015 628 1369 683 adversantur
1394 625 1540 689 ﬁdei,
1565 632 1621 678 et
1646 622 1782 678 resi-

196 732 349 778 stunt
385 723 594 793 pietati,
629 724 767 778 sicut
813 721 1071 777 contrarii
1124 727 1249 774 sunt
1293 718 1516 788 justitize
1552 725 1606 770 et
1635 714 1780 769 veri-

196 812 317 877 tati,
350 820 405 866 et
444 812 696 867 omnibus
728 810 904 874 bonis,
935 810 1024 864 isti
1072 809 1189 864 sine
1230 808 1392 862 dubio
1417 806 1695 870 resistunt,
1728 810 1783 859 et

196 900 552 954 adversantur
590 900 843 955 orationi.
892 900 959 953 Et
1000 899 1121 952 ideo
1158 898 1392 952 ostendit
1436 896 1633 951 Paulus
1660 909 1781 949 esse

196 1003 307 1042 non
357 990 638 1042 minimum
679 988 841 1041 etiam
872 988 923 1041 in
979 988 1226 1042 oratione
1278 995 1573 1049 certamen,
1616 985 1783 1055 siqui-

194 1079 319 1132 dem
363 1078 417 1132 in
456 1080 559 1132 hoc
603 1079 899 1133 certamine
944 1079 1108 1132 etiam
1155 1077 1413 1131 auxilium
1453 1092 1640 1131 eorum
1688 1077 1776 1146 qui

194 1166 382 1220 Romae
460 1175 585 1220 sunt
652 1168 943 1220 crediderit
1016 1166 1431 1235 implorandum.
1500 1166 1784 1221 Obsistunt

192 1256 341 1310 enim
372 1256 642 1312 daemones
679 1265 734 1310 et
765 1256 1051 1310 contraria:
1086 1265 1385 1325 potestates
1415 1258 1468 1310 in
1513 1258 1777 1321 oratione,

192 1347 370 1416 primo
390 1362 489 1416 per
512 1347 643 1402 illud
676 1362 745 1402 ne
769 1347 892 1401 talis
914 1347 1221 1401 inveniatur
1243 1346 1288 1401 is
1316 1346 1406 1414 qui
1436 1346 1489 1400 in
1520 1347 1781 1401 orationis

194 1452 368 1506 agone
396 1439 641 1502 desudet,
664 1446 723 1491 ut
758 1438 899 1491 levet
936 1454 1094 1506 puras
1126 1452 1312 1491 manus
1346 1436 1455 1489 sine
1492 1437 1595 1490 ira.
1627 1436 1780 1502 Quod

192 1533 247 1579 ct
278 1527 324 1580 si
353 1528 454 1581 hoc
479 1528 599 1597 quis
624 1529 868 1582 obtinere
914 1528 1150 1596 potuerit
1202 1535 1260 1580 ut
1289 1527 1406 1581 sine
1456 1527 1536 1580 ira
1571 1527 1662 1591 sit,
1689 1527 1779 1580 vix

193 1626 298 1678 est,
324 1625 383 1670 ut
408 1617 624 1687 effingiat
650 1632 769 1673 esse
797 1618 912 1671 sine
951 1618 1355 1685 disceptatione,
1384 1617 1487 1671 hoc
1530 1625 1634 1680 est,
1663 1617 1781 1671 sine

193 1708 480 1776 superfluis
500 1718 553 1761 et
573 1709 725 1763 vanis
747 1708 1197 1778 c0gitationibus:
1226 1709 1314 1761 vix
1344 1709 1485 1762 enim
1515 1708 1778 1771 invenies,

192 1809 253 1852 ut
275 1801 450 1855 oranti
479 1802 671 1870 cuique
718 1816 823 1855 non
847 1800 1046 1868 aliquid
1075 1800 1252 1853 inanis
1279 1808 1333 1853 et
1354 1799 1538 1853 alienae
1575 1800 1778 1869 cogita-
1806 1836 1852 1894 Β

192 1889 357 1944 tionis
384 1901 649 1955 occurrat,
690 1901 745 1945 et
774 1893 1125 1947 intentionem
1166 1909 1274 1962 qua
1323 1894 1377 1947 in
1426 1894 1593 1948 Deum
1623 1908 1776 1948 mens

191 1975 446 2045 dirigitur
458 1979 686 2033 declinet
700 1995 761 2033 ac
786 1982 1018 2050 frangat,
1032 1990 1192 2051 atque
1207 1997 1325 2036 eam
1340 1997 1437 2051 per
1450 1998 1511 2037 ea
1527 1997 1646 2051 qua:
1667 1998 1774 2037 non

192 2068 450 2135 competit
479 2070 669 2137 rapiat.
700 2070 767 2122 Et
814 2070 932 2124 ideo
960 2086 1095 2140 agon
1129 2088 1356 2142 magnus
1382 2083 1467 2127 est
1491 2073 1772 2136 orationis,

192 2164 254 2207 ut
279 2156 667 2212 obsistentibus
717 2160 970 2223 inimicis,
999 2169 1053 2214 et
1099 2163 1303 2215 orantis
1350 2178 1566 2217 sensum
1596 2163 1650 2216 in
1689 2163 1772 2217 di-

194 2256 350 2295 versa
381 2245 732 2312 rapientibus,
776 2245 880 2299 ﬁxa
933 2262 1146 2317 semper
1170 2249 1235 2303 ad
1288 2250 1455 2304 Deum
1490 2266 1642 2304 mens
1666 2260 1776 2305 sta-

192 2331 286 2383 bili
310 2332 605 2388 inteutionc
631 2337 938 2400 contendat,
967 2339 1245 2393 tit-merito
1270 2340 1442 2408 possit
1463 2340 1624 2394 etiam
1661 2343 1774 2408 ipse

194 2418 373 2473 dicere
398 2438 411 2472 :
438 2419 640 2474 Bonum
666 2432 923 2477 certamen
948 2427 1158 2489 certavi,
1188 2443 1397 2480 cursum
1424 2428 1774 2481 consummavi

194 2506 279 2577 (ll
314 2507 447 2561 Tim.
474 2509 567 2576 iv).
596 2510 747 2564 Nunc
774 2525 901 2580 ergo
930 2520 1049 2565 orat
1075 2512 1361 2581 Apostolus
1381 2513 1618 2580 adjuvari
1640 2529 1699 2568 se
1720 2514 1771 2566 in

196 2608 367 2663 agone
415 2596 736 2661 orationum,
790 2606 851 2651 ut
899 2597 1156 2651 liberetur
1201 2599 1267 2652 ab
1318 2600 1625 2662 incredulis,
1681 2601 1773 2669 qui

196 2692 322 2737 sunt
362 2685 415 2737 in
466 2682 668 2749 Judzea,
715 2700 781 2739 ne
811 2686 1011 2741 diutius
1054 2688 1344 2741 obstaculis
1378 2702 1563 2742 eorum
1594 2698 1773 2742 reten-

197 2781 303 2838 tus,
343 2773 427 2826 vel
450 2774 625 2828 minus
648 2784 857 2844 gratum
881 2776 1130 2830 exhibeat
1161 2778 1359 2832 sanctis
1391 2778 1769 2844 ministerium,

197 2863 281 2915 vel
314 2862 638 2917 desiderium
675 2864 790 2930 ejus
819 2866 960 2934 quod
1011 2881 1137 2936 erga
1187 2866 1459 2923 Romanos
1501 2868 1662 2923 habet
1689 2870 1772 2924 vi-

197 2952 393 3007 sendos
420 2953 617 3009 diutius
665 2955 961 3010 differatur.
996 2956 1052 3011 Si
1081 2957 1248 3023 enim,
1297 2958 1489 3027 inquit,
1540 2959 1653 3013 haec
1699 2959 1771 3013 ita

194 3045 474 3109 cesserint,
503 3054 560 3098 ut
604 3054 660 3101 et
703 3046 1056 3101 ministerium
1105 3062 1285 3101 meum
1344 3048 1771 3123 acceptunyﬁat

1880 544 2206 585 enumerans
2230 532 2394 585 etiam
2424 542 2572 598 gesta
2622 533 2789 601 ipsius
2831 530 3112 600 prmelara,
3160 541 3216 585 et
3257 533 3461 601 dicens,

1880 620 2003 687 quia
2032 619 2085 672 in
2116 628 2319 673 tantum
2351 621 2601 676 omnibus
2626 622 2815 684 astitit,
2839 622 2941 676 hoc
2966 631 3069 687 est,
3095 622 3148 675 in
3172 625 3465 680 necessita-

1881 709 2025 763 tibus
2050 719 2245 778 praesto
2267 709 2385 773 fuit,
2413 718 2471 763 ut
2500 712 2661 764 etiam
2690 712 2818 764 mihi
2847 711 2945 780 ipsi
2974 712 3028 767 in
3053 715 3465 773 necessitatibus

1880 800 2016 853 meis
2044 800 2456 869 apostolicisque
2505 800 2778 855 laboribus
2811 809 2920 855 tota
2952 802 3232 856 devotione
3264 806 3464 860 mentis

1882 891 2133 944 astiterit.
2161 889 2347 945 Simile
2371 899 2550 943 autem
2574 905 2704 959 opus
2730 892 2846 960 ejus
2865 890 3095 944 dixerim
3111 894 3464 962 hospitalitati

1880 979 2001 1041 Lot,
2028 980 2116 1047 qui
2168 980 2290 1033 dum
2344 995 2557 1049 semper
2598 980 2834 1049 hospites
2857 982 3113 1050 suscepit,
3146 987 3339 1041 meruit
3367 987 3465 1039 ali-

1882 1070 2098 1137 quando
2124 1078 2177 1123 et
2207 1070 2425 1140 angelos
2456 1070 2690 1139 hospitio
2717 1071 2990 1139 suscipere
3016 1070 3168 1141 (Gen.
3195 1075 3332 1144 xix).
3380 1075 3466 1130 Si-

1880 1159 2078 1212 militer
2102 1168 2155 1213 et
2173 1161 2470 1225 Abraham,
2492 1159 2618 1213 dum
2644 1176 2855 1230 semper
2874 1165 3112 1217 occurrit
3133 1165 3463 1235 hospitibus,

1880 1250 2155 1302 meruitut
2187 1258 2240 1301 et
2262 1252 2519 1305 Dominus
2562 1266 2683 1305 cum
2730 1253 2935 1321 angelis
2974 1256 3264 1312 diverteret
3290 1259 3355 1313 ad
3384 1268 3464 1312 ta-

1880 1339 2231 1393 bcrnaculum
2275 1340 2391 1407 ejus
2434 1339 2586 1411 (Gen.
2613 1344 2790 1414 xvm).
2844 1345 2920 1397 Ita
2948 1354 3001 1401 et
3047 1347 3164 1402 haec
3214 1348 3462 1418 religiosa

1880 1429 2099 1491 Phoebe,
2130 1431 2253 1483 dum
2282 1439 2423 1485 astat
2447 1434 2697 1489 omnibus
2726 1443 2776 1487 et
2826 1438 3163 1505 obsequitur,
3206 1439 3462 1494 assistere

1882 1528 1936 1573 et
1954 1518 2176 1587 obsequi
2207 1521 2369 1574 etiam
2396 1520 2652 1590 Apostolo
2680 1525 2891 1577 meruit.
2920 1525 2989 1578 Et
3030 1526 3152 1580 ideo
3197 1526 3346 1582 locus
3376 1529 3463 1582 hic

1882 1609 1988 1662 duo
2016 1611 2220 1677 pariter
2266 1612 2421 1665 docet
2468 1621 2521 1666 et
2583 1614 2793 1676 haberi,
2840 1625 2897 1667 ut
2927 1616 3179 1679 diximus,
3236 1617 3464 1673 feminas

1881 1698 2158 1753 ministras
2182 1700 2233 1753 in
2266 1701 2527 1765 Ecclesia,
2557 1711 2610 1756 et
2638 1704 2772 1757 tales
2810 1703 3007 1759 debere
3049 1708 3189 1761 sumi
3216 1709 3269 1762 in
3300 1710 3461 1762 mini-

1881 1787 2127 1851 sterium,
2158 1803 2278 1856 quae
2325 1790 2594 1845 astiterint
2631 1792 2832 1857 multis,
2875 1801 2929 1848 et
2970 1810 3068 1863 per
3110 1796 3248 1850 bona
3288 1796 3462 1853 ollicia

1880 1890 2050 1953 usque
2071 1876 2137 1929 ad
2172 1879 2519 1945 apostolicam
2556 1880 2768 1934 laudem
2814 1884 3112 1937 meruerint
3156 1887 3458 1953 pervenire.

1877 1942 2137 2016 IIortatur
2170 1942 2334 2019 etiam
2385 1967 2534 2030 illud,
2584 1978 2644 2021 ut
2692 1969 2746 2021 bi
2796 1971 2885 2038 qui
2939 1972 3096 2027 bonis
3126 1942 3379 2043 operibus
3406 1976 3483 2029 in‘

1875 2050 2131 2106 Ecclesiis
2169 2055 2299 2107 dant
2327 2070 2567 2124 operam,
2611 2058 2784 2113 vicem
2822 2061 3086 2130 recipiant
3127 2078 3157 2117 a
3204 2064 3461 2121 fratribus

1874 2153 1929 2195 et
1956 2142 2239 2209 honorem,
2271 2154 2329 2199 ut
2358 2146 2409 2199 in
2439 2147 2848 2219 quibuscunque
2879 2154 3242 2208 necessarium
3273 2155 3458 2220 fuerit,

1874 2229 1986 2282 sive
2015 2231 2365 2299 Spiritalibus,
2394 2234 2506 2288 sive
2534 2236 2696 2290 etiam
2720 2239 3027 2294 carnalibus
3050 2242 3259 2305 olliciis,
3285 2245 3458 2299 hono-

1875 2317 2023 2372 rifice
2061 2319 2377 2375 habeantur.
2424 2322 2651 2395 (Ambr.)
2704 2327 2772 2381 Ut
2816 2339 2994 2383 autem
3044 2332 3160 2387 sine
3189 2334 3459 2390 intermis-

1873 2405 2021 2460 sione
2046 2409 2413 2477 excipiendam
2443 2413 2588 2466 illam
2614 2423 2669 2469 et
2694 2417 3055 2473 assistendum
3084 2422 3156 2476 illi
3194 2424 3246 2478 in
3271 2440 3460 2481 neces-

1873 2494 2055 2560 sitate,
2089 2498 2132 2551 si
2154 2502 2508 2567 pervenisset,
2555 2505 2824 2571 suaderet,
2851 2510 3017 2562 etiam
3047 2512 3146 2565 sibi
3202 2513 3348 2568 illam
3378 2516 3439 2570 af
3444 2543 3461 2556 ο

1872 2580 2037 2637 fuisse
2063 2592 2307 2653 testatur,
2338 2599 2619 2659 utquanto
2648 2596 2930 2650 sublimior
2957 2615 3183 2667 persona
3211 2604 3326 2671 ejus
3356 2622 3459 2661 ca:-

1874 2672 2004 2725 teris
2026 2673 2116 2739 sit,
2143 2683 2288 2730 tanto
2314 2679 2482 2747 magis
2511 2674 2661 2736 reddi
2706 2684 2829 2739 huic
2864 2686 3105 2742 debitum
3131 2692 3452 2762 obsequium

1872 2776 1967 2830 per
1997 2764 2315 2820 charitatem
2344 2770 2670 2825 ostenderet.

1942 2851 2179 2908 Salutate
2196 2855 2433 2910 Priscam
2447 2868 2495 2912 et
2510 2860 2775 2931 Aquilam,
2794 2864 3061 2933 adjutores
3076 2886 3213 2923 meos
3227 2872 3279 2924 in
3298 2872 3454 2927 Chri-

1870 2950 1949 2995 sto
1971 2943 2117 3008 Jesu,
2141 2946 2231 3014 qui
2258 2963 2350 3016 pro
2387 2950 2567 3003 anima
2620 2948 2735 3004 mea
2779 2970 2903 3007 suas
2929 2959 3146 3013 cervices
3174 2977 3458 3031 supposue—

1872 3042 2013 3097 runt,
2038 3036 2223 3104 quibus
2252 3053 2355 3090 non
2379 3038 2548 3092 solum
2574 3058 2667 3111 ego
2686 3044 2884 3111 gratias
2916 3062 3034 3115 ago,
3057 3048 3146 3101 sed
3175 3059 3223 3102 et
3252 3060 3453 3105 cuncta:

194 3139 397 3193 sanctis
454 3139 505 3192 in
532 3138 916 3209 Hierosolyma,
966 3147 1023 3194 et
1074 3139 1331 3194 liberatus
1372 3141 1439 3194 ab
1480 3122 1768 3195 incredulis
1796 3170 1842 3233 C
1872 3122 2401 3233 ξὲῖιξίεεξίξμξεηιξαηι,
2436 3140 2506 3233 ξι.
2536 3131 2877 3233 domesticam
2922 3152 3102 3233 eorum
3142 3137 3451 3233 Ecclesium.

191 3228 283 3296 qui
314 3234 439 3281 sunt
460 3228 513 3280 in
540 3226 743 3293 Judzea,
775 3229 957 3282 venire
986 3228 1054 3283 ad
1086 3243 1182 3283 vos
1221 3244 1328 3283 non
1354 3230 1638 3298 impediar,
1669 3246 1769 3299 pro

190 3318 329 3371 bene
363 3318 526 3386 gestis
552 3318 712 3372 rebus
745 3318 983 3388 gaudens
1024 3317 1269 3386 profecto
1311 3319 1378 3373 ad
1416 3334 1509 3374 vos
1552 3320 1766 3373 veniam

188 3422 312 3460 cum
364 3406 636 3461 voluntate
684 3408 798 3472 Dei,
831 3417 885 3462 et
929 3409 1263 3477 requiescam
1309 3409 1604 3464 vobiscum.
1652 3408 1768 3465 Non

187 3496 523 3563 corporalem
547 3496 728 3564 utique
756 3496 993 3565 requiem
1025 3498 1217 3568 quaerit
1238 3498 1453 3565 Paulus,
1480 3500 1574 3555 sed
1600 3501 1765 3567 illam,

186 3601 308 3653 qua:
336 3585 758 3641 consolationem
791 3587 953 3642 habet
995 3604 1060 3643 ex
1103 3590 1232 3653 Deo,
1273 3589 1413 3644 sicut
1453 3599 1508 3645 et
1550 3592 1663 3661 ipse
1712 3592 1767 3647 in

186 3674 378 3743 primis
417 3672 576 3741 hujus
621 3675 871 3743 Epistolzc
913 3677 1157 3746 partibus
1206 3679 1363 3743 dixit,
1392 3678 1667 3735 Consolari
1712 3683 1769 3736 in

185 3764 330 3815 vobis
361 3779 452 3830 per
476 3779 589 3815 eam
634 3780 750 3832 qua:
787 3765 1005 3819 invicem
1051 3776 1128 3820 est
1164 3766 1321 3834 ﬁdem
1364 3778 1585 3823 vestram
1613 3780 1768 3841 atque

188 3868 378 3903 ηιθαηι.

260 3939 400 3992 Deus
432 3948 606 3992 autem
656 3940 798 4007 pacis
828 3940 894 3993 sit
932 3957 1049 3994 cum
1102 3945 1340 3999 omnibus
1382 3946 1542 3999 vobis.
1581 3946 1763 4000 Amen.

185 4028 391 4099 Ingenti
422 4031 792 4084 benedictione
843 4041 1156 4087 muneratur
1185 4033 1479 4101 Romanos,
1524 4046 1583 4092 ut
1626 4038 1767 4092 Deus

184 4118 335 4187 pacis
364 4118 434 4172 sit
461 4134 579 4172 eum
623 4120 722 4184 eis,
769 4120 821 4174 id
866 4131 969 4185 est,
994 4129 1053 4175 nt
1084 4139 1101 4171 ι
1135 4137 1239 4193 pax
1264 4124 1378 4190 Dei,
1407 4140 1525 4194 qua:
1552 4134 1769 4195 superat

183 4225 399 4263 omnem
431 4219 687 4275 mentem,
722 4212 990 4265 custodiat
1016 4214 1175 4267 corda
1206 4228 1393 4269 eorum
1445 4216 1499 4269 in
1551 4214 1767 4271 Christo

183 4298 334 4357 Jcsu,
362 4299 451 4367 qui
500 4310 581 4352 est
610 4315 711 4368 pax
759 4308 959 4353 nostra.
992 4320 1008 4351 ι
1047 4300 1277 4371 (Αηιὺν.)
1304 4304 1462 4358 Tales
1487 4319 1613 4374 ergo
1634 4305 1766 4360 istos

187 4388 333 4455 cupit
387 4401 526 4449 esse,
571 4399 629 4439 ut
671 4388 882 4442 sitcum
906 4388 1009 4441 illis
1036 4386 1290 4444 Dominus
1313 4390 1470 4446 Jesus
1495 4394 1762 4458 Christus,

1873 3213 2066 3285 (0rig.)
2096 3214 2353 3273 Videntur
2378 3220 2508 3273 mihi
2535 3222 2632 3290 ipsi
2656 3238 2796 3289 esse,
2819 3224 2886 3279 de
2915 3228 3110 3294 quibus
3142 3228 3196 3282 in
3226 3229 3454 3286 Actibus

1870 3307 2235 3375 apostolorum
2266 3310 2341 3364 ita
2372 3313 2635 3382 scriptum
2670 3323 2751 3369 est
2779 3333 2791 3368 :
2840 3314 2971 3372 Post
3006 3318 3116 3372 [nec
3146 3328 3317 3373 autem
3346 3322 3455 3375 dis-

1870 3395 2055 3449 cedens
2105 3395 2309 3452 Paulus
2354 3399 2417 3453 ab
2460 3400 2675 3455 Athenis
2720 3404 2852 3456 venit
2907 3402 3233 3473 Corinthum,
3290 3420 3339 3464 et
3380 3413 3456 3465 in-

1870 3497 2014 3540 vento
2035 3488 2107 3540 ibi
2124 3491 2347 3558 quodam
2361 3492 2550 3546 Judazo
2566 3495 2770 3549 nomine
2787 3496 2999 3566 Aquila,
3015 3496 3231 3554 Pontico
3247 3518 3452 3571 genere,

1867 3578 1956 3646 qui
1984 3594 2148 3648 nuper
2170 3592 2376 3635 venerat
2417 3584 2482 3637 de
2511 3583 2695 3649 Italia,
2738 3596 2787 3640 et
2840 3586 3087 3643 Priscilla
3118 3608 3277 3647 uxore
3313 3595 3450 3664 ejus,

1866 3678 2074 3738 propter
2100 3672 2240 3740 quod
2292 3684 2606 3743 pra’ceperat
2643 3675 2897 3731 Claudius
2948 3680 3211 3736 discedere
3231 3682 3452 3739 Iudaeos

1869 3774 2043 3812 omnes
2075 3778 2108 3812 a
2137 3758 2323 3826 Roma,
2366 3766 2581 3818 accessit
2605 3766 2675 3818 ad
2701 3783 2808 3832 eos,
2834 3777 2883 3821 et
2936 3772 3059 3839 quia
3088 3783 3237 3825 erant
3285 3775 3453 3827 consi—

1870 3848 2005 3903 milis
2031 3852 2244 3919 artiﬁcii
2271 3856 2461 3934 mansit
2498 3856 2638 3925 apud
2666 3849 2772 3922 eos,
2800 3868 2848 3911 et
2893 3860 3243 3929 operabantur
3268 3863 3447 3928 simul,

1868 3952 2015 3993 erant
2076 3944 2214 3996 enim
2281 3945 2509 4014 artiﬁces
2570 3948 3025 4003 tabernaculorum
3088 3950 3224 4021 (Act.
3266 3947 3445 4023 ivm),

1866 4031 1969 4087 hoc
1995 4040 2095 4098 est,
2136 4044 2368 4090 sutores.
2414 4035 2643 4109 [Ambn]
2685 4038 2786 4105 Qui
2827 4042 3109 4095 credentes
3157 4041 3285 4097 facti
3324 4052 3449 4098 sunt

1868 4122 2002 4175 socii
2051 4122 2253 4179 laboris
2292 4125 2558 4195 Apostoli,
2586 4128 2678 4196 qui
2706 4130 2780 4183 ita
2808 4139 2953 4185 recte
2979 4132 3340 4198 crediderant,
3387 4143 3448 4189 ut

1866 4210 2030 4263 etiam
2056 4211 2155 4279 ipsi
2177 4214 2595 4269 exhortarentur
2622 4224 2848 4271 caeteros
2896 4218 2961 4271 ad
3016 4218 3173 4272 ﬁdem
3218 4229 3443 4276 rectam.

1868 4296 2105 4367 Denique
2129 4301 2340 4369 Apollo,
2377 4305 2624 4371 quamvis
2662 4304 2823 4359 fuerit
2850 4307 3179 4361 exercitatus
3206 4308 3260 4362 in
3295 4308 3441 4365 Scri-

1865 4389 2059 4455 pturis,
2086 4390 2153 4444 ab
2182 4391 2266 4446 his
2291 4400 2468 4447 tamen
2493 4394 2635 4447 viam
2667 4395 2876 4449 Domini
2910 4396 3218 4467 diligentius
3242 4400 3445 4455 instru-

184 4478 302 4544 qui,
322 4486 595 4544 amputata
618 4479 761 4531 omni
783 4478 1041 4531 discordia
1058 4479 1512 4543 errorishumani,
1531 4482 1676 4535 dedit
1700 4499 1762 4537 ac
1790 4508 1840 4566 ι)
1867 4485 1985 4531 (Ilus
2008 4488 2109 4543 θεῖ,
2136 4480 2255 4535 ideo
2282 4483 2455 4537 SOCIOS
2484 4482 2685 4538 laboris
2707 4486 2787 4538 Sili
2811 4485 2939 4539 ἀὶείι
2957 4501 3070 4548 805.
3094 4489 3187 4541 sed
3210 4489 3263 4541 in
3290 4488 3445 4545 Chri-

181 4568 422 4623 ostendit
458 4568 584 4635 quid
632 4569 701 4622 sit
752 4584 959 4634 verum,
1010 4577 1069 4621 ut
1116 4570 1168 4622 in
1214 4572 1325 4637 ipsa
1381 4573 1605 4627 veritate
1643 4590 1758 4627 ma-

182 4668 347 4711 neant
372 4660 604 4726 pacifici.

783 4749 1006 4804 CAPUT
1050 4751 1186 4805 XVI.

184 4835 342 4888 Ponit
381 4838 613 4906 exempla
661 4841 901 4909 qna'dam
956 4841 1203 4893 bonorum
1254 4843 1543 4909 hominum,
1596 4855 1642 4898 et
1688 4847 1756 4899 ad

642 4910 1069 4976 perseverrmdum
1093 4912 1309 4964 inducit.

253 5012 569 5067 Centumalo
618 5028 789 5069 autem
833 5019 970 5071 vobis
1006 5018 1225 5073 Plurimi
1252 5038 1478 5075 sororem
1505 5033 1753 5089 nostram,

178 5119 296 5171 qna'
319 5114 392 5155 est
417 5104 469 5156 in
504 5106 788 5158 ministerio
816 5107 1061 5160 Ecclesia?
1084 5120 1199 5177 qua:
1232 5122 1302 5163 est
1332 5113 1385 5163 in
1410 5112 1672 5176 Cenchris,
1701 5122 1756 5166 ut

179 5207 295 5242 eam
320 5192 614 5259 suscipiatis
638 5194 927 5248 inDonziuo
950 5199 1098 5265 digne
1122 5202 1334 5259 sanctis,
1356 5214 1403 5253 ct
1430 5203 1685 5256 assistatis
1711 5204 1757 5256 ei

180 5300 232 5336 in
262 5298 567 5353 quocunque
605 5288 805 5353 negotio
854 5291 1002 5341 restri
1056 5292 1353 5360 indiguerit.
1388 5292 1593 5348 Etenim
1641 5298 1753 5365 ipsa

178 5387 381 5441 quoque
412 5374 607 5426 assistit
644 5374 819 5428 multis
842 5386 889 5429 et
921 5380 1044 5431 mihi
1078 5381 1193 5449 ipsi.
1244 5382 1437 5452 (Orig.)
1468 5383 1563 5439 IIic
1602 5385 1749 5441 locus

178 5463 471 5529 apostolica
521 5466 838 5519 auctoritate
867 5468 1019 5523 docet
1044 5471 1203 5525 etiam
1256 5472 1481 5527 feminas
1508 5475 1558 5527 in
1587 5477 1749 5528 mini-

180 5552 346 5605 sterio
400 5554 651 5608 Ecclesiae
702 5557 974 5610 constitui.
1035 5560 1089 5613 ln
1137 5577 1242 5629 quo
1297 5560 1469 5615 officio
1518 5565 1747 5632 positam

174 5640 409 5697 Phoeben
443 5645 581 5711 apud
632 5645 926 5701 Ecclesiam
955 5663 1071 5717 qua":
1098 5660 1178 5703 cst
1227 5650 1503 5716 Cenchris,
1556 5653 1749 5719 Paulus

1866 4576 1950 4621 sto
1973 4566 2100 4622 Jesu
2131 4587 2143 4622 :
2178 4573 2474 4640 cooperarii
2502 4573 2645 4625 enim
2686 4574 2805 4642 ejus
2831 4572 3048 4628 fuerum
3072 4575 3124 4628 in
3153 4576 3447 4647 Evangelio

1864 4656 1980 4711 Dei.
2006 4658 2198 4727 Aquila
2214 4661 2296 4713 vir
2324 4660 2583 4717 Priscilla:
2607 4672 2712 4727 est,
2737 4680 2871 4733 quos
2893 4680 2998 4717 non
3026 4667 3198 4721 otiose
3214 4667 3445 4724 Romam

1865 4749 2073 4803 venisse
2114 4751 2456 4807 manifestum
2500 4765 2622 4820 est,
2668 4757 3045 4826 propensiores
3094 4760 3238 4813 enim
3288 4772 3447 4815 erant

1863 4836 1914 4889 in
1943 4838 2035 4890 Dei
2062 4840 2376 4897 devotione:
2403 4861 2527 4899 nam
2574 4848 2641 4901 ad
2678 4848 3145 4902 confirmationem
3174 4849 3448 4905 Romano-

1861 4943 1978 4980 rum
2008 4929 2057 4981 bi
2085 4945 2294 4997 omnes,
2323 4950 2459 5002 quos
2490 4937 2707 4999 salutat,
2736 4953 2803 4991 ex
2832 4936 2915 4990 his
2948 4936 3115 4990 fuisse
3139 4938 3449 5006 intelligun-

1860 5025 1969 5070 tur.
2004 5018 2154 5073 Unde
2180 5022 2309 5076 dicit
2338 5040 2443 5077 non
2474 5027 2648 5079 solum
2674 5043 2751 5092 se,
2784 5027 2876 5080 sed
2901 5035 2955 5079 et
2985 5040 3180 5079 omnes
3207 5028 3447 5094 gentium

1860 5108 2129 5164 Eeclesias
2160 5113 2360 5181 gratias
2390 5115 2473 5168 his
2525 5116 2749 5181 referre,
2803 5125 3031 5184 tangens
3074 5125 3130 5167 et
3176 5114 3451 5167 Romanos

1856 5201 2023 5253 utilis
2054 5203 2326 5269 obediant,
2359 5220 2492 5273 quos
2519 5208 2584 5261 ad
2623 5210 2923 5278 profectum
2955 5204 3199 5273 gentium
3225 5201 3454 5254 audiunt

1856 5288 2100 5345 laborare
2130 5293 2198 5346 ad
2245 5294 2635 5349 exhortandam
2684 5296 2845 5349 ﬁdem
2878 5294 2929 5346 in
2970 5292 3214 5347 Christo.
3248 5289 3449 5359 (0rig.)

1856 5381 1966 5436 Nec
1991 5385 2186 5438 mirum
2217 5387 2259 5441 si
2289 5387 2525 5441 Priscam
2554 5388 2747 5442 Paulus
2770 5388 2822 5441 in
2852 5384 3093 5456 Epistola
3116 5382 3303 5437 scribit
3325 5395 3449 5449 quae

1859 5475 1909 5526 in
1941 5475 2169 5530 Actibus
2199 5480 2560 5547 apostolorum
2587 5479 2834 5535 Priscilla
2879 5478 3078 5545 scripta
3123 5481 3206 5526 est
3231 5469 3445 5526 ereteris

1856 5567 2327 5622 concordantibus.
2358 5568 2539 5623 Potest
2574 5579 2755 5625 autem
2800 5569 2943 5633 ﬁeri,
2985 5575 3042 5620 ut
3069 5566 3159 5633 qui
3189 5563 3276 5617 illo
3307 5570 3438 5614 tem-

1854 5669 2001 5721 pore,
2028 5658 2196 5723 pulsis
2222 5675 2285 5714 ex
2309 5662 2438 5716 urbe
2456 5660 2654 5717 Judteis
2676 5664 2744 5717 ob
2766 5669 3095 5731 pra-ceptum
3122 5650 3436 5724 [praecepto]
