3948 6312
477 257 615 316 1607

1114 255 1176 310 Β.
1217 252 1470 311 RABANI
1506 255 1724 312 MAURI
1759 255 2077 312 ARCHIEP.
2118 257 2424 316 MOGUNT.
2468 256 2750 316 OPERUM
2786 256 2965 314 PARS
3002 258 3087 314 lli.

3590 264 3614 319 1
3626 266 3720 324 608

472 368 725 432 Caesaris,
754 365 1070 422 Corinthum
1091 377 1374 432 venerant,
1407 382 1595 422 rursus
1618 367 1781 423 edicti
1809 377 2056 426 cessante
2082 373 2136 434 Α
2157 383 2279 424 esse
2326 371 2600 426 testatur?
2631 371 2735 426 nisi
2772 370 2914 427 forte
2966 369 3316 440 profundiore
3367 373 3622 444 mysterio
3663 380 3724 430 ad

474 458 703 522 saevitia,
735 455 962 509 Romam
1023 456 1257 525 regressi
1306 456 1606 511 salutentur
1636 471 1666 510 a
1687 457 1889 524 Paulo;
1921 473 2057 527 quos

475 555 659 602 tamen
685 553 908 615 apparet
927 543 1236 600 Iudaeorum
1272 545 1484 602 insidiis
1523 545 1690 602 Paulo
1718 548 2058 618 periclitante

473 636 796 707 semetipsos
819 634 1103 704 objecisse,
1157 644 1217 689 ut
1249 635 1340 688 ille
1391 635 1529 690 liber
1576 629 1909 693 abscederet.
1943 638 2058 693 Hoc

475 734 657 782 autem
678 735 734 781 et
761 724 922 780 Iason
953 726 1171 795 quidam
1198 726 1394 782 fecisse
1435 727 1487 781 in
1517 725 1741 782 Actibus
1788 729 2057 798 apostolo-

475 833 597 872 rum
624 815 857 872 refertur
878 814 1014 887 (Act.
1037 815 1196 882 xvn),
1228 823 1283 871 et
1313 817 1454 870 hanc
1482 830 1666 871 eorum
1691 816 1898 872 laudem
1928 833 2056 887 apo-

475 907 645 962 stolus
669 922 776 962 non
823 906 967 970 silet,
1012 906 1107 960 sed
1130 905 1384 961 omnibus
1427 920 1548 961 eam
1587 906 1841 962 Ecclesiis
1882 907 2056 961 admi-

474 995 700 1052 randam
727 995 912 1061 tradit,
942 1004 998 1049 et
1024 995 1147 1051 ideo
1190 995 1362 1050 dicit:
1409 995 1611 1060 Quibus
1664 1011 1768 1049 non
1795 994 1937 1049 solus
1965 1012 2056 1065 ego

472 1089 678 1160 gratias.
702 1103 823 1157 ago,
862 1087 951 1141 sed
977 1094 1026 1140 et
1063 1086 1316 1140 universae
1344 1085 1595 1139 Ecclesia:
1626 1087 1875 1155 gentium.
1905 1085 2058 1140 Unde

474 1184 700 1248 apparet
730 1190 823 1230 eos
875 1173 1141 1229 otIiciosos
1183 1183 1239 1229 et
1283 1173 1581 1242 hospitales
1611 1173 1887 1228 exstitisse
1929 1188 2059 1244 erga

473 1278 667 1320 omnes
694 1263 892 1319 fratres
921 1263 1130 1328 fideles,
1162 1277 1268 1318 non
1301 1261 1475 1317 solum
1503 1263 1592 1331 qui
1617 1278 1685 1317 ex
1715 1261 1933 1327 Iudaeis,
1962 1262 2058 1318 sed

472 1353 640 1410 etiam
660 1351 751 1423 qui
776 1367 843 1406 ex
866 1351 1114 1422 gentibus
1137 1351 1492 1406 credidissent
1519 1369 1531 1403 :
1561 1365 1756 1421 magna
1782 1351 1925 1405 enim
1944 1367 2060 1422 gra'

472 1443 551 1499 tia
573 1442 630 1498 in
658 1442 1042 1512 hospitalitatis
1083 1440 1279 1506 cilicio,
1312 1457 1418 1496 non
1475 1441 1645 1496 solum
1677 1442 1818 1511 apud
1866 1441 2057 1509 Deum,

473 1532 570 1589 sed
584 1532 725 1603 apud
744 1533 989 1586 homines
1010 1531 1303 1585 invenitur.
1341 1531 1470 1598 Quae
1494 1538 1674 1585 tamen
1696 1547 1782 1586 res
1802 1532 2058 1601 quoniam

476 1638 588 1679 non
634 1623 808 1679 solum
849 1622 905 1676 in
958 1621 1234 1676 voluntate
1270 1630 1326 1675 et
1368 1623 1648 1691 proposito
1694 1623 2057 1688 dominorum,

477 1713 575 1768 sed
605 1721 661 1768 et
684 1720 840 1782 grato
871 1719 928 1766 et
953 1712 1096 1768 ﬁdeli
1122 1712 1365 1768 constitit
1389 1713 1690 1767 ministerio
1717 1713 2059 1780 famulorum,

478 1804 685 1860 idcirco
704 1817 892 1859 omnes
913 1805 1006 1872 qui
1036 1805 1397 1858 ministerium
1428 1804 1572 1859 istud
1619 1820 1742 1860 cum
1792 1806 1909 1861 istis
1939 1806 2068 1861 fide-

477 1891 605 1946 liter
627 1891 1014 1960 adimplebant,
1046 1891 1398 1946 domesticam
1423 1894 1723 1948 nominavit
1744 1893 2061 1949 Ecelesiam.

477 1978 720 2035 Salutate
764 1977 1090 2048 Ephenetum
1121 1979 1369 2034 dilectum
1416 1981 1567 2046 mihi,
1614 1984 1704 2052 qui
1738 1993 1814 2037 est
1843 1985 2067 2053 primiti—

476 2086 570 2124 vus
591 2070 731 2123 Asiw
756 2070 811 2122 in
839 2068 1048 2124 Christo
1072 2070 1225 2125 Iesu.
1262 2070 1363 2127 Hic
1391 2073 1699 2142 Ephenetus
1723 2074 1934 2129 videtur
1961 2078 2065 2128 mi-

478 2159 532 2214 hi
559 2161 796 2215 omnium
827 2161 979 2230 prius
1000 2176 1069 2216 ex
1100 2161 1227 2216 Asia
1251 2163 1561 2217 credidisse.
1597 2163 1748 2218 Unde
1776 2173 1829 2218 et
1857 2166 2067 2218 initium

476 2265 601 2306 eum
653 2251 908 2307 Ecclesia:
951 2252 1255 2322 appellavit,
1308 2252 1416 2318 vel,
1466 2261 1525 2306 ut
1572 2254 1624 2306 in
1674 2252 1862 2308 Graeco
1903 2254 2068 2307 habe-

479 2349 588 2405 tur,
619 2340 889 2411 primitias
936 2341 1099 2407 Asiaa,
1132 2343 1234 2396 nisi
1281 2341 1484 2410 aliquid
1522 2341 1838 2411 profundius
1891 2356 2068 2396 sermo

479 2430 582 2485 iste
608 2431 898 2501 significet,
928 2440 990 2485 ut
1019 2431 1379 2501 intelligamus
1409 2432 1629 2500 angelos
1660 2432 1775 2495 Dei,
1815 2431 2069 2486 Ecclesiis

483 2519 577 2587 qui
606 2527 870 2588 praesunt,
897 2518 1092 2574 offerre
1120 2520 1359 2588 singulos
1390 2535 1631 2588 quosque
1662 2521 1931 2588 primitias
1959 2520 2070 2574 Deo

485 2623 554 2663 ex
582 2610 664 2677 his
709 2609 801 2677 qui
840 2608 1108 2673 credunt;
1165 2608 1416 2677 primitiae
1445 2618 1625 2663 autem
1671 2609 1812 2678 apud
1845 2609 1964 2663 illos
1983 2609 2070 2676 ju-

481 2700 732 2755 dicentur
755 2714 864 2754 non
893 2699 947 2753 in
975 2699 1061 2753 his
1088 2699 1178 2767 qui
1206 2707 1447 2766 tempore
1476 2698 1636 2768 primi
1680 2707 1826 2763 sunt,
1855 2700 1949 2753 sed
1977 2700 2069 2768 qui

485 2788 774 2842 virtutibus
800 2796 855 2842 et
875 2788 1083 2842 meritis
1111 2787 1426 2856 praecellunt
1453 2804 1466 2841 :
1511 2802 1739 2855 quorum
1769 2789 1946 2843 sciens
1974 2805 2071 2858 per

485 2880 747 2951 Spiritum
769 2879 966 2934 Paulus
987 2879 1306 2934 electionem
1323 2893 1452 2949 erga
1473 2879 1830 2949 Ephenetum,
1854 2889 1908 2935 et
1929 2881 2071 2949 quod

484 2972 660 3042 ipsum
688 2985 756 3024 ex
781 2969 926 3024 omni
956 2969 1192 3024 fidelium
1233 2984 1458 3024 numero
1502 2970 1593 3038 qui
1645 2979 1802 3024 erant
1838 2972 1892 3026 in
1943 2971 2072 3026 Asia

469 3062 674 3117 electio
695 3058 960 3116 invenerit
987 3061 1320 3130 angelorum,
1351 3059 1640 3129 appellavit
1661 3075 1782 3115 eum
1806 3061 2070 3131 primitias

483 3149 645 3204 Asiw.
678 3148 784 3204 Sed
807 3157 863 3203 et
887 3148 942 3203 in
969 3149 1072 3202 alia
1087 3148 1326 3217 Epistula
1349 3149 1480 3204 dicit
1511 3148 1579 3205 de
1599 3150 1917 3218 quibusdam
1947 3153 2072 3220 quia

485 3239 591 3292 sint
620 3237 866 3307 primitite
886 3235 1394 3301 Achaiw;camdem
1415 3240 1742 3292 sacramenti
1765 3240 1883 3294 sine
1911 3241 2072 3294 dubio

491 3328 754 3382 rationem
782 3327 943 3381 etiam
972 3327 1028 3381 in
1081 3326 1187 3381 illis
1213 3326 1501 3396 aspiciens.
1535 3327 1774 3383 Salutate
1820 3328 2068 3394 Mariam,

486 3436 602 3491 qua:
624 3419 844 3473 multum
865 3417 1120 3487 laboravit
1142 3417 1196 3470 in
1224 3417 1385 3472 vobis.
1410 3417 1614 3489 (Amb.)
1637 3417 1956 3474 Commonet
1975 3420 2074 3474 hos

486 3511 703 3566 nomine
744 3501 944 3575 Mariae,
974 3523 1138 3579 quam
1169 3508 1519 3580 intelligimus
1545 3510 1612 3563 ad
1641 3511 2073 3565 exhortationem

487 3602 698 3656 illorum
745 3599 1038 3670 impensius
1075 3597 1369 3664 laborasse,
1418 3606 1479 3653 ut
1504 3599 1706 3669 gratias
1758 3599 1832 3652 illi
1862 3608 2068 3669 agant;

489 3689 688 3763 (θήρ.)
720 3697 776 3743 et
815 3689 972 3743 docet
1011 3687 1208 3743 debere
1236 3688 1402 3742 etiam
1444 3685 1677 3742 feminas
1708 3686 1956 3741 laborare
1976 3702 2075 3756 pro

488 3780 748 3836 Ecclesiis
777 3778 891 3833 Dei.
953 3776 1089 3832 Nam
1118 3785 1175 3831 et
1230 3777 1497 3840 laborant,
1525 3791 1648 3830 cum
1679 3777 1875 3830 docent
1899 3776 2076 3830 adole-

495 3869 766 3926 scentulas
788 3868 996 3923 sobrias
1023 3880 1164 3932 esse,
1202 3866 1427 3934 diligere
1451 3866 1620 3931 viros,
1652 3866 1790 3920 filios
1811 3866 2073 3930 enutrirc,

492 3962 719 4032 pudicas
748 3974 888 4022 esse,
936 3967 1137 4022 castas,
1184 3956 1403 4010 domum
1442 3955 1579 4010 bene
1611 3964 1878 4025 regentes,
1927 3955 2079 4009 beni-

491 4069 642 4124 gnas,
676 4051 919 4105 subditas
943 4048 1076 4103 viris
1119 4047 1253 4111 suis,
1282 4045 1514 4115 hospitio
1560 4045 1820 4113 recipere,
1867 4054 2079 4099 saneto-

2158 458 2305 512 illam
2336 459 2690 530 respiciamus
2718 459 3109 530 captivitatem,
3138 476 3300 530 quam
3323 463 3564 518 Christus
3590 466 3724 519 venit

2159 545 2455 612 absolvere,
2500 549 2699 621 dequa
2742 549 2999 618 scriptum
3026 559 3107 605 est
3153 548 3286 621 (Ita.
3308 552 3443 621 ut),
3471 555 3650 608 venire
3677 564 3727 609 et

2162 635 2293 691 dare
2314 650 2437 690 eum
2464 638 2690 705 captivis
2715 638 3111 703 remissionem,
3141 638 3297 693 caecis
3323 639 3496 693 visum
3519 657 3534 694 :
3554 642 3610 695 in
3629 654 3726 710 qua

2160 725 2475 796 captivitate
2504 728 2825 782 videbantur
2851 744 2959 782 una
2985 736 3146 797 atque
3178 729 3368 784 eadem
3402 731 3605 785 ratione
3644 732 3725 786 isti

2159 829 2298 881 esse,
2323 817 2377 870 in
2415 832 2523 886 qua
2547 825 2603 872 et
2631 816 2828 872 Paulus
2849 825 2983 872 erat.
3017 819 3178 873 Verbi
3207 820 3350 873 enim
3379 820 3547 890 gratia
3571 821 3614 875 si
3655 821 3726 875 di-

2159 920 2373 960 camus:
2398 904 2531 959 Cum
2557 906 2797 974 captivus
2827 915 2967 961 esset
2990 908 3215 976 pepulus
3243 907 3408 962 Israel
3422 910 3560 979 apud
3571 909 3725 980 Assy-

2158 994 2271 1048 rios
2300 993 2385 1048 vel
2409 993 2754 1064 Babylonios,
2785 1010 2975 1051 omnes
3016 995 3230 1065 quidem
3274 998 3595 1054 videbantur
3614 1015 3728 1054 esse

2161 1083 2382 1152 captivi,
2413 1082 2509 1137 sed
2538 1083 2642 1137 alia
2673 1084 2810 1139 ratio
2838 1086 2893 1139 in
2922 1085 3133 1140 caeteris
3159 1087 3507 1155 captivitatis,
3555 1088 3652 1142 alia
3679 1090 3728 1144 in

2160 1172 2380 1228 Daniele
2407 1182 2460 1228 et
2485 1173 2694 1228 Anania
2721 1183 2882 1243 atque
2906 1175 3098 1230 Azaria
3126 1175 3210 1231 vel
3240 1175 3426 1232 Misael
3450 1177 3606 1248 (Dan.
3629 1180 3724 1248 tv):

2161 1260 2236 1314 illi
2272 1263 2416 1315 enim
2443 1262 2638 1331 captivi
2667 1271 2823 1317 erant
2840 1277 2938 1331 pro
2967 1264 3201 1332 peccatis
3220 1267 3355 1330 suis,
3384 1267 3472 1320 isti
3500 1281 3623 1321 vero
3639 1282 3731 1336 pro

2161 1350 2530 1405 consolatione
2555 1350 2892 1420 captivorum
2922 1361 3079 1406 erant
3100 1353 3264 1407 etiam
3293 1355 3394 1424 ipsi
3425 1356 3615 1424 captivi
3639 1373 3652 1420 ;
3681 1367 3730 1411 et

2161 1438 2282 1495 ideo
2311 1440 2354 1494 si
2384 1439 2588 1495 diceret
2609 1439 2796 1495 Daniel
2825 1441 2891 1495 de
2907 1440 3087 1510 aliquo
3114 1457 3222 1496 uno
3249 1458 3316 1497 ex
3346 1443 3518 1511 plebe,
3547 1458 3728 1498 conca-

2161 1530 2340 1598 ptivus
2363 1545 2536 1595 meus,
2565 1544 2671 1585 non
2700 1531 2774 1585 ita
2806 1533 3192 1587 convenienter
3217 1532 3324 1586 dici
3360 1533 3654 1596 videbatur,
3678 1544 3729 1587 ut

2164 1619 2210 1672 si
2236 1620 2438 1674 diceret
2457 1622 2523 1675 de
2549 1620 2754 1674 Anania
2797 1629 2850 1675 et
2877 1621 3070 1675 Azaria
3113 1631 3169 1674 et
3211 1622 3422 1687 Mizael,
3449 1624 3731 1692 concaptivi

2091 1708 2138 1768 B
2167 1705 2311 1762 mei:
2348 1710 2401 1763 in
2427 1710 2546 1764 istis
2581 1712 2724 1765 enim
2770 1727 2878 1764 una
2924 1710 3250 1781 captivitatis
3304 1721 3391 1766 est
3425 1714 3576 1777 ratio,
3625 1729 3732 1782 qua:

2167 1797 2322 1868 longe
2353 1813 2382 1852 a
2413 1799 2608 1867 reliqui
2662 1799 2840 1868 populi
2876 1799 3084 1853 ratione
3129 1799 3340 1855 diversa
3374 1812 3476 1855 est.
3519 1802 3590 1854 lta
3616 1816 3732 1871 ergo

2167 1896 2221 1942 et
2249 1889 2447 1944 Paulus
2481 1889 2587 1943 tale
2611 1889 2810 1959 aliquid
2845 1890 2912 1944 de
2938 1905 3017 1955 se,
3054 1899 3111 1944 et
3144 1891 3453 1946 Andronico
3483 1909 3542 1946 ac
3565 1892 3730 1958 Iunia,

2167 1979 2462 2032 secundum
2496 1979 2808 2035 occultioris
2852 1981 3179 2035 sacramenti
3205 1981 3422 2036 intuens
3465 1984 3730 2045 rationem,

2167 2070 2492 2138 concaptivos
2519 2083 2612 2123 eos
2643 2069 2745 2123 sibi
2798 2070 2852 2123 in
2904 2070 3008 2124 hoc
3039 2070 3238 2124 mundo
3269 2071 3530 2134 nominat,
3559 2080 3612 2124 et
3646 2088 3730 2123 ηο-

2169 2156 2294 2211 biles
2318 2157 2372 2210 in
2400 2157 2678 2226 apostolis.
2712 2156 2950 2211 Salutate
2982 2159 3322 2226 Ampliatum,
3353 2160 3731 2212 dilectissimum

2169 2245 2295 2298 mihi
2319 2245 2372 2298 in
2402 2245 2649 2299 Domino.
2684 2245 2918 2316 (Ambr.)
2968 2246 3120 2302 Hunc
3144 2248 3298 2316 quasi
3326 2248 3559 2301 amicum
3608 2246 3732 2300 salu-

2169 2340 2267 2397 tat,
2319 2334 2414 2388 sed
2443 2335 2499 2388 in
2530 2335 2757 2389 Domino
2802 2336 3059 2400 amicum,
3091 2351 3197 2388 non
3240 2345 3422 2390 tamen
3453 2337 3542 2404 qui
3589 2337 3734 2390 inter-

2172 2423 2338 2479 fuerit
2367 2426 2536 2480 labori
2564 2425 2680 2494 ejus
2712 2435 2805 2480 aut
2849 2426 3172 2496 captivitati.
3204 2425 3402 2495 (Orig.)
3431 2426 3526 2481 Cui
3565 2442 3734 2495 quam-

2172 2517 2252 2570 vis
2282 2517 2416 2570 nihil
2462 2519 2738 2588 egregium
2789 2532 2901 2586 prae
2949 2501 3159 2572 caeteris
3204 2518 3258 2571 in
3307 2517 3465 2572 laude
3512 2518 3735 2572 videatur

2173 2607 2470 2671 ascribere,
2503 2616 2684 2661 tamen
2738 2607 2842 2662 hoc
2890 2606 3006 2676 ipso
3043 2606 3184 2676 quod
3234 2606 3464 2661 dilectus
3491 2616 3574 2660 est
3613 2605 3735 2659 Pau-

2173 2697 2246 2763 lo,
2276 2697 2560 2751 laudabilis
2602 2705 2656 2751 et
2682 2697 3005 2751 salutatione
3049 2696 3240 2765 dignus
3271 2693 3538 2750 'efiicitur.
3589 2694 3733 2748 Sala-

2174 2798 2278 2841 tate
2337 2785 2608 2840 Urbanum
2649 2826 2664 2851 ,
2721 2786 3014 2854 adjutorem
3065 2801 3236 2838 meum
3300 2786 3354 2836 in
3413 2783 3647 2845 Christo,
3694 2792 3735 2835 et

2178 2879 2413 2948 Stachyn
2467 2877 2711 2931 dilectum
2771 2891 2962 2929 meum.
3013 2874 3081 2928 Et
3139 2874 3272 2928 istos
3327 2872 3382 2926 in
3440 2872 3737 2926 salutatione

2176 2969 2488 3040 conjungit,
2558 2969 2652 3023 sed
2723 2966 2997 3022 Urbanum
3063 2965 3117 3019 in
3169 2965 3415 3019 laudibus
3479 2964 3734 3033 praetulit:

2176 3062 2326 3116 illum
2376 3060 2520 3114 enim
2571 3055 2873 3126 adjutorem
2935 3056 2990 3110 in
3039 3053 3288 3119 Christo,
3346 3053 3583 3123 Stachyn
3625 3066 3739 3106 vero

2174 3151 2424 3205 dilectum
2482 3146 2849 3200 tantummodo
2907 3144 3032 3208 sibi,
3096 3144 3238 3198 sicut
3279 3142 3603 3211 Ampliatum
3657 3157 3737 3196 no-

2174 3238 2428 3302 minavit;
2455 3233 2668 3303 adjutor
2694 3243 2874 3289 autem
2893 3232 3136 3303 Apostoli
3161 3231 3217 3287 in
3245 3232 3464 3287 Christo
3489 3246 3591 3284 non
3613 3228 3737 3282 aliud

2174 3327 2490 3398 intelligitur
2520 3341 2686 3394 quam
2735 3323 3014 3394 apostolici
3049 3322 3231 3392 operis
3268 3321 3560 3391 particeps.
3601 3317 3737 3372 Salu-

2175 3428 2280 3473 tate
2324 3416 2555 3488 Apellem
2596 3415 2816 3485 probum
2844 3415 2900 3468 in
2926 3411 3152 3467 Christo.
3190 3411 3329 3466 Puto
3357 3411 3502 3465 hunc
3525 3407 3740 3478 Apelletn

2173 3524 2272 3578 per
2302 3507 2500 3562 multas
2527 3503 2897 3559 tribulationes
2924 3501 3186 3557 transisse
3203 3501 3494 3571 patienter,
3527 3507 3580 3553 et
3605 3498 3739 3551 forti-

2176 3605 2259 3652 ter
2301 3594 2636 3658 sustinuisse,
2683 3601 2738 3647 et
2782 3592 2904 3647 ideo
2947 3591 3351 3662 pronuntiatum
3397 3590 3465 3642 ab
3513 3587 3743 3657 Apostolo

2174 3689 2394 3759 probum
2417 3727 2431 3752 ,
2464 3685 2754 3740 secundum
2783 3697 2847 3737 ea
2877 3696 2995 3750 quae
3025 3681 3139 3750 ipse
3168 3681 3224 3735 in
3253 3680 3375 3733 aliis
3412 3679 3552 3733 dixit
3587 3677 3738 3749 (Rom.

2174 3784 2230 3849 v)
2260 3795 2272 3830 :
2303 3777 2427 3847 quia
2453 3772 2718 3826 tribulatio
2742 3771 3044 3841 patientiam
3073 3778 3339 3838 operatur,
3367 3768 3617 3838 patientia
3637 3780 3735 3818 vero

2175 3867 2550 3938 probationem,
2571 3862 2807 3934 probatio
2829 3878 2947 3916 vero
2964 3877 3123 3930 spem.
3173 3858 3470 3914 Videndum
3497 3872 3622 3912 sane
3643 3866 3733 3918 est,

2178 3974 2245 4013 ne
2293 3956 2432 4012 forte
2474 3957 2588 4024 ipse
2629 3955 2700 4010 sit
2738 3954 2828 4008 hic
2876 3953 2969 4023 qui
3009 3953 3064 4006 in
3117 3950 3342 4005 Actibus
3406 3949 3740 4018 apostolorum

2177 4050 2368 4120 Apollo
2395 4049 2723 4109 nominatur,
2748 4044 3165 4107 Alexandrinus,
3188 4043 3240 4095 in
3264 4041 3565 4111 Scripturis
3585 4039 3738 4094 cnidi-

493 4157 613 4196 rum
661 4140 822 4209 pedes
864 4139 1069 4204 lavare,
1099 4145 1373 4191 etcaitera
1418 4135 1598 4192 omnia
1645 4149 1764 4202 quae
1792 4135 1859 4198 de
1885 4131 2078 4188 ciliciis

495 4233 783 4287 mulierum
832 4231 1032 4299 scripta
1063 4228 1393 4291 referuntur,
1426 4227 1481 4279 in
1507 4225 1654 4280 omni
1682 4240 1878 4295 genere
1915 4224 2079 4277 casti-

491 4325 641 4379 tatis.
675 4321 914 4377 Salutate
933 4319 1290 4373 Andronicum
1309 4326 1355 4370 et
1379 4317 1596 4372 Iuniam
1617 4324 1864 4386 cognatos
1889 4326 1934 4368 et
1960 4329 2081 4366 con-
2110 4377 2153 4388 ⁸
2184 4323 2372 4378 “uitur
2395 4361 2409 4386 ,
2451 4322 2588 4376 istos
2616 4319 2708 4388 qui
2754 4325 2880 4372 sunt
2906 4315 2991 4369 vel
3031 4315 3097 4370 de
3123 4315 3303 4376 domo,
3333 4312 3419 4366 vel
3457 4312 3527 4366 de
3568 4310 3741 4364 familia

499 4415 725 4486 captivos
767 4429 927 4478 meos,
977 4411 1068 4482 qui
1115 4419 1236 4463 sunt
1291 4407 1486 4460 nobiles
1517 4409 1572 4459 in
1615 4406 1886 4475 apostolis,
1915 4406 2004 4474 qui
2032 4416 2071 4457 et

2184 4411 2499 4473 Aristobuii,
2527 4425 2631 4463 non
2660 4407 2862 4461 frustra
2885 4420 3060 4473 neque
3081 4404 3326 4467 dilectos,
3349 4416 3530 4470 neque
3554 4401 3740 4470 probos,

499 4515 619 4560 ante
651 4505 859 4572 fuerunt
915 4502 972 4554 in
1017 4499 1244 4553 Chrile-
1297 4495 1530 4569 (Ambit)
1581 4495 1690 4551 H05
1741 4503 1998 4565 cognatos
2031 4504 2087 4547 et
2188 4515 2362 4570 neque
2383 4497 2658 4567 adjutores
2687 4497 2740 4550 in
2785 4495 3002 4550 Christo
3031 4493 3296 4557 nominat,
3329 4491 3425 4545 sed
3456 4489 3602 4544 forte
3640 4488 3741 4556 quia

490 4594 646 4664 juxta
693 4607 931 4655 carnem,
981 4599 1034 4644 cl
1090 4589 1386 4644 secundum
1425 4587 1692 4656 Spiritum.
1719 4586 1990 4654 quomodo
2033 4594 2088 4639 et
2188 4591 2326 4646 nihil
2375 4588 2484 4644 tale
2531 4588 2799 4642 habebant
2828 4586 2881 4639 in
2915 4584 3144 4649 meritis,
3188 4582 3390 4636 idcirco
3431 4595 3530 4635 eos
3565 4579 3666 4634 solo
3691 4577 3742 4631 ti-

2178 4148 2286 4193 tus.
2319 4138 2557 4194 Salutate
2578 4153 2662 4189 eos
2676 4135 2763 4204 qui
2779 4143 2899 4188 sunt
2921 4148 2985 4186 ea:
2997 4131 3281 4186 Aristobuli
3302 4130 3480 4184 domo.
3507 4129 3740 4196 Quoniam

2179 4231 2315 4285 nihil
2342 4230 2514 4285 otiose
2546 4230 2599 4282 in
2628 4227 2822 4281 litteris
2849 4222 3115 4294 Apostoli,
3145 4221 3232 4276 vel
3259 4221 3475 4274 additur
3498 4261 3513 4285 ,
3545 4220 3624 4273 vel
3652 4217 3738 4271 mi-

500 4684 720 4755 angelus
748 4683 883 4738 dixit
920 4681 988 4736 ad
1013 4679 1272 4734 Mariam:
1307 4677 1377 4731 Et
1410 4693 1525 4731 ecce
1561 4677 1831 4730 Elisabeth
1864 4685 2086 4746 cognata

502 4786 615 4843 tua,
636 4784 691 4830 ct
713 4782 932 4838 caetera,
963 4787 1098 4842 quos
1123 4772 1288 4826 etiam
1319 4768 1577 4838 apostolis
1621 4768 1895 4836 prioribus
1937 4769 2090 4822 obse—

503 4874 659 4922 cutos
684 4881 807 4920 cum
839 4863 1146 4918 testimonio
1191 4861 1273 4915 sui
1319 4861 1576 4923 declarat,
1608 4867 1662 4913 et
1705 4873 1890 4913 secum
1922 4859 2091 4927 capti-

507 4960 730 5012 vitatem
758 4971 945 5026 passos
973 4954 1096 5010 fidei
1125 4968 1309 5016 causa,
1344 4953 1571 5020 ideoque
1603 4951 1735 5005 istos
1763 4951 1972 5020 plenius
1997 4953 2093 5004 ho-

507 5047 797 5103 norandos.
834 5042 1030 5116 (Oi-ig.)
1073 5043 1149 5096 De
1200 5043 1394 5112 quibus
1443 5039 1699 5110 possibile
1745 5049 1847 5105 est,
1880 5048 1934 5094 et
1962 5040 2090 5094 illud

511 5141 756 5210 intelligi,
781 5139 921 5207 quod
973 5137 1219 5192 fortassis
1260 5151 1323 5190 ex
1371 5135 1474 5190 illis
1505 5134 1842 5204 septuaginta
1887 5128 2094 5186 duobus

508 5233 604 5304 qui
631 5240 687 5286 et
727 5231 825 5300 ipsi
855 5229 1077 5299 apostoli
1131 5228 1392 5283 nominati
1435 5234 1560 5280 sunt
1607 5225 1830 5303 fuerint,
1873 5231 1927 5278 et
1969 5222 2090 5278 ideo

513 5323 720 5379 nobiles
747 5336 839 5377 eos
868 5322 922 5375 in
951 5319 1206 5390 apostolis
1244 5320 1408 5383 dicat,
1429 5327 1484 5373 et
1508 5317 1563 5372 in
1599 5318 1688 5371 his
1706 5315 1962 5385 apostolis
2000 5313 2091 5382 qui

512 5420 639 5468 ante
676 5426 798 5466 eum
827 5410 1063 5464 fuerunt.
1097 5407 1202 5462 Sed
1231 5417 1285 5461 ct
1314 5408 1443 5462 illud
1481 5423 1567 5461 me
1597 5413 1775 5459 movet
1829 5404 1968 5474 quod
1997 5403 2088 5466 ait,

512 5501 837 5571 concaptivos
867 5516 1005 5554 meos
1027 5513 1044 5550 :
1068 5514 1186 5567 quae
1215 5499 1356 5551 enim
1393 5505 1510 5551 erat
1533 5495 1682 5549 Pauli
1713 5495 2014 5563 captivitas,
2039 5492 2093 5546 in

511 5605 622 5663 qua
650 5592 751 5647 sibi
793 5591 953 5647 etiam
984 5588 1350 5647 Andronicum
1398 5596 1451 5640 ct
1492 5585 1706 5642 Juniam
1753 5583 2095 5653 concaptivos

2191 4681 2305 4736 tulo
2331 4677 2672 4735 salutationis
2707 4674 3014 4730 honoravit.
3049 4670 3276 4741 (Ambr.)
3301 4669 3638 4724 Aristobulus
3661 4669 3743 4721 iste

2191 4778 2546 4843 congregator
2596 4766 2761 4822 fuisse
2786 4752 3122 4833 intelligitur
3147 4761 3377 4815 fratrum
3419 4761 3472 4813 in
3512 4758 3738 4818 Christo,

2193 4861 2344 4928 cujus
2376 4861 2576 4912 factum
2613 4857 2689 4911 sic
2735 4856 2949 4924 probat,
3001 4859 3059 4903 ut
3083 4864 3175 4904 eos
3214 4863 3348 4918 quos
3377 4847 3741 4917 congregabat,

2193 4951 2383 5018 dignos
2431 4946 2754 5001 salutatione
2782 4957 2878 4995 sua
2916 4940 3178 5009 designet.
3220 4936 3461 4992 Salutate
3507 4935 3741 4989 Herodia-

2193 5055 2308 5094 nem
2353 5045 2627 5108 cognatum
2676 5048 2865 5087 meum.
2911 5029 3107 5101 (Orig.)
3151 5028 3219 5082 Et
3264 5028 3377 5092 hic,
3427 5027 3671 5081 similiter
3699 5032 3746 5076 ut

2192 5127 2532 5183 Andronicus
2555 5133 2606 5180 et
2624 5122 2800 5187 Junia,
2819 5128 3077 5190 cognatus
3102 5117 3249 5172 Pauli
3277 5117 3477 5171 dicitur
3507 5134 3521 5168 :
3551 5115 3642 5170 sed
3665 5127 3744 5167 ne-

2195 5235 2299 5290 que
2331 5216 2679 5286 concaptivus
2720 5213 2799 5268 uti
2846 5210 2945 5274 illi,
2975 5223 3150 5277 neque
3178 5205 3372 5260 nobilis
3402 5206 3455 5258 in
3491 5202 3744 5274 apostolis,

2196 5310 2251 5364 in
2278 5309 2361 5362 his
2380 5307 2471 5377 qui
2492 5313 2616 5360 ante
2634 5302 2860 5357 Paulum
2887 5298 3100 5353 fuerunt
3120 5296 3173 5349 in
3188 5294 3424 5358 Christo,
3442 5293 3743 5346 nominatur.

2200 5399 2353 5455 Unde
2391 5393 2790 5465 intelligendum
2820 5398 2904 5444 est
2941 5388 3100 5442 etiam
3134 5388 3185 5439 in
3222 5383 3308 5438 his
3338 5399 3478 5452 quos
3518 5391 3747 5450 cognatos

2200 5505 2326 5546 suos
2348 5487 2544 5543 Paulus
2579 5481 2846 5553 appellat,
2891 5493 3010 5533 esse
3032 5475 3256 5530 multam
3295 5471 3652 5527 differentiam
3684 5479 3748 5520 se.

2202 5579 2434 5636 cundum
2471 5576 2638 5641 illam,
2672 5582 2730 5628 ut
2768 5584 2868 5640 ego
2896 5567 3153 5634 arbitror,
3181 5562 3473 5629 rationem,
3496 5572 3653 5630 quam
3679 5566 3746 5611 su-
