3948 6316
494 369 626 425 1611

1038 407 1043 413 η
1131 372 1192 427 Β.
1233 372 1487 444 RABANI
1524 356 2093 430 MAURIA'ARCHIEP.
2137 372 2444 433 MOGUNT.
2485 376 2770 437 OPERUM
2805 370 2986 438 PARS
3020 382 3106 438 ιιι.

3611 381 3742 442 1613

490 484 597 540 sio
639 484 760 541 loco
792 483 987 549 dicitur
1012 502 1025 538 :
1069 485 1305 550 Quorum
1343 486 1483 542 Deus
1509 498 1682 542 venter
1705 499 1800 543 est.
1832 487 2066 560 (Δαῶν.)
2095 496 2146 556 Α
2170 490 2504 559 obedientes,
2527 501 2711 549 certus
2732 494 2876 564 quod
2896 509 3023 550 cum
3040 495 3285 554 docuerit
3303 511 3399 554 eos
3419 511 3529 553 non
3548 496 3745 570 vulgari

488 571 567 629 De
593 571 841 643 personis
868 573 1011 634 enim
1040 573 1170 638 dicit
1197 575 1791 647 pseudoapostolorum,
1840 593 1975 647 quos
2013 578 2067 633 in

488 670 601 719 tota
625 661 850 732 epistola
887 662 1096 717 monuit
1134 666 1435 731 cavendos,
1480 666 1621 720 sicut
1663 676 1717 722 et
1764 683 1905 723 nunc
1928 708 1942 734 ,
1973 669 2069 724 sed

484 753 605 809 sine
630 752 1063 809 manifestatione
1107 757 1446 812 traditionem
1485 772 1671 813 eorum
1706 760 2063 829 compressit:

483 843 541 897 hi
566 843 709 897 enim
738 844 1003 913 cogebant
1029 846 1315 901 credentes
1335 846 1634 916 judaizare,
1660 857 1722 903 ut
1747 849 2067 906 beneﬁcium

481 932 628 987 circa
658 931 839 1001 seDei
860 932 1165 1000 inanirent,
1193 936 1335 991 sicut
1369 952 1533 1007 supra
1563 932 1878 996 memoravi.
1907 940 2067 996 Com-

480 1020 674 1092 positis
696 1022 840 1077 enim
869 1024 1194 1096 genealogis:
1214 1026 1394 1082 verbis
1422 1036 1684 1084 tractatus
1718 1031 1816 1086 sibi
1842 1041 2064 1102 coapta-

480 1113 611 1168 bant
642 1111 712 1168 ad
736 1113 1261 1191 commendationem
1301 1117 1608 1173 traditionis
1634 1133 1777 1185 suae,
1803 1136 1905 1191 per
1929 1136 2066 1190 quos

476 1200 804 1272 simplicium
830 1205 996 1281 corda
1026 1206 1355 1285 deciperent.
1394 1207 1414 1279 (
1430 1207 1613 1279 Orig.)
1645 1210 1771 1266 llaec
1797 1223 1854 1266 et
1878 1213 1945 1266 ad
1972 1227 2067 1268 eos

477 1299 571 1369 qui
595 1299 842 1357 ecclesiis
863 1309 1125 1370 prmsunt,
1149 1311 1203 1356 et
1223 1302 1290 1357 ad
1314 1318 1502 1359 omnes
1527 1306 1813 1360 credentes
1833 1320 1930 1375 per
1951 1304 2069 1376 Spi-

478 1389 645 1444 ritum
667 1400 914 1458 sanctum
940 1386 1182 1446 scribere
1210 1392 1511 1449 credendus
1537 1402 1621 1449 est
1653 1393 1873 1459 Paulus,
1901 1404 1960 1449 ut
1987 1394 2068 1448 di-

476 1481 729 1554 ligentius
751 1482 1106 1549 confiderent,
1129 1492 1184 1541 et
1206 1487 1557 1556 perspiciunt,
1585 1487 1678 1555 qui
1701 1488 1810 1542 sint
1837 1486 1931 1555 qui
1959 1486 2069 1540 dis-

475 1575 757 1630 sensiones
778 1583 834 1629 et
852 1572 1176 1631 offendicula
1198 1575 1252 1628 in
1273 1572 1816 1645 ecclesiisgenerent,
1832 1584 1886 1629 et
1908 1556 2081 1639 alieni

475 1666 585 1721 sint
611 1666 681 1720 ab
701 1666 790 1720 illa
817 1666 1177 1733 beatitudine,
1200 1681 1360 1735 quam
1382 1666 1524 1722 Deus
1551 1668 1894 1737 promiserat.
1914 1670 2066 1725 Beati

473 1755 707 1825 paciﬁci,
731 1757 984 1825 quoniam
1012 1756 1113 1826 ipsi
1136 1756 1231 1829 lilii
1257 1756 1349 1812 Dei
1370 1758 1706 1816 vocabuntur
1736 1759 1949 1829 (Matth.
1977 1762 2060 1837 v);

2171 581 2475 637 obedientia
2520 598 2681 653 quam
2723 586 2937 641 incaute
2964 587 3216 644 omnibus
3255 590 3507 659 praebent
3540 588 3622 644 uti
3660 589 3747 646 ds-

2169 668 2337 725 bere:
2376 672 2473 727 sed
2497 672 2586 728 illa
2613 674 2730 729 sola
2772 689 2878 729 oua
2913 675 3135 741 obedire
3174 687 3389 745 oportet
3427 679 3541 735 Deo
3582 680 3749 752 magis

2169 771 2331 827 quam
2360 758 2687 827 hominibus,
2716 762 2919 819 relictis
2943 765 3183 833 caeteris,
3222 764 3339 832 ipsa
3367 766 3483 823 sola
3510 774 3744 822 utantur.

2168 846 2304 901 Nam
2332 857 2388 903 et
2416 863 2601 905 revera
2637 866 2743 906 non
2778 862 2863 908 est
2895 846 3077 923 parva:
3116 854 3480 922 discretionis,
3508 850 3608 913 sed
3632 871 3749 927 pro-

2168 938 2362 995 babilis
2404 947 2461 994 et
2522 934 2961 1015 exercitatissimi
2993 944 3220 1014 iudicii,
3267 938 3417 1004 scim
3456 949 3548 1003 cui
3590 949 3750 1005 verbo

2168 1027 2322 1082 cuive
2348 1029 2497 1097 operi
2524 1029 2882 1087 obediendum
2902 1034 2992 1099 sit,
3012 1042 3068 1089 et
3094 1036 3183 1091 cui
3208 1037 3575 1098 renitenlu‘m.
3599 1028 3753 1093 Deni-

2167 1131 2274 1187 que
2301 1118 2415 1187 ipse
2450 1118 2710 1177 Dominus
2735 1122 2789 1176 in
2814 1110 3107 1194 Evangelia
3138 1126 3305 1180 dicit:
3328 1127 3596 1182 Attendite
3617 1129 3751 1183 vobis

2168 1206 2233 1260 ab
2257 1206 2358 1274 his,
2376 1204 2471 1276 ’qut'
2492 1209 2703 1263 ueniunt
2729 1211 2798 1264 ad
2821 1227 2913 1265 vos
2935 1212 2990 1266 in
3015 1213 3328 1269 vestimentis
3350 1216 3548 1282 ovium
3570 1216 3753 1272 intrin-

2167 1312 2313 1379 secus
2349 1308 2523 1351 autem
2551 1308 2671 1354 sunt
2708 1300 2817 1372 lupi
2858 1317 3073 1373 rapaces
3098 1298 3324 1375 (Matth.
3353 1303 3503 1376 vn);
3530 1314 3602 1384 ,ει
3636 1305 3751 1361 ideo

2171 1376 2393 1454 vigilans
2422 1400 2635 1454 sensus,
2657 1396 2717 1443 et
2740 1389 2947 1445 intenta
2976 1406 3130 1446 mens
3151 1392 3469 1462 requiritur,
3496 1376 3732 1464 (inepto

2168 1473 2299 1528 hare
2330 1476 2559 1542 noverit,
2588 1477 2673 1533 vel
2700 1480 2820 1535 ovis
2844 1481 2897 1535 in
2913 1482 3202 1553 prepatulo
3222 1478 3652 1554 simplicitatem,
3673 1484 3752 1540 vel

2168 1565 2278 1635 lupi
2323 1566 2584 1623 latentem
2624 1571 2997 1639 rapacitatem.
3033 1571 3187 1629 Unde
3215 1574 3338 1629 vide
3364 1574 3494 1643 quia
3524 1573 3753 1644 proximi

2168 1657 2423 1726 periculis
2453 1658 2585 1714 fiant
2617 1660 2696 1727 bi,
2726 1663 2820 1732 qui
2850 1665 3093 1719 exerceri
3122 1665 3176 1719 in
3202 1665 3399 1723 divinis
3430 1665 3631 1729 litteris
3659 1680 3753 1722 ne-

2167 1747 2394 1819 gligunt,
2441 1765 2511 1807 ex
2559 1751 2757 1821 quibus
2806 1755 2938 1810 solis
2983 1755 3292 1825 huiusmodi
3339 1759 3756 1821 examinationi!

473 1842 766 1911 hocenim,
784 1845 1056 1915 inquit,ut
1075 1845 1286 1916 paciﬁci
1311 1847 1452 1911 sitis,
1469 1862 1499 1902 a
1528 1849 1758 1904 Domino
1778 1865 1873 1919 per
1892 1832 2066 1903 Evan-
2095 1840 2141 1901 Β
2169 1842 2508 1923 agnoscenda
2537 1842 2792 1900 discretio
2817 1854 2920 1900 ϐει-
2950 1845 3219 1921 0011“an
3240 1864 3367 1921 ergo
3387 1850 3445 1905 in
3461 1832 3626 1907 ¹1ὶίπέίῆ
3643 1864 3756 1923 ερο-

473 1934 673 2007 gelium
709 1934 977 1990 didicistis
1000 1952 1015 2002 ;
1042 1936 1406 1993 dissensiones
1444 1953 1572 1993 vero
1603 1954 1945 1996 commovere
1982 1939 2067 1995 vel

474 2023 754 2089 scandala,
786 2033 983 2094 prteter
1011 2026 1311 2082 doctrinam
1340 2035 1444 2094 est,
1466 2043 1631 2098 quam
1651 2043 1746 2083 vos
1774 2029 2062 2095 didicistis,

475 2124 529 2170 et
560 2114 680 2170 ideo
709 2115 914 2171 alienus
943 2116 1096 2171 vobis
1122 2117 1213 2182 sit,
1239 2132 1339 2171 nec
1357 2119 1577 2174 omnino
1604 2119 1896 2189 recipiatur
1926 2120 2068 2174 inter

474 2219 593 2269 vos,
623 2206 716 2275 qui
753 2206 1049 2260 certamina
1081 2214 1406 2271 commovet,
1436 2208 1529 2277 qui
1568 2208 1701 2263 serit
1731 2208 1909 2285 iurgia
1928 2249 1943 2274 ,
1970 2208 2067 2285 qui

475 2294 601 2351 lites
627 2295 851 2363 excitat,
875 2304 928 2351 et
955 2295 1134 2349 studia
1156 2296 1517 2351 contentionis
1536 2305 1751 2353 exercet
1771 2298 1898 2368 :qui
1920 2298 2064 2353 enim

477 2384 614 2441 tales
637 2393 763 2440 sunt
783 2385 1001 2441 Christo
1023 2385 1248 2441 Domino
1269 2394 1476 2452 nostro,
1503 2384 1594 2456 qui
1622 2396 1703 2443 est
1729 2404 1830 2458 pax
1855 2398 2064 2451 nostra,

476 2489 585 2530 non
614 2476 876 2541 serviunt,
907 2466 1015 2531 sed»
1035 2490 1134 2530 suo
1166 2476 1362 2530 ventri.
1405 2475 1514 2532 Sed
1546 2485 1603 2531 et
1636 2478 1765 2546 quid
1793 2492 1968 2532 causae
1994 2478 2067 2530 sit

475 2551 602 2636 quia
628 2556 806 2638 jurgia
834 2566 887 2621 in
913 2566 1172 2622 Ecclesiis
1211 2568 1541 2623 suscitantur
1582 2576 1637 2624 et
1680 2568 1837 2635 lites,
1884 2569 2066 2624 divino

477 2658 672 2728 spiritu
705 2658 990 2713 instinctus
1016 2644 1209 2729 aperit,
1240 2660 1451 2725 ventris,
1492 2660 1694 2729 inquit,
1725 2661 1929 2731 gratia,
1962 2660 2066 2714 hcc

476 2758 582 2814 est,
623 2756 861 2817 quaestus
896 2757 948 2803 et
989 2736 1317 2818 cupiditatis.
1362 2749 1491 2804 lude
1516 2760 1601 2805 est
1641 2751 1782 2805 unde
1823 2747 2064 2804 nonnulli

475 2836 820 2892 circumeunt
845 2839 1034 2893 domos
1072 2838 1353 2907 loquentes
1391 2838 1456 2892 ad
1492 2838 1743 2909 gratiam,
1768 2854 1890 2894 cum
1918 2840 2066 2894 omni

470 2918 806 2995 adulatione,
832 2936 888 2983 et
912 2930 1242 2998 deceptione,
1275 2945 1382 2984 non
1412 2940 1471 2984 ut
1501 2932 1554 2986 in
1582 2932 1746 2986 verbo
1778 2931 1873 2994 Dei
1898 2932 2067 2987 rediti-

476 3026 601 3075 cent
629 3019 841 3098 animas
864 3018 933 3073 ad
961 3019 1254 3086 virtutem,
1303 3020 1397 3075 sed
1434 3029 1494 3075 ut
1533 3021 1852 3077 adulatoriis
1891 3021 2064 3078 dulci-

474 3109 687 3182 busque
729 3111 1071 3189 sermonibus
1096 3115 1440 3181 permanere,
1479 3112 1565 3168 vel
1608 3114 1773 3167 etiam
1801 3116 2066 3184 prolicere

2166 1927 2623 1999 ciempropositze
2646 1934 3008 2013 distinctionis
3042 1939 3298 2004 ostendit,
3332 1949 3393 1994 et
3436 1939 3595 2005 dicit,
3622 1954 3754 2010 quo-

2167 2017 2314 2073 niam
2344 2020 2561 2089 quidem
2587 2021 2765 2080 facilis
2793 2034 2848 2080 et
2872 2026 3161 2106 indiscreta
3189 2038 3272 2085 est
3297 2038 3483 2085 vestra
3502 2030 3756 2106 obedien-

2166 2111 2263 2176 tia,
2305 2111 2537 2181 accipite
2583 2115 2729 2183 quod
2765 2102 3010 2183 servare,
3054 2117 3200 2186 quod
3239 2132 3434 2175 cavere
3478 2102 3752 2177 debeatis:

2166 2200 2312 2266 volo,
2344 2202 2535 2271 inquit,
2562 2218 2659 2261 vos
2681 2206 2953 2279 sapientes
2982 2221 3104 2263 esse
3127 2208 3183 2261 in
3210 2208 3372 2275 bono,
3402 2217 3461 2264 et
3487 2208 3753 2280 simplica

2165 2289 2222 2344 in
2246 2291 2407 2371 malo.
2432 2292 2619 2350 Simile
2640 2303 2723 2351 est
2743 2295 2818 2349 illi
2845 2297 3005 2359 dicto,
3039 2290 3184 2365 quod
3206 2296 3271 2351 ad
3297 2288 3616 2353 Corinthios
3636 2298 3754 2353 seri.

2164 2381 2266 2447 bit,
2293 2382 2516 2439 dicens:
2559 2385 2772 2440 Malitia
2816 2386 3021 2457 paruuli
3058 2396 3254 2453 estote,
3290 2397 3348 2442 ut
3374 2389 3622 2443 sensibus
3647 2404 3755 2458 per-

2166 2470 2288 2539 fecti
2314 2472 2429 2527 sitis
2454 2470 2506 2544 (1
2537 2470 2660 2527 Cor.
2692 2471 2825 2545 xiv).
2886 2472 2993 2539 Sed
3036 2484 3092 2528 et
3138 2473 3267 2529 illud
3314 2476 3462 2545 quod
3499 2474 3756 2530 Dominus

2165 2545 2261 2627 ait,
2287 2561 2411 2633 quia
2438 2561 2540 2631 ﬁlii
2563 2560 2721 2633 hujus
2745 2562 2927 2617 seculi
2946 2563 3311 2632 prudentiores
3335 2574 3459 2618 sunt
3478 2582 3637 2637 quam
3660 2563 3753 2635 ﬁlii

2166 2650 2297 2705 lucis
2334 2640 2389 2706 in
2417 2642 2761 2723 generatione.
2786 2670 2885 2708 sua
2926 2653 3081 2724 (Luc.
3129 2654 3266 2727 XVI).
3319 2655 3458 2711 Huic
3505 2655 3753 2711 convenit

2166 2742 2341 2807 dicto,
2380 2742 2474 2796 lilii
2516 2743 2663 2798 enim
2708 2730 2889 2799 smculi
2917 2741 3077 2811 hujus
3112 2744 3493 2814 prudentiores
3534 2752 3663 2799 sunt
3702 2742 3752 2799 in

2165 2820 2392 2899 malitia,
2426 2848 2525 2906 pro
2570 2848 2636 2891 eo
2677 2834 2822 2904 quod
2865 2849 3079 2903 semper
3107 2834 3312 2904 aliquid
3350 2833 3675 2904 profundius
3700 2843 3753 2889 et

2166 2924 2418 2979 subtilius
2444 2924 2724 2981 inveniunt
2764 2923 2821 2980 in
2856 2940 2949 3001 ea,
2980 2924 3125 2979 unde
3150 2923 3271 2994 plus
3294 2934 3555 3000 noceant,
3585 2935 3643 2982 et
3667 2936 3749 2980 ve

2134 3015 2476 3085 'hementius
2506 3004 2739 3070 laedant:
2781 3015 2839 3070 in
2866 3015 3008 3070 bono
3036 3023 3217 3069 autem
3259 3014 3412 3070 stulti
3456 3015 3620 3080 sunt,
3664 3012 3748 3069 vis

2166 3105 2312 3163 enim
2335 3106 2616 3162 inveniunt
2640 3104 2783 3166 unde
2812 3104 3098 3176 proﬁciant
3122 3105 3177 3159 in
3201 3105 3344 3167 bono
3365 3096 3395 3158 ε’
3416 3118 3450 3159 e
3479 3103 3748 3161 contrario

473 3211 572 3256 eas
599 3186 886 3256 hortentur
914 3200 968 3256 in
990 3200 1157 3270 vitiis,
1189 3201 1469 3259 laudantes
1490 3211 1544 3258 et
1573 3204 1711 3259 bona
1736 3205 1977 3261 dicentes
2000 3220 2064 3261 ea

2168 3211 2297 3253 vero
2321 3195 2519 3252 Paulus
2542 3186 2660 3252 vult
2685 3210 2785 3252 nos
2811 3196 3083 3266 sapientes
3109 3210 3229 3252 esse
3250 3196 3305 3251 in
3322 3197 3501 3270 bono,
3525 3196 3631 3253 hoc
3650 3206 3745 3262 est,

477 3304 600 3359 qua:
629 3290 970 3365 correptione
998 3292 1157 3371 digna
1187 3302 1329 3358 sunt,
1349 3304 1595 3362 ponentes
1619 3293 1783 3349 lucem
1807 3296 2063 3363 tenebras,

476 3391 525 3437 et
555 3383 794 3437 tenebras
822 3382 1021 3449 lucem,
1069 3383 1222 3439 dulce
1263 3379 1523 3451 amarum,
1564 3395 1614 3441 et
1643 3404 1884 3442 amarum
1913 3388 2066 3444 dulce

470 3472 617 3545 (ha.
643 3472 722 3543 v),
769 3482 824 3528 et
852 3474 907 3529 in
948 3474 1035 3529 his
1081 3475 1345 3530 seducunt
1370 3476 1533 3531 corda
1563 3476 1971 3544 innocentium;
2010 3487 2066 3533 et

476 3563 599 3617 ideo
626 3562 912 3632 diligenter
954 3570 1167 3633 oportet
1194 3564 1503 3633 intendere,
1548 3580 1655 3636 quo
1681 3565 1876 3624 affectu
1909 3568 2066 3641 [pro-

477 3650 686 3724 spectu]
719 3652 1037 3719 doceatille,
1059 3654 1149 3722 qui
1167 3645 1342 3721 docet,
1366 3661 1547 3709 utrum
1570 3658 1799 3726 gratiam
1812 3665 1867 3711 et
1897 3658 2066 3713 hono-

476 3758 591 3798 rem
623 3744 691 3798 ab
718 3742 1057 3798 auditoribus
1083 3757 1354 3813 qmerens,
1380 3759 1448 3798 an
1475 3746 1778 3801 mercedem
1818 3762 1849 3801 a
1883 3748 2066 3802 Domi-

475 3849 549 3889 no
573 3849 673 3905 pro
698 3834 1055 3890 instructione
1081 3844 1137 3890 et
1160 3836 1408 3905 profectu
1458 3836 1783 3892 discentium
1816 3851 2060 3908 sperans.

558 3926 741 3987 Vestra
770 3928 908 3981 enim
936 3927 1228 3982 obedientia
1268 3928 1324 3980 in
1366 3943 1570 3984 omnem
1599 3927 1771 3982 locum
1794 3928 2065 3999 divulgata

478 4026 551 4070 est
576 4030 594 4068 :
624 4017 826 4085 gaudeo
852 4018 1012 4087 igitur
1030 4018 1094 4071 in
1116 4017 1254 4070 vobis
1274 4057 1287 4079 ,
1330 4026 1378 4071 et
1404 4016 1518 4071 volo
1547 4034 1635 4072 vos
1660 4019 1917 4088 sapientes
1955 4033 2066 4077 esse

479 4102 533 4160 in
557 4107 687 4160 bona
716 4115 765 4161 et
788 4106 1049 4175 simplices
1078 4108 1131 4161 in
1164 4108 1325 4175 malo.
1362 4106 1581 4178 (0rig.)
1630 4106 1910 4163 Subtiliter
1935 4122 2065 4163 sane

478 4199 677 4254 Paulus
709 4198 1058 4253 indiscretam
1090 4208 1145 4253 et
1168 4198 1380 4253 facilem
1406 4197 1773 4253 Romanorum
1804 4198 2063 4254 obedien-

480 4289 611 4343 tiam
640 4296 814 4354 notat,
838 4290 1280 4359 eamqueasserit
1306 4290 1505 4359 ubique
1526 4300 1632 4344 non
1656 4289 1951 4354 laudatam,
1969 4289 2063 4344 sed

478 4381 884 4451 pervulgatam:
909 4382 1002 4435 sed
1029 4396 1097 4435 ne
1124 4396 1218 4436 eos
1243 4397 1479 4447 rursum,
1505 4382 1552 4437 si
1575 4398 1674 4452 pro
1703 4384 1804 4437 hoc
1823 4383 2065 4451 apertius

478 4477 789 4545 castigaret,
812 4474 1182 4531 inobedicntes
1208 4473 1462 4540 elliceret,
1490 4476 1657 4540 addit,
1685 4476 1739 4529 in
1762 4475 1906 4529 vobis
1936 4490 2058 4545 ergo

476 4566 719 4636 gaudeo;
746 4565 839 4619 sed
890 4565 1047 4630 dicis,
1081 4564 1363 4631 Quomodo
1391 4566 1663 4635 vulgarem
1696 4567 1749 4620 in
1781 4567 1862 4622 eis
1907 4574 2060 4621 notat

478 4655 865 4720 obedientiam,
907 4668 1029 4709 cum
1056 4655 1229 4720 dicat,
1278 4670 1337 4710 se
1378 4654 1613 4726 gaudere
1644 4656 1697 4709 in
1731 4656 1855 4711 eis?
1887 4657 2063 4725 primo

478 4745 695 4814 quidem
712 4744 864 4799 aliud
894 4752 977 4798 est
1006 4754 1193 4799 notare
1221 4745 1430 4811 vitium,
1465 4745 1610 4799 aliud
1638 4730 1885 4801 homines
1909 4759 1922 4799 :
1962 4760 2062 4815 po-

479 4846 587 4891 test
605 4837 749 4891 enim
776 4836 913 4902 ﬁeri,
938 4848 996 4891 ut
1017 4840 1246 4908 gaudeat
1272 4840 1325 4893 in
1352 4840 1455 4905 his,
1479 4842 1533 4893 in
1557 4840 1752 4907 quibus
1772 4841 1940 4895 multa
1961 4840 2063 4895 alia

478 4928 620 4984 bona
664 4925 1130 4993 deprehenderat;
1173 4930 1362 4983 vitium
1403 4939 1583 4984 autem
1620 4930 1761 4999 quod
1799 4931 1848 4984 ei
1874 4930 2063 4999 displi-

480 5034 667 5080 cuerat
699 5031 879 5089 notat,
914 5039 982 5078 ne
1008 5030 1191 5077 utetur
1222 5022 1273 5076 ei
1302 5022 1463 5075 etiam
1500 5022 1674 5090 ipsum
1700 5037 1822 5076 cum
1848 5023 2063 5077 caeteris

479 5108 766 5185 placuisse.
812 5114 996 5168 Potest
1022 5122 1199 5168 autem
1236 5122 1291 5167 et
1317 5127 1417 5181 pro
1443 5127 1508 5167 eo
1544 5112 1749 5168 dixisse
1775 5111 2062 5181 Apostolus

480 5204 719 5276 gaudere
752 5217 809 5257 se
842 5203 894 5256 in
920 5202 1018 5265 eis,
1045 5202 1187 5271 quod
1217 5203 1308 5271 qui
1343 5202 1656 5258 inobediens
1677 5210 1761 5257 est
1786 5216 1961 5271 neque
1995 5203 2064 5257 ad

481 5282 707 5357 malum,
730 5308 906 5361 neque
931 5294 999 5347 ad
1026 5294 1225 5347 bonum
1252 5292 1397 5347 trahi
1414 5302 1597 5362 potest
1621 5312 1634 5346 :
1661 5293 1751 5363 qui
1778 5307 1910 5348 vero
1938 5293 2064 5349 obe-

481 5374 658 5447 diens',
684 5382 728 5437 si
755 5382 970 5452 quidem
989 5383 1058 5436 ad
1080 5382 1287 5451 inutilia
1303 5384 1567 5449 trahatur,
1600 5383 1881 5452 imperitia:
1907 5383 2063 5451 culpa

485 5474 591 5539 sit-;
630 5476 840 5544 ignorat
864 5473 1005 5527 enim
1038 5473 1243 5527 inutilia
1279 5488 1397 5529 esse
1439 5490 1531 5538 ea,
1577 5474 1774 5543 quibus
1810 5473 2063 5530 obedien-

483 5563 617 5618 tiam
645 5564 727 5617 sui
754 5564 978 5632 prmbet.
1017 5562 1150 5617 Cum
1178 5578 1305 5619 vero
1334 5564 1585 5620 didicerit
1622 5581 1744 5634 qua:
1780 5574 1907 5620 sunt
1948 5566 2062 5619 inu-

484 5655 621 5720 tilia,
638 5654 841 5709 habens
856 5664 1099 5723 paratum
1115 5656 1433 5711 obedientiae
1454 5658 1673 5721 bonum,
1690 5657 1945 5711 continuo
1961 5656 2063 5710 iter

480 5755 584 5817 per
604 5759 725 5800 eam
752 5743 963 5798 virtutis
994 5744 1251 5799 ascendit.
1283 5743 1489 5801 Gaudet
1680 5746 1875 5800 Paulus
1901 5760 2061 5822 super

2166 3302 2381 3358 semper
2405 3287 2609 3358 aliquid
2630 3287 2752 3357 plus
2778 3287 3045 3354 invenire,
3068 3286 3190 3363 plus
3211 3288 3525 3358 exquirere,
3546 3296 3603 3343 et
3630 3303 3745 3358 pro-

2164 3378 2387 3435 fundius
2411 3378 2651 3450 cogitare
2678 3378 2809 3449 quid
2835 3378 3099 3434 faciamus
3134 3379 3272 3461 boni
3293 3420 3309 3446 ,
3335 3380 3411 3436 ita
3435 3390 3508 3456 qut
3544 3380 3745 3437 etiam

2154 3468 2529 3539 impediamur
2560 3484 2659 3540 per
2681 3465 2911 3537 alicujus
2954 3468 3217 3524 malitiam
3268 3470 3337 3527 ab
3376 3484 3547 3541 opere
3590 3471 3741 3534 bono,

2150 3574 2265 3625 nos
2312 3560 2358 3613 si
2409 3559 2681 3631 sapientes
2724 3559 2893 3616 simus
2918 3598 2934 3627 ,
2981 3560 3279 3631 cogitemus
3344 3563 3633 3632 quomodo,
3700 3562 3743 3618 si

2165 3663 2302 3719 opus
2340 3649 2544 3704 bonum
2584 3662 2700 3725 non
2748 3663 3067 3719 possumus,
3106 3648 3191 3704 vel
3222 3664 3529 3707 sermonem
3556 3652 3742 3708 bonum

2146 3737 2537 3813 proferamus;
2586 3739 2729 3808 quod
2778 3738 2823 3793 si
2868 3754 2969 3794 nec
3006 3738 3118 3820 hoc.
3136 3738 3281 3819 licet,
3328 3750 3518 3796 votum
3564 3742 3743 3798 saltem

2148 3827 2367 3904 bonum
2397 3835 2454 3883 et
2474 3829 2714 3882 animum
2736 3827 3185 3884 demonstremus.
3212 3829 3304 3885 Sic
3324 3844 3457 3901 ergo
3481 3832 3743 3901 sapientes

2148 3933 2285 3991 esse
2321 3918 2581 3975 debemus
2609 3919 2665 3974 in
2694 3920 2857 3985 bono,
2889 3920 3161 3991 simplices
3202 3937 3333 3978 vero
3376 3924 3434 3978 in
3476 3924 3654 3981 malo:
3690 3934 3741 3980 ut

2167 4013 2212 4067 si
2256 4011 2536 4080 pulsamur
2567 4008 2793 4078 malitia,
2838 4012 3117 4082 pulsamur
3152 4011 3386 4082 injuria,
3435 4030 3545 4072 non
3586 4018 3739 4072 simus

2168 4102 2370 4168 callidi,
2405 4113 2461 4158 et
2502 4117 2598 4172 per
2620 4112 2854 4181 versutte
2875 4103 3010 4158 artis
3054 4090 3369 4173 argumenta
3413 4116 3737 4176 quaerentes,

2168 4197 2365 4266 quibus
2392 4196 2619 4262 reddere
2663 4197 2865 4251 malum
2899 4212 2999 4266 pro
3033 4196 3206 4263 malo,
3250 4206 3306 4253 et
3335 4186 3631 4269 nequitiam
3654 4214 3741 4270 pro

2167 4288 2746 4358 nequitiadebeamus.
2780 4286 2887 4344 Sed
2913 4288 2968 4343 in
2997 4288 3089 4343 tali
3119 4290 3234 4344 loco
3261 4291 3579 4372 meminisse
3596 4292 3741 4348 debe-

2142 4394 2288 4436 _mus
2311 4378 2456 4453 illius
2491 4379 2773 4435 sententias
2799 4395 2918 4450 qua:
2955 4381 3123 4435 dicit:
3168 4379 3228 4436 Si
3262 4382 3379 4452 quis
3406 4383 3517 4438 vult
3553 4384 3738 4455 sapiens

2166 4486 2277 4527 esse
2301 4471 2442 4541 apud
2463 4469 2657 4536 Deum,
2678 4471 2869 4527 stultus
2889 4472 2985 4540 ﬁat
3007 4474 3059 4527 in
3081 4476 3177 4527 hoc
3200 4475 3398 4533 mundo
3415 4474 3471 4545 (Ι
3494 4474 3616 4531 Cor.
3632 4477 3735 4547 tn);

2168 4562 2345 4616 simus
2373 4576 2504 4631 ergo
2531 4561 2681 4615 stulti
2727 4562 3055 4631 accipientes
3100 4562 3353 4632 injuriam
3377 4573 3454 4633 ,et
3497 4581 3603 4621 non
3627 4566 3735 4621 red-

2168 4650 2382 4717 dentes,
2414 4658 2473 4704 ut
2512 4651 2785 4720 sapientes
2808 4652 2996 4723 gsimus
3034 4651 3174 4721 apud
3218 4651 3414 4717 Deum,
3460 4655 3552 4724 qui
3583 4656 3732 4714 dixit:

2171 4740 2305 4794 Mihi
2335 4740 2635 4807 vindictam,
2662 4756 2754 4809 ego
2782 4740 3082 4804 retribuam,
3114 4740 3240 4795 dicit
3274 4740 3535 4815 Dominus
3562 4744 3733 4817 (Rom.

2169 4846 2283 4895 xu,
2315 4829 2476 4899 Hebr.
2504 4846 2566 4894 x,
2597 4829 2754 4883 Deut.
2795 4831 3015 4900 xxxu);
3047 4845 3173 4889 nam
3201 4831 3268 4886 de
3297 4831 3481 4902 impiis
3520 4845 3575 4891 et
3604 4834 3737 4892 Iere-

2170 4923 2311 4977 mias
2346 4922 2513 4976 dicit:
2566 4920 2840 4992 Sapientes
2875 4932 2995 4975 sunt
3025 4923 3095 4975 ad
3124 4922 3600 4992 malefaciendum,
3628 4929 3736 4982 bcu

2170 5027 2341 5072 autem
2366 5016 2537 5086 facere
2563 5016 2794 5070 nesciunt
2822 5016 2955 5087 (Jer.
2985 5015 3081 5086 tv).
3119 5016 3202 5072 Ad
3236 5017 3339 5073 hoc
3374 5021 3595 5089 respicit
3611 5033 3665 5078 et
3684 5023 3737 5078 il.

2168 5115 2260 5168 lud
2304 5114 2447 5183 quod
2500 5113 2757 5168 Dominus
2775 5113 2950 5186 ‘dicit,
2980 5113 3255 5184 simplices
3275 5116 3475 5173 debere
3504 5134 3601 5175 nos
3630 5134 3737 5176 esse

2171 5206 2311 5267 sicut
2332 5204 2633 5279 columbas,
2659 5212 2714 5259 et
2733 5205 3027 5273 prudentes
3052 5205 3193 5260 sicut
3218 5215 3505 5275 serpentes
3526 5211 3546 5281 (
3560 5209 3731 5264 latri.

2172 5295 2259 5365 x).
2288 5293 2444 5371 Quod
2484 5294 2531 5348 s‘i
2572 5292 2768 5362 aliquis
2805 5293 2962 5348 nobis
2993 5308 3060 5367 ex
3095 5294 3402 5351 inﬁdelibus
3431 5308 3619 5369 argute
3653 5313 3733 5354 oc-

2171 5393 2357 5441 currat
2379 5392 2435 5457 et
2463 5384 2630 5450 dicat,
2647 5381 2926 5450 Quomodo
2944 5392 3121 5453 potest
3142 5384 3283 5439 idem
3311 5384 3433 5455 ipse
3457 5395 3513 5440 et
3540 5388 3733 5457 sapiens

2168 5491 2297 5538 esse
2328 5484 2385 5533 et
2423 5475 2658 5546 stultus?
2696 5474 2939 5531 dicemus
2960 5475 3030 5531 ad
3056 5491 3205 5541 eum,
3236 5475 3469 5547 Respice
3499 5479 3567 5533 ad
3606 5485 3734 5532 artes

2168 5567 2323 5631 istas,
2351 5580 2473 5635 quae
2500 5550 2553 5620 in
2581 5580 2683 5626 usu
2708 5564 2991 5620 hominum
3025 5564 3333 5621 habentur:
3367 5567 3734 5637 grammaticus

2169 5656 2223 5710 in
2265 5666 2384 5711 arte
2418 5654 2599 5710 fabrili
2642 5654 3117 5727 insipientissimus
3152 5655 3469 5721 invenitur;
3492 5655 3591 5715 evel
3623 5671 3732 5711 rur-

2167 5761 2285 5823 sum
2312 5744 2740 5816 sapientissimus
2765 5745 3096 5814 gubernator
3112 5745 3397 5815 quomodo
3418 5746 3474 5803 in
3497 5757 3613 5807 arte
3634 5759 3729 5801 ms-
