3948 6370
210 407 350 466 1615

699 411 1248 470 ENARRATIONUM
1286 414 1354 469 IN
1396 414 1540 469 EPP.
1584 413 1773 469 PAUL.

1879 415 1957 468 IB.
2003 413 2129 469 Vill.
2175 447 2242 455 —
2279 415 2349 470 IN
2389 415 2603 471 EPIST.
2645 417 2734 470 AD
2775 416 2938 472 ROM.

3323 418 3467 473 16H-

208 524 399 582 dicina:
424 524 695 580 invenitur
720 525 1013 596 insipiens;
1054 527 1135 581 sic
1167 542 1295 596 ergo
1326 527 1578 596 possibile
1612 534 1695 580 est
1730 528 1782 579 iu
1814 534 1857 590 Λ
1887 527 2155 580 conterit:
2198 528 2286 595 qui
2331 528 2789 584 mansuetudinem
2813 537 3011 593 servat,
3042 530 3329 585 iracundia:
3364 530 3460 586 Sa-

206 616 293 672 his
321 631 443 687 qua:
466 615 533 671 ad
560 616 730 671 Deum
756 617 1025 686 pertinent
1049 632 1169 672 esse
1198 616 1519 686 sapientem,
1543 625 1597 671 et
1622 617 1675 669 in
1700 616 1783 670 his

205 723 327 779 quae
353 707 421 763 ad
446 707 701 764 saeculum
729 708 1003 778 pertinent
1032 707 1394 776 insipientem.

273 797 417 854 Deus
440 807 614 853 autem
633 812 777 869 pacis
802 807 1027 853 conteret
1059 796 1315 854 Satanam
1345 798 1439 852 sub
1462 796 1676 868 pedibus
1701 814 1784 852 ve-

201 888 325 943 stris
351 886 610 943 velociter.
639 887 873 960 (Ambr.)
905 887 959 943 ld
985 895 1090 953 est,
1120 888 1299 952 brevi:
1337 888 1441 944 hoc
1462 888 1529 943 de
1552 888 1800 943 adventu

201 992 302 1033 suo
320 977 471 1043 dicit,
503 976 631 1047 quia
669 976 932 1033 adventus
962 976 1078 1045 ejus
1104 979 1374 1048 opprimet
1398 977 1671 1033 diabolum
1712 977 1783 1033 ob

200 1066 308 1124 hoc
333 1064 476 1136 quod
503 1065 592 1120 isti
618 1065 915 1135 spiritalem
950 1066 1178 1135 gratiam
1200 1066 1473 1134 accepturi
1500 1075 1678 1137 erant,
1696 1065 1781 1121 cui

200 1153 283 1210 nei
318 1154 519 1210 invidet
549 1152 799 1218 Satanas,
828 1154 958 1223 quia
981 1153 1092 1210 vult
1120 1154 1367 1210 homines
1386 1169 1701 1225 permanere
1728 1158 1782 1212 in

198 1258 388 1300 errore
413 1290 425 1309 ,
446 1252 508 1299 ut
550 1243 973 1313 discrepantium
996 1244 1107 1299 sint
1132 1246 1292 1300 unius
1315 1244 1667 1315 professionis
1690 1245 1780 1317 {?].

200 1334 400 1407 (Orig.)
434 1333 709 1402 Quaeritur
742 1334 798 1389 in
823 1335 926 1391 hoc
958 1337 1078 1393 loco
1103 1352 1265 1406 quem
1296 1337 1496 1392 dixerit
1525 1338 1780 1394 Satanam

199 1425 302 1479 sub
328 1425 554 1494 pedibus
580 1440 789 1490 eorum,
819 1427 1013 1495 quibus
1039 1428 1259 1493 scribit,
1298 1444 1328 1482 a
1373 1427 1484 1484 Deo
1524 1429 1783 1485 velociter

197 1515 585 1568 conterendum
610 1532 625 1568 :
653 1516 697 1569 si
727 1516 870 1569 enim
901 1515 968 1569 ad
993 1531 1153 1569 unam
1176 1531 1464 1584 personam
1492 1516 1778 1580 referatur,

200 1601 349 1657 illam
372 1602 611 1669 scilicet,
640 1606 707 1659 de
742 1619 846 1674 qua
876 1605 927 1659 in
958 1605 1249 1676 Evangelia
1276 1605 1509 1660 dicitur:
1544 1603 1679 1661 Ecce
1708 1608 1782 1661 vi-

200 1693 298 1746 deo
323 1692 582 1748 Satanam
610 1695 743 1748 sicut
785 1694 965 1765 fulgur
985 1695 1050 1749 de
1075 1694 1202 1749 coelo
1232 1695 1501 1750 cadentem
1534 1692 1686 1766 (Luc.
1721 1695 1777 1765 χ)

198 1784 401 1853 quique
435 1782 671 1839 Satanas
696 1785 932 1840 humano
962 1784 1147 1854 generi
1186 1783 1454 1840 iudicatur
1486 1786 1777 1851 adversus,

1889 624 2066 669 lanam
2106 616 2379 684 patientia:
2416 616 2657 687 vestigiis
2684 618 2873 672 caleat.
2922 617 3033 673 lloc
3074 627 3160 673 est
3204 619 3456 673 nimirum

1887 709 2024 775 quod
2070 709 2327 763 Dominus
2361 710 2414 762 in
2458 708 2747 778 Evangelio
2792 710 2921 764 dicit
2961 710 3119 782 (Luc.
3164 710 3268 782 x):
3303 710 3461 777 Ecce,

1884 800 2004 854 dedi
2027 800 2168 854 vobis
2196 809 2494 869 potestatem
2524 800 2761 853 calcanda
2789 817 2941 870 super
2972 813 3229 871 serpentes
3248 812 3296 857 et
3315 819 3460 856 scor-

1883 888 2082 956 piones,
2111 898 2160 941 et
2187 904 2340 956 super
2364 906 2565 943 onmem
2599 891 2833 943 viriutem
2863 892 3078 946 inimici.

1954 975 2139 1032 Gratia
2162 977 2369 1032 Domini
2392 979 2556 1031 nostri
2569 979 2695 1032 Jcsu
2712 977 2905 1032 Christi
2930 981 3205 1035 vobiscum.
3223 981 3283 1053 (Α
3294 981 3456 1047 mhr.)

1884 1064 2120 1121 Gratiam
2138 1082 2295 1136 quam
2318 1069 2563 1137 promisit
2588 1069 2687 1121 illis
2710 1070 2759 1122 in
2785 1070 3154 1138 adventusuo,
3172 1071 3285 1139 jam
3307 1080 3462 1141 optat.

1883 1170 2003 1211 esse
2024 1172 2147 1210 cmn
2179 1158 2318 1212 illis:
2359 1159 2436 1213 sic
2460 1158 2602 1213 enim
2633 1168 2906 1213 merentur
2942 1174 3059 1213 eam
3096 1161 3371 1230 accipere,
3410 1160 3458 1217 sl

1879 1247 1990 1317 jam
2019 1262 2141 1301 cum
2176 1246 2279 1302 illis
2304 1258 2390 1305 est
2420 1249 2473 1302 in
2508 1264 2622 1318 spe.
2653 1247 2847 1319 (Οιοίθη
2883 1247 3169 1303 Sciendum
3198 1264 3327 1304 sane
3375 1260 3460 1305 est

1884 1336 2023 1406 quod
2046 1351 2207 1390 omne
2238 1337 2376 1405 quod
2408 1338 2609 1393 habent
2649 1339 2896 1393 homines
2924 1356 2953 1393 a
2984 1339 3115 1403 Deo,
3144 1340 3317 1409 gratia
3343 1348 3455 1405 est,

1883 1427 2015 1482 nihil
2041 1442 2105 1481 ex
2130 1427 2309 1482 debito
2338 1428 2573 1484 habent:
2614 1429 2742 1494 Quis
2773 1431 2908 1485 enim
2946 1431 3091 1498 prior
3117 1430 3255 1484 dedit
3294 1430 3372 1484 illi
3411 1442 3458 1485 et

1884 1518 2197 1572 retrilmetur
2220 1518 2267 1571 ei
2306 1516 2485 1589 (Rom.
2518 1519 2636 1589 x1)?
2661 1519 2846 1574 Gratia
2889 1535 3016 1589 ergo
3044 1528 3157 1585 est,
3195 1521 3458 1590 quidquid

1884 1606 2045 1661 habet
2065 1606 2128 1672 is,
2154 1606 2243 1675 qui
2272 1621 2377 1661 non
2392 1604 2560 1661 fuitet
2577 1615 2680 1673 est,
2698 1608 2965 1677 accipiens
2983 1610 3049 1662 ab
3062 1624 3127 1663 eo
3139 1610 3227 1679 qui
3245 1624 3458 1679 semper

1883 1696 2000 1761 fuit,
2024 1702 2199 1763 etest,
2218 1706 2273 1752 et
2291 1698 2395 1753 erit
2418 1699 2472 1752 in
2492 1707 2774 1754 mteruum.
2804 1699 3013 1755 Salutat
3040 1718 3125 1755 vos
3157 1702 3454 1755 Timotheus

1882 1785 2095 1854 adjutor
2122 1802 2264 1841 meus
2289 1796 2334 1840 et
2360 1786 2552 1841 Lucius
2582 1796 2631 1841 et
2665 1786 2831 1841 lason
2860 1798 2906 1841 et
2937 1786 3203 1858 Sosipater
3252 1790 3460 1859 cognati

192 1874 471 1945 gvidebitur
494 1876 695 1945 utique,
728 1876 773 1931 si
794 1890 920 1931 vere
942 1875 1072 1930 dicit
1094 1875 1291 1931 Paulus
1315 1891 1433 1945 qua:
1459 1876 1611 1941 dicit,
1642 1876 1784 1945 quod
1816 1874 1859 1933 Β
1887 1876 2008 1928 mei.
2048 1875 2270 1931 Videtur
2294 1876 2422 1931 mihi
2456 1876 2523 1932 de
2550 1878 2667 1932 istis
2687 1893 2821 1946 quos
2842 1880 3198 1947 sequestravit
3218 1880 3285 1932 ab
3309 1880 3455 1933 omni

200 1966 304 2020 sub
328 1966 552 2036 pedibus
590 1981 779 2021 eorum
816 1966 1012 2036 quibus
1044 1975 1173 2022 tunc
1213 1966 1487 2022 scribebat
1527 1966 1784 2022 velociter

198 2064 534 2123 conteratur,
574 2056 714 2111 ultra
731 2055 844 2125 jam
875 2071 981 2111 non
1009 2071 1129 2111 esse
1175 2055 1436 2122 Satanas,
1460 2057 1552 2127 qui
1583 2071 1782 2127 agones

198 2158 256 2202 et
282 2147 583 2202 certamina
627 2155 683 2201 et
722 2146 1124 2216 persecutiones
1165 2147 1508 2203 credentibus
1550 2147 1779 2214 excitet,

196 2239 343 2309 quod
372 2239 558 2310 utique
594 2255 700 2295 non
746 2239 976 2293 admittit
1022 2238 1155 2294 lides
1197 2253 1398 2294 rerum.
1432 2237 1539 2295 Sed
1569 2239 1783 2295 videtur

199 2330 335 2385 mihi
365 2330 420 2384 in
450 2330 554 2386 hoc
573 2329 693 2386 loco
722 2329 979 2384 Satanam
1007 2330 1208 2385 dixisse
1244 2344 1458 2385 omnem
1495 2330 1777 2401 spiritum,

197 2420 292 2489 qui
319 2420 663 2477 credentibus
684 2421 1032 2476 adversatur:
1056 2419 1291 2476 Satanas
1308 2429 1487 2476 autem
1516 2421 1571 2475 in
1594 2428 1779 2476 nostra

197 2512 379 2586 lingua
409 2513 740 2570 adversarius
778 2513 1182 2583 interpretatur.
1212 2513 1479 2582 Quidquid
1502 2527 1631 2583 ergo
1661 2513 1779 2567 ani-

199 2617 303 2657 mae
329 2602 573 2658 tendenti
594 2602 661 2657 ad
684 2603 852 2657 Deum
872 2601 1093 2668 resistit,
1115 2610 1172 2658 et
1197 2604 1535 2667 adversatur,
1558 2610 1612 2657 et
1629 2602 1779 2672 quid-

198 2692 327 2764 quid
356 2692 478 2762 paci
504 2692 835 2747 contrarium
859 2701 964 2759 est,
994 2692 1100 2748 hoc
1124 2706 1250 2747 vere
1276 2690 1507 2746 Satanas
1533 2705 1652 2747 esse
1675 2706 1775 2745 no-

196 2784 456 2839 minatur.
481 2784 604 2840 ldeo
628 2785 858 2855 denique
884 2785 1174 2855 praemisit,
1214 2784 1415 2851 dicens,
1447 2784 1587 2840 Deus
1608 2787 1774 2855 pacis,

198 2876 305 2933 hoc
323 2886 407 2932 est
431 2877 574 2934 Deus
594 2877 678 2933 cui
716 2876 894 2947 placet
921 2892 1047 2949 pax,
1078 2884 1320 2933 conteret
1347 2891 1471 2932 eum
1502 2877 1606 2951 .qui
1648 2891 1775 2932 con-

197 2969 397 3024 trarius
422 2978 505 3024 est
529 2968 647 3039 paci
679 2980 734 3024 et
760 2969 1119 3025 dissensiones
1140 2976 1411 3039 operatur.
1440 2966 1531 3024 Sic
1550 2969 1776 3038 denique

196 3067 252 3113 et
294 3058 348 3112 in
392 3057 700 3128 Regnorum
744 3058 899 3114 libris
941 3058 1318 3130 legimus_(III
1350 3058 1478 3129 Reg.
1504 3058 1614 3129 si),
1648 3058 1775 3129 quia

195 3148 467 3203 suscitavit
495 3148 636 3203 Deus
665 3146 935 3204 Salomoni
974 3147 1231 3204 Satanam
1270 3147 1672 3221 [adversarium]
1705 3149 1775 3203 ad

193 3246 539 3301 deridendum
560 3262 700 3311 eum,
721 3246 825 3300 hoc
849 3250 932 3299 est
956 3240 1249 3305 Salomoni,
1263 3240 1356 3309 qui
1378 3247 1495 3295 erat
1518 3239 1775 3310 paciﬁcus

194 3336 475 3391 suscitavit
495 3334 773 3398 Satanam,
795 3332 886 3402 qui
908 3340 994 3388 est
1020 3330 1323 3387 contrarius
1344 3329 1483 3398 paci.
1509 3328 1616 3383 Sed
1635 3330 1777 3395 sicut

186 3425 304 3491 his,
329 3439 465 3494 quos
488 3423 776 3494 Apostolus
803 3422 977 3487 docet,
1004 3420 1050 3476 si
1079 3426 1325 3489 satagant
1350 3424 1407 3473 et
1434 3416 1567 3472 tales
1593 3432 1652 3473 se
1676 3431 1773 3471 ex-

190 3516 416 3572 hibeant
435 3514 621 3584 quales
641 3512 758 3582 ejus
778 3526 958 3568 sermo
979 3509 1260 3579 descripsit
1282 3522 1378 3579 pro
1398 3508 1775 3563 emundatione

190 3606 318 3661 vita:
344 3604 611 3676 promittit
644 3603 743 3658 sub
781 3602 1007 3671 pedibus
1032 3613 1217 3654 eorum
1245 3612 1275 3662 a
1305 3597 1414 3652 Deo
1442 3597 1589 3666 pacis
1619 3595 1775 3650 Sata-

190 3712 319 3751 nam
362 3686 616 3749 vélociter
657 3692 1081 3765 conterendum:
1127 3689 1201 3743 ita
1248 3686 1595 3741 nihilominus
1634 3685 1775 3739 Deus

187 3785 342 3857 pacis
368 3785 417 3839 ei
443 3782 533 3851 qui
562 3796 747 3853 pacem
774 3779 890 3849 ejus
918 3794 1022 3834 non
1054 3779 1106 3832 in
1143 3776 1306 3832 corde
1348 3789 1504 3843 puro,
1549 3782 1605 3828 et
1642 3789 1771 3829 con-

188 3872 416 3931 scientia
448 3872 642 3927 munda
690 3869 1017 3931 servaverit,
1059 3867 1284 3923 suscitat
1329 3864 1622 3928 Satanam,
1670 3862 1774 3918 hoc

188 3973 294 4029 est,
323 3962 712 4025 adversarium,
739 3969 799 4013 ut
828 3960 918 4029 qui
947 3960 1145 4013 bonum
1171 3956 1320 4027 pacis
1347 3955 1641 4027 neglexerit
1667 3955 1771 4008 im-

189 4053 575 4127 pugnationum
607 4050 988 4105 amaritudines
1030 4047 1294 4119 perferat,
1344 4054 1401 4101 et
1443 4047 1517 4100 ita
1557 4045 1771 4099 demum

187 4134 362 4217 pacis,
394 4158 553 4213 quam
582 4142 884 4205 temeravit,
913 4140 1247 4195 dulcedinem
1283 4138 1335 4191 in
1374 4136 1771 4207 oppugnatione

188 4235 398 4306 positus
422 4232 754 4287 recordetur.
780 4230 855 4284 Ex
874 4238 1103 4299 utroque
1128 4227 1454 4283 mdilicemur
1477 4226 1770 4294 Scriptura:

186 4323 383 4378 divinae
408 4320 545 4385 loco,
576 4335 683 4388 quo
709 4319 794 4371 vel
819 4319 1081 4373 suscitare
1119 4318 1262 4371 Deus
1289 4316 1543 4370 Satanam
1575 4315 1770 4368 dicitur

185 4412 601 4485 negligentibus,
629 4415 909 4481 conterere
930 4423 992 4463 ac
1022 4406 1249 4462 subdere
1278 4404 1623 4468 studiosis,ut
1651 4403 1769 4458 illos

1887 1964 2132 2034 catalogo
2159 1966 2505 2021 salutantium
2534 1966 2655 2036 plus
2693 1967 2893 2037 aliquid
2933 1969 3184 2023 sensisse.
3212 1968 3457 2039 Denique

1885 2053 2224 2109 Timotheum
2251 2054 2552 2125 adiutorem
2580 2071 2734 2111 suum
2777 2058 2926 2122 dicit,
2974 2066 3031 2113 ct
3083 2073 3270 2113 omnes
3295 2058 3455 2113 simul

1883 2152 2141 2213 cognatos
2176 2157 2332 2208 suos;
2378 2153 2435 2200 et
2458 2145 2673 2213 quidem
2704 2146 2769 2201 de
2819 2146 3101 2201 Timotheo
3144 2147 3454 2215 plenissime

1883 2235 2116 2290 refertur
2137 2237 2189 2290 in
2216 2237 2437 2291 Actibus
2452 2237 2810 2307 apostolorum
2833 2237 2972 2307 quod
2998 2236 3159 2291 fuerit
3196 2228 3453 2292 Hebraeus

1882 2328 2035 2391 civis,
2071 2327 2212 2381 (ilius
2240 2328 2479 2384 mulieris
2505 2328 2701 2385 Iudaea:
2727 2329 2915 2392 ﬁdelis,
2943 2344 3009 2384 ex.
3036 2339 3189 2399 patre
3218 2329 3403 2399 gentili
3431 2346 3443 2381 :

1882 2419 2066 2489 dequo
2091 2426 2146 2475 et
2172 2418 2286 2489 ipse
2310 2419 2651 2479 Paulusdicit
2676 2439 2688 2473 :
2722 2421 2844 2489 quia
2865 2429 3149 2490 propterea
3176 2420 3448 2491 rogaverit

1879 2522 2003 2563 eum
2030 2524 2346 2578 permanere
2375 2509 2602 2580 Ephesi,
2632 2522 2688 2565 ut
2716 2510 2988 2565 denuntiet
3013 2510 3355 2581 quibusdam,
3385 2524 3455 2564 no

1878 2599 2036 2655 aliter
2061 2601 2308 2667 doceant,
2341 2616 2514 2670 neque
2535 2601 2817 2657 attendant
2840 2600 3034 2657 fabulis
3053 2612 3107 2657 et
3126 2601 3453 2672 genealogiis

1879 2689 2121 2745 inﬁnitis.
2148 2689 2254 2747 Sed
2275 2700 2330 2746 et
2355 2691 2574 2747 Lucium
2594 2693 2812 2762 quidam
2837 2694 3008 2763 ipsum
3032 2693 3315 2763 perhibent
3334 2707 3454 2748 esse

1877 2778 2097 2844 Lucam,
2126 2780 2219 2850 qui
2246 2780 2595 2851 Evangelium
2616 2782 2851 2851 scripsit,
2875 2797 2975 2851 pro
2993 2797 3058 2837 eo
3084 2782 3225 2852 quod
3245 2781 3454 2836 soleant

1877 2872 2095 2927 nomina
2128 2871 2397 2927 interdum
2434 2874 2727 2928 secundum
2762 2874 2987 2943 patriam
3014 2872 3451 2951 declinationem,

1878 2962 2146 3018 interdum
2187 2962 2349 3018 etiam
2390 2963 2684 3017 secundum
2722 2963 3001 3029 Graecam,
3047 2963 3451 3030 Romanamque

1877 3052 2130 3123 proferri.-
2161 3053 2324 3109 Jason
2352 3068 2479 3108 vero
2502 3052 2589 3108 ille
2614 3063 2716 3119 est,
2745 3052 2811 3108 de
2836 3069 2942 3123 quo
2961 3054 3122 3109 etiam
3148 3054 3201 3107 in
3228 3052 3451 3106 Actibus

1880 3144 2243 3215 apostolorum
2274 3144 2533 3199 scribitur
2562 3143 2701 3214 (Act.
2726 3144 2858 3215 xvn)
2886 3144 3027 3213 quod
3056 3145 3196 3213 apud
3222 3143 3264 3197 Τ
3268 3143 3453 3199 hessa-

1802 3209 1846 3270 Ο
1877 3209 2107 3291 ionicam
2137 3251 2235 3305 pro
2258 3235 2427 3289 Paulo
2445 3243 2500 3289 et
2521 3209 2632 3289 Sila
2653 3209 2970 3291 seditionem
2994 3209 3452 3290 conimoventibus

1878 3328 2068 3393 turbis,
2093 3328 2439 3397 semetipsum
2467 3326 2707 3390 dederit,
2750 3334 2811 3380 ut
2854 3324 3106 3396 apostolis
3143 3324 3451 3379 discedendi

1876 3420 2080 3475 faceret
2102 3419 2430 3475 libertatem.
2449 3417 2726 3488 Sosipater
2741 3433 2951 3487 quoque
2974 3418 3063 3487 qui
3086 3417 3170 3471 his
3185 3417 3450 3487 jungitur,

1875 3513 2136 3582 suspicor,
2166 3513 2307 3582 quod
2336 3513 2447 3581 ipse
2485 3511 2557 3564 sit
2598 3512 2688 3580 qui
2738 3501 2791 3564 in
2836 3510 3058 3566 Actibus
3083 3510 3451 3579 apostolorum

1875 3602 2011 3673 (Act.
2045 3604 2138 3673 xx)
2164 3602 2488 3657 describitur
2523 3600 2829 3670 Sosipater,
2881 3600 3069 3669 Pyrrhi
3108 3598 3453 3654 eronensis

1876 3691 2242 3764 [Beroeensis].
2272 3690 2469 3762 (Δηώ.)
2493 3690 2808 3745 Timotheus
2830 3703 3051 3743 consors
3072 3688 3312 3743 laborum
3333 3686 3454 3756 ejus

1874 3789 1977 3845 est,
2003 3780 2156 3848 quasi
2189 3779 2558 3849 cocpiscopus,
2605 3788 2659 3833 et
2705 3770 2895 3847 magna
2941 3792 3061 3831 cum
3089 3777 3451 3832 sollicitudine

1874 3869 2168 3925 Ecclesium
2197 3868 2528 3939 gubernabat
2560 3868 2764 3937 positus
2791 3868 2842 3921 in
2869 3868 3121 3922 invidiam
3142 3865 3450 3922 Iudaeorum

1873 3974 2043 4029 usque
2070 3960 2235 4023 adeo,
2275 3966 2335 4012 ut
2375 3959 2517 4012 inter
2548 3958 2697 4012 initia
2726 3956 3203 4011 circumcideretur
3231 3966 3454 4025 pr0pter

1871 4050 2182 4107 scandalum
2210 4048 2533 4111 Judzeorum,
2558 4056 2618 4103 ut
2642 4048 2765 4117 quia
2792 4056 2966 4101 matre
2993 4046 3174 4101 ludam
3196 4053 3330 4109 erat,
3355 4047 3452 4101 do-

1871 4152 1990 4199 ctor
2010 4157 2130 4199 esse
2156 4158 2261 4197 non
2288 4150 2471 4210 posset
2499 4141 2935 4203 incircumcisus;
2966 4138 3083 4193 illos
3108 4154 3238 4193 vero
3252 4154 3451 4209 cogna-

1874 4242 1957 4288 tos
1987 4233 2115 4288 dicit
2135 4231 2327 4302 partim
2356 4231 2586 4301 generis,
2616 4230 2810 4300 partim
2840 4230 2961 4285 ﬁdei
2995 4245 3178 4285 causa.

1942 4320 2128 4377 Saluto
2158 4337 2242 4374 vos
2273 4338 2364 4390 ego
2394 4320 2721 4390 Tertius,qui
2748 4321 2931 4388 scripsi
2950 4316 3241 4386 Epistolam
3270 4320 3323 4371 in
3344 4318 3447 4372 Do-

1868 4410 2006 4462 mino
2032 4425 2050 4462 :
2079 4406 2290 4469 Tertius
2324 4409 2561 4471 nomine,
2591 4422 2696 4460 non
2727 4422 2969 4470 numero,
3005 4407 3092 4461 hic
3142 4416 3223 4460 est
3266 4410 3444 4463 scriba

187 4508 255 4561 ad
279 4518 479 4573 agones
505 4502 761 4557 concitet.
786 4500 901 4553 istis
926 4500 990 4553 de
1018 4505 1287 4565 prostrato
1312 4493 1622 4548 adversario
1647 4491 1763 4562 pal-
1790 4532 1844 4592 Β
1870 4497 2120 4569 Epistola:
2150 4498 2233 4551 cui
2271 4496 2540 4551 concessit
2574 4512 2670 4551 suo
2712 4497 2925 4550 nomine
2964 4496 3196 4550 salutare
3234 4496 3447 4564 plebem

186 4610 333 4651 mam
358 4592 595 4648 victoriae
621 4592 855 4653 tribuat,
886 4596 941 4642 et
973 4588 1186 4641 virtutis
1222 4584 1439 4656 praemia
1483 4582 1759 4652 largiatur.

184 4684 479 4739 Possumus
507 4692 684 4736 autem
720 4688 776 4735 et
799 4693 896 4747 per
939 4676 1176 4745 singulos
1202 4689 1443 4744 quosque
1470 4688 1690 4743 agones,
1718 4673 1761 4747 si

182 4773 424 4844 legitime
449 4778 739 4834 certemus,
768 4768 967 4829 dicere,
994 4766 1136 4835 quod
1168 4764 1309 4818 Deus
1335 4771 1580 4818 conteret
1610 4762 1763 4817 Sata-

184 4878 313 4920 nam
342 4862 443 4916 sub
472 4858 699 4930 pedibus
742 4856 942 4923 nostris
978 4854 1268 4908 velociter:
1308 4852 1460 4907 verbi
1488 4866 1684 4917 causa,
1715 4850 1761 4904 si

184 4952 308 5023 quis
334 4963 560 5021 agonem
589 4945 888 5014 susceperit
918 4944 1199 5007 castitatis,
1232 4941 1278 4996 si
1301 4956 1468 5010 usque
1495 4942 1561 4995 ad
1598 4939 1758 4994 linem

1869 4590 2189 4652 Romanam,
2216 4588 2281 4641 ad
2311 4602 2474 4656 quam
2509 4588 2696 4643 scribit
2721 4596 2779 4641 ut
2804 4598 3025 4642 caeteros
3051 4588 3285 4641 salutent
3312 4605 3449 4658 quos

1868 4680 2131 4744 nominat,
2163 4680 2339 4733 adhuc
2364 4678 2506 4732 enim
2533 4685 2771 4731 rectores
2798 4676 3051 4731 Ecclesiis
3081 4677 3267 4746 paucis
3290 4688 3449 4733 erant

1868 4773 1925 4827 in
1960 4772 2109 4827 locis.
2153 4770 2362 4824 Salutat
2395 4786 2480 4823 vos
2509 4765 2671 4821 Gaius
2706 4768 2887 4837 hospes
2923 4784 3067 4821 meus
3106 4778 3154 4823 et
3194 4771 3449 4827 univcrsa'

1868 4862 2135 4917 Ecclesiw.
2183 4859 2281 4914 llic
2319 4859 2505 4924 Gaius,
2548 4868 2609 4913 ut
2648 4858 2899 4923 arbitror,
2942 4858 3007 4911 ad
3052 4873 3209 4928 quem
3255 4862 3448 4915 scribit

1867 4952 2100 5007 Joannes
2131 4949 2417 5019 Apostolus
2447 4948 2721 5003 exsultans
2745 4948 2797 5001 in
2822 4949 3083 5002 charitate
3124 4948 3239 5015 ejus
3280 4966 3444 5019 quam

184 5040 530 5101 immaculata
557 5036 880 5093 conscientia
907 5034 1296 5105 perduraverit,
1320 5032 1424 5087 dici
1469 5032 1535 5086 de
1570 5046 1635 5086 eo
1670 5046 1765 5099 po-

1879 5042 2118 5096 exhibeat
2150 5039 2490 5101 fraternitati,
2518 5037 2765 5105 praebens
2792 5045 3032 5104 sumptus
3061 5037 3162 5091 illis
3191 5052 3445 5095 necessa-

187 5142 313 5199 test,
343 5134 472 5203 quia
501 5129 756 5187 contrivit
787 5127 1042 5182 Satanam
1067 5124 1166 5180 sub
1191 5124 1413 5194 pedibus
1435 5122 1579 5191 eius:
1604 5123 1655 5177 id
1682 5130 1767 5177 εει
1867 5131 2007 5193 rios;
2051 5138 2104 5184 et
2132 5144 2251 5183 cum
2279 5127 2525 5196 superius
2556 5126 2717 5190 dicat,
2751 5126 2983 5179 salutant
3009 5143 3105 5181 vos
3129 5144 3315 5183 omnes
3342 5132 3443 5185 Ec-

185 5227 465 5297 spiritum,
496 5224 587 5295 qui
613 5233 733 5277 erat
770 5221 1072 5278 contrarius
1111 5218 1367 5274 castitati.
1410 5214 1671 5275 Similiter
1707 5227 1762 5270 et
1863 5220 2037 5277 clesize
2069 5218 2299 5281 Christi,
2338 5232 2479 5271 nunc
2508 5217 2667 5269 itcrat
2696 5216 2904 5277 dicens,
2940 5216 3169 5269 salutant
3206 5236 3291 5271 vos
3323 5222 3441 5272 uni-

184 5316 277 5387 qui
304 5328 528 5384 880mm
556 5311 678 5366 ﬁdei
704 5310 947 5377 δυεοίυίῐν
976 5310 1021 5364 Si
1048 5317 1197 5363 SW15
1218 5316 1339 5360 3M8
1368 5319 1522 5375 T0393
1546 5315 1600 5358 ει
1624 5321 1759 5374 pl‘IB-
1862 5328 2021 5367 verste
2052 5311 2332 5376 Ecclesite,
2363 5310 2502 5379 quod
2532 5317 2662 5379 puto
2697 5324 2802 5363 non
2836 5308 3003 5361 otiose
3030 5309 3277 5362 iteratum
3311 5330 3321 5362 :
3355 5313 3434 5364 ni-

184 5407 348 5471 sidCS,
378 5419 503 5459 cum
528 5402 719 5458 ﬁdUCia
746 5400 1064 5457 οοηίῖιθθιυι·
1086 5399 1366 5453 Dominum
1392 5395 1571 5450 Iesum
1602 5396 1756 5450 Chri-
1862 5404 1933 5457 hil
1976 5402 2118 5457 enim
2166 5410 2344 5456 tantus
2391 5402 2475 5455 vir
2516 5409 2569 5454 et
2613 5409 2721 5452 tam
2770 5398 3067 5451 tractabilis
3111 5399 3435 5466 superﬂuum

185 5505 344 5559 stum.
379 5503 434 5550 et
464 5509 632 5563 usque
662 5493 729 5547 ad
772 5493 932 5560 ﬁnem
964 5491 1018 5545 in
1047 5490 1382 5545 confessione
1406 5498 1749 5557 permaneat,
1858 5494 2089 5563 ponebat
2119 5511 2130 5545 :
2164 5492 2251 5547 sed
2285 5491 2407 5559 quia
2449 5488 2683 5543 salutant
2719 5501 2833 5548 vos,
2869 5488 3070 5555 inquit,
3114 5501 3299 5539 omnes
3338 5487 3435 5538 Ee-

1858 5582 2035 5637 clesize
2060 5580 2296 5645 Christi,
2338 5580 2388 5633 id
2425 5587 2507 5632 est
2534 5590 2720 5630 omnes
2759 5576 2967 5637 sancti,
3007 5576 3145 5627 sicut
3182 5574 3287 5627 alio
3321 5575 3439 5627 loco

1857 5671 2015 5733 dicit,
2064 5671 2151 5739 qui
2198 5678 2367 5721 autem
2412 5675 2528 5719 sunt
2576 5665 2790 5728 Christi,
2824 5678 3028 5713 carnem
3069 5679 3216 5713 suam
3266 5664 3443 5715 cruci-

1854 5758 2081 5823 ﬁxerunt
2117 5757 2311 5827 (Calal.
2342 5756 2418 5825 v),
2451 5770 2589 5809 nunc
2614 5750 2873 5824 subjecit,
2894 5750 3051 5803 etiam
3071 5751 3169 5805 bos
3184 5750 3461 5805 salutare.

186 5586 327 5641 Deus
356 5583 607 5640 contrivit
634 5581 887 5637 Satanam
914 5580 1013 5634 sub
1041 5579 1264 5648 pedibus
1303 5576 1439 5645 ejus,
1467 5591 1589 5631 eum
1628 5576 1750 5630 inti-

186 5672 421 5728 delitatis
448 5672 694 5740 spiritum
735 5671 881 5725 vicit.
914 5668 1017 5723 Sed
1046 5678 1100 5723 et
1134 5668 1222 5736 qui
1253 5666 1592 5722 concordiam
1625 5680 1737 5734 per-

185 5771 494 5820 severanter
525 5763 673 5831 colit,
705 5761 1048 5819 dissensionis
1078 5762 1371 5817 daemonem
1404 5758 1503 5815 sub
1526 5759 1750 5828 pedibus
