3948 6320
514 360 657 419 1615

1154 361 1216 418 Β.
1255 360 1508 417 ΒΑΒΑΝΙ
1545 360 1763 425 MAURI
1801 357 2078 416 ARCHIEI

2182 356 2473 415 dOGUNT.
2516 356 2801 415 OPERUM
2839 359 3017 415 PARS
3052 360 3137 415 111.

3625 362 3745 418 1616

496 484 591 555 qui
611 492 896 552 sequentes
917 489 1062 547 sunt,
1088 478 1506 536 nt‘benedictnm
1530 480 1785 552 p0pulum
1818 477 2085 549 significet
2113 480 2164 538 Α
2189 474 2399 544 poribus
2428 475 2739 530 swculorum
2766 476 2817 529 in
2841 476 3044 530 silentio
3065 478 3245 540 habiti,
3273 492 3379 532 non
3404 478 3529 533 mihi
3551 479 3749 538 videtur

493 571 768 635 Ecclesiae,
818 570 944 639 quia
975 571 1028 624 in
1058 570 1207 623 omni
1255 570 1497 625 Ecclesia
1535 570 1640 625 duo
1702 577 1827 624 sunt
1877 567 2079 638 p0pu1i.

503 662 695 722 Potest
714 670 765 718 et
789 662 1016 717 duarum
1038 661 1436 731 provinciarum
1460 660 1763 715 nominasse
1786 658 2081 722 Ecclesias,

492 761 556 810 ut
581 753 816 826 primum
843 753 1024 818 unius,
1065 752 1255 807 deinde
1292 753 1515 806 alterius
1557 751 1659 806 loci
1690 750 1915 805 dixisset
1962 764 2080 804 om-

495 862 594 905 nes
640 845 942 909 Ecclesias,
988 853 1081 897 aut
1128 851 1277 898 certe
1300 843 1609 897 Judzeorum
1663 848 1756 899 aut
1782 839 2078 911 gentilium.

570 934 784 991 Salutat
828 951 912 989 vos
958 933 1175 987 Erastus
1214 934 1455 986 arcarius
1483 931 1735 995 civitatis,
1772 940 1819 983 et
1850 928 2083 995 Quartus

495 1023 762 1098 [Marcus]
788 1023 971 1093 frater.
1006 1022 1281 1086 Arcarius,
1316 1023 1369 1076 id
1401 1032 1503 1086 est,
1535 1021 1899 1089 dispensator,
1924 1018 2081 1088 quasi

492 1121 732 1179 curator,
756 1112 847 1183 qui
890 1111 1126 1167 dictante
1164 1110 1373 1181 justitia
1411 1109 1743 1179 gubernabat
1787 1108 2080 1169 civitatem,

494 1202 731 1258 maxime
758 1198 823 1256 in
848 1201 1037 1271 pretiis
1080 1199 1443 1260 moderandis,
1474 1200 1572 1255 hos
1608 1212 1797 1252 omnes
1824 1197 1944 1251 ideo
1978 1212 2079 1255 n0-

490 1290 744 1348 tninatitn
791 1298 1074 1345 enumerat
1116 1288 1167 1342 in
1217 1286 1537 1342 salutatione
1583 1286 1977 1346 Romanorum,
2022 1291 2085 1337 ut

494 1380 701 1437 scirent
748 1380 939 1449 quales
981 1388 1036 1435 et
1084 1378 1271 1447 quanti
1324 1375 1665 1446 congaudent
1716 1376 1857 1429 bono
1903 1380 2083 1442 ccepto

490 1472 729 1527 illorum.
756 1456 957 1543 (Orig)
1001 1469 1180 1538 Ipsum
1211 1476 1341 1539 puto
1376 1481 1497 1522 esse
1529 1466 1776 1523 Erastum
1813 1479 1972 1533 quem
2003 1463 2083 1516 di-

491 1562 597 1629 cit,
637 1561 763 1632 quia
801 1559 1064 1615 remansit
1092 1557 1373 1623 Corinthi,
1409 1556 1605 1625 quique
1632 1553 1846 1608 videtur
1871 1552 2085 1621 dispen-

488 1663 638 1709 sator
664 1654 899 1710 civitatis
943 1653 1174 1709 ostendi.
1201 1651 1326 1707 Sed
1372 1666 1479 1705 non
1520 1658 1650 1720 puto
1690 1647 1833 1717 quod
1872 1662 1939 1701 ex
1981 1648 2083 1702 hoe

487 1740 664 1798 olilcio
703 1758 1029 1814 magnopere
1072 1741 1270 1796 Paulus
1314 1741 1644 1795 mentionem
1700 1738 1818 1807 ejus
1872 1738 1925 1792 in
1968 1737 2081 1807 epi-

2186 563 2331 633 quod
2355 564 2420 618 ad
2450 579 2638 619 omnes
2663 566 2932 635 pertineat
2968 567 3070 620 ista
3096 568 3377 635 utriusque
3400 569 3606 637 generis
3632 586 3748 627 con-

2184 654 2438 719 ﬁrmatio,
2482 654 2578 709 sed
2618 658 2685 709 ad
2727 670 2914 717 omnes
2954 657 3170 725 quidem
3210 658 3445 725 pertinet
3484 662 3748 718 credentes

2185 744 2448 799 duntaxat
2490 744 2838 815 Evangelium
2881 744 3052 810 Pauli,
3099 755 3153 800 et
3192 747 3500 815 praedicatio
3535 748 3743 805 Christi.

2187 833 2463 888 Revelatio
2493 849 2629 897 vero
2650 836 2973 890 sacramenti
3005 837 3335 905 temporibus
3368 840 3671 895 mulorum
3696 844 3744 897 in

2187 924 2400 979 silentio
2427 925 2595 980 habiti
2628 941 2734 980 non
2762 927 2827 981 ad
2858 929 3058 996 plures,
3096 930 3190 984 sed
3229 931 3296 985 ad
3331 948 3547 1001 paucos,
3577 944 3627 989 et
3653 936 3748 989 ele-

2186 1022 2321 1079 ctos,
2351 1016 2443 1084 qui
2482 1030 2708 1083 capaces
2740 1031 2859 1070 esse
2885 1019 3091 1085 possint
3115 1022 3395 1089 sapientia:
3436 1032 3492 1076 et
3528 1024 3749 1080 scientite

2187 1104 2303 1170 Dei,
2335 1107 2401 1160 de
2444 1106 2639 1175 quibus
2677 1107 2872 1160 dicitur
2907 1125 2920 1160 :
2966 1106 3124 1160 Multi
3154 1112 3355 1174 vocati,
3400 1114 3551 1178 pauci
3590 1125 3747 1168 autem

2185 1196 2332 1250 electi
2360 1196 2575 1265 (Matth.
2605 1199 2716 1270 xx).
2748 1198 2851 1253 Sed
2868 1206 2922 1253 et
2948 1200 3012 1254 de
3027 1215 3093 1254 eo
3108 1200 3250 1270 quod
3269 1201 3368 1265 ait,
3385 1208 3681 1258 sacramenti
3699 1207 3748 1261 in

2184 1288 2390 1342 silentio
2417 1289 2612 1356 habiti,
2662 1291 3044 1359 requirendum
3100 1301 3184 1347 est
3224 1302 3407 1347 utrum
3438 1294 3509 1347 ita
3542 1294 3591 1348 id
3620 1296 3748 1351 dicat

2185 1378 2238 1432 in
2265 1378 2477 1433 silentio
2505 1380 2746 1434 habitum
2766 1420 2781 1445 ,
2812 1388 2873 1434 ut
2896 1381 3115 1436 omnino
3155 1382 3334 1437 nullus
3364 1385 3660 1452 agnoverit,
3688 1406 3757 1439 ne

2185 1470 2284 1540 ipsi
2308 1470 2542 1539 quidem,
2578 1471 2670 1540 qui
2709 1472 3099 1526 annuntiabant
3144 1472 3457 1543 Prophetas,
3505 1488 3568 1527 an
3603 1474 3745 1528 altior

2185 1562 2364 1631 aliqua
2408 1562 2606 1615 silentii
2652 1562 2992 1632 intelligenda
3030 1571 3112 1617 est
3157 1564 3296 1617 ratio
3341 1581 3353 1615 :
3401 1564 3748 1633 mihiquidem

2186 1654 2339 1708 valde
2380 1652 2674 1708 absurdum
2714 1654 2948 1718 videtur,
2982 1662 3040 1707 ut
3081 1654 3326 1708 dicamus
3354 1653 3637 1722 Prophetas
3679 1657 3746 1709 ita

2184 1744 2464 1813 scripsisse
2493 1744 2558 1798 de
2598 1744 2966 1799 Saeramentis
2992 1742 3216 1807 dii'inis,
3249 1752 3311 1796 ut
3348 1758 3452 1796 non
3490 1744 3741 1799 intellexe-

488 1831 629 1889 stola
671 1848 768 1888 sua
801 1811 1029 1897 fecerit,
1076 1831 1179 1887 nisi
1223 1830 1361 1886 forte
1405 1829 1608 1899 aliquid
1654 1829 1707 1883 in
1746 1842 1812 1882 eo
1851 1827 2081 1895 amplius
2112 1811 2156 1870 Β
2187 1811 2385 1888 rint—ea
2412 1835 2525 1902 ipsa
2550 1848 2670 1903 quae
2698 1833 2968 1899 dicebant,
2992 1848 3115 1888 cum
3143 1832 3425 1901 Scriptura
3449 1834 3583 1887 dicat
3615 1852 3626 1885 :
3654 1832 3743 1887 Sa-

486 1922 739 1988 senserit,
760 1930 815 1977 et
832 1922 1100 1976 arcarium
1115 1936 1259 1987 eum,
1280 1921 1331 1975 id
1354 1930 1457 1987 est,
1482 1920 1906 1989 dispensatorem
1934 1917 2081 1972 illius

486 2012 727 2069 civitatis
771 2011 999 2073 dixerit,
1034 2009 1186 2078 cujus
1215 2010 1411 2065 artifex
1452 2018 1508 2065 et
1550 2008 1799 2063 conditor
1831 2008 1991 2070 Deus,
2024 2012 2083 2061 et

486 2101 609 2159 ideo
636 2116 735 2157 nec
756 2116 951 2157 nomen
978 2101 1229 2170 posuerit
1261 2101 1415 2171 cujus
1439 2100 1697 2164 civitatis,
1722 2099 1817 2154 sed
1841 2106 2079 2153 tantum-

484 2193 648 2248 modo
684 2208 808 2247 eum
850 2192 1122 2247 arcarium
1170 2190 1551 2247 nominaverit.
1589 2190 1781 2246 Utrum
1812 2203 1945 2259 ergo
1985 2186 2077 2242 tali

484 2284 647 2339 modo
676 2283 878 2353 aliquo,
912 2298 981 2336 an
1005 2296 1137 2336 vero
1167 2282 1485 2351 simpliciter
1506 2281 1677 2351 magis
1706 2279 2076 2349 accipiendum

485 2376 578 2440 sit,
604 2374 734 2429 nihil
762 2374 940 2445 pctius
968 2374 1020 2427 in
1042 2372 1193 2428 Pauli
1214 2373 1408 2429 litteris
1439 2371 1844 2439 requirendum,
1874 2380 1927 2425 tu
1953 2385 2079 2425 con-

483 2460 723 2520 siderato
751 2465 842 2535 qui
873 2464 1025 2535 legis.

558 2554 626 2608 El
654 2564 826 2608 autent
853 2555 940 2624 qui
966 2562 1146 2625 potens
1173 2562 1247 2606 est
1269 2569 1354 2607 vos
1379 2551 1692 2619 conﬁrmare
1710 2550 1867 2619 juxta
1894 2549 1942 2602 Ε
1947 2565 2073 2603 van-

481 2641 673 2715 gelium
703 2658 873 2695 meum
894 2683 907 2705 ,
941 2652 987 2696 et
1015 2642 1442 2711 pradicationem
1465 2641 1595 2695 Jesu
1626 2640 1821 2695 Christi
1840 2681 1854 2704 ,
1885 2654 2073 2693 secun-

481 2728 611 2784 dum
643 2729 1007 2785 reuelationem
1048 2730 1279 2799 mysterii
1317 2729 1632 2799 temporibus
1666 2730 1875 2783 aeternis
1906 2729 2071 2795 taciti,

480 2818 623 2891 quod
652 2835 789 2873 nunc
811 2820 1131 2890 patefactum
1157 2830 1229 2874 est
1251 2836 1342 2889 per
1364 2818 1667 2889 Scripturas
1700 2820 2072 2888 prophetarum

481 2909 770 2965 secundum
794 2921 1107 2979 prwceptum
1133 2912 1313 2963 retenti
1340 2910 1454 2976 Dei,
1485 2911 1551 2963 ad
1580 2910 1923 2963 obeditionem
1947 2910 2074 2977 fidei

479 3000 537 3056 in
561 3000 759 3055 cunctis
790 3002 1025 3071 gentibus
1049 3002 1239 3070 cogniti
1262 3000 1361 3054 soli
1398 3001 1621 3069 sapienti
1646 2999 1756 3052 Deo
1778 3016 1869 3069 per
1886 2999 2071 3053 Iesum

482 3089 773 3155 Christum,
801 3092 885 3144 cui
926 3091 1093 3145 honor
1130 3101 1176 3144 et
1212 3089 1379 3159 gloria
1421 3092 1475 3144 in
1511 3088 1702 3144 saecula
1732 3088 2067 3143 swculorum.

480 3184 667 3237 Amen.
702 3182 937 3256 (Ambr.)
984 3184 1093 3237 Deo
1128 3182 1309 3248 Patri,
1337 3199 1407 3237 ex
1434 3198 1540 3251 quo
1582 3190 1708 3237 sunt
1736 3182 1915 3239 omnia
1934 3224 1948 3247 ,
1978 3181 2071 3236 dat
2099 3169 2143 3230 C

480 3274 727 3347 gloriam,
758 3284 787 3315 α
812 3282 871 3327 ut
900 3282 1135 3343 ereptum
1172 3272 1560 3335 Romanorum,
1592 3272 1714 3341 quia
1744 3279 1937 3340 potens
1966 3280 2067 3335 est,

480 3366 733 3436 dignetur
758 3364 981 3434 implere
1005 3363 1371 3419 confirmando
1398 3365 1450 3418 in
1493 3364 1596 3417 lide
1636 3364 1849 3417 animos
1883 3375 2073 3417 eorm

483 3454 554 3510 ad
595 3453 893 3525 profectum
935 3452 1244 3522 Evangelii,
1288 3462 1344 3507 et
1393 3452 1776 3507 revelationem
1826 3450 2073 3521 mysterii

483 3550 786 3608 absconditi
829 3551 1123 3621 mysteriis,
1167 3548 1501 3603 manifestari
1548 3556 1727 3601 autem
1778 3560 1876 3616 per
1917 3545 2075 3600 Chri-

484 3655 627 3703 stum
657 3644 741 3701 vel
776 3645 828 3699 in
858 3644 1075 3699 Christo
1102 3660 1115 3696 :
1149 3649 1548 3697 sacramentum
1573 3640 1718 3695 enim
1750 3638 1893 3707 quod
1918 3637 2075 3692 latuit

483 3750 698 3806 semper
736 3736 789 3789 in
818 3735 949 3798 Deo,
994 3733 1326 3801 temporibus
1365 3730 1563 3785 Christi
1603 3728 1933 3784 declaratum
1966 3736 2072 3792 est,

482 3825 609 3896 quia
644 3840 749 3878 non
784 3822 1072 3894 singularis
1110 3832 1191 3876 est
1234 3823 1374 3875 Deus
1403 3821 1492 3890 qui
1533 3828 1617 3875 est
1651 3820 1789 3888 apud
1824 3818 1973 3872 illum
2008 3831 2075 3872 ex

484 3912 703 3968 aeternis
734 3920 787 3966 et
828 3926 1021 3973 sermo,
1052 3922 1104 3965 et
1133 3910 1446 3979 paraclitns,
1481 3910 1532 3963 in
1564 3925 1669 3978 qua
1698 3910 1926 3963 veritate
1951 3922 2072 3961 om-

487 4019 612 4059 nem
638 4012 943 4059 creaturam
971 4004 1207 4057 decrevit
1229 4002 1431 4057 salvam
1456 4002 1569 4056 fieri
1593 4018 1688 4072 per
1709 4000 2071 4071 agnitionem;

487 4094 642 4163 cujus
669 4094 884 4164 quidem
927 4094 1249 4147 sacramenti
1279 4094 1479 4146 veritas
1504 4106 1600 4161 per
1637 4089 1929 4159 prophetas
1960 4088 2075 4143 fue-

485 4192 570 4239 rat
614 4184 890 4252 designata
937 4182 1120 4251 figuris
1165 4181 1519 4249 quibusdam,
1566 4180 1664 4233 soli
1716 4180 1824 4232 Deo
1873 4178 2075 4247 cogniti

492 4274 743 4343 sapienti,
774 4271 927 4340 cujus
961 4272 1237 4341 sapientize
1272 4258 1562 4341 participes
1592 4269 1849 4327 voluitet
1879 4268 2077 4323 Gentes

492 4365 639 4435 quod
670 4363 825 4417 latuit
856 4378 1023 4433 genus
1055 4362 1349 4419 hominum.
1382 4360 1540 4416 Solus
1567 4375 1693 4431 ergo
1733 4361 1945 4428 sapiens
1974 4367 2075 4422 est,

488 4455 616 4524 quia
640 4455 707 4509 ab
732 4454 847 4523 ipso
870 4462 952 4508 est
973 4454 1147 4507 omnis
1170 4454 1453 4520 sapientia,
1478 4453 1618 4507 sicut
1633 4452 2033 4507 dieitSalomon
2060 4468 2071 4504 :

492 4544 679 4599 Omnis
713 4543 969 4613 sapientia
1003 4560 1033 4595 tt
1066 4541 1288 4595 Domino
1321 4540 1428 4595 Deo
1458 4552 1554 4605 est,
1594 4552 1640 4595 et
1674 4558 1792 4594 cum
1830 4543 1941 4609 ipso
1979 4540 2076 4608 fuit

488 4650 692 4703 semper
724 4632 891 4704 (Eccl.
927 4632 987 4703 ι).
1025 4632 1301 4702 Sapientia
1326 4633 1427 4685 ista
1457 4630 1705 4685 Christus
1732 4640 1835 4695 est,
1868 4631 1991 4698 quia
2016 4630 2081 4684 dc

488 4725 609 4793 ipso
641 4730 727 4778 est
751 4733 805 4777 et
834 4738 957 4777 cum
994 4723 1084 4777 illo
1113 4731 1232 4777 erat
1260 4737 1495 4791 semper,
1538 4736 1632 4789 per
1655 4736 1813 4790 quem
1844 4720 1942 4788 ipsi
1971 4718 2083 4788 glo-

488 4816 569 4870 ria
623 4814 677 4869 in
721 4813 918 4870 saecula
966 4813 1303 4869 sreculorum.
1353 4813 1478 4867 ldco
1521 4812 1656 4865 nihil
1705 4811 1821 4865 sine
1864 4808 2083 4864 Christo

487 4906 728 4975 plenum,
760 4904 884 4973 quia
930 4918 1027 4973 per
1059 4904 1232 4971 ipsum
1262 4902 1465 4967 omnia,
1497 4901 1589 4971 qui
1621 4915 1742 4955 cum
1774 4899 2085 4968 agnoscitur

492 4995 650 5047 datur
674 4995 786 5048 Deo
815 4991 961 5046 Patri
992 4991 1109 5046 laus
1145 5005 1240 5062 per
1274 4991 1479 5060 ipsum,
1513 4989 1604 5059 qui
1644 4988 1958 5058 intelligitur
1988 5001 2084 5057 per

494 5083 771 5138 Christum
802 5082 957 5150 quasi
998 5096 1095 5150 per
1136 5080 1452 5151 sapientiam
1484 5094 1657 5142 suam,
1691 5077 1743 5131 in
1774 5091 1876 5145 qua
1910 5076 2086 5131 salvos

494 5170 621 5226 fecit
650 5170 967 5236 credentes;
990 5170 1157 5240 gloria
1180 5185 1309 5239 ergo
1333 5170 1477 5223 Patri
1502 5183 1598 5238 per
1618 5168 1836 5231 Filium,
1862 5166 1964 5220 hoc
1986 5173 2091 5233 est,

495 5260 757 5314 ambobus
785 5259 956 5329 gloria
980 5260 1033 5314 in
1066 5258 1268 5329 Spiritu
1298 5259 1422 5327 quia
1450 5266 1674 5326 uterque
1700 5256 1753 5311 in
1781 5270 1883 5309 una
1914 5254 2081 5325 gloria

495 5356 599 5404 est.
630 5346 828 5419 (0rig.)
860 5348 969 5404 Sed
998 5349 1192 5404 iterum
1230 5362 1572 5403 recurremus
1599 5356 1653 5400 et
1677 5345 2084 5402 consideremus

497 5438 641 5508 quod
667 5438 871 5493 dictum
910 5447 1023 5504 est,
1060 5440 1107 5492 ei
1135 5449 1309 5493 autem
1335 5439 1423 5509 qui
1454 5447 1634 5507 potens
1663 5446 1737 5492 est
1779 5452 1863 5490 vos
1894 5435 2085 5504 con/ir-

498 5542 643 5583 tnare
671 5526 957 5580 secundum
986 5526 1331 5596 Evangeliunt
1370 5544 1543 5583 meum
1580 5536 1627 5580 et
1658 5526 2083 5596 prazdicationem

499 5616 626 5672 Iesu
655 5615 872 5683 Christi,
910 5617 1195 5671 secundum
1228 5617 1587 5677 rcrelationem
1619 5613 1929 5673 sacramenti
1958 5622 2083 5666 tem-

582 5741 606 5770 ι
640 5727 812 5784 Locus
840 5728 1140 5786 obscurior.

2182 1924 2327 1993 piens
2364 1922 2603 1992 intelligit
2633 1940 2749 1993 qua:
2779 1924 2843 1978 de
2874 1939 2962 1977 ore
2986 1924 3100 1992 ejus
3126 1923 3434 1992 procedunt,
3464 1933 3510 1975 et
3536 1925 3584 1975 in
3607 1923 3741 1977 labiis

2181 2026 2351 2086 portat
2380 2016 2698 2070 intellectum
2726 1998 2932 2086 (Eccli.
2950 2016 3087 2086 χχι).
3119 2014 3176 2071 Si
3200 2030 3329 2085 ergo
3360 2014 3627 2083 Prophetas
3647 2030 3743 2068 non

2183 2104 2565 2159 intellexerunt
2598 2118 2717 2172 quae
2757 2104 2824 2158 de
2864 2118 2957 2157 ore
2982 2104 3203 2173 proprio
3240 2102 3606 2172 proferebant,
3646 2118 3738 2156 non

2181 2203 2338 2249 erant
2379 2194 2673 2262 sapientes.
2704 2193 2904 2248 Verum
2945 2207 3071 2262 quia
3107 2192 3331 2246 stultum
3359 2200 3440 2245 est
3479 2193 3737 2260 prophetas

2180 2281 2450 2350 ednﬁteri,
2496 2292 2552 2339 et
2592 2296 2792 2352 negare
2834 2298 2927 2338 eos
2968 2283 3243 2351 sapientes
3281 2281 3468 2345 fuisse,
3512 2290 3663 2335 restat
3687 2291 3735 2335 ut

2179 2375 2454 2445 sapientes
2480 2374 2699 2439 fuerint,
2725 2381 2779 2428 et
2808 2372 3169 2428 intellexerint
3196 2388 3314 2441 qua:
3340 2387 3403 2426 ex
3429 2387 3520 2425 ore
3547 2372 3736 2440 proprio

2176 2466 2555 2537 proferebant,
2584 2474 2640 2521 et
2675 2466 2966 2520 habuerint
2994 2464 3330 2519 intellectum
3366 2466 3421 2518 in
3451 2464 3596 2517 labiis
3622 2464 3733 2518 suis.

2178 2557 2309 2624 Quae
2385 2571 2515 2627 ergo
2592 2556 2791 2611 silentii
2865 2555 3046 2609 ratio?
3093 2555 3387 2609 Videamus
3442 2571 3508 2610 ne
3553 2555 3632 2609 illa
3678 2555 3739 2609 sit

2177 2662 2340 2718 quam
2370 2655 2424 2701 et
2452 2646 2567 2715 ipse
2597 2644 2794 2699 Paulus
2831 2644 2935 2699 sibi
2966 2645 3220 2699 traditam
3248 2660 3348 2713 pro
3387 2643 3731 2699 Sacramenta-

2178 2752 2297 2791 rum
2327 2736 2728 2804 dispensatione
2752 2735 3053 2805 perdocuit,
3077 2736 3168 2789 ubi
3197 2723 3347 2798 dicit,
3374 2736 3732 2804 perabductum

2176 2843 2235 2883 se
2258 2842 2378 2883 esse
2409 2828 2460 2882 in
2488 2829 2707 2882 tertium
2738 2827 2935 2882 coelum
2969 2836 3024 2881 et
3058 2828 3182 2881 inde
3216 2827 3549 2890 Paradisum,
3574 2836 3623 2881 et
3648 2842 3730 2879 au-

2176 2918 2321 2973 disse
2348 2932 2453 2971 non
2484 2918 2744 2972 edicenda
2776 2919 2968 2976 verba.
3004 2933 3123 2985 qua:
3160 2932 3265 2971 non
3296 2916 3419 2972 licet
3451 2917 3636 2971 homini
3664 2917 3729 2970 lo-

2175 3008 2291 3077 qui.
2340 3006 2397 3060 ln
2423 3022 2531 3075 quo
2558 3008 2744 3077 utique
2779 3007 3040 3069 ostendit,
3085 3023 3192 3061 non
3221 3008 3363 3077 quod
3410 3008 3517 3076 ipsc
3555 3007 3733 3077 ignoret

2178 3094 2321 3165 quod
2344 3096 2595 3160 audierit,
2622 3097 2716 3150 sed
2742 3097 2882 3165 quod
2907 3097 3212 3152 hominibus
3237 3097 3487 3166 pandere,
3512 3113 3621 3166 qua:
3642 3098 3727 3152 sibi

2173 3194 2301 3240 sunt
2346 3184 2579 3238 indicata
2623 3174 2730 3239 nun
2760 3185 2937 3239 liceat.
2981 3186 3061 3243 Ita
3102 3201 3231 3257 ergo
3256 3196 3436 3256 potest
3475 3198 3526 3243 et
3564 3188 3613 3242 in
3646 3188 3728 3241 hoc

2173 3277 2291 3331 loco
2320 3276 2521 3331 dictum
2558 3276 2730 3330 videri
2778 3275 3185 3333 Sacramentum
3222 3279 3549 3347 temporibus
3583 3293 3725 3331 Stren-

2174 3366 2349 3423 lorum
2380 3368 2431 3420 in
2451 3366 2667 3421 silentio
2694 3367 2957 3430 habitum,
2986 3370 3127 3435 quod
3151 3370 3376 3423 scierint
3398 3370 3601 3439 quidem
3620 3369 3727 3423 Pro-

2173 3458 2348 3527 phetze
2377 3457 2461 3527 (ex
2490 3457 2785 3527 Scripturis
2816 3458 2960 3512 enim
2983 3456 3319 3530 Propheticis
3340 3459 3727 3528 manifestatur),

2175 3551 2269 3605 sed
2298 3550 2637 3615 hominibus,
2658 3549 2712 3604 id
2742 3558 2823 3603 est
2850 3548 3010 3620 vulgo
3036 3565 3142 3604 non
3172 3549 3623 3605 manifestarerint
3649 3565 3728 3605 nec

2175 3641 2566 3713 patefeceriut,
2614 3642 2709 3696 sed
2755 3641 2969 3697 silentio
3013 3642 3243 3695 texerint
3295 3643 3584 3697 secundum
3619 3658 3729 3711 prs:-

2175 3743 2391 3803 ceptum
2440 3733 2627 3787 aeterni
2670 3732 2797 3795 Dei,
2844 3749 3124 3803 usqueun
3176 3744 3385 3802 tempus
3438 3736 3731 3798 adesset,ut

2177 3825 2413 3881 Verbum
2437 3839 2563 3879 caro
2586 3824 2737 3878 fieret
2761 3832 2816 3877 et
2841 3824 3111 3879 habitaret
3137 3824 3188 3877 in
3221 3824 3378 3879 nobis
3415 3823 3590 3893 (Joan.
3617 3824 3669 3890 ι),
3688 3832 3729 3877 et

2177 3911 2615 3968 manifestaretur
2670 3912 2922 3966 omnibus
2975 3913 3226 3982 gentibus
3283 3914 3352 3967 ad
3407 3914 3727 3967 obedientiam

2179 4006 2322 4059 fidei.
2376 4004 2529 4071 Quod
2558 4018 2692 4058 vero
2739 4002 2835 4068 ait,
2885 4003 2984 4057 soli
3024 4004 3248 4072 sapienti
3289 4003 3420 4067 Deo,
3471 4005 3729 4072 sapientem

2179 4097 2346 4150 Deum
2372 4110 2478 4149 non
2510 4096 2585 4148 ita
2610 4094 2862 4162 aecipias,
2900 4094 3055 4163 quasi
3095 4108 3254 4161 quem
3290 4094 3551 4163 sapientia
3576 4092 3729 4147 fecerit

2179 4186 2500 4256 sapientem,
2531 4194 2590 4240 ut
2626 4186 2769 4240 inter
2794 4185 3039 4238 homines
3079 4184 3309 4237 habetur
3338 4202 3351 4237 :
3383 4184 3595 4252 sapiens
3618 4184 3731 4237 enim

2179 4280 2322 4333 inter
2349 4278 2596 4332 homines
2629 4276 2825 4330 dicitur
2861 4276 3230 4344 unusquisque
3259 4290 3322 4329 ex
3362 4276 3733 4345 participatione

2180 4369 2491 4441 sapientiae;
2522 4368 2663 4422 Deus
2687 4383 2836 4430 vero,
2868 4383 2973 4420 non
2998 4368 3148 4435 quasi
3176 4366 3267 4435 qui
3298 4381 3365 4419 ex
3393 4367 3645 4434 sapientia
3669 4380 3734 4419 sa-

2182 4464 2335 4531 piens
2357 4459 2531 4514 factus
2545 4460 2633 4519 sit,
2656 4459 2915 4527 sedquasi
2931 4459 3020 4526 qui
3041 4458 3155 4527 ipse
3176 4466 3364 4511 auctor
3389 4456 3460 4511 sit
3486 4467 3540 4511 et
3565 4455 3734 4526 genitor

2186 4549 2483 4617 sapientiae,
2502 4548 2717 4615 sapiens
2738 4546 3068 4615 appellatur;
3100 4561 3206 4600 non
3237 4546 3403 4607 enim,
3437 4555 3496 4600 ut
3518 4545 3731 4607 diximus,

2187 4656 2253 4695 ex
2299 4638 2561 4708 sapientia
2595 4636 2811 4705 sapiens
2856 4636 3017 4699 Deus,
3049 4634 3143 4691 scd
3177 4649 3242 4687 ex
3271 4634 3516 4702 sapiente
3545 4632 3645 4687 Deo
3666 4646 3730 4685 sa-

2185 4730 2386 4802 pientia
2440 4728 2703 4799 procedit.
2752 4726 2944 4781 Merito
2997 4726 3195 4781 dicitur
3241 4725 3342 4779 soli
3391 4725 3608 4793 sapienti
3634 4724 3730 4786 Deo,

2189 4820 2333 4875 solus
2362 4827 2445 4873 est
2479 4818 2622 4872 enim
2653 4818 2727 4871 ita
2758 4817 2972 4887 sapiens
2998 4815 3159 4879 Deus,
3212 4822 3274 4869 ut
3310 4816 3623 4883 sapientiam
3648 4814 3733 4883 ipse

2191 4910 2361 4980 magis
2386 4908 2652 4978 genuerit,
2676 4922 2837 4977 quam
2862 4921 2929 4962 ex
2957 4907 3221 4975 sapientia
3244 4906 3463 4975 sapiens
3490 4904 3653 4959 factus
3666 4902 3731 4967 sit,

2189 5009 2244 5055 et
2274 5007 2420 5057 recte
2446 4999 2495 5053 ei
2523 4998 2737 5052 claritas
2754 5014 2846 5067 per
2865 4997 3046 5051 Jesum
3080 4995 3346 5053 Christum
3373 4994 3616 5056 refertur,
3639 4993 3735 5061 quia

2194 5091 2269 5144 ita
2296 5089 2591 5158 sapientem
2642 5101 2763 5141 esse
2789 5085 2959 5141 solum
2993 5084 3187 5147 Deum,
3217 5092 3280 5137 ut
3310 5084 3425 5152 ipse
3456 5082 3734 5152 sapientiam

2190 5179 2478 5252 genuerit,
2538 5176 2788 5233 Christus
2830 5174 3027 5240 Jesus,
3081 5175 3171 5243 qui
3218 5183 3303 5229 est
3358 5172 3461 5243 Dei.
3498 5173 3657 5227 virtus
3694 5179 3733 5224 et

2190 5271 2285 5325 Dei
2314 5270 2597 5338 sapientia,
2624 5267 2947 5332 declaravit;
2980 5267 3033 5320 in
3062 5266 3257 5321 swcula
3284 5278 3415 5319 vero
3438 5263 3729 5323 seculorum,

2189 5360 2332 5431 quod
2360 5360 2433 5414 sit
2460 5360 2628 5414 moris
2664 5358 2957 5429 Scriptum
2981 5357 3178 5413 divina
3218 5354 3631 5411 immensitatem
3659 5368 3733 5423 per

2191 5450 2305 5504 haec
2333 5460 2574 5517 tempora
2603 5448 2916 5517 designare;
2946 5447 3111 5501 Amen
3137 5455 3338 5510 autem,
3368 5444 3524 5513 quasi
3556 5442 3617 5496 ad
3638 5455 3729 5494 con-

2192 5539 2551 5595 ﬁrmationem
2580 5539 2817 5593 omnium
2837 5578 2851 5604 ,
2887 5551 3007 5607 quae
3037 5535 3285 5607 superius
3320 5535 3518 5603 scripta
3554 5539 3659 5588 sunt
3688 5528 3725 5581 in

2192 5629 2297 5683 fine
2322 5628 2521 5698 posuit,
2547 5642 2644 5696 per
2670 5629 2811 5697 quod
2839 5628 3131 5681 vernaculo
3155 5624 3503 5682 Hebrzeorum
3527 5631 3727 5678 seruum

2191 5734 2317 5773 vera
2347 5728 2400 5774 et
2432 5719 2605 5775 fidelia
2636 5734 2753 5775 esse
2778 5736 2895 5789 quae
2920 5729 3045 5775 sunt
3079 5720 3275 5793 scripta
3303 5718 3553 5789 signaret.
