4088 6462
1653 526 1824 570 ANNO
1861 526 2086 570 DOMINI
2115 526 2352 568 CMXXV.

1314 709 2652 922 NICOLAUS

778 1103 1445 1199 CONSTANTI
1470 1100 2170 1220 NOPOLITAN
2195 1101 2328 1193 US
2399 1101 3150 1192 PATRIARCHA

1658 1493 2309 1628 NOTITIA.

476 1730 748 1794 Auctore
781 1728 854 1791 Β.
896 1724 954 1791 P.
989 1731 1152 1796 God.
1184 1729 1600 1794 Hensclienio
1641 1730 1704 1792 in
1745 1733 1917 1795 Actis
1960 1737 2068 1799 SS.
2104 1734 2392 1824 Bolland.
2430 1733 2574 1796 Mttii
2607 1742 2756 1793 tom.
2791 1731 2892 1819 ill,
2927 1733 3031 1792 die
3065 1727 3161 1806 15,
3207 1750 3343 1810 pag.
3385 1733 3518 1792 309.

432 2011 637 2068 Leonis
692 2015 969 2085 Sapientis
1034 2033 1125 2072 seu
1193 2015 1506 2087 PhiIOSOphi
1581 2017 2222 2087 imperatorisAslathii
2287 2017 2480 2072 classis
2539 2017 2827 2088 Drungarii
2885 2028 2936 2072 et
2994 2017 3289 2083 Caramali,‘
3347 2032 3444 2070 nec
3497 2023 3600 2069 non

357 2105 948 2175 Coastantinopolitani
986 2110 1248 2178 mysticus
1271 2107 1530 2164 fueratS.
1563 2109 1841 2192 Nicolaus,
1879 2109 1932 2164 id

360 2207 469 2256 cst,
523 2211 631 2249 non
679 2198 857 2251 solum
910 2198 1224 2254 secretioris
1266 2199 1386 2268 ejus
1429 2199 1642 2254 consilii
1691 2210 1930 2266 senator,

271 2299 279 2307 '
364 2287 463 2340 sed
494 2288 667 2356 ipsius
715 2297 939 2342 senatus
989 2296 1183 2345 oculus
1228 2307 1322 2345 seu
1370 2306 1605 2358 praeses;
1652 2292 1799 2346 etab
1830 2293 1930 2347 hoc

363 2378 651 2433 excellenti
682 2380 1000 2446 magistratu
1028 2380 1323 2434 translatus
1355 2390 1439 2433 est
1483 2381 1548 2434 ad
1590 2381 1931 2449 patriarcha-

368 2479 484 2524 tum
525 2470 1211 2540 Constantinopolitanutn,
1247 2488 1309 2525 ac
1342 2473 1558 2525 tandem
1595 2474 1784 2540 plenus
1813 2473 1927 2527 die-

366 2579 488 2616 rum
519 2578 584 2616 ac
615 2563 931 2617 meritorum
977 2564 1229 2633 migraiit
1280 2565 1344 2618 ad
1396 2565 1674 2619 Christum
1718 2566 1820 2620 hoc
1861 2567 1928 2619 15

367 2652 534 2706 ﬂaii:
573 2654 637 2708 ad
685 2669 844 2723 quem
892 2655 1054 2718 diem,
1105 2657 1296 2718 sancti,
1346 2655 1458 2710 sive
1499 2654 1591 2708 τοῦ
1638 2658 1695 2709 ὲν
1726 2656 1924 2722 ἁγίοις,

365 2742 684 2810 patriarcha
764 2743 1338 2812 Constantinopolitani
1401 2745 1610 2799 Nicolai
1670 2749 1926 2816 depositio

366 2835 629 2902 inscripta
659 2843 743 2888 est
788 2845 1104 2904 pervetusto
1152 2835 1456 2904 Synaxario
1497 2837 1752 2892 Ecclesia:
1780 2837 1925 2892 Con-

365 2924 885 2994 stantinopolitanae,
919 2927 1062 2996 quod
1098 2937 1181 2981 est
1231 2926 1455 2998 Collegii
1519 2929 1926 2983 Claromontani

365 3016 644 3071 societatis
666 3015 797 3072 Jesu
821 3016 1066 3073 Parisiis.
1091 3018 1344 3088 Ejusdem
1381 3020 1699 3090 patriarcha:
1721 3023 1926 3078 Nicolai

363 3123 520 3160 sacra
576 3108 838 3161 memoria
884 3107 950 3162 ad
1009 3109 1260 3164 eumdem
1315 3111 1458 3165 diem
1513 3111 1820 3166 celebratur
1869 3115 1924 3168 in

363 3199 585 3266 Menaeis
619 3215 751 3254 mss.
790 3200 1284 3258 Mediolanensibus
1323 3203 1666 3259 bibliotheca:
1699 3204 1928 3257 Ambro-

361 3293 549 3354 sianae,
610 3291 836 3360 signatis
880 3294 1057 3348 littera
1103 3293 1146 3348 Ο
1201 3305 1256 3350 et
1300 3311 1355 3349 n.
1408 3297 1544 3358 MS,
1594 3306 1649 3350 et
1699 3297 1750 3351 in
1804 3298 1928 3350 unis

362 3380 581 3435 lentis
614 3383 769 3435 ducis
816 3381 1146 3439 Sabaudiaa:
1200 3385 1254 3438 in
1289 3386 1475 3439 alteris
1518 3401 1647 3439 vero
1697 3387 1929 3440 refertur

364 3471 431 3524 ad
471 3472 610 3524 diem
637 3482 950 3540 sequentem
981 3475 1047 3527 16
1075 3474 1220 3540 Maii,
1257 3476 1331 3528 uti
1367 3477 1527 3530 etiam
1564 3478 1616 3529 in
1648 3475 1926 3531 Parisien-

365 3562 520 3615 sibus
551 3563 846 3617 cardinalis
876 3563 1153 3618 Mazarini.
1201 3567 1269 3619 At
1322 3567 1496 3634 pridie
1539 3569 1652 3626 sive
1681 3569 1746 3620 ad
1783 3569 1923 3621 diem

365 3654 434 3707 Η
478 3652 637 3718 Maii,
684 3654 738 3708 in
784 3670 918 3708 mss.
979 3654 1400 3710 Divionensibus
1449 3655 1592 3710 Petri
1646 3656 1924 3713 Francisci

360 3741 642 3809 Chiiﬂetii,
673 3746 875 3800 dicitur
909 3745 963 3800 S.
1001 3746 1259 3802 Nicolaus
1297 3749 1606 3816 patriarcha
1647 3749 1921 3803 Constan-

359 3833 759 3901 tinopolitanus
791 3834 845 3887 in
888 3849 1016 3903 pace
1046 3836 1341 3905 quievisse,
1378 3836 1805 3906 adjungiturque
1828 3837 1927 3891 hoc

355 3923 633 3976 distichon
658 3940 674 3979 :

442 4014 502 4089 '_0
520 4014 783 4089 Νυεόλαος
811 4015 1046 4089 Exit.va
1076 4017 1232 4072 σκιὰν
1262 4019 1397 4089 βίον,

431 4084 574 4161 Πρὸς
600 4084 788 4137 ἄσκιον
825 4086 1056 4154 μετῆλθε
1091 4084 1273 4154 φωτὸξ
1295 4090 1515 4158 χωρίον.

435 4191 684 4264 ρηώηιπι
718 4195 1009 4264 relinquens
1032 4195 1284 4250 Nicolaus
1320 4198 1522 4264 swcuh’,

432 4263 740 4317 Translattts
762 4276 838 4318 est
863 4263 915 4318 in
947 4269 1178 4318 nescium
1209 4267 1516 4319 umbrarum
1552 4269 1744 4323 locunt.

437 4378 488 4430 1.
530 4375 670 4431 lnler
715 4393 914 4431 uxores
985 4394 1122 4448 quas
1179 4379 1288 4433 Leo
1333 4381 1564 4448 Sapiens
1619 4383 1924 4438 successive

357 4465 538 4526 duxit,
577 4467 749 4534 prima
774 4465 1218 4536 S..Tlie0phano,
1240 4485 1363 4538 quae
1394 4487 1422 4523 a
1452 4469 1656 4525 Graecis
1691 4471 1922 4526 refertur

355 4558 424 4610 ad
459 4557 599 4610 diem
636 4557 703 4611 16
744 4556 1094 4625 Decembris;
1133 4569 1325 4628 quarta
1361 4560 1469 4614 Zoe
1510 4562 1635 4624 fuit,
1671 4579 1834 4632 quam
1867 4565 1921 4616 in

356 4647 452 4700 illa
484 4648 744 4716 dignitate
781 4649 984 4704 vixisse
1010 4666 1213 4705 annum
1250 4668 1418 4705 unum
1447 4662 1503 4706 et
1534 4669 1749 4707 menses
1779 4665 1919 4720 oi-to,

355 4739 553 4793 scribit
592 4738 700 4793 Leo
746 4738 1149 4796 Grammaticus
1178 4741 1233 4795 in
1272 4742 1743 4814 Chronographia,
1783 4747 1921 4800 hanc

355 4829 504 4882 Zoen
548 4839 890 4886 materteram
929 4849 1084 4888 suam
1123 4836 1424 4904 appellans,
1471 4837 1606 4890 adeo
1635 4848 1692 4890 ut
1722 4840 1921 4892 certior

357 4921 543 4974 haberi
580 4935 810 4990 nequeat
842 4933 1032 4978 auctor
1074 4927 1280 4980 notitiae
1333 4929 1402 4981 de
1451 4927 1506 4980 S.
1559 4927 1778 4983 Nicolao
1820 4945 1919 4998 po-

355 5012 589 5065 stulataz.
630 5012 842 5068 Mortuo
890 5032 1016 5084 ergo
1066 5018 1124 5071 S.
1162 5021 1398 5072 Antonio
1445 5021 1644 5073 Caulea
1687 5023 1916 5089 patriar-

352 5105 482 5165 cha,
513 5104 670 5172 cujus
700 5107 830 5160 Acta
857 5108 1248 5163 illustravimus
1268 5112 1331 5163 ad
1362 5112 1502 5163 diem
1534 5112 1594 5163 12
1620 5113 1916 5176 Februarii,

361 5214 376 5244 ι
428 5196 484 5247 in
534 5197 650 5264 ejus
705 5199 879 5253 locum
933 5199 1189 5254 Nicolaus
1259 5202 1602 5268 imperatoris
1657 5206 1916 5273 mysticus

352 5296 642 5354 provectus
680 5301 763 5343 est
808 5308 949 5346 anno
977 5292 1102 5355 895,
1145 5309 1304 5361 quem
1345 5295 1605 5347 creditum
1650 5298 1915 5364 sapientia

351 5380 498 5432 alios
548 5389 601 5433 et
645 5383 932 5446 prudentia
977 5387 1182 5438 anteire
1231 5404 1247 5434 ι
1307 5387 1380 5438 ait
1423 5385 1742 5440 Cedrenus:
1796 5404 1916 5456 qua:

351 5483 486 5521 vero
522 5470 709 5524 deinde
758 5476 1123 5542 contigerunt,
1159 5477 1228 5529 ita
1264 5488 1448 5530 narrat
1492 5479 1599 5531 Leo
1629 5478 1914 5532 Gramma-

352 5563 520 5620 ticus,
556 5574 674 5630 pag.
709 5562 831 5616 481.
872 5583 889 5612 ‹
931 5563 1355 5621 Tauromenium
1403 5568 1598 5622 Sicilia'
1631 5572 1816 5624 civitas
1848 5573 1913 5624 ab

358 5651 500 5705 Afris
529 5664 678 5721 capta
711 5664 812 5715 est,
852 5659 1099 5709 socordia
1130 5673 1221 5713 aut
1257 5662 1434 5714 verius
1468 5662 1769 5728 proditione
1803 5662 1908 5716 Eu-

669 5749 932 5810 ΡΑτιιοιη
982 5754 1134 5815 CXI.

2038 2108 2316 2166 Michaelis
2345 2111 2624 2174 Characti,
2659 2111 2860 2166 ihidem
2907 2121 3268 2179 reperturum,
3313 2109 3603 2179 qttainpld-

2039 2202 2193 2256 rimis
2238 2199 2610 2256 Romanorum
2659 2217 2722 2255 ea
2777 2203 2829 2255 in
2876 2202 3029 2256 clade
3068 2203 3248 2256 caesis.
3287 2200 3510 2254 Reversi
3548 2200 3601 2252 in

2039 2293 2226 2345 urbem
2269 2292 2337 2346 ab
2371 2293 2698 2360 imperatore
2736 2302 2786 2346 et
2833 2293 3143 2360 patriarcha
3181 2293 3515 2360 reprehensi,
3553 2299 3604 2345 et

2038 2398 2066 2436 a
2111 2382 2370 2437 Micliaele
2413 2382 2685 2438 Cliaracto
2733 2383 3061 2452 proditionis
3110 2383 3367 2446 convicti,
3430 2392 3603 2436 morte

2034 2471 2380 2526 condemnati
2423 2479 2600 2525 sunt:
2655 2473 2958 2540 patriarcha
3002 2487 3130 2525 vero
3182 2471 3404 2525 Nicolao
3459 2471 3600 2537 apud

2034 2565 2418 2637 imperatorem
2463 2557 2863 2632 interpellante,
2908 2578 3055 2618 mors
3099 2564 3403 2616 condonata
3435 2577 3450 2612 :
3484 2574 3602 2614 ver-

2034 2654 2368 2722 beribusque
2427 2653 2769 2708 solummodo
2801 2653 3052 2722 subjecti,
3093 2653 3249 2707 bonis
3283 2667 3470 2707 eorum
3505 2669 3602 2721 pu-

2033 2746 2264 2808 blicatis,
2292 2746 2435 2799 inter
2464 2746 2763 2800 monachos
2787 2746 2993 2801 detrusi
3021 2756 3170 2802 sunt.
3199 2764 3217 2797 ›
3242 2745 3303 2798 Et
3322 2754 3443 2815 pag.
3462 2747 3596 2800 ‘85:

2041 2854 2060 2887 ‹
2102 2834 2144 2888 Ε
2194 2835 2324 2899 Zne,
2380 2836 2593 2904 inquit,
2646 2846 2840 2903 quarta
2895 2835 3131 2905 conjuge
3183 2835 3596 2888 Constantinum

2037 2926 2206 2980 lilium
2237 2925 2346 2980 Leo
2382 2926 2641 2994 suscepit,
2674 2927 2768 2994 qui
2806 2925 2945 2980 festo
2983 2923 3275 2980 Luniinum
3313 2940 3342 2977 a
3380 2925 3599 2978 Nicolao

2033 3017 2345 3086 patriarcha
2377 3018 2432 3070 in
2459 3016 2652 3087 Magna
2701 3016 2964 3080 Ecclesia,
3005 3017 3430 3085 suscipientibus
3466 3032 3599 3087 pue-

2034 3121 2154 3160 rum
2194 3121 2223 3160 e
2275 3107 2424 3161 fonte
2472 3106 2783 3162 Alexandro
2830 3107 3174 3175 imperatore,
3232 3109 3467 3163 Samona
3500 3126 3598 3179 pa-

2033 3197 2191 3251 tricio
2249 3208 2302 3252 et
2362 3200 2681 3268 proceribus
2739 3203 2988 3263 cunctis.
3042 3201 3352 3270 baptizatus
3419 3213 3592 3258 est....

2030 3289 2290 3342 Eamdem
2326 3304 2452 3342 vero
2491 3289 2637 3343 Zoen
2681 3291 2972 3345 declaravit
3013 3294 3310 3362 Augustam
3361 3295 3594 3362 impera-

2032 3390 2139 3444 tor,
2175 3365 2341 3448 quem.
2389 3389 2678 3449 eapropter
2705 3380 2956 3436 Ecclesiae
2980 3367 3256 3437 liminibus
3287 3386 3588 3452 patriarcha

2030 3469 2308 3543 prohibuit
2361 3490 2375 3526 :
2431 3482 2490 3526 ut
2555 3475 2750 3528 exinde
2833 3477 3036 3542 pariter
3081 3479 3300 3532 dextera
3353 3483 3593 3534 ecclesia!

2034 3575 2205 3634 parte,
2253 3566 2337 3619 via
2386 3575 2648 3620 consueta
2707 3570 2922 3634 penitus
2963 3570 3168 3631 relicta,
3210 3572 3276 3624 ad
3329 3571 3590 3628 Mitatori-

2027 3653 2170 3706 cium
2194 3667 2368 3722 usque
2399 3655 2768 3719 pertransiret.
2802 3655 3070 3712 Samonas
3090 3661 3285 3716 deinde
3313 3665 3592 3718 aceuhitor

2030 3753 2317 3810 provectus
2348 3753 2446 3807 est,
2485 3746 2629 3812 quod
2662 3747 2726 3800 ad
2759 3761 2921 3801 omne
2946 3748 3157 3806 facinus
3181 3761 3235 3805 et
3268 3757 3588 3821 pravitatem

2029 3835 2343 3903 imperatori
2381 3850 2597 3889 manuni
2638 3839 2901 3905 praeberet
2937 3843 3280 3906 auxiliarem,
3317 3857 3368 3900 et
3399 3848 3589 3902 adver-

2027 3941 2121 3981 sus
2145 3925 2447 3980 Ecclesiam
2480 3939 2766 3995 coeperunt
2801 3930 3074 3984 meditari.
3101 3932 3360 3988 Vocatum
3391 3939 3589 4008 quippe

2028 4014 2095 4068 ad
2126 4029 2184 4069 se
2213 4015 2492 4069 Nicolaum
2532 4019 2894 4084 patriarcliam
2937 4022 3023 4076 die
3060 4023 3238 4092 primo
3285 4025 3585 4092 Februarii,

2027 4110 2284 4178 precibus
2317 4111 2614 4178 instabant,
2649 4121 2705 4166 ut
2752 4115 2802 4166 in
2855 4115 3152 4170 Ecclesiam
3199 4120 3582 4188 reciperentur.

2029 4198 2098 4254 Ut
2128 4215 2255 4255 vero
2290 4202 2504 4257 ﬂectere
2544 4220 2649 4257 non
2681 4216 2995 4273 potuerunt,
3020 4223 3048 4262 a
3080 4212 3327 4265 convivio
3352 4214 3585 4280 publico,

2026 4293 2090 4346 ad
2131 4293 2276 4362 quod
2316 4305 2540 4349 vocatus
2555 4298 2774 4361 “fuerat,
2816 4299 3048 4367 ejectum
3076 4311 3130 4356 et
3161 4319 3255 4371 per
3286 4305 3590 4361 Bucoleon-

2026 4393 2134 4438 tem
2165 4385 2409 4448 ductum,
2449 4387 3064 4459 lintriqueimpositum,
3112 4395 3165 4448 in
3213 4394 3446 4452 llieriam
3475 4410 3584 4453 tra-

2021 4473 2309 4541 jecerunt:
2339 4491 2367 4528 e
2397 4490 2502 4544 qua
2554 4479 2716 4544 pedes
2756 4481 2834 4531 ad
2868 4480 3198 4538 Galaerenos
3250 4501 3422 4553 usque
3463 4489 3582 4542 nire

2027 4566 2194 4618 multa
2227 4565 2504 4619 delibutus
2537 4571 2803 4634 pervenit.
2828 4572 2883 4622 In
2909 4571 3024 4640 eius
3056 4574 3231 4627 locum
3267 4574 3582 4645 Eutliyniius

2024 4657 2294 4726 synccllus
2351 4659 2432 4709 vir
2471 4659 2652 4726 gravis
2697 4669 2750 4712 et
2794 4663 3286 4729 temperatissimus
3325 4669 3582 4723 sull‘ectut

2025 4758 2127 4808 (εει,
2179 4762 2338 4807 quem
2389 4748 2578 4802 dicunt
2629 4749 2812 4804 divina
2866 4754 3196 4810 revelatione
3244 4759 3293 4811 id
3341 4763 3582 4815 muneris

2024 4839 2352 4906 suscepisse.
2408 4837 2636 4893 Volebat
2683 4842 2828 4894 enim
2881 4843 3177 4912 imperator
3234 4851 3480 4904 hieresiiu
3527 4863 3578 4905 ct

1995 4933 2194 4999 [legem
2254 4945 2479 4998 ponere,
2540 4949 2644 5000 qua
2692 4935 2807 4987 viro
2864 4946 2970 4989 tres
3022 4947 3322 5003 quatuorve
3380 4957 3576 4994 uxores

2021 5023 2223 5076 ducere
2273 5024 2479 5086 liceret,
2532 5024 2776 5092 pluribus
2830 5026 3164 5081 doctissimis
3217 5031 3348 5082 viris
3405 5033 3469 5083 ad
3519 5019 3572 5083 id

2021 5126 2179 5181 opem
2212 5111 2641 5167 conferentibus.
2681 5132 2699 5164 ι
2740 5114 2863 5168 llaec
2892 5115 2997 5168 Leo
3027 5133 3191 5185 agens
3226 5122 3291 5172 de
3318 5125 3574 5172 uxoribus

2020 5206 2330 5259 successive
2367 5207 2651 5271 ducendis,
2687 5217 2740 5259 et
2778 5211 3048 5263 consentit
3090 5212 3388 5272 Ceilrenus.
3421 5222 3574 5281 cujus

2020 5293 2284 5361 interpres
2331 5309 2612 5362 perperam
2681 5296 3003 5364 interpos‘uit
3068 5301 3228 5351 simul
3286 5312 3390 5353 tres
3440 5319 3575 5368 qua-

2020 5394 2210 5437 tuorve
2243 5398 2442 5435 uxores
2475 5395 2531 5436 ut
2565 5387 2763 5438 ducere
2793 5387 2999 5441 liceret.
3047 5389 3121 5444 De
3167 5392 3252 5444 illa
3287 5392 3414 5444 olim
3451 5411 3575 5462 pro-

2019 5476 2283 5530 liibitione
2308 5476 2412 5528 lata
2439 5478 2662 5530 consule
2693 5477 2928 5531 Matth-mi
2968 5483 3219 5534 monachi
3244 5486 3570 5550 quaestiones

2018 5569 2467 5633 matrimm’iiales,
2499 5570 2636 5622 libro
2671 5587 2764 5623 vin
2821 5575 2947 5625 ιοιηὶ
2987 5575 3140 5642 primi
3175 5574 3318 5629 Juris
3357 5579 3570 5630 (inreu-

2019 5663 2268 5727 Romani,
2330 5675 2374 5716 et
2431 5681 2549 5734 qua:
2606 5666 2896 5721 cardinalis
2949 5667 3212 5722 Bai-unius
3272 5673 3568 5725 Annalibus

3114 5764 3131 5818 1
