4098 6514
610 292 672 356 ιι
2026 288 2193 349 PIUE

2297 291 2449 353 TIU.
3108 266 3112 271 ’
3796 298 3863 361 12

605 403 837 459 inseruit
889 404 959 457 ad
1001 417 1208 458 annum
1264 398 1748 472 nongentesimum
1800 399 2060 470 primum,
2093 400 2186 455 ubi
2220 405 2262 461 A
2293 404 2669 473 promittebat.
2703 405 2958 462 Probatis
2983 416 3165 461 autem
3194 406 3246 461 in
3278 421 3307 460 a
3335 420 3567 460 zversum
3601 409 3863 463 interdum

608 496 806 567 allegat
844 514 864 549 ι
909 496 1310 565 promulgatam
1363 492 1433 547 ab
1477 493 1809 562 imperatore
1852 490 1957 548 hoc
2007 490 2190 548 Leone

605 591 1079 659 constitutionem,
1127 603 1235 659 qua
1294 585 1577 656 prohibuit
1622 586 1843 642 tertium
1903 586 2189 651 matrimo-

606 684 784 749 nium,
811 694 868 738 ut
892 681 1020 737 illud
1048 682 1441 739 contrahentes
1471 695 1633 752 ptena
1666 694 1764 750 per
1796 693 1986 736 sacros
2022 693 2193 735 eano-

604 790 706 829 ncs
754 783 957 828 statuta
1005 765 1394 842 plecterentur.
1448 769 1673 826 Interim
1727 768 1818 824 ille
1873 768 2039 833 idem,
2092 766 2188 838 qui

606 865 723 919 haec
758 862 965 926 sanxit,
1001 872 1125 932 post
1145 863 1367 918 tertiam
1391 876 1621 916 uxorem
1643 858 1989 923 defunctam,
2012 858 2193 915 adhuc

603 965 859 1026 quartam
913 955 1146 1026 accepit.
1204 953 1381 1025 Cujus
1437 953 1517 1010 rei
1564 967 1736 1007 causa
1779 948 2044 1006 Nicolaus
2094 965 2190 1019 pa-

606 1047 846 1103 triarcha
898 1047 971 1102 ab
1024 1040 1259 1115 ecclesia
1314 1047 1522 1119 ejectus
1568 1053 1691 1109 est,
1737 1056 2045 1111 omnesque
2087 1041 2193 1097 illa:

606 1144 781 1196 turba:
811 1150 940 1199 sunt
969 1142 1279 1197 subsecuta
1302 1141 1357 1194 in
1384 1138 1505 1209 ejus
1534 1127 1807 1208 ejectione
1827 1146 1883 1193 et
1914 1135 2191 1208 Euthymii

606 1233 1018 1303 subrogatione,
1055 1248 1181 1288 cum
1219 1232 1519 1289 schismate
1559 1230 1736 1286 divisa
1786 1229 1879 1296 illa
1926 1227 2189 1292 Ecclesia,

605 1323 832 1380 Nicolao
864 1324 983 1390 alii,
1037 1324 1132 1379 alii
1179 1338 1312 1379 vero
1369 1320 1668 1393 Euthymio
1718 1320 2067 1376 inluererent.
2125 1319 2196 1373 At

606 1416 887 1486 quomodo
917 1431 979 1473 se
1007 1416 1267 1472 habuerit
1293 1414 1677 1487 quadrigamia
1724 1413 1827 1469 ista
1848 1405 2064 1467 Leonis
2089 1412 2195 1465 im-

605 1508 880 1578 peratoris
913 1509 968 1562 in
995 1507 1296 1578 conjugum
1326 1506 1704 1565 successione.
1742 1519 1807 1559 ex
1837 1501 2196 1558 Prwambulis
2252 1522 2262 1537 ’

604 1600 954 1656 Constantini
993 1598 1456 1669 Porpltyrogeniti
1493 1597 1561 1653 ad
1590 1598 1829 1651 edictum
1875 1594 2097 1649 unionis
2128 1609 2193 1649 ex

608 1693 816 1747 libron
872 1690 1223 1745 Novellarum
1273 1687 1425 1744 luris
1480 1688 1773 1744 Orientalis
1831 1706 1850 1739 ι
1911 1685 2193 1752 describit,

2276 1150 2480 1197 ‘ratore
2523 1158 2710 1199 secum
2759 1143 2945 1208 ducto,
2994 1142 3331 1213 Blachernas
3381 1160 3562 1216 usque
3609 1143 3871 1215 profecti,

2297 496 2673 561 munimentis,
2721 497 3003 568 urbisque,
3050 514 3112 553 ex
3158 499 3341 568 pepuli
3385 497 3541 567 copia
3572 509 3625 568 et
3658 500 3870 554 machi-

2297 590 2402 657 nis,
2429 591 2729 647 securitate
2767 608 2832 646 ac
2876 591 3133 661 praesidio
3180 607 3497 665 conspecm,
3553 609 3649 662 spe
3701 595 3871 650 dece-

2295 689 2443 751 ptus,
2485 684 2538 737 in
2583 684 2762 739 locum
2796 684 3133 739 Hebdomum
3164 685 3368 741 dictum
3398 686 3549 755 pacis
3583 687 3871 742 oblaturus

2285 774 2502 831 .imdera
2532 793 2784 833 reversus
2808 785 2911 833 est.
2940 776 3400 834 Procuratoribus
3416 794 3603 848 pacem
3626 780 3868 835 oblatam

2296 860 2531 917 libenter
2571 864 2990 935 excipientibus,
3034 864 3256 923 Simeon
3310 867 3659 923 Theodorum
3698 869 3875 941 magi-

2297 964 2469 1011 strum
2505 956 2574 1011 de
2611 956 2700 1011 illa
2748 966 3109 1013 tractaturum
3167 960 3335 1016 misit.
3381 958 3639 1015 Nicolaus
3682 942 3886 1015 autem“

2294 1047 2631 1117 patriarcha,
2670 1048 2982 1118 Stephanus
3005 1059 3062 1106 et
3099 1048 3339 1106 Joannes
3371 1052 3653 1122 magister,
3686 1053 3887 1155 impeo‘

2296 1235 2440 1290 lilios
2471 1227 2747 1291 Simeonis
2778 1237 3026 1307 geminos
3066 1237 3401 1293 induxerunt
3437 1238 3491 1293 in
3529 1238 3745 1303 urbem,
3776 1240 3873 1310 qui

2296 1327 2351 1381 in
2399 1327 2617 1402 palatiis
2663 1343 2772 1383 una
2826 1344 2953 1386 cum
3013 1329 3340 1400 imperatore
3393 1314 3664 1387 convivali
3713 1317 3887 1387 sunt.’

2296 1416 2520 1518 Nicolao
2554 1434 2688 1506 vero
2735 1421 3057 1518 patriarcha:
3100 1423 3517 1518 ad_Simeonem
3563 1417 3886 1491 accedenti,'

2297 1511 2412 1581 ipse
2444 1510 2664 1567 Simeon
2700 1510 2861 1582 capu't
2898 1512 3130 1568 inﬂexit.
3169 1513 3489 1571 Patriarcha
3520 1516 3683 1586 igitur
3702 1532 3875 1587 super

2297 1617 2420 1658 eum
2449 1604 2757 1661 orationem
2800 1604 3048 1670 (usurus,
3092 1608 3398 1663 stemmatis
3441 1608 3558 1664 vice
3585 1610 3873 1679 preprium

2299 1694 2494 1764 capitis
2544 1705 2921 1767 tegumentum
2977 1698 3099 1767 ejus
3151 1698 3415 1769 imposuit
3462 1701 3647 1772 capiti.
3699 1701 3877 1757 Donis

606 1786 919 1855 ibidemque
954 1784 1128 1840 videri
1164 1793 1346 1853 potest
1378 1792 1527 1837 tomo
1558 1780 1602 1846 l,
1624 1796 1749 1852 pag.
1786 1779 1910 1835 105.
1954 1778 2061 1835 Sed
2092 1793 2196 1848 po-
2227 1762 2269 1818 Β
2300 1762 2485 1854 itaque
2515 1762 2798 1842 immensis
2826 1795 2883 1842 et
2909 1762 3074 1856 quam
3107 1762 3360 1844 maximis
3401 1762 3609 1860 excepti
3644 1790 3874 1847 Simeon

605 1877 713 1933 tius
745 1878 811 1931 ad
848 1875 1251 1933 restituendum
1294 1874 1351 1929 in
1392 1873 1579 1929 sedem
1634 1872 1698 1926 S.
1736 1870 2024 1925 Nicolaum
2068 1883 2197 1939 pro-

608 1984 859 2035 peremus
893 1984 907 2020 :
945 1983 1055 2037 quo
1087 1981 1189 2022 nos
1228 1967 1607 2023 manuducens
1648 1964 1820 2018 trahit
1857 1962 1967 2018 Leo
1998 1962 2163 2018 Gram

607 2064 842 2118 maticus
879 2063 953 2116 ita
986 2061 1306 2117 scribendo.

674 2178 727 2231 5.
770 2194 789 2227 ι
836 2175 974 2230 Cum
1018 2173 1128 2230 Leo
1178 2174 1502 2245 imperator,
1528 2173 1678 2245 gravi
1712 2171 1902 2227 morbo
1934 2170 2232 2244 jai~tatus,,

605 2279 984 2321 successorem
1033 2280 1197 2321 suum
1238 2265 1467 2319 fratrem
1504 2264 1877 2319 Alexandrum
1915 2262 2199 2333 designas-

605 2366 711 2420 set,
768 2369 1028 2426 essetque
1081 2357 1393 2411 obtestatus
1444 2364 1504 2410 ut
1556 2354 1978 2409 Constantinum
2024 2352 2193 2406 lilium

605 2464 767 2503 suum
803 2457 1150 2518 protegeret;
1199 2447 1357 2502 diem.
1398 2454 1708 2502 extremum
1739 2445 1874 2499 obiit
1905 2444 2195 2500 undecimo

540 2562 545 2569 π
603 2540 694 2594 die
718 2538 842 2592 Maii
872 2556 886 2592 :
931 2557 951 2590 ι
986 2554 1150 2608 quem
1191 2538 1357 2593 etiam
1403 2536 1549 2592 diem
1592 2536 1777 2591 obitus
1808 2537 2057 2605 assignat
2089 2532 2193 2589 Ce-

603 2632 829 2687 drenus.
878 2630 1120 2688 Mensem
1175 2628 1380 2685 Maium
1428 2631 1606 2685 solum
1652 2628 1864 2684 indicat
1905 2625 2191 2684 Zonaras:

603 2735 659 2778 at
692 2722 1051 2794 Curopalates
1088 2723 1309 2778 Scilitza
1343 2723 1423 2777 ait
1458 2741 1477 2775 ι
1514 2722 1572 2777 ll
1605 2720 1753 2777 Junii
1783 2722 1988 2777 mensis
2011 2721 2195 2775 deces-

604 2817 742 2871 sisse
768 2831 798 2893 e
832 2816 961 2893 vita.
996 2834 1014 2868 ι
1056 2815 1248 2871 Annus
1267 2816 1313 2871 is
1331 2822 1450 2871 erat
1486 2814 1937 2883 nongentesimus
1969 2811 2197 2868 undeci-

604 2922 747 2961 mus.
786 2926 805 2958 ι
838 2905 1001 2970 Tum,
1049 2906 1232 2975 inquit
1275 2904 1385 2962 Leo
1426 2906 1857 2969 Grammaticus,
1904 2906 2194 2974 imperavit

605 2999 913 3053 Alexander
943 3012 1051 3052 una
1075 3014 1199 3054 eum
1229 2998 1597 3053 Constantino
1622 2996 1822 3052 Leonis
1854 2996 1964 3050 lilio
1986 3012 2189 3067 annum

605 3104 773 3143 unum
801 3088 919 3143 dies
951 3089 1140 3158 viginti
1179 3104 1421 3143 novem:
1466 3088 1748 3157 missoque
1790 3090 1858 3143 ad
1905 3086 2189 3141 Nicolaum
2217 3117 2261 3178 ε

605 3185 671 3235 ad
720 3182 1053 3237 Galacrenas
1106 3182 1340 3247 nuntio,
1396 3180 1755 3252 Euthymium
1819 3180 2189 3250 patriarcham

605 3272 880 3341 deposuit,
926 3281 981 3326 et
1034 3270 1321 3326 Nicolaum
1378 3272 1623 3326 secundo
1678 3269 1941 3325 restituit.
1993 3269 2193 3325 Habuit

605 3372 791 3415 autem
846 3360 1160 3415 Alexander
1207 3360 1276 3414 ad
1328 3359 1684 3427 Magnauram
1745 3359 2065 3422 silentium,
2139 3368 2193 3412 et

604 3453 899 3508 concilium
936 3451 1257 3514 celebravit,
1289 3460 1456 3519 atque
1486 3450 1836 3520 Euthymium
1878 3454 1946 3504 ab
1981 3450 2193 3518 Agatho

605 3546 943 3601 advocavit:
994 3544 1362 3613 eamdemque
1407 3558 1534 3598 cum
1592 3540 1819 3598 Nicolao
1875 3542 2191 3612 patriarcha

599 3640 799 3697 sedere
853 3639 1033 3708 jusso,
1079 3636 1276 3706 judicii
1337 3649 1648 3691 assessores
1697 3634 1820 3704 ejus
1863 3633 2189 3703 depositioni

602 3731 874 3787 vacabant
903 3729 1188 3790 attentius,
1225 3742 1352 3781 cum
1386 3726 1656 3780 dedecore
1684 3725 1987 3781 venerandi
2020 3733 2073 3779 et
2100 3739 2194 3794 per

607 3823 792 3877 omnia
832 3820 1072 3875 mirandi
1124 3819 1222 3873 viri
1263 3817 1552 3873 colendam
1588 3816 1817 3872 barbam
1850 3816 2189 3883 vellicantes,

603 3916 825 3984 aliaque
871 3911 1165 3983 Opprohria
1229 3919 1284 3964 ct
1341 3908 1575 3980 injurias
1628 3908 1933 3964 inferentes
1981 3925 1997 3966 :
2054 3923 2192 3978 quas

603 4006 789 4077 quiete
823 4013 879 4059 et
913 4011 1202 4058 mansuete
1236 3999 1577 4056 honorabilis
1606 4008 1663 4054 et
1696 4014 1854 4054 sacer
1883 3999 1966 4053 vir
1994 4000 2193 4055 tolera-

603 4098 713 4157 bat.
753 4095 829 4151 Ex
879 4097 1080 4165 quibus
1124 4092 1193 4149 ad
1238 4094 1436 4163 Agathi
1485 4092 1632 4147 mdes
1683 4092 1791 4145 vita
1841 4091 2085 4155 functus,
2136 4094 2189 4145 in

606 4191 829 4262 proprio
886 4189 1228 4243 monasterio
1278 4186 1435 4253 juxta
1484 4185 1857 4239 Psamathitnn
1911 4184 2190 4253 depositus

604 4292 809 4337 cst.....
855 4280 1166 4334 Alexander
1218 4278 1520 4347 imperator
1568 4278 1704 4330 tnori
1750 4293 1808 4331 se
1862 4276 2186 4346 praevidens,

604 4372 830 4428 Nicolao
852 4370 1189 4440 patriarcha,
1208 4378 1259 4421 et
1288 4369 1567 4438 Stephano
1604 4367 1879 4434 Magistro,
1908 4376 1958 4420 et
1980 4364 2189 4419 Joanne

2300 1878 2354 1925 et
2384 1872 2507 1942 ejus
2548 1873 2646 1928 lilii
2689 1873 2743 1927 in
2792 1877 3024 1944 patriam
3077 1876 3282 1932 reversi
3318 1888 3469 1945 sunt,
3515 1880 3582 1935 ad
3634 1881 3872 1937 invicem

2299 1962 2581 2020 discordes
2615 1966 2686 2020 ob
2712 1964 2949 2034 praefata:
2979 1967 3130 2036 pacis
3158 1968 3593 2027 conditiones....

2370 2072 2424 2127 5.
2461 2092 2480 2126 ς
2517 2073 2910 2132 Constantinus
2954 2077 3254 2147 imperator
3298 2089 3609 2135 revocatam
3637 2095 3669 2135 a
3698 2092 3873 2137 matre
3920 2083 3929 2091 ’

2298 2173 2353 2218 et
2396 2166 2466 2220 ad
2520 2182 2581 2223 se
2636 2170 2952 2224 translatam
3009 2172 3225 2241 imperii
3274 2182 3597 2244 potestatem
3645 2189 3867 2231 omnem

2298 2255 2617 2336 declaravit,
2658 2268 2714 2313 et
2746 2258 3029 2317 Nicolaum
3075 2262 3467 2332 patriarcham,
3504 2264 3868 2335 Stephanum-

2299 2362 2407 2416 que
2436 2348 2761 2418 magistrum
2809 2351 2864 2405 in
2902 2352 3108 2422 palatio
3135 2354 3240 2410 sibi
3272 2355 3464 2412 adesse
3494 2356 3863 2413 mandaviu...
3902 2425 3911 2434 _

2300 2438 2603 2510 imperator
2637 2451 2694 2497 et
2739 2444 3045 2514 patriarcha
3089 2444 3353 2503 Joannem
3399 2447 3657 2504 Garidam
3698 2449 3764 2504 ad
3805 2465 3863 2506 se

2302 2540 2556 2585 vocatum
2610 2532 2937 2589 Scholarum
2986 2533 3356 2593 Domesticum
3404 2553 3530 2595 esse
3561 2539 3861 2609 jusserunt,

2300 2620 2455 2675 veriti
2496 2637 2563 2675 ne
2590 2622 2805 2680 Phocas
2850 2626 2902 2679 in
2936 2625 3290 2683 rebellionem
3326 2627 3677 2684 deticeret....
3706 2628 3866 2685 Nice-
3899 2618 3913 2629 ’

2299 2724 2381 2767 tas
2411 2725 2588 2769 autem
2623 2716 2909 2784 patricius,
2939 2716 3170 2772 Romani
3198 2732 3488 2785 consocer,
3522 2720 3577 2775 in
3604 2722 3864 2790 palatium

2298 2803 2596 2871 prolectus.
2647 2805 2932 2863 Nicolaum
2986 2810 3348 2879 patriarcham
3394 2810 3521 2866 inde
3570 2812 3861 2882 dejecit....

2298 2894 2589 2951 Sacrorum
2640 2910 2821 2954 autem
2864 2900 3200 2970 jejuniorum
3261 2904 3450 2973 quinta
3499 2904 3863 2967 hebdomade,

2297 3002 2485 3043 mense
2518 2989 2757 3060 Aprili,
2806 2991 3020 3048 lleleme
3074 2992 3307 3050 Romani
3376 2994 3499 3049 lilize
3548 3005 3863 3074 contractus

2292 3081 2558 3154 nuptialis
2592 3084 2757 3139 arrha
2791 3100 2821 3139 a
2848 3084 3210 3142 Constantino
3271 3101 3581 3157 mperatore
3608 3090 3859 3153 traditur,

2298 3179 2351 3224 et
2380 3174 2533 3228 tertia
2562 3172 2846 3231 Pascbatis
2876 3176 3033 3241 feria,
3054 3177 3244 3235 Galilez
3300 3180 3463 3243 dicta,
3491 3180 3855 3243 benedicitur,

2294 3269 2351 3313 et
2376 3276 2499 3316 cum
2530 3279 2592 3317 ea
2627 3266 2964 3333 nuptialibus
2993 3267 3216 3324 corollis
3262 3269 3546 3324 redimitur
3570 3284 3601 3323 a
3631 3268 3853 3323 Nicolao

2295 3352 2610 3419 patriarcha
2658 3368 2672 3405 :
2720 3364 2775 3408 et
2818 3364 2947 3410 tunc
2986 3354 3264 3412 [{omanus
3315 3358 3655 3427 imperatoris
3704 3366 3852 3428 pater

2294 3441 2634 3505 declaratur,
2697 3452 2757 3498 et‘
2808 3443 3043 3500 Romani
3096 3448 3211 3501 vice
3260 3446 3687 3517 Cbristophorus
3737 3449 3853 3515 ejus

2295 3532 2439 3587 filius
2473 3533 2863 3591 bmteriarcbes
2886 3537 3284 3594 instituitur....
3309 3538 3515 3604 Quarto
3547 3556 3671 3595 vero
3696 3554 3855 3609 supra

2294 3624 2617 3679 vicesimum
2660 3626 3002 3697 Septembris
3034 3630 3265 3694 mensis,
3299 3630 3534 3686 Caesaris
3563 3632 3856 3702 dignitate;

2298 3712 2611 3789 Decembris
2660 3729 2841 3773 autem
2882 3722 3085 3778 mensis
3128 3723 3342 3778 decimo
3394 3725 3625 3794 septimo
3661 3724 3861 3780 Chrlsti

2298 3806 2512 3863 Domini
2564 3822 2956 3879 proparentum
3008 3814 3171 3879 festo,
3227 3806 3863 3886 imperii'diadematea

2293 3900 2656 3958 Constantino
2694 3905 3035 3975 imperatore
3066 3918 3121 3964 et
3156 3908 3382 3966 Nicolao
3414 3914 3721 3980 patriarcha
3751 3913 3861 3967 llo-

2293 4008 2489 4048 manus
2517 4005 3146 4065 Wsanctorum
3195 4001 3388 4057 deinde
3443 4001 3732 4056 Luminum
3773 4006 3861 4059 die

2266 4083 2631 4163 Theodoram
2667 4093 2889 4143 Uxorem
2931 4102 3179 4147 coronat.
3222 4092 3342 4147 Mox
3389 4093 3511 4148 Maii
3542 4096 3742 4148 mensis
3772 4095 3860 4149 die

2291 4177 2502 4233 decimo
2517 4154 2751 4249 septimo
2779 4181 3071 4238 indictione
3087 4187 3274 4255 quinta
3301 4186 3400 4257 (α),
3437 4187 3861 4256 ChristOphorus

2293 4267 2521 4325 Romani
2570 4258 2724 4327 (ilius
2761 4273 3063 4343 imperator
3116 4283 3484 4343 renuntiatur,
3535 4290 3587 4333 et
3616 4278 3860 4348 ejusdem

2293 4364 2499 4418 mensis
2551 4366 2811 4419 vicesimo
2864 4378 3066 4422 sancta:
3116 4371 3467 4429 Pentecostes
3520 4372 3606 4428 die
3661 4372 3797 4427 festo
3831 4387 3861 4423 a

603 4462 873 4533 magistro
907 4459 1100 4523 Elada,
1145 4470 1199 4513 et
1252 4455 1465 4512 Joanne
1517 4469 1749 4518 rectore,
1785 4466 1839 4510 et
1877 4456 2187 4525 Euthymio,
2224 4447 2265 4503 D
2295 4458 2654 4510 Constantino
2701 4459 2987 4514 redimitur
3022 4477 3035 4513 :
3071 4462 3271 4541 istique
3317 4468 3424 4519 duo
3469 4467 3567 4521 soli
3616 4464 3861 4549 ejusdem

608 4553 887 4613 Basilitze,
921 4560 977 4606 et
1009 4551 1401 4619 Gabriclopulo
1425 4550 1874 4618 procuratoribus
1900 4548 2188 4611 institutis,

605 4646 971 4700 Constantino
1009 4642 1207 4698 Leonis
1259 4644 1373 4697 lilio
1426 4643 1647 4711 reliquit
1687 4641 2069 4711 imperiunm...
2113 4642 2189 4695 Eo

604 4737 786 4807 itaque
821 4736 1007 4807 palatii
1056 4744 1381 4805 potestatem
1417 4737 1632 4805 adepto,
1671 4734 1928 4789 Nicolans
1956 4735 2189 4802 patriar-

604 4830 705 4883 cha
743 4829 909 4884 rebus
952 4830 1347 4884 communibus
1396 4826 1736 4897 providebat,
1770 4841 2065 4895 curamque
2094 4842 2186 4895 ge-

605 4922 759 4975 rebat
787 4920 1237 4989 quotidiauorum
1268 4919 1418 4988 regni
1460 4917 1899 4988 negotiorutn....

683 5012 735 5065 4.
797 5031 813 5063 ‹
878 5010 1065 5065 Mense
1124 5026 1286 5079 porro
1338 5011 1582 5082 Augusto
1639 5010 1860 5063 Simeon
1921 5009 2185 5079 Bulgaria:

604 5108 877 5175 princeps.
932 5106 1197 5159 adversus
1259 5102 1535 5157 Romanos
1589 5113 1906 5170 comparato
1942 5104 2181 5157 exercitu

604 5213 730 5252 cum
773 5195 1123 5250 multitudine
1162 5195 1312 5263 gravi
1358 5194 1891 5262 Constantinopolim
1936 5195 2180 5262 appulit;

606 5301 659 5344 et
690 5291 834 5343 vallo
866 5303 893 5341 a
931 5290 1248 5344 Blacbernis
1289 5287 1351 5341 ad
1380 5298 1587 5355 portam
1620 5288 1884 5356 Chryscm
1933 5296 2193 5341 vocatam-

607 5384 1010 5444 circumducto,
1065 5381 1257 5435 urbem
1292 5380 1503 5434 obsedit
1543 5396 1555 5431 :
1594 5381 1799 5447 alisque
1834 5380 1945 5449 spei
1980 5396 2091 5433 sua:
2128 5382 2179 5433 in

604 5473 839 5528 sublime
875 5474 1078 5536 elatus,
1134 5473 1492 5526 subacturum
1540 5472 1767 5525 omnino
1820 5473 1965 5526 nullo
2000 5472 2183 5526 labore

677 5631 750 5699 (τι)
781 5628 895 5681 lino
926 5645 1083 5684 nona.

678 5703 749 5769 (ὁ)
786 5699 925 5769 Lege
950 5702 1173 5754 decima.

2293 4548 2399 4602 diei
2436 4564 2694 4617 processu
2738 4550 2967 4604 solemni
3014 4568 3113 4621 per
3156 4555 3343 4610 urbem
3394 4556 3666 4626 progressi
3713 4548 3863 4613 sunt.

2291 4637 2461 4693 Porro
2480 4639 2623 4693 Julio
2640 4657 2822 4695 mense
2840 4641 3133 4697 indictione
3153 4646 3427 4713 octava(b)
3452 4647 3539 4700 die
3558 4646 3861 4713 Dominica,

2292 4734 2457 4786 totius
2482 4733 2733 4787 Ecclesiae
2762 4749 2789 4785 a
2829 4734 3072 4795 Romano
3113 4737 3243 4791 inita
3277 4748 3354 4792 est
3382 4741 3698 4800 concordia,
3727 4754 3867 4793 cun-

2290 4826 2392 4879 ctis
2445 4827 2803 4894 metropolitis
2847 4838 2901 4881 et
2951 4829 3187 4893 clericis,
3221 4831 3313 4898 qui
3349 4844 3377 4881 a
3415 4828 3620 4884 Nieolai
3655 4839 3708 4884 et
3750 4831 3865 4884 Eu-

2294 4920 2483 4989 thymii
2534 4920 2779 4987 partibus
2818 4920 3011 4973 divisis
3058 4928 3322 4975 steterant
3372 4921 3592 4985 animis,
3639 4924 3691 4975 in
3725 4938 3866 4976 con-

2291 5011 2599 5063 sensionent
2641 5011 3086 5066 redeuntibus....

2360 5102 2409 5155 6.
2438 5121 2455 5151 ‹
2484 5100 2784 5170 Septembri
2808 5117 2935 5169 vero
2954 5120 3141 5159 mense
3171 5105 3461 5158 indictione
3508 5107 3741 5160 secunda
3766 5106 3859 5175 (c),

2294 5193 2511 5247 Sitneon
2554 5194 2816 5263 Bulgariae
2852 5196 3125 5265 princeps,
3149 5197 3321 5263 copiis
3346 5197 3600 5251 omnibus
3625 5199 3857 5261 eductis,

2290 5286 2551 5338 adversus
2569 5284 3093 5355 Constantinopolim
3111 5287 3504 5356 expeditionem
3520 5300 3695 5358 parat.
3732 5288 3860 5343 Inde

2293 5378 2578 5432 Thraciam
2603 5389 2656 5433 et
2674 5378 3042 5436 Macedoniam
3076 5381 3453 5450 depopulatur,
3476 5382 3719 5438 incendia
3734 5385 3860 5439 ubi-

2290 5487 2395 5540 que
2416 5472 2640 5541 spargit,
2680 5474 2870 5542 evertit
2899 5475 3103 5541 oninia,
3128 5482 3181 5529 et
3205 5477 3267 5529 ad
3298 5476 3520 5531 arbores
3551 5490 3723 5547 usque
3762 5471 3872 5532 cx-i

2361 5626 2431 5701 (τ)
2456 5628 2593 5702 Lege
2621 5632 2910 5686 undecima.
