4098 6510
262 288 330 346 lii
1682 288 2094 350 l'llIEFATlO.
3433 292 3492 349 ll.

253 399 477 452 scindit.
501 399 581 452 Ad
610 398 936 453 Blarhernas
965 412 1219 469 praeterea
1245 402 1521 468 devectus,
1546 401 1822 457 Nicolaum
1852 407 1898 464 Α
1928 404 2139 472 quinto,
2169 402 2460 458 indictione
2491 405 2643 456 tertia
2677 404 2776 471 (ει),
2817 411 3040 455 mortem
3083 402 3212 456 obiit
3243 402 3493 458 Nicolans

254 489 630 557 patriarcham
675 500 730 545 et
779 507 1066 562 procerum
1117 495 1404 564 quosdam,
1459 501 1520 547 ut
1573 493 1640 548 de
1695 509 1826 563 pace

254 582 593 647 conferrent,
629 583 694 636 ad
731 598 790 637 se
821 585 964 639 mitti
1011 585 1328 655 postulavit.
1376 583 1526 640 Datis
1557 584 1721 656 igitur
1758 601 1822 640 ex

254 681 413 740 parte
443 683 673 742 utraque
707 675 1014 740 obsidibus,
1042 685 1414 732 convenerunt
1442 678 1591 746 prius
1612 677 1825 747 quidem

253 765 519 821 Nicolaus
549 768 880 834 patriarcha,
912 769 1108 824 deinde
1137 758 1374 824 Michael
1402 767 1672 825 Patricius
1697 768 1826 840 Sty-

254 857 458 925 piotes,
509 868 563 913 et
612 857 855 915 Joannes
903 859 1183 931 Mysticus,
1227 862 1319 930 qui
1373 863 1442 918 ab
1497 862 1826 931 imperatore

253 951 530 1006 secundas
582 951 817 1008 tenebat.
869 953 932 1006 Et
984 953 1037 1006 hi
1068 952 1298 1021 {quidem
1329 969 1450 1008 eum
1479 953 1734 1008 Simeone
1762 956 1826 1008 de

253 1056 391 1109 pace
432 1050 728 1098 tractatum
789 1044 1107 1098 habebant:
1165 1044 1384 1099 Simeon
1438 1053 1619 1099 autem
1679 1054 1826 1099 retro

253 1149 356 1188 eos
402 1135 720 1189 amandavit
767 1154 781 1190 :
821 1135 995 1204 ipsum
1045 1151 1174 1190 vero
1218 1137 1600 1206 imperatorem
1645 1137 1828 1191 videre

250 1225 505 1303 expetiit,
540 1240 568 1280 a
609 1227 797 1282 multis
823 1228 890 1281 de
917 1227 1036 1298 ejus
1077 1228 1382 1296 prudentia,
1427 1227 1746 1285 fortitudine
1773 1239 1828 1282 et

251 1302 483 1371 sulertia
518 1317 719 1372 certior
753 1317 1023 1373 factus....
1060 1320 1357 1389 Imperator
1408 1334 1513 1373 una
1558 1334 1681 1374 cum
1728 1335 1828 1389 pa-

252 1408 498 1463 triarcha
518 1406 744 1463 Nicolao
768 1410 835 1463 ad
868 1410 1197 1466 Blachernas
1225 1421 1277 1465 et
1308 1422 1554 1466 sanctum
1588 1413 1824 1467 loculum

253 1513 604 1570 progressus,
662 1500 727 1554 ad
786 1515 975 1570 preces
1034 1517 1228 1556 manus
1282 1504 1581 1557 extendit:
1629 1503 1828 1559 deinde

254 1607 468 1661 pronus
512 1593 564 1646 in
598 1601 797 1647 terram
838 1594 1060 1659 cadens,
1109 1609 1326 1651 sacrum
1376 1597 1631 1668 lacrymis
1675 1598 1828 1667 pavi-

252 1688 502 1733 mentum
563 1678 836 1750 irrigavit;
903 1681 1186 1752 Deiparam
1255 1699 1284 1737 a
1344 1685 1463 1742 labe
1530 1687 1823 1741 immunem

1933 492 2273 562 patriarcha,
2327 501 2446 559 post
2482 491 3248 546 secundamrcuuntiationcm
3300 494 3489 546 thr-om-

1933 585 2140 654 potitus
2173 599 2346 638 annos
2382 583 2676 638 tredecim:
2718 585 2944 654 ejusque
2976 599 3183 654 corpus
3235 585 3287 637 in
3333 584 3494 639 Gala-

1932 692 2222 734 ereuarum
2278 677 2614 733 monasterio
2676 679 2744 730 ab
2792 691 2856 732 eo
2907 677 3130 734 condito
3185 679 3495 748 depositum

1932 780 2033 826 est.
2074 787 2093 820 ι

2004 865 2057 918 8.
2099 865 2373 919 Hactenus
2418 863 2526 917 Leo
2569 862 2996 925 Grammaticus,
3046 873 3237 918 auctor
3284 877 3500 917 coaetus

1933 966 1988 1007 et
2017 958 2268 1008 oculatus
2323 955 2479 1009 testis
2540 954 2594 1007 in
2643 968 2740 1007 sua
2802 953 3271 1021 Chronographia,
3334 969 3494 1020 quam

1915 1046 2322 1100 -indictionibus
2365 1061 2647 1116 perperam
2688 1044 2928 1099 deﬁnitis
2980 1044 3362 1098 interturlavit
3415 1047 3497 1093 3n-

1935 1138 2184 1192 curiosus
2251 1138 2453 1208 aliquis
2512 1137 2887 1192 amanuensis.
2947 1135 3081 1190 Nam
3141 1135 3284 1190 sicut
3338 1133 3495 1188 antea

1936 1246 2055 1300 pag.
2090 1231 2216 1294 497,
2262 1230 2359 1285 lin.
2392 1231 2447 1294 7,
2481 1230 2795 1300 legelatur:
2833 1228 3068 1282 Indictio
3107 1229 3334 1286 decima,
3362 1243 3499 1281 nam:

1935 1338 2056 1377 cum
2098 1323 2214 1377 sola
2267 1338 2407 1375 nona
2451 1333 2598 1376 esset
2638 1322 2978 1386 collocanda,
3017 1322 3090 1375 ita
3128 1321 3180 1375 in
3211 1321 3322 1388 jam
3355 1331 3500 1373 trnn~

1935 1395 2394 1485 scriptiseadem
2463 1431 2601 1469 nona
2653 1415 2872 1468 imliclio
2934 1429 3218 1485 perperam
3275 1424 3502 1467 tinentur

1934 1508 2138 1576 quinta,
2185 1520 2330 1561 anno
2376 1507 2584 1562 scilicet
2614 1508 2739 1571 92!,
2774 1522 2885 1575 quo
2924 1505 3502 1576 Christophorusltn-

1935 1597 2079 1651 mani
2116 1596 2386 1677 Leeapeni
2420 1597 2567 1652 ﬁlius
2600 1597 2690 1652 die
2712 1598 2783 1651 20
2826 1597 2949 1652 Maii
2984 1596 3124 1653 festo
3155 1596 3501 1652 Pentecosti-s

1934 1699 2016 1745 est
2052 1689 2350 1759 imperator
2395 1697 2710 1744 coronatus.
2773 1687 2851 1743 Eo
2900 1689 3109 1746 scilicet
3159 1704 3302 1743 anno
3353 1690 3504 1758 ryclo

250 1770 584 1832 obtestatus,
630 1780 688 1825 ut
724 1770 987 1826 inﬂexum
1017 1781 1071 1827 et
1103 1774 1332 1844 rigidum
1370 1776 1590 1845 superbi
1621 1775 1830 1831 Simeo-
1861 1783 1906 1842 Β
1937 1781 2077 1835 luna:
2115 1782 2205 1845 10,
2232 1781 2363 1837 solis
2401 1781 2457 1843 6,
2487 1779 2672 1836 littera
2702 1780 3026 1836 Dominicali
3054 1778 3119 1847 G,
3165 1779 3373 1834 Pascha
3410 1797 3500 1832 cu-

253 1861 346 1916 nis
386 1860 659 1918 emolliret
704 1879 818 1928 cor,
868 1872 919 1919 et
963 1881 1084 1936 qum
1134 1876 1264 1921 sunt
1302 1867 1452 1936 pacis
1496 1869 1826 1937 inspiraret:

251 1955 524 2025 Sacraque
554 1956 831 2020 scriniolo,
871 1973 979 2028 quo
1011 1961 1314 2015 veneranda
1347 1968 1550 2016 saneta:
1590 1960 1831 2031 Deipara:

251 2047 424 2101 vestis
473 2049 710 2117 reposita
751 2061 855 2115 est,
904 2060 1116 2120 aperto,
1177 2051 1321 2106 illam
1364 2053 1489 2106 inde
1537 2054 1830 2116 sublatam,

249 2157 318 2194 ex
356 2140 459 2196 [ide
488 2158 594 2210 qua
638 2143 690 2198 in
730 2143 1135 2199 immaculatam
1178 2144 1272 2200 Dei
1302 2144 1632 2201 Genitricem
1663 2148 1832 2215 polle-

249 2235 371 2297 bat,
417 2234 560 2288 velut
601 2234 809 2304 galeam
844 2235 1006 2305 capiti
1053 2236 1478 2304 circumponens
1514 2237 1829 2305 imperator,

251 2326 589 2380 ﬁrmissimis
665 2328 834 2382 armis
904 2328 1175 2393 munitus,
1240 2328 1405 2384 classi
1460 2328 1561 2382 viae
1611 2329 1831 2390 comite,

248 2417 463 2487 clypeis
502 2427 556 2472 et
581 2422 749 2474 armis
774 2419 1063 2483 adornata,
1094 2423 1160 2474 ad
1189 2420 1469 2489 prml‘txum
1500 2421 1673 2476 locum
1706 2436 1830 2475 cum

250 2509 516 2564 Simeone
544 2519 878 2566 tractaturus
905 2511 1234 2567 accessit....
1264 2512 1487 2567 Simeon
1519 2528 1661 2582 equo
1691 2513 1835 2567 desi-

250 2601 400 2654 lieus
445 2600 510 2653 ad
561 2601 949 2670 imperatorem
1001 2604 1253 2665 accesSit,
1309 2604 1542 2676 dataque
1597 2605 1831 2658 invicem

249 2689 458 2756 salute,
501 2692 648 2760 pacis
699 2703 988 2748 tractatum
1037 2705 1425 2763 moverunt....
1470 2695 1692 2751 Simeon
1727 2698 1833 2750 im-

251 2785 534 2853 perato‘ris
557 2785 988 2842 moderationem
1021 2798 1075 2842 et
1106 2802 1389 2843 sermones
1417 2804 1540 2843 cum
1575 2803 1836 2843 verecun-

252 2874 350 2928 dia
381 2874 634 2939 miratus,
672 2890 860 2944 pacem
911 2878 1165 2947 componi
1212 2878 1422 2932 annuit.
1486 2877 1620 2932 Cum
1670 2880 1834 2949 igitur

251 2966 360 3022 sibi
411 2966 643 3022 invicem
703 2967 1112 3037 valedixissent,
1172 2985 1201 3025 a
1248 2985 1309 3027 se
1352 2982 1540 3028 mutuo
1572 2973 1833 3042 disiuncti

253 3070 482 3116 ποια..

331 3155 382 3208 7.
405 3172 424 3203 ι
451 3153 764 3209 Decembris
793 3165 978 3210 autem
1006 3157 1211 3213 mensis
1236 3160 1322 3214 die
1339 3161 1600 3214 vicesimo
1622 3164 1832 3230 quinto,

251 3246 396 3300 ﬁlios
424 3261 555 3301 suos
599 3247 945 3316 Stephanum
998 3261 1052 3302 et
1099 3249 1520 3306 Constantinum
1559 3253 1835 3308 Romanus

251 3334 476 3404 imperii
527 3351 732 3391 corona
790 3339 1008 3392 cinxit:
1046 3341 1142 3394 sed
1183 3350 1237 3394 et
1277 3338 1740 3412 Theophylactum
1779 3347 1838 3395 ti-

252 3428 390 3481 lium
427 3427 683 3482 clericum
727 3431 958 3485 t0tondit
984 3431 1312 3500 patriarcha,
1349 3443 1403 3489 et
1437 3435 1832 3489 subdiacooum

250 3519 559 3583 ordinavit,
614 3521 943 3592 tandemque
993 3522 1306 3593 Syncellum
1351 3528 1643 3594 promovit,
1708 3523 1830 3580 cum

251 3611 408 3680 prius
443 3611 507 3665 ad
559 3621 808 3667 sanctum
857 3615 1163 3683 ingressum
1205 3629 1328 3668 cum
1364 3617 1716 3671 Subdiacouis
1749 3617 1829 3668 nl-

252 3705 438 3759 lecms
472 3706 927 3774 processisset....
961 3707 1158 3763 Mensis
1191 3723 1320 3762 vero
1350 3709 1472 3763 Maii
1505 3709 1592 3762 die
1621 3710 1832 3762 tlt'tfllltt)

333 3824 414 3891 (ά)
445 3822 587 3894 Lege
617 3825 772 3876 tertia
804 3825 1032 3878 decium.

1930 1874 2203 1930 lebratum
2234 1872 2335 1927 fuit
2359 1873 2493 1942 ipsis
2523 1872 2782 1928 Kalendis
2806 1873 3028 1943 Aprilis,
3053 1883 3108 1926 et
3138 1871 3334 1924 festum
3362 1869 3502 1922 Prn-

1936 1971 2170 2019 tccostes
2217 1963 2365 2017 dieto
2393 1961 2463 2015 20
2493 1961 2641 2016 Maii.
2677 1959 2879 2015 Eodem
2912 1975 3099 2015 errore
3131 1960 3254 2014 dein
3284 1960 3502 2013 indit-rio

1933 2064 2115 2108 octava
2151 2069 2250 2124 pro
2281 2054 2504 2116 decium,
2539 2053 2771 2108 secunda
2807 2069 2905 2124 pro
2929 2049 3229 2130 undecima,
3262 2061 3312 2104 cl
3347 2054 3498 2104 tertia

1890 2130 1895 2138 ‘
1935 2162 2032 2215 pro
2073 2139 2279 2198 decima
2334 2145 2491 2198 tertia
2538 2153 2785 2208 notatur,
2833 2155 2996 2214 atque
3041 2145 3112 2197 ita
3146 2144 3283 2213 apud
3317 2143 3503 2196 Conti-

1936 2249 2223 2293 nuatorem
2270 2237 2302 2292 9
2356 2236 2693 2290 indictionem
2761 2236 2862 2305 legi
2928 2236 3187 2289 observat
3240 2235 3291 2286 in
3350 2231 3503 2284 Notis

1931 2330 2229 2385 Combefts.
2280 2329 2526 2383 Mortuus
2564 2343 2694 2398 ergo
2735 2335 2820 2382 est
2859 2337 3099 2398 sanctus
3133 2325 3390 2378 Nicolaus
3441 2325 3505 2375 iii

1938 2422 2059 2476 Maii
2092 2423 2222 2476 anni
2248 2422 2375 2477 925.
2406 2397 2712 2476 Restitutus
2737 2428 2918 2474 autem
2945 2421 2998 2472 in
3032 2397 3158 2473 sc’de
3181 2417 3246 2471 ab
3271 2417 3505 2470 Alexan-

1935 2515 2034 2569 dro
2070 2514 2418 2583 imperatore,
2475 2528 2619 2565 anno
2677 2512 2805 2576 911,
2849 2522 2945 2565 aut
2994 2511 3147 2565 initio
3198 2511 3500 2579 sequentis.

1935 2607 2074 2660 Nam
2123 2603 2168 2658 is
2215 2603 2392 2657 solum
2439 2616 2583 2655 anno
2630 2616 2738 2655 uno
2775 2610 2830 2655 et
2863 2601 3058 2655 diebus
3095 2601 3284 2670 viginti
3313 2607 3503 2652 Ilovi'tn

1935 2695 2234 2765 regnavit:
2288 2702 2452 2763 atque
2501 2696 2571 2748 ita
2625 2694 2726 2747 hac
2773 2693 3011 2748 secunda
3067 2693 3184 2746 vice.
3240 2691 3496 2746 Ecclesia:

1937 2787 2151 2856 praefuit
2181 2784 2240 2840 S.
2269 2785 2524 2840 Nicolaus
2564 2786 2722 2839 anuis
2757 2786 3052 2839 tredecim;
3088 2785 3400 2852 Appellatus
3425 2790 3505 2833 est

1937 2879 2078 2933 idem
2107 2876 2357 2932 Nicolaus
2390 2877 2633 2940 Priscus,
2672 2891 2767 2931 seu
2809 2878 2929 2944 ejus
2982 2877 3223 2930 nominis
3271 2876 3503 2944 pﬁlﬂlls.

1881 3025 1898 3042 η
1939 2981 2186 3039 respectu
2218 2984 2409 3023 eorum
2445 2969 2537 3036 qui
2573 2979 2758 3036 postea
2795 2976 3202 3027 successerunt,
3255 2964 3504 3018 fuerunt-

1939 3076 2046 3130 que
2107 3061 2362 3114 Nicotaus
2408 3059 2816 3130 Chrysoberges
2866 3059 2968 3114 sub
3027 3058 3224 3115 Basilio
3277 3058 3502 3112 ιιοευειειί

1941 3152 2203 3222 Lecapcui
2253 3152 2363 3206 ﬁlio
2411 3160 2535 3221 post
2571 3166 2778 3205 annum
2807 3150 2931 3215 980,
2961 3159 3013 3205 et
3043 3150 3296 3205 Nicolaus
3319 3150 3509 3204 Gram-

1940 3246 2190 3309 maticus,
2225 3246 2327 3299 sub
2354 3244 2544 3298 Alexio
2573 3244 2877 3299 Commeno
2905 3246 3147 3308 seniore,
3179 3245 3378 3298 saeculo
3411 3255 3504 3295 xu.

1941 3337 2126 3391 Exstat
2159 3346 2338 3390 autem
2366 3347 2513 3390 tomo
2543 3336 2559 3388 1
2602 3333 2748 3389 Juris
2779 3335 3261 3397 Grmco—liomani,
3296 3334 3388 3386 lib.
3429 3349 3501 3391 η,

1940 3432 2080 3485 inter
2127 3431 2438 3484 Seutentias
2486 3430 2775 3500 synodales
2822 3428 3152 3483 Constitutio
3202 3429 3306 3483 sub
3349 3424 3512 3480 titutn'
3552 3481 3564 3499 ι-

1940 3523 2144 3577 Nicolai
2200 3522 2392 3584 Prisci,
2447 3523 2590 3590 quod
2643 3521 2837 3575 litterae
2897 3522 3291 3589 patriarchales
3342 3524 3509 3590 gr-Its

1941 3615 2312 3668 t'onredanlur
2343 3614 2650 3683 petentibus
2679 3628 2770 3668 eas
2849 3613 2920 3666 uti
2973 3611 3192 3675 ibidem,
3228 3627 3346 3681 pag.
3406 3615 3510 3663 “liti

1944 3709 2044 3777 iugi
2073 3719 2271 3776 potest.

1163 4010 2674 4021 wwm“
2688 4013 2818 4021 -..-

1029 4192 1588 4306 ANGELO
1679 4193 1927 4359 MAI
2012 4197 2733 4309 MONI'I‘UM.

1664 4436 1856 4503 tSI-iicil.
1886 4439 2017 4488 Rom.
2044 4439 2124 4497 Χ.)

344 4749 390 4805 l.
437 4744 698 4802 Nicolaus
725 4755 911 4801 noster
947 4745 1048 4799 sub
1079 4743 1257 4797 Leone
1278 4743 1530 4812 Sapiente
1562 4744 1688 4811 itup.
1723 4743 1786 4797 ad
1811 4747 2220 4813 pﬂil'ittl‘l‘ltaiclll
2251 4746 2429 4799 sedem
2458 4759 2574 4800 evet
2594 4756 2676 4798 tus
2702 4743 2802 4798 fuit
2829 4760 2971 4798 anno
3003 4746 3126 4808 895',
3155 4750 3510 4814 quadriennio

264 4847 395 4908 post
430 4836 612 4890 Photii
653 4835 882 4888 obitum.
911 4833 1055 4886 idem
1089 4841 1213 4900 post
1243 4832 1573 4886 novennium
1622 4835 1731 4901 (aut
1764 4843 1884 4900 post
1916 4849 2088 4888 armos
2118 4832 2221 4898 XI,
2255 4845 2311 4888 ut
2339 4834 2536 4887 dicitur
2558 4834 2699 4903 apud
2734 4833 3117 4888 Leunclavium
3162 4838 3214 4888 in
3260 4835 3389 4888 Jure
3415 4838 3509 4892 (ἐν.

269 4927 451 4988 “cum,
483 4939 539 4993 p.
578 4923 705 4992 501)
745 4937 773 4974 a
808 4919 988 4974 Leone
1022 4918 1304 4990 praedicto,
1341 4921 1425 4975 cui
1463 4921 1514 4972 in
1560 4929 1877 4988 quartarum
1932 4920 2241 4987 nuptiarum
2296 4919 2508 4988 negotio
2545 4922 2956 4984 adversabatur,
2998 4921 3126 4974 sede
3167 4923 3360 4988 pulsus
3394 4936 3511 4985 est,

263 5029 437 5084 quam
473 5012 693 5066 nonnisi
722 5023 867 5063 anno
897 5008 994 5062 9H
1034 5008 1136 5063 sub
1152 5008 1463 5062 Alexandro
1485 5008 1683 5061 Leonis
1707 5007 1975 5062 demortui
2006 5009 2171 5059 t'ratre
2205 5006 2565 5072 recuperavit,
2593 5008 2767 5059 donec
2793 5023 2936 5059 anno
2959 5006 3060 5059 99.4
3085 5007 3236 5070 obiit,
3265 5008 3514 5061 decursis

268 5107 324 5157 in
356 5101 713 5174 episc0patus
747 5097 1016 5166 regimine
1049 5096 1338 5167 (subducta
1372 5098 1549 5151 exsilii
1586 5095 2015 5163 intercapedine)
2048 5095 2207 5147 annis
2243 5095 2417 5148 tribus
2454 5108 2616 5163 supra
2666 5093 2879 5161 viginti.
2907 5095 2987 5145 Ab
3012 5094 3320 5162 Ephraemio
3352 5096 3512 5148 chro-

277 5189 592 5263 nographo,
622 5205 674 5241 ν.
709 5187 932 5251 10,050,
979 5200 1160 5254 seqq.,
1187 5185 1385 5240 dicitur
1414 5195 1541 5240 ante
1571 5187 1858 5254 episcopali

1932 5199 1944 5234 I
1974 5183 2273 5235 monachus
2296 5184 2441 5249 pius,
2471 5183 2706 5250 sapiens,
2741 5196 2932 5250 magna
2974 5180 3116 5234 fama
3156 5184 3430 5250 prmditus,
3464 5191 3517 5236 ct

271 5280 583 5352 Byzantina
623 5279 752 5332 sede
778 5276 998 5345 dignus,
1027 5288 1192 5344 quam
1222 5274 1540 5343 priusquam
1583 5283 1892 5342 occuparet.
1922 5272 2157 5326 cilicium
2189 5271 2399 5340 mystici
2430 5281 2670 5338 gesserat
2698 5272 2860 5340 (quod
2892 5271 2942 5322 ei
2971 5271 3311 5340 cognominis
3344 5272 3516 5324 instar

267 5369 542 5437 iubmsit),
569 5367 620 5420 id
648 5377 752 5432 est,
788 5377 848 5420 ut
871 5366 1029 5436 vulgo
1052 5364 1393 5433 intelligitur,
1424 5365 1682 5417 sanctiori
1711 5363 1935 5418 consilio
1953 5361 2130 5415 aulico
2149 5376 2177 5414 a
2206 5361 2427 5414 secretis
2445 5360 2639 5414 fuerat.
2671 5361 2751 5412 Ab
2769 5360 2958 5413 eodem
2988 5359 3288 5427 Ephraemio
3316 5361 3515 5416 dicitur

272 5466 440 5529 gente
468 5454 656 5515 Italus,
688 5461 739 5506 et
772 5468 800 5506 a
833 5462 1024 5505 natura
1055 5461 1409 5520 comparatus
1432 5453 1497 5503 ad
1528 5451 1858 5518 eloquentiat

1948 5451 2121 5517 ὲκφὺς
2157 5449 2397 5511 Ἰταλῶν,
2427 5450 2635 5516 εὐφυὴς
2668 5451 2796 5517 περὶ
2826 5449 3036 5515 λόγους.
3059 5447 3337 5499 Nicolaum
3373 5450 3513 5500 hunc

273 5544 458 5600 sancti
497 5541 658 5597 titulo
691 5543 950 5596 donatum
985 5540 1142 5594 video
1176 5554 1205 5591 a
1238 5538 1473 5592 Baronio
1520 5538 1571 5590 in
1616 5538 1936 5597 Annalibus,
1980 5548 2032 5592 et
2070 5554 2098 5592 a
2147 5536 2539 5600 Bollandianis,
2588 5537 2800 5605 (Supero
2844 5538 3046 5591 scilicet
3093 5537 3143 5588 in
3194 5537 3515 5603 pattiarcltis

271 5633 726 5701 ConstantinOp.,
748 5639 801 5684 et.
822 5629 1165 5684 llenschenio
1192 5627 1243 5680 in
1269 5626 1413 5680 Actis
1439 5625 1760 5680 Sanctorum
1782 5627 1868 5694 die
1894 5645 1959 5680 xv
1988 5627 2132 5689 Maii,
2155 5626 2247 5695 qui
2274 5635 2576 5693 postremus
2607 5633 2725 5678 acta
2755 5626 2890 5694 ejus,
2914 5641 2977 5677 ex
3007 5624 3186 5677 Leone
3219 5634 3511 5692 pl'IBa‘CNlttt

269 5723 652 5781 Grammatice
683 5721 898 5786 hausta,
936 5727 1187 5775 accurate
1220 5716 1457 5787 scripsit.
1494 5715 1570 5772 Ne
1604 5718 1726 5785 quid
1759 5715 1934 5771 dicam
1969 5716 2033 5770 de
2065 5715 2220 5771 laude
2268 5714 2573 5768 sanctitatis
2608 5714 2659 5767 in
2697 5712 2972 5768 Nicolaum
3008 5729 3032 5766 a
3069 5712 3267 5767 Gt'itcis
3317 5728 3439 5769 [ωδε
3467 5732 3514 5761 ιιι
