4098 6450
602 299 670 361 15
2014 304 2427 366 I’IHSFA'I‘IO.
3793 300 3861 364 16

598 410 895 472 cumulata,
931 424 1061 465 sane
1096 410 1329 480 rigidum
1368 411 1488 466 vita!
1518 427 1714 481 genus.
1759 414 1914 480 cujus
1954 416 2345 482 ‘argnmentum
2387 425 2469 468 est
2510 423 2773 470 tractatus
2804 415 2920 484 ejus
2962 430 2991 468 a
3040 414 3192 467 nobis
3232 422 3373 466 retro
3408 421 3761 467 memoratus
3802 420 3861 464 et

596 498 800 561 editus,
847 497 1141 567 pastoralis
1190 500 1416 568 insuper
1443 498 1685 567 ejusdem
1722 498 1907 563 zelus,
1940 500 2243 553 constantia
2292 511 2345 555 et
2378 501 2573 555 eximia
2625 502 2895 567 cliaritas,
2945 502 3139 556 metito
3184 500 3489 569 opinionem
3527 498 3863 553 sanctitatis

595 584 818 641 Nicolao
850 587 1178 642 conciliasse
1215 588 1489 642 videntur.
1528 586 1683 642 Nunc
1729 589 1777 643 ei
1812 588 1889 642 rei
1934 588 2210 658 negotium
2262 588 2534 643 facessere
2581 589 2826 644 nonnulli
2864 588 3279 643 haud'absurde
3314 588 3557 648 credent,
3596 587 3756 653 quod
3802 585 3860 637 in

593 673 832 729 secunda
861 673 927 728 ad
967 673 1265 743 principem
1314 674 1643 729 Saracennm
1672 675 1899 743 epistola
1950 675 2247 731 honorilice
2284 676 2532 730 Photium
2570 677 2822 746 appellat.
2860 674 3254 730 Verumtamen
3305 676 3356 729 id
3405 688 3563 747 more
3610 672 3867 727 fortasse

595 759 911 817 Grzecorum
942 760 1019 827 fit,
1045 761 1187 831 apud
1220 776 1360 831 quos
1384 762 1610 816 Photius
1644 763 1910 832 insignem
1939 762 2202 819 doctrina:
2228 779 2343 818 sua:
2370 766 2685 819 inemoriam
2724 766 2942 835 reliquit
2966 782 2979 820 :
3006 766 3203 820 deinde
3224 765 3475 820 eumdem
3510 762 3700 817 multo
3725 769 3866 815 ante

592 850 798 903 abitum
846 864 967 904 cum
998 854 1143 919 ‘papa
1168 848 1374 903 Joanne
1410 850 1821 903 reconciliatum
1854 850 2060 906 scimus
2095 868 2108 904 :
2141 851 2376 921 denique
2408 861 2467 906 nt
2494 868 2619 907 cum
2648 853 2950 908 reverentia
2983 853 3047 906 de
3076 852 3267 906 Photio
3295 854 3644 921 loqueretur.
3676 849 3866 921 pictas

594 940 838 1007 quaedam
864 938 1055 999 suasit,
1081 936 1207 1006 quia
1228 950 1285 991 se
1305 936 1722 1007 presbyteralem
1748 936 1816 990 ab
1838 950 1903 991 eo
1922 937 2189 1006 recepisse
2204 940 2668 994 consecrationem
2699 940 2783 993 his
2808 940 2985 993 verbis
3026 938 3203 991 innuit
3228 955 3243 993 :
3271 940 3299 991 ὁ
3326 936 3576 1006 ἀοίδιμος
3609 934 3862 996 Φώτιος,

593 1026 621 1077 ὁ
654 1026 790 1092 ἐμὸς
824 1025 883 1077 ὲν
913 1022 1194 1093 Πνεύματι
1227 1021 1371 1092 ἁγιῳ
1394 1024 1598 1093 πατήρ.
1624 1022 1804 1083 Causa
1830 1038 1957 1078 vero
1978 1023 2211 1078 nominat

2243 1026 2294 1079 di
2321 1024 2573 1080 Photium
2607 1026 2721 1081 haec
2748 1025 2873 1091 fuit,
2906 1026 3051 1096 quod
3079 1027 3127 1080 is
3156 1038 3282 1078 cum
3340 1024 3661 1093 patriarcha
3691 1027 3861 1092 ’θεοί-ι

591 1113 851 1183 singulari
883 1109 1246 1167 benivolentia
1284 1125 1410 1163 cum
1450 1109 1709 1164 Saraceni
1753 1110 2047 1181 principis,
2086 1113 2177 1167 cui
2223 1113 2478 1170 Nicolaus
2511 1116 2722 1177 scribit,
2759 1127 2913 1185 patre
2962 1116 3246 1169 devinctus
3280 1112 3492 1167 fuisset.
3528 1110 3863 1180 Ceteroqui

591 1199 882 1259 subLeone
913 1202 1067 1269 imp.,
1094 1214 1203 1268 quo
1236 1209 1479 1268 tempore
1510 1198 1818 1267 patriarcha
1849 1199 1949 1254 fuit
1975 1200 2254 1266 Nicolaus,
2284 1218 2475 1270 pacem
2502 1203 2865 1273 dogmaticam
2896 1203 3139 1272 (excepta
3160 1210 3478 1273 quartarum
3515 1201 3859 1270 nuptiarum

590 1288 959 1343 controversia
984 1285 1346 1356 disciplinari)
1380 1287 1523 1340 inter
1553 1285 1823 1342 Eeclesias
1857 1284 2154 1343 Romanam
2182 1289 2257 1357 ac]
2280 1289 2633 1358 Byzantinam
2668 1288 2857 1351 fuisse,
2882 1300 3106 1358 apparet
3136 1288 3339 1357 passim
3374 1287 3426 1340 in
3450 1286 3539 1341 his
3565 1285 3863 1368 epistolis,

588 1375 1016 1447 nominatimque
1040 1376 1095 1429 in
1132 1389 1273 1428 Lxxv
1300 1391 1313 1428 :
1350 1372 1705 1443 Exploratum
1741 1375 1836 1429 tibi
1871 1369 1969 1439 etl,
2007 1386 2234 1446 tempore
2264 1376 2466 1429 domini
2500 1374 2688 1429 Leonis
2716 1392 2909 1445 papam
2935 1385 2983 1429 et
3016 1377 3105 1445 qui
3131 1376 3180 1428 ei
3207 1373 3571 1435 adliarebant,
3614 1374 3693 1426 ad
3715 1389 3861 1425 con-

588 1464 821 1517 cordiam
850 1463 1374 1533 conjunctionemque
1406 1478 1526 1515 cum
1559 1460 1797 1517 Ecclesia
1836 1474 2019 1518 nostra
2054 1465 2357 1529 deuenisse;
2391 1477 2611 1531 cumque
2639 1462 2748 1515 alta
2788 1477 2893 1531 pax
2923 1471 3078 1527 esset,
3107 1469 3215 1516 etc.
3241 1459 3411 1531 Igitur
3431 1459 3746 1515 dissidium
3781 1475 3857 1516 ac

588 1564 759 1621 prope
790 1550 1051 1614 schisma,
1072 1551 1218 1621 quod
1245 1550 1391 1604 haud
1426 1550 1594 1605 semel
1619 1550 1673 1604 in
1693 1552 1815 1605 aliis
1842 1552 2194 1622 epistularum
2224 1550 2361 1606 locis
2385 1560 2740 1615 memoratur,
2769 1549 2908 1603 inter
2931 1550 3078 1619 ipsos
3099 1549 3302 1619 sapius
3328 1548 3559 1602 vertitur
3583 1545 3854 1614 Graecos,

586 1652 818 1706 quorum
854 1653 982 1706 pars
1013 1637 1226 1707 quartis
1257 1638 1483 1707 nuptiis,
1516 1653 1671 1707 teque
1701 1653 1765 1693 ac
1800 1621 2051 1705 Romani,
2087 1638 2323 1694 favebat.
2356 1640 2632 1694 Interdutn
2689 1648 2869 1693 tamen
2903 1653 3026 1692 cum
3063 1636 3325 1692 Romanis
3348 1651 3571 1707 quoque
3604 1646 3859 1691 conten-

586 1728 751 1788 ditur,
786 1727 1089 1796 praesertim
1120 1726 1175 1780 in
1210 1740 1359 1779 xxxii
1386 1725 1578 1794 grandi
1609 1726 1861 1796 epistola,
1888 1726 1980 1797 qui
2009 1724 2172 1783 Leoni
2199 1726 2332 1799 imp.
2359 1727 2622 1783 adversus
2650 1743 2812 1782 suum
2842 1727 3204 1798 patriarcbam
3234 1726 3529 1797 suppetias,
3561 1726 3862 1794 legatione

586 1814 773 1873 missa,
810 1813 1041 1866 tulerant
1068 1828 1083 1878 ;
1115 1812 1208 1867 sed
1236 1811 1302 1865 de
1338 1812 1422 1865 his
1460 1810 1621 1867 infra.

653 1898 717 1953 Il.
750 1898 832 1953 Ob
871 1900 1011 1955 hanc
1044 1900 1260 1955 brevem
1286 1900 1354 1954 de
1388 1896 1612 1955 Nicolao
1633 1900 2017 1957 absolvendam
2045 1893 2315 1968 notitia’m,
2343 1917 2514 1958 unum
2545 1902 2679 1958 mihi
2700 1902 3107 1973 ;nomiaandum
3130 1910 3375 1970 superest
3411 1900 3856 1967 documentum,

583 1989 792 2041 creteris
819 1985 1134 2058 biographis
1160 1986 1466 2056 ignoratum
1495 1996 1782 2058 propterea
1816 1990 1961 2060 quod
1998 1991 2049 2043 in
2094 2006 2200 2046 ms.
2234 1992 2419 2046 codice
2452 1992 2587 2046 latet
2622 1988 2742 2047 Vat.
2771 1988 2956 2046 Ottob.
2985 1986 3217 2044 CXLVII
3250 2004 3303 2059 p.
3336 1988 3458 2043 132.
3495 2003 3663 2059 seqq.
3723 1989 3841 2043 hoc

584 2074 722 2127 itnlo
757 2091 770 2127 :
817 2072 1162 2143 Ἑκφώνησις
1195 2073 1386 2127 Λέοντι
1413 2074 1733 2145 τῷνεὺσεόεῖ
1759 2075 1972 2145 βασιλεῖ
1998 2077 2089 2129 ἐπὶ
2117 2079 2425 2150 χειροτονίᾳ
2452 2078 2725 2134 Νικολάου
2767 2076 2862 2131 τοῦ
2906 2077 3212 2146 ἀγιωτάτου
3251 2063 3598 2147 πατριάῇχου
3619 2091 3637 2106 ·
3680 2075 3844 2147 ᾠκο.

584 2166 820 2235 νόμηται
846 2165 902 2218 δὲ
928 2163 1004 2227 ὡς
1035 2164 1576 2235 αὑτοσχεδιασθείπα.
1629 2165 1819 2221 Oratio
1854 2168 1924 2222 ad
1964 2166 2186 2223 Leonem

2234 2167 2519 2238 'eligiosum
2559 2169 2930 2235 imperatorem
2979 2166 3033 2219 in
3082 2164 3415 2219 ordinatione
3450 2161 3683 2223 Nicolai
3710 2181 3852 2218 san-

564 2253 804 2306 ctissimi
837 2253 1177 2322 patriarcha.
1202 2252 1373 2308 Habet
1406 2266 1583 2308 autem
1615 2256 1840 2324 formam
1874 2257 2118 2311 dictionis
2148 2255 2541 2326 extemporalis.
2572 2252 2716 2309 Sane
2744 2269 2845 2309 nee
2873 2254 3090 2325 elegans
3107 2262 3190 2307 est
3216 2253 3328 2306 haec
3353 2252 3553 2318 oratio,
3580 2267 3689 2307 nec
3715 2267 3854 2324 gra-

584 2342 753 2395 \IOIIS
788 2345 1073 2407 momenti,
1105 2356 1283 2411 neque
1306 2341 1469 2412 digna
1502 2342 1635 2395 mihi
1675 2343 1787 2397 visa
1821 2354 1925 2407 est,
1966 2360 2087 2413 qua
2138 2344 2291 2398 ﬁeret
2326 2359 2511 2398 comes
2541 2343 2866 2398 disertarum
2899 2351 3061 2411 atque
3093 2340 3418 2410 elegantium
3471 2337 3685 2398 Nicolai
3719 2338 3852 2409 epi-

585 2430 869 2484 stolarum.
898 2427 1295 2483 Collaudantur
1318 2430 1372 2482 in
1406 2426 1467 2482 ea
1500 2426 1611 2482 Leo
1640 2428 1770 2497 imp.
1802 2440 1854 2483 ct
1878 2428 2158 2486 Nicolaus.
2186 2432 2358 2485 Aliter
2383 2442 2562 2485 tamen
2583 2430 2895 2499 iudicabam
2919 2429 2985 2483 de
3012 2429 3133 2482 fidei
3159 2427 3495 2497 professione
3520 2442 3551 2481 a
3579 2424 3849 2491 Nicolao,

583 2520 714 2570 dum
752 2516 1122 2583 ordinaretur,
1160 2516 1376 2587 publice
1415 2515 1664 2575 recitata.
1698 2523 1751 2569 ct
1810 2517 2064 2585 przedicto
2104 2514 2361 2572 sermoni
2400 2522 2608 2573 adnexa
2633 2556 2648 2583 ,
2688 2532 2808 2587 qua!
2843 2517 3109 2586 religiosa:
3145 2515 3385 2570 historiae
3433 2515 3607 2569 multo
3642 2515 3849 2569 utilior

586 2616 692 2665 cst.
725 2616 837 2659 tum
880 2606 1009 2676 quia
1047 2604 1361 2675 Byzantina:
1390 2602 1648 2658 Ecclesia:
1675 2605 1885 2673 praxim
1942 2605 1992 2657 in
2024 2617 2252 2660 suorum
2298 2606 2602 2660 antistitum
2657 2605 3075 2675 inauguratione
3120 2603 3490 2669 demonstrat,
3530 2612 3651 2657 tum
3707 2604 3843 2672 quia

586 2698 872 2767 perspicua
906 2694 1304 2764 praecipuorum
1353 2691 1669 2760 dogmattnn
1710 2692 1978 2760 expositio
2027 2704 2132 2747 est.
2182 2691 2377 2760 Utique
2409 2690 2795 2756 Lennclavius,
2821 2693 2865 2747 si
2915 2693 2965 2747 ei
3016 2700 3291 2760 comperta
3333 2689 3549 2755 fuisset,
3601 2690 3753 2744 hanc
3788 2692 3843 2743 in

586 2788 833 2840 Gnccum
862 2783 951 2851 jus
984 2781 1373 2836 transtulisset.
1411 2780 1623 2834 Etenim
1653 2780 1738 2833 illa
1773 2796 1935 2849 quam
1969 2780 2129 2834 habet
2155 2794 2209 2849 p.
2235 2779 2305 2835 40
2336 2782 2549 2835 diversa
2580 2780 2806 2834 omnino
2832 2780 3159 2849 breviorque
3207 2788 3315 2833 est.
3342 2775 3603 2833 Vaticana
3630 2778 3845 2833 inscri-

587 2877 750 2937 bitur,
796 2869 1071 2939 Σύμόολον
1103 2868 1339 2931 πίστεως
1368 2866 1618 2925 ἐπιδοθὲν
1647 2866 1741 2919 ἐπὶ
1769 2871 1835 2939 τῇ
1868 2869 1965 2937 τῆς
2011 2870 2205 2922 ὲπισκο

2226 2870 2315 2937 πῆς
2344 2867 2610 2923 Νικολάου
2649 2868 3024 2939 προχειρήσει.
3073 2867 3201 2921 Post
3238 2865 3561 2936 prooemium
3591 2865 3663 2919 ad
3699 2881 3844 2935 pra:-

584 2975 766 3018 sentes
824 2963 1111 3032 episcopos
1143 2999 1158 3025 ,
1195 2958 1482 3030 profitetur
1517 2956 1772 3011 Nicolaus
1807 2958 1963 3011 tidem
1991 2972 2146 3012 suam
2178 2959 2244 3013 de
2273 2955 2537 3012 Trinitate
2582 2958 2714 3015 satis
2743 2958 3016 3012 subtiliter
3058 2967 3111 3009 et
3155 2955 3456 3019 enucleate,
3498 2954 3648 3009 nulla
3687 2954 3839 3009 facta

555 3052 861 3108 ~tnentione
916 3051 983 3105 de
1033 3048 1407 3104 controversia
1459 3062 1583 3102 cum
1632 3044 1841 3100 Latinis
1883 3048 2027 3101 circa
2083 3045 2319 3117 Spiritus
2376 3045 2552 3101 sancti
2594 3046 3018 3115 processionem.
3065 3041 3285 3097 Transit
3340 3057 3464 3097 mox
3503 3043 3570 3095 ad
3607 3041 3836 3115 Domini

587 3141 1016 3197 incarnationem
1048 3152 1211 3207 quam
1243 3151 1396 3204 aaqne
1436 3146 1627 3190 contra
1657 3135 1838 3189 varios
1865 3149 2081 3190 errores
2110 3134 2401 3205 diligenter
2456 3133 2699 3204 expOuit.
2759 3132 3048 3187 Postremo
3093 3142 3297 3201 septem
3334 3131 3830 3185 meumcnicarum.

587 3246 724 3300 mtas
756 3238 1022 3291 recenset,
1056 3227 1387 3297 synodorum
1423 3223 1835 3279 deliuitionibus
1874 3223 2152 3279 adhaerere
2180 3237 2239 3279 se
2268 3224 2575 3277 conlltetur.
2605 3221 2680 3275 De
2714 3230 2869 3275 sexta
2904 3220 3124 3289 quidem
3175 3218 3384 3290 synodo
3416 3218 3529 3273 hanc
3554 3222 3628 3273 ait
3659 3216 3826 3272 εΤῶν

593 3319 652 3371 τὸ
682 3317 1012 3369 ανούσῖατον
1035 3316 1129 3366 καὶ
1163 3315 1275 3375 τοῖς
1314 3311 1598 3365 εὐσεϐέων
1626 3310 1908 3380 ἀθέλητον.
1936 3310 1993 3363 ἒν
2037 3310 2130 3362 ἐπὶ
2157 3310 2252 3364 τοῦ
2281 3309 2646 3381 Θεανθρὼπου
2679 3307 2911 3377 θέλημα,
2953 3308 3181 3379 Σεργξου
3224 3310 3316 3361 καὶ
3346 3308 3561 3380 uappa-4
3586 3307 3677 3360 καὶ
3706 3304 3826 3359 Κύο

553 3454 569 3472 ,
587 3425 703 3477 ρου,
734 3408 892 3467 ὅσους
920 3420 977 3456 τε
1015 3403 1206 3465 ἄλλους
1233 3403 1293 3454 τὸ
1326 3402 1561 3470 πονηρὸν
1587 3399 1992 3469 συνεκρότησαν
2010 3399 2171 3469 ὲργαε

2204 3398 2375 3469 τὴρτον
2400 3397 2779 3466 ἀθετησάντων
2797 3412 2811 3427 ’
2839 3397 3112 3451 Asscntior
3134 3394 3387 3483 Panibus
3406 3437 3421 3461 ,
3451 3398 3539 3465 qui
3594 3395 3822 3449 stultum

582 3506 631 3547 ct
667 3493 1076 3546 ortltodoxorum
1106 3488 1367 3542 voluntati
1396 3502 1692 3556 repugnans
1722 3486 2026 3555 ﬁgmentum
2062 3488 2216 3539 unius
2246 3485 2297 3537 in
2328 3484 2433 3536 Deo
2470 3484 2759 3537 Immanuto
2790 3483 3075 3537 voluntatis
3104 3480 3463 3545 abo!euerunt,
3491 3480 3694 3553 Sergii,
3734 3482 3826 3534 in.

583 3597 742 3653 quant
779 3594 826 3633 et
858 3578 1051 3648 Pyrrhi
1081 3593 1142 3629 ac
1173 3574 1325 3645 Cyri,
1362 3586 1406 3628 et
1446 3574 1678 3627 aliorum
1708 3575 2012 3643 qnarumrit
2043 3588 2263 3641 pravum
2301 3587 2557 3626 errorem.
2591 3570 3008 3627 Animadvertat
3030 3573 3118 3627 ltic
3150 3573 3399 3643 quisquis
3439 3586 3545 3625 non
3582 3572 3824 3639 partium

586 3672 680 3726 sed
725 3666 968 3723 veritatis
998 3665 1181 3720 studio
1210 3664 1453 3729 ducitur,
1482 3665 1623 3717 duos
1654 3661 1937 3715 Nicolaum
1988 3660 2306 3716 decessores
2347 3676 2477 3715 suos
2504 3659 2871 3730 patriarchas,
2901 3665 3120 3716 tertium
3164 3671 3344 3715 autem
3384 3658 3820 3712 Alexandrinum

584 3760 725 3814 inter
745 3760 1027 3811 «laureatos
1056 3753 1342 3809 haereticos
1369 3752 1673 3814 nominare,
1704 3749 1927 3803 Ilonorii
1954 3764 2081 3802 vero
2101 3748 2330 3803 Romani
2355 3749 2554 3803 nullam
2580 3748 2912 3804 mentionem
2940 3748 3137 3812 facere,
3162 3748 3227 3801 de
3248 3763 3356 3817 quo
3380 3759 3556 3806 tamen
3585 3754 3821 3808 reticere

586 3862 693 3901 non
714 3854 922 3917 poterat
939 3844 983 3897 si
1008 3855 1196 3911 reapse
1215 3841 1268 3893 in
1283 3839 1420 3894 actis
1438 3838 1766 3892 authenticis
1780 3846 1944 3892 sextae
1963 3838 2153 3907 synodi
2175 3851 2371 3891 nomen
2392 3837 2510 3905 ejus
2531 3842 2790 3909 scriptum
2815 3836 3026 3893 fuisset.
3048 3835 3195 3891 lianc
3217 3836 3437 3892 Honorii
3457 3840 3817 3917 emissionem

585 3952 618 3991 η
648 3932 876 4004 epistola
912 3945 1127 3999 quoque
1164 3927 1423 3998 synodica
1454 3926 1513 3979 S.
1548 3923 1855 3997 Sophronii
1893 3924 2041 3994 (quae
2065 3923 2201 3977 lecta
2233 3923 2336 3979 fuit
2365 3927 2416 3978 in
2453 3938 2607 3980 sexto
2634 3928 2890 3995 concilio)
2926 3939 3152 3996 prorsus
3177 3924 3316 3991 lieri,
3348 3926 3459 3997 jam
3484 3942 3583 3997 ego
3604 3930 3717 3984 dixi
3761 3931 3820 3984 in

586 4024 941 4083 adnotatione
971 4021 1037 4075 ad
1069 4018 1272 4074 Nicetis
1304 4017 1644 4071 Thesaurum
1688 4012 1878 4084 Spicil.
1914 4014 2026 4082 t.V,
2062 4031 2116 4085 p.
2159 4016 2284 4069 £63.
2318 4015 2451 4071 Item
2492 4017 2547 4071 in
2583 4016 2768 4073 libello
2805 4016 3119 4073 Graecorum
3168 4019 3431 4088 synodico
3468 4018 3609 4074 haud
3652 4020 3824 4075 scribi

584 4131 707 4171 cum
745 4112 1016 4183 praedictis
1048 4106 1276 4163 Honorii
1305 4119 1526 4167 nomen,
1557 4104 1668 4157 dixi
1700 4105 1751 4157 in
1792 4104 1977 4159 adnot.
2011 4104 2075 4158 ad
2097 4102 2418 4158 Photianum
2451 4116 2736 4175 syntagma
2773 4120 3044 4160 canonum
3090 4106 3143 4161 in
3192 4105 3380 4177 Spicil.
3419 4116 3457 4162 t.
3488 4105 3604 4173 VII,
3660 4102 3713 4178 p.
3762 4108 3823 4165 5.

584 4206 737 4273 Quod
772 4202 816 4256 si
849 4200 907 4254 S.
938 4199 1243 4252 Germanus
1274 4193 1349 4247 De
1380 4194 1508 4247 Itwr.
1550 4200 1599 4245 et
1630 4208 1746 4262 syn.
1784 4192 1924 4261 apud
1961 4206 2059 4245 nos
2092 4202 2238 4245 tonio
2269 4188 2467 4247 eodem
2501 4202 2641 4263 part.
2680 4209 2718 4259 t,
2752 4206 2807 4265 p.
2856 4193 2955 4261 52,
2990 4193 3298 4250 ‘lIonorinm
3343 4212 3560 4267 quoque
3588 4198 3819 4252 collocat

583 4311 705 4350 cum
740 4288 1015 4346 damnatis
1043 4282 1427 4346 Monetlielitls,
1458 4295 1637 4336 nonne
1670 4281 1750 4333 vcl
1788 4282 1901 4348 ipse
1940 4280 2199 4349 deceptus
2238 4279 2360 4344 fuit,
2406 4282 2493 4337 vel
2533 4281 2779 4351 ejusdem
2816 4281 3051 4339 fortasse
3077 4284 3335 4353 scriptum
3383 4285 3765 4355 interpolatum
3797 4285 3824 4339 ἶ

582 4383 650 4437 Et
676 4381 889 4449 quidem
919 4372 1178 4430 Germani
1207 4370 1425 4426 libellus
1441 4370 1636 4439 privati
1668 4370 1855 4437 scripti
1889 4369 1993 4420 vim
2022 4368 2215 4434 habet;
2239 4379 2294 4422 at
2317 4366 2612 4439 Sophronii
2633 4370 2885 4440 epistola,
2910 4380 2962 4424 et
2987 4369 3192 4426 Nicolai
3224 4370 3516 4441 professio,
3542 4374 3818 4443 publicam

584 4469 839 4526 Ecclesiae
866 4464 1247 4519 auctoritatem
1282 4475 1392 4530 prae
1422 4474 1480 4514 se
1518 4457 1719 4512 ferunt.
1773 4457 1895 4509 ila'c
1931 4456 2127 4525 scripsi
2154 4456 2295 4517 haud
2328 4455 2569 4512 fremens
2598 4473 2775 4528 neque
2823 4458 3163 4513 debacchans
3214 4473 3313 4527 pro
3366 4456 3627 4515 Romana:
3669 4464 3820 4516 sedis

584 4569 807 4621 honore,
832 4565 891 4611 ut
908 4558 970 4609 de
993 4551 1283 4622 pontilieiis
1303 4548 1662 4619 scriptoribus
1680 4550 1753 4601 ait
1773 4547 1998 4601 (lavrus
2027 4546 2093 4598 ad
2114 4561 2167 4598 vt
2194 4548 2512 4608 concilium.
2538 4555 2628 4602 sed
2653 4546 2891 4617 pacificze
2916 4547 3157 4601 veritatis
3182 4557 3415 4617 utSpero
3435 4548 3818 4606 viribusnixus

581 4661 634 4705 ct
675 4647 853 4702 intimi
884 4657 1081 4699 sensus
1120 4637 1433 4695 testimonio
1463 4638 1838 4691 conﬁrmatus.
1875 4633 1978 4687 Sed
2014 4633 2125 4702 jam
2159 4637 2223 4688 ad
2256 4634 2463 4690 Nieolai
2493 4637 2755 4705 epistolas
2783 4636 3148 4690 accedendum
3185 4645 3288 4692 est.

652 4736 737 4790 lll.
785 4734 891 4786 llas
915 4731 1222 4784 invenimus
1252 4736 1469 4780 centum
1496 4724 1847 4792 etsexaginta
1869 4736 1975 4776 tres
2000 4724 2052 4776 in
2085 4724 2268 4779 codice
2289 4722 2571 4789 Vaticano,
2604 4740 2832 4793 quarum
2854 4726 2937 4791 (ut
2961 4726 3074 4778 suis
3104 4725 3240 4779 locis
3274 4725 3620 4797 atlnotamus)
3655 4744 3818 4783 unum

580 4828 765 4881 Gra'cc
790 4822 1047 4879 elLatine
1078 4832 1186 4870 non
1219 4817 1431 4885 plenam
1462 4812 1732 4865 Baronius
1764 4812 2007 4865 ediderat
2041 4811 2107 4863 ad
2138 4825 2228 4864 an.
2265 4808 2391 4871 9l7,
2419 4810 2558 4877 apud
2592 4823 2691 4861 nos
2726 4823 2811 4875 ep.
2858 4808 2965 4873 9.8;
3010 4810 3144 4863 alias
3176 4824 3300 4864 vero
3331 4821 3568 4879 quatuor
3608 4823 3815 4865 tantum

583 4916 792 4972 Latine,
822 4920 875 4965 et
906 4908 1122 4977 quidem
1153 4904 1373 4956 mutilas
1406 4916 1504 4954 nec.
1536 4902 1669 4953 satis
1711 4902 1845 4954 bene
1872 4900 1921 4951 in
1958 4898 2203 4951 Latinam
2239 4898 2475 4966 linguam
2530 4911 2823 4949 conversas
2872 4902 3013 4963 \qua:
3054 4905 3184 4950 sunt
3224 4896 3365 4964 apud
3408 4911 3509 4951 nos
3549 4915 3671 4967 epp.
3709 4900 3814 4963 49,

589 5005 704 5063 102.
741 5001 855 5060 139,
895 4996 1037 5060 145.)
1070 4992 1201 5045 Nam
1235 4990 1599 5042 liaronianum
1629 4990 1990 5057 fragmentum
2019 4990 2084 5038 ad
2112 4986 2306 5041 ducent
2338 4984 2731 5055 Longobardia:
2765 4986 2987 5038 dissidet
3020 4988 3225 5057 planea
3251 4996 3433 5040 nostra
3458 4988 3685 5054 epistola
3710 4989 3813 5052 8:5;

582 5107 750 5163 quate
782 5087 994 5141 aliunde
1036 5092 1309 5148 sumptum
1342 5078 1573 5130 videtur.
1600 5077 1839 5143 Denique
1872 5078 2010 5143 apud
2040 5074 2289 5127 eumdem
2311 5076 2606 5127 llaronium
2628 5074 2694 5125 ad
2718 5090 2805 5125 an.
2827 5073 2929 5126 9ιῖ
2947 5084 3000 5127 et
3021 5075 3147 5138 916,
3169 5074 3474 5139 indequein
3491 5074 3816 5127 collectione

582 5161 870 5235 Labheana
908 5172 1278 5228 Conciliorum
1306 5178 1342 5221 t.
1380 5166 1469 5228 IX,
1501 5181 1553 5234 p.
1591 5165 1743 5217 1264.
1774 5180 1913 5231 seq.,
1945 5166 2064 5214 du:e
2094 5164 2196 5214 illie
2222 5163 2495 5228 leguntur,
2529 5164 2652 5215 item
2690 5161 2881 5214 Latine
2910 5173 3142 5223 tantum,
3170 5164 3234 5213 ad
3265 5176 3479 5228 papam,
3527 5176 3646 5229 qua:
3686 5174 3815 5215 sunt

582 5270 724 5340 apud
756 5280 855 5319 nos
876 5262 1059 5316 ϐιίιξευ
1093 5274 1214 5329 epp.
1242 5256 1311 5310 52
1341 5266 1394 5309 ct
1440 5254 1525 5307 55.
1554 5251 1801 5307 Manebat
1834 5255 2013 5319 itaque
2038 5251 2236 5304 inedita
2261 5252 2372 5303 lucc
2399 5250 2609 5302 Ncolai
2630 5250 2984 5317 epistolarum
3010 5251 3288 5313 collectio;
3310 5247 3578 5314 siquidem
3606 5257 3811 5317 septem

587 5336 793 5420 autum,
830 5362 883 5407 et
912 5348 1128 5421 quidem
1175 5346 1399 5406 mutilae,
1436 5357 1540 5395 una
1578 5341 1828 5394 videlicet
1868 5337 2073 5401 Graece,
2114 5356 2205 5393 sex
2252 5337 2443 5393 Latine
2467 5380 2479 5400 ,
2515 5340 2687 5391 lucem
2737 5353 3078 5409 aspexerant.
3126 5336 3223 5389 IIis
3254 5338 3438 5399 dictis,
3473 5338 3721 5405 sequitur
3758 5349 3818 5392 ut

585 5447 838 5501 editionis
881 5450 1082 5495 nostra:
1112 5437 1378 5490 rationem
1410 5446 1767 5500 exponamus.
1811 5428 2063 5484 Decursis
2099 5430 2181 5482 his
2210 5429 2370 5481 celeri
2403 5428 2638 5480 lectione
2676 5428 2946 5496 epistolis,
2975 5429 3147 5478 visum
3188 5434 3269 5478 est
3301 5425 3455 5477 valde
3484 5424 3672 5478 utilem
3698 5424 3815 5482 fore

588 5536 847 5593 laborem,
880 5530 924 5585 si
956 5529 1020 5582 de
1051 5527 1356 5596 pluteorum
1388 5520 1621 5588 denique
1650 5518 1904 5571 claustris
1938 5518 2408 5585 protraherentur,
2441 5518 2737 5585 prmsertim
2775 5518 2953 5569 addita
2979 5512 3425 5582 interpretatione
3454 5511 3668 5577 Latina,
3705 5530 3811 5568 non

584 5628 698 5677 sine
726 5618 943 5674 scholiis
959 5618 1149 5671 saltem
1170 5610 1466 5665 historicis.
1487 5607 1869 5661 Verumtamen
1890 5605 2180 5674 Spicilcgio
2202 5622 2319 5661 meo
2340 5607 2449 5675 jam
2474 5608 2798 5673 praefinitum
2823 5605 3111 5656 terminum
3132 5604 3451 5670 attingente,
3479 5616 3670 5673 meque
3695 5605 3815 5672 ipso

584 5712 733 5766 curis
758 5708 942 5761 multis
973 5705 1228 5765 distento,
1268 5700 1317 5752 id
1350 5700 1540 5752 Saltem
1576 5712 1681 5749 non
1713 5695 1811 5747 fuit
1846 5696 2245 5764 negligendutn,
2285 5706 2339 5747 ut
2369 5696 2755 5748 minutioribus
2782 5692 2982 5747 υιωρίς
3010 5693 3153 5762 typis
3179 5700 3393 5745 cunctzc
3426 5694 3673 5760 epistola
3710 5692 3815 5743 im-

586 5804 991 5860 primerentur;
1028 5793 1262 5862 ipsarum
1299 5805 1426 5844 vero
1465 5788 1650 5841 notitia
1689 5787 1951 5856 pretcmio
1990 5786 2191 5853 aliquo,
2224 5794 2279 5837 ut
2318 5800 2461 5839 nunc
2489 5785 2739 5845 facimus,
2774 5782 3064 5851 lectus'ibus
3108 5781 3477 5837 exhiberetur.
3512 5781 3621 5836 Etsi
3649 5782 3811 5843 igitur
