4098 6468
381 301 445 364 Π
1802 311 2016 371 Pii/RF
2033 312 2224 376 t'l‘IO.
3574 297 3640 365 18

376 428 540 491 prout
573 435 650 474 cm
687 419 873 488 jaccnt
902 421 955 476 in
1002 421 1210 487 codice,
1250 422 1322 478 ita
1361 423 1412 477 in
1466 431 1652 477 nostro
1687 421 1962 476 volumine
1994 421 2112 475 sine
2161 423 2265 474 ulla
2300 420 2508 474 ordinis
2549 419 2894 475 restitutione
2950 431 3236 488 apparent,
3288 429 3402 470 rem
3461 424 3640 469 tamen

373 519 583 564 attente
613 508 1003 573 consideranti,
1039 519 1244 579 septem
1278 509 1389 565 fere
1418 511 1620 565 classes
1649 510 2002 579 epistolarum
2042 509 2235 562 harum
2272 509 2544 562 videntur.
2590 510 2639 562 1.
2672 508 2750 560 Ad
2792 506 3066 575 principes
3101 506 3433 560 Saracenos.
3467 502 3528 568 Ε.
3560 503 3640 556 Ad

380 597 656 667 Bulgaria:
685 597 985 666 principem
1023 606 1076 651 et
1106 599 1597 667 archiepiSCOpum.
1629 599 1681 651 5.
1707 597 1786 651 Ad
1822 597 1983 650 Rom.
2019 596 2326 664 pontiliccnt
2359 607 2410 650 et
2443 596 2562 664 ejus
2593 595 2849 651 Ecclesia!
2883 593 3152 648 homines.
3179 594 3230 647 4.
3294 591 3374 647 Ad
3409 591 3645 659 impertio

370 688 558 741 tarem
589 684 972 755 Byzantinum,
1004 695 1057 740 et
1089 673 1158 738 ad
1203 685 1476 756 principes
1516 686 1809 749 Armeniae,
1870 684 2143 754 Abasgiaa,
2196 683 2584 754 Longohardite
2615 693 2666 738 et
2702 682 3057 751 Amalpbeos.
3111 681 3165 734 5.
3200 680 3279 735 Ad
3330 679 3639 750 episcopos.

371 777 427 830 6.
493 773 577 828 Ad
641 774 994 843 magistratus
1054 775 1263 829 civiles.
1301 774 1353 828 'l.
1409 775 1486 828 Ad
1542 790 1701 830 sacra
1765 774 1942 828 ollicia
2007 773 2088 828 vel
2151 773 2482 837 monachos,
2541 783 2598 826 et
2627 771 2693 826 ad
2759 769 3006 841 privatos
3063 769 3318 824 homines
3371 768 3454 823 vel
3503 782 3644 822 auo-

372 878 599 917 )lVanSo

1779 978 1980 1033 Classis
2010 979 2208 1048 prima.

451 1079 542 1134 IV.
583 1081 713 1136 Dote
740 1093 869 1137 sunt
905 1083 970 1137 ad
1001 1084 1317 1138 Cretensem
1359 1086 1612 1152 amiram,
1643 1087 1760 1140 sive
1811 1088 2135 1157 principem,
2164 1086 2429 1156 epistolae.
2463 1084 2683 1138 Cretam
2719 1083 2954 1137 insulam
3000 1081 3113 1151 jam
3146 1080 3273 1135 inde
3303 1094 3331 1133 a
3364 1077 3644 1134 Michaelis

374 1168 535 1226 Balbi
565 1172 905 1239 temporibus
948 1188 1122 1242 usque
1179 1173 1244 1226 ad
1305 1172 1510 1228 Nicolai
1549 1175 1873 1244 patriarchae.
1919 1184 1972 1230 et
2018 1173 2361 1231 Constantini
2415 1170 2868 1242 Porphyrogeniti
2917 1178 3152 1231 aetatem,
3199 1167 3312 1222 into
3370 1182 3544 1237 usque
3572 1166 3640 1221 ad

366 1257 744 1324 Nicephorum
781 1256 1017 1312 Phocam
1066 1260 1169 1313 sub
1218 1259 1508 1315 Saracenis
1559 1262 1750 1316 amiris
1799 1260 1987 1328 fuisse,
2042 1271 2314 1317 testantur
2366 1259 2572 1330 passim
2631 1257 2880 1313 historici
2937 1253 3245 1326 Byzantini,
3283 1254 3639 1309 nominatim-

366 1359 485 1410 que
512 1344 904 1400 Constantinus
935 1345 1007 1399 De
1033 1348 1230 1400 admiu.
1267 1349 1558 1418 imp.,eap.
1587 1349 1690 1415 22;
1719 1358 1772 1403 et
1797 1351 2090 1419 scriptores
2115 1358 2238 1418 post
2257 1347 2644 1416 Theophanem
2673 1345 2760 1399 ed.
2788 1343 2966 1399 Paris.
2993 1360 3046 1414 p.
3073 1343 3202 1398 185.
3229 1341 3469 1413 Cyprum
3496 1358 3636 1412 quo-

366 1447 484 1500 que
542 1431 778 1486 insulam
835 1433 1117 1502 antiquius
1166 1435 1378 1498 adhuc,
1441 1436 1491 1489 id
1541 1445 1623 1490 est
1663 1438 1925 1492 trecentis
1965 1436 2077 1492 fere
2123 1447 2249 1491 ante
2271 1451 2329 1490 se
2386 1435 2565 1499 annis,
2627 1433 3042 1503 stipendiariam
3094 1431 3296 1486 factam
3348 1429 3640 1484 Saracenis

369 1520 450 1573 ait
485 1518 744 1576 Nicolaus
793 1536 846 1590 p.
883 1521 1008 1576 165.
1048 1521 1261 1591 Reapse
1299 1523 1400 1578 sub
1451 1522 1703 1592 lleraclio
1753 1533 2075 1593 occupatam
2109 1540 2138 1578 a
2197 1523 2525 1589 Saracenis,
2579 1523 2778 1576 deinde
2816 1538 2846 1576 a
2881 1520 3084 1577 Basilio
3141 1521 3279 1592 imp.
3338 1519 3646 1589 receptam,

369 1621 618 1677 moxque
641 1608 840 1662 iterum
874 1611 976 1664 sub
1001 1611 1266 1664 tributum
1324 1611 1725 1667 Saracenorum
1782 1613 2082 1678 redactam,
2117 1623 2300 1668 narrat
2347 1611 2742 1669 Constantinus
2782 1610 2836 1666 in
2878 1609 3260 1667 Thematibus.
3302 1607 3396 1666 Sic
3453 1618 3635 1665 tamen

371 1706 496 1750 tum
529 1696 806 1752 subditam
842 1697 1135 1754 Saracenis
1160 1698 1520 1756 Cretensibus
1551 1701 1627 1755 ait
1656 1701 1892 1771 Cyprum
1928 1700 2185 1756 Nicolaus
2226 1717 2282 1770 p.
2305 1699 2446 1775 .166,
2478 1710 2538 1753 ut
2562 1714 2719 1768 aeque
2749 1698 3146 1768 propemodum
3169 1696 3361 1752 Graeco
3401 1695 3635 1768 imperio

367 1794 522 1838 esset
550 1785 810 1839 obnoxia.
845 1786 1081 1840 Causam
1119 1801 1250 1842 vero
1276 1787 1495 1859 Cypria:
1554 1790 1796 1844 recentis
1829 1789 2158 1844 calamitatis
2183 1789 2317 1843 dicit
2363 1787 2687 1843 Damianum
2725 1796 3056 1858 apostatam,
3087 1785 3193 1857 qui
3223 1800 3412 1841 revera
3457 1785 3637 1842 factus

376 1870 511 1940 Tyri
547 1872 746 1934 amira,
781 1889 846 1927 eo
887 1881 1136 1942 tempore
1162 1874 1317 1938 obiit,
1353 1884 1412 1928 ut
1449 1887 1637 1930 narrat
1664 1891 1789 1930 cum
1823 1875 2052 1932 Nicolao
2083 1878 2244 1931 etiam
2286 1877 2567 1933 Cedrenus
2600 1876 2687 1932 ed.
2739 1875 2914 1930 Paris.
2959 1885 3001 1932 t.
3044 1874 3111 1942 ll,
3145 1891 3198 1945 p.
3232 1874 3357 1930 6l2.
3383 1875 3503 1929 Jam
3540 1873 3635 1930 Hi-

371 1959 533 2012 merii
561 1959 800 2028 praefecti
837 1961 1118 2024 maritimi,
1146 1962 1303 2030 cujus
1335 1963 1462 2017 item
1495 1963 1746 2018 meminit
1778 1961 2058 2032 Nicolaus,
2093 1965 2372 2021 victoriam
2402 1965 2649 2020 navalem
2680 1964 2745 2019 de
2775 1963 3067 2019 Saracenis
3094 1972 3364 2028 memorat
3389 1963 3636 2019 Zonaras

374 2048 476 2102 lib.
537 2065 647 2114 xvr,
680 2049 768 2103 14.
800 2048 1170 2118 Epistolarum
1213 2049 1425 2105 Nicolai
1467 2065 1668 2120 scopus
1697 2061 1797 2113 est,
1831 2063 1892 2107 ut
1931 2051 2248 2108 Cretensem
2293 2061 2482 2108 exoret
2525 2053 2754 2106 amiram
2803 2068 2872 2107 ne
2915 2052 2968 2106 in
3015 2050 3246 2123 Cyprios
3281 2051 3634 2106 immerentes

373 2138 600 2200 ste-viat;
644 2147 807 2205 atque
841 2146 900 2190 ut
935 2139 1278 2206 captivorum
1332 2138 1662 2204 libertatem,
1703 2135 1896 2194 si‘lieri
1924 2141 2117 2210 possit,
2173 2140 2427 2209 impetret
2452 2156 2468 2208 ;
2493 2153 2633 2209 quos
2663 2141 2806 2192 inter
2829 2138 2907 2192 illi
2945 2140 3235 2207 praecipue,
3271 2147 3330 2192 ut
3368 2153 3512 2200 reor,
3546 2140 3634 2192 in-

372 2223 718 2292 telliguntur,
757 2225 849 2292 qui
882 2226 952 2278 ob
995 2225 1331 2279 horrendum
1365 2224 1774 2282 Thessalonicae
1811 2229 2084 2283 excidium
2126 2228 2180 2281 in
2215 2235 2536 2298 potestatem
2581 2225 2985 2281 Saracenorum
3019 2239 3114 2296 per
3152 2225 3202 2278 id
3230 2234 3442 2294 tempus
3477 2240 3636 2278 vene-

371 2322 521 2371 rant.
577 2311 654 2364 uti
697 2311 893 2380 legitur
927 2312 1066 2380 apud
1099 2325 1310 2366 ceteros
1338 2312 1637 2368 historicos
1679 2313 1942 2370 Joannem
1970 2315 2278 2377 Lectorem,
2302 2311 2569 2368 Joannem
2595 2311 2996 2372 Cameniatam,
3024 2321 3080 2366 et
3103 2311 3436 2365 Demetrium
3460 2311 3636 2381 Cydo-

367 2402 548 2454 uium.
587 2400 925 2455 Calamitalis
977 2401 1098 2469 ejus
1153 2401 1316 2455 etiam
1380 2402 1433 2455 in
1498 2417 1581 2472 ep.
1643 2404 1711 2457 75
1773 2403 2021 2459 meminit
2075 2402 2351 2458 Nicolaus.
2419 2401 2602 2456 Tertia
2654 2400 2862 2456 Nicolai
2913 2400 3144 2469 epistola
3215 2399 3409 2454 classis
3468 2395 3663 2467 hujus'

289 2538 292 2540 γ
369 2489 539 2556 (apud
589 2502 688 2542 nos
721 2503 810 2557 cp.
843 2487 968 2557 102)
1005 2503 1266 2556 supremo
1297 2488 1697 2545 Saracenorum
1731 2491 1896 2546 califo
1927 2491 2209 2554 scribitur,
2240 2489 2331 2558 qui
2374 2488 2512 2544 {also
2547 2502 2772 2543 rumore
2816 2488 3026 2550 audito,
3050 2486 3195 2557 quod
3223 2486 3628 2540 Saracenorum

369 2576 679 2628 oratorium
726 2575 1200 2646 Constantinopoli
1254 2578 1448 2632 fuisset
1496 2579 1765 2643 dirutum,
1825 2580 2185 2649 nonnullique
2229 2592 2259 2632 e
2321 2576 2441 2631 suis
2491 2577 2556 2630 ad
2609 2575 2979 2630 lslamismum
3031 2574 3394 2628 deserendum
3429 2573 3632 2640 coacti,

367 2661 590 2731 injuria:
622 2664 952 2718 ulciscendae
977 2665 1230 2732 cupidus,
1253 2664 1567 2720 Christiana
1593 2667 1792 2736 templa
1818 2667 1870 2720 in
1898 2667 2226 2722 Saracenico
2252 2664 2484 2734 imperio
2511 2663 2808 2734 propositis
2829 2662 3042 2728 edictis,
3071 2663 3344 2730 prosterni
3365 2661 3626 2731 jusserat;

366 2750 502 2800 dum
542 2747 839 2802 crudeliter
873 2748 1092 2803 interim
1134 2749 1476 2807 Christianos
1507 2754 1752 2822 captivos
1793 2752 2052 2808 Saraceni
2096 2759 2414 2817 tractarent,
2452 2753 2526 2806 ita
2559 2760 2614 2804 ut
2659 2758 2713 2805 et
2752 2759 2929 2804 morte
2961 2750 3268 2812 damnatos,
3310 2765 3416 2803 non
3452 2751 3629 2818 capite

366 2836 690 2904 plecterent,
720 2837 813 2891 sed
851 2851 1002 2892 more
1029 2837 1300 2907 pecudum
1323 2839 1641 2910 jugularent
1665 2840 1720 2911 (ο
1745 2827 2022 2910 tempora!
2048 2855 2080 2894 ο
2098 2854 2277 2894 mores
2302 2838 2339 2908 1)
2369 2837 2452 2892 vel
2475 2838 2620 2907 ligno
2639 2850 2941 2905 suspensos
2966 2835 3205 2905 lapidum
3231 2836 3627 2906 sagittarumve

360 2926 518 2992 jactu
543 2938 635 2992 per
658 2923 955 2978 ludibrium
975 2926 1322 2995 perimereut.
1353 2927 1525 2998 Negat
1552 2928 1717 3000 igitur
1735 2927 1989 2984 Nicolaus
2017 2936 2072 2982 et
2091 2927 2376 2981 delubrum
2405 2925 2569 2979 ullum
2589 2923 3014 2978 Mahumeticum
3046 2923 3188 2993 apud
3206 2922 3426 2978 Graecos
3451 2924 3627 2980 fuisse

365 3012 630 3073 deletum,
681 3022 736 3065 et
776 3012 943 3065 ullum
987 3013 1260 3069 hominem
1291 3016 1341 3069 vi
1375 3015 1578 3070 factum
1613 3015 1988 3071 Christianum
2025 3033 2037 3069 :
2070 3015 2456 3084 imperatorum
2487 3011 2723 3082 denique
2760 3010 3201 3066 Christianorum
3233 3010 3580 3066 clementiam
3608 3051 3624 3078 ,

365 3111 424 3153 et
457 3109 774 3168 perpetuam
810 3115 937 3168 erga
974 3102 1281 3158 Saracenos
1322 3103 1570 3172 captivos
1611 3105 2087 3162 mansuetudinem
2121 3102 2399 3179 ptaedicat.
2436 3099 2534 3157 His
2562 3109 2616 3155 ct
2657 3099 2780 3156 aliis
2805 3098 2927 3170 ejus
2965 3099 3182 3171 generis
3209 3099 3370 3158 dictis
3414 3099 3630 3159 mollire

365 3186 514 3242 caliﬁ
555 3188 794 3241 animum
828 3188 1036 3242 nititur.

1742 3307 1946 3362 Classis
1984 3309 2236 3362 secunda.

447 3407 511 3462 V.
533 3410 846 3481 Sequuntur
879 3415 1100 3484 prolixae
1129 3414 1194 3470 ad
1224 3415 1531 3471 Simeonem
1545 3416 1845 3488 principem
1872 3419 2223 3491 Bulgarorum
2256 3416 2495 3486 epistolae
2520 3415 2705 3482 viginti
2741 3429 2862 3479 sex,
2883 3427 3004 3483 qua:
3026 3399 3110 3468 est
3139 3426 3267 3481 pars
3289 3409 3630 3465 collectioni:

367 3497 539 3566 hujus
575 3499 828 3565 nobilior,
867 3501 920 3554 in
952 3519 1057 3570 qua
1096 3519 1288 3557 omnes
1319 3503 1576 3559 Nicolaus
1603 3502 1930 3559 Graecanica
1947 3505 2296 3574 eloquentiae,
2317 3519 2462 3571 cura:
2493 3503 2808 3573 pastoralis,
2835 3501 3222 3557 ecclesiasticae
3251 3497 3627 3562 auctoritatis,

367 3584 471 3636 zeli
495 3585 704 3649 eximii,
734 3598 787 3640 et
816 3588 1105 3643 charitatis
1131 3589 1454 3643 Christianae
1476 3590 1623 3644 vires
1664 3589 1910 3646 eil‘undit.
1940 3590 2162 3645 Simeon
2195 3590 2556 3660 Bulgarorum
2582 3590 2860 3660 princeps.
2894 3587 3146 3642 Michaeli
3173 3587 3315 3658 patrl
3339 3584 3626 3648 successit,

363 3672 462 3740 qui
489 3682 616 3727 ante
641 3674 970 3742 baptismum
1009 3676 1188 3732 fuerat
1219 3676 1468 3747 Bogaris,
1500 3688 1554 3732 et
1585 3678 1650 3733 ad
1683 3694 1846 3749 quem
1886 3678 2117 3739 Photius
2151 3679 2468 3748 praeclaram
2511 3678 2656 3732 illam
2697 3676 2922 3746 scripsit
2958 3674 3246 3744 epistolam
3273 3714 3288 3735 .
3329 3673 3412 3726 vel
3445 3672 3626 3743 potius

363 3760 574 3828 regiam
605 3769 657 3814 et
709 3761 1082 3818 Christianam
1118 3764 1514 3820 institutionem
1545 3804 1560 3828 ,
1603 3782 1722 3835 qua:
1769 3767 1821 3820 in
1879 3767 2033 3821 libris
2081 3775 2278 3821 exstat.
2333 3767 2609 3820 Simeonis
2658 3753 2866 3834 patrem
2904 3762 3043 3817 falso
3093 3761 3229 3816 dicit
3265 3759 3626 3815 Vladimirum

367 3846 614 3917 Cangius
653 3850 707 3903 in
756 3849 955 3908 Famil.
997 3851 1172 3906 Sclav.
1228 3853 1381 3907 Turc.
1429 3854 1516 3908 ed.
1567 3853 1744 3910 Paris.
1797 3870 1850 3924 p.
1911 3855 2036 3920 3H,
2096 3857 2182 3909 cui
2222 3855 2452 3909 Maurini
2500 3847 2620 3923 (Art
2662 3854 2726 3908 de
2768 3851 2922 3922 vérif.
2964 3852 3036 3907 les
3080 3851 3253 3922 dates)
3299 3852 3615 3907 dubitanter

366 3944 777 3999 assentiuntur.
818 3945 973 4001 Nunc
1013 3959 1193 4002 autem
1255 3948 1530 4004 Simeonis
1585 3959 1794 4019 patrem
1843 3948 2017 4003 fuisse
2067 3947 2343 4018 Bogarim,
2396 3950 2444 4002 id
2477 3957 2562 4002 est
2616 3948 2937 4003 Michaelem
2985 3947 3248 4018 primum,
3289 3947 3521 4015 epistola
3557 3946 3628 3999 25

365 4030 578 4085 Nicolai
605 4033 855 4089 dubitare
892 4051 998 4089 non
1031 4036 1186 4101 sinit,
1243 4037 1295 4090 in
1349 4044 1455 4106 qna
1503 4039 1726 4092 Simeon
1774 4035 1984 4093 dicitur
2027 4039 2302 4092 secundus
2343 4037 2704 4108 Bulgarorum
2741 4038 3088 4092 Christianus
3142 4037 3416 4107 princeps,
3459 4035 3628 4105 titque

367 4119 605 4188 insignis
629 4123 1012 4191 prosopopoeia
1035 4125 1276 4193 parentis
1301 4125 1421 4194 ejus
1450 4127 1540 4196 qui
1573 4126 1908 4180 Christiana:
1940 4127 2216 4194 religionis
2248 4126 2501 4181 fundator
2533 4128 2675 4196 apud
2714 4127 2974 4192 Bulgaros
3008 4126 3232 4181 dicitur.
3260 4125 3431 4180 Porro
3456 4125 3627 4179 notis-

366 4208 572 4260 simum
603 4218 687 4263 est
716 4209 967 4278 Bogarim
1003 4228 1098 4268 seu
1133 4213 1473 4278 Michaelem,
1513 4217 1747 4285 primum
1783 4217 1925 4285 apud
1974 4216 2097 4270 illos
2133 4215 2432 4285 principem
2474 4216 2749 4285 baptismo
2783 4215 2955 4270 fuisse
2996 4214 3312 4270 lustratum.
3344 4213 3447 4279 Qui
3495 4228 3627 4282 ergo

363 4297 512 4364 apud
544 4296 808 4367 Cangium
842 4310 896 4354 et
922 4300 1198 4358 Mauriuos
1229 4304 1647 4372 interponuntur
1680 4307 1822 4360 inter
1852 4305 2100 4375 Bogarim
2129 4312 2181 4356 et
2211 4301 2520 4356 Simeonem
2561 4303 2863 4372 principes;
2913 4303 3166 4357 videlicet
3207 4301 3534 4358 l’rtesiamus
3572 4314 3625 4357 ct

363 4384 600 4441 Michael
635 4386 883 4455 Vorizes,
917 4405 1124 4445 eorum
1153 4391 1300 4446 nulla
1340 4394 1546 4448 mentio
1600 4393 1655 4446 lit
1688 4395 1770 4448 vel
1805 4394 1946 4449 ratio
1977 4409 2006 4446 a
2041 4391 2268 4446 Nicolao
2302 4391 2531 4444 habetur
2559 4409 2570 4444 :
2603 4393 2761 4460 cujus
2791 4391 2866 4445 rei
2892 4376 3139 4455 causam,
3177 4406 3300 4460 quae
3343 4390 3648 4460 multiplex‘

361 4489 491 4529 esse
530 4485 725 4542 potest,
760 4494 903 4534 nunc
932 4480 1211 4550 inquirere
1248 4482 1396 4544 nolo,
1450 4497 1518 4535 ne
1546 4497 1574 4534 a
1608 4497 1730 4537 meo
1762 4483 2044 4552 proposito
2074 4479 2287 4547 longius
2315 4478 2589 4533 aberrem.
2632 4477 2835 4534 Primis
2871 4478 3038 4547 igitur
3082 4478 3425 4533 Constantini
3472 4480 3623 4549 pueri

363 4577 492 4615 cum
530 4560 779 4618 Romano
825 4564 1108 4636 Lecapeno
1158 4569 1477 4638 imperantis
1529 4571 1714 4634 annis,
1766 4586 1889 4624 cum
1939 4568 2198 4622 Nicolaus
2243 4565 2549 4635 prtccipuus
2603 4568 2734 4637 regii
2770 4567 2919 4636 pueri
2956 4573 3101 4619 tutor
3139 4568 3401 4635 palatium
3450 4576 3502 4620 et
3536 4582 3623 4620 res

361 4652 616 4720 publicas
659 4669 908 4723 magnam
959 4666 1163 4723 partem
1194 4657 1627 4717 administraret,
1679 4661 1979 4712 secundum
2025 4657 2134 4726 jam
2181 4658 2380 4721 bellum
2432 4657 2651 4709 Simeon
2706 4655 2973 4724 Bulgarus
3012 4655 3274 4709 adversus
3332 4653 3620 4724 imperium

360 4743 609 4808 gerebat,
644 4753 834 4796 contra
869 4744 1046 4800 ltedus
1077 4747 1364 4814 paciticum
1387 4748 1496 4816 jam
1527 4749 1655 4802 olim
1674 4765 1797 4803 cum
1820 4748 2239 4812 Leoneinitum,
2272 4745 2786 4817 rapinis,ca=.dibus,
2818 4742 3144 4812 sacrilegiis,
3176 4742 3410 4794 vastitati
3443 4742 3622 4793 indul-

368 4845 529 4896 gens,
561 4844 681 4898 qua;
717 4832 855 4884 mala
890 4833 994 4886 late
1024 4834 1285 4888 describit
1333 4836 1590 4906 lugetque
1638 4852 1988 4906 summopere
2017 4837 2347 4903 patriarcha,
2380 4847 2663 4903 propterea
2691 4833 2832 4902 quod
2863 4831 3078 4900 Bulgari
3110 4846 3137 4883 a
3170 4829 3371 4885 Grauis
3408 4846 3514 4883 non
3549 4832 3620 4883 ita

361 4917 580 4985 pridem
615 4919 890 4989 baptismo
946 4915 1200 4991 su'scepto
1239 4923 1413 4993 (epist.
1447 4927 1537 4987 25,
1584 4925 1673 4989 26,
1706 4926 1819 4994 28),
1859 4926 2189 4995 parricidiali
2243 4927 2400 4979 veluti
2437 4926 2576 4978 bello
2631 4930 2882 4991 parentes
2915 4936 3045 4974 suos
3092 4919 3329 4988 lideique
3368 4931 3620 4972 auctores

362 5009 857 5075 persequebantur.
897 5011 1354 5080 Christianus-que
1389 5017 1610 5084 sanguis
1642 5016 1871 5068 int-irem
1919 5016 2074 5068 fusus
2107 5013 2446 5067 daemonibus
2499 5012 2696 5064 invidis
2727 5010 3006 5063 litabatur.
3059 5007 3238 5061 Causa
3294 5007 3417 5060 belli
3460 5006 3620 5059 varia:

359 5094 708 5162 erant(epist.
744 5095 776 5148 9
812 5095 954 5158 init.,
979 5097 1068 5160 ii,
1092 5097 1204 5165 i2),
1225 5098 1316 5151 scd
1352 5100 1574 5153 ambitio
1599 5101 1874 5155 Simeonis
1904 5103 2191 5170 przecipua,
2211 5103 2326 5174 qui,
2352 5102 2639 5170 pueritiam
2665 5096 3009 5156 Constantini
3042 5105 3421 5158 contemnens,
3446 5093 3617 5162 impe-

361 5181 510 5233 rium
572 5179 858 5236 allectabat
922 5185 1092 5250 (epist.
1154 5185 1239 5245 i8.
1301 5186 1392 5252 20,
1449 5189 1539 5251 2|,
1585 5189 1674 5252 25,
1723 5189 1863 5256 27);
1910 5190 2152 5242 llomano
2217 5192 2434 5258 insuper
2501 5188 2788 5257 Lecapeno
2839 5186 3058 5238 Simeon
3116 5183 3474 5243 irascebatur,
3525 5184 3616 5252 qui

362 5269 432 5324 de
511 5278 688 5324 tutore
757 5271 1135 5337 imperatorem
1205 5288 1263 5326 se
1327 5275 1547 5330 iecerat.
1597 5276 1731 5331 Cum
1804 5291 1934 5345 ergo
1997 5277 2196 5331 mcenia
2270 5277 2380 5346 ipsa
2436 5272 2986 5342 Constantinopoleos
3038 5269 3392 5342 Bulgarorum
3466 5284 3615 5322 arma

364 5357 673 5427 pulsarent,
706 5357 980 5427 Nicolans,
1019 5371 1070 5414 et
1094 5361 1241 5430 regio
1274 5364 1476 5432 pupillo
1514 5374 1568 5418 et
1608 5366 1838 5435 imperio
1869 5375 2037 5434 atque
2063 5365 2316 5418 Ecclesiae
2356 5365 2680 5428 consulens.
2727 5362 2933 5417 nullum
2994 5375 3104 5415 non
3156 5357 3389 5428 lapidem
3423 5359 3615 5414 movit:

367 5441 678 5496 scribendis
744 5449 826 5496 tot
876 5444 1160 5511 epistolis,
1226 5447 1428 5514 quibus
1497 5446 1605 5502 non
1665 5451 1845 5516 sum
1900 5448 2120 5506 Simeon
2187 5455 2465 5522 respondit
2517 5453 2710 5522 (epist.
2769 5452 2822 5513 9,
2887 5450 2988 5514 10,
3049 5449 3138 5511 2i,
3194 5445 3285 5511 22,
3345 5447 3437 5509 25,
3485 5450 3614 5518 27),

367 5524 651 5586 mittendis
699 5547 842 5599 saepe
900 5533 1086 5601 legatis
1112 5574 1127 5596 ,
1165 5534 1455 5590 oﬂerendis
1517 5537 1760 5594 utilibus.
1781 5527 2187 5602 conditionibus
2213 5584 2225 5602 .
2282 5543 2443 5596 veluti
2471 5542 2672 5612 nuptiis
2721 5556 2842 5595 cum
2877 5539 2897 5568 ν
2991 5539 3079 5594 ilia
3109 5536 3319 5592 domini
3355 5538 3614 5606 Romani,

367 5618 622 5684 pecunia,
693 5619 860 5673 multa
905 5621 1131 5675 vestium
1193 5624 1281 5687 vi,
1343 5636 1493 5695 parte
1550 5629 1710 5681 etiam
1780 5627 1958 5698 aliqua
2029 5631 2305 5692 territorii,
2376 5647 2532 5700 pinna
2596 5628 3003 5690 ecclesiastica,
3051 5624 3614 5680 excommunicationc

366 5706 637 5768 videlicet,
686 5722 792 5759 non
822 5709 988 5760 semel
1021 5709 1216 5762 indit-ta
1248 5711 1432 5777 (epist.
1468 5712 1499 5764 9
1544 5715 1634 5779 ﬁn.
1666 5714 1777 5782 22),
1821 5717 2073 5784 precibus
2127 5721 2381 5787 demque,
2442 5721 2731 5787 lacrimis,
2774 5720 3030 5786 omnique
3084 5730 3276 5783 genere
3328 5711 3613 5766 achctuum

369 5805 423 5847 et
482 5807 928 5861 argumentorum
1003 5809 1346 5870 (‘Xpl‘Oltlp[(l,
1398 5803 1507 5870 ipse
1565 5815 1836 5872 postremo
1913 5808 1987 5875 leg

2001 5819 2119 5862 atus
2197 5809 2456 5865 accedens
2513 5806 2962 5876 (rpisl.27,50),
3033 5815 3090 5860 ut
3161 5804 3431 5858 Simeonis
3493 5803 3609 5858 ani-
