4098 6468
655 438 724 508 ta
900 518 912 524 ,
2081 396 2506 505 pit/srmo.
3500 448 3503 451 ‘
3852 445 3926 507 an

643 565 819 618 nium,
850 541 1115 622 principis
1170 551 1377 622 alioqui
1436 554 1650 628 magnis
1697 554 1915 611 dotibus
1985 555 2194 626 praediti
2256 554 2331 623 (ι,
2387 555 2503 624 5t),
2534 568 2869 629 expugnaret
2906 576 2923 627 ;
2967 560 3020 617 id
3071 562 3217 633 quod
3262 563 3497 632 denique
3553 557 3924 629 impetravit:

639 640 843 695 etenim
900 641 1130 704 scimus,
1185 639 1281 695 Sin
1301 658 1520 709 eonem,
1570 644 1777 698 omisso
1831 645 1897 698 ad
1938 654 2241 699 extremum
2292 642 2457 708 bello,
2503 643 2799 700 recessisse
2842 646 2912 702 ab
2953 647 3165 719 imperii
3203 664 3324 717 qua:
3377 646 3644 703 insidebat
3692 644 3933 700 visceri-

644 730 775 793 hus,
800 736 853 786 et
884 728 938 788 in
975 725 1289 798 Bulgariam
1353 746 1507 785 suam
1568 748 1864 789 remeasse.
1918 732 2106 803 lingua
2153 743 2300 795 certe
2350 732 2600 788 libertate
2633 731 2870 797 dicendi,
2924 748 3034 790 non
3070 736 3190 791 sine
3237 735 3543 792 humilitate
3592 733 3923 791 Christiana

644 818 815 873 utitur
866 816 922 870 in
972 814 1060 871 his
1109 816 1357 888 epistolis
1404 816 1663 875 Nicolaus
1703 834 1873 875 :nam
1927 821 2007 877 sic
2060 831 2248 892 aperte
2313 818 2557 876 Simeoni
2618 820 2903 877 denuntiat
2949 841 2962 876 :
3012 821 3179 878 Pater
3240 834 3363 880 tuus
3420 824 3513 894 égo
3569 829 3689 877 sum
3722 863 3738 887 ,
3788 818 3931 874 'oelis

647 903 806 985 nolis,
843 902 975 958 licet
1001 903 1254 960 minimus
1287 905 1587 977 cpiscopus,
1620 908 1708 981 qui
1739 918 1877 964 certe
1923 907 2229 981 religionem
2277 907 2371 963 Dei
2411 927 2514 963 nou
2560 911 2743 981 negavi
2770 926 2787 965 :
2814 912 2914 966 etsi
2962 914 3097 967 enim
3162 912 3295 982 forte
3335 920 3638 981 peccatores
3691 910 3934 980 episcopi

639 996 767 1060 sint,
795 1008 899 1046 non
925 993 1124 1048 idcirco
1149 1010 1238 1048 vos
1261 994 1479 1063 judices
1505 994 1699 1050 [tabent
1722 1011 1741 1059 ;
1771 996 1862 1050 sed
1886 1004 2073 1053 contra
2095 996 2324 1067 episcopi
2352 999 2416 1050 de
2440 998 2582 1051 nobis
2603 990 2947 1068 judicabant.
2973 1002 3019 1053 si
3040 1010 3181 1054 certe
3205 999 3407 1054 Christi
3434 1015 3551 1053 oves
3565 999 3723 1055 estis.
3759 1011 3931 1065 neque

641 1083 705 1133 ab
736 1079 851 1149 ejus
890 1096 1046 1153 grege
1082 1081 1415 1137 aberrantes.
1449 1080 1644 1152 Neque
1676 1084 1797 1146 alia:
1828 1084 2030 1138 desunt
2053 1084 2107 1137 in
2144 1084 2229 1137 bis
2262 1085 2514 1155 epistolis
2548 1086 2775 1148 notitias.
2811 1088 2974 1151 veluti
3004 1088 3071 1141 de
3102 1087 3348 1159 tyrannis
3378 1088 3544 1139 variis
3576 1082 3940 1156 Byzantinis,‘
3988 1100 4011 1109 ·

640 1173 708 1225 ce
728 1168 1177 1232 ChosroePersa,
1203 1171 1273 1225 de
1290 1171 1432 1241 Boga
1450 1170 1749 1227 Chor-sonis
1778 1179 2033 1241 praetore,
2050 1172 2117 1227 de
2140 1171 2312 1227 Gaina
2336 1172 2515 1227 Gotho
2540 1181 2595 1229 et
2620 1174 3012 1246 Clirysostomo
3045 1177 3111 1231 de
3140 1177 3341 1231 montis
3369 1162 3586 1246 Ol‘yinpi
3637 1172 3934 1227 monacho

641 1259 737 1324 qui
772 1275 865 1330 per
895 1261 946 1317 id
978 1269 1197 1330 tempus
1226 1260 1422 1315 Abaris
1447 1258 1733 1316 Christum
1764 1259 2097 1329 praedicavit.
2130 1259 2197 1314 de
2226 1246 2530 1318 Aibarorum
2571 1263 2759 1329 exitio,
2810 1266 2877 1318 de
2939 1262 3265 1328 Patzinacis,
3306 1264 3372 1319 de
3427 1262 3614 1321 Leone
3654 1260 3937 1331 Tripolita

640 1346 1044 1407 Tlessalouicae
1064 1348 1267 1404 celebri
1300 1363 1552 1405 eversore
1571 1346 1751 1419 (epist.
1773 1347 2001 1419 33th.),
2022 1358 2076 1403 et
2097 1348 2292 1404 deinde
2328 1351 2469 1419 apud
2489 1350 2753 1407 Lemnum
2774 1352 2938 1409 victo.
2962 1350 3230 1408 Peenliari
3252 1363 3434 1407 autem
3466 1349 3752 1405 mentione
3766 1347 3939 1417 digna

642 1436 859 1491 videtur
879 1437 1115 1508 cpistola
1140 1435 1233 1505 28,
1258 1436 1443 1509 inqua
1471 1435 1822 1495 deﬁomanis
1841 1438 2033 1509 legatis
2053 1452 2232 1492 sermo
2257 1448 2360 1501 est,
2386 1436 2795 1511 Tlieopliylacto
2810 1450 2864 1496 et
2887 1441 3050 1505 Caro,
3074 1456 3198 1495 cum
3223 1439 3414 1494 litteris
3431 1438 3665 1494 Romani
3700 1432 3936 1505 pontiﬁ-

639 1523 1248 1597 cis(quierat1oannes
1270 1524 1318 1581 Χ
1366 1525 1433 1581 ad
1459 1525 1640 1582 aulam
1660 1523 2017 1598 Byzantinam
2042 1534 2207 1597 atque
2251 1527 2321 1582 ad
2356 1527 2668 1589 Simeonem
2692 1529 3197 1599 proﬁciscentibus;
3220 1529 3419 1596 quibus
3442 1526 3639 1583 litteris
3677 1521 3933 1595 pontifex

641 1602 929 1684 injiciebat
960 1612 1193 1685 Bitlgsro
1221 1615 1588 1671 anathematis
1621 1614 1898 1671 vinculum
1932 1614 2035 1670 sibi
2070 1625 2429 1681 reservatum,
2460 1616 3059 1687 eomminansqnoque,
3091 1626 3146 1671 ut
3182 1617 3235 1670 in
3261 1614 3543 1671 hodiernis
3568 1612 3758 1675 adhuc.
3787 1624 3932 1665 eou-

639 1701 1022 1769 stitution'ibqs
1040 1702 1123 1770 ﬁt,
1150 1704 1584 1775 indignationem
1608 1703 1979 1775 apostolorum
1995 1702 2136 1760 l‘etri
2154 1714 2208 1761 et
2224 1703 2400 1769 Pauli,
2417 1704 2519 1761 nisi
2540 1707 2608 1761 ab
2629 1704 2814 1776 impiis
2832 1704 3003 1761 armis
3024 1704 3319 1760 recederet.
3333 1702 3709 1775 Quamobrem
3731 1712 3935 1755 rurSus

639 1789 957 1847 Simeonem
978 1789 1232 1851 Nicolaus
1254 1801 1397 1859 orat,
1420 1801 1480 1849 ut.
1502 1792 1547 1846 si
1570 1792 1754 1850 minus
1773 1807 1852 1859 se,
1873 1801 2019 1848 certe
2042 1794 2452 1857 sanctissimum
2477 1808 2667 1862 papam
2686 1794 2869 1864 (quem
2891 1793 2972 1848 sic
2998 1808 3094 1863 per
3114 1791 3546 1847 antonomasiam
3566 1787 3816 1859 appellat
3841 1785 3934 1841 hic

639 1886 693 1938 et
712 1892 801 1950 ep.
835 1876 925 1950 '15)
959 1890 1297 1935 revereatur.
1334 1879 1601 1938 Putamus
1662 1890 1845 1936 autem
1923 1882 2128 1940 nullam
2200 1880 2501 1939 desiderari
2561 1880 2769 1943 Nicolai
2825 1882 2892 1936 ad
2948 1882 3243 1951 Bulgarum
3296 1878 3580 1949 epistolam
3617 1892 3635 1942 ;
3670 1870 3939 1945 quando.

639 1967 863 2035 quidem
907 1966 1247 2035 tricesimam
1320 1970 1556 2041 primam
1599 1966 1766 2039 (apud
1814 1968 1937 2040 nos)
1979 1967 2184 2024 fatetur
2233 1970 2347 2039 ipse
2392 1986 2421 2026 a
2487 1985 2545 2025 se
2592 1968 2842 2033 ultimam
2890 1969 3060 2024 scribi
3118 1986 3131 2022 :
3184 1976 3541 2037 pratcrqnsm
3590 1963 3741 2033 quod
3806 1968 3937 2032 post

641 2054 793 2120 illam
834 2052 891 2119 in
923 2056 1117 2113 codice
1147 2056 1349 2128 legitur
1373 2057 1517 2130 ﬁni:
1552 2056 1902 2125 cpistolarum
1935 2056 2004 2111 ad
2056 2056 2368 2128 Bulgarum.
2414 2057 2669 2113 Attamen
2698 2056 2765 2111 de
2787 2070 2846 2111 re
2882 2054 3168 2127 Bulgarica
3200 2070 3309 2109 non
3338 2054 3405 2109 ad
3436 2052 3760 2107 Simeonem
3791 2056 3927 2103 tau-

648 2144 959 2209 tummodo,
997 2152 1197 2199 verum“
1221 2145 1388 2209 etiam
1420 2144 1489 2198 ad
1526 2145 1849 2211 primarium
1877 2146 2001 2217 ejus
2052 2144 2437 2202 administrant
2486 2143 2711 2216 scripsit
2755 2141 3020 2205 Nicolaus
3057 2144 3166 2215 (ep.
3198 2143 3312 2214 1'5),
3354 2156 3558 2213 rogans
3591 2147 3662 2195 ut
3692 2137 3933 2199 domum

640 2247 744 2289 suo
784 2247 974 2303 pacem
1012 2233 1314 2291 suaderet:
1346 2236 1588 2303 itemque
1612 2232 1753 2299 duas
1786 2236 1903 2305 (ep.
1934 2235 1970 2289 ι
1997 2243 2051 2287 ιι
2076 2234 2166 2305 12)
2190 2234 2259 2301 ad
2291 2232 2557 2304 Bulgaria:
2578 2232 3073 2305 archiepiscopum.
3104 2230 3205 2288 Vis
3231 2240 3415 2286 autem
3443 2228 3637 2285 dubito
3678 2229 3819 2296 quin
3840 2224 3933 2279 hie

639 2321 715 2377 sit
735 2319 960 2377 Simeon
998 2318 1368 2387 Debeltensis,
1400 2321 1496 2392 qui
1523 2322 1734 2392 synodo
1766 2322 2048 2390 Pbotianze
2079 2336 2224 2378 anno
2253 2320 2358 2379 879
2384 2320 2726 2377 interfuerat.
2774 2318 3022 2390 (Videsis
3046 2319 3293 2376 Coletum
3325 2316 3485 2389 Illyr.
3522 2333 3665 2371 sacr.
3698 2326 3740 2372 t.
3775 2311 3922 2376 Vill.

642 2423 697 2477 ι).
726 2408 885 2481 207).
914 2406 1122 2463 Harum
1157 2407 1212 2464 in
1259 2410 1436 2479 prima
1477 2408 1546 2469 de
1586 2408 1808 2466 homine
1840 2409 2088 2483 loquitur
2127 2410 2222 2479 qui
2260 2408 2327 2464 ad
2367 2422 2589 2477 sacrum
2623 2408 2770 2479 apud
2805 2405 3028 2473 Graecos
3081 2407 3295 2494 asylum
3342 2398 3930 2494 confugerat‘_(confer

641 2497 901 2561 l'hutium
934 2511 1023 2567 ep.
1053 2497 1131 2567 4),
1166 2510 1333 2572 quem
1366 2497 1630 2567 repetenti
1675 2498 1916 2570 Bulgaro
1950 2499 2117 2559 tradit
2152 2497 2437 2562 Nicotaus,
2482 2497 2575 2553 sed
2623 2511 2749 2552 eum
2777 2496 3027 2553 districto
3056 2488 3337 2562 mandato,
3382 2503 3444 2549 ut
3490 2490 3734 2561 impunis
3778 2488 3921 2543 illat-

642 2592 849 2653 susqnc
880 2584 973 2655 sit.
1002 2583 1188 2651 Altera
1220 2583 1452 2655 epistola
1486 2586 1737 2643 suasoria
1768 2595 1873 2652 est,
1906 2587 2162 2652 videlicet
2195 2598 2253 2644 ut
2287 2585 2738 2656 archiepiscopus
2764 2585 2916 2643 omni
2943 2600 3045 2656 ope
3082 2582 3377 2641 contendat
3400 2579 3544 2652 apud
3576 2580 3925 2647 Simeonem,

639 2687 749 2740 quo
789 2672 954 2735 linem
984 2671 1377 2739 molestissimo
1411 2672 1559 2731 bello
1583 2673 1829 2745 imponat
1859 2692 1873 2729 :
1909 2675 2075 2745 digna
2109 2676 2427 2732 sane‘lectu
2469 2672 2701 2745 epistola
2747 2682 2973 2746 propter
3019 2688 3215 2744 graves
3250 2670 3320 2726 de
3336 2667 3712 2748 ecclesiastico
3740 2663 3927 2719 oﬁieio

640 2763 964 2826 sententias,
1003 2769 1058 2816 et
1088 2762 1153 2816 de
1203 2775 1361 2827 saera
1419 2760 1761 2819 Eucharistia
1818 2762 2041 2819 stratum
2078 2780 2093 2819 :
2126 2764 2379 2833 deplorat
2420 2764 2566 2818 enim
2608 2763 2875 2819 ecclesias
2922 2756 3063 2817 bello
3108 2760 3374 2831 pollutas',
3417 2759 3472 2812 in
3520 2756 3724 2828 quibus
3765 2749 3934 2822 herili.

643 2859 928 2918 praeculta
956 2848 1155 2913 residet
1189 2858 1433 2909 sanctum
1455 2849 1592 2916 iilud
1621 2860 1671 2905 et
1704 2852 2113 2920 immaculatum
2135 2868 2329 2933 corpus
2362 2869 2423 2919 ac
2446 2852 2689 2933 sanguis,
2721 2866 2838 2921 qua:
2865 2852 2956 2929 qui
2982 2849 3272 2907 mandarat
3296 2858 3347 2902 et
3375 2846 3528 2911 bibit,
3561 2853 3761 2901 certam
3792 2854 3924 2913 pro-

639 2940 771 3007 prie
810 2935 1259 3007 sanctiﬁcaliunis
1297 2952 1440 3005 spsnt
1472 2936 1817 3010 adipiscitur.
2237 2928 2243 2937 ’
2390 2938 2400 2948 ’
2498 2956 2499 2959 ‘

2072 3092 2279 3150 Classis
2315 3093 2499 3158 tertia,

715 3252 804 3307 Vl.
846 3252 1029 3313 Prima
1070 3244 1303 3329 occurrit
1363 3251 1796 3311 luculentissima
1829 3298 1840 3321 ,
1875 3265 2036 3326 atque
2100 3258 2271 3310 instar
2314 3264 2603 3321 tractatus,
2632 3255 2997 3326 epistola(5‘2)
3032 3270 3195 3325 quam
3226 3252 3483 3307 Nicoia‘us
3516 3251 3580 3306 ad
3611 3251 3911 3306 Romanam

586 3347 600 3355 “
642 3342 947 3403 Ecclesiam
986 3343 1067 3403 vel
1104 3342 1209 3397 sub
1241 3343 1505 3399 Landone
1533 3342 1812 3414 pontiﬁce,
1851 3352 1909 3398 ut
1939 3354 2097 3414 putat
2132 3343 2430 3407 Baronius,
2473 3344 2690 3408 vel-sub
2726 3344 3022 3405 Anastasio
3052 3344 3235 3406 tertio,
3271 3353 3329 3397 ut
3362 3351 3548 3397 censet
3570 3340 3911 3411 Pagius,.sed

566 3468 587 3490 .
645 3440 795 3495 certe
834 3438 958 3499 post
982 3430 1159 3499 Sergii
1190 3432 1334 3486 tertii
1362 3431 1573 3487 obitum
1622 3432 1838 3497 scribit,
1875 3434 1969 3503 qui
2011 3441 2270 3503 tanquam
2310 3433 2506 3487 beatus
2542 3440 2653 3486 tum
2687 3432 2741 3486 in
2773 3430 2877 3491 hac
2916 3440 3030 3486 tum
3064 3430 3119 3484 in
3150 3445 3237 3501 ep.
3260 3431 3338 3485 ‘53
3369 3432 3709 3494 nominatur,
3739 3440 3917 3498 neque

643 3508 712 3573 de
745 3516 936 3595 sergio
964 3508 1263 3588 quidquam
1308 3518 1639 3588 injuriosum
1671 3518 1884 3582 scribit,
1908 3523 2222 3589 quanquam
2264 3520 2381 3590 ipse
2429 3512 2894 3589 dispensationem
2943 3519 3011 3581 ad
3049 3529 3275 3589 quartas
3317 3518 3536 3589 nuptias
3574 3516 3742 3572 Leoni
3769 3530 3913 3570 con-

641 3613 905 3669 cesserat.
947 3606 1298 3676 Propositum
1338 3606 1584 3676 cpistolae
1615 3610 1699 3661 est
1728 3606 2092 3676 expostulatio
2126 3608 2418 3678 ceteroqui
2456 3622 2562 3663 non
2606 3622 2763 3679 aqua
2795 3605 3063 3663 adversus
3103 3605 3407 3671 Bouianam
3445 3605 3761 3669 Ecclesiam,
3787 3617 3918 3673 qua:

646 3691 970 3764 imperatori
1017 3694 1070 3747 in
1110 3708 1277 3748 causa
1312 3693 1628 3762 nuptiarum
1675 3694 1860 3747 missis
1904 3694 2072 3747 etiam
2121 3693 2315 3763 legatis
2342 3694 2550 3751 faverat
2582 3712 2598 3751 :
2627 3710 2696 3754 es
2719 3710 2832 3766 quo
2864 3706 3144 3758 evenerat.
3183 3703 3243 3750 ut
3278 3696 3393 3765 ipse
3414 3692 3712 3765 contrariae
3739 3690 3918 3747 disci-

645 3787 811 3855 plinac
845 3780 1128 3846 defensor,
1172 3781 1303 3837 sede
1334 3782 1553 3851 pulsus,
1586 3781 1886 3837 substituto
1920 3780 2237 3853 Enthymio,
2274 3780 2497 3838 fuisset.
2526 3782 2701 3837 Multa
2733 3797 2833 3854 pro
2870 3798 2967 3838 sua
3006 3783 3277 3839 sententia
3301 3780 3440 3845 dicit
3475 3778 3754 3845 Nicolaus,
3784 3778 3922 3834 niti-

644 3884 846 3941 tnrque
876 3869 1203 3935 nominatim
1243 3871 1550 3937 canonibus
1596 3872 1760 3942 vulgo
1807 3871 2130 3941 apostolicis
2177 3880 2232 3926 et
2286 3869 2588 3928 Clementis
2619 3871 2958 3938 constitutis,
3004 3886 3128 3941 quae
3175 3871 3401 3942 scripta,
3438 3878 3499 3925 nt
3544 3868 3656 3939 jam
3708 3866 3925 3930 notavit

643 3959 943 4025 Bnronius,
981 3957 1292 4029 apocrypha
1344 3974 1467 4014 esse
1511 3959 1770 4014 scimus:
1808 3958 1985 4015 Circaei
2033 3968 2216 4016 autem
2252 3959 2565 4031 opinionem
2614 3959 2761 4015 illam
2795 3960 2975 4015 serius
3013 3969 3322 4026 exuerunt;
3355 3973 3481 4014 nam
3510 3966 3565 4014 et
3591 3956 3818 4013 Pbotius
3860 3954 3920 4010 in

539 4062 548 4071 '
640 4052 1122 4125 Amphilochianis
1173 4052 1575 4122 questionibus
1622 4052 1866 4109 nondum
1900 4054 1966 4107 de
1995 4054 2103 4109 illis
2134 4055 2367 4111 dubitat.
2423 4054 2655 4117 Curiosa
2699 4054 2817 4112 haec
2846 4061 2931 4110 est
2960 4052 3298 4123 insignisque
3323 4054 3551 4123 epistola
3585 4062 3700 4113 tum
3731 4050 3803 4105 ob
3837 4049 3919 4106 rel

645 4143 991 4217 perspicuam
1044 4143 1447 4211 narrationem,
1493 4152 1606 4196 tum
1638 4142 1804 4197 etiam
1837 4142 1907 4197 ob
1938 4142 2331 4198 ecclesiastica:
2370 4145 2676 4215 disciplina:
2706 4145 2978 4201 notitiam.
3011 4142 3257 4213 Namque
3288 4143 3543 4200 universa
3580 4140 3694 4197 fere
3723 4139 3919 4197 Oriens

644 4232 771 4294 talis
805 4230 1057 4287 Ecclesia
1090 4230 1307 4299 quartis
1343 4230 1551 4299 nuptiis
1584 4229 1883 4287 interdicit.
1921 4228 2062 4285 Ecce
2090 4233 2235 4287 enim
2264 4233 2651 4289 Armeniorum
2686 4249 2905 4303 quoque
2928 4232 3243 4303 patriarcha
3274 4231 3432 4295 Sion,
3465 4232 3665 4285 nedum
3691 4237 3919 4300 quartas

640 4320 735 4384 sed
774 4320 969 4381 tertias
1001 4320 1168 4387 etiam
1200 4329 1347 4377 vetat
1372 4319 1595 4389 nuptias
1620 4335 1833 4388 canone
1861 4337 1975 4386 xm,
2008 4322 2157 4391 apud
2186 4336 2288 4379 nos
2321 4322 2520 4394 Script.
2556 4333 2658 4379 vet.
2694 4333 2733 4377 t.
2770 4321 2841 4387 Χ,
2876 4331 3019 4392 part.
3054 4338 3114 4387 ιι,
3144 4336 3199 4392 p.
3229 4321 3358 4377 508.
3393 4321 3458 4375 Et
3488 4319 3725 4376 Severus
3745 4317 3922 4390 Syrus

640 4409 958 4484 patriarcha
996 4408 1379 4465 Anticuhenus
1413 4407 1603 4463 tertias
1634 4409 1857 4477 nuptias
1887 4409 2159 4482 improbat
2190 4410 2243 4470 in
2276 4427 2530 4468 sermone
2562 4413 2744 4483 priore
2767 4411 2832 4464 de
2859 4421 3049 4464 sancta
3080 4410 3332 4476 Droside,
3367 4406 3496 4465 item
3525 4407 3667 4481 apud
3699 4421 3801 4463 nos
3826 4421 3922 4477 op,

641 4500 734 4553 cit.
767 4506 809 4554 t.
853 4496 922 4563 Χ,
957 4514 1009 4567 p.
1045 4496 1173 4553 753.
1217 4495 1465 4568 Denique
1513 4496 1977 4567 Abulpbaragius,
2012 4496 2331 4555 Jacobitica:
2360 4499 2619 4557 Ecclesia:
2651 4498 3011 4569 maphrianus
3045 4513 3142 4554 seu
3180 4496 3410 4567 primas,
3445 4496 3499 4550 in
3531 4494 3923 4551 Nomocanone

640 4605 670 4657 ἓ
704 4587 867 4645 nobis
914 4587 1064 4651 edito
1114 4584 1317 4656 Script.
1348 4594 1449 4649 vet.
1487 4595 1526 4641 t.
1560 4584 1631 4653 Χ,
1670 4597 1805 4654 part.
1844 4602 1901 4647 tt,
1946 4601 2000 4656 p.
2032 4586 2123 4650 66,
2170 4586 2488 4643 Graecorum
2536 4594 2727 4642 severa
2782 4596 2989 4663 statuta
3033 4587 3100 4641 de
3154 4586 3331 4641 tertiis
3362 4585 3683 4655 quartisque
3713 4581 3923 4653 nuptiis

642 4678 867 4741 retinet.
910 4677 977 4738 Et
1018 4674 1277 4731 Nicolaus
1298 4674 1521 4745 quidem
1562 4673 1739 4742 primo
1772 4675 2160 4741 contendebat,
2209 4692 2276 4732 ne
2332 4693 2426 4747 per
2476 4674 2871 4745 indulgentiam
2907 4676 3128 4745 quidem
3174 4674 3491 4745 imperatori
3537 4672 3923 4729 concedendas

642 4768 815 4831 fuisse
835 4776 1066 4836 quartas
1098 4766 1320 4833 nuptias
1351 4781 1365 4817 :
1406 4764 1601 4819 deinde
1631 4780 1759 4819 vero
1793 4767 1845 4818 in
1877 4765 2000 4821 aliis
2030 4766 2098 4822 ad
2147 4780 2342 4837 papam
2385 4764 2726 4836 Latinosque
2767 4765 2985 4828 litteris,
3019 4780 3085 4820 eo
3119 4764 3341 4819 demum
3374 4762 3613 4828 devenit,
3652 4768 3711 4816 ut
3744 4758 3916 4815 Leoni

560 4930 563 4933 _
644 4854 955 4931 peculiares
989 4854 1060 4909 ob
1089 4868 1286 4907 causas
1317 4852 1711 4922 indulgendum
1746 4852 1919 4909 fuisse
1954 4853 2121 4919 dicat,
2157 4854 2369 4909 ueteris
2406 4869 2712 4925 nunquam.
2746 4854 3033 4911 Postremo
3074 4854 3190 4908 hate
3221 4853 3598 4909 controversia
3631 4850 3685 4905 in
3728 4849 3921 4904 Graeca

644 4944 889 5015 Ecclesia
917 4942 1021 4997 sub
1055 4939 1402 5004 Leonisl‘ilio
1432 4939 1799 4999 Constantino
1824 4966 1825 4969 η
1850 4942 2004 4996 ﬁnita
2053 4942 2219 4997 estin
2248 4943 2460 5015 synodo
2505 4944 2636 5013 περὶ
2671 4936 2946 5010 ἑνώσέως,
2982 4943 3046 4997 de
3077 4944 3291 5008 unione,
3325 4957 3450 5013 qua:
3494 4948 3681 4997 coacta
3718 4937 3820 4993 fuit
3848 4938 3920 4993 ob

645 5031 1055 5089 conciliandqu
1088 5030 1329 5097 schisma
1372 5031 1516 5091 inter
1550 5031 1694 5099 ipsos
1736 5030 1981 5095 Graecos,
2014 5046 2246 5102 quorum
2296 5047 2422 5102 pars
2467 5030 2733 5087 Romanae
2771 5034 3075 5097 sententiae,
3131 5046 3261 5101 pars
3290 5030 3492 5086 Graeca:
3524 5028 3758 5082 favebat.
3822 5025 3918 5078 Et-

643 5122 790 5181 cnim
825 5119 1127 5177 constituto
1154 5117 1387 5185 solemni
1414 5127 1525 5175 tam
1548 5118 1927 5174 ecclesiastico
1956 5135 2122 5189 quam
2154 5119 2304 5174 civili
2342 5128 2553 5191 quartae
2570 5120 2776 5190 nuptiae
2818 5120 2997 5173 vetitae
3042 5118 3285 5182 fuerunt,
3330 5116 3407 5172 uti
3449 5115 3631 5169 videre
3659 5120 3741 5168 est
3770 5112 3915 5179 apud

645 5209 1037 5265 Lcunclavium
1070 5209 1123 5262 in
1159 5206 1291 5272 Jure
1321 5207 1415 5264 Cr.
1443 5207 1600 5263 Rom.
1632 5216 1671 5267 t.
1695 5206 1735 5268 Ι.
1765 5224 1818 5282 p.
1861 5208 1984 5264 105.
2023 5207 2208 5262 Nihilo
2260 5219 2443 5264 tamen
2493 5206 2675 5261 minus
2721 5204 2966 5261 Romana
3014 5205 3253 5270 Ecclesia
3292 5202 3447 5279 Pauli
3486 5201 3717 5273 apostoli
3765 5198 3917 5253 dicto

645 5301 966 5356 auscultans
1000 5297 1114 5353 [ad
1146 5298 1273 5351 Cor.
1308 5312 1403 5363 vn,
1429 5295 1540 5364 59:
1580 5295 1780 5355 Mulier
1810 5297 2036 5367 alligata
2068 5305 2145 5351 est
2195 5298 2299 5369 legi
2334 5306 2533 5367 quanto
2578 5309 2811 5364 tempore
2862 5298 2944 5349 vir
2982 5295 3095 5364 ejus
3134 5296 3303 5359 civit;
3352 5291 3491 5362 quod
3540 5291 3587 5353 si
3634 5286 3918 5343 dormieris

641 5394 721 5443 rir
750 5389 892 5459 ejus.
929 5390 1158 5442 liberata
1201 5396 1303 5449 est,
1344 5386 1434 5439 cui
1480 5385 1590 5439 vult
1646 5386 1855 5461 nubat;
1896 5387 2204 5447 libertatem
2254 5389 2394 5442 hanc
2440 5388 2509 5441 ab
2548 5385 2816 5454 Apostolo
2860 5386 3149 5439 manifeste
3190 5395 3512 5438 concessam
3559 5379 3709 5435 nullo
3742 5378 3916 5433 limite

578 5492 581 5493 '
642 5480 1129 5549 constringendam
1164 5475 1399 5547 putavit.
1430 5474 1603 5541 Porro
1629 5474 1747 5533 haec
1770 5478 2173 5541 controversia,
2207 5486 2265 5531 ut
2288 5476 2526 5545 quisque
2554 5475 2825 5544 agnoscit,
2870 5473 3243 5544 disciplinaris
3270 5480 3383 5527 tota
3411 5480 3519 5534 est,
3552 5484 3660 5523 non
3687 5469 3920 5537 dogntaq

644 5569 771 5624 lica.
801 5565 918 5620 tam
951 5580 1053 5621 nec
1088 5564 1299 5623 Nieolai
1331 5562 1559 5636 querela
1591 5564 1659 5618 de
1694 5564 2056 5634 appellatione
2083 5565 2283 5633 Leonis
2312 5564 2379 5631 ad
2407 5576 2631 5633 papam,
2657 5570 2713 5616 et
2742 5563 2809 5617 de
2843 5560 3218 5616 Romanorum
3251 5560 3305 5615 in
3337 5559 3440 5613 hoe
3484 5556 3703 5628 negotio
3740 5555 3913 5609 inter—

641 5665 829 5722 ventu,
851 5656 1000 5726 justa
1035 5664 1162 5721 est;
1196 5653 1646 5726 quandoquidem
1683 5653 1801 5725 ipse
1834 5654 2095 5711 Romanae
2128 5653 2387 5711 Ecclesia:
2418 5652 2741 5723 primatum,
2773 5660 2835 5705 ut
2868 5666 3084 5720 aequum
3126 5659 3233 5716 est,
3280 5646 3573 5705 conﬁtetur
3616 5640 3911 5716 προνόμιον

642 5744 1109 5817 ἐκκλησιαστικῆς
1169 5741 1470 5814 ὑπεροχῆς.
1521 5742 1677 5808 Quod
1766 5742 2000 5814 denique
2075 5751 2260 5813 quarta

2295 5762 2299 5792 ι
2358 5741 2579 5812 nuptias
2656 5738 2915 5794 Nicolaus
2983 5739 3282 5808 πορνείαν,
3336 5735 3782 5807 fornicationem,
3827 5727 3913 5783 vel

643 5834 792 5904 prius
848 5832 1133 5905 quiddam,
1169 5830 1334 5886 audet
1391 5844 1517 5884 cum
1574 5828 1773 5898 priscis
1826 5830 2037 5900 aliquot
2097 5830 2391 5900 appellare,
2421 5829 2474 5884 id
2521 5843 2629 5882 non
2687 5827 2846 5883 aliter
2895 5827 3139 5896 intelligo
3177 5841 3343 5897 quam
3400 5826 3468 5880 de
3498 5821 3911 5905 impedimento.

644 5929 699 5974 ut
729 5904 904 5986 aiunt,
940 5919 1254 5991 dirimente.
1291 5915 1440 5990 quod
1473 5918 1811 5976 auctoritate
1852 5919 2228 5989 ecclesiastica
2270 5918 2679 5990 interpositum,
2712 5916 2890 5974 nullas
2954 5929 3147 5987 reapse
3168 5913 3349 5971 reddit
3384 5915 3627 5987 nuptias,
3666 5904 3909 5981 quanditt
