4098 6462
333 389 407 455 at
1079 423 1082 426 ~
1355 373 1359 376 ’
1755 395 2177 461 vaesano.
3527 395 3598 458 22
3628 451 3630 453 .

335 519 522 576 tenet;
563 510 792 578 ideoque
838 510 1077 579 ipsarum
1130 525 1263 566 usus
1299 525 1325 564 a
1378 511 1635 582 πορνείας
1668 511 1788 566 labe
1832 527 1938 566 non
1981 512 2184 568 differt.
2218 513 2298 567 Ad
2341 511 2632 568 historiam
2693 524 2822 566 vero
2872 508 3172 578 duplicium
3217 508 3582 568 Valentiniani

333 600 474 668 imp.
531 598 866 666 nuptiarum,
917 613 1080 667 qua'n
1135 597 1393 654 Nicolsus
1468 600 1723 667 attingit,
1782 599 2030 658 Socratis
2074 603 2195 657 sine
2242 601 2413 656 dubio
2463 602 2557 657 lib.
2621 617 2694 661 tv.
2746 616 2864 669 cap.
2921 601 2985 656 5i
3047 601 3359 655 narratione
3405 603 3598 671 frctus,

339 686 484 741 nihil
509 699 611 754 ego
639 683 816 738 dicam
854 696 977 755 post
1021 685 1113 740 illa
1150 702 1272 756 quae
1301 686 1724 757 prudentissimo
1760 702 1912 743 more
1952 704 2054 744 suo
2098 690 2399 759 disputavit
2448 689 2830 744 Tillemontius
2874 689 2927 742 in
2969 688 3095 742 adn.
3134 687 3204 742 28
3246 688 3312 742 ad
3359 693 3594 757 praedicti

335 771 582 828 Caesaris
617 781 790 842 gesta.
824 773 884 826 In
915 773 1132 828 duabus
1161 773 1388 844 reliquis
1417 775 1508 847 (55
1529 783 1581 827 et
1610 773 1700 843 56)
1741 775 1805 828 ad
1844 774 2107 831 Joannem
2139 793 2333 848 papam
2367 777 2614 848 epistolis
2647 773 2895 831 eamdem
2938 778 3156 844 quidem
3199 793 3312 832 rem
3343 776 3595 832 Νἱροιωις

338 870 528 932 urget,
554 860 645 914 sed
676 870 859 913 tamen
896 858 1265 915 Ecclesiarum
1300 862 1652 917 concordiam
1689 870 1876 929 optare
1908 880 1965 918 se
1998 864 2130 919 dicit
2170 885 2181 919 :
2232 868 2378 936 quod
2435 867 2577 921 idem
2630 867 2706 921 ait
2744 866 2910 921 etiam
2967 868 3020 920 in
3065 882 3189 936 epp.
3237 867 3308 921 54
3335 876 3388 920 et
3420 868 3488 921 53
3533 870 3596 918 ad

339 950 630 1005 Romanos
677 949 929 1003 homines
973 949 1236 1018 scriptis;
1270 959 1320 1004 et
1356 965 1508 1019 papae
1540 966 1736 1004 nomen
1771 953 1822 1004 in
1857 952 2087 1006 dissidio
2137 957 2438 1018 revulsum,
2485 954 2869 1024 reponendum
2922 952 2974 1005 in
3024 952 3298 1022 diptychis
3341 953 3548 1018 jndicat
3587 970 3597 1001 :

342 1052 652 1107 rursusque
701 1028 988 1107 prieteritac
1027 1039 1380 1107 indulgentia!
1429 1040 1708 1105 connivet,
1758 1041 1851 1094 sed
1896 1040 2241 1111 disciplinam
2287 1058 2442 1096 suam
2473 1042 2527 1095 in
2582 1049 2864 1110 posterum
2915 1040 3071 1094 firme
3106 1047 3310 1094 tuetur.
3356 1039 3597 1106 Epistola

335 1143 568 1199 quoque
614 1126 680 1179 ’Π
723 1127 842 1181 sine
893 1126 1058 1181 dubio
1099 1125 1164 1180 ad
1207 1141 1401 1197 papam
1437 1127 1822 1190 scribitnr~vel
1870 1126 2186 1183 Landonem
2225 1130 2306 1182 vel
2348 1130 2531 1199 potius
2569 1127 2836 1184 Joannem
2861 1124 2930 1181 Χ.
2969 1127 3028 1182 1η
3075 1142 3136 1180 ca
3171 1126 3350 1196 agitur
3377 1127 3443 1180 de
3471 1143 3600 1196 pace

339 1231 473 1271 cum
503 1214 744 1270 Romana
781 1213 875 1268 Eat
914 1214 1050 1279 csia,
1099 1230 1262 1283 quam
1307 1214 1590 1276 Nicolaus.
1631 1224 1755 1285 post
1803 1231 1961 1278 suum
2007 1217 2076 1271 ab
2122 1218 2321 1272 exsilio
2351 1217 2610 1282 reditum,
2657 1226 2711 1271 et
2757 1216 2841 1272 sui
2879 1215 3011 1270 cleri
3041 1214 3285 1270 schisma
3330 1213 3598 1276 sedatum,
3686 1209 3696 1218 ’

339 1318 579 1374 prorsus
607 1316 873 1371 compone
909 1317 938 1354 e
963 1310 1113 1371 optat
1146 1319 1159 1332 ·
1185 1313 1243 1355 at
1275 1303 1366 1368 sit,
1397 1303 1599 1370 inquit,
1629 1305 1783 1357 sicuti
1814 1320 1845 1356 a
1875 1306 2159 1373 principio,
2199 1307 2274 1358 ita
2321 1315 2369 1359 et
2414 1318 2553 1359 nunc
2591 1308 2740 1374 pacis
2784 1303 3076 1367 vinculum,
3110 1313 3159 1356 et
3191 1305 3317 1357 unio
3351 1302 3599 1356 Romam:

352 1389 609 1444 Ecclesia:
635 1405 753 1444 cum
777 1389 1388 1459 Constantinopolitano.
1424 1390 1555 1442 Illud
1619 1392 1824 1445 utiliter
1863 1407 2082 1459 quoque
2107 1393 2162 1445 in
2199 1393 2374 1462 prima
2405 1393 2471 1446 ad
2520 1391 2683 1445 ltum.
2718 1391 3018 1449 Ecclesiam
3071 1391 3330 1461 epistola,
3366 1391 3591 1443 adnuta-

341 1480 490 1533 liunt
542 1478 764 1538 eruditi,
797 1478 942 1548 quod
1002 1494 1197 1548 nempe
1246 1480 1356 1532 filia
1418 1478 1617 1533 Leonis
1665 1480 1914 1546 quaedam
1974 1481 2184 1534 Franco
2239 1482 2471 1549 principi
2515 1482 2792 1551 desponsa
2853 1481 3069 1536 fuisset.
3131 1479 3212 1535 He
3243 1480 3443 1550 quippe
3473 1494 3596 1544 vera

343 1567 454 1621 fuit
487 1568 602 1620 haec
634 1566 856 1620 nomine
880 1567 1060 1630 Anna,
1087 1582 1250 1636 quam
1285 1565 1394 1620 Leo
1416 1583 1478 1619 ex
1503 1568 1738 1637 conjuge
1768 1567 2008 1622 secunda
2032 1577 2372 1638 susceperat,
2397 1584 2673 1639 quamque
2705 1569 2947 1623 adultam
2979 1566 3277 1623 declaravit
3301 1567 3598 1634 Augustam

341 1663 477 1724 post
507 1653 700 1707 matris
733 1655 964 1720 obitum,
1012 1663 1071 1709 ut
1106 1654 1366 1726 palatinis
1407 1655 1676 1709 conviviis
1720 1665 1997 1725 praeesset,
2041 1663 2178 1709 teste
2210 1653 2394 1710 Leone
2423 1656 2796 1712 Grammatico
2829 1656 2882 1710 in
2917 1655 3118 1711 Leonis
3167 1654 3440 1723 Sapientis
3478 1651 3597 1705 Vita

336 1741 435 1795 ed.
466 1738 639 1796 Paris.
675 1755 731 1811 p.
752 1739 887 1795 181.

1751 1851 1949 1906 Classis
1981 1864 2196 1923 quarta.
2229 1839 2232 1842 i

432 1963 549 2019 Vl].
580 1964 764 2020 Prima
797 1964 964 2035 hujus
1004 1965 1198 2020 classis
1233 1967 1462 2035 epistola
1502 1967 1682 2035 (nobis
1720 1967 1808 2036 86)
1845 1967 2101 2023 Ecclesia:
2136 1980 2484 2022 teronomum
2533 1966 2882 2026 commendat
2919 1967 3262 2036 imperatori,
3291 1981 3449 2035 quem
3490 1964 3594 2018 lio-

346 2068 574 2107 manum
604 2051 950 2122 Lecapenum
984 2053 1249 2123 intelligo,
1285 2070 1408 2107 nam
1437 2054 1833 2116 Constantinus
1870 2071 2003 2124 puer
2028 2065 2164 2126 erat=
2210 2055 2266 2109 In
2293 2055 2398 2109 alia
2433 2055 2679 2110 Romano
2713 2054 2918 2110 Czesari
2949 2056 3112 2110 missa
3151 2054 3263 2127 (95)
3312 2064 3492 2107 monet
3532 2054 3598 2105 de

341 2139 599 2208 Bulgaria
627 2138 1000 2208 Lampsacum
1035 2155 1207 2208 usque
1234 2141 1518 2210 profectis.
1554 2141 1693 2195 Tum
1725 2143 1970 2212 quaedam
2003 2143 2244 2212 suggerit
2278 2143 2348 2197 de
2378 2143 2706 2208 scriniariis,
2750 2142 2818 2197 de
2857 2151 2999 2197 recta
3033 2141 3336 2196 ofﬁciorum
3379 2156 3596 2210 promo-

343 2229 520 2290 tione,
545 2235 602 2282 et
633 2226 699 2280 de
723 2227 938 2296 justitia
967 2244 980 2280 :
1011 2243 1120 2297 quo
1154 2229 1206 2281 in
1249 2229 1370 2282 loco
1399 2229 1527 2300 quid
1567 2230 1891 2284 vocabulum
1935 2230 2108 2300 ῥῶγαι
2152 2230 2424 2299 significet
2462 2245 2571 2285 non
2602 2231 2824 2296 definio,
2852 2230 3044 2304 sedex
3081 2229 3339 2298 Lennepii
3379 2229 3593 2299 Etymu-

341 2313 530 2386 logico
556 2313 651 2369 Gr.
688 2315 962 2384 conjicere
987 2314 1111 2370 licet
1141 2315 1414 2386 supplices
1454 2315 1625 2372 fuisse
1656 2316 1868 2372 libellos
1900 2318 1984 2372 vel
2010 2319 2255 2389 ipsorum
2301 2327 2504 2373 texam.
2549 2317 2729 2372 Tertia
2776 2318 3007 2386 epistola
3041 2317 3188 2386 (156)
3229 2317 3594 2370 consolatoria

347 2411 436 2457 est
462 2402 531 2456 ad
565 2403 814 2456 eumdem
851 2403 1156 2457 Romanum
1207 2405 1340 2472 imp.
1384 2405 1437 2458 in
1469 2403 1621 2459 obitu
1666 2405 1858 2460 uxoris
1896 2405 2157 2477 Augustas
2189 2405 2492 2461 Theodorte
2527 2421 2670 2460 anno
2700 2405 2824 2460 922.
2870 2404 3054 2460 Utitur
3082 2404 3350 2472 exemplis
3387 2403 3594 2458 Eniilii

345 2488 504 2543 Pauli
534 2496 588 2543 et
627 2489 964 2558 Anaxagora:
1004 2490 1096 2558 qui
1133 2491 1423 2546 orbitatem
1459 2490 1675 2547 fortiter
1709 2491 2069 2562 pertulerunt.
2107 2494 2354 2548 Pulchrae
2398 2502 2529 2549 sunt
2574 2504 2684 2549 tres
2722 2491 2966 2560 epistola:
2996 2491 3064 2544 ad
3095 2490 3390 2560 Georgium
3418 2491 3595 2544 Abas-

346 2578 564 2647 giorum
595 2577 919 2646 principem,
962 2593 1194 2648 quarum
1225 2579 1276 2632 in
1307 2581 1482 2649 prima
1506 2580 1759 2636 condolct
1796 2583 1844 2635 ei
1886 2583 1953 2636 de
1979 2581 2221 2651 parentis
2248 2581 2453 2650 egregii
2487 2581 2662 2635 obitu.
2702 2581 2755 2634 In
2782 2579 2972 2634 eadem
3011 2579 3113 2632 hac
3150 2578 3381 2646 aliisque
3417 2576 3600 2630 laudat

347 2679 682 2736 magnopere
720 2664 936 2734 Georgii
975 2667 1224 2732 virtutes,
1258 2669 1572 2737 gratiasque
1632 2669 1747 2739 agit
1782 2668 1854 2724 ob
1889 2669 2189 2739 impensam
2223 2669 2523 2723 Alanorum
2563 2668 2921 2722 finitimorum
2962 2666 3308 2720 conversioni
3338 2674 3391 2718 et
3429 2666 3600 2734 lapti-

344 2753 511 2808 smati
543 2767 756 2820 curam,
785 2753 946 2822 eique
975 2751 1180 2809 Alaniaa
1209 2755 1685 2825 archiepiscOpnm
1735 2758 1979 2825 impense
2003 2758 2370 2813 commendat.
2418 2755 2639 2822 Georgii
2687 2755 2852 2824 hujus
2889 2754 3141 2823 Abasgize
3169 2753 3457 2823 principis,
3498 2768 3597 2806 nec

349 2859 462 2899 non
496 2842 618 2913 ejus
655 2842 747 2896 filii
775 2841 1071 2906 Pancratii,
1109 2858 1195 2898 res
1225 2852 1408 2916 gestas
1447 2846 1663 2915 attingit
1704 2845 1982 2901 Cedrenus
2008 2847 2098 2903 ed.
2128 2845 2285 2900 Paris
2316 2856 2356 2899 t.
2386 2845 2451 2911 ll,
2495 2861 2548 2915 p.
2591 2844 2717 2908 7l8,
2763 2842 2885 2898 770.
2919 2843 3279 2912 Abasgiorum
3311 2837 3592 2895 historiam

345 2942 403 2984 et
445 2929 859 2985 conversionem
894 2929 962 2984 ad
991 2930 1272 2985 Christum
1320 2933 1709 3002 videsisapnd
1760 2917 2028 2987 Zonaram
2075 2934 2172 2988 lib.
2205 2949 2297 2999 xv,
2341 2935 2360 2987 ι
2394 2949 2408 2986 :
2449 2933 2589 3002 apud
2632 2946 2794 3000 quem
2833 2929 3034 2984 deinde
3084 2929 3178 2982 lib.
3212 2943 3322 2989 xvi,
3368 2929 3402 2982 9
3454 2942 3593 2995 θυαμ

347 3017 571 3088 Georgii
600 3018 784 3072 clades
818 3018 921 3072 sub
965 3017 1167 3073 Basilio
1217 3019 1479 3085 secundo,
1523 3030 1578 3072 et
1637 3020 1907 3075 Pancratii
1961 3020 2057 3074 filii
2127 3023 2275 3076 vices
2329 3021 2498 3075 variae
2547 3029 2865 3074 narrantur.
2932 3017 3092 3072 Circa
3138 3017 3422 3086 epistolam
3485 3014 3598 3086 (82)

345 3105 417 3160 ad
472 3104 852 3174 Landulpbum
907 3106 1022 3161 haec
1085 3107 1258 3162 habeo
1314 3107 1698 3176 quas.dicam.
1756 3105 1940 3162 Primo
2003 3109 2224 3178 quidem
2305 3108 2701 3164 Constantinus
2762 3107 2814 3159 in
2874 3104 3236 3160 Thematibus
3307 3105 3593 3174 perspicue

343 3196 537 3253 docet.
582 3192 720 3261 quld’
761 3203 874 3247 tum
926 3191 1319 3264 Longobardia:
1359 3195 1582 3249 nomine
1630 3195 2017 3263 designaretur
2055 3236 2070 3260 ,
2129 3209 2326 3266 nempe
2397 3196 2678 3264 provincia
2744 3193 2890 3248 circa
2957 3191 3238 3261 Neapolim
3309 3191 3598 3245 finitimas-

346 3298 463 3351 quc
511 3283 728 3343 urbes,
795 3294 959 3351 quam
1037 3272 1455 3350 appellationem
1502 3297 1534 3336 a
1589 3281 1963 3352 Longobardis
2014 3283 2256 3338 dominis
2301 3282 2495 3337 sortita
2537 3289 2676 3336 erat.
2747 3281 2975 3334 Constat
3035 3289 3295 3348 praeterea
3362 3279 3599 3333 Leonem

349 3370 671 3437 Sapientem
701 3369 872 3424 misso
902 3371 1147 3425 exercitu
1181 3369 1550 3425 Beneventum
1584 3371 1959 3441 occupavisse.
2006 3369 2361 3439 Landulphus
2402 3377 2586 3425 autem
2626 3366 3159 3435 Constantinopolim
3205 3383 3232 3418 a
3277 3377 3428 3434 patre
3467 3367 3597 3417 Ata-

350 3458 565 3527 nulpho
593 3457 794 3513 missus
822 3458 952 3513 olim
989 3456 1181 3524 fuerat,
1219 3468 1274 3512 et
1304 3459 1499 3514 deinde
1536 3460 1712 3515 evasit
1736 3459 2029 3515 Beneventi
2060 3459 2342 3513 dominus.
2379 3456 2615 3526 Legatur
2661 3454 2946 3509 Viventius
2980 3453 3123 3507 Hist.
3167 3452 3340 3521 Neap.
3371 3452 3456 3506 ed.
3485 3469 3595 3507 sec.
3690 3521 3695 3526 η

349 3555 396 3600 t.
430 3545 472 3612 Ι,
500 3561 555 3615 p.
584 3544 678 3612 49,
712 3559 813 3601 nec
847 3560 956 3600 non
995 3544 1327 3602 Murato'rius
1362 3547 1561 3600 Annal.
1600 3547 1732 3610 Itat.
1780 3549 1846 3601 ad
1891 3563 1983 3601 an.
2014 3545 2114 3600 89l
2153 3553 2206 3598 et
2231 3544 2370 3610 909;
2411 3543 2647 3612 denique
2680 3543 2776 3596 Art
2798 3542 2873 3595 'de
2902 3541 3058 3617 uérif.
3089 3540 3161 3594 les
3186 3541 3337 3593 dates
3363 3541 3414 3592 in
3445 3540 3594 3606 prin-

348 3633 570 3702 cipibus
598 3631 916 3688 Beneventi.
964 3633 1130 3688 Docet
1173 3645 1357 3688 autem
1392 3649 1499 3689 nos
1539 3635 1750 3690 Nicolai
1794 3635 2024 3704 epistola
2063 3631 2422 3688 Ursoleonetn
2470 3631 2762 3701 patricium
2795 3629 3100 3700 quemdam‘
3127 3629 3181 3681 in
3218 3628 3597 3696 Longobardia

349 3734 458 3790 pro
487 3719 815 3789 imperatore
853 3721 1139 3789 praesidem
1169 3737 1198 3775 a
1232 3718 1560 3792 La‘ndulpbo
1604 3723 1778 3777 fuisse
1825 3722 2197 3788 interfectum,
2250 3721 2621 3790 castris'ejus
2662 3718 2986 3788 occupatis;
3019 3733 3125 3788 qua
3158 3717 3226 3771 de
3263 3732 3320 3771 re
3361 3715 3600 3784 loquitur

348 3807 522 3860 etiam
554 3807 624 3861 jn
656 3807 889 3876 epistola
934 3806 1001 3861 ad
1032 3809 1347 3878 episcopum
1388 3809 1792 3881 Hydruntinum
1818 3827 1833 3874 ;
1875 3810 1987 3863 imo
2012 3810 2141 3865 illuc
2175 3809 2405 3879 reSpicit
2435 3809 2598 3862 etiam
2630 3808 2862 3874 epistola
2893 3808 2959 3862 ad
2993 3805 3287 3862 Gardonem
3319 3815 3599 3875 protoSpa-

351 3894 614 3949 tharium.
643 3893 898 3951 Nicolaus
928 3912 1078 3963 vero,
1105 3897 1210 3952 etsi
1240 3912 1359 3957 rem
1377 3908 1584 3967 gestam
1613 3897 1767 3951 valde
1797 3899 1969 3966 impro

1980 3899 2090 3960 bat,
2123 3899 2295 3952 veniae
2325 3907 2503 3952 tamen
2532 3895 2854 3965 Landulpho
2887 3911 3038 3965 spem
3074 3897 3270 3965 injicit,
3294 3896 3414 3949 imo
3436 3895 3595 3948 etiam

349 3991 634 4045 obtinendi
682 3990 1072 4060 Longobardia
1113 3991 1515 4059 praefecturam,
1571 3993 1730 4047 modo
1775 3991 1951 4046 fidelis
1993 3990 2312 4060 imperatori
2355 3989 2445 4044 sit.
2486 3987 2730 4057 Epistola
2776 4004 2999 4058 quoque
3041 3988 3154 4058 (85)
3189 3991 3256 4043 ad
3294 3990 3499 4043 clerum
3547 4001 3602 4044 et

346 4079 644 4147 optimates
670 4077 1061 4147 Longobardia:
1091 4079 1144 4132 in
1177 4077 1367 4133 eodem
1395 4078 1614 4147 neg0tio
1637 4084 1922 4133 versatur:
1966 4077 2191 4132 dederat
2230 4077 2376 4132 enim
2416 4091 2638 4146 operam
2687 4075 3044 4145 Landulphus
3073 4085 3132 4130 ut
3163 4092 3386 4132 causam
3429 4079 3600 4147 ipsius

357 4173 549 4234 ageret
581 4167 758 4222 clerus
791 4167 931 4233 apud
969 4168 1149 4222 aulam
1191 4166 1570 4237 Byzantinam,
1607 4177 1660 4220 et
1704 4182 1764 4222 se
1809 4165 2095 4237 praesidem
2136 4166 2376 4238 regionis
2428 4164 2750 4235 posmlaret.
2807 4162 3052 4233 Denique
3083 4165 3150 4219 ad
3179 4166 3602 4235 epistolamdtfi

348 4253 501 4323 quod
531 4254 745 4316 attinet,
779 4255 986 4310 scimus
1017 4255 1462 4324 Amalphitanam
1507 4256 1786 4310 civitatem
1819 4253 2151 4324 temporibus
2196 4254 2304 4310 illis
2346 4262 2533 4307 extera
2573 4245 2952 4306 dominatione
3005 4253 3257 4317 liberam,
3302 4269 3394 4322 per
3434 4254 3600 4308 duces

349 4356 488 4396 suos
513 4343 624 4411 regi
677 4341 916 4408 solitam,
945 4352 1001 4396 et
1041 4341 1247 4398 Graecis
1277 4357 1500 4412 quoque
1538 4352 1732 4397 contra
1770 4342 1990 4396 Italicos
2028 4340 2336 4394 Saracenos
2363 4355 2519 4410 opem
2559 4339 2772 4394 tulisse.
2815 4339 2974 4394 Nunc
3004 4338 3263 4395 Nicolaus
3292 4357 3388 4409 pro
3426 4341 3598 4410 capti-

349 4430 440 4483 vis
475 4428 797 4485 Christianis
843 4426 954 4500 ope
989 4431 1147 4487 ducis
1178 4431 1546 4500 Amalphitani
1589 4447 1650 4484 ex
1707 4429 2070 4484 Barbarorum
2115 4426 2378 4481 servitute
2424 4424 2768 4481 vindicandis
2812 4425 3047 4488 laborat,
3093 4428 3163 4481 ob
3206 4442 3436 4496 eamque
3490 4443 3598 4480 rem

349 4517 642 4587 pecuniam
679 4533 896 4586 quoque
932 4518 1226 4574 submittit.
1258 4520 1700 4589 Amalphitanum
1736 4519 1928 4572 ducem
1956 4515 2214 4571 Nicolaus
2244 4516 2544 4584 spiritalem
2581 4516 2753 4568 filium
2792 4529 2953 4569 suum
2987 4515 3142 4570 dicit.

431 4603 565 4658 Vill.
595 4604 801 4672 Nicolai
825 4609 915 4663 .ad
946 4624 1261 4677 supremum
1299 4609 1682 4663 Armeniorum
1717 4605 2020 4676 principem
2047 4602 2443 4675 epistola(l59)
2480 4602 2740 4672 peculiari
2767 4602 3140 4664 declaratione
3170 4602 3242 4657 ob
3272 4602 3602 4666 ecclesiasti-

347 4710 476 4749 cam
501 4695 620 4764 ejus
648 4699 827 4766 gentis
869 4699 1155 4767 historiam
1195 4699 1358 4768 digna
1410 4699 1646 4752 videtur.
1687 4695 1761 4748 Ea
1805 4693 2068 4748 scribitur
2101 4693 2166 4746 ad
2219 4689 2538 4745 Senibatum
2576 4689 2750 4745 Asutii
2787 4691 2956 4744 filium
2995 4689 3405 4760 Bagratunium,
3441 4705 3600 4759 quem

349 4799 482 4855 cum
515 4784 669 4838 titulo
707 4787 961 4854 principis
1002 4789 1303 4856 principum
1355 4786 1704 4855 imperitasse
1754 4782 2028 4836 Armeniae
2076 4781 2218 4834 inter
2265 4779 2451 4833 smculi
2501 4780 2628 4833 noni
2682 4779 2843 4833 finem
2881 4793 2945 4832 ac
2982 4778 3179 4833 decimi
3215 4778 3430 4832 initium
3477 4779 3604 4832 dicit

351 4871 581 4926 Samuel
619 4872 876 4928 Arniensis
925 4875 976 4928 in
1020 4874 1298 4929 Chronico
1331 4890 1441 4927 non
1475 4873 1724 4942 ignobili,
1761 4871 1906 4940 quod
1940 4884 2038 4923 nos
2070 4868 2374 4936 interprete
2411 4882 2462 4931 ν,
2496 4867 2565 4922 cl.
2599 4865 2809 4922 Joanne
2854 4865 3111 4920 Zohrabo
3141 4865 3429 4919 Mediolani
3462 4881 3606 4919 anno

357 4959 502 5014 1818
531 4961 913 5018 subtexuimus
938 4964 1219 5016 famusiori
1249 4963 1324 5017 illi
1358 4962 1576 5016 Eusebii
1607 4955 1963 5015 Czcsariensis
2005 4956 2302 5017 Chronico,
2346 4955 2489 5024 quod
2537 4955 2735 5008 ibidem
2769 4968 2924 5022 teque
2957 4953 3226 5009 edidimus
3257 4969 3322 5007 ex
3365 4954 3604 5022 genuino

347 5056 415 5104 et
438 5051 754 5106 authentico
785 5052 1040 5106 Haicanae
1072 5053 1268 5121 lingua:
1298 5051 1510 5113 codice,
1541 5065 1704 5117 quem
1744 5049 1860 5116 ipse
1885 5046 2141 5100 laudatus
2167 5043 2457 5096 Zohrabus
2493 5041 2966 5110 Constantinopoli
3004 5039 3257 5096 Venetias
3286 5041 3606 5108 deportare-
3688 5070 3692 5075 -

351 5147 464 5200 rat,
497 5149 660 5209 atque
682 5140 734 5193 in
770 5156 930 5196 suum
962 5142 1243 5209 exemplar
1273 5139 1415 5194 ﬁdeli
1450 5153 1678 5210 prorsus
1707 5121 2001 5192 collatione
2038 5129 2434 5185 transfuderat.
2475 5129 2734 5198 Epistolas
2769 5128 2961 5197 triplex
2997 5128 3161 5181 veluti
3213 5126 3434 5195 partitio
3475 5136 3558 5180 est
3586 5148 3597 5182 ;
3626 5134 3640 5148 ‘

352 5227 561 5281 etenim
591 5227 646 5280 in
681 5227 853 5297 prima
886 5229 1145 5298 praedicat
1182 5227 1440 5283 Nicolaus
1488 5227 1621 5281 recti
1672 5224 1942 5293 dogmatis
1984 5217 2315 5291 (εὐσεϐείας)
2351 5215 2760 5281 necessitatem,
2798 5232 2828 5270 a
2860 5231 2970 5285 quo
3003 5215 3258 5269 nonnulli
3295 5215 3603 5283 (Armenios

356 5315 635 5385 intelligit)
663 5332 788 5371 cum
815 5319 1080 5387 majorum
1124 5334 1351 5373 suorum
1387 5317 1544 5387 culpa
1579 5315 1965 5373 descivissent,
2004 5307 2280 5362 mordicus
2313 5318 2498 5360 tamen
2533 5306 2694 5360 avita:
2723 5305 3002 5360 traditioni
3033 5305 3601 5372 adhmrebantzquam

357 5420 474 5457 rem
499 5405 732 5459 alienam
755 5421 882 5460 esse
911 5407 1059 5460 omni
1088 5406 1266 5461 oﬂicio
1298 5414 1352 5460 et
1383 5404 1693 5475 prudentia,
1719 5402 1916 5456 merito
1957 5397 2108 5452 dicit.
2137 5395 2196 5449 In
2225 5395 2394 5449 altera
2424 5396 2667 5448 sectione
2697 5393 2941 5461 epistolae
2968 5403 3173 5456 narrat,
3193 5401 3407 5446 mortuo
3432 5407 3602 5460 nuper

357 5493 504 5560 apud
534 5493 824 5549 Armenios
867 5495 1193 5562 patriarcha,
1244 5496 1358 5548 sive
1390 5503 1449 5548 ut
1487 5493 1647 5562 vulgo
1676 5491 1833 5544 aiunt
1870 5486 2142 5542 catholico
2186 5485 2302 5553 (qui
2349 5483 2529 5538 fuerat
2563 5482 2882 5552 MastosiuS)
2933 5482 3230 5552 principem
3284 5479 3601 5532 Armenium

358 5597 458 5646 per
495 5596 627 5636 suos
655 5583 1019 5653 apocrisarios
1043 5583 1387 5653 significasse
1421 5581 1624 5636 Cmsari
1666 5578 1970 5649 Byzantino
2013 5575 2128 5644 (qui
2163 5583 2282 5627 erat
2324 5572 2431 5626 Leo
2462 5570 2854 5640 Philosophus)
2891 5586 2995 5624 nec
3034 5584 3136 5623 non
3180 5568 3384 5622 Grmcae
3423 5568 3603 5620 Eccle-

353 5671 476 5731 siae,
506 5668 748 5739 cogitare
792 5685 851 5725 se
889 5670 957 5725 de
995 5670 1262 5725 mittendo
1313 5668 1850 5736 Constantinopolim
1908 5666 2003 5718 illo
2055 5663 2296 5740 homine,
2344 5675 2507 5729 quem
2559 5673 2756 5713 novum
2799 5658 3172 5729 patriarcham
3218 5657 3601 5723 designaturus

355 5766 496 5821 erat,
531 5765 590 5811 ut
625 5759 700 5813 ibi
728 5759 1198 5815 consecrationem
1246 5757 1538 5828 reciperet,
1581 5766 1637 5809 et
1683 5772 1808 5808 cum
1856 5754 2049 5808 Gratco
2093 5753 2238 5806 clero
2282 5750 2529 5820 religiosa
2581 5750 2812 5803 consilia
2857 5749 3130 5803 misceret.
3161 5746 3311 5800 Hanc
3347 5743 3603 5812 principis

361 5848 693 5904 voluntatem
731 5863 1058 5918 magnopere
1082 5847 1292 5918 probat,
1327 5857 1490 5916 atque
1539 5851 1594 5899 ut
1638 5845 1756 5902 sine
1801 5858 1949 5897 mora
1997 5843 2051 5897 in
2097 5858 2210 5896 rem
2246 5840 2584 5905 conferatur,
2619 5838 2877 5894 Nicolans
2919 5840 3211 5893 hortatur:
3243 5835 3406 5895 idque
3442 5831 3607 5886 saluti
