4088 6450
460 297 532 355 23
1878 276 2297 351 PREFATIO.
2831 317 2836 321 -
3641 289 3716 351 at

464 399 835 455 necessarium
866 399 962 465 ait,
1014 409 1305 470 propterea
1344 401 1490 470 quod
1518 401 1761 458 Armenii
1789 411 2017 456 eatenus
2056 399 2125 453 ab
2157 398 2479 454 orthodoxa:
2517 398 2782 452 doctrinm
2826 398 3044 452 tramite
3075 396 3480 452 aberraverant.
3511 399 3632 464 Quo
3662 403 3716 456 in

457 489 576 541 loco
604 487 779 542 Photii
809 502 1030 558 quoque
1058 487 1372 544 decessoris
1399 491 1486 545 sui
1512 490 1840 560 legationem
1873 499 2038 559 atque
2068 489 2356 554 epistolam
2409 487 2474 542 ad
2526 484 2844 540 Zachariam
2917 486 3300 539 Armeniorum
3344 485 3710 556 patriarcha":

458 584 726 631 memorat
774 591 873 646 pro
912 573 1202 630 concordia
1248 585 1412 646 atque
1442 577 1507 632 ad
1544 579 1928 634 orthodoxiam
1959 578 2134 632 reditu
2164 590 2178 629 :
2211 576 2312 630 etsi
2361 576 2412 630 id
2476 584 2752 630 tentamen
2815 573 2885 628 ob
2945 582 3253 642 temporum
3316 573 3716 629 vicissitudines

456 677 676 719 cassnm
708 666 947 719 evasisse
969 663 1067 718 ait.
1115 662 1172 719 ln
1209 674 1486 734 postrema
1514 667 1732 722 demum
1768 676 1924 738 parte
1955 682 2068 720 rem
2099 664 2412 734 praedictam
2442 655 2665 734 perorat
2689 663 2968 728 Nicolaus,
3000 663 3154 717 valde
3187 671 3401 732 optans.
3423 673 3479 718 et
3514 678 3719 732 urgens

456 761 516 805 ut
549 751 827 822 eligendus
856 751 1054 822 praesul
1079 751 1290 809 sincera
1325 753 1582 811 Ecclesia
1611 756 1862 811 doctrina
1893 754 2366 822 Constantinopoli
2395 754 2693 819 imbuatur,
2730 769 2839 824 quo
2870 755 2922 808 in
2951 753 3182 822 patriam
3217 767 3472 808 reversus
3521 756 3714 808 Arme-

460 841 676 894 niueum
699 839 961 909 populum
997 841 1137 895 haud
1168 841 1433 911 religione
1468 843 1647 900 minus
1676 860 1840 915 quam
1899 844 2046 898 civili
2100 858 2232 912 pace
2278 842 2481 898 Graecis
2547 843 2828 914 adjungat.
2883 841 3155 897 Hactenus
3204 841 3410 898 Nicolai
3461 844 3716 912 epistola.

458 925 846 982 Verumtamen
874 941 964 982 res
990 929 1165 983 multo
1189 929 1352 985 aliter
1386 931 1588 986 accidit
1621 949 1636 985 :
1669 931 1980 1002 patriarcha
2010 930 2154 985 enim
2188 931 2293 986 hoc
2324 941 2564 1000 tempore
2625 932 2854 992 electus.
2885 930 3126 985 Joannes
3152 939 3340 985 sextus
3370 930 3716 1000 fuit,cogno-

455 1025 638 1069 mento
680 1013 1010 1083 Historicus,
1054 1016 1148 1088 qui
1187 1019 1372 1074 sedem
1400 1019 1550 1074 illam
1581 1020 1716 1076 adiit
1744 1035 1890 1075 anno
1908 1019 2033 1075 897.
2062 1020 2112 1073 ls
2141 1028 2322 1073 autem
2353 1018 2490 1074 adeo
2513 1020 2578 1074 ad
2602 1018 2951 1081 concordiam
2985 1017 3301 1088 dogmatum
3327 1033 3433 1072 non
3462 1019 3716 1082 accessit,

452 1112 510 1156 nt
560 1117 620 1157 se
671 1104 783 1158 imo
831 1103 1297 1161 Chalcedonensis
1345 1107 1536 1178 synodi
1581 1108 1794 1163 hostem
1826 1108 1880 1162 in
1910 1106 2144 1162 Historia
2173 1122 2269 1162 sua
2302 1107 2480 1176 palam
2519 1107 2878 1176 profiteatur:
2928 1116 2982 1160 et
3022 1120 3167 1173 saepe
3213 1104 3432 1173 quidem
3489 1119 3519 1159 a
3570 1104 3717 1159 Con-

450 1190 694 1245 stantino
741 1191 898 1262 imp.,
937 1182 1034 1260 per
1082 1191 1455 1250 Theodosium
1524 1196 1784 1266 legatum,
1832 1194 2368 1264 Constantinopolim
2441 1193 2610 1250 fuisse
2685 1193 2974 1248 invitatum
3037 1195 3153 1259 ait,
3187 1207 3466 1262 nunquam
3537 1204 3715 1246 tamen

452 1278 579 1334 illuc
611 1278 936 1348 profectum,
977 1295 1044 1334 ne
1071 1281 1223 1350 pacis
1257 1282 1404 1338 inita
1437 1283 1520 1338 vel
1572 1285 1823 1339 ineunda:
1859 1299 1984 1343 eum
2013 1282 2482 1344 Chalcedonensis
2514 1282 2705 1354 synodi
2755 1283 2983 1338 asseclis
3027 1281 3394 1336 schismaticm
3426 1283 3571 1351 genti
3601 1298 3716 1338 sua:

453 1367 819 1437 suSpicionem
846 1367 1132 1437 praeberet.

1869 1487 2069 1542 Classis
2104 1488 2310 1558 quinta.

527 1593 615 1650 IX.
659 1595 1053 1670 Episcoporum
1121 1602 1288 1656 totius
1342 1601 1493 1658 orbis
1529 1599 1823 1656 Christiani
1867 1602 2087 1671 plenam
2132 1603 2381 1657 notitiam
2414 1601 2764 1674 qnaudonam
2795 1600 3080 1656 collectam
3114 1601 3479 1657 habebimus?
3514 1599 3711 1656 Orieno

459 1685 646 1739 talium
692 1688 909 1755 quidem
960 1689 1182 1744 nomina
1213 1705 1507 1760 aggressus
1539 1697 1624 1745 est
1654 1703 1980 1744 enumerare
2008 1688 2310 1760 Lequinius
2357 1693 2408 1745 in
2465 1690 2682 1746 Oriente
2724 1689 3067 1754 Christiano,-
3110 1697 3504 1753 verumtamen,
3547 1689 3714 1742 unius

459 1773 698 1827 hominis
726 1775 871 1830 vires
910 1775 957 1830 is
991 1777 1144 1831 labor
1171 1777 1489 1832 excedebat.
1529 1775 1902 1832 Nihilominus
1933 1778 2147 1848 majore
2183 1778 2362 1834 adhuc
2401 1793 2540 1833 ausu
2574 1776 2870 1832 cardinalis
2907 1776 3254 1844 Garampius,
3281 1777 3409 1831 dum
3449 1775 3714 1831 Vaticano

458 1860 730 1920 labulario
761 1874 1014 1934 praerat,
1047 1879 1183 1935 opus
1218 1865 1548 1921 moliebatur
1581 1853 1906 1936 inscriptum
1945 1866 2104 1921 Urbis
2139 1866 2500 1926 Christianus.
2550 1882 2676 1920 cum
2726 1866 2937 1920 inﬁnita
2989 1866 3374 1935 episcOporum
3412 1866 3712 1934 congerie:

456 1959 831 2005 verumtamen
869 1952 983 2008 haec
1013 1969 1231 2023 quoque
1267 1953 1573 2009 lucubratio
1606 1955 1658 2008 in
1697 1954 2025 2010 schedarum
2074 1954 2486 2020 innumerarum
2537 1967 2732 2007 acervo
2775 1968 2881 2006 ms.
2926 1951 3092 2021 jacet.
3148 1950 3255 2005 Sed
3316 1951 3461 2005 enim
3495 1952 3712 2004 illarum

458 2039 677 2108 quidem
709 2042 1016 2109 regionum,
1059 2058 1179 2111 quae
1229 2042 1536 2112 peculiares
1582 2042 1994 2112 episcopatuum
2045 2057 2272 2097 suorum
2304 2043 2604 2111 scriptores
2651 2051 2823 2094 nacta!
2863 2051 3013 2104 sunt,
3055 2040 3213 2094 facile
3259 2040 3570 2109 episcopos.
3609 2038 3713 2094 etsi

461 2127 700 2180 nondum
738 2144 949 2193 omnes,
987 2131 1381 2185 nanciscimur.
1416 2129 1663 2183 Aliarum
1695 2144 1848 2193 vero,
1888 2145 2010 2199 qua
2046 2131 2298 2198 plurimae
2345 2140 2497 2190 sunt.
2547 2129 2832 2198 regionum
2866 2130 3153 2197 episcopos
3192 2143 3459 2197 nusquam
3513 2129 3714 2181 melius

456 2231 615 2284 quam
647 2217 700 2270 in
734 2216 932 2273 Lahbei
975 2218 1039 2272 ad
1071 2219 1304 2273 concilia
1337 2227 1596 2288 apparatu
1633 2218 2039 2287 cognoscimus,
2079 2217 2218 2288 apud
2292 2231 2454 2286 quem
2501 2224 2609 2269 tam
2643 2216 2912 2288 generalis
2950 2231 3114 2284 quam
3161 2217 3555 2285 geographicus
3595 2215 3716 2284 epi-

457 2317 774 2371 scoporum,
803 2304 896 2373 qui
934 2305 988 2359 in
1036 2305 1282 2361 collectis
1308 2305 1378 2361 ab
1403 2319 1472 2360 eo
1511 2305 1764 2360 conciliis
1793 2308 2166 2368 nominantur,
2199 2305 2483 2373 catalogus
2533 2305 2756 2374 legitur.
2794 2305 3049 2358 Attamen
3080 2303 3168 2357 hic
3201 2319 3418 2373 quoque
3447 2316 3713 2358 numerus

455 2403 795 2463 quantopere
825 2395 897 2448 sit
921 2394 1297 2463 imperfectus,
1327 2393 1576 2464 quotidie
1605 2393 1966 2463 dignoscitur,
1999 2394 2175 2464 primo
2203 2394 2330 2463 quia
2361 2388 2578 2448 nonnisi
2603 2392 2851 2447 conciliis
2874 2392 3084 2456 nititur,
3114 2392 3309 2445 iterum
3336 2392 3462 2460 quia
3485 2391 3715 2445 concilia

456 2479 570 2547 ipsa
599 2479 744 2533 haud
779 2479 964 2533 omnia
1000 2495 1178 2550 neque
1205 2489 1336 2545 tunc
1367 2496 1544 2549 neque
1568 2481 1731 2536 modo
1757 2491 1886 2536 sunt
1912 2483 2132 2553 cognita
2162 2499 2176 2536 :
2203 2499 2330 2537 ecce
2359 2484 2508 2536 enim
2538 2497 2638 2536 nos
2667 2481 2769 2551 ipsi
2799 2483 3136 2550 incomperta
3169 2480 3386 2535 Lahbeo
3409 2482 3516 2535 duo
3538 2495 3711 2545 nuper

456 2567 820 2635 vulgavimus,
843 2582 970 2622 eum
1004 2569 1390 2639 episcoporum
1425 2571 1722 2624 multorum
1755 2570 2281 2639 subscriptionihns.
2318 2569 2592 2636 Quorsum
2649 2570 2763 2624 haec
2807 2569 3086 2622 dicimus?
3135 2567 3339 2637 Nempe
3371 2577 3427 2622 ut
3459 2569 3708 2637 quintam

453 2654 812 2723 epistolarum
845 2654 1048 2711 Nicolai
1081 2657 1312 2710 classem
1349 2657 1452 2711 hoc
1478 2657 1673 2733 saltem
1705 2658 1864 2711 titulo
1889 2659 2362 2722 commendemus,
2405 2652 2550 2727 quotl
2581 2658 2866 2728 Byzantini
2898 2659 3303 2725 patriarchatus
3331 2658 3711 2726 episcoporum

455 2746 675 2798 nomina
708 2745 906 2814 partim
937 2745 1184 2801 inaudita
1219 2744 1456 2801 fortasse
1487 2747 1705 2806 reeitat.
1738 2745 1934 2814 partim
1963 2761 2108 2802 novo
2140 2750 2472 2802 documento
2501 2745 2844 2800 wnlirmata.
2879 2743 3014 2798 Nam
3044 2747 3110 2800 de
3137 2745 3482 2815 singularum
3511 2748 3718 2815 episto-

454 2833 628 2886 larum
672 2833 1007 2904 argumentis
1057 2833 1339 2889 brevitatis
1375 2833 1546 2902 gratia
1604 2835 1688 2889 vis
1737 2834 1885 2903 loqui
1938 2847 2262 2903 possumus.
2320 2833 2456 2888 Cmn
2504 2833 2573 2888 de
2621 2832 2890 2900 Bulgaria-
2925 2833 3342 2901 archiepiscopo
3390 2835 3502 2905 jam
3550 2842 3700 2888 retro

456 2921 782 2987 dixerimus,
827 2921 1070 2992 reliquos
1111 2922 1456 2989 alphabetico
1498 2922 1691 2976 ordine
1739 2936 2158 2989 prosequemur.
2201 2935 2434 2988 quorum
2465 2920 2510 2974 si
2540 2935 2699 2989 quam
2737 2919 2986 2974 nntitiam
3023 2933 3087 2974 ex
3121 2919 3340 2975 Lah'beo
3371 2921 3452 2975 vel
3493 2921 3715 2975 aliunde

461 3010 768 3073 hausimus,
802 3025 909 3063 non
945 3010 1318 3064 reticebimus.
1379 3007 1474 3078 Ep.
1514 3009 1602 3068 52.
1639 3008 1759 3073 118,
1809 3009 1927 3069 135.
1969 3009 2091 3070 134,
2121 3007 2224 3062 155
2257 3009 2464 3062 Alanis:
2519 3006 3024 3076 archiepiscopatus
3052 3017 3135 3062 est
3167 3009 3233 3088 in
3261 3007 3459 3086 Leon-is
3487 3009 3716 3088 Sapien-

459 3103 529 3153 tis
558 3099 945 3154 schematismo
976 3099 1118 3167 apud
1155 3096 1547 3152 Leunclavium
1582 3107 1619 3150 t.
1652 3097 1691 3163 l,
1729 3112 1781 3165 p.
1817 3096 1907 3150 88.
1960 3097 2201 3150 Alterius
2253 3095 2579 3150 recentioris
2618 3095 2825 3150 Alaniaa
2862 3086 3258 3164 archiepiscopi
3292 3098 3492 3166 scripta
3522 3086 3710 3153 Graeca

459 3188 604 3241 haud
643 3186 954 3256 pmnitenda
990 3186 1123 3239 mihi
1170 3186 1387 3258 cegnita
1439 3195 1592 3252 sunt,
1631 3201 1753 3253 qua:
1796 3194 1981 3255 postea
2013 3184 2279 3239 litterario
2315 3183 2432 3238 orbi
2481 3183 2825 3252 patefaciam.
2864 3183 2961 3252 Ep.
2992 3183 3080 3247 65,
3108 3184 3279 3238 Amisi
3315 3182 3574 3240 Joanncs.
3611 3186 3708 3254 Ep.

459 3275 585 3339 115,
629 3275 971 3330 Athenarum
1015 3272 1233 3328 Nicetas
1287 3273 1539 3330 interluit
1586 3273 1820 3328 concilio
1874 3273 2292 3342 Constantinop.
2348 3288 2439 3326 an.
2484 3271 2610 3326 870.
2666 3272 2999 3326 Memoratur
3042 3272 3207 3327 etiam
3255 3273 3376 3340 ejus
3423 3287 3713 3328 successor

456 3356 631 3417 Sabas
666 3363 756 3432 qui
795 3360 1046 3419 interluit
1091 3353 1546 3433 pseudo-synOdo
1580 3360 1859 3417 Photiana:
1906 3377 1997 3414 an.
2035 3360 2162 3414 879.
2202 3360 2298 3429 Ep.
2337 3359 2458 3424 115,
2506 3360 2810 3414 Antiochia
2854 3361 3196 3429 metropolita
3237 3360 3590 3430 Euthymius;
3626 3362 3715 3416 iit-

459 3451 638 3520 tellige
674 3450 887 3505 Pisidiae
909 3452 1282 3516 Antiochiam,
1316 3467 1435 3521 quae
1473 3465 1663 3505 revera
1699 3459 1816 3504 erat
1865 3450 2204 3517 metropolis,
2245 3448 2416 3503 Labb.
2455 3449 2567 3504 ind.
2597 3463 2782 3517 gengr.
2821 3448 2922 3516 Ep.
2958 3448 3078 3510 111,
3123 3449 3247 3512 128,
3281 3447 3519 3504 Chaldia:
3554 3449 3712 3505 Basi-

457 3538 596 3603 lius;
637 3539 894 3592 mendum
936 3539 1153 3592 videtur
1198 3540 1251 3592 in
1299 3538 1535 3592 concilio
1577 3537 1997 3605 Constantinop.
2042 3541 2169 3590 anni
2203 3537 2330 3600 870,
2380 3538 2471 3590 ubi
2521 3537 2754 3592 Basilius
2797 3535 3286 3602 Chalcedonensis,
3335 3537 3566 3592 fortasse
3613 3553 3712 3607 pro

459 3625 826 3682 Chaldiensis.
870 3626 1043 3684 Porro
1092 3627 1321 3681 Chaldia
1366 3626 1469 3680 fuit
1511 3641 1679 3680 unum
1732 3639 1796 3678 ex
1847 3625 2064 3693 imperii
2111 3625 2444 3680 thernatibus
2486 3626 2539 3679 in
2593 3624 2816 3680 Pontica
2853 3626 3094 3695 regione.
3130 3624 3226 3692 Ep.
3258 3625 3380 3690 106,
3411 3625 3713 3681 Chersonis

459 3714 914 3784 archiepiscopus
945 3715 1160 3769 videtur
1189 3715 1279 3769 ille
1315 3715 1514 3769 Paulus
1545 3713 1637 3783 qui
1674 3713 1779 3766 hoc
1811 3713 1969 3766 titulo
2000 3713 2328 3781 subscripsit
2374 3713 2826 3783 pseudo-synodo
2855 3711 3136 3766 Photianaa
3171 3730 3261 3767 an.
3291 3713 3414 3769 879.
3447 3713 3544 3782 Ep.
3583 3714 3710 3780 15⁸⁷,

451 3804 629 3874 Cyzici
669 3803 994 3858 Demetrius.
1031 3805 1126 3873 Ep.
1165 3804 1255 3868 50,
1288 3803 1411 3865 107,
1446 3802 1568 3866 130,
1599 3801 1720 3866 137,
1753 3801 1878 3862 158.
1925 3801 2065 3871 Ογιίι

2097 3802 2108 3854 i
2159 3801 2502 3870 metropolita
2553 3800 2819 3871 lgnatius.
2875 3799 2974 3869 Ep.
3030 3801 3122 3864 95,
3163 3802 3286 3866 115,
3327 3803 3711 3873 ClaudiOpolos

457 3894 826 3949 Theoctistus.
857 3896 957 3965 Ep.
992 3895 1084 3958 59,
1116 3896 1207 3958 ll,
1241 3895 1332 3958 ιε,
1367 3895 1458 3956 68,
1489 3893 1577 3953 89,
1612 3893 1703 3958 91,
1739 3892 1863 3954 ηι,
1904 3892 2028 3956 152,
2058 3892 2071 3944 1

2098 3892 2181 3956 51,
2220 3894 2341 3957 154,
2378 3893 2504 3955 160,
2545 3893 2743 3963 Ephesi
2783 3893 3130 3962 metropolita
3176 3895 3474 3964 Gregorius
3510 3899 3712 3953 scribi-

457 3995 546 4037 tur
577 3985 628 4037 in
663 3983 875 4038 Oriente
908 3983 1242 4047 Christiano,
1274 3993 1311 4037 t.
1350 3983 1387 4046 l,
1420 4000 1472 4052 p.
1508 3981 1632 4046 685,
1665 3991 1718 4036 et
1750 3983 1891 4050 apud
1931 3981 2100 4035 Labb.
2148 3979 2402 4034 Interfuit
2436 3979 2887 4050 pseudo-synodo
2917 3979 3216 4036 Photianaa.
3250 3985 3346 4053 Ep.
3381 3986 3505 4049 152,
3539 3985 3712 4042 llera-

455 4073 585 4126 σιω
618 4071 994 4140 ΡΙιοιῑιιδ.οΕρ.
1029 4074 1121 4132 58.
1154 4072 1320 4126 lconii
1356 4087 1685 4141 anonymns.
1723 4068 2002 4124 Palladius
2025 4068 2243 4138 quidem
2285 4068 2457 4123 Iconii
2495 4069 2811 4122 nominatur
2837 4070 2890 4122 in
2920 4069 3149 4138 epistola
3176 4070 3379 4129 Leonis
3409 4075 3538 4145 imp.
3567 4078 3710 4146 apud

460 4159 626 4215 Labb.
663 4172 702 4216 t.
736 4162 823 4221 IV.
860 4177 912 4230 p.
958 4161 1116 4216 1856.
1153 4161 1433 4231 Styliauus
1474 4169 1530 4214 et
1577 4158 2021 4230 Thcophylactus
2071 4157 2237 4213 lconii
2282 4158 2333 4210 in
2375 4159 2584 4229 synodo
2625 4157 3048 4228 Cunstantinop.
3083 4176 3174 4214 an.
3210 4162 3334 4216 870.
3375 4161 3712 4233 The0philus

456 4249 625 4303 lconii
663 4252 716 4302 in
751 4250 1200 4319 pseudo-synmlo
1234 4249 1518 4302 Photiaua.
1560 4247 1656 4315 Ep.
1689 4248 1777 4309 85,
1807 4246 2076 4318 llydrunti
2120 4260 2450 4314 anonymns,
2485 4245 2702 4300 videtur
2737 4245 2954 4301 Marcus
2993 4245 3369 4318 Hydruntinus
3401 4252 3490 4318 qui
3527 4255 3626 4304 fuit
3659 4254 3710 4306 in

457 4337 908 4408 pseudo-synodo
943 4337 1230 4392 Photiana.
1266 4336 1363 4407 Ep.
1406 4336 1525 4400 101,
1561 4336 1685 4399 158,
1719 4335 2002 4390 Laodiceae.
2037 4335 2376 4402 metropolita
2410 4336 2827 4391 Constantinus.
2862 4335 2960 4406 Ep.
2993 4337 3115 4401 116,
3146 4336 3379 4394 Larissa:
3406 4338 3709 4409 Philippus.

460 4428 557 4495 Ep.
589 4427 678 4492 49,
711 4429 1066 4495 metropoljtis
1097 4438 1249 4482 extra
1288 4427 1736 4480 communionem
1766 4425 1984 4498 positis,
2013 4423 2082 4476 ob
2115 4423 2354 4477 schisma
2397 4423 2646 4479 videlicet
2679 4426 2745 4476 in
2803 4439 2969 4479 causa
3018 4427 3388 4495 tetragamiaz;
3432 4443 3461 4481 a
3512 4429 3712 4497 quilms

457 4515 703 4574 queritur
737 4530 795 4568 se
825 4515 1170 4578 derelictum,
1208 4532 1237 4568 a
1281 4515 1406 4570 liliis
1438 4525 1671 4583 patrem.
1711 4513 1810 4580 Ep.
1858 4514 1948 4575 71,
1988 4513 2114 4578 100,
2165 4511 2355 4567 Nicma:
2391 4512 2698 4567 Alexander
2745 4514 2798 4567 in
2852 4513 3068 4568 Oriente
3112 4515 3312 4568 Christ.
3347 4525 3385 4570 t.
3418 4515 3458 4581 l,
3492 4533 3544 4584 p.
3584 4518 3710 4572 648.

461 4601 555 4670 Ep.
583 4604 671 4664 96.
702 4604 791 4668 97,
828 4603 1154 4659 Nicomediae
1192 4603 1453 4673 lgnatius.
1493 4603 1592 4672 Ep.
1618 4603 1708 4661 43.
1747 4601 1866 4664 119,
1901 4603 2027 4666 125,
2077 4603 2362 4656 Patrarttm
2397 4604 2743 4671 tnetropolita
2777 4604 3042 4658 Andreas.
3078 4604 3173 4672 Ep.
3217 4605 3339 4670 108,
3387 4605 3508 4666 110,
3539 4605 3713 4659 Pissi-

459 4693 644 4745 nuntis
681 4691 990 4746 Eustratius
1021 4694 1073 4746 in
1114 4693 1560 4763 pseudo-synodo
1594 4690 1882 4744 Photiaua.
1924 4691 2021 4759 Ep.
2060 4692 2181 4755 149..
2216 4691 2471 4746 Sardium
2511 4694 2853 4761 metrOpolita
2884 4693 3176 4748 Antonius.
3223 4691 3320 4761 Ep.
3359 4694 3447 4756 57,
3483 4693 3714 4765 Synadis

456 4795 781 4851 anonymus.
824 4781 1015 4834 Petrus
1054 4781 1428 4850 Synnadcnsis
1483 4781 1532 4832 in
1586 4781 1823 4833 concilio
1857 4779 2276 4849 Constantinop.
2315 4781 2440 4834 anni
2490 4781 2615 4835 870.
2666 4781 2923 4835 Nicolaus
2973 4779 3348 4851 Synnadensis
3387 4783 3439 4834 in
3481 4785 3714 4850 pseudo-

457 4869 666 4936 synodo
702 4869 965 4922 Pltotiana
1009 4871 1135 4922 anui
1186 4871 1310 4922 879.
1357 4867 1434 4920 Ad
1490 4869 1632 4922 hunc
1688 4864 1943 4921 scribere
1977 4867 2263 4923 Nicolaum
2325 4871 2692 4938 patriarcham
2740 4868 3070 4923 credendum
3111 4878 3214 4924 est.
3274 4869 3371 4939 Ep.
3421 4872 3541 4936 ll7,
3588 4871 3712 4939 129,

459 4957 618 5024 Sylzei
654 4956 779 5010 Leo.
825 4958 922 5024 Ep.
963 4957 1084 5016 122,
1122 4955 1447 5009 Ambrosius
1477 4957 1791 5024 episcopus.
1832 4957 1928 5024 Ep.
1957 4955 2047 5018 98,
2078 4972 2386 5027 anonymus
2412 4957 2728 5024 cpiscopus.

527 5043 581 5096 ln
614 5046 776 5113 hujus
807 5047 1010 5114 quintae
1050 5046 1241 5101 classis
1271 5045 1517 5114 epistolis
1563 5045 1747 5114 agitur
1795 5045 1863 5098 de
1914 5046 2269 5098 ecclesiarum
2303 5048 2588 5114 regimine,
2627 5047 2692 5097 de
2724 5045 3022 5100 schismate
3046 5047 3382 5116 tetragamiz
3411 5063 3595 5110 causa,
3649 5048 3716 5102 de

458 5133 624 5186 variis
657 5133 801 5186 circa
835 5150 952 5186 eam
983 5143 1196 5187 aetatem
1233 5134 1482 5202 personis
1513 5133 1597 5186 vel
1636 5134 1896 5202 negotiis,
1945 5134 2009 5186 de
2055 5134 2298 5200 ejusdem
2337 5135 2600 5200 temporis
2639 5133 3067 5188 calamitatibus.
3117 5136 3174 5190 ln
3218 5151 3303 5204 ep.
3335 5135 3403 5189 94
3431 5137 3716 5200 attingitur

459 5221 822 5274 imtnunitatis
861 5223 1244 5276 ecclesiasticze
1287 5223 1400 5290 jus.
1461 5222 1683 5288 Aliquot
1732 5222 1968 5288 denique
2000 5222 2246 5289 epistola:
2277 5221 2572 5275 familiares
2603 5232 2731 5276 sunt
2757 5233 2810 5277 et
2836 5223 3114 5279 ollieiosaz.
3149 5226 3556 5295 Anonymarum
3591 5223 3717 5293 qui-

459 5309 574 5361 dem
608 5309 964 5378 epistularum
999 5310 1274 5363 nonnulla:
1307 5309 1513 5378 absque
1545 5309 1713 5362 duliio
1748 5310 2065 5362 scribuntur
2098 5310 2163 5362 ad
2199 5311 2506 5379 episcopos.

1876 5418 2076 5473 Classis
2114 5431 2282 5475 sexta.

530 5555 597 5607 Χ.
652 5554 1165 5626 Scriliunturliujus
1199 5557 1393 5612 classis
1428 5558 1680 5626 epistolzn
1716 5558 1780 5612 ad
1829 5557 2017 5612 civiles
2069 5572 2144 5611 ma

2098 5558 2445 5626 magistratus.
2501 5558 2706 5612 Horum
2752 5558 2998 5611 notitiam
3049 5560 3134 5612 vix
3186 5561 3349 5614 ullam
3386 5569 3579 5615 autne
3628 5563 3712 5621 vix

457 5645 672 5708 quidem
699 5645 952 5710 scribam,
979 5649 1104 5716 quia
1140 5648 1205 5702 de
1241 5649 1493 5718 personis
1541 5648 1740 5718 longus
1785 5662 1964 5701 sermo
2001 5645 2163 5714 foret,
2194 5647 2496 5702 olliciornm
2541 5656 2720 5700 autem
2753 5649 2892 5700 tituli
2930 5649 3039 5701 noti
3079 5657 3205 5702 sunt
3251 5665 3313 5702 ex
3348 5650 3503 5706 lihris
3539 5651 3604 5705 (lc.
3628 5652 3712 5704 «εῖν

459 5732 757 5800 ριιιιλιὶὶιιιξ
786 5734 920 5789 aulae
963 5735 1291 5802 Βδίίιιιιίιιέυ,
1340 5738 1674 5806 ινειῖῑιτιῐιιιϊυ
1724 5737 1959 5806 ιὶιίιιιμιιξ
2002 5736 2066 5805 pit

2100 5754 2269 5806 :‘a'quc
2318 5739 2708 5793 dcscnlntntttr
2761 5739 2810 5791 in
2866 5739 3210 5793 Constantini
3264 5740 3391 5811 imp.
3444 5741 3584 5794 libro
3641 5739 3714 5795 De
