4088 6474
181 363 250 429 εδ
1621 371 2037 433 ι’[ιίΕΙτΑΤιο.
2429 330 2431 332 ’
3379 350 3452 412 26

181 485 510 538 hiantibus.
547 483 692 554 Ergo
735 486 963 554 epistola
1017 487 1118 542 H6
1171 486 1432 541 scribitur
1461 485 1826 538 Constantino
1873 482 2286 549 protasecretis.
2336 480 2434 549 Ep.
2473 481 2562 540 9|,
2613 477 2832 545 Coropo
2881 474 3002 527 viro
3048 468 3449 526 illustrissinto.

181 569 276 637 Ep.
309 571 406 633 69,
443 571 532 634 70,
586 571 776 626 Davidi
811 574 1137 628 Cainuliano
1189 572 1653 643 protospathario.
1705 572 1801 640 Ep.
1854 571 1942 634 84,
1994 569 2215 625 Οιυιιυιιί
2265 567 2704 637 protospathario
2759 561 3130 634 imperatoris.
3183 558 3281 626 Ep.
3326 554 3452 616 105,

180 658 401 710 Godino
437 660 791 727 imperatoris
826 663 1269 731 protospathario
1297 673 1350 716 et
1381 660 1620 731 prazsidi.
1651 659 1748 728 Ep.
1784 659 1910 720 121,
1950 658 2119 712 Leoni
2152 658 2380 726 patricio
2412 667 2467 711 et
2501 655 2716 722 prmtori
2746 651 3186 707 Auatolicorum.
3209 647 3306 714 Ep.
3329 645 3455 706 197.

180 744 355 797 Leoni
389 749 678 814 spathario
715 758 769 802 ct
791 748 962 816 judici
993 747 1404 820 Paplilagonize.
1458 747 1556 816 Ep.
1595 747 1686 808 40,
1719 745 1989 800 Malacino
2028 745 2280 816 patricio.
2329 743 2423 814 Ep.
2455 743 2582 806 MO,
2613 741 2859 796 Michaeli
2891 737 3127 811 patricio
3155 731 3452 820 etpraetori

178 832 622 892 Thessalonicae.
675 836 773 904 Ep.
825 838 949 902 144,
997 816 1470 907 Nicolad'prmori
1517 835 1933 903 Longobardim.
1987 833 2085 902 Ep.
2138 833 2262 896 151),
2319 831 2604 884 Philotbeo
2652 828 2902 897 patricio.
2950 827 3050 895 Ep.
3083 816 3455 907 54,_llelladis

178 922 434 987 pnetori.
489 922 586 990 Ep.
636 923 758 984 161,
804 922 1167 993 Peloponnesi
1209 905 1450 994 praetori.
1484 921 1583 993 Ep.
1617 910 1709 987 55,
1758 921 2070 993 Strymonis
2125 919 2366 989 praetori.
2425 919 2522 984 Ep.
2566 916 2690 978 149,
2725 907 3148 968 Tliracesiorum
3205 905 3454 978 praetori.

182 1007 284 1071 Ep.
320 1008 420 1063 44.
479 1011 698 1078 prtetori
753 1012 994 1065 cuidam.
1042 1011 1380 1066 Notabiliora
1431 1012 1486 1065 in
1534 1010 1810 1079 praedictis
1842 1008 2088 1077 epistolis
2137 1007 2251 1060 ha'c
2296 1007 2409 1060 fere
2459 1011 2610 1058 sunt.
2664 1003 2720 1057 In
2756 1004 2826 1057 54
2853 1015 3032 1054 sermo
3069 1007 3154 1053 est
3196 997 3263 1050 de
3302 994 3454 1066 gravi

176 1097 467 1151 discordia
499 1106 554 1152 et
593 1100 886 1153 schismate
931 1095 1176 1154 Thebani
1212 1101 1365 1155 cieri.
1396 1100 1454 1154 In
1487 1099 1556 1153 81
1589 1104 1928 1153 memoratur
1958 1094 2354 1166 Lougobardiie
2389 1094 2680 1147 tumultus.
2717 1091 2772 1146 ln
2804 1090 2909 1144 114
2941 1088 3146 1142 dicitur
3176 1087 3333 1154 quies
3368 1097 3455 1137 re-

175 1187 379 1238 stituta
417 1187 816 1258 Longohardia:
864 1205 959 1257 per
999 1189 1278 1242 Nicolaum
1332 1197 1646 1258 praetorem.
1687 1186 1747 1240 In
1780 1184 1881 1240 MO
1911 1185 2192 1238 veritatem
2227 1181 2538 1251 patriarcha
2578 1195 2607 1233 a
2643 1187 2872 1245 poretore
2914 1175 3156 1246 exquirit
3186 1173 3289 1227 sub
3325 1187 3460 1226 ana—

177 1276 455 1329 thematis
494 1293 673 1346 penna.
715 1278 771 1330 In
810 1277 912 1331 “6
944 1278 1180 1331 intentat
1211 1277 1428 1346 praetori
1467 1275 1757 1329 anathema
1793 1273 1864 1327 ob
1896 1271 2160 1340 reiectum
2191 1269 2670 1338 archiepiscopum
2710 1265 3013 1337 Neapoleos
3051 1281 3080 1318 a
3124 1278 3183 1319 se
3212 1261 3455 1316 destina-

179 1373 318 1424 lum,
353 1373 412 1414 et
441 1365 731 1417 obtrnsum
774 1365 961 1417 alium.
991 1363 1046 1417 In
1079 1363 1183 1418 150
1208 1363 1447 1418 admittit
1486 1361 1799 1432 patriarcha
1850 1360 2128 1430 querelam
2172 1359 2303 1412 cleri
2337 1351 2540 1411 ΝίτωΠί
2577 1355 2839 1409 adversus
2872 1361 3157 1423 praetorem
3189 1364 3376 1412 suum,
3425 1364 3454 1399 a

173 1464 286 1516 quo
322 1451 398 1503 ad
435 1452 688 1504 militiam
720 1452 1060 1522 adigebatur.
1101 1451 1240 1504 Dicit
1279 1451 1504 1520 insuper
1542 1451 1778 1505 Nicaiam
1810 1449 2068 1504 donatam
2102 1447 2274 1501 fuisse
2311 1449 2521 1499 honore
2565 1441 2970 1510 metropolitico
3014 1441 3085 1495 ob
3128 1439 3369 1509 synodos
3402 1436 3455 1487 in

173 1553 233 1587 ea
264 1539 608 1593 celebratas.
656 1539 711 1593 In
758 1540 984 1611 reliquis
1023 1539 1272 1609 epistolis
1308 1539 1630 1596 scribuntur
1679 1537 1946 1607 sapientia
1982 1535 2208 1600 monita,
2254 1531 2782 1594 commendationes,
2815 1537 2870 1582 et
2902 1528 3010 1582 alia
3045 1527 3209 1580 modo
3238 1525 3456 1594 publica

172 1628 348 1677 modo
386 1629 624 1695 privata.

1595 1739 1798 1796 Classis
1827 1736 2071 1804 septima.

253 1848 355 1902 XI.
399 1849 662 1906 Omnium
692 1852 966 1922 copiosior
993 1853 1186 1910 classis
1220 1854 1448 1924 septima
1485 1863 1588 1909 est.
1625 1852 1724 1922 Ep.
1763 1851 1854 1913 47,
1885 1850 2271 1905 Constantino.
2303 1848 2400 1919 Ep.
2445 1847 2568 1914 156,
2599 1846 2904 1916 Stephano,
2941 1836 3195 1895 Micitaeli
3226 1843 3281 1891 et
3311 1834 3460 1890 Con—

172 1939 442 1990 stantiuo
499 1938 783 1994 fratribus.
839 1940 933 2008 Ep.
995 1942 1084 2006 56,
1134 1941 1390 1996 Curatori
1444 1938 1925 2010 Strongylizontis.
1982 1936 2135 1991 lluue
2185 1936 2624 1991 ecclesiasticum
2669 1934 2850 1988 locum
2895 1929 3067 1984 fuisse
3116 1927 3170 1980 in
3220 1927 3459 1978 themate.

173 2023 529 2093 Strymonis,
560 2035 787 2095 apparet
810 2043 873 2080 ex
915 2043 1078 2095 przec.
1106 2044 1192 2097 ep.
1223 2028 1312 2091 55,
1355 2045 1462 2098 qua
1500 2027 1922 2082 commendatur
1971 2027 2089 2094 ejus
2141 2026 2243 2078 loci
2292 2036 2518 2079 curator
2565 2023 2783 2094 praesidi
2818 2017 3150 2091 Strymonis.
3183 2015 3461 2069 Constan-

172 2113 421 2179 tinopoli
455 2113 676 2182 quidem
721 2115 1064 2184 Στρὸγγυ).ον
1096 2118 1379 2170 castellum
1423 2126 1563 2181 erat,
1617 2117 1858 2183 itemque
1899 2115 2317 2176 monasterium,
2354 2123 2413 2166 ut
2445 2114 2626 2166 \iderc
2661 2119 2745 2165 est
2780 2109 2922 2177 apud
2957 2105 3292 2160 Bandurium
3320 2101 3459 2171 Imp.

175 2192 404 2247 Orient.
444 2207 491 2248 t.
527 2196 591 2257 ll,
622 2212 675 2265 p.
716 2198 837 2251 759.
871 2198 969 2266 Ep.
1005 2198 1095 2259 '57,
1130 2198 1380 2268 Styliano
1418 2200 1672 2254 diacono.
1709 2199 1807 2270 Ep.
1841 2202 1931 2267 60,
1966 2217 2256 2257 ωοοηοηιο
2287 2202 2493 2269 Magnae
2529 2200 2784 2254 Ecclesiae
2808 2193 3456 2264 Constantinoiiolitanm.

169 2279 482 2337 Monachis
515 2297 692 2338 autem
724 2286 1040 2339 scribuntur
1077 2286 1194 2349 hic-
1235 2287 1334 2355 Ep.
1373 2287 1469 2349 5:5,
1511 2287 1604 2350 64,
1636 2288 1762 2350 120,
1791 2291 1919 2351 151,
1953 2288 2260 2360 Tryphoni.
2293 2289 2388 2358 Ep.
2419 2288 2511 2352 28,
2541 2288 2776 2342 Phileto.
2809 2287 2909 2354 Ep.
2939 2283 3320 2346 45,.Arsenio.
3359 2279 3460 2348 Ep.

170 2368 265 2426 62.
306 2369 510 2424 Petro.
546 2368 642 2440 Ep.
681 2371 768 2437 65,
797 2369 1120 2440 Epiphanio.
1155 2373 1252 2439 Ep.
1286 2375 1555 2440 126,115,
1591 2375 1784 2444 lgnatit

1846 2377 1956 2429 ilim
1987 2377 2270 2445 magistro,
2307 2384 2495 2441 postea
2529 2375 2823 2429 monacho.
2858 2371 2956 2440 Ep.
2991 2371 3114 2435 Hi,
3152 2372 3460 2439 hegnmeno

169 2472 472 2527 anonymo
510 2458 575 2512 ad
617 2458 755 2512 Aras
788 2460 943 2514 solis.
981 2461 1076 2529 Ep.
1118 2461 1240 2526 148,
1279 2462 1594 2533 Euthymio.
1631 2465 1729 2534 Ep.
1769 2466 1890 2531 i55,
1925 2465 2235 2520 Theodosio
2285 2466 2485 2533 (Θεοδ.)
2530 2465 2807 2520 monacho
2834 2472 2888 2517 et
2917 2461 3245 2524 euhuclisio,
3287 2460 3338 2513 id
3379 2464 3462 2513 est

168 2547 560 2601 cubiculario.
621 2546 718 2616 Ep.
770 2548 888 2612 165,
923 2549 1210 2604 Antiocho.
1263 2553 1360 2619 Ep.
1398 2553 1486 2612 78,
1520 2555 1805 2609 monachis
1838 2557 2224 2609 communiter.
2262 2555 2506 2624 Denique
2535 2554 2826 2625 anonymis
2861 2552 3178 2607 hominibus
3209 2566 3332 2619 epp.
3364 2550 3455 2611 59,

170 2636 261 2692 61,
299 2634 406 2690 66.
441 2634 536 2697 67,
569 2634 656 2698 68,
693 2635 785 2702 72,
817 2635 904 2700 75,
939 2637 1028 2701 74,
1064 2638 1154 2698 75,
1191 2638 1278 2698 76,
1315 2639 1403 2701 77,
1435 2639 1522 2704 79,
1550 2641 1638 2705 80,
1673 2641 1766 2706 81,

1840 2647 1889 2702 7.
1923 2643 2012 2704 88,
2047 2643 2136 2704 90,
2171 2644 2261 2707 92,
2309 2643 2434 2707 101,
2479 2643 2602 2704 105,
2655 2643 2775 2703 109,
2813 2642 2936 2702 111,
2989 2640 3115 2698 125,
3164 2639 3288 2700 147,
3335 2637 3454 2693 152.

176 2723 304 2785 155,
350 2723 488 2776 139.
537 2723 766 2794 Ἀδή).ῳ,
804 2724 854 2778 id
892 2735 974 2780 est
1019 2728 1238 2782 incerto.
1287 2743 1390 2794 ego
1438 2729 1718 2797 inscripsi,
1767 2745 1895 2783 cum
1954 2731 2159 2783 nullum
2199 2731 2387 2784 aderat
2430 2731 2483 2783 itt
2536 2729 2724 2783 codice
2775 2744 3015 2782 nomen:
3050 2726 3464 2795 etquandoquc

172 2811 412 2880 quidem
445 2826 546 2880 pro
582 2811 761 2881 ἀδήλῳ
788 2813 1072 2868 vidi-batur
1109 2816 1420 2892 ponendum
1452 2817 1529 2886 τῷ
1561 2818 1734 2886 αὐτῷ,
1765 2819 1953 2879 eidem,
1993 2818 2219 2870 relative.
2252 2818 2459 2870 scilicet
2502 2817 2568 2870 ad
2605 2814 2960 2885 prrecedentis
2989 2813 3234 2883 epistolae
3267 2811 3463 2864 inseri-

176 2901 491 2966 ptionem;
529 2900 856 2968 quandoque
907 2911 1087 2956 tamen
1135 2919 1316 2958 secus.
1364 2906 1652 2958 Materiam
1709 2915 1786 2957 tot
1835 2906 2190 2974 epistularum
2266 2906 2545 2974 sigillatitn
2605 2920 2709 2957 non
2754 2918 3078 2972 persequar,
3113 2900 3278 2954 veluti
3311 2900 3459 2967 quod

175 3004 265 3056 ep.
308 2987 388 3041 66
425 2988 796 3056 superstitiosi
834 2989 1043 3057 aliquot
1069 3001 1225 3046 actus
1258 2993 1757 3060 reprehenduntur,
1804 2993 1896 3062 qui
1930 3009 1959 3046 a
1989 2993 2322 3046 Christianis
2359 2993 2560 3045 tiebant
2597 3007 2695 3059 per
2737 2992 2988 3044 incensas
3025 3002 3208 3057 pyras,
3257 2994 3311 3039 et
3365 3001 3460 3053 per

176 3075 527 3128 animalium
566 3090 732 3144 prope
756 3076 1034 3131 ethuicam
1072 3078 1544 3145 immolationem;
1597 3082 1690 3149 qui
1740 3082 1880 3134 ritus
1923 3082 1974 3134 in
2017 3065 2292 3136 Armeniis
2322 3097 2542 3150 quoque
2576 3080 2942 3149 reprehensus
2978 3078 3118 3146 fuit;
3150 3076 3223 3132 cf.
3264 3075 3454 3146 Spicil.

179 3175 220 3217 ι.
255 3161 382 3226 Vl],
416 3178 472 3231 p.
514 3161 634 3216 171.
667 3163 910 3231 Denique
941 3179 1028 3235 ep.
1067 3164 1136 3219 68
1166 3181 1349 3219 rerum
1377 3167 1820 3222 Christianarum
1860 3171 1912 3223 in
1944 3169 2206 3222 Chazaria
2249 3185 2353 3222 non
2395 3169 2793 3223 contemnenda
2828 3167 3020 3220 notitia
3054 3165 3308 3226 traditur,
3348 3173 3455 3215 etc.

253 3249 379 3303 XII.
409 3250 577 3304 Aliud
613 3251 744 3303 mihi
785 3251 837 3303 in
872 3249 1151 3306 Vaticanis
1190 3255 1478 3309 codicibus
1498 3267 1848 3326 compertum
1886 3265 1971 3310 est
2000 3254 2206 3310 Nicolai
2241 3257 2452 3328 Mystici
2485 3257 2750 3324 scriptum
2788 3253 3075 3317 ineditum,
3114 3267 3310 3322 nempe
3343 3252 3463 3320 ejus

178 3339 424 3393 homilia
453 3339 525 3391 ad
559 3338 816 3406 populum
851 3339 1236 3409 Byzantinnm.
1282 3352 1404 3410 post
1451 3344 1695 3398 auditum
1746 3346 1792 3399 dt

1862 3346 2270 3400 Thessalonicae
2324 3347 2540 3401 excidio
2591 3345 2970 3399 tristissimum
3008 3342 3281 3405 nuntium,
3339 3358 3459 3409 qua:

172 3431 301 3482 dira
337 3428 638 3481 calamitas
689 3443 834 3480 anno
891 3428 1096 3482 Christi
1143 3429 1248 3484 904
1301 3433 1529 3502 contigit
1569 3434 1684 3503 (qui
1732 3443 1853 3487 erat
1889 3434 2238 3503 pontiticatus
2272 3433 2481 3487 Nicolai
2535 3448 2713 3486 annus
2762 3430 2961 3502 nonus)
3017 3430 3156 3483 duce
3209 3438 3457 3495 apostata

173 3515 372 3574 Leone
408 3515 678 3582 Tripolita
711 3518 1010 3573 Saraceno.
1049 3517 1312 3584 Superest
1348 3521 1462 3576 haec
1490 3523 1710 3576 homilia
1738 3524 1790 3576 in
1831 3524 1955 3576 cod.
1995 3521 2111 3575 Vat.
2153 3523 2272 3585 I72,
2307 3537 2414 3575 una
2446 3537 2570 3577 cum
2605 3518 2835 3597 Joannis
2857 3520 3190 3573 Cameniataz
3225 3518 3456 3573 historia

174 3609 246 3656 de
281 3605 560 3672 przedicto
594 3605 1000 3660 Thessalonica:
1040 3621 1193 3664 casu.
1235 3624 1334 3661 nec
1368 3625 1474 3661 non
1509 3612 1736 3664 Joannis
1790 3611 2038 3665 Lectoris
2084 3612 2308 3664 historia
2351 3611 2477 3664 item
2510 3625 2575 3662 ac
2610 3609 2865 3662 inonodia
2895 3608 2961 3661 de
2997 3619 3272 3678 postrema
3305 3607 3456 3675 ejus-

177 3692 308 3746 dem
343 3691 512 3744 urbis
562 3707 591 3742 a
644 3689 841 3745 Turcis
889 3702 1135 3760 captura.
1168 3694 1467 3764 Utriusque
1501 3695 1730 3751 Joannis
1783 3700 1985 3768 scripta
2036 3715 2064 3751 a
2114 3698 2294 3752 Leone
2326 3698 2528 3751 Allatio
2567 3698 2618 3750 iu
2665 3695 2974 3766 Symmictis
3021 3712 3086 3750 ex
3136 3696 3239 3748 hoc
3272 3696 3462 3749 eodem

173 3781 382 3834 codice
416 3777 596 3833 fuisse
624 3781 791 3844 edita,
821 3780 1165 3848 exploratum
1214 3783 1270 3834 tit
1312 3784 1383 3837 ob
1428 3786 1677 3852 opusculi
1711 3785 1936 3841 secundi
1984 3787 2212 3842 lacunas
2243 3788 2295 3840 in
2327 3787 2567 3842 editione
2615 3787 2854 3849 relictas,
2887 3800 3117 3855 quarum
3160 3800 3326 3839 causa
3363 3784 3464 3837 init

175 3870 299 3937 ipse
333 3867 520 3921 codex
553 3868 605 3919 in
639 3867 922 3935 superiore
967 3878 1121 3936 parte
1165 3870 1334 3934 lacer,
1379 3879 1439 3924 ut
1479 3872 1783 3927 coniercuti
1832 3876 1968 3929 mihi
2025 3878 2306 3930 evidenter
2349 3877 2546 3946 patuit.
2582 3874 2719 3938 Quia
2764 3868 2942 3936 tamen
2981 3875 3191 3928 Nicolai
3231 3874 3456 3927 homilia

175 3972 337 4028 pane
378 3963 500 4009 tota
540 3955 593 4007 in
628 3969 694 4008 eo
731 3966 980 4009 versatur
1017 3965 1076 4010 ut
1115 3959 1376 4026 populum
1403 3959 1476 4012 ad
1515 3973 1867 4028 peccatorum
1905 3965 2325 4018 detestationem
2351 3975 2692 4034 permoveat,
2737 3965 2808 4016 ob
2839 3979 2959 4029 quae
2990 3972 3043 4016 et
3073 3961 3467 4016 Thessalonica

177 4046 504 4106 ceciderat,
539 4055 590 4099 et
624 4059 810 4113 parem
846 4061 1061 4114 poenam
1089 4048 1591 4116 Constantinopolis
1628 4051 1743 4120 ipsa
1773 4053 2233 4120 pertimescebat;
2265 4054 2496 4121 ideoque
2522 4068 2716 4122 parum
2750 4052 2879 4120 quid
2914 4052 3079 4104 habet
3112 4051 3468 4114 historicum;

181 4143 230 4186 et
265 4133 413 4203 quia
445 4133 642 4212 θρόει,
691 4144 750 4185 ut
785 4132 919 4195 dixi,
958 4133 1104 4186 lacer
1145 4135 1414 4190 orationis
1460 4137 1659 4191 Seriem
1695 4139 2010 4210 abrumpit;
2050 4152 2272 4196 tenuem
2309 4144 2695 4196 tantummodo
2731 4141 3056 4209 particulam
3101 4141 3192 4194 hic
3224 4140 3471 4193 recitabo

189 4238 297 4288 qua:
336 4221 898 4290 liistoriam;'~propius
924 4223 1165 4292 attingit.
1197 4222 1414 4279 Titulus
1455 4227 1690 4282 homilia:
1724 4229 1803 4282 hic

1919 4229 2159 4282 ῐικολάου
2192 4229 2549 4299 ,πατριάρχου
2601 4230 2787 4302 ὁμιλία
2836 4232 2917 4288 εἰς
2969 4229 3069 4296 τὴν
3116 4227 3319 4281 ἆλωσιν
3370 4227 3473 4296 τῆς
3531 4261 3533 4265 ι

183 4310 621 4378 Θεσσαλονῑκης.
658 4309 879 4379 meum
917 4312 972 4361 ἐν
994 4310 1205 4377 ἄμϐωνι
1229 4312 1326 4380 τῆς
1362 4313 1623 4381 Μεγάλης
1668 4316 1994 4386 Ἐκκλησῐαε
2029 4321 2165 4387 μετὰ
2200 4317 2300 4388 τὴν
2335 4317 2562 4370 εἴσοδον.
2600 4318 2801 4386 Μικρῷ
2834 4317 3109 4387 πρότερου
3143 4317 3274 4385 ὑμῖν
3294 4311 3470 4372 εἷπον,

177 4400 502 4469 ἀγαπητοὶ,
533 4415 587 4451 κ.
615 4415 666 4451 τ.
699 4397 748 4457 λ.
796 4397 1010 4451 Μτοιαὶ
1045 4402 1365 4466 patriarcha:
1411 4403 1631 4454 homilia
1676 4403 1739 4456 de
1786 4432 1791 4456 t

1856 4415 1942 4472 pta
1989 4388 2385 4470 Thessalonica,
2430 4407 2577 4458 dicta
2627 4406 2682 4458 in
2729 4406 2932 4474 pulpito
2970 4406 3184 4476 Magna:
3219 4403 3470 4456 Erclesire

176 4501 299 4553 post
354 4487 667 4540 introitum.
727 4484 897 4538 Paulo
931 4497 1052 4539 ante
1103 4489 1334 4541 diximus
1376 4489 1540 4552 vobis,
1579 4493 1902 4556 charissimi,
1939 4505 2044 4548 etc.
2078 4495 2236 4549 Circa
2281 4504 2409 4548 vero
2450 4496 2756 4551 orationem
2811 4493 3043 4547 mediam
3088 4493 3189 4547 sic.
3239 4491 3353 4543 Νῦν
3384 4478 3474 4559 ἐφ’

177 4579 333 4645 ἡμᾶς
371 4574 609 4644 ἐξεχύθη
641 4576 878 4643 ἄκρατος
913 4579 945 4645 ἡ
984 4575 1146 4647 ὀργὴ,
1191 4579 1282 4629 καὶ
1332 4579 1360 4628 ὁ
1403 4581 1920 4651 παρρησιαζόμενος
1971 4585 2002 4654 ἣ
2053 4585 2393 4637 ἀναστέλλων
2433 4585 2630 4645 οὐδείς.
2665 4582 3048 4652 Ἐκενὼθησαν
3085 4583 3270 4644 πόλεις
3316 4583 3473 4651 οἰκη-

176 4669 390 4734 τνὶρων,
429 4663 624 4732 ἄνδρες
658 4665 747 4714 [σοι
778 4663 1092 4734 βοσκήμασι
1116 4665 1571 4734 κατεσφάγησαν,
1604 4672 1863 4736 γυναῖκες
1911 4672 2294 4740 διασπώμεναι
2320 4675 2430 4727 τῶν
2456 4672 2743 4742 ὁμοζύγων
2766 4671 2980 4742 βιαίως,
3006 4672 3235 4724 ἐλεεινὸν
3267 4672 3472 4741 θέαμα,

177 4757 296 4811 τοῖς
325 4750 760 4817 ἁσελγεστάτοις
790 4752 1334 4822 ἐνασχημονούμεναι
1379 4755 1717 4824 πρόκεινται.
1773 4759 1868 4821 Τίς
1907 4761 2068 4812 δώσει
2111 4764 2224 4825 τοῖς
2276 4762 2428 4831 ἐμοῖς
2471 4761 2774 4830 ὀφθαλμοῖς
2833 4759 3105 4828 δακρύων
3140 4761 3349 4828 πηγὰς,
3379 4763 3475 4811 καὶ

175 4843 510 4910 κλαύσομαι
551 4838 720 4891 ταῦτα
763 4840 857 4892 καὶ
914 4842 980 4892 τὰ
1025 4840 1230 4894 τούτων
1279 4841 1647 4913 ὲ>.εεινότερα;
1723 4844 2198 4920 Ἐὁεὸηλξὼθησαν
2250 4848 2536 4919 παρῖθένοι
2583 4848 2964 4918 ἀφιερωμέναι
3024 4846 3285 4917 [οὐρανίῳ
3315 4845 3472 4917 νυμ-]

177 4931 324 4999 eam
360 4931 510 4998 πρὸς
541 4929 698 4998 ὒὸριν
727 4930 910 4998 ἀπήχο
941 4929 1153 5001 [sint],
1188 4930 1554 5002 θυσιαστήρια
1608 4932 1702 4984 τοῦ
1743 4934 1876 4987 Θεοῦ
1909 4939 1973 5008 τῇ
2001 4938 2108 4990 τῶν
2134 4937 2465 5007 ἀκαθάρτων
2491 4937 2727 5007 ἐχράνθη
2759 4935 3100 5005 ἀκαθαρσίᾳ,
3134 4936 3472 5003 μονάζοντας

157 5023 276 5095 ,καὶ
329 5021 513 5088 ἱερεῖς
545 5017 696 5085 ξίφος
726 5017 820 5071 καὶ
860 5019 1075 5072 δουλεία
1130 5019 1438 5090 μερίζεται.
1491 5022 1651 5089 Οῖμοι
1695 5023 1805 5077 τῶν
1835 5027 1984 5094 ὲμῶν
2019 5027 2208 5080 κακῶν
2238 5027 2298 5079 τὸ
2334 5027 2675 5097 βαρύτατον1
2721 5026 2789 5078 τὰ
2817 5025 3096 5078 πολύαθλα
3135 5023 3246 5076 τῶν
3299 5023 3474 5090 ἁγίων

171 5107 426 5177 λείψανα
483 5103 738 5169 παίζεται
763 5108 874 5169 τοῖς
905 5107 1156 5176 βεϐήλοις
1202 5106 1299 5161 καὶ
1345 5109 1753 5172 καταικίζεται,
1788 5118 1882 5166 καὶ
1920 5116 2057 5184 μετὰ
2089 5117 2319 5169 θάνατον
2366 5115 2656 5184 δευτέρους
2711 5113 2906 5174 ἄθλους
2961 5113 3308 5183 ὑφίστανται.
3361 5111 3470 5161 11οὖ

175 5215 295 5265 μοι.
330 5198 629 5263 Δημήτριε
669 5195 901 5262 μάρτυς,
946 5200 979 5266 ἡ
1027 5196 1295 5267 ἀήττητος
1332 5199 1655 5268 cup-nauis;
1689 5201 1807 5265 πῶς
1848 5203 1946 5271 τὴν
1993 5204 2090 5273 σὴν
2125 5204 2279 5256 πόλιν
2315 5204 2605 5274 ὑπερεῖδες
2644 5203 3069 5273 πορθουμένηνς
3104 5203 3218 5263 πῶς
3254 5201 3358 5253 ὑπὸ
3387 5201 3470 5251 σοὶ

174 5284 474 5352 πολιούχῳ
511 5284 544 5351 ἡ
577 5283 791 5353 ἐχθροῖς
821 5284 1021 5345 ἄϐατος
1057 5284 1152 5353 ἀφ’
1204 5284 1264 5337 οὗ
1325 5286 1518 5356 χρόνου
1578 5288 1782 5359 ταύτην
1811 5293 1964 5362 ἥλιος
2001 5293 2288 5354 ἐθεάσατο,
2322 5293 2594 5346 τοσούτων
2621 5292 2810 5345 κακῶν
2851 5295 2933 5355 εἰς
2977 5293 3174 5362 πεῖραν
3212 5290 3471 5359 ἐγένετοῖ

175 5377 294 5439 πῶς
344 5374 455 5441 τῆς
509 5371 620 5422 τῶν
665 5371 1075 5450 δυσσεῦούντων
1126 5374 1329 5444 ὀφρύος
1386 5377 1622 5447 ἠνέσχου
1677 5384 2121 5450 κατορχουμένου
2184 5383 2283 5451 τῆς
2351 5383 2500 5452 ἱερᾶς
2567 5383 2942 5449 προστασίαςς
3005 5381 3121 5442 πῶς
3184 5379 3480 5447 ὑπέμεινες

173 5464 362 5516 ταῦτα
391 5463 493 5514 καὶ
522 5461 1000 5531 διεκαρτέρησας;
1038 5480 1091 5514 κ.
1125 5479 1175 5516 τ.
1208 5462 1258 5517 λ.
1296 5461 1453 5516 Nunc
1478 5466 1625 5518 nobis
1657 5468 1787 5520 imm

1864 5486 1916 5523 sa
1949 5472 2030 5524 ira
2058 5473 2334 5535 incumbit,
2370 5487 2621 5540 nemoque
2651 5473 2836 5541 estqui
2857 5473 3100 5525 resistere
3124 5471 3341 5523 audeat.
3371 5468 3478 5521 να-

175 5564 360 5606 enata
403 5561 532 5603 sunt
577 5549 780 5602 ciribus
817 5549 990 5612 urbes,
1039 5551 1139 5603 viri
1185 5552 1441 5618 pecudum
1468 5555 1641 5607 instar
1677 5559 1954 5622 trucidati,
2000 5562 2208 5630 feminis
2239 5579 2269 5613 a
2309 5560 2513 5612 maritis
2547 5560 2593 5612 vi
2621 5559 2925 5624 abstractis,
2969 5559 3268 5613 miserabile
3312 5560 3420 5611 vim
3455 5556 3477 5608 .'

177 5641 585 5712 impurissimis
617 5640 854 5692 hostibus
885 5640 1145 5693 violanda:
1177 5651 1446 5710 prostant.
1475 5643 1607 5708 Quis
1631 5647 1758 5698 meis
1785 5650 1952 5702 oculis
1988 5653 2348 5717 lacrymarum
2379 5649 2551 5716 fontes
2573 5648 2953 5716 suppeditabit,
2993 5659 3050 5700 ut
3085 5649 3194 5701 lucc
3224 5660 3270 5700 et
3290 5647 3475 5713 pejora

177 5737 255 5787 liis
297 5732 456 5786 mala
499 5727 817 5795 deplorem?
864 5727 1105 5781 Sacratw
1160 5730 1356 5782 caelesti
1405 5731 1611 5798 Sponso
1657 5735 1882 5804 uirgines
1926 5738 2283 5789 dehonesth
2321 5748 2442 5788 sunt
2475 5747 2631 5805 atque
2663 5737 2731 5788 nd
2765 5737 3114 5803 ignominiam
3146 5745 3473 5804 pertracta':

184 5837 532 5893 vti-purorum
573 5819 844 5884 spnrritiis
874 5819 1069 5870 altaria
1109 5817 1200 5870 Dei
1231 5820 1436 5887 pot/uta
1471 5820 1687 5887 fucrttnt
1713 5841 1727 5876 :
1765 5829 2005 5880 monac/ti
2038 5837 2085 5880 et
2115 5828 2415 5880 sacerdotes
2450 5826 2646 5893 partim
2682 5841 2800 5878 ense
2838 5828 3159 5896 consumpti,
3197 5825 3477 5889 partimin
