4088 6450
569 345 633 407 31
1162 404 1167 408 _
1635 345 1638 348 ’
1686 338 1989 397 NlCOLAl
2030 337 2137 396 (ΖΡ.

2258 335 2689 395 J'RIARCILF.
3204 369 3214 375 -
3729 331 3804 396 32

576 459 866 517 Saracenis
895 460 1012 528 lege
1051 453 1384 529 gubernatis,
1423 466 1475 510 et
1508 455 1688 510 insula
1733 471 1874 524 quae,
1924 467 2139 510 trecen-

2258 455 2354 514 μοῖς
2383 454 2494 515 τοῖς
2523 453 2671 519 νόμῳ
2697 449 3150 519 πολιτευομένοις,
3180 450 3272 502 καὶ
3300 450 3461 518 νῆσος
3484 448 3680 522 μικροῦ
3713 447 3808 520 ἔτη

575 555 645 606 tis
693 553 803 606 fere
846 553 1044 605 abhinc
1096 554 1275 614 annis,
1326 565 1389 603 ex
1454 564 1562 618 quo
1646 533 1932 602 tributaria
1987 549 2138 603 vobis

2258 543 2528 612 τριακόσια
2557 541 2615 606 ἐξ
2655 533 2715 592 οὗ
2761 539 3030 608 ύπόφορος
3067 539 3201 592 οὖσα
3249 539 3378 606 ύμῖν
3418 540 3683 607 ἐγεγόνει,
3716 539 3812 590 καὶ

583 642 772 696 effecta
797 653 899 703 est,
927 654 1200 707 nunquam
1232 639 1575 693 subditorum
1601 638 1846 692 ordinem
1871 637 2135 700 decernit,

2258 634 2383 686 ιιατὲ
2415 632 2584 702 μηδὲν
2607 631 2834 700 ὀφθεῖσα
2861 633 2959 700 τῆς
3006 631 3248 699 ὑπηκόου
3272 630 3483 696 τάξεως
3539 630 3812 701 μεταϐαλ-

580 748 756 802 neqne
803 732 1095 801 Quidquam
1147 731 1268 784 novi
1321 730 1540 785 admisit
1585 729 1728 783 circa
1766 729 1988 796 tributa,
2025 730 2140 784 sive

2258 723 2465 792 ιομένη,
2517 723 2647 792 μηδὲ
2690 721 3134 789 καινοτομήσασά
3167 739 3216 774 τι
3263 722 3396 790 περί
3432 722 3559 782 τοὺς
3591 722 3812 790 φόρους,

581 823 950 892 quodcunque
975 823 1116 876 aliud
1149 821 1430 875 servitium
1453 819 1742 875 Saracenis
1771 818 2137 886 tribuendum,

2258 814 2380 884 ιηδὲ
2440 813 2568 884 περὶ
2620 814 2720 883 τὴν
2756 813 2924 884 ἀλλην
2973 812 3240 878 δουλείαν,
3299 814 3430 883 ὅσην
3477 812 3814 882 Σαρακηνοῖς

581 928 758 984 neque
779 913 943 968 ullam
995 911 1404 982 reprehensioni
1443 925 1662 966 causam
1700 925 1811 979 pra:
1845 925 1904 964 se
1933 909 2138 974 ferens,

2258 902 2516 985 Ξουλεύειν
2557 903 2748 974 ἐχρῆν,
2798 903 2924 974 μηδ’
2966 905 3107 968 ὅλως
3172 921 3224 958 τι
3271 903 3381 956 τῶν
3435 902 3694 974 ἔγκλησιν
3720 906 3816 956 ἑπ-

581 1004 698 1058 sola
759 1004 998 1076 amentia
1041 1001 1282 1057 hominis
1345 1001 1436 1071 qui
1493 1000 1932 1055 Christianorum
1983 999 2141 1054 ﬁdem

2258 995 2486 1064 ιγὸντων
2508 995 2694 1049 αἰτίαν
2717 995 2979 1064 φέρουσα,
3001 997 3065 1047 ἐκ
3092 995 3261 1064 μόνης
3292 994 3552 1058 ἀπονοίας
3594 994 3813 1064 ἀνδρὸς,

582 1095 821 1163 negavit,
857 1092 1062 1147 cultum
1095 1106 1226 1147 vero
1272 1090 1672 1146 Saracenorum
1725 1091 2015 1154 adulterat,
2047 1090 2144 1143 de-

2258 1088 2340 1140 ιαὶ
2371 1088 2470 1157 τὴν
2501 1088 2609 1139 τῶν
2643 1087 2989 1158 Χριστιανῶν
3042 1087 3432 1156 ἀπηρνημένου
3485 1086 3689 1151 πίστιν,
3722 1085 3815 1138 καὶ

582 1195 728 1242 serta
763 1187 903 1240 facta
934 1193 1018 1240 est
1045 1201 1110 1240 ac
1139 1185 1318 1255 periit,
1347 1184 1576 1255 eiusque
1623 1183 1814 1238 incola:
1836 1182 1926 1247 alii
1966 1181 2144 1252 gladio

2258 1178 2305 1231 ιδ
2334 1177 2670 1249 Σαρακηνῶν
2729 1177 2899 1240 σέϐας
2936 1177 3271 1242 νοθεύοντος,
3308 1177 3666 1248 ἐξηρήμωται
3723 1177 3816 1228 καὶ

585 1279 732 1339 carsi.
769 1276 862 1330 alii
887 1291 1014 1330 vero
1056 1276 1279 1331 sedibus
1311 1275 1428 1329 suis
1462 1274 1697 1342 expulsi,
1750 1273 1894 1328 istud
1935 1282 2143 1327 tantum

2258 1264 2512 1318 ἀπόλωλε.
2546 1265 2660 1318 Kal.
2686 1266 2736 1317 οἰ
2775 1265 2982 1335 ταύτης
3004 1267 3286 1336 οἰκήτορες
3315 1266 3364 1318 οἰ
3398 1266 3499 1336 μὲν
3533 1265 3816 1338 μαχαίρας

591 1368 793 1422 crimen
830 1367 1088 1420 habentes
1114 1365 1252 1434 quod
1291 1373 1441 1419 tanto
1466 1374 1706 1434 tempore
1737 1364 1969 1420 libenter
1990 1365 2147 1420 vobis

2258 1353 2431 1424 ἔργον,
2461 1356 2511 1407 οἰ
2539 1355 2598 1409 δὲ
2630 1356 2922 1409 ἀνάστατοι
2970 1356 3251 1424 γεγόνασι,
3283 1356 3444 1410 τούτο
3479 1357 3639 1426 μόνον
3665 1359 3816 1426 έχον-

589 1458 895 1520 servierint,
934 1473 1109 1526 neque
1150 1471 1388 1526 unquam
1414 1456 1615 1510 fuerint
1653 1457 1707 1510 in
1736 1465 1978 1510 vestrum
2022 1471 2148 1526 pec-

2258 1462 2336 1510 τες
2371 1447 2645 1517 ἔγκλημα,
2691 1448 2774 1511 ὅτι
2839 1448 2929 1500 ἰπὶ
2986 1449 3350 1518 μακροτάτοις
3403 1448 3543 1501 οὕτω
3584 1451 3809 1518 χρόνοις

587 1556 772 1603 cantes
818 1548 1154 1635 .obseqnluut
1206 1547 1550 1617 deprehensi,
1579 1548 1706 1602 licet
1742 1549 1939 1617 sacpius
1971 1549 2148 1620 gravi-

2258 1536 2544 1592 ὗπέκειντο
2595 1539 2956 1610 εὐγνωμόνως
3015 1541 3164 1610 ύμῖν,
3203 1541 3299 1594 καὶ
3351 1539 3502 1593 οὐδὲν
3556 1539 3817 1608 ὤφθησαν

589 1652 667 1694 ter
696 1640 752 1694 in
792 1631 889 1695 eos
933 1651 1124 1694 contra
1156 1637 1424 1694 fmderum
1479 1639 1602 1710 jura
1652 1647 1708 1695 et
1749 1641 1892 1710 quod
1931 1654 2146 1710 aequum

2258 1631 2353 1685 τῶν
2378 1633 2458 1695 εἰς
2490 1632 2764 1703 ὑμετέραν
2794 1632 3139 1701 ὲλλείψαντες
3190 1633 3514 1702 θεραπείαν,
3555 1632 3817 1695 πολλάκις

589 1740 726 1794 erat,
771 1730 981 1786 fueritis
1011 1731 1250 1796 invecti;
1291 1731 1386 1785 sed
1423 1740 1476 1785 et
1507 1731 1552 1785 si
1594 1732 1812 1802 quando
1837 1723 2142 1801 peccantes,

2258 1726 2403 1798 ὑμῶν
2429 1725 2640 1797 βαρέως
2676 1727 3076 1797 ἐπενεχθέντων
3103 1729 3286 1791 αὐτοῖς
3312 1729 3404 1780 καὶ
3447 1726 3601 1796 παρά
3643 1744 3819 1798 προσ-

591 1833 649 1877 ut
731 1823 1039 1877 hominibus
1087 1838 1184 1892 par
1235 1831 1339 1888 est,
1403 1797 1628 1893 aliquid-
1663 1797 1855 1879 contra
1908 1833 2148 1879 vestram

2258 1817 2388 1887 ἧκον
2429 1818 2525 1870 καί
2560 1818 2631 1870 τά
2691 1818 2849 1872 κοινά
2875 1817 3058 1871 δίκαια
3118 1817 3225 1871 τῶν
3266 1815 3593 1887 συμφώνων.
3623 1817 3820 1872 Καίτοι

517 1947 521 1950 -
595 1913 931 1968 voluntatem
967 1914 1105 1968 forte
1138 1913 1460 1980 voluissent,
1491 1928 1600 1968 non
1644 1924 1829 1969 tamen
1868 1914 2150 1983 oportebat

2258 1925 2315 1976 γε
2345 1908 2501 1976 εἰπερ
2521 1911 2613 1962 καὶ
2637 1905 2725 1962 οἷα
2752 1911 2821 1963 τά
2846 1909 3161 1978 ἀνθρώπινα
3184 1909 3476 1976 σφαλέντες
3496 1909 3815 1980 ἐτύγχανον,

591 2019 688 2059 eos
737 2004 907 2058 armis
946 2004 1018 2058 ita
1071 2004 1288 2074 aggredi
1339 2019 1443 2060 nec
1485 2005 1670 2059 statim
1718 2003 1772 2057 in
1815 2013 2051 2072 stragem
2097 2013 2150 2057 et

2258 2000 2345 2053 καὶ
2367 2000 2692 2063 ἀπεναντίας
2732 2001 3038 2071 ἑφρόνησάν
3091 2018 3143 2053 τι
3169 2000 3264 2053 τοῦ
3314 2001 3582 2080 ὑμετέρου
3617 2004 3820 2072 φρονή-

590 2096 813 2150 vulnera
851 2103 1104 2161 currere:
1147 2097 1291 2165 quod
1341 2111 1448 2150 non
1479 2096 1653 2152 solum
1685 2095 1976 2151 Saracenis
2012 2095 2153 2150 indi-

2258 2107 2445 2160 ματος,
2466 2091 2572 2144 οὐδ’
2595 2090 2770 2154 οὕτως
2798 2093 2969 2162 εχρῆν
2992 2091 3178 2153 ὅπλοις
3210 2092 3446 2156 ἐπιέναι,
3481 2093 3591 2144 οὐδ’
3619 2093 3821 2145 αὐτίκα

590 2201 779 2255 gnum,
814 2188 906 2241 sed
969 2188 1132 2242 etiam
1174 2187 1417 2256 quolibet
1451 2187 1652 2256 pepulo
1690 2186 1943 2241 humana:
1986 2184 2156 2240 admi-

2258 2181 2389 2251 πρὸς
2411 2183 2613 2250 αἵματα
2639 2185 2838 2252 χωρεῖν
2868 2183 2964 2236 καὶ
2987 2185 3202 2252 σφαγάς
3220 2198 3234 2214 ’
3267 2183 3426 2236 τοῦτο
3477 2184 3588 2252 γὰρ
3616 2183 3714 2254 οὐχ
3738 2185 3815 2236 ὅτι

589 2277 934 2332 nistrationis
990 2285 1044 2331 et
1097 2271 1531 2332 conversationis
1585 2291 1692 2331 non
1745 2277 1916 2332 inscio
1976 2291 2154 2345 neque

589 2369 983 2435 immemores;
1042 2370 1133 2422 sed
1176 2369 1324 2436 prius
1380 2369 1774 2439 reprehendere
1842 2377 2152 2437 peccatum,

590 2459 848 2528 injustam
882 2461 1072 2528 agendi
1107 2460 1758 2527 rationemjconvincere,
1806 2473 2012 2528 eosque
2059 2457 2157 2511 ad—

593 2561 813 2601 monere
874 2556 932 2600 ut
985 2547 1369 2616 resipiscerent
1424 2563 1525 2604 nec
1575 2547 1726 2616 justo
1799 2548 2149 2613 exciderent,

595 2641 773 2706 neque
823 2637 1015 2700 semel,
1073 2639 1168 2692 sed
1228 2638 1312 2692 bis
1369 2646 1424 2692 et
1460 2641 1697 2705 saepius;
1755 2639 1857 2692 nisi
1909 2655 2036 2693 vero
2089 2642 2155 2695 ad

589 2728 790 2781 bonum
818 2728 1012 2783 vellent
1051 2729 1245 2793 redire,
1271 2729 1426 2782 malae
1484 2728 1750 2782 voluntati
1808 2729 2154 2798 inlmrentes,

595 2829 724 2873 tunc
785 2818 932 2872 omni
986 2819 1170 2873 divina
1238 2819 1586 2888 humanaque
1645 2821 1849 2874 ultione
1903 2833 2156 2891 arrepta,

592 2909 932 2964 conare-mini
984 2909 1176 2978 punire
1203 2919 1257 2962 et
1285 2909 1577 2979 reprimere
1611 2910 1903 2963 amentiam
1936 2925 2001 2964 eo
2033 2926 2159 2979 pro-

593 3006 825 3053 vectam.
872 2998 977 3052 Sed
1016 2999 1143 3052 nihil
1181 3000 1374 3053 horum
1402 2997 1605 3054 factum
1635 3007 1745 3064 est;
1780 3000 1910 3064 imu,
1941 3007 1998 3053 ut
2025 3000 2155 3063 dixi,

2253 2272 2586 2340 Σαρακηνῶν
2608 2273 2776 2338 ἄξιον,
2804 2273 2920 2326 ἀλλ’
2957 2274 3075 2327 ούδέ
3100 2292 3247 2338 τινος
3273 2275 3461 2346 ἐτέρου
3503 2274 3692 2337 ἔθνους
3727 2276 3820 2326 ἀν-

2253 2361 2541 2432 θρωπίνην
2569 2363 2849 2438 πολιτείαν
2883 2365 2979 2418 καὶ
3010 2364 3124 2433 βίον
3161 2365 3360 2428 εἰδότος
3390 2366 3483 2417 καὶ
3519 2364 3783 2428 σώζοντος
3802 2380 3817 2394 ·

2255 2451 2393 2506 ἀλλά
2427 2454 2697 2524 πρότερον
2728 2455 2984 2523 ἐγκαλεῖν
3022 2456 3151 2525 περὶ
3183 2454 3279 2507 τοῦ
3313 2455 3650 2525 σφάλματος,
3707 2457 3825 2521 ἐξε-

2256 2543 2477 2613 λέγχειν
2507 2546 2583 2607 ὡς
2614 2547 2676 2598 οὐ
2716 2545 2901 2599 δίκαια
2927 2548 3250 2616 πράττουσι,
3285 2550 3575 2617 παραινεῖν
3611 2547 3821 2599 ἑαυτῶν

2257 2633 2530 2701 γενέσθαι,
2561 2636 2755 2707 καὶμὴ
2781 2636 3109 2706 ἐκφέρεσθαι
3149 2637 3243 2689 τοῦ
3297 2639 3689 2708 προσήκοντος,
3729 2640 3822 2691 καὶ

2257 2727 2417 2781 τοῦτο
2446 2730 2544 2799 οὐχ
2588 2729 2754 2796 ἅπαξ,
2805 2731 2940 2784 ἀλλά
2969 2732 3175 2794 καὶίδὶς
3226 2733 3321 2785 καὶ
3348 2731 3528 2787 πλέον.
3563 2734 3670 2785 Καὶ
3701 2732 3819 2800 εἴγε

2257 2819 2666 2889 ἀνεπιστρόφως
2717 2817 2884 2891 εἶχον,
2938 2823 3033 2875 καί
3097 2823 3220 2876 ἀντὶ
3258 2823 3352 2876 τοῦ
3404 2824 3740 2894 μεταμαθεῖν
3763 2825 3821 2877 τὸ

2251 2908 2420 2961 καλὸν
2445 2914 2511 2978 τῇ
2537 2909 2738 2980 χείρονι
2789 2913 3140 2980 προσέκειντο
3195 2912 3414 2984 γνώμῃ,
3467 2915 3587 2967 τότε
3639 2917 3823 2969 πᾶσαν

2256 2998 2734 3067 ἀπεκδυσαμένους
2764 3001 2859 3054 καὶ
2894 2986 3056 3055 θείανὶ
3075 3002 3296 3071 νέμεσιν
3326 3004 3418 3056 καὶ
3442 3005 3818 3076 ἀνθρωπίνην,

596 3091 844 3171 homines
887 3089 1142 3144 innoxios
1177 3092 1444 3162 culpaque
1525 3106 1744 3156 vacuos,
1788 3091 1986 3161 quique
2026 3091 2156 3144 nihil

2258 3087 2556 3158 ἐπιχειρεῖν
2588 3087 2688 3158 τὴν
2710 3089 2974 3142 ἀπόνοιαν
3004 3090 3112 3142 τῶν
3145 3093 3225 3153 εἰς
3273 3090 3433 3144 τοῦτο
3465 3092 3818 3144 συνελασθέν-

595 3180 896 3249 antiquitus
951 3179 1260 3250 iurat-rum
1304 3181 1669 3245 violaverunt,
1718 3197 1827 3236 non
1880 3197 2038 3237 secus
2093 3197 2156 3236 ac

2258 3177 2368 3229 τῶν
2407 3180 2778 3249 τιμωρεῖσθαι
2811 3181 2905 3234 καὶ
2927 3181 3273 3249 ἀνακρούειν.
3315 3182 3597 3252 Ἐπράχθη
3631 3183 3688 3236 δὲ
3713 3201 3821 3236 τοι-

596 3272 782 3327 hostes
808 3270 943 3326 estis
969 3271 1222 3328 insecuti.

664 3542 798 3607 Quis
828 3541 954 3596 talia
988 3541 1235 3604 audiens.
1272 3541 1388 3596 sive
1429 3555 1620 3596 eorum
1657 3539 1751 3610 qui
1801 3554 1945 3595 nune
1999 3548 2151 3602 sunt,

596 3633 709 3686 sive
729 3631 1054 3696 futurorum,
1079 3640 1348 3701 gestorum
1375 3640 1624 3685 auctores
1649 3645 1858 3699 magnae
1883 3629 2157 3699 iniustitia:

597 3737 704 3776 non
728 3705 1151 3776 condemnabit?
1183 3737 1364 3776 nonne
1386 3723 1548 3775 etiam
1581 3720 1815 3788 majores
1842 3719 2030 3785 vestri,
2063 3719 2155 3788 qui

597 3812 802 3867 fcedera
833 3828 956 3868 cum
995 3811 1461 3883 Cypriisinierunt
1494 3811 1928 3880 juramentlsque
1960 3810 2158 3864 conﬁr—

602 3910 846 3967 marunt,
886 3902 1086 3971 siquis
1115 3900 1383 3956 defunctis
1429 3909 1674 3956 remanet
1717 3915 1912 3956 sensus
1964 3914 2152 3954 eorum

596 4009 716 4064 quae
743 3995 832 4049 hic
863 4003 1198 4063 queruntur,
1229 4002 1417 4048 contra
1441 4006 1535 4046 vos
1571 3990 1891 4059 gemebundi
1912 3989 2158 4058 indigna-

597 4089 822 4151 buntur,
846 4101 1052 4155 vosque
1082 4085 1262 4139 omnis
1293 4082 1765 4152 condemnationis
1796 4096 1919 4136 reos
1943 4080 2156 4150 judica-

598 4182 751 4244 bnnt,
807 4187 1064 4251 tanquam
1127 4188 1310 4230 sontes
1349 4191 1461 4229 non
1509 4174 1689 4230 solum
1732 4176 1786 4228 in
1830 4171 2153 4244 Cypriorum

567 4287 570 4290 ’
599 4269 854 4332 insulam,
912 4268 1006 4322 sed
1036 4267 1200 4322 etiam
1233 4266 1286 4318 in
1327 4267 1500 4335 ipsos,
1536 4275 1591 4318 et
1615 4273 1674 4319 ut
1715 4265 2010 4332 parricidas
2039 4280 2156 4318 om-

2257 3266 2409 3318 οῦτον
2430 3268 2770 3334 οὐδέν’άλλ’,
2803 3270 2940 3339 ὅπερ
2973 3264 3148 3336 εἷπον,
3181 3270 3504 3342 ἀνθρώπους
3539 3273 3817 3336 ἀναιτίους

2261 3358 2423 3426 μηδὲν
2466 3361 2829 3430 ἠδικηκότας,
2882 3362 3050 3431 μηδὲν
3095 3361 3205 3415 τῶν
3232 3364 3291 3427 ἐξ
3330 3363 3502 3434 ἀρχῆς
3557 3363 3820 3427 δοξάντων

2257 3448 2612 3517 ὴθετηκότας,
2640 3451 2728 3505 ἴσα
2754 3453 2848 3506 καὶ
2877 3453 3162 3522 πολεμίοις
3192 3455 3609 3524 διεχειρίσασθε.

2322 3541 2637 3610 Τίςςάκούων
2654 3542 2865 3615 ταύταῆ
2885 3544 2991 3598 τῶν
3006 3543 3122 3608 νῦν,
3143 3546 3174 3615 ἢ
3192 3546 3297 3597 τῶν
3316 3546 3609 3612 μετέπειτα
3625 3546 3822 3617 ἰσομέ-
3919 3608 3921 3610 η

2253 3648 2360 3684 νων
2380 3633 2498 3702 οὐχὶ
2542 3634 2783 3704 μεγάλην
2827 3635 3039 3688 ἀδικίαν
3066 3635 3172 3689 τῶν
3195 3635 3384 3698 [ταῦτα
3408 3635 3820 3703 καταγνώσεται

2254 3722 2782 3793 διαπεπραγμένωνς
2817 3725 2942 3788 Πῶς
2963 3725 3018 3779 δὲ
3047 3727 3094 3778 οἰ
3123 3727 3462 3797 προπάτορες
3484 3727 3637 3797 ὑμῶν
3677 3728 3724 3779 οἰ
3753 3725 3820 3780 τά

2255 3812 2518 3884 σύμφωνα
2537 3817 2629 3868 καὶ
2655 3815 2781 3880 τοὺς
2811 3818 3004 3885 ὅρκους
3025 3816 3238 3887 θέμενοι
3258 3819 3396 3888 πρὸς
3430 3817 3736 3888 Κυπρίους,
3760 3822 3813 3874 εῐ

2257 3923 2340 3968 τις
2366 3906 2482 3958 ἐστὶ
2499 3907 2608 3959 τῶν
2627 3909 2686 3960 ὲν
2716 3908 2795 3977 τῷ
2820 3907 2918 3978 βίῳ
2936 3909 3109 3977 τούτῳ
3122 3909 3510 3979 πραττομένων
3542 3911 3654 3973 τοῖς
3674 3911 3822 3964 ἀποι-

2254 3995 2504 4065 χομένοις
2537 3997 2910 4067 συναίσθησις,
2937 3998 3055 4067 οὐχὶ
3082 3998 3331 4067 μεγάλως
3352 3998 3668 4064 στενάξαιτο
3697 3999 3820 4052 καθ’

2255 4084 2429 4153 ὑμῶν,
2478 4085 2571 4136 καὶ
2603 4085 2782 4154 πάσης
2847 4086 3223 4154 κατακρίσεως
3297 4087 3516 4156 ἐνόχους
3576 4087 3824 4157 καταψη-

2254 4175 2521 4245 φιοῦνται,
2552 4176 2612 4229 ού
2666 4177 2825 4246 μόνον
2864 4177 2938 4240 ὡς
2988 4177 3410 4248 ὲξαμαρτῶντας
3451 4179 3530 4242 εἰς
3583 4167 3684 4250 τὴν
3713 4180 3823 4232 τῶν

2254 4267 2522 4337 Κυπρίων
2549 4267 2735 4336 νῆσον,
2764 4267 2902 4321 ἀλλά
2931 4268 3025 4322 καὶ
3068 4273 3148 4330 εἰς
3193 4268 3446 4331 ἐκείνους
3472 4269 3692 4335 αὐτοὺς,
3729 4274 3822 4325 καὶ

598 4361 758 4416 nibus
801 4375 897 4416 vos
942 4346 1247 4414 maledictis
1281 4358 1622 4412 onerabunt‘l
1655 4355 1800 4426 quod
1848 4357 1894 4411 si
1939 4357 2063 4425 quis
2099 4356 2153 4410 in

2258 4356 2329 4419 ὡς
2367 4357 2698 4426 πατραλοίας
2742 4359 2946 4419 πάσαις
2980 4357 3351 4411 ύποϐαλοῦσιν
3381 4359 3587 4430 άραῖς;
3625 4362 3696 4414 Ἢ
3723 4361 3820 4414 ἐάν

596 4464 802 4523 patrem
837 4451 1013 4505 adhuc
1044 4451 1308 4504 viventem
1339 4452 1406 4504 eo
1430 4464 1539 4518 quo
1571 4449 1944 4513 insurrexerit,
1975 4455 2154 4502 notam

2258 4463 2340 4510 τις
2381 4447 2520 4501 κατά
2577 4446 2671 4501 τοῦ
2729 4447 2860 4501 ἰδίου
2899 4447 3105 4519 πατρὸς
3158 4448 3216 4498 ὲν
3246 4445 3321 4515 τῷ
3347 4447 3578 4517 παρόντι
3610 4448 3710 4520 βίῳ
3736 4450 3819 4510 εἰς

599 4544 873 4615 parricidii
921 4558 1025 4596 non
1057 4542 1340 4609 eﬂ’ugeret,
1375 4555 1556 4595 nonne
1578 4540 1670 4609 qui
1701 4539 1941 4600 defuncti
1983 4540 2154 4609 patris

2258 4536 2627 4591 ἐπανάστασιν
2677 4538 2945 4610 καταστῇ,
3003 4531 3098 4587 τοῦ
3147 4534 3483 4604 πατραλοίας
3533 4530 3676 4590 εἶναι
3723 4539 3819 4609 τὴν

599 4633 897 4688 voluntatis
947 4630 1290 4695 contradicit,
1335 4630 1605 4700 parricida
1655 4630 1758 4683 erit
1805 4628 2157 4697 ejusdemque

599 4741 773 4794 pana:
819 4724 986 4778 reus?
1019 4722 1238 4792 Ecquod
1295 4722 1437 4776 enim
1491 4722 1632 4775 inter
1677 4721 1792 4775 haec
1847 4719 2157 4774 rebellionis

601 4826 842 4885 respectu
873 4817 1025 4869 adest
1058 4815 1382 4868 discrimen?
1412 4814 1539 4882 quin
1582 4813 1711 4875 imo.
1745 4813 1789 4866 si
1820 4814 1944 4882 quis
1977 4813 2148 4881 probe

604 4909 907 4978 intelligere
957 4907 1106 4968 velit,
1141 4905 1291 4975 pejus
1341 4916 1428 4959 est
1459 4905 1512 4958 in
1543 4905 1853 4958 defunctum
1888 4919 2048 4971 quam
2100 4902 2155 4954 in

601 5002 782 5052 vivum
815 5009 1018 5067 patrem
1055 5000 1357 5067 insurgere,
1391 5013 1500 5067 quo
1529 4997 1702 5065 magis
1733 5010 1923 5051 eorum
1961 4996 2156 5048 interni

603 5093 690 5156 qui
741 5090 804 5143 ad
845 5087 1080 5143 futuram
1115 5091 1279 5143 vitam
1313 5098 1675 5159 pervenerunt
1702 5089 1875 5142 honor
1918 5103 1946 5140 a
1974 5087 2158 5140 liberis

606 5183 842 5244 habitus,
875 5183 1245 5249 memoriaque
1284 5183 1632 5236 veneratione
1675 5181 1827 5250 plena
1861 5188 2020 5248 atque
2061 5193 2159 5230 vn-

605 5273 824 5346 lnntalis
875 5275 1219 5328 observantia
1260 5294 1272 5329 :
1308 5276 1468 5329 homo
1530 5290 1654 5328 vero
1719 5274 1808 5326 ille
1866 5269 2196 5341 (quomodo

615 5365 873 5438 [nminem
933 5366 1158 5436 nescio).
1205 5368 1297 5436 qui
1350 5365 1693 5449 Christianos
1746 5379 1852 5417 non
1913 5371 2059 5414 amat
2107 5371 2160 5414 et

616 5462 1003 5526 Aggzeenorum
1040 5475 1124 5514 res
1173 5459 1299 5514 facit
1333 5459 1768 5526 contemptibiles
1815 5454 2159 5525 (Damianum

614 5549 992 5616 sexagesimue
1035 5552 1317 5618 praesentia
1364 5551 1712 5605 considerans
1766 5561 1944 5615 neque
1981 5545 2158 5598 futura

618 5638 922 5691 Malacllias.
951 5638 1062 5716 Am.
1084 5659 1179 5696 sua
1225 5644 1458 5697 amentia
1505 5648 1557 5694 et
1588 5639 1941 5694 irrationabili
1979 5636 2161 5691 furore

617 5725 948 5793 ιετηροτίδυε
1000 5723 1242 5793 Nabucm
1278 5735 1383 5802 agit
1407 5733 1618 5788 cunctis
1665 5731 1879 5787 saeculis
1928 5728 2156 5783 futuram

2255 4627 2469 4697 γραφὴν
2489 4627 2590 4680 οὐκ
2629 4626 2976 4696 ἐκφεύξεται,
3026 4625 3129 4694 τῆς
3157 4624 3216 4676 δὲ
3251 4625 3536 4698 παρούσης
3567 4628 3821 4680 ἀπελθόν-

2254 4735 2344 4782 τος
2379 4718 2542 4785 ζωῆς,
2574 4718 2669 4771 ἐὰν
2715 4718 2785 4770 τὰ
2827 4717 3023 4786 ἐκείνῳ
3070 4716 3356 4787 ἀνατρέψῃ
3411 4716 3663 4781 δόξαντα,
3714 4719 3818 4772 οὐκ

2257 4810 2407 4862 ἔσται
2432 4809 2788 4878 πατραλοίας,
2813 4809 2932 4862 οὐδὲ
2962 4811 3061 4877 τῆς
3085 4808 3254 4877 αὐτῆς
3280 4808 3463 4878 ἔνοχος
3485 4809 3818 4878 καταδίκηςς

2257 4901 2322 4954 Τί
2351 4903 2458 4971 γὰρ
2499 4902 2653 4954 τοῦτο
2698 4902 2907 4955 ἐκείνου
2968 4901 3104 4969 πρὸς
3130 4901 3498 4955 ἐπανάστασιν
3535 4901 3816 4970 διαφέρεις

2256 4994 2473 5046 Μᾶλλον
2498 4993 2552 5045 δὲ
2587 4994 2639 5045 εί
2687 5011 2769 5056 τις
2825 4993 3070 5060 ἀκριϐῶς
3094 4993 3345 5061 βούλεται
3384 4993 3638 5058 συνιδεῖν,
3679 4993 3819 5065 αὕτη

2260 5084 2460 5155 μείζων
2486 5084 2578 5137 τοῦ
2603 5085 2761 5148 ζῶντι
2790 5086 3157 5152 ὲπαναστῆναι
3190 5086 3265 5152 τῷ
3299 5087 3472 5151 πατρὶ
3511 5086 3820 5138 ἐπανάστα-

2264 5171 2382 5237 σιςῖ
2419 5178 2529 5245 ὅσῳ
2560 5177 2652 5228 καὶ
2687 5175 2888 5245 μᾶλλον
2927 5176 3087 5229 πλέον
3112 5176 3383 5244 ὀφείλεται
3405 5179 3515 5237 τοῖς
3545 5176 3681 5244 πρὸς
3719 5179 3820 5244 τὴν

2262 5267 2558 5336 μέλλουσαν
2582 5266 2984 5336 μεταϐεϐηκόσι
3039 5268 3186 5336 ζωὴν
3216 5269 3248 5335 ἡ
3288 5267 3440 5336 παρά
3468 5267 3577 5319 τῶν
3601 5268 3814 5320 τέκνων

2256 5360 2409 5427 τιμὴ,
2473 5358 2566 5409 καὶ
2618 5358 2788 5427 ήσὺν
2862 5358 3116 5426 εὐλαϐείᾳ
3189 5357 3398 5425 μνήμη,
3493 5357 3585 5409 καὶ
3636 5355 3819 5426 ἡτῶν

2257 5451 2695 5520 διατεταγμένων
2778 5453 3125 5520 συντήρησις.
3194 5450 3255 5500 Ὦ
3322 5450 3474 5510 ὅπως
3526 5448 3665 5501 εῐπω
3726 5447 3819 5500 ἄνα

2260 5539 2475 5610 θρωπος
2503 5542 2706 5601 ἐκεῖνος
2754 5543 2780 5591 ὁ
2837 5539 2972 5607 μήτε
3029 5537 3095 5588 τὰ
3149 5536 3492 5606 Χριστιανῶν
3563 5537 3813 5606 στέρξας,

2259 5633 2352 5685 καὶ
2449 5631 2517 5683 τά
2614 5630 2720 5682 τῶν
2802 5628 3130 5698 Σαρακηνῶν
3207 5628 3359 5696 παρὰ
3445 5627 3645 5697 φαῦλον
3731 5626 3816 5678 θέ-

2265 5741 2442 5793 μενος,
2481 5724 2751 5790 Δαμιανὸν
2782 5722 2836 5776 δὲ
2865 5722 3075 5793 φησὶ-μό
3115 5722 3290 5788 λόγος,
3325 5721 3476 5776 οὐδὲν
3507 5719 3684 5774 λαὸὼν
3725 5721 3816 5775 ὲπὶ
