4088 6440
345 293 415 352 33
1683 240 1692 253 ‘
1752 293 2160 353 EPISTOLA‘Z.
3527 299 3600 359 3i

347 413 477 465 νοῦν
509 413 630 466 οὒτε
663 414 729 467 τὰ
761 412 1030 474 παρόντα,
1078 410 1203 465 οὒτε
1251 411 1317 464 τὰ
1347 409 1576 477 ὕστερον
1621 410 1909 476 ὲπιλογισά

2045 423 2158 462 sum
2188 409 2907 476 nequitiae'moumnentum,
2939 409 3192 474 insulam,
3225 411 3472 481 plurimis
3505 414 3607 466 lio-

347 521 538 572 μενος,
595 506 732 574 μόνη
787 505 841 556 δὲ
885 506 948 574 τῇ
1009 503 1235 572 ἀπονοίᾳ
1291 501 1489 568 καὶτῷ
1542 500 1725 569 ἀλόγῳ
1759 499 1919 569 θυμῷ

344 592 554 646 ἑαυτὸν
589 593 919 664 ἐπιτρέψας,
951 591 1184 660 ἔπραξεν
1207 592 1366 662 ἔργον
1395 593 1635 655 ἀνόσιον,
1659 589 1736 659 τῷ
1767 591 1928 644 παντὶ

2036 499 2277 552 minibus
2313 501 2673 568 frequentem,
2713 500 2861 570 quod
2891 501 2942 554 in
2981 517 3038 555 se
3067 512 3202 566 erat,
3239 521 3267 554 a
3300 504 3465 559 terris
3503 504 3606 559 tol-

2035 590 2173 656 lens,
2204 593 2564 645 internecioni
2595 594 2808 647 traditis
2835 593 2955 663 ejus
2985 593 3197 647 incolis.

345 691 512 742 αίῶνι
545 690 740 760 στήλην
801 692 907 758 τῆς
934 687 1125 740 ἑαυτοῦ
1195 687 1391 751 κακίας
1455 689 1735 754 ἐσόμενον,
1818 684 2384 756 πολυανθρωποτάτην
2434 689 2622 757 νῆσον,
2672 687 2793 739 ὅσον
2839 688 2926 738 ἐπ’
2985 683 3155 757 αὐτῷ’
3192 683 3349 758 ἧκεν,
3403 691 3465 742 ἐκ
3498 689 3605 757 γῆς

342 785 704 852 ἐξαφανίσας.
738 784 1081 853 πανωλεθρῖᾳ
1136 782 1591 852 παραδεδομένων
1635 781 1742 835 τῶν
1775 781 1982 851 ταύτης
2008 780 2335 850 οἰκητόρων.

416 879 554 942 Ναὶ,
575 879 762 948 φησὶν,
785 876 899 931 ἀλλ’
925 879 1040 946 ἐρεῖ
1072 893 1154 939 τις
1175 893 1189 908 ·
1213 871 1323 928 Ἦν
1349 877 1498 930 αἰτία
1530 875 1756 929 κινοῦσα
1791 878 1926 947 πρὸς

336 970 531 1036 τοῦτο,
561 973 654 1022 καὶ
682 971 770 1022 διὰ
799 968 959 1021 τοῦτο
991 968 1350 1037 κεκινημένος
1376 968 1438 1019 τὸ
1467 967 1660 1021 δοκοῦν
1700 969 1923 1022 ἀνόσιον

337 1061 705 1129 διεπράξατο.
767 1060 1125 1130 Σαρακηνοὺς
1182 1059 1293 1129 γὰρ
1327 1059 1386 1111 ὲν
1415 1061 1482 1128 τῇ
1516 1055 1689 1128 ’νήσῳ
1745 1057 1926 1110 λαϐὼν

351 1153 618 1220 Ὶιμέριος
658 1152 1014 1221 διεχρήσατο,
1040 1150 1156 1205 δέον
1186 1151 1326 1205 κατὰ
1353 1151 1423 1204 τὰ
1446 1148 1925 1219 συμπεφωνημὲνα

336 1243 622 1306 σώζεσθαι
656 1241 855 1311 μᾶλλον
906 1241 1107 1303 αὑτοὺς
1156 1242 1304 1310 παρὰ
1345 1240 1456 1293 τῶν
1510 1237 1793 1308 Κυπρίων,
1828 1236 1925 1290 καὶ

336 1337 487 1402 πρὸς
517 1336 607 1388 τὸν
658 1335 790 1388 ἴδιον
825 1333 991 1386 τόπον
1034 1332 1532 1387 ἀποκαθίστασθαι.
1590 1327 1722 1384 Εἶτα
1747 1333 1810 1384 οὑ
1834 1331 1925 1384 λόο

335 1429 499 1504 γίςῃ,
529 1422 574 1481 ὧ
611 1427 888 1495 ἄνθρωπε,
920 1425 1058 1496 μετὰ
1089 1426 1188 1495 τῆς
1219 1427 1320 1496 σῆς
1343 1424 1676 1494 ἔγκλήσεως,
1703 1424 1796 1476 καὶ
1828 1421 1920 1475 τοῦ

335 1520 560 1573 δικαίου
610 1520 772 1588 λόγου
808 1521 866 1573 τὸ
897 1518 1185 1588 βούλημα;
1238 1517 1350 1572 οὐδ’
1415 1519 1617 1578 ἐννοεῖς
1670 1517 1753 1580 τίς
1809 1518 1924 1569 ἑστι

334 1613 554 1674 δίκαιος
602 1615 700 1684 τὴν
731 1613 913 1666 αἰτίαν
945 1613 1013 1682 ἢν
1049 1613 1348 1682 προφέρεις
1402 1611 1794 1680 ἀναδέχεσθαις
1829 1611 1925 1661 καὶ

334 1703 423 1764 τίς
459 1702 780 1770 ὀργίζεσθαι
812 1701 996 1768 ἄξιον;
1029 1701 1208 1754 Ἔστω
1240 1700 1449 1752 δίκαιον
1502 1700 1562 1751 τὸ
1613 1697 1865 1768 ἔγκλημα
1895 1698 1923 1750 ὃ

337 1794 620 1866 προόἀλῃ,
652 1794 747 1847 καὶ
781 1795 921 1863 ὑπὲρ
955 1793 1066 1846 τῶν
1097 1794 1160 1846 τὰ
1192 1791 1404 1863 χαλεπὰ
1442 1791 1790 1845 πεπονθότων
1813 1792 1918 1845 Σα-

337 1889 603 1956 ρακηνών
659 1888 893 1957 Κύπριοι
930 1886 1162 1940 δώσουσι
1220 1887 1398 1956 δίκην,
1437 1885 1532 1939 καὶ
1580 1883 1734 1952 οὑπῳ
1774 1885 1920 1956 φημὶ

335 1979 426 2029 ὅτι
472 1977 609 2046 μηδὲ
645 1979 769 2030 τότε
795 1978 944 2036 ἄξιον
973 1978 1063 2030 διὰ
1111 1979 1211 2048 τὴν
1251 1977 1516 2046 Ἦμερίου
1548 1978 1644 2029 καὶ
1683 1976 1790 2029 τῶν
1817 1977 1919 2033 ,σὺν

338 2060 501 2134 αὖτῷ
529 2067 806 2137 ἁμαρτίαν
860 2067 1072 2130 πάντας
1127 2067 1480 2131 κολάζεσθαι,
1516 2066 1627 2119 οὐδ’
1661 2067 1791 2137 ὃλην
1823 2068 1920 2135 τὴν

335 2158 399 2222 ἐξ
431 2159 589 2227 ὑμῶν
615 2159 790 2230 ὀργὴν
825 2160 922 2213 καὶ
951 2161 1051 2228 τὴν
1078 2160 1303 2230 πικρίαν
1332 2158 1686 2228 ὑφίστασθαι.
1726 2159 1920 2226 Ὅμως

332 2249 480 2316 ὅπερ
504 2246 654 2301 εἷπον
681 2250 844 2312 ἔστω,
883 2253 978 2304 καὶ
1010 2251 1435 2313 κολαζέσθωσαν
1491 2248 1752 2318 Κύπριοι,
1783 2248 1920 2300 διότι

334 2341 439 2390 καὶ
468 2340 725 2412 Ἠμέριος
753 2343 1021 2413 Κυπρίοις
1045 2342 1309 2395 συνοικῶν
1332 2343 1392 2394 ὲν
1416 2344 1481 2411 τῇ
1510 2342 1657 2410 νήσῳ
1685 2339 1918 2409 χαλεπὸς

335 2429 506 2499 ὤφθη
541 2432 901 2502 Σαρακηνοῖς.
944 2435 1005 2486 Ei
1042 2433 1097 2485 δὲ
1131 2433 1253 2485 κατ’
1285 2432 1476 2485 οὐδένα
1503 2432 1704 2501 τρόπον
1748 2432 1916 2500 Ἡμέ-

335 2539 456 2590 ριος
487 2525 596 2586 τοῖς
631 2525 897 2595 Κυπρίοις
929 2524 1311 2587 συντάσσεται,
1338 2524 1390 2574 τί
1441 2521 1510 2573 δι’
1547 2523 1757 2574 ἐκεῖνον
1797 2538 1915 2572 κιν-

330 2616 656 2670 δυνεύουσιν
685 2619 736 2669 oi
771 2617 846 2688 μὴ
868 2618 1066 2671 δίκαιοι
1095 2615 1246 2678 ὄντες
1287 2617 1318 2685 ἦ
1344 2616 1443 2684 τῆς
1475 2613 1689 2667 ἐκείνου
1723 2613 1921 2682 κληρο-

332 2709 529 2770 νομεῖν
578 2709 938 2777 κατηγορίας,
989 2709 1020 2778 ἢ
1073 2707 1165 2759 διὰ
1215 2708 1297 2758 τὰ¹
1333 2705 1707 2774 πεπραγμένα
1738 2704 1917 2773 τούτῳ

328 2801 612 2869 τιμωρὲαν
669 2800 920 2868 ὑπέχειν;
979 2801 1038 2852 ’0
1096 2799 1196 2868 μὲν
1263 2798 1372 2866 γὰρ
1435 2794 1529 2849 τοῦ
1598 2794 1913 2864 Ῥωμαῖκοῦ

331 2893 574 2962 στρατοῦ
607 2893 829 2962 ἡγεμὼν
855 2894 1122 2962 ὑπάρξας,
1151 2893 1275 2944 ὅποι
1311 2890 1375 2960 δὴ
1394 2893 1496 2959 γῆς
1537 2887 1768 2957 ἠδύνατο
1790 2888 1916 2949 τοὺς

328 2979 633 3048 πολεμίους
672 2982 1050 3051 χειρούμενος,
1109 2981 1202 3032 τὸν
1249 2979 1516 3032 δοκοῦντα
1566 2977 1755 3049 μετῄει
1796 2975 1918 3048 τρό-

328 3088 459 3125 πον.
529 3072 762 3143 Κύπριοι
805 3073 862 3127 δὲ
915 3074 1039 3126 οὔτε
1105 3073 1400 3143 πολεμίους
1447 3053 1709 3141 ἡγοῦνται
1744 3070 1910 3140 ὑμᾶς,

2103 873 2205 941 Ita,
2259 874 2472 943 inquies
2504 893 2518 929 :
2546 874 2643 928 sed
2690 873 2890 943 aliquis
2918 873 3011 928 tibi
3047 875 3185 929 dicet
3219 894 3233 931 :
3263 875 3442 930 Causa
3487 881 3606 928 erat

2031 966 2097 1020 ad
2128 967 2176 1020 id
2210 967 2553 1036 protrahens,
2587 982 2762 1037 eaque
2790 982 2956 1021 causa
2989 975 3171 1022 motus
3217 968 3270 1020 id
3314 971 3423 1038 agit
3457 970 3603 1038 quod

2031 1057 2261 1126 impium
2296 1058 2510 1111 videtur
2542 1075 2554 1110 :
2587 1074 2712 1111 nam
2770 1057 3046 1114 Himerius
3072 1058 3335 1128 quosdam
3380 1058 3609 1113 Saractr—

2031 1164 2132 1202 nos
2172 1149 2224 1202 in
2275 1150 2452 1203 insula
2484 1135 2627 1218 cepit
2657 1158 2710 1202 et
2763 1148 3070 1216 interfecit;
3105 1149 3393 1220 Oportebat
3427 1162 3603 1203 autem

2030 1257 2098 1295 ex
2133 1241 2430 1295 foederibus
2465 1258 2558 1296 eos
2594 1260 2622 1294 a
2654 1240 2869 1311 Cypriis
2894 1242 3075 1310 potius
3101 1242 3297 1296 salvari
3325 1253 3380 1297 et
3414 1243 3468 1296 in
3505 1256 3606 1296 suo

2031 1332 2152 1386 loco
2187 1334 2397 1402 reponi.
2426 1334 2554 1398 Sed,
2598 1350 2704 1386 non
2743 1334 2976 1402 cogitas,
3009 1349 3041 1388 ο
3071 1333 3258 1398 homo,
3285 1334 3381 1404 qui
3418 1349 3605 1402 repre-

1984 1464 1987 1467 .
2029 1423 2240 1488 bendis,
2274 1425 2504 1494 justitize
2541 1423 2730 1494 leges?
2810 1439 2984 1493 neque
3032 1434 3250 1494 reputas
3296 1425 3420 1494 quis
3464 1425 3517 1478 in
3549 1439 3608 1478 se

2021 1517 2214 1571 debeat
2262 1521 2382 1570 'eam
2436 1532 2661 1576 causam
2720 1517 2961 1585 recipere
3010 1531 3173 1585 quam
3225 1515 3460 1585 profers,
3511 1526 3608 1570 aut

2023 1609 2146 1676 quis
2188 1609 2336 1677 juste
2385 1608 2756 1662 irasceretur?
2801 1609 3012 1677 justum
3067 1608 3136 1661 sit
3168 1610 3312 1677 quod
3363 1610 3605 1663 intentas

2021 1701 2251 1764 crimen,
2316 1709 2372 1756 et
2445 1701 2657 1772 Cypriis
2719 1717 2911 1771 pinnas
2971 1702 3174 1755 dabunt
3250 1710 3468 1771 propter
3508 1713 3603 1754 eos

2023 1792 2116 1860 qui
2154 1793 2294 1846 male
2349 1795 2492 1863 passi
2534 1802 2663 1846 sunt
2715 1795 3051 1861 Saracenos,
3107 1809 3284 1864 neque
3309 1793 3422 1862 jam
3482 1793 3602 1848 dico

2025 1901 2130 1938 non
2161 1896 2289 1939 tunc
2322 1887 2486 1940 etiam
2519 1903 2642 1941 esse
2673 1886 2884 1956 justum
2922 1902 3114 1942 omnes
3148 1897 3369 1957 propter
3410 1885 3598 1942 l‘lime-

2024 1979 2163 2030 rium
2212 1978 2442 2048 ejusque
2491 1982 2672 2035 socios
2706 1996 2864 2050 pmna
2906 1980 3044 2035 allici
3098 1991 3194 2035 aut
3245 1996 3463 2034 onmem
3509 1997 3604 2035 ve-

2023 2080 2198 2123 strum
2233 2072 2369 2124 iram
2398 2081 2452 2127 et
2484 2073 2838 2128 acerbitatem
2870 2074 3111 2144 perpeti;
3144 2074 3215 2127 sit
3251 2082 3430 2128 tamen
3457 2075 3602 2142 quod

2020 2160 2155 2228 dixi,
2187 2171 2240 2216 et
2275 2163 2611 2232 castigentur
2644 2162 2828 2234 Cyprii
2874 2178 2939 2218 eo
2973 2164 3116 2233 quod
3151 2161 3430 2218 Himerius
3462 2165 3604 2218 inter

2021 2252 2170 2320 ipsos
2198 2253 2422 2322 degens,
2461 2254 2514 2307 in
2545 2253 2723 2309 insula
2756 2255 2999 2324 ipsorum
3027 2270 3245 2323 gravem
3280 2270 3338 2309 se
3373 2240 3606 2308 Sarace—

2021 2343 2108 2400 nis
2143 2346 2410 2415 prteliuit;
2463 2347 2608 2416 quod
2655 2348 2699 2401 si
2772 2361 2902 2400 vero
2939 2347 3089 2400 nullo
3125 2347 3286 2400 modo
3328 2343 3604 2400 Himerius

2020 2451 2143 2489 cum
2198 2437 2417 2508 Cypriis
2468 2437 2732 2493 contundi
2766 2438 2980 2504 debeat,
3041 2454 3140 2492 cur
3188 2446 3408 2508 propter
3451 2439 3602 2493 illum

2021 2529 2480 2598 periclitabuntur
2511 2532 2599 2598 qui
2637 2546 2813 2599 neque
2845 2531 2993 2599 digni
3049 2539 3178 2583 sunt
3205 2531 3298 2599 qui
3332 2530 3453 2599 ejus
3496 2531 3604 2584 cri-

2020 2621 2166 2675 mina
2216 2623 2564 2690 participent,
2597 2638 2773 2691 neque
2821 2623 2916 2690 qui
2952 2637 3139 2690 poenas
3178 2611 3333 2675 luant
3380 2622 3450 2674 ob
3482 2622 3603 2688 ejus

2020 2713 2161 2766 male
2216 2713 2408 2782 gesta?
2449 2714 2540 2766 llle
2596 2715 2796 2767 etenim
2859 2713 3090 2766 Romani
3146 2719 3425 2767 exercitus
3476 2697 3600 2766 cum

2018 2816 2164 2859 esset
2230 2805 2376 2867 dux,
2439 2808 2628 2862 hostes
2716 2792 3036 2875 ubicunque
3091 2817 3360 2860 terrarum
3418 2815 3603 2875 posset

2021 2897 2310 2965 subigens,
2367 2899 2653 2967 probatum
2689 2913 2898 2952 morem
2932 2899 3216 2963 servabat;
3254 2897 3439 2968 Cyprii
3477 2912 3602 2950 vero

2017 3003 2116 3044 vos
2149 2990 2334 3046 hostes
2367 3007 2475 3046 non
2526 2991 2862 3053 existimant,
2912 3003 3092 3058 neque
3116 2989 3415 3057 quidquam
3469 2989 3600 3041 mali

2016 3081 2173 3135 vobis
2228 3081 2558 3144 intulerunt,
2598 3097 2774 3151 neque
2825 3082 3048 3150 insuper
3085 3089 3318 3157 possunt
3354 3078 3601 3134 Himerio

326 3164 460 3218 οὔτε
494 3183 544 3218 τι
575 3166 744 3220 δεινὸν
777 3169 1234 3238 κατειργάσαντο,
1265 3163 1393 3218 οὔτε
1421 3165 1476 3217 δὲ
1516 3163 1679 3216 πάλιν
1739 3160 1913 3215 ἱκανοὶ

2020 3187 2079 3224 se
2114 3186 2391 3240 opponere
2423 3187 2522 3224 nec
2555 3172 2858 3225 Saracenos
2901 3185 2938 3236 ,ο
2977 3171 3230 3223 manibus
3267 3170 3604 3238 ejus-extra-

326 3259 652 3311 ἀντεπιέναι
713 3259 852 3329 πρὸς
902 3259 992 3310 τὸν
1058 3259 1342 3328 Ἡμέριον,
1392 3256 1491 3308 καὶ
1555 3255 1912 3322 Σαρακηνοῦς

323 3352 668 3420 ἐξαρπάζειν
711 3353 812 3421 τῆς
844 3354 1056 3404 ἐκείνου
1105 3351 1312 3420 χειρὸς.
1348 3348 1488 3402 Οὐδὲ
1520 3347 1631 3415 γὰρ
1661 3345 1806 3415 ἔχεις
1834 3345 1915 3395 εί·

324 3449 483 3508 πεῖν,
532 3445 608 3507 ὡς
654 3447 772 3511 ἐξὸν
831 3445 990 3498 τοῦτο
1048 3449 1245 3507 ποιεῖν,
1292 3445 1394 3495 οὐκ
1443 3439 1913 3510 ἐποίησανοῆὅτι

323 3539 641 3608 συνῄραντο
669 3538 819 3608 αὑτῷ
855 3542 950 3591 καὶ
990 3537 1430 3608 συνηγωνίσαντο
1483 3536 1562 3594 είς
1622 3537 1718 3601 τὴν
1774 3532 1914 3583 κατὰ

319 3632 439 3682 τῶν
467 3631 802 3700 Σαρακηνῶν
839 3632 1100 3683 κάκωσιν.

401 3722 471 3773 Τί
531 3720 624 3772 οὖν
675 3721 760 3772 διὰ
813 3720 972 3772 τοῦτο
1009 3721 1268 3789 πολεμεῖς
1323 3716 1616 3787 Κυπρίοις,
1670 3715 1763 3767 καὶ
1795 3712 1912 3765 κατ’

320 3813 516 3865 αὐτῶν
545 3816 720 3872 κενοῖς
755 3813 853 3881 τὴν
898 3814 1110 3884 ὀργήν;
1157 3811 1221 3862 Τί
1247 3811 1306 3862 δὲ
1335 3809 1460 3863 ἀντὶ
1493 3808 1588 3859 τοῦ
1611 3805 1690 3873 τῷ
1723 3821 1781 3856 σε
1822 3804 1914 3854 λυ-

320 3907 573 3975 πήσαντι
625 3904 950 3967 σπουδάζειν
981 3907 1016 3957 ει
1052 3904 1280 3974 ἔδρασεν
1334 3898 1756 3958 ἀνταποδοῦναι,
1799 3899 1912 3955 τοῖς

316 3998 487 4050 ορδὲν
505 3998 748 4066 λυπηρὸν
773 3997 1170 4066 ἐργασαμένοις
1198 3995 1263 4046 τὰ
1285 3995 1383 4063 τῆς
1416 3992 1516 4060 σῆς
1536 3989 1712 4057 λύπης
1742 3989 1906 4038 ἀντα-

316 4092 565 4153 ποδίδως
590 4109 602 4156 ;
633 4092 701 4144 'll
728 4093 823 4143 καὶ
845 4092 924 4144 διό
955 4109 1009 4142 τι
1043 4090 1180 4162 πρὸς
1205 4089 1304 4160 τὴν
1326 4087 1424 4158 σὴν
1443 4084 1694 4154 εἰσήλασε
1725 4080 1910 4150 χώραν

330 4186 624 4254 Ἡμέριοςν
660 4184 755 4236 καὶ
785 4185 884 4254 τῆς
925 4184 1125 4253 Συρίας
1152 4179 1475 4249 πολίσματα
1520 4193 1645 4229 τινα
1682 4171 1910 4225 ἐκπολε-

320 4281 520 4347 μήσας
555 4277 901 4349 κεχείρωται,
931 4278 1020 4330 διὰ
1049 4277 1221 4329 ταῦτα
1249 4273 1635 4327 ὑποκείσονται
1670 4266 1909 4332 Κύπριοι

316 4371 650 4439 τιμωρίαις,
683 4372 777 4422 καὶ
803 4372 929 4423 κατ’
977 4367 1157 4422 αὐτῶν
1188 4366 1518 4435 ἀγανακτεῖν
1548 4359 1789 4425 εὐλόγως
1815 4369 1908 4405 νο·-

2019 3261 2147 3316 bere
2183 3280 2195 3314 :
2231 3277 2337 3314 non
2375 3274 2535 3330 potes
2567 3263 2730 3331 igitur
2757 3261 2940 3314 dicere
2970 3274 3083 3324 eos,
3115 3251 3239 3313 cum
3272 3260 3601 3327 potuissent,

2017 3368 2124 3406 non
2162 3351 2375 3416 fecisse,
2415 3367 2594 3421 neque
2628 3369 2687 3407 se
2725 3353 2801 3405 illi
2851 3351 3179 3420 adjunxisse
3212 3362 3266 3406 et
3293 3351 3595 3405 auxiliatos

2015 3460 2138 3500 esse
2166 3445 2234 3500 ad
2269 3445 2554 3500 inferenda
2591 3445 2881 3499 Saracenis
2920 3446 3084 3499 mala.

2086 3747 2265 3812 Quare
2289 3761 2419 3815 ergo
2455 3756 2677 3815 propter
2709 3745 2811 3799 line
2838 3744 3053 3815 Cypriis
3083 3745 3287 3800 bellum
3321 3746 3493 3803 infers
3532 3759 3586 3802 et

2017 3842 2068 3894 in
2101 3856 2194 3894 eos
2246 3840 2384 3892 iram
2435 3849 2581 3891 tuam
2615 3837 2895 3890 ell‘undis?
2927 3852 3097 3907 quare
3155 3848 3333 3891 autem
3368 3854 3475 3892 non
3521 3839 3596 3894 illi

2013 3930 2105 3998 qui
2140 3939 2189 3981 te
2250 3931 2407 3982 malis
2435 3927 2615 3981 aﬂecit
2649 3938 2826 3981 lentas
2860 3927 3158 3982 retribuere
3187 3943 3413 3982 suorum
3448 3946 3596 3984 mero

2013 4019 2222 4081 cedem,
2273 4020 2364 4072 sed
2402 4035 2522 4087 qua:
2556 4034 2753 4085 passus
2801 4033 2860 4072 es
2907 4033 3015 4072 non
3049 4020 3253 4080 noxiis,
3294 4021 3596 4076 retribuere

2013 4110 2136 4164 vis?
2171 4120 2264 4162 aut
2297 4112 2421 4178 quia
2476 4110 2527 4162 in
2567 4120 2714 4161 tuam
2758 4109 3036 4176 regionem
3082 4109 3368 4164 devenerit
3400 4110 3596 4165 llime-

2014 4203 2128 4253 rius
2158 4213 2211 4254 et
2265 4201 2438 4271 Syria:
2483 4199 2680 4268 oppida
2742 4200 2923 4268 aliqua
2982 4202 3393 4270 expugnaverit,
3455 4218 3585 4272 pro-

2013 4303 2195 4363 pterea
2259 4292 2441 4362 Cyprii
2513 4293 2694 4362 poenis
2754 4294 3117 4359 subiacebunt
3181 4302 3235 4349 et
3289 4295 3370 4349 eis
3430 4296 3592 4350 irasci

2011 4389 2216 4457 justum
2252 4385 2729 4453 reputabis,'arma
2767 4400 2989 4454 quoque
3024 4388 3268 4441 movebis
3313 4397 3368 4441 et
3399 4389 3593 4442 adver-

320 4464 539 4533 μίσεις,
574 4464 666 4514 καὶ
694 4463 835 4515 ὅπλα
894 4463 1161 4532 κινήσεις,
1200 4461 1295 4513 καὶ
1337 4459 1462 4511 ἀντὶ
1491 4455 1586 4507 τοῦ
1625 4445 1902 4520 μάχεσθαι

2022 4495 2118 4532 sus
2148 4493 2244 4531 eos
2279 4477 2477 4532 bellum
2507 4476 2611 4530 ibis
2665 4477 2940 4545 praeterito
2970 4476 3251 4532 Himerio?
3290 4479 3383 4532 sed
3419 4495 3593 4547 neque

319 4556 468 4625 πρὸς
511 4555 788 4624 Ἠμέριον,
819 4552 940 4606 κατ’
972 4555 1196 4605 ἐκείνων
1221 4552 1508 4620 συστήσεις
1527 4549 1618 4600 τὸν
1650 4546 1910 4611 πό).εμον;

337 4646 489 4697 Ἀλλ’
523 4647 622 4696 οὑκ
655 4643 833 4708 ἔδοξεν
883 4643 1077 4707 οὑτως,
1125 4641 1247 4694 οὗτε
1307 4645 1417 4702 τοῖς
1454 4641 1566 4701 σοῖς
1611 4639 1904 4706 πατράσιν,

319 4738 453 4789 οὕτε
492 4740 605 4798 τοῖς
642 4739 869 4789 ἐκείνων
903 4734 1180 4807 μέχρισοῦ
1209 4734 1496 4803 διαδόχοις.
1533 4730 1633 4783 Διὰ
1661 4731 1749 4792 τί;
1780 4730 1906 4781 "Ott

323 4833 578 4900 Κύπριοι
615 4830 858 4898 μεθόριοι
883 4831 981 4898 τῆς
1003 4846 1062 4881 τε
1095 4829 1408 4898 Ῥωμαῖκῆς
1429 4828 1636 4896 καὶτῆς
1660 4825 1769 4876 τῶν
1804 4823 1906 4874 Σατ-

325 4925 592 4996 pasta-rth
610 4924 882 4988 ἐξουσίας,
923 4925 1018 4976 καὶ
1035 4923 1159 4974 οὗτε
1194 4924 1324 4992 ὑμῖν
1348 4923 1666 4989 ἀνταίρουσι
1691 4923 1902 4990 χεῖρας,

319 5019 454 5072 οὒτε
481 5017 793 5085 Ῥωμαίοις,
812 5016 926 5067 ἀλλ’
949 5017 1036 5066 ἐπ’
1079 5017 1199 5084 ἴσης
1242 5014 1616 5067 ἁνατέθεινται
1636 5017 1768 5083 πρὶς
1785 5014 1903 5064 δου-

319 5115 480 5164 λείαν
499 5112 598 5181 τήν
619 5127 677 5162 τε
691 5111 960 5183 ὑμετέραν
984 5113 1074 5162 καὶ
1096 5109 1192 5180 τὴν
1209 5110 1503 5179 ἡμετέραν,
1538 5109 1736 5177 μᾶλλον
1766 5108 1820 5160 δὲ
1845 5107 1904 5158 τὸ

324 5205 494 5255 πλέον
507 5206 572 5272 τῇ
590 5203 829 5272 ὑμετέρᾳ
841 5201 1199 5262 δοῦλεύοντες.
1219 5201 1300 5263 Ὠς
1317 5196 1408 5253 οὖν
1426 5203 1606 5254 ἄδικον
1625 5200 1715 5251 καὶ
1731 5200 1902 5252 ἀπάνο

321 5298 550 5364 θρωπον
589 5295 842 5361 πολεμεῖν
870 5294 1160 5361 Κυπρίοις,
1194 5293 1327 5346 διότι
1348 5295 1488 5346 κατὰ
1514 5294 1608 5360 τῆς
1631 5295 1901 5362 ὑμετέρας

321 5391 718 5458 εξεστράτευσε
771 5388 952 5457 χώρας
976 5387 1413 5455 Ἠμέριος,οὓτω
1439 5390 1757 5458 παράνομον
1808 5391 1902 5442 καὶ

319 5488 512 5550 πάσης
572 5480 720 5543 ἄξιον
765 5481 1100 5548 κατηγορίας
1134 5482 1392 5549 πολεμεῖν
1440 5483 1728 5550 Κυπρίοις,
1760 5484 1895 5535 διότι

321 5580 474 5629 κατὰ
513 5578 612 5644 τὴν
655 5576 814 5646 νῆσόν
853 5595 1004 5637 τινας
1033 5578 1139 5628 τῶν
1173 5577 1506 5644 Σαρακηνῶν
1547 5575 1746 5643 συνέὁη
1781 5581 1898 5638 ταῖς

336 5671 609 5739 Ἠμερίου
642 5670 799 5738 χερσὶ
833 5670 1339 5739 περιπεπτωκέναι.
1376 5670 1444 5720 Σὺ
1477 5669 1533 5720 δέ
1575 5688 1660 5738 μοι
1691 5671 1896 5735 δοκεῖς,

319 5765 425 5836 ὁδῷ
450 5763 548 5817 τοῦ
590 5767 913 5834 πράγματος
946 5766 1250 5832 προϊόντος,
1285 5767 1378 5818 καὶ
1417 5768 1557 5819 κατὰ
1602 5767 1709 5820 τῶν
1748 5772 1802 5820 ἐν
1832 5773 1894 5833 τῆ

2021 4566 2321 4639 majoribus
2369 4584 2547 4638 neque
2597 4584 2786 4623 eorum
2827 4568 2895 4622 ad
2945 4580 2997 4624 te
3054 4570 3468 4624 successoribus
3519 4569 3595 4624 ia

2019 4667 2197 4719 visum
2232 4677 2250 4718 :
2280 4679 2377 4717 cur
2409 4663 2633 4717 autem?
2670 4663 2798 4732 quia
2833 4665 3009 4734 Cyprii
3047 4665 3306 4718 Romanis
3339 4673 3393 4718 et
3430 4663 3594 4716 Sara-

2014 4772 2274 4812 cenorum
2332 4745 2560 4826 imperio
2613 4757 2826 4809 iiuitimi
2885 4771 3061 4825 neque
3118 4759 3406 4811 adversum
3473 4769 3594 4822 vos,

2020 4869 2194 4920 neque
2244 4851 2534 4904 adversum
2591 4847 2872 4903 Romanos
2917 4864 3113 4903 manus
3157 4851 3434 4914 attollunt,
3499 4851 3590 4904 sed

2021 4947 2224 5013 pariter
2281 4941 2433 4995 vobis
2491 4950 2542 4994 et
2595 4940 2752 4993 nobis
2805 4939 3133 5003 servierunt,
3182 4941 3355 5008 magis
3411 4949 3592 4992 autem

2015 5036 2192 5088 vobis.
2245 5032 2397 5087 Sicut
2436 5033 2600 5099 igitur
2638 5030 2902 5100 injustam
2929 5040 2981 5083 et
3020 5027 3242 5083 crudele
3272 5039 3354 5082 est
3380 5027 3593 5095 Cypriis

2013 5129 2212 5182 bellum
2248 5126 2425 5179 facere
2464 5139 2528 5179 eo
2557 5125 2701 5192 quod
2751 5125 2806 5177 in
2841 5135 3077 5178 vestram
3128 5123 3402 5191 regionem
3439 5135 3588 5172 arma

2009 5222 2193 5277 intulit
2215 5219 2511 5284 llimerius,
2542 5218 2613 5271 ita
2646 5217 2895 5271 illicitum
2929 5225 2982 5270 et
3005 5215 3233 5269 omnino
3261 5212 3583 5281 ﬂagitiosum

2012 5324 2095 5370 est
2131 5314 2331 5368 bellum
2382 5323 2574 5365 contra
2620 5310 2851 5380 Cyprios
2896 5323 3136 5372 movere,
3162 5307 3287 5376 quia
3322 5307 3622 5374 quosdam'

2016 5408 2417 5458 Saracenorum
2460 5403 2513 5455 in
2567 5416 2754 5454 eorum
2809 5401 2988 5454 insula
3041 5397 3240 5453 accidit
3286 5396 3338 5449 in
3395 5411 3593 5451 manus

2014 5498 2239 5551 llimerii
2294 5497 2567 5558 incidere;
2626 5504 2677 5546 tu
2732 5504 2914 5546 autem
2956 5491 3086 5544 mihi
3131 5489 3333 5543 videris
3394 5490 3438 5541 is
3471 5503 3590 5541 esse

2017 5592 2129 5659 qui,
2161 5606 2214 5642 re
2249 5590 2462 5655 longius
2495 5585 2898 5653 progrediente,
2945 5585 3241 5636 bellaturus
3291 5583 3367 5636 sis
3399 5591 3585 5634 contaa

2015 5682 2358 5736 Christianos
2417 5681 2468 5731 in
2514 5676 2668 5746 Syria
2705 5678 3066 5745 (legi-nummo
3098 5674 3268 5743 quod,
3295 5671 3585 5727 Christiani

2012 5780 2201 5824 contra
2256 5783 2348 5822 vos
2384 5778 2646 5835 pugnant.
2697 5765 2752 5820 Si
2804 5779 2981 5818 autem
3039 5765 3112 5821 ita
3163 5781 3320 5833 agi-re
3371 5775 3582 5816 omnem
