4088 6448
702 250 775 313 39
1840 253 2151 315 NlCOLAi
2193 255 2265 314 CI

2371 257 2621 317 ιΑΤιιιΑ
2634 258 2852 319 ιίΟΗιλΕ
3875 268 3942 332 40

704 370 830 412 vero
881 356 1021 411 mala
1073 356 1426 426 inferentem;
1480 361 1630 416 nulla
1685 362 1831 418 enim
1888 364 1940 419 in
2008 364 2265 434 injustitia

2383 352 2607 422 καὶτῶν
2636 370 2921 442 ἡμετέρων
2949 372 3321 441 προϐαλέσθαι
3348 393 3362 407 ·
3398 376 3598 445 μᾶλλον
3625 375 3725 448 μέν
3752 376 3843 432 οὖν
3869 381 3943 443 ὡς

703 448 934 512 utilitas,
967 464 1142 519 neque
1173 451 1433 521 prodesse
1462 464 1643 523 potest
1671 455 1921 521 avaritia,
1961 457 2056 511 sed
2094 467 2276 511 extre-

702 556 853 617 mum
892 540 1155 596 damnum
1198 550 1363 613 atque
1393 544 1783 599 detrimentum
1829 546 1896 602 iis
1929 548 2121 603 Saltem
2153 549 2273 618 qui,

700 631 844 688 sicut
875 644 931 688 tu
963 634 1099 705 ipse,
1133 637 1480 705 agnoscendo
1504 637 1651 707 quod
1701 639 1860 707 decet
1893 648 2025 695 sunt
2071 639 2275 695 idonei.

700 721 827 781 llaec
866 735 952 781 est
1000 728 1236 785 maxima
1281 729 1511 794 utilitas,
1561 732 1667 785 hoc
1706 731 2133 801 incomparabile
2188 733 2275 787 lu-

697 831 880 884 crum,
934 820 1036 875 sub
1083 828 1265 875 vestra
1317 822 1528 877 ditione
1575 830 1631 879 et
1680 824 2178 889 administratione,
2220 825 2275 880 in

698 913 979 981 prepriatn
1015 914 1252 983 patriam
1282 914 1499 969 restitui
1531 916 1845 987 pepulares,
1888 933 1917 971 a
1954 920 2275 989 parentibus

701 1004 864 1074 recipi
896 1004 1125 1073 liberos,
1158 1004 1315 1062 natos
1357 1009 1608 1079 patribus
1656 1010 1837 1065 denuo
1881 1013 2157 1083 conjungi,
2190 1014 2274 1068 vi-

697 1109 791 1149 ios
824 1098 1095 1153 uxoribus
1144 1096 1333 1165 reddi,
1368 1100 1578 1156 amicos
1604 1100 1966 1159 familiaribus
1993 1103 2120 1169 frui,
2168 1120 2276 1161 uno

694 1190 888 1252 verbo,
915 1206 1008 1245 eos
1029 1190 1120 1260 qui
1152 1190 1262 1246 huc
1286 1206 1461 1262 usque
1490 1209 1519 1247 a
1555 1195 1729 1263 patria
1752 1196 2074 1251 exsulabant
2099 1199 2277 1251 omni-

695 1279 801 1335 bus
848 1281 1085 1352 gaudere
1131 1282 1289 1340 bonis
1330 1300 1452 1355 quae
1490 1286 1683 1340 tribuit
1728 1288 1941 1356 patria;
1984 1287 2073 1342 illa
2127 1298 2275 1352 sunt,

697 1374 1002 1427 amicorum
1052 1389 1306 1431 meorum
1338 1379 1564 1446 optime,
1607 1394 1729 1446 qua!
1770 1380 2026 1434 amicitia
2077 1389 2276 1436 nostra:

697 1463 1030 1533 principium
1083 1480 1208 1521 esse
1235 1468 1378 1532 volo,
1432 1467 1552 1534 illa,
1589 1484 1713 1539 quae
1752 1471 1818 1526 ad
1864 1482 1915 1527 te
1968 1473 2171 1540 scribo,
2206 1474 2273 1527 ad

696 1568 823 1623 qua
867 1564 922 1610 te
956 1556 1172 1623 hostes,
1208 1559 1656 1629 quandoquidem
1692 1577 1766 1617 ea
1805 1563 1984 1619 facere
2031 1574 2084 1618 te
2115 1566 2275 1620 decet

694 1654 750 1698 et
780 1661 881 1702 nos
910 1649 977 1702 ad
1025 1648 1287 1704 dilectum
1317 1653 1599 1721 scribere;
1642 1663 1896 1710 caeterum
1931 1666 1982 1710 te
2008 1656 2146 1712 bene
2177 1673 2274 1711 va-

2376 458 2728 537 δικαιοσύνην
2759 463 2958 534 τιμῶν,
2986 466 3122 536 πρὸς
3149 466 3208 519 rb
3233 460 3442 522 δίκαιον
3475 464 3713 540 ἀφορῶν,
3750 472 3842 524 καὶ
3868 473 3943 543 μὴ

2376 553 2737 623 ἀντεχόμενος
2762 552 2990 625 κέρδους
3046 557 3271 623 οἰκείου,
3309 560 3664 631 καινοτομίαν
3712 561 3771 615 δὲ
3814 561 3946 632 Χρι-

2378 646 2617 707 στιανοῖς
2658 644 2985 719 ἐπιϐάλλων
3007 646 3106 700 οὐκ
3136 648 3252 702 ἔστι
3284 651 3476 721 κέρδος
3499 651 3558 704 rb
3596 652 3799 718 ἄδικον,
3822 653 3943 707 οὐδὲ

2377 734 2609 804 ὠφελεῖν
2639 730 2749 789 οἶδε
2778 736 2839 790 rb
2865 737 3275 804 πλεονεκτικὸν,
3332 739 3452 793 ἀλλ’
3508 742 3712 813 ἐσχάτη
3770 742 3942 815 βλάϐη

2379 829 2474 880 καὶ
2499 828 2823 899 καινοτομία
2842 831 2955 893 τοῖς
2976 828 3167 899 ὥσπερ
3200 831 3266 884 σὺ
3299 827 3451 886 οὖσιν
3485 832 3690 897 ἱκανοῖς
3714 833 3785 887 τὰ
3818 838 3944 905 πρέ-

2382 938 2554 975 ποντα
2578 920 2979 988 έκλογίζεσθαι.
3014 922 3186 976 Τοῦτο
3212 925 3447 994 μεγίστη
3485 924 3744 993 ὠφέλεια,
3785 925 3943 980 τοῦτο

2378 1012 2719 1084 ἀσύγκριτον
2746 1014 2935 1083 κέρδος
2966 1014 3027 1066 τὸ
3055 1015 3150 1068 ἐπὶ
3173 1014 3276 1085 τῆς
3306 1014 3465 1085 ὑμῶν
3485 1016 3663 1086 ἀρχῆς
3687 1017 3784 1069 καὶ
3806 1018 3943 1071 διοι-

2380 1109 2597 1176 κήσεως
2656 1107 2801 1177 πρὸς
2838 1106 2937 1177 τὴν
2976 1108 3184 1161 οίκείαν
3235 1109 3471 1185 πατρίδα
3510 1110 3637 1174 τοὺς
3666 1109 3945 1179 ὁμοεθνεῖς

2381 1197 2861 1266 ἀποκαταστῆναι,
2893 1200 2954 1252 τὸ
2987 1201 3167 1267 γονεῖς
3198 1200 3498 1254 ἀπολαϐεῖν
3522 1200 3591 1254 τά
3624 1200 3730 1253 ibi:
3759 1201 3942 1265 τέκνα,

2378 1290 2441 1343 rb
2465 1289 2635 1343 τέκνα
2668 1292 2783 1352 τοῖς
2813 1293 3054 1359 πατράσι
3086 1291 3451 1362 συναφθῆναι,
3472 1291 3534 1344 rb
3563 1290 3786 1361 γυναιξὶ
3818 1292 3945 1356 τοὺς

2376 1382 2686 1453 δμοζύγους
2717 1382 3073 1453 ἀποδοθῆναι,
3111 1384 3172 1437 rb
3211 1384 3390 1453 φίλοις
3415 1383 3779 1456 συγγενέσθαι
3813 1384 3945 1446 τοὺς

2380 1470 2590 1540 φίλους,
2630 1472 2727 1524 καὶ
2771 1468 2961 1534 ἁπλῶς
3012 1472 3113 1525 ὅσα
3153 1471 3295 1526 καλά
3322 1473 3537 1527 δίδωσιν
3568 1475 3602 1543 ἡ
3632 1474 3834 1543 πατρὶς
3884 1472 3946 1524 rb

2377 1564 2587 1618 τούτων
2641 1564 2897 1635 μετέχειν
2944 1564 3074 1628 τοὺς
3116 1564 3246 1635 άχρι
3280 1565 3376 1617 καὶ
3408 1565 3507 1618 νῦν
3553 1564 3654 1634 τῆς
3684 1564 3946 1635 πατρίδος

2377 1654 2850 1725 άποξενωμένους.
2881 1655 3089 1718 Ταῦτα,
3117 1655 3289 1724 φίλων
3320 1658 3443 1726 ἐμοὶ
3472 1655 3684 1729 ἄριστε,
3716 1655 3810 1708 καὶ
3846 1655 3946 1723 ἀρ·

696 1740 810 1793 lere
834 1751 1091 1811 optamus
1128 1753 1185 1798 et
1218 1759 1479 1801 securum
1514 1762 1798 1803 remanere
1825 1749 1895 1803 ab
1924 1750 2074 1804 omni
2108 1750 2265 1806 vicis-

2377 1748 2479 1816 χὴν
2514 1744 2777 1816 ποιοῦμαι
2822 1745 2925 1815 τῆς
2956 1747 3095 1829 πρξις
3123 1748 3181 1799 σε
3214 1725 3420 1815 φιλίας,
3457 1725 3553 1800 καὶ
3590 1726 3798 1817 ¹γράφω
3849 1747 3944 1799 καὶ

694 1832 933 1889 situdine
991 1845 1045 1889 et
1114 1838 1445 1892 necessitate
1494 1854 1616 1908 quae
1688 1838 1904 1908 mortali
1956 1840 2084 1894 huic
2136 1840 2260 1896 vita

694 1924 969 1997 susdeque
1000 1926 1268 1983 voluntati
1316 1928 1496 1985 inesse
1528 1930 1687 1985 solet.

2375 1838 2657 1909 παραινῶ,
2692 1839 2815 1891 ἐπεὶ
2857 1838 2955 1891 καὶ
2985 1839 3071 1891 σοὶ
3105 1839 3318 1910 πρέπον
3342 1836 3573 1892 τοιαῦτα
3609 1840 3810 1903 ποιεῖν,
3846 1840 3945 1890 καὶ

2380 1932 2513 2002 ἡμῖν
2544 1927 2776 1983 τοιαῦτα
2805 1930 2942 2002 πρὸς
2984 1930 3075 1983 τὸν
3107 1928 3432 2000 φιλούμενον
3480 1930 3735 2000 γράφειν·
3779 1928 3852 1983 τὰ
3898 1926 3946 1981 δ’

695 2020 831 2074 ἄλλα
884 2023 1163 2092 ἐρρῶσθαί
1200 2041 1261 2077 σε
1288 2026 1639 2096 ἑπευχόμεθα
1688 2027 2020 2100 ὑψηλότερον
2056 2028 2499 2100 συντηρούμενον
2522 2028 2699 2097 πάσης
2739 2026 3002 2098 βιωτικῆς
3038 2027 3356 2098 ἀνωμαλίας
3390 2028 3484 2081 καὶ
3544 2028 3942 2098 περιστάσεως,

694 2120 796 2189 ὅση
826 2120 903 2189 τῷ
930 2119 1113 2189 θνητῷ
1134 2120 1313 2192 τούτῳ
1343 2120 1444 2192 βίῳ
1467 2123 1580 2177 ἄνω
1608 2124 1706 2177 καὶ
1748 2125 1898 2180 κάτω
1927 2124 2284 2197 στρεφομένῳ
2309 2121 2455 2180 οἶδεν
2494 2122 2980 2194 ἐμπολιτεύεσθαι.
3956 2130 3973 2136 ’

768 2254 861 2310 lli.
906 2257 985 2332 Att
1017 2256 1378 2332 excellentem,
1418 2260 1802 2332 clarissimum,
1858 2261 2193 2332 spiritalem

904 2327 1095 2396 (ilium,
1128 2325 1420 2381 Simeonem
1446 2328 1723 2400 Bulgaria:
1749 2325 2057 2402 principem.

768 2458 984 2528 Aliquid
1036 2457 1223 2514 forsan
1278 2460 1668 2531 supervacanei
1718 2462 1897 2518 facere
1942 2462 2269 2527 videbimur,

695 2550 770 2604 fili
804 2550 905 2616 nti,
947 2565 1071 2606 cum
1130 2560 1183 2605 te
1216 2551 1312 2605 illo
1354 2550 1547 2607 aflectu
1599 2554 1848 2610 volumus
1891 2554 2107 2611 afﬁcere
2149 2556 2269 2626 qui,

2448 2257 2522 2312 Γ.
2562 2258 2648 2328 Τῷ
2701 2258 3175 2327 ὐπερςρυεστάτω
3227 2258 3618 2327 μεγαλοδόξῳ
3674 2276 3942 2328 πνευμα-

2483 2327 2626 2393 τικῷ
2656 2329 2844 2395 τέκνῳ
2884 2327 3134 2400 Συμεὼν
3165 2328 3412 2411 ἄρχοντι
3438 2330 3835 2399 Βουλγαριας.

2450 2463 2610 2526 Ἴσως
2639 2462 2898 2532 περιττόν
2924 2479 2975 2515 τι
3007 2464 3185 2516 ποιεῖν
3204 2461 3499 2534 δοκοῦμεν,
3540 2462 3731 2517 τέκνον
3758 2464 3939 2535 ἡμῶν,

2378 2554 2651 2609 δυσωπεῖν
2683 2571 2743 2605 σε
2776 2553 3095 2622 βουλόμενοι
3126 2552 3386 2625 τοιαύτην
3436 2553 3775 2625 δυσώπησιν,
3820 2554 3943 2624 ἣτις

695 2652 892 2711 praeter
949 2651 1168 2697 nostros
1222 2632 1529 2708 sermones,
1569 2646 1623 2699 in
1688 2654 1778 2701 tua
1805 2646 2047 2716 piissitna
2096 2658 2265 2701 mente

2376 2647 2472 2701 καὶ
2504 2646 2675 2717 χωρὶς
2707 2644 2817 2696 τῶν
2844 2646 3129 2716 ἡμετέρων
3161 2645 3340 2715 λόγων
3385 2648 3444 2700 έν
3483 2649 3549 2717 τῇ
3583 2649 3651 2717 σῇ
3704 2645 3942 2714 θεοφιλεῖ

696 2733 928 2798 insidet;
1006 2749 1391 2804 quemcunque
1441 2737 1644 2791 etenim
1703 2738 1993 2793 hominem
2064 2748 2265 2806 oportel

2375 2738 2523 2809 eam
2572 2736 2958 2791 ἑναπόκειταιο
3009 2737 3174 2789 παντὶ
3234 2739 3342 2807 γὰρ
3393 2735 3667 2808 ἀνθρώπῳ
3714 2736 3942 2805 γνώμην

693 2825 1047 2894 compatienti
1082 2840 1207 2881 esse
1236 2829 1422 2880 animo
1463 2844 1589 2898 erga
1643 2845 1794 2883 reum
1848 2845 2136 2900 quemque,
2182 2828 2265 2884 sed

2376 2828 2855 2900 συμπαθῆπφέρειν
2888 2828 3243 2898 δφειλομένου
3273 2828 3664 2898 τυγχάνοντος,
3699 2826 3937 2897 μάλιστα

694 2933 821 2971 eum
879 2918 1117 2973 maxime
1161 2919 1366 2993 quiad
1412 2936 1683 2975 summam
1725 2931 1809 2976 est
1837 2931 2056 2977 evectus
2085 2928 2265 2992 poteti-

2373 2903 2536 2990 ξρέος
2602 2920 2752 2971 ἐστὶν
2812 2918 3195 2988 ἀπαραίτητον
3240 2921 3357 2982 τοῖς
3415 2917 3822 2987 ἀναϐεϐηκόσιν
3860 2918 3939 2978 είς

696 3011 848 3077 tiam,
903 3011 1174 3080 siQuidetn
1227 3027 1256 3064 a
1310 3011 1421 3066 Deo
1467 3014 1713 3067 omnium
1771 3014 2004 3068 Domino
2064 3014 2265 3082 princi-

2372 3012 2547 3082 ἀρχῆς
2577 3009 2732 3081 ὕψος,
2759 3009 2919 3063 τοῦτο
2970 3010 3283 3074 διασώζειν,
3348 3011 3472 3063 επεὶ
3524 3011 3620 3063 καὶ
3658 3007 3815 3080 παρὰ
3844 3006 3936 3060 τοῦ

694 3111 881 3168 patum
918 3102 1063 3175 nulla
1111 3103 1215 3155 alia
1246 3103 1319 3177 de
1345 3090 1513 3181 causai
1541 3107 1872 3174 acceperint,
1909 3106 2012 3159 nisi
2044 3114 2101 3160 ut
2144 3120 2265 3159 eum

2374 3106 2597 3157 πάντων
2627 3105 2889 3185 άρχοντος
2919 3102 3055 3156 Θεοῦ
3084 3103 3399 3173 παρεσχέθη
3424 3105 3558 3185 *τοῖς
3600 3102 3865 3185 άρχουσιν
3888 3101 3935 3181 νή

697 3180 1053 3247 imitarentur
1099 3184 1207 3262 qui
1241 3176 1593 3251 ens‘ltonore
1638 3190 1898 3265 praevenit
1942 3184 2017 3251 et.
2046 3197 2113 3251 ad
2165 3186 2265 3249 ini-

2374 3184 2539 3265 ἁρχὴ,
2572 3182 2787 3257 οὐδενὸς
2817 3192 2983 3247 ἄλλου
3013 3193 3197 3264 χάριν,
3222 3194 3256 3265 ἢ
3285 3194 3375 3246 ἴνα
3409 3180 3545 3261 πρὸς
3582 3182 3821 3262 μίμησιν
3837 3180 3933 3242 τοῦ

694 3287 829 3354 perii
868 3302 1139 3340 summam
1165 3286 1434 3356 provexit;
1455 3289 1701 3345 Prudens
1754 3291 1916 3359 igitur
1960 3305 2084 3344 cum
2111 3290 2188 3343 sis
2217 3297 2271 3343 et

695 3377 932 3438 maxime
980 3378 1236 3445 sapiens,
1290 3376 1384 3432 Dei
1454 3380 1851 3433 humanitatem
1907 3387 1960 3433 et
2021 3379 2270 3446 benigni-

693 3475 857 3520 tatem
889 3476 942 3521 et
984 3469 1417 3523 misericordiam
1457 3485 1564 3525 nou
1597 3471 1804 3536 nescis;
1852 3470 1968 3540 qui,
2003 3480 2269 3539 quantum

696 3558 863 3612 tiistzit
904 3571 1057 3613 ortus
1088 3563 1158 3614 ab
1210 3562 1515 3630 occidente,
1566 3564 1722 3633 longe
1750 3563 1879 3615 facit
1914 3578 1944 3615 a
1978 3562 2130 3617 nobis
2161 3560 2270 3615 ini-

693 3650 931 3718 quitates
1000 3663 1250 3718 nostras;
1310 3654 1453 3707 istud
1508 3669 1727 3723 quoque
1777 3653 1887 3708 scis
1949 3654 2115 3722 probe
2170 3667 2266 3707 eos

690 3741 785 3811 qtti
833 3743 1065 3812 imperio
1115 3758 1146 3797 a
1199 3744 1309 3798 Deo
1361 3746 1487 3799 dato
1544 3760 1670 3799 vere
1725 3753 1854 3797 sunt
1915 3743 2085 3813 digiti,
2139 3757 2263 3797 cum

688 3836 799 3888 sint
853 3836 1020 3888 multa
1080 3839 1132 3888 itt
1187 3838 1411 3906 quibus
1443 3836 1554 3891 Deo
1603 3837 1808 3892 servire
1849 3836 2102 3899 debeant,
2155 3852 2262 3893 nou

689 3926 1140 3992 przesttantiorem
1173 3927 1221 3980 ei
1256 3928 1483 3981 reddere
1515 3929 1715 3980 cultum
1743 3941 1906 3995 quam
1940 3942 2034 3996 per
2075 3932 2267 3987 ltutna-

692 4014 938 4080 nitatem,
988 4026 1047 4069 ut
1090 4018 1225 4082 dixi,
1275 4028 1330 4071 ct
1383 4019 1881 4083 mansuetudinem,
1917 4017 2261 4072 clementiam

686 4098 907 4175 quoque
953 4121 1017 4160 ac
1070 4108 1501 4162 misericordiam
1532 4108 1585 4160 itt
1618 4107 1901 4174 subditos;
1957 4096 2065 4161 non
2115 4108 2261 4160 enim

688 4196 811 4250 ideo
858 4200 1073 4252 caeteris
1106 4209 1235 4253 sunt
1266 4199 1504 4267 praefecti
1535 4210 1593 4253 ut
1618 4208 1882 4269 potestate
1910 4214 2008 4253 sua
2051 4200 2117 4252 ad
2150 4202 2260 4251 ira-

693 4287 951 4339 cundiam
993 4298 1046 4341 et
1094 4289 1375 4342 hominum
1439 4292 1777 4343 vexationem
1841 4299 2095 4353 utantur,
2167 4288 2261 4343 scd

690 4386 749 4430 ttt
793 4380 1039 4447 paternis
1095 4380 1393 4434 visceribus
1446 4381 1679 4445 delicta,
1729 4384 1828 4434 etsi
1892 4384 2090 4451 smpius
2138 4383 2263 4449 quis

684 4469 1006 4540 delinquat,
1058 4472 1370 4542 corrigam;
1408 4472 1541 4527 satis
1589 4481 1768 4526 autem
1809 4482 1892 4527 est
1941 4473 2029 4526 illa
2090 4473 2261 4527 fuisse

686 4576 773 4613 me
845 4562 1163 4631 praefatum,
1233 4578 1381 4618 nunc
1438 4564 1762 4632 exponenda
1837 4580 2004 4617 causa
2056 4579 2155 4617 cur
2206 4576 2255 4618 te

683 4668 995 4709 οιοιειιιυε.
1324 4644 1329 4648 ⁸

2372 3288 2730 3357 τιμήσαντος,
2761 3287 2858 3338 καί⁵
2892 3287 2973 3349 είς
3010 3286 3071 3339 rb
3103 3280 3308 3357 ἄρχειν
3334 3283 3771 3348 ἀναϐιϐάσαντος
3800 3286 3933 3337 ἀνα·-

2373 3379 2673 3447 φαίνωνται
2694 3378 3053 3441 διαϐιοῦντες.
3077 3379 3299 3440 Πάντως
3328 3378 3384 3429 δὲ
3415 3379 3671 3446 νουνεχὴς
3714 3375 3795 3429 ὣν
3840 3378 3934 3429 καὶ

2378 3470 2598 3533 συνετὸς
2633 3471 2929 3524 ἐπίστασαι
2954 3469 3054 3540 τὴν
3082 3469 3178 3523 τοῦ
3209 3469 3344 3522 Θεοῦ
3380 3463 3793 3539 φιλανθρωπίαν
3843 3473 3936 3522 καὶ

2370 3560 2470 3627 τὴν
2509 3546 2880 3631 χρηστότητα,
2936 3560 3031 3612 καὶ
3083 3560 3145 3612 rb
3201 3558 3511 3629 συμπαθέςν
3557 3558 3616 3621 δς
3649 3557 3773 3611 καθ’
3813 3546 3936 3609 ὅσον

2370 3650 2672 3718 ἀπέχουσιν
2696 3650 2959 3703 ἀνατολαὶ
2986 3650 3096 3703 άπὸ
3110 3647 3623 3719 δυσμῶν,τοσοῦτυν
3648 3647 3811 3718 ἡμῶν
3834 3664 3936 3716 μα·

2371 3740 2562 3811 κρύνει
2588 3741 2686 3811 τὰς
2714 3739 2993 3810 ἁμαρτίας
3023 3741 3117 3808 ἀφ’
3154 3738 3331 3809 ἡμῶν.
3382 3734 3497 3792 Καὶ
3534 3738 3696 3790 τοῦτο
3721 3738 3777 3789 δὲ
3814 3736 3935 3788 λίαν
3965 3769 3973 3778 ι

2369 3833 2689 3900 ιπίστασαι,
2719 3835 2802 3886 ὅτι
2834 3833 2888 3885 οῖ
2928 3850 2991 3900 γε
3035 3832 3110 3895 ὡς
3160 3831 3374 3902 ἀληθῶς
3434 3829 3573 3894 ἄξιοι
3625 3830 3725 3899 τῆς
3784 3829 3934 3897 παρὰ

2368 3926 2506 3979 Θεοῦ
2532 3925 2823 3995 δεδομένης
2866 3925 3049 3988 αὐτοῖς
3083 3925 3280 3994 ἀρχῆς,
3334 3921 3605 3975 πλείστων
3664 3920 3934 3992 ὑπαρχόν-

2366 4032 2478 4068 των
2520 4014 2590 4066 δι⁹
2620 4009 2696 4068 ὧν
2737 4016 2889 4066 ἐστιν
2923 4015 3109 4076 αὐτοῖς
3138 4013 3467 4083 θεραπεύειν
3518 4012 3673 4076 Θεὸν,
3727 4013 3934 4077 ταύτην

2371 4106 2613 4175 μάλιστα
2650 4106 2750 4175 τὴν
2776 4104 3060 4177 ἐξαίρετον
3104 4105 3401 4173 θεραπείαν
3434 4103 3829 4173 προσφέρουσι,
3873 4100 3933 4151 rb

2368 4198 2755 4267 φιλάνθρωπον
2801 4197 2877 4261 ὡς
2898 4192 3056 4249 εἷπον
3098 4197 3283 4250 καὶτὸ
3321 4196 3667 4261 ἀνεξίκακον,
3715 4195 3811 4247 καὶ
3870 4192 3929 4244 rb

2365 4291 2505 4362 πρὸς
2531 4292 2659 4352 τοὺς
2694 4292 3042 4361 ὑποχειρίους
3070 4290 3341 4359 ἀόργητον
3384 4305 3443 4340 τε
3483 4288 3581 4341 ara-1
3618 4285 3928 4356 oupnabck.

2366 4384 2441 4436 Οὐ
2477 4386 2586 4451 γάρ
2611 4384 2701 4436 διὰ
2720 4382 2882 4435 τοῦτο
2906 4382 3014 4434 τῶν
3040 4381 3247 4435 λοιπῶν
3278 4380 3715 4451 προεκρίθησαν,
3746 4379 3836 4430 ῖνα
3854 4378 3921 4445 τῇ

2368 4476 2590 4544 ἐξουσία
2621 4472 2759 4541 πρὸς
2799 4472 2974 4542 θυμὸν
3023 4472 3375 4541 ἀποχρῶνται
3416 4474 3511 4524 καὶ
3537 4455 3784 4525 κάκωσιν
3822 4467 3931 4520 τῶν

2368 4565 2700 4636 ἀνθρώπων,
2760 4564 2874 4617 ἀλλ’
2923 4566 3011 4617 ἵνα
3076 4565 3408 4633 σπλάγχνοις
3471 4565 3782 4633 πατρικοῖς,
3829 4559 3933 4613 κᾶν

2375 4656 2639 4718 πολλάκις
2690 4657 2811 4706 τινὰ
2854 4656 3035 4725 συμϐῇ
3074 4656 3485 4727 ὲξαμαρτῆσαι,
3512 4655 3572 4706 rb
3622 4655 3929 4722 ἁμάρτημα

687 4748 1076 4819 μεθοδεύωσιν.
1128 4750 1317 4818 Ἀρκεῖ
1346 4750 1441 4801 ἐπὶ
1475 4754 1732 4800 τοσοῦτον
1800 4748 2279 4818 προοιμιάζεσθαι,
2330 4750 2506 4819 αὐτήν
2552 4765 2633 4800 σοι
2673 4748 2857 4800 λοιπὸν
2917 4747 3248 4817 ἐκτιθέμεθα
3297 4751 3397 4816 τὴν
3454 4747 3729 4813 ὑπόθεσιν,
3794 4754 3926 4813 περὶ

680 4856 746 4907 ης
778 4837 1159 4907 δυσωποῦμεν.

753 4938 927 4991 llonto
957 4936 1203 5005 quidam,
1235 4934 1421 4989 nescio
1450 4945 1632 4989 utrum
1664 4935 1861 5005 dignus
1897 4934 2080 5003 fuerit,
2136 4952 2249 5006 p03-

684 5046 781 5082 nas
833 5030 985 5089 dare,
1023 5012 1112 5078 Ian
1168 5026 1410 5079 humano
1458 5041 1607 5080 more
1643 5028 1693 5079 itt
1742 5028 2254 5095 cuiamitatempro—

682 5122 901 5189 lapsus,
966 5118 1223 5185 quoniam
1274 5128 1506 5170 vestram
1567 5118 1954 5185 reformitlahat
2015 5130 2254 5188 potesta-

681 5224 825 5274 tem,
877 5211 941 5264 ad
1013 5210 1105 5263 Dei
1188 5213 1449 5279 templum
1516 5213 1644 5264 illud
1714 5214 1857 5280 quod
1906 5214 2251 5265 Christianus

680 5303 914 5371 quisque
951 5302 1192 5355 universi
1245 5306 1393 5356 orbis
1422 5305 1640 5357 oculum
1684 5321 1806 5357 esse
1852 5307 2163 5369 confitetur,
2199 5290 2251 5357 it‘t

681 5408 791 5462 quo
838 5407 959 5457 nos,
1003 5394 1105 5447 etsi
1140 5396 1381 5459 inutiles,
1432 5395 1515 5447 die
1548 5411 1608 5447 ac
1664 5406 1817 5450 nocte
1853 5397 2249 5464 ministratnus,

679 5486 958 5556 confugit;
1028 5488 1159 5557 qui,

682 5590 987 5649 raperetur,
1019 5591 1267 5635 sanctum
1298 5583 1735 5649 proliitiatorium
1788 5584 2093 5646 invocabat,
2145 5599 2247 5637 nec

680 5687 809 5745 nou_
841 5680 893 5726 et
939 5672 1193 5729 omnibus
1241 5669 1567 5731 Christianis
1613 5674 1845 5741 debitam
1899 5673 1989 5728 Dei
2036 5676 2246 5742 templis

1258 5489 1387 5541 dum
1470 5490 1872 5541 ittexorabilitcr
1943 5506 1971 5544 e
2052 5494 2251 5559 templo
2310 5556 2311 5559 η

2440 4938 2766 5009 Ἄνθρωπός
2790 4953 2869 4997 τις
2898 4935 2998 4987 οὐκ
3028 4930 3145 4987 οἶδα
3186 4935 3395 4995 δίκαιος
3432 4932 3505 4985 ὢν
3537 4936 3795 5002 ὑποσχεῖν
3841 4954 3922 4988 τι-

2364 5032 2601 5102 μωρίαν,
2640 5032 2741 5083 ούκ
2771 5026 2887 5081 ciba
2918 5020 3007 5080 οἶα
3037 5028 3107 5077 τά
3131 5024 3452 5095 ἀνθρώπινα
3482 5030 3563 5087 εἰς
3592 5030 3919 5095 περίστασιν

2361 5121 2641 5191 ἐμπεσὼν,
2670 5122 2855 5173 ἕνεκεν
2894 5121 2989 5171 τοῦ
3017 5120 3304 5187 φοϐεῖσθαι
3344 5121 3441 5190 τὴν
3470 5121 3621 5189 ὑμῶν
3647 5120 3917 5185 ἐξουσίαν,

2360 5216 2437 5283 τῷ
2476 5214 2588 5282 ναῷ
2617 5217 2710 5267 τοῦ
2738 5214 2897 5279 Θεοῦ,
2930 5214 2989 5266 ὃν
3023 5218 3128 5278 πᾶς
3164 5216 3423 5284 ὁμολογεῖ
3467 5215 3793 5284 Χριστιανὸς
3820 5215 3917 5282 ὀφ-

2362 5289 2567 5375 θαλμὸν
2597 5302 2736 5358 εἶναι
2784 5306 2887 5373 τῆς
2940 5309 3264 5375 οἰκουμένης
3296 5311 3736 5375 προσπέφευγεν,
3779 5310 3838 5359 ὲν
3874 5302 3919 5373 ᾦ

2358 5400 2541 5467 ἡμεῖς,
2581 5399 2746 5449 είκαὶ
2797 5400 3007 5467 ἀχρεῖοι
3048 5400 3222 5452 νύκτα
3282 5404 3373 5451 καὶ¹
3427 5402 3642 5469 ἡμέραν
3685 5401 3786 5470 τὴν
3823 5400 3920 5452 λα-

2358 5489 2543 5559 τρείαν
2575 5491 2984 5560 προσφέρομεν·
3014 5488 3169 5553 οὗτος
3187 5491 3373 5560 ἐπειδὴ
3394 5494 3779 5562 ἀπαραιτήτως
3803 5494 3915 5545 εῖλο

2360 5598 2484 5632 κετο
2510 5581 2603 5633 τοῦ
2638 5582 2785 5646 ναοῦ,
2834 5583 2999 5634 πολλὰ
3042 5585 3103 5634 τό
3156 5601 3215 5635 τε
3250 5585 3405 5650 ἅγιον
3445 5586 3753 5657 ἱλαστήριον
3801 5589 3920 5637 ὲπιο

2358 5674 2657 5743 ϐοώμενος,
2687 5678 2778 5728 καὶ
2830 5676 2927 5745 τὴν
2963 5676 3157 5737 κοινῶς
3198 5680 3330 5730 πᾶσι
3382 5678 3724 5748 Χριστιανοὶς
3764 5678 3913 5745 ὀφει-
