4088 6440
1667 251 2073 310 ιειτιςιοωι.
3428 247 3497 306 42

269 373 474 444 λομένην
506 375 617 432 τοῖς
679 370 844 432 θείοις
887 369 1053 439 ἱεροῖς
1105 369 1534 436 σεϐασμιὸτητα,
1584 367 1679 418 καὶ
1717 366 1814 431 τὴν

1928 361 2324 415 venerationem
2399 370 2452 413 et
2531 358 2959 413 ineolumitatem
3013 359 3253 412 omnium
3308 361 3375 412 ad
3434 377 3494 413 ea

267 469 357 519 τῶν
400 467 454 516 ὲν
487 464 673 525 αὐτοῖς
744 462 1202 534 προσφευγόντων
1243 459 1496 521 ἀσυλίαν,
1560 458 1816 526 ἐκίνησεν

267 558 417 629 ἡμᾶς.
462 556 572 608 Καὶ
601 555 653 608 τί
680 557 788 624 γάρ
820 556 949 610 ἀλλο
974 555 1083 606 ἔδει
1118 554 1292 605 ποιεῖν
1320 550 1678 619 λειτουργοὺς
1725 547 1818 598 όν-

265 650 434 713 τας,εί
465 646 559 700 καὶ
590 646 864 711 ἀναξίους,
897 645 992 698 τοῦ
1022 645 1179 712 ἀγίου
1209 643 1622 713 θυσιαστηρίου,
1650 642 1728 703 είς
1759 639 1819 691 τὸ

265 737 386 808 μηδὲ
430 737 529 804 τὴν
588 735 760 804 ἀρχὴν
804 733 1157 803 συγχωρῆσαι
1196 734 1308 794 τοῖς
1341 731 1691 801 βουλομένοις
1724 728 1819 780 αὑ-

265 832 346 882 τὸν
385 829 566 882 ἕλκειν
597 845 610 892 ;
643 829 816 894 Τοῦτο
865 825 1114 894 παριδεῖν
1153 824 1461 886 ἐκτελέσαι,
1499 822 1679 875 καίτοι
1725 837 1820 890 χα-

263 921 636 984 λεπαινόντων,
677 919 771 970 καὶ
805 917 1062 987 σκληρῶς
1094 917 1226 986 ἡμῖν
1267 915 1353 969 διὰ
1389 915 1487 984 τὴν
1530 915 1628 982 σὴν
1660 915 1819 983 χάριν

263 1002 729 1078 προσφερομένων,
785 1009 934 1077 ὅμως
1010 1006 1503 1075 ἐπαγγελλομένων
1551 1007 1643 1058 καὶ
1685 1006 1820 1058 πᾶσι

261 1086 474 1170 τρόποῖς
505 1099 870 1167 βεϐαιούντων
906 1100 1076 1169 ἡμᾶς,
1107 1100 1183 1162 ὡς
1236 1099 1392 1150 οὐδὲν
1420 1097 1598 1149 δεινὸν
1650 1098 1822 1168 ἀπερ-

263 1195 419 1263 γάσῃ,
452 1194 642 1246 τέκνον
673 1193 852 1262 ἡμῶν,
891 1192 1028 1244 ἀλλά
1080 1174 1416 1260 συγγνώμης
1454 1189 1820 1260 ἀξιωθήσεται

264 1288 403 1354 παρά
471 1286 576 1348 σοὶ,
640 1285 746 1359 καὶ,
787 1283 890 1353 τῆς
930 1283 1022 1336 ἐπὶ
1056 1268 1142 1352 τῷ
1177 1283 1488 1352 πταίσματι
1530 1281 1819 1351 συγχωρή-

263 1393 410 1441 σεωξ,
454 1367 800 1443 ἐξηγάγομὲν
836 1373 999 1426 αὐτὸν
1039 1373 1133 1426 τοῦ
1188 1373 1318 1425 ναοῦ
1373 1373 1470 1424 καὶ
1499 1373 1823 1425 ἀπεστείλα-

265 1485 372 1538 μεν,
397 1467 533 1520 Θεδν
567 1463 1075 1536 ἐπιμαρτυρόμενοι
1110 1469 1206 1518 καὶ
1240 1466 1302 1517 τὸ
1343 1465 1620 1532 πανάγιον
1652 1465 1820 1519 αὑτοῦ

263 1561 571 1630 ἱλαστήριον
605 1559 698 1612 καὶ
730 1560 874 1612 κατά
907 1559 996 1612 τὸν
1044 1559 1289 1628 παρόντα
1320 1561 1494 1612 αίῶνα
1529 1562 1624 1613 καὶ
1681 1563 1822 1615 κατά

261 1649 340 1704 τὸν
387 1651 677 1718 μέλλοντα,
709 1651 784 1722 μὴ
823 1652 1091 1721 περιιδεῖν
1122 1654 1291 1706 αὐτὸν
1337 1652 1716 1723 ἀνεκδίκητον,
1774 1654 1826 1706 εί

1923 454 2369 523 confugientium,
2421 461 2581 521 atque
2629 453 2706 506 sic
2753 467 2852 506 nos
2885 451 3088 514 movit;
3139 454 3264 520 quid
3313 462 3492 507 autem

1925 544 2071 598 aliud
2107 544 2408 608 ministros,
2443 543 2563 596 licet
2594 543 2863 610 indignos,
2902 544 3075 599 sancti
3101 542 3288 597 altaris
3316 544 3493 600 facere

1922 634 2227 705 oportebit?
2283 635 2520 703 primum
2591 633 2897 688 volentibus
2960 649 3082 686 eum
3163 648 3354 702 rapere
3401 650 3494 688 ac-
3567 700 3572 705 ὴ

1924 728 2280 796 quiescerem,
2307 726 2643 795 perlicientes
2666 731 3100 791 contemnerem;
3129 726 3251 779 licet
3283 742 3379 779 nos
3412 727 3493 777 in-

1921 822 2063 889 juria
2119 819 2431 880 aﬂ‘eccrint,
2485 818 2800 886 duriterque
2850 816 3008 870 nobis
3065 818 3497 872 eontradixerint

1925 922 2142 982 propter
2188 922 2331 966 tuam
2378 911 2627 981 gratiam,
2678 911 2800 979 quia
2862 921 3044 964 tamen
3092 911 3246 964 nobis
3286 912 3498 964 denun-

1929 1007 2269 1059 tiaveruntet
2315 1005 2570 1059 omnibus
2609 1003 2784 1058 modis
2823 1007 2920 1058 no’s
2958 1004 3217 1057 certiores
3253 1003 3498 1057 fecerunt

1925 1113 2048 1150 eum
2075 1098 2210 1156 nihil
2240 1112 2267 1150 a
2299 1106 2348 1151 te
2402 1097 2541 1151 male
2597 1110 2906 1166 passurum,
2960 1095 3052 1149 sed
3104 1096 3313 1148 veniam
3362 1106 3496 1163 ate,

1925 1189 2000 1246 ﬁli
2058 1188 2152 1249 mi,
2198 1189 2544 1242 obtenturum
2578 1197 2630 1240 et
2661 1186 2842 1241 delicti
2874 1185 3270 1247 remissionem,
3317 1187 3498 1240 eduxi-

1927 1286 2050 1336 mus
2103 1296 2225 1335 eum
2275 1282 2341 1336 de
2402 1279 2598 1350 templo
2628 1287 2683 1333 et
2740 1278 3086 1332 demissimus
3129 1276 3296 1332 Deum
3343 1278 3500 1334 testia

1927 1369 2150 1430 ﬁcantes
2201 1384 2254 1429 et
2309 1357 2710 1441 sanctissimum
2767 1371 2884 1441 ejus
2949 1370 3381 1441 propitiatorium
3441 1381 3500 1424 ut

1933 1467 2141 1521 inultus
2173 1481 2273 1520 nec
2304 1466 2357 1519 in
2394 1465 2496 1519 hoc
2527 1439 2726 1518 saeculo
2760 1477 2858 1516 nec
2895 1462 2946 1515 in
2983 1460 3166 1515 futuro
3199 1471 3497 1522 remaneat,

1928 1565 1970 1615 si
2004 1560 2133 1631 quid
2165 1559 2381 1615 molesti
2424 1567 2517 1612 aut
2556 1556 2754 1620 odiosi,
2809 1557 2950 1624 quod
3003 1565 3057 1609 te
3101 1554 3281 1610 facere
3336 1554 3499 1611 absit.

1932 1651 2003 1707 ﬁli
2037 1653 2145 1717 mi,
2180 1653 2228 1707 ei
2281 1651 2511 1707 accidat.
2567 1649 2686 1702 Noli
2736 1664 2864 1715 ergo
2922 1647 3234 1702 existimare
3284 1657 3334 1701 te
3377 1661 3499 1700 eum

261 1762 308 1797 τι
338 1715 580 1813 λυπηρὸν
604 1715 882 1813 αὐτῷ-καῖ
905 1715 1194 1813 δυσχερὲς,
1220 1744 1355 1813 ὅπερ
1391 1746 1466 1813 μὴ
1489 1715 1710 1814 Δγένοιτό
1739 1760 1819 1807 σε,

1931 1747 1999 1800 ab
2052 1747 2136 1801 his
2188 1746 2280 1815 qui
2353 1745 2447 1800 tibi
2501 1744 2732 1798 aderunt
2805 1741 3064 1810 recipere,
3121 1738 3215 1793 sed
3275 1752 3359 1790 me
3412 1751 3502 1789 ar-

258 1836 437 1889 τέκνον
475 1833 654 1900 ἡμῶν,
705 1833 1135 1905 διαπράξασθαι,
1174 1835 1496 1902 ἀπαντήσει.
1521 1833 1613 1903 Μὴ
1635 1832 1822 1901 νόμιζε

258 1925 341 1979 οῦν
367 1926 560 1978 τοῦτον
600 1927 664 1977 ὲκ
687 1926 872 1995 χειρὸς
910 1925 1212 1995 λαμὸἀνειν
1250 1925 1356 1976 τῶν
1385 1925 1522 1994 πρὸς
1555 1925 1612 1976 σὲ
1647 1940 1825 1994 παρα·

260 2018 580 2087 γινομένων,
629 2017 748 2070 ἀλλ’
806 2017 907 2088 ἐμὲ
970 2015 1190 2085 λογίζου
1232 2017 1398 2070 αὑτὸν
1451 2019 1733 2087 παρεῖναι,
1766 2016 1824 2078 ὃς

259 2109 437 2162 τοῦτον
484 2109 777 2176 ἐξείλκυσα
835 2107 950 2192 τοῦ⁷
976 2108 1126 2162 θείου
1188 2108 1342 2174 ναοῦ,
1396 2107 1490 2161 καὶ
1542 2108 1692 2178 χειρὶ
1756 2109 1822 2177 τῇ

259 2204 356 2273 ἐμῇ
391 2205 456 2272 τῇ
491 2205 555 2273 σῇ
598 2202 958 2273 παραδιδόναι
1007 2202 1178 2273 χειρί.
1210 2201 1413 2254 Σκόπει
1443 2200 1507 2271 δὴ
1547 2201 1696 2264 ὅπως
1730 2200 1826 2253 καὶ

259 2297 315 2345 τὸ
364 2295 514 2362 ἱερὸν
554 2293 648 2347 τοῦ
679 2292 817 2346 Θεοῦ
849 2293 1117 2366 τιμήσῃς,
1172 2295 1268 2346 καὶ
1309 2292 1398 2369 διὰ
1436 2290 1630 2344 τούτου
1689 2291 1825 2362 πρὸς

259 2387 414 2440 αὐτὸν
446 2387 546 2457 τὴν
572 2387 740 2458 τιμὴν
793 2388 1124 2459 ἀνενέγκῃς,
1159 2386 1256 2440 καὶ
1297 2387 1510 2457 σεαυτῷ
1547 2387 1646 2458 τὴν
1681 2387 1823 2440 ἄνω-

185 2481 194 2486 ’
260 2477 344 2530 θεν
372 2478 540 2530 αὑτοῦ
567 2477 859 2547 εὐμένειαν
899 2480 1202 2550 ὲπισπάσῃ,
1255 2478 1351 2532 καὶ
1404 2477 1502 2547 τὴν
1536 2477 1693 2547 ἡμῶν
1722 2494 1823 2529 τα-

261 2573 551 2638 πεινότητα
582 2569 669 2622 διὰ
697 2571 797 2639 τῆς
837 2569 974 2640 πρὸς
1014 2569 1106 2622 τὸν
1146 2567 1437 2639 ἄνθρωπον
1479 2567 1825 2637 συμπαθείας

258 2658 380 2730 EEch
436 2661 886 2731 ὑπερευχομένην
951 2677 1034 2712 σοι
1087 2663 1157 2714 τὰ
1216 2659 1398 2728 ἁγαθά
1428 2660 1521 2711 καὶ
1557 2659 1824 2729 σωτήρια,

259 2752 390 2805 ἀλλά
441 2753 522 2822 μὴ
549 2751 907 2806 καταδοῶσαν
942 2753 1064 2806 ἀντὶ
1105 2754 1201 2823 τῆς
1250 2754 1330 2816 είς
1361 2752 1455 2805 τὸν
1513 2750 1658 2806 θεῖον
1700 2751 1827 2806 ναὸν

223 2886 232 2894 ,
259 2843 486 2914 ῦὸρεως,
517 2845 568 2898 εί
589 2863 696 2911 τις,
721 2846 859 2916 ὅπερ
893 2845 970 2916 μὴ
995 2847 1229 2914 γένοιτο,
1261 2843 1508 2916 τιμωρία
1537 2829 1633 2899 καὶ
1668 2845 1828 2899 κόλα-

259 2951 338 2998 σις
374 2937 466 2989 τὸν
507 2936 796 3006 ἄνθρωπον
830 2937 1170 3002 ὑποδέξεται.

1927 1837 2115 1891 bitrari
2177 1837 2354 1905 ipsum
2403 1835 2632 1899 adesse,
2700 1833 2793 1903 qui
2855 1847 2977 1886 eum
3052 1846 3084 1883 a
3143 1825 3236 1885 Dei
3302 1830 3502 1899 templo

1932 1929 2107 1984 avulsi
2160 1938 2215 1983 et
2259 1944 2419 1982 manu
2468 1943 2586 1981 mea
2648 1925 2701 1979 in
2740 1934 2889 1978 tuam
2947 1938 3170 1977 manum
3233 1921 3497 1991 deposui;

1883 2022 2051 2087 .vide
2102 2020 2262 2075 etiam
2327 2017 2605 2090 quomodo
2664 2006 3082 2088 Dei-templum
3140 2016 3413 2069 vereberis
3446 2028 3498 2068 et

1927 2127 2022 2180 per
2044 2111 2204 2166 istum
2238 2111 2499 2166 honorem
2553 2108 2813 2178 rependes
2859 2118 3023 2177 atque
3076 2106 3170 2161 tibi
3203 2121 3493 2176 supernam

1927 2204 2048 2283 ejus
2081 2202 2513 2269 benevolentiam
2562 2199 2902 2264 conciliabis,
2937 2213 3146 2253 necnon
3175 2207 3228 2252 et
3261 2207 3501 2252 nostram

1885 2296 2293 2350 .humilitatem
2319 2320 2328 2323 η-
2353 2301 2572 2363 propter
2637 2303 2784 2345 tuam
2839 2291 2891 2344 in
2947 2291 3224 2346 hominem
3287 2290 3503 2344 miseri-

1928 2388 2209 2450 cordiam,
2288 2385 2511 2440 habebis
2561 2382 2673 2450 tibi
2705 2371 3021 2438 exorantem
3094 2382 3236 2436 bona
3299 2391 3352 2435 et
3415 2397 3506 2436 sa-

1927 2480 2165 2542 lutaria,
2239 2491 2345 2530 non
2428 2485 2609 2530 autem
2664 2448 3002 2529 ‘clamautem
3101 2483 3288 2528 contra
3364 2473 3507 2542 inju-

1929 2573 2064 2626 riam
2128 2569 2224 2624 Dei
2290 2567 2492 2641 templo
2543 2566 2785 2634 illatam,
2843 2567 2922 2620 uti
2988 2563 3139 2620 ﬁeret
3200 2567 3246 2621 si
3363 2569 3504 2635 quod

1929 2666 2108 2732 absit,
2181 2663 2458 2720 hominem
2538 2678 2696 2734 pmna
2790 2670 2884 2716 aut
2966 2662 3218 2716 multatio
3290 2667 3507 2733 excipe-

1887 2790 1896 2802 ι
1931 2768 2031 2812 ret.

324 3026 511 3097 Χωρὶς
558 3027 614 3078 δὲ
639 3027 848 3080 τούτων
881 3027 1288 3101 ἀναμνήσθητι,
1326 3031 1514 3084 τέκνον
1543 3031 1724 3101 ἡμῶν,
1751 3030 1827 3094 ὡς

2001 3033 2202 3088 Ριωιοι·
2251 3032 2368 3086 haec
2417 3030 2724 3094 recordare,
2777 3030 2841 3084 ﬁli
2857 3031 2966 3095 mi,
3001 3037 3054 3084 te
3085 3030 3256 3098 ipsum
3291 3039 3508 3100 propter

257 3115 346 3166 καὶ
388 3115 556 3176 αὐτὸς
591 3117 687 3169 ἐπὶ
727 3117 838 3180 τοῖς
874 3117 1097 3180 οἰκείοις
1145 3119 1455 3190 πταίσμασι
1493 3122 1592 3191 τῆς
1639 3121 1829 3191 θεῖκῆς

260 3217 625 3281 χρηστότητος
683 3197 778 3262 καίι
842 3205 1257 3281 φιλανθρωπίας
1317 3211 1561 3282 χρῄζεις,
1627 3199 1695 3284 ἦς
1730 3213 1830 3264 οὐκ

259 3299 396 3353 ἔστιν
438 3304 722 3372 ἐπιτυχεῖν
752 3301 827 3372 μὴ
880 3303 1111 3371 ἀφιέντα
1133 3306 1244 3366 τοῖς
1277 3303 1557 3372 ὀφείλουσι
1591 3305 1659 3359 τὰ
1684 3305 1833 3373 ὀφει-

259 3389 492 3457 λήματα.
535 3390 712 3442 Καλὸν
742 3386 834 3442 οῦν
869 3388 1058 3461 ὥσπερ
1103 3390 1228 3443 τινὰ
1283 3390 1592 3462 καταὸολὴν
1645 3392 1830 3445 δοῦναι

258 3465 384 3551 Θεῷ
403 3480 500 3532 τὸν
522 3482 602 3543 είς
627 3482 716 3533 τὸν
737 3479 1023 3550 ἄνθρωπον
1061 3481 1232 3546 ἔλεον,
1287 3482 1373 3536 ἶνα
1405 3482 1504 3534 καὶ
1530 3483 1694 3544 αὐτὸς
1730 3482 1826 3534 τύ-

258 3587 350 3644 χῃς
375 3576 478 3643 τῆς
515 3572 704 3642 θεῐκῆς
746 3573 1148 3643 ὲλιημοσύνης·
1187 3575 1280 3639 καὶ
1308 3573 1466 3627 τοῦτο
1498 3575 1553 3627 δὲ
1587 3575 1736 3641 ἄξιόν
1769 3591 1828 3627 σε

261 3664 513 3727 συνιδεῖν,
560 3664 643 3715 ὅτι
685 3664 781 3715 καὶ
830 3663 1199 3743 φιλανθρώπῳ
1263 3666 1542 3732 γενομένῳ
1589 3679 1695 3730 σοι,
1734 3665 1830 3716 καὶ

256 3755 388 3826 ὅπερ
423 3755 505 3824 μὴ
533 3756 879 3825 συγχωρήσοι
902 3755 1033 3817 Θεὸς
1063 3757 1145 3817 είς
1168 3755 1228 3808 τὸ
1262 3755 1505 3808 ἐναντίον
1555 3755 1831 3826 τρεπομέ-

259 3864 348 3917 νῳ,
377 3846 783 3910 πολλαπλάσιος
821 3846 976 3902 ἔσται
1012 3848 1046 3914 ἢ
1072 3848 1173 3916 τῆς
1214 3847 1634 3918 φιλανθρωπίας
1663 3847 1694 3917 ῆ
1725 3847 1823 3916 τῆς

258 3939 531 4001 κολάσεως
546 3940 580 4008 ἡ
599 3937 888 4002 ἀντίδοσις.
913 3942 985 3993 Οὐ
1006 3940 1112 4008 γάρ
1129 3939 1360 4006 ἁπλοῦν,
1386 3939 1461 4001 ὡς
1478 3939 1634 4009 ὁρᾷς,
1656 3955 1834 4008 πραχο

259 4029 482 4103 θήσεται
513 4036 608 4084 σοι¹
636 4031 696 4084 τὸ
724 4032 1049 4103 ἁμάρτημα·
1107 4034 1135 4083 ὃ
1175 4049 1233 4083 τε
1259 4031 1368 4101 γὰρ
1393 4031 1516 4094 ναὸς
1551 4029 1833 4101 ὑϐρίζεται

258 4123 347 4176 τοῦ
397 4123 564 4188 Θεοῦ,
625 4125 719 4178 καὶ
746 4128 775 4177 ὁ
820 4120 1015 4177 τούτου
1043 4125 1374 4196 ἀρχιερεὺς,
1405 4125 1454 4175 εί
1485 4125 1578 4176 καὶ
1615 4122 1832 4192 ἐλάχισ-

257 4232 367 4281 τος,
391 4217 491 4268 καὶ
519 4216 766 4284 δόγματα
794 4215 1313 4285 κατασφαλιζόμενα
1343 4214 1442 4282 τὴν
1468 4213 1697 4285 ἀσυλίαν
1720 4219 1831 4277 τοις

259 4306 336 4368 είς
363 4307 423 4358 τὸ
443 4305 592 4375 μέγα
611 4303 770 4356 τοῦτο
798 4291 1139 4373 καταφύγιον
1166 4303 1630 4380 καταφεύγουσιν.
1669 4302 1830 4354 Ἀ).λά

1932 3124 2154 3194 propria
2189 3122 2437 3188 .delicta,
2492 3123 2583 3176 Dei
2632 3121 2874 3176 bonitate
2920 3131 2974 3175 et
3037 3122 3377 3177 humanitate
3425 3123 3508 3176 in-

1932 3213 2150 3284 digere,
2198 3229 2362 3284 quam
2413 3214 2704 3282 impetrare
2761 3229 2868 3266 non
2919 3225 3146 3282 possunt
3193 3214 3286 3283 qui
3351 3215 3504 3268 dehi-

1914 3297 2147 3363 toribus
2196 3306 2379 3360 debita
2433 3322 2540 3360 non
2584 3305 2898 3371 dimittunt;
2955 3306 3157 3359 bunum
3214 3317 3296 3360 est
3345 3307 3508 3377 igitur

1931 3395 2044 3451 Deo
2073 3394 2287 3459 oﬂ'erre,
2343 3405 2600 3464 tanquam
2655 3397 3157 3464 compensationem
3193 3397 3507 3465 quamdam,

1933 3483 2368 3541 misericordiam
2422 3501 2549 3556 erga
2585 3485 2882 3549 hominem,
2931 3496 2991 3541 ut
3037 3488 3153 3557 ipse
3209 3487 3300 3540 Dei
3345 3489 3504 3543 mise-

1933 3578 2224 3632 ricordiam
2271 3579 2552 3641 obtinens;
2601 3577 2704 3631 hoc
2732 3592 2951 3647 quoque
2983 3587 3035 3631 te
3083 3577 3382 3649 intelligere
3411 3584 3504 3633 de-

1933 3678 2038 3736 cet,
2089 3670 2186 3723 tibi
2238 3670 2633 3724 humanitatem
2686 3671 2994 3738 amplexatu
3025 3671 3288 3740 majorem
3315 3671 3506 3726 humaa

1934 3762 2123 3817 nitatis
2175 3776 2340 3829 quam
2392 3761 2762 3829 castigationis
2818 3760 2932 3815 fore
2980 3762 3285 3816 mercedem
3333 3763 3507 3831 (quod

1934 3853 2080 3907 Deus
2117 3867 2224 3905 non
2255 3853 2579 3906 concederet
2608 3865 2762 3925 verso
2789 3849 2841 3906 in
2877 3852 3206 3906 contrariam
3240 3862 3505 3922 partem);

1935 3961 2044 4000 non
2091 3947 2239 4000 enim
2313 3945 2544 4015 simplex
2612 3931 2868 3999 delictum
2924 3960 2954 3999 a
2989 3955 3061 4011 te,
3091 3947 3167 4000 uti
3208 3948 3374 4008 vides.
3409 3950 3507 4003 ad-

1934 4037 2275 4101 mitteretur;
2327 4037 2588 4106 templum
2632 4036 2901 4106 siquidem
2959 4036 3048 4091 Dei
3094 4038 3292 4106 injuria
3336 4039 3508 4094 afﬁci-

1933 4140 2074 4195 etur,
2102 4132 2331 4200 ejusque
2376 4127 2814 4190 archisacerdos.
2860 4127 2985 4182 licet
3015 4130 3296 4192 minimus.
3344 4141 3507 4201 atque

1934 4225 2188 4294 dogmata
2204 4221 2556 4279 securitatem
2580 4221 2643 4275 iis
2657 4221 2747 4290 qui
2761 4219 2829 4274 ad
2848 4220 2949 4275 hoc
2964 4235 3217 4291 magnum
3236 4221 3503 4292 refugium

1935 4313 2256 4385 confugiunt
2280 4312 2665 4369 asseverantia.
2695 4311 2819 4367 Haec
2852 4313 2995 4367 dicta
3039 4322 3166 4371 sunt
3206 4313 3271 4367 ad
3309 4323 3359 4368 te
3390 4315 3508 4368 hOr-

259 4398 424 4452 ταῦτα
467 4399 566 4468 μὲν
597 4397 665 4448 τὰ
704 4399 769 4450 ἐκ
819 4396 919 4466 τῆς
951 4397 1234 4465 τοῦλόγου
1271 4395 1650 4466 παραινέσεως
1673 4452 1675 4454 ,
1700 4397 1827 4464 ἡμῖν

1939 4410 2197 4474 tandum;
2271 4413 2439 4460 restat
2480 4420 2630 4485 nunc
2680 4413 2737 4458 ut
2791 4405 2962 4474 magis
3029 4405 3266 4473 Spiritus
3330 4409 3505 4461 sancti

262 4487 622 4556 προσείρηται
663 4501 678 4516 ο
729 4485 1022 4538 ὑπόλοιπον
1089 4484 1144 4537 δὲ
1210 4486 1305 4537 καὶ
1361 4485 1442 4536 ἔτι
1482 4483 1669 4554 δεσμῷ
1734 4484 1829 4539 τοῦ

263 4576 767 4651 ἁγίουςηνεὺματος
801 4577 871 4629 τὰ
907 4579 1176 4647 είρημένα
1209 4576 1306 4629 ἐπὶ
1339 4576 1501 4628 πλέον
1528 4575 1828 4645 ὀχυρῶσαι,

263 4671 351 4721 καὶ
389 4670 474 4732 σὲ,
507 4669 697 4720 τέκνον
749 4669 928 4744 ἡμῶν,
973 4671 1052 4732 είς
1093 4669 1154 4720 τὸ
1200 4668 1274 4740 μὴ
1307 4669 1527 4734 ἀνάξιόν
1556 4687 1606 4721 τι
1642 4671 1834 4722 παθεῖν

263 4762 356 4831 τῆς
385 4766 487 4831 σῆς
515 4760 882 4830 μεγαλοτίμου
912 4762 1133 4832 ἀρετῆς,
1163 4746 1314 4832 ’μηδὲ
1345 4754 1675 4833 ἐξαμαρτεῖν
1718 4761 1835 4815 δια-

264 4845 647 4923 σφαλίσασθαιέ
714 4856 810 4908 καὶ
860 4855 1044 4930 λοιπὸν
1103 4858 1159 4908 ἐν
1214 4857 1388 4925 Πατρὶ
1452 4860 1546 4907 καὶ
1580 4849 1704 4925 ’Υίῴ
1740 4856 1835 4908 καὶ

266 4947 400 5016 ἁγίῳ
442 4935 768 5016 Πνεῦματι,’
809 4948 938 5017 παρ’
969 4940 1031 4999 οὗ
1062 4948 1193 5017 ἡμῖν
1226 4949 1336 5008 τοῖς
1384 4948 1662 5009 ταπεινοῖς
1686 4947 1836 5011 ἐξου-

265 5040 584 5093 σίαδέδοται
640 5039 862 5110 δεσμεῖν
912 5041 1005 5093 ἐπὶ
1068 5041 1313 5111 σωτηρίᾳ
1369 5039 1551 5110 ψυχῆς
1596 5042 1724 5104 τοὺς
1774 5042 1833 5093 ὲν

266 5133 416 5204 χρείᾳ
468 5133 563 5186 τοῦ
626 5132 824 5202 δεσμοῦ
895 5133 1354 5202 καθισταμένους,
1415 5124 1834 5205 ἀπαγορεύομέν

270 5239 345 5276 σοι
384 5226 522 5295 μηδὲ
577 5227 704 5294 μίαν
753 5226 971 5280 κόλασιν
1019 5226 1052 5297 ἢ
1093 5228 1361 5296 τιμωρίαν
1413 5228 1718 5294 ἐπαγαγεῖν
1759 5225 1836 5292 τῷ

273 5316 330 5368 ικ
356 5318 447 5369 τοῦ
509 5318 655 5386 ἱεροῦ
707 5320 858 5371 οἴκου
907 5320 1003 5370 τοῦ
1063 5319 1202 5371 Θεοῦ
1263 5319 1542 5390 ληφθέντι,
1592 5319 1717 5390 μηδ’
1755 5321 1836 5380 είς

271 5412 462 5480 πεῖράν
518 5427 666 5471 τινος
725 5411 1023 5474 κακώσεως
1083 5413 1253 5463 αὑτὸν
1310 5413 1671 5482 καταστῆσαι,
1720 5412 1864 5465 ἀλλ”

273 5504 567 5572 οίκτιρμὼν
591 5502 821 5567 ἀξιῶσαι
852 5505 946 5556 καὶ
993 5505 1350 5574 συγγνώμης,
1383 5505 1456 5567 ὠς
1508 5507 1575 5559 ἂν
1620 5507 1713 5558 καὶ
1739 5505 1838 5558 αὺ-

272 5595 355 5657 rb;
392 5598 573 5666 εὖροις
604 5598 696 5650 ἐπὶ
721 5601 838 5661 ταῖς
872 5603 988 5662 σαῖς
1027 5599 1340 5670 ἐξαιτήσεσι
1379 5599 1701 5670 πειθόμενον
1744 5600 1837 5652 τὸν

277 5689 486 5742 πάντων
522 5692 753 5758 ἄρχοντα
781 5691 874 5744 καὶ
919 5693 1223 5762 Δεσπότην,
1258 5691 1396 5748 ἀλλὰ
1442 5693 1516 5764 μὴ
1549 5691 1838 5764 ὀργιζόμε-

444 5813 446 5818 λ
511 5782 784 5843 Parnm.
823 5784 940 5844 ϐα.
974 5783 1134 5844 CXI.

1932 4500 2149 4554 vinculo
2181 4498 2497 4552 muniantur
2537 4507 2594 4570 et
2642 4506 2723 4560 tu,
2769 4496 2866 4561 ﬁli,
2917 4497 3048 4550 nihil
3103 4497 3362 4552 admittas
3419 4499 3505 4554 in-

1934 4593 2159 4663 dignum
2221 4599 2313 4644 tua
2373 4589 2666 4655 reverenda
2721 4591 2922 4642 virtute
2971 4599 3024 4642 et
3075 4601 3262 4643 contra
3318 4606 3510 4659 peccaa

1935 4694 2046 4736 tum
2093 4681 2372 4748 fulciaris;
2423 4691 2477 4734 et
2529 4679 2747 4734 tandem
2814 4682 2866 4732 in
2931 4679 3090 4734 Patre
3151 4691 3206 4736 et
3262 4683 3396 4737 Filio
3455 4695 3509 4738 et

1935 4774 2142 4843 Spiritu
2195 4783 2405 4847 sancto,
2479 4787 2508 4844 ο
2555 4786 2662 4840 quo
2711 4771 2868 4825 nobis
2924 4771 3222 4829 humilibus
3272 4774 3396 4828 data
3425 4790 3547 4830 est.

1934 4874 2171 4936 potestas
2226 4862 2429 4933 ligandi
2484 4873 2704 4932 propter
2749 4863 2944 4916 animae
2993 4863 3225 4917 salutem
3283 4881 3374 4920 eos
3413 4869 3502 4935 qui

1935 4959 2165 5013 vinculis
2197 4939 2462 5026 indigent,
2515 4965 2762 5009 velamus
2813 4971 2879 5008 ne
2931 4954 3091 5008 ullam
3146 4942 3359 5025 poenam
3412 4972 3506 5013 aut.

1915 5049 2343 5118 'castigationem
2416 5046 2616 5100 homini
2701 5046 2776 5100 illi
2829 5062 2858 5100 e
2905 5046 3102 5114 templo
3165 5047 3258 5102 Dei
3321 5060 3505 5118 erepta

1939 5141 2221 5200 immittas,
2258 5151 2433 5204 neque
2460 5135 2744 5202 vexatione
2774 5136 2879 5188 ulla
2909 5149 3034 5188 eum
3066 5137 3366 5206 Opprimas,
3411 5142 3504 5191 sed

1940 5230 2095 5282 venia
2149 5237 2202 5282 et
2252 5227 2624 5281 misericordia
2674 5242 2796 5280 eum
2857 5229 3194 5296 pravenias,
3271 5238 3330 5281 ut
3383 5229 3503 5299 ipse

1937 5321 2192 5391 precibus
2223 5320 2331 5374 tuis
2355 5319 2650 5389 propitium
2676 5318 2918 5373 invenias
2948 5322 3188 5373 omnium
3216 5301 3500 5375 Dominum

1937 5424 1990 5467 et
2021 5411 2219 5484 Regem
2257 5427 2362 5465 non
2388 5427 2516 5466 vero
2551 5413 2746 5466 iratum
2792 5423 2844 5467 et
2884 5420 2933 5465 te
2975 5410 3082 5465 illis
3110 5412 3291 5467 verbis
3321 5413 3468 5470 incre
3489 5445 3502 5454 -

1939 5516 2153 5577 pantem
2183 5521 2304 5574 quae
2338 5506 2610 5559 minarum
2644 5505 2798 5575 plena
2831 5505 3037 5558 audivit
3069 5520 3258 5559 servus
3283 5507 3370 5560 ille
3390 5507 3502 5576 qui,

1940 5600 2233 5654 multorum
2277 5598 2584 5653 debitorum
2626 5604 2843 5666 accepta
2884 5598 3222 5662 dimissione,
3268 5599 3506 5652 immise-

1941 5691 2118 5748 ricon
2140 5690 2195 5747 in
2227 5705 2386 5746 suum
2421 5693 2730 5762 proximum
2765 5689 2962 5749 fuerat.

3159 5785 3198 5840 2
