4088 6454
317 313 370 370 49
1705 323 2104 382 Ειιιςιυιμιε.
3461 328 3526 393 50

313 423 536 490 ξόμενος,
579 425 671 476 καὶ
708 416 874 494 χωρὶς
925 427 1016 479 τοῦ

311 518 415 584 οὐχὶ
486 517 779 582 πλήττεται
827 519 923 586 τὴν
993 520 1241 588 καρδίαν,
1330 521 1388 572 οὐ
1447 525 1850 594 σκυθρωποὶζει,

309 607 396 657 οὐκ
426 607 661 670 ἀνιᾶται,
702 608 798 676 οὐχ
824 609 940 670 ὅλος
973 610 1181 686 γίνεται
1213 611 1316 662 τῶν
1347 613 1628 683 δακρύων;
1666 616 1730 667 Τί
1753 616 1860 686 γὰρ

311 695 711 768 ἑπωδυνὼτερον
763 699 1110 767 ἀνθρώποιςς
1146 702 1212 753 Τί
1241 703 1295 756 δὲ
1323 706 1523 772 μᾶλλον
1564 706 1860 776 ἀξιώτερον

309 789 606 856 θρηνεῖσθαι
640 791 734 843 τοῦ
775 790 1059 860 ἄνθρωπον
1094 794 1151 846 ἐν
1177 795 1342 867 ἀρετῇ
1399 797 1678 867 διανοητὸν
1707 799 1854 864 ὄντα,

308 879 389 929 καὶ
415 879 672 948 ὀνόματος
701 880 1027 950 ἀειμνήστου
1089 883 1340 952 τυχόντα,
1403 887 1497 938 καὶ
1543 883 1653 940 οἷον
1682 890 1857 958 παρά-

305 969 489 1037 δειγμα
507 970 726 1032 καὶτοῖς
746 972 864 1024 κατ’
886 970 1047 1024 αὐτὸν
1071 976 1163 1027 καὶ
1188 976 1309 1038 ταῖς
1340 978 1464 1045 μετέ
1475 970 1628 1032 πειτα
1646 986 1857 1049 γενεαῖς

305 1063 507 1126 τρόπων
559 1065 650 1116 καὶ
676 1064 789 1134 βίου
823 1067 1072 1133 φιλοθέου
1105 1069 1417 1138 γενόμενον,
1451 1069 1709 1138 ἐξαίφνης
1737 1071 1858 1124 τοῦ·

307 1169 392 1204 τον
426 1155 524 1222 μὲν
563 1157 811 1210 ἐκπεσεῖν
859 1161 951 1212 καὶ
991 1159 1437 1229 ἀλλοτριωθῆναι,
1488 1163 1624 1230 πρὸς
1686 1163 1740 1215 δὲ
1787 1165 1856 1218 τὰ

305 1246 459 1314 χείρω
487 1246 736 1311 δέξασθαι
794 1252 890 1319 τὴν
942 1251 1327 1320 partim-moral;
1361 1255 1518 1322 Οῑμοι
1551 1254 1657 1320 τῶν
1710 1257 1856 1325 ἐμῶν

307 1335 613 1403 συμφορῶν,
653 1337 752 1404 τῆς
796 1339 933 1408 ἐμῆς
970 1337 1364 1406 ταλαιπωρίας,
1428 1338 1532 1391 τῶν
1560 1339 1734 1406 ἐμῶν,
1780 1340 1855 1403 ὡς

1055 446 1108 479 σε
1163 431 1335 496 φιλεῖν
1396 431 1608 483 ἁκούων
1663 435 1854 497 ταῦτα,

1967 450 2071 486 non
2095 447 2407 500 angeretur,
2440 454 2542 488 non
2579 439 2626 489 in
2665 438 3089 508 lartj‘n.astotus
3123 443 3527 498 t-tlunderrlur?

1967 525 2166 594 Ecquid
2209 542 2440 595 namque
2471 528 2781 582 hominibus
2818 532 2988 598 magis
3025 532 3360 586 dolendum?
3394 536 3520 603 quid

1963 617 2224 686 siquidem
2246 617 2368 670 ﬂetu
2391 619 2783 688 digniusquant
2814 623 2987 678 virum
3013 624 3194 676 virtuti
3220 624 3518 688 addiCIum.

1965 709 2186 763 nomine
2214 718 2414 764 atteruo
2447 712 2771 779 gaudentem
2803 724 2852 766 et
2907 716 3215 783 excrnplum
3244 717 3342 784 pire
3403 721 3524 770 Vlla:

1961 802 2252 856 corel’aneis
2297 812 2351 856 ct
2401 805 2756 872 sequentibus
2805 809 3245 874 generationibus
3277 810 3526 863 eth-ctum

1961 893 2136 948 ruisse
2191 894 2372 949 subito
2404 906 2456 948 et
2491 897 2834 950 immutatum
2878 914 3000 952 esse
3035 899 3084 950 in
3119 902 3266 968 pejus
3296 901 3524 954 ?Eheul

1959 997 1989 1036 ο
2025 999 2169 1038 meas
2221 984 2558 1037 calamitates
2594 986 2605 1036 ί
2657 1003 2688 1036 o
2744 1002 2893 1040 meos
2964 1003 3226 1041 mmrores
3263 993 3273 1041 ί
3313 1007 3345 1044 ο
3381 1006 3528 1044 meas

1960 1071 2297 1137 innumeras,
2335 1083 2390 1126 ιιι
2441 1075 2671 1140 videtur,
2701 1076 3044 1144 iniquitates!
3100 1094 3130 1130 0
3191 1079 3385 1146 injuria
3430 1083 3526 1133 ho-

1961 1162 2169 1215 micida:
2202 1163 2452 1218 ahinitio
2509 1161 2712 1218 diaboli
2773 1166 2930 1221 bonis
2993 1185 3206 1237 semper
3263 1169 3438 1224 inii-sti
3474 1183 3526 1225 et

1957 1252 2135 1306 omnia
2178 1255 2450 1310 molientis
2496 1265 2553 1311 ut
2585 1257 2834 1311 homines
2883 1259 2939 1325 in
3001 1274 3159 1313 omne
3221 1260 3371 1316 nefas
3433 1263 3530 1316 dc-

1959 1342 2137 1398 trutlat
2164 1345 2175 1394 !

302 1428 490 1492 ἔοικεν,
534 1431 775 1500 ἀπείρων
802 1432 1089 1502 ἁμαρτιῶν
1121 1434 1132 1486 l
1164 1433 1266 1485 Φεῦ
1293 1436 1392 1503 τῆς
1423 1435 1683 1505 ἐπηρείας
1717 1436 1808 1490 τοῦ
1834 1436 1891 1501 ἐξ
1923 1438 2098 1509 ἀρχῆς
2123 1441 2530 1510 μισανθρώπου,
2569 1441 2660 1494 τοῦ
2722 1443 2833 1506 τοῖς
2862 1441 3044 1506 καλοῖς
3081 1444 3164 1495 ἀεὶ
3195 1443 3530 1512 διαφθονοῦν·

299 1539 397 1584 τος,
435 1521 525 1575 τοῦ
558 1527 736 1577 πᾶσαν
784 1527 1016 1598 σπουδὴν
1049 1532 1374 1599 ποιουμένου
1427 1531 1519 1584 ἐπὶ
1568 1531 1636 1585 τὰ
1689 1532 1856 1603 χείωυ
1892 1535 2018 1595 τοὺς
2050 1535 2366 1605 ἀνθρώπους
2395 1538 2661 1606 ἀπάγεινέ

374 1612 536 1680 Ἐγὼ,
564 1617 754 1668 τέκνον
787 1617 941 1687 ἐμὸν,
971 1619 1031 1670 τὸ
1073 1620 1163 1673 σὸν
1201 1619 1408 1691 ἑκάστῃ
1435 1637 1497 1672 τε
1531 1616 1850 1691 ἀναμανθά-

2026 1621 2160 1677 Cum
2198 1625 2438 1694 quotidie
2489 1623 2864 1696 magnanimbs
2900 1642 3094 1681 sensus
3127 1637 3247 1681 tuos
3287 1629 3530 1684 audiris-

300 1722 396 1757 νων
427 1705 652 1773 εὐγενὲς
682 1709 936 1780 φρόνημα
959 1712 1061 1777 τῆς
1090 1711 1290 1782 ψυχῆς,
1320 1712 1414 1764 καὶ
1440 1713 1520 1765 ὅτι
1547 1711 1712 1781 μηδὲν
1741 1712 1858 1766 ἓτε-

1965 1729 2099 1780 sem,
2151 1716 2222 1770 tili
2278 1717 2371 1782 mi,
2429 1717 2634 1787 tibique
2661 1718 2795 1772 nihil
2824 1718 2972 1773 aliud
3020 1733 3138 1772 esse
3172 1735 3317 1773 curae
3362 1737 3526 1790 quam

301 1814 387 1865 ρον
413 1798 556 1850 οὕτω
585 1815 668 1852 σοι
696 1801 1156 1865 διασπουδάζεται
1191 1805 1267 1867 ὡς
1300 1802 1360 1856 τὸ
1385 1805 1735 1874 παραστῆσαι
1759 1803 1856 1876 τὴν

301 1886 393 1956 σὴν
421 1889 598 1960 ἀρχὴν
621 1891 988 1964 ἀκατάκριτον
1036 1894 1129 1947 καὶ
1174 1893 1489 1959 ἀνεύθυνον,
1530 1896 1629 1950 οῦκ
1662 1895 1858 1964 ὀλίγων

302 1979 389 2031 καί
416 1983 550 2050 πρὶν
577 1982 646 2034 τὰ
667 1976 762 2036 νῦν
798 1983 1066 2054 λεγόμενα
1097 1986 1469 2055 φημιζόντων,
1513 1987 1676 2056 λῆρον
1709 1987 1859 2039 ἐποι-

298 2068 470 2139 ούμην
522 2072 648 2134 τοὺς
690 2074 902 2142 λόγους,
949 2078 1042 2129 καὶ
1082 2076 1310 2145 ἐχθροὺς
1343 2065 1731 2147 ὑπελάμϐανον
1765 2079 1862 2146 τῆς

300 2161 393 2230 σῆς
424 2163 647 2232 ἀρετῆς,
689 2167 782 2217 καὶ
809 2165 898 2218 διὰ
930 2167 1090 2219 τοῦτο
1122 2166 1296 2220 ταῦτα
1327 2169 1654 2235 λογοποιεῖν,
1677 2169 1761 2221 ἵνα
1800 2186 1860 2220 σε

246 2238 255 2250 ’
302 2252 557 2321 μωμητὺν
587 2257 994 2324 καταστήσωσι,
1020 2259 1112 2309 καὶ
1136 2256 1354 2319 πολλοῖς
1378 2257 1676 2326 ἔλεγον,ὼς
1708 2257 1863 2311 οὐδα-

303 2343 413 2409 μῶς
454 2346 567 2414 ἔχει
602 2345 784 2418 χώραν
820 2349 852 2418 ἡ
891 2349 1116 2419 τοιαύτη
1149 2349 1456 2418 κατηγορία
1501 2351 1644 2404 κατά
1671 2350 1766 2403 τοῦ
1796 2351 1860 2402 ὲκ

302 2433 430 2486 Θεοῦ
479 2435 758 2505 ἄρχοντος.
809 2439 1034 2506 Ἔλεγον
1077 2441 1184 2510 γὰρ
1223 2439 1298 2504 ὠς
1348 2441 1637 2512 ἄνθρωπος
1684 2441 1862 2511 τιμῶν

300 2526 599 2590 εὐσέϐειαν,
627 2528 853 2599 ἀληθείᾳ
885 2521 1114 2600 χαίρων,
1143 2531 1491 2602 δικαιοσύνην
1512 2532 1712 2601 τιμῶν,
1743 2532 1862 2585 ὀνό-

306 2635 472 2684 ματος
510 2621 716 2686 ἀγαθοῦ
762 2624 857 2675 καὶ
897 2623 1117 2692 μνήμης
1154 2624 1462 2694 ἐφιέμενος.
1495 2625 1592 2678 οὐκ
1623 2625 1688 2679 ἄν
1733 2640 1862 2677 ποτε

297 2711 607 2780 τυραννίδος
635 2712 929 2783 ἐπιθυμίαν
963 2715 1092 2781 ἕξει.
1135 2715 1314 2786 ὐγάρ
1329 2715 1611 2786 τύραννος,
1659 2716 1864 2770 τούτων

304 2803 397 2870 μὲν
428 2804 648 2857 πάντων
685 2805 967 2876 ἀλλότριος
1016 2807 1297 2878 ὑπάρχων,
1348 2809 1779 2880 πεπληρωμένος
1808 2808 1864 2862 δὲ

242 2926 243 2929 η
299 2891 405 2943 τῶν
435 2894 696 2946 ἐναντίων
723 2895 822 2972 τῂν
864 2896 1054 2951 ἀθλίαν
1085 2897 1286 2969 ψυχὴν,
1324 2887 1460 2969 πρὸς
1494 2897 1700 2971 ταύτην
1731 2899 1864 2952 ἀνα·-

303 2984 558 3051 φλέγεται
580 2986 678 3055 τὴν
699 2987 1015 3059 ἐπιθυμίαν.
1049 2989 1159 3043 Καὶ
1186 2991 1296 3062 γὰρ
1321 2993 1429 3056 πᾶς
1469 2991 1730 3061 τύραννος
1771 2991 1863 3044 καὶ

301 3073 549 3139 ἄπιστος,
584 3079 676 3130 καὶ
705 3078 969 3148 ψεύστης,
1006 3081 1101 3133 καὶ
1142 3081 1484 3151 παράνομος,
1518 3082 1614 3136 καὶ
1651 3083 1855 3146 ἄδικος,

302 3165 392 3218 καί
415 3166 481 3219 τὸ
510 3167 806 3234 κεφάλαιον
815 3169 913 3239 τῆς
938 3171 1160 3234 κακίας,
1193 3173 1267 3242 μὴ
1299 3173 1535 3241 νομίζων
1562 3170 1700 3226 εἶναι
1721 3173 1858 3227 Θεοῦ

301 3257 586 3326 πρόνοιαν,
614 3260 742 3331 μήθ’
766 3261 870 3314 ὑπὸ
891 3262 988 3330 τῆς
1023 3263 1234 3315 ἐκείνου
1265 3263 1502 3334 κρίσεώς
1526 3281 1587 3316 τε
1618 3265 1711 3318 καὶ
1741 3264 1861 3317 νεύ-

302 3365 434 3411 σεως
464 3351 535 3403 τὰ
573 3349 888 3420 ἀνθρώπινα
909 3352 1250 3420 διοικεῖσθαι,
1275 3358 1369 3408 καὶ
1387 3356 1562 3426 ἀρχὰς
1586 3356 1681 3409 καὶ
1711 3355 1861 3421 ἐξου-

301 3443 415 3505 σίας
443 3444 803 3512 διανέμεσθαι
826 3450 940 3510 τοῖς
973 3446 1301 3516 ἀνθρώποις,
1336 3447 1474 3501 ἀλλά
1500 3449 1638 3522 μόνῃ
1669 3449 1867 3520 τεθάρο

304 3538 470 3604 ρηκεν
500 3537 565 3606 τῇ
611 3535 806 3590 ἑαυτοῦ
841 3538 1011 3608 μανίᾳ
1052 3538 1147 3592 καὶ
1185 3539 1437 3610 ἀθεότητι
1474 3541 1567 3593 καὶ
1610 3539 1858 3610 ἀπονοίᾳ.

304 3624 529 3694 Ἔλεγον
565 3626 622 3678 δὲ
657 3627 793 3697 πρὸς
836 3622 961 3690 τοὺς
1031 3629 1090 3682 σὲ
1128 3629 1509 3696 διαϐάλλοντας
1544 3631 1619 3694 ὡς
1661 3648 1860 3701 τυραν-

302 3715 436 3778 νίδος
461 3715 772 3784 ἐπιθυμεῖς,
793 3717 1095 3786 ἄνθρωποι,
1125 3717 1297 3772 ἁλαλα
1318 3719 1484 3790 ὑμῶν.
1500 3719 1585 3788 εἴη
1616 3719 1684 3772 τὰ
1707 3719 1862 3789 χείλη
1897 3756 1900 3757 ν

302 3806 365 3860 τὰ
403 3805 582 3871 δόλια,
614 3806 684 3859 τὰ
741 3806 1008 3861 λαλοῦντα
1053 3808 1195 3860 κατὰ
1244 3806 1338 3862 τοῦ
1390 3808 1523 3877 ἐμοῦ
1581 3809 1863 3878 θεοφιλοῦς

302 3900 517 3963 τέκνου,
553 3897 696 3951 κατά
713 3898 821 3951 ,τοῦ
854 3898 1274 3964 εὐσεϐεστάτου,
1305 3901 1443 3952 κατά
1486 3899 1580 3950 τοῦ
1609 3902 1860 3953 πιστοτὰο

301 4007 413 4056 του,
463 3992 608 4044 κατὰ
651 3991 746 4062 τοῦ
804 3992 1016 4044 δικαίου
1056 3991 1289 4061 ἀνομίαν
1329 3992 1425 4044 καὶ
1464 3991 1700 4045 ἀδικίαν.
1753 3994 1864 4046 Καὶ

302 4081 458 4137 τοῦτο
482 4084 581 4154 οὐχ
612 4065 819 4147 ἁπλῶς,
848 4083 982 4135 ἀλλὰ
1006 4082 1320 4152 προστιθεὶς
1347 4082 1543 4136 ταῦτα’
1574 4099 1593 4134 ‹
1615 4084 1866 4153 Ὀαπονη-

307 4176 394 4248 pb;
420 4177 709 4247 ἄνθρωπος
736 4178 799 4229 ὲκ
823 4174 934 4229 τοῦ*
946 4167 1184 4245 πονηροῦ
1221 4173 1495 4244 θησαυροῦ
1521 4175 1619 4244 τῆς
1641 4174 1865 4244 καρδίας

307 4267 602 4339 προϐάλλει
641 4268 711 4320 τὰ
755 4268 998 4336 πονηρά·
1029 4267 1056 4318 ὁ
1097 4267 1300 4334 ἀγαθὸς
1347 4265 1633 4336 ἄνθρωπος
1673 4269 1736 4318 ὲκ
1770 4264 1864 4317 τοῦ

1963 1816 2115 1860 tuum
2143 1806 2428 1876 imperium
2460 1808 2934 1878 irreprehensibile
2960 1822 3010 1864 et
3031 1809 3523 1864 incontaminatum

1928 1901 2198 1963 'servare,
2235 1914 2342 1953 non
2377 1901 2567 1971 paucis
2610 1901 2934 1970 jampridem
2969 1903 3252 1969 praesentia
3285 1919 3482 1957 narran
3505 1932 3527 1942 -

1963 1988 2128 2052 tibus,
2164 1990 2410 2045 delirium
2437 1991 2769 2045 aestimabam
2792 2005 2976 2044 eorum
3003 2007 3304 2057 sermones,
3345 1993 3528 2046 inimi-

1962 2094 2163 2158 eosque
2194 2089 2299 2136 tuae
2332 2081 2554 2135 virtutis
2592 2096 2684 2135 eos
2716 2081 3090 2149 coniectabant
3124 2083 3352 2152 ideoque
3400 2084 3527 2139 talia

1963 2169 2377 2227 disseminantes
2435 2182 2493 2225 ut
2551 2181 2603 2226 te
2650 2187 2676 2226 r
2715 2172 3130 2243 )rchemibilem
3190 2183 3526 2240 statuerent;

1963 2270 2125 2330 atque
2147 2262 2215 2319 ad
2247 2262 2513 2331 plurimos
2559 2262 2805 2317 dicebam
2864 2279 3141 2334 nunquam
3187 2281 3305 2319 esse
3343 2266 3530 2321 istius-

1966 2352 2110 2406 modi
2153 2353 2408 2408 adversus
2444 2353 2756 2422 principem
2793 2369 2824 2408 a
2875 2353 2981 2408 Deo
3027 2357 3382 2410 constitutum
3421 2358 3527 2410 eri-

1966 2442 2247 2495 minationi
2281 2443 2457 2498 locum
2486 2462 2499 2508 ;
2529 2443 2778 2497 dicebam
2811 2443 3074 2513 siquidem
3114 2444 3288 2498 virum
3313 2446 3526 2514 pictatis

1966 2533 2292 2595 studiosum,
2355 2533 2597 2587 veritatis
2629 2541 2924 2596 amantem,
2968 2533 3192 2600 justitiae
3236 2535 3527 2600 cultorem,

1967 2620 2092 2674 boni
2119 2622 2354 2674 nominis
2383 2620 2650 2690 famaeque
2680 2621 2936 2690 cupidum
2961 2637 3069 2675 non
3097 2638 3254 2691 posse
3279 2624 3525 2694 tyranni-

1967 2710 2090 2765 dem
2135 2710 2385 2766 atl‘eetare
2428 2730 2439 2765 :
2480 2729 2585 2766 non
2630 2713 2774 2768 enim
2818 2725 3080 2782 tyrannus
3118 2730 3178 2768 ea
3227 2716 3526 2784 cupiditate

1969 2798 2304 2865 accenditur,
2330 2800 2430 2854 nisi
2464 2803 2588 2870 quia
2621 2801 2688 2854 ab
2721 2801 2828 2856 illis
2863 2818 3089 2870 prorsus
3121 2810 3354 2866 alienus,
3390 2819 3524 2857 cou-

1971 2891 2155 2944 trariis
2187 2893 2486 2946 sauciatam
2543 2892 2708 2948 habet
2767 2894 3050 2949 mentem:
3109 2897 3285 2948 omnis
3318 2895 3526 2958 scilicet

1970 2989 2230 3050 tyrannus
2283 2991 2337 3034 et
2392 2983 2645 3047 inﬁdelis,
2700 2992 2753 3037 et
2800 2984 3064 3053 pertldus,
3104 2992 3157 3037 et
3218 2999 3524 3052 perversus,

1969 3079 2023 3124 et
2053 3069 2314 3138 injustus,
2344 3080 2422 3134 et,
2450 3069 2597 3140 quod
2627 3071 2870 3126 omnium
2904 3082 3187 3142 caputest,
3215 3071 3306 3124 Dei
3340 3075 3523 3140 provi-

1961 3161 2201 3216 dentiam
2235 3177 2341 3216 non
2373 3162 2638 3231 agnoscit,
2675 3178 2850 3231 neque
2885 3164 3120 3217 humana
3154 3164 3272 3233 ejus
3299 3164 3526 3232 imperio

1961 3261 2015 3307 et
2043 3253 2196 3322 jussu
2245 3253 2356 3322 regi
2405 3264 2496 3306 aut
2535 3254 2787 3308 distribui
2843 3255 3068 3323 imperia
3107 3263 3159 3308 et
3191 3256 3527 3324 principatus

1961 3345 2212 3409 aestimat,
2239 3346 2330 3400 sed
2353 3346 2583 3415 paopriaz
2607 3347 2832 3400 insaniae
2859 3356 2911 3400 et
2946 3347 3242 3400 intidelitati
3267 3355 3317 3400 et
3338 3363 3527 3401 socor~

1963 3435 2063 3488 diae
2085 3444 2290 3488 tantum
2319 3437 2538 3488 conlidit
2567 3453 2580 3499 ;
2611 3435 2854 3488 dicebam
2903 3437 2967 3490 at
3004 3451 3099 3491 eos
3119 3436 3208 3505 qui
3246 3447 3294 3490 te
3322 3438 3528 3489 calum-

1963 3527 2253 3579 niabantur
2278 3527 2611 3595 tyrannidem
2632 3525 2911 3580 atl‘ectare:
2942 3529 3146 3580 utinam
3177 3527 3320 3580 unita
3344 3531 3530 3581 tierent

1963 3616 2165 3685 perﬁda
2219 3615 2361 3670 labia
2416 3625 2620 3676 vestra,
2668 3617 2930 3671 adversus
2982 3616 3289 3686 piissimum
3347 3633 3526 3672 meum

1963 3710 2158 3772 lilium,
2205 3707 2467 3762 adversus
2499 3707 2608 3762 Deo
2641 3709 2920 3771 dilectum,
2973 3708 3239 3763 adversus
3282 3708 3532 3763 ﬁdelissi-

1966 3816 2136 3865 mum,
2169 3801 2427 3855 adversus
2450 3800 2659 3870 justum
2688 3815 2942 3868 perversa
2983 3809 3036 3853 et
3069 3789 3272 3868 injuSta
3305 3800 3531 3868 loquen-

1965 3893 2099 3946 tium
2129 3911 2143 3957 ;
2179 3906 2352 3963 neque
2382 3892 2473 3945 illa
2510 3903 2741 3955 tantum,
2774 3886 2864 3944 sed
2893 3894 3003 3945 haec
3026 3893 3227 3944 addens
3258 3910 3271 3944 :
3303 3910 3320 3943 ι
3354 3891 3528 3944 Malus

1966 3983 2129 4036 homo
2161 3984 2225 4035 de
2270 3982 2415 4036 malo
2445 3982 2705 4036 thesauro
2754 3983 2932 4035 cordis
2978 3983 3060 4035 sui
3105 3982 3312 4050 profert
3348 3982 3528 4044 mala;

1967 4074 2144 4127 bonus
2200 4087 2328 4127 vero
2378 4073 2544 4126 homo
2596 4075 2661 4125 de
2719 4073 2862 4126 bono
2917 4074 3174 4126 thesauro
3213 4072 3392 4126 cordis
3449 4073 3530 4126 sui

1968 4164 2172 4235 profert
2200 4166 2336 4219 bona
2369 4165 2380 4195 ’
2413 4181 2426 4217 :
2470 4183 2492 4240 ε
2519 4165 2747 4217 hOnitali
2776 4179 2887 4216 sua:
2920 4164 3140 4217 conlidit
3173 4164 3311 4216 titius
3337 4179 3489 4217 meus
3515 4202 3529 4225 ,

1968 4260 2221 4314 veritatis
2273 4258 2417 4311 enim
2469 4268 2678 4312 amator
2707 4264 2791 4310 est
2819 4265 2980 4324 atque
3019 4255 3360 4308 mendacium
3404 4257 3533 4308 totis

306 4359 513 4429 ἀγαθοῦ
545 4358 821 4430 θησαυροῦ
841 4361 938 4428 τῆς
970 4357 1194 4427 καρδίας
1220 4356 1512 4428 προϐάλλει
1534 4357 1602 4408 τὰ
1629 4355 1857 4423 ἀγαθά.)

1977 4350 2182 4404 viribus
2212 4366 2240 4401 e
2285 4364 2380 4401 sua
2417 4357 2576 4417 gente
2627 4356 2947 4416 persecutus
2981 4344 3218 4413 expellit.
3259 4344 3535 4398 Fidelissi-

307 4452 378 4507 Τὸ
432 4451 568 4522 ἐμὸν
607 4453 798 4504 τέκνον
837 4450 1130 4519 ἁγαθότητι
1181 4451 1397 4519 χαίρει’
1450 4447 1701 4519 ἀληθινὸς
1734 4447 1866 4518 γὰρ,

310 4544 402 4596 καὶ
454 4541 650 4612 ψεῦδος
685 4541 836 4611 πάσῃ
886 4540 1111 4608 δυνάμει
1161 4540 1225 4591 ὲκ
1269 4538 1360 4591 τοῦ
1415 4538 1618 4591 οἰκείου
1682 4537 1868 4601 ἔθνους

306 4631 489 4686 διώκει
518 4632 613 4683 καὶ
651 4630 983 4683 ἀπελαύνει·
1015 4631 1111 4683 καὶ¹
1146 4630 1469 4692 πιστότατος
1499 4629 1576 4693 δὲ,
1611 4629 1696 4682 ὅτι
1731 4629 1870 4682 πάν-

308 4739 414 4785 τως
449 4720 635 4775 ἀκούω
662 4720 790 4782 τοὺς
818 4720 905 4788 ὑφ’
935 4721 1126 4775 ἑαυτὸν
1163 4722 1295 4774 πᾶσι
1336 4710 1558 4789 τρόποις
1589 4721 1645 4771 ἐν
1675 4721 1740 4788 τῇ
1779 4719 1866 4770 πί-

312 4833 424 4868 στει
456 4831 470 4846 ο
519 4816 602 4867 ὅτι
631 4814 692 4866 δὲ
727 4814 821 4867 καὶ
853 4813 1212 4878 δικαιότατος,
1245 4813 1387 4865 οὕτω
1428 4813 1629 4874 πάντες
1662 4811 1867 4880 κεκρά-

310 4925 470 4976 γασιν
495 4925 511 4940 ·
559 4907 732 4968 οὐδεὶς
771 4905 877 4977 γὰρ
907 4907 1090 4969 ἄδικος
1123 4904 1222 4976 τὴν
1272 4903 1481 4957 ἐκείνου
1534 4903 1871 4971 καυχήσεται

315 4999 670 5068 μυκτηρίζειν
714 4995 1085 5066 δικαιοσύνην.
1126 4995 1251 5058 Πῶς
1289 4993 1389 5048 οῦν·
1433 4993 1544 5063 ἔχει
1577 4993 1732 5058 λόγον
1779 4992 1871 5043 τὸν

314 5094 563 5165 ἀληθινὸν
610 5093 916 5162 ἄνθρωπον,
965 5093 1056 5144 τὸν
1088 5091 1430 5151 πιστότατον,
1461 5089 1550 5140 τὸν
1598 5088 1872 5139 δικαιότα-

314 5204 434 5253 τον,
471 5186 564 5238 τὸν
611 5186 802 5247 ἄλλους
833 5183 1002 5240 ταῦτα
1035 5182 1379 5243 παιδεύοντα,
1422 5180 1514 5232 καὶ
1563 5177 1742 5246 λόγοις
1777 5180 1870 5230 καὶ

318 5279 498 5348 ἔργοις
527 5278 685 5330 αὐτὸν
712 5277 967 5345 γενέσθαι
997 5274 1313 5343 ψεύστην,ἢ
1342 5264 1588 5337 ἄπιστον,
1617 5271 1648 5339 ἢ
1678 5268 1874 5322 ἀδικώ-

317 5386 518 5437 τατονς
558 5369 670 5423 Οὐκ
711 5368 1126 5437 αἰσχυνθήσεται
1164 5365 1327 5427 αὐτὸς
1378 5362 1566 5432 ἑαυτὸν
1611 5361 1737 5422 τοὺς
1771 5361 1870 5427 μὲν

322 5465 589 5536 ὑπηκόους
620 5463 818 5535 ἀρετὴν
852 5460 1212 5525 ὲκπαιδεύων,
1247 5458 1408 5521 αὐτὸς
1435 5457 1490 5511 δὲ
1529 5455 1712 5526 χάριτι
1735 5452 1867 5506 Θεοῦ

322 5558 500 5627 ἄρχων
545 5553 943 5624 καθιστάμενος
972 5552 1106 5622 πρὸς
1143 5553 1338 5605 κακίαν
1371 5551 1463 5603 καὶ
1508 5547 1627 5600 τότε
1662 5560 1868 5615 μιαρω-

396 5717 408 5744 ¹
459 5714 642 5770 Matth.
679 5727 772 5778 xu,
811 5710 898 5764 '56.

1972 4457 2094 4495 mus
2123 4457 2344 4510 quoque
2370 4450 2474 4500 est,
2506 4453 2736 4506 namque
2762 4436 2922 4492 audio
2963 4451 3152 4488 omnes
3177 4438 3223 4487 ei
3258 4434 3531 4502 subjectos

1973 4533 2288 4589 omnimode
2313 4532 2364 4584 in
2419 4531 2522 4584 (ide
2553 4539 2700 4583 stare
2732 4546 2745 4594 ;
2775 4527 3136 4594 iustissimum
3193 4526 3352 4578 etiam
3408 4541 3529 4579 eum

1966 4639 2087 4679 esse
2119 4622 2355 4676 universi
2407 4620 2486 4674 sic
2542 4619 2920 4688 proclamant:
2977 4630 3136 4670 nemo
3181 4630 3418 4683 unquam
3452 4617 3533 4668 in-

1966 4717 2147 4786 justus
2207 4714 2327 4782 ejus
2380 4712 2628 4765 deridere
2686 4709 2950 4778 justitiam
3002 4707 3362 4776 gloriabitur:
3399 4722 3533 4774 quo-

1970 4809 2130 4862 modo
2182 4820 2309 4875 ergo
2362 4803 2688 4858 credendum
2736 4807 2880 4854 esset
2910 4799 3083 4851 virum
3137 4799 3374 4851 veritatis
3398 4800 3533 4850 ami-

1970 4899 2273 4958 cissimum,
2307 4893 2694 4955 ﬁdelissimum,
2720 4889 3103 4958 justissimum.
3138 4903 3357 4958 quoque
3396 4890 3530 4941 alios

1974 4989 2100 5043 talia
2131 4988 2411 5041 docentem
2444 4986 2620 5052 ipsum
2658 4982 2835 5035 verbis
2883 4991 2936 5033 et
2989 4981 3197 5033 actibus
3227 4979 3340 5031 ﬁeri
3373 4994 3520 5031 men-

1975 5082 2184 5143 dacem,
2211 5076 2503 5138 inﬁdelem,
2535 5074 2949 5142 injustissimurn
2973 5072 2994 5123 ?
3022 5086 3199 5124 nonne
3227 5069 3530 5131 erubescet,

1972 5172 2218 5225 subditos
2251 5171 2506 5222 virtutem
2558 5166 2775 5227 docens,
2835 5164 2948 5232 ipse
3004 5177 3151 5226 vero,
3205 5161 3297 5215 Dei
3349 5163 3518 5227 gratia

1971 5267 2240 5333 princeps,
2292 5261 2345 5314 in
2391 5258 2652 5312 malitiam
2690 5270 2863 5319 ruere,
2902 5262 2955 5308 et
3002 5269 3133 5306 sane
3185 5252 3471 5321 pessimam
3512 5267 3524 5303 :

1969 5355 2100 5426 quid
2147 5354 2288 5407 enim
2325 5350 2607 5421 tyrannide
2652 5346 2850 5417 pejus?
2898 5346 3027 5398 talia
3081 5342 3472 5410 respondebam
3514 5359 3526 5394 :

1971 5464 2078 5502 non
2107 5455 2190 5501 est
2226 5446 2319 5509 ita,
2356 5443 2521 5504 absit,
2575 5440 2703 5509 quin
2741 5438 2843 5502 sol,
2883 5437 3076 5490 nedum
3135 5449 3226 5486 eos
3269 5433 3532 5484 illumim-t

1976 5540 2172 5610 quibus
2204 5537 2366 5600 lucet,
2397 5536 2689 5590 obscurare
2721 5530 2900 5598 potius
2935 5525 3266 5581 calumniose
3297 5524 3524 5577 dicatur.
