4088 6448
624 311 693 374 63
1755 316 2061 377 ΝῐίἸΟῘΑῐ
2109 321 2213 382 Cl‘.

2316 321 2528 381 \Tllld
2540 324 2757 384 RCIIE

3814 340 3892 402 64-

628 438 807 490 tmnen
838 432 1195 489 vocaveritar
1216 448 1341 488 cum
1371 433 1656 495 Romanis,
1703 436 1846 488 sicut
1880 434 2004 497 title,
2041 437 2115 489 ita
2152 445 2204 489 et

2316 439 2525 508 ξαντος,
2552 443 2645 495 καὶ
2678 442 2822 509 ὑμᾶς
2854 443 3225 516 ἐλλαμφοῆναι
3251 451 3327 520 τῷ
3351 434 3498 519 ’φωτὶ
3527 453 3623 524 τῆς
3651 453 3875 521 ἐπιγνώ.

625 529 893 581 charitute
919 527 1290 595 coniunxerit,
1309 534 1492 579 amota
1517 537 1600 580 est
1636 525 1943 589 inimicitia,
1970 530 2209 582 cessavit

628 634 911 671 armorum
940 616 1260 685 congressio
1287 627 1341 671 et
1362 616 1648 671 discordia:
1677 619 1945 672 successit
1976 619 2213 683 dilectio,

629 711 870 778 utrinque.
900 727 965 764 ac
989 718 1173 761 mutua
1210 708 1573 763 necessitudo.

2316 546 2454 592 σεως
2484 530 2653 583 αὐτοῦ
2684 532 3105 599 εὐδοκήσαντος,
3142 541 3234 588 καὶ
3260 540 3663 605 καταλύσαντος
3701 542 3801 608 μὲν
3824 548 3885 593 τὸ

2316 622 2636 689 μεσότοιχον
2685 623 2781 690 τῆς
2836 623 3055 692 ἔχθρας,
3110 630 3589 699 προσκεκληκότος
3635 632 3692 685 δὲ
3742 631 3883 700 ὑμᾶς

2312 709 2393 767 είς
2422 708 2512 759 τὸν
2543 709 2823 776 φωτισμὸν
2856 710 2954 778 τῆς
2984 710 3140 783 δόξης
3187 710 3373 782 αὐτοῦ,
3417 718 3512 770 καὶ
3548 720 3885 787 συνάψαντος

634 805 931 872 Ῥωμαίοις
980 802 1171 871 ῶσπερ
1209 804 1276 872 τῇ
1319 803 1524 860 πίστει.
1564 801 1739 863 οὓτως
1774 803 1869 855 καὶ
1896 803 1961 871 τῇ
2024 802 2238 873 ἀγάπῃ,
2280 802 2598 869 κατήργητο
2658 800 2818 871 μὲνὴ
2866 801 3058 872 ἔχθρα,
3124 805 3378 859 πέπαυτο
3413 810 3469 861 δὲ
3495 810 3604 863 τῶν
3638 811 3820 863 ὃπλων
3852 814 3881 878 ὴ

629 902 857 967 κίνησις,
894 899 984 949 καὶ
1019 898 1118 966 τὴν
1146 898 1431 950 διάστασιν
1467 898 1500 967 ἡ
1531 898 1740 965 ἀγάπη,
1778 896 1873 948 καὶ
1905 899 1936 966 ή
1979 896 2194 960 ἓνωσις,
2237 897 2389 965 καὶή
2427 895 2563 965 πρὸς
2596 894 2863 965 ἀλλήλους
2925 897 3205 963 οἰκείωσις
3235 883 3527 972 διεδέχετο.

697 1021 849 1075 Νηιιο
904 1029 1085 1072 autem
1128 1019 1300 1088 quid?
1347 1017 1498 1073 Eheu
1543 1018 1758 1073 scelesti
1792 1017 2205 1073 dmmnnisma-

628 1112 885 1178 lignitasl
919 1122 1041 1183 post
1064 1123 1170 1165 tam
1202 1110 1426 1180 longum
1459 1112 1720 1181 temporis
1760 1111 1972 1182 lapsum
1995 1127 2060 1171 ex
2098 1126 2208 1182 quo

629 1214 834 1257 tantam
891 1203 1181 1272 accepistis
1220 1193 1471 1272 gratiam,
1534 1212 1655 1272 post
1721 1213 1829 1258 tam
1893 1204 2205 1259 diuturnam

629 1297 974 1355 charitatem,
1033 1303 1155 1363 post
1197 1304 1305 1349 tam
1344 1297 1627 1365 antiquam
1674 1296 1998 1357 amicitiam.
2052 1311 2212 1351 occa-

612 1389 838 1442 ‘sionem
880 1398 1075 1442 nactus
1109 1387 1353 1443 nefarius
1386 1389 1626 1452 daamon,
1682 1389 1985 1444 discordias
2031 1388 2216 1444 denuo

628 1490 681 1535 et
746 1479 1086 1535 inimicitiam
1140 1498 1241 1552 pro
1292 1482 1533 1537 amicitia
1608 1490 1665 1536 et
1724 1484 1927 1538 unione
1982 1484 2212 1538 immisit

632 1589 729 1629 nec
765 1574 973 1629 veritus
1011 1584 1115 1640 est,
1150 1576 1201 1627 in
1229 1585 1494 1644 quantum
1533 1576 1585 1628 in
1613 1590 1680 1630 eo
1712 1574 1832 1637 fuit,
1863 1575 2215 1630 sceleratissi-

632 1682 755 1721 mus
814 1666 907 1721 ille
961 1677 1169 1721 tantum
1233 1666 1330 1721 Dei
1385 1681 1524 1738 opus
1573 1665 1949 1723 Romanorum
2005 1662 2211 1723 scilicet

2381 1015 2497 1070 Νῦν
2523 1016 2579 1069 δέ
2616 1016 2671 1069 τί
2697 1033 2711 1080 ;
2742 1016 2848 1070 Φεῦ
2894 1018 2999 1088 τῆς
3048 1019 3140 1073 τοῦ
3181 1023 3420 1092 πονηροῦ
3453 1026 3710 1095 δαίμονος
3752 1034 3887 1099 ἐπη-

2298 1109 2465 1179 ¹ρείξιις
2490 1111 2518 1162 εδ
2571 1110 2709 1179 μετά
2746 1112 3020 1165 τοσούτων
3049 1113 3258 1184 χρόνων
3308 1118 3660 1186 παρέλευσιν,
3696 1119 3888 1189 dri/Jb

2311 1200 2409 1265 τῆς
2440 1199 2697 1270 τοιαύτης
2727 1200 2996 1273 ἠξιώθητε
3027 1206 3271 1275 χάριτος.
3297 1207 3435 1273 μετὰ
3465 1212 3682 1279 μακρὰν
3711 1212 3887 1277 οὕτως

2311 1289 2560 1359 ἀγάπην,
2592 1292 2731 1360 μετὰ
2757 1291 2950 1379 πολιὰν
2976 1293 3147 1356 οὓτως
3175 1296 3378 1364 φιλίαν,
3406 1298 3592 1372 χώραν
3632 1304 3885 1377 εὑρηκὼς

2310 1381 2339 1433 6
2365 1383 2600 1453 πονηρὸς
2628 1383 2859 1453 δαίμων,
2914 1385 3079 1439 πάλιν
3115 1387 3424 1455 διάστασιν,
3467 1391 3632 1446 πάλιν
3680 1391 3887 1468 ἔχθραν

2314 1474 2438 1529 ἀντὶ
2464 1476 2565 1544 τῆς
2594 1476 2780 1545 φιλίας
2837 1479 2933 1530 καὶ
2962 1481 3064 1547 τῆς
3119 1479 3369 1555 ἑνότητος
3401 1483 3761 1556 ἐπεισήγαγε.
3793 1489 3890 1541 καὶ

2310 1566 2413 1619 οὐκ
2474 1566 2696 1636 ἔφριξεν
2726 1566 2775 1635 ,ὁ
2808 1569 3131 1639 παμμίαρος
3163 1571 3286 1625 ὅσον
3337 1573 3422 1624 ἐπ’
3464 1574 3610 1644 αὑτῷ
3638 1576 3890 1631 τοσοῦτον

2310 1657 2474 1729 ἔργον
2504 1656 2643 1711 Θεοῦ
2690 1658 2791 1727 τῆς
2822 1658 3115 1727 Ῥωμαίων
3148 1662 3244 1715 καὶ
3281 1655 3614 1735 ⁸Βουλγάρων
3642 1666 3888 1732 ἐνὼσεως

628 1758 1101 1828 Bulgarorumque
1130 1759 1386 1815 unionem
1409 1768 1689 1824 evertere;
1736 1776 1912 1826 neque
1947 1759 2209 1835 temporis

2316 1748 2606 1803 καταλύειν
2636 1750 2957 1820 ἐπιχειρεῖν.
2997 1752 3131 1805 Οὐδὲ
3169 1752 3261 1806 τὸν
3301 1730 3889 1831 χρόνον-ἐδυσωπήθη,

629 1852 1042 1909 diuturnitatem
1077 1868 1252 1923 neque
1284 1853 1571 1920 utriusque
1598 1853 1791 1921 gentis.
1818 1863 1879 1906 ut
1901 1854 1976 1906 ita
2006 1853 2204 1913 dicam,

628 1944 1068 1999 commiSIiom-m
1105 1954 1213 1999 tam
1271 1954 1508 2000 veterem
1552 1946 1796 2006 erubuit.
1856 1945 1950 2000 sed
1999 1945 2209 2015 cupivit

629 2025 891 2106 cupitque
920 2038 987 2092 ad
1020 2036 1256 2091 nihilum
1292 2038 1580 2104 deducere,
1606 2048 1660 2092 et
1706 2037 1933 2106 insuper
1957 2037 2023 2091 ad
2060 2036 2205 2090 illam

630 2130 1033 2194 crudelitatem,
1086 2144 1191 2198 qua
1250 2128 1571 2190 delectatur,
1619 2138 1673 2183 et
1720 2130 1879 2197 cuius
1929 2138 2083 2198 pater
2128 2137 2210 2183 est

630 2218 907 2276 Rullianus
931 2237 995 2275 ac
1028 2220 1292 2289 Bulgaros
1328 2222 1504 2285 ciens,
1548 2221 1757 2274 felicem
1797 2220 1942 2274 illam
1981 2235 2042 2272 ac
2070 2218 2212 2274 divi-

631 2328 756 2386 nam
811 2313 1119 2368 dissolvere
1161 2314 1508 2368 amicitiam:
1558 2330 1677 2383 quze
1718 2314 1921 2378 omnia,
1985 2313 2056 2366 illi
2114 2311 2209 2375 mi,

628 2403 836 2459 doloris
890 2405 1131 2472 quotidie
1188 2422 1351 2460 causa
1387 2407 1518 2460 mihi
1554 2417 1672 2470 est;
1740 2407 2007 2476 lacrymas
2076 2404 2209 2457 mihi

631 2512 821 2565 partem
851 2497 1090 2550 efﬁciunt
1117 2515 1131 2560 ;
1156 2505 1490 2567 quapropter
1531 2495 1641 2565 jam
1671 2499 1819 2564 prius
1852 2483 1905 2549 te
1929 2496 2208 2555 hortabar,

630 2595 683 2638 te
748 2586 1247 2654 reprehendebam,
1308 2585 1712 2657 suadebamqne
1762 2585 1856 2639 tibi
1915 2594 1976 2640 ut
2032 2586 2100 2639 ad
2165 2593 2213 2638 te

566 2668 567 2671 “
629 2676 805 2744 ipsum
842 2678 1192 2731 revertcrcris
1216 2686 1267 2731 rt
1299 2691 1619 2731 communes
1639 2691 1854 2730 arceres
1878 2674 2214 2729 calamitates

629 2780 764 2834 quas
798 2780 1019 2820 necesse
1070 2774 1153 2818 est
1190 2765 1467 2819 Romanos
1502 2754 1663 2835 atque
1696 2765 1957 2835 Bulgaros
1984 2779 2049 2818 ex
2094 2764 2214 2818 istis

628 2857 936 2910 inimicitiis
1000 2864 1165 2925 atque
1222 2856 1511 2911 discordiis
1585 2857 1873 2921 invadere;
1941 2864 1995 2912 et
2070 2870 2215 2909 nunc

627 2951 812 3003 eadem
847 2950 1049 3004 suadeo
1083 2959 1247 3018 atque
1295 2951 1576 3015 exhortor,
1610 2949 1682 3003 ﬁli
1715 2948 1821 3015 mi;
1864 2948 2214 3004 reminiscere

628 3040 926 3095 Dominicte
996 3042 1448 3096 exhortationis:
1516 3060 1535 3093 ι
1590 3040 1694 3107 Qui
1765 3038 2212 3095 scandalizaverit

630 3150 797 3187 unum
831 3149 894 3186 ex
947 3135 1031 3189 his
1083 3135 1317 3203 pusillis,
1355 3133 1573 3203 expedit
1598 3134 1645 3187 ei
1683 3142 1740 3187 ut
1784 3133 1927 3186 mola
1973 3130 2210 3185 asinaria

629 3227 772 3278 collo
817 3224 938 3293 ejus
969 3226 1333 3303 suspendatur
1378 3235 1433 3279 et
1480 3225 1536 3279 in
1590 3240 1739 3278 mare
1788 3212 2079 3294 deiiciatur
2101 3224 2143 3277 ¹.
2189 3240 2207 3273 ι

628 3316 899 3370 Accurate
954 3316 1237 3370 considera
1292 3334 1304 3369 :
1361 3316 1405 3371 si
1460 3316 1850 3371 scaudalizanti
1926 3330 2091 3368 unum
2147 3329 2214 3368 ex

628 3406 845 3474 pusillis
911 3405 1272 3473 ita'expedit,
1302 3406 1426 3473 quid
1454 3405 1521 3461 de
1555 3406 1644 3459 tali
1681 3422 1743 3458 ac
1775 3413 1924 3459 tanto
1957 3403 2216 3458 seandalo

628 3496 893 3559 dicemus,
926 3496 1068 3565 quod
1096 3511 1202 3549 neu
1226 3503 1309 3549 est
1341 3494 1406 3549 ad
1441 3510 1631 3560 unum,
1658 3510 1833 3563 neque
1861 3493 1925 3547 ad
1949 3494 2214 3562 quinque,

631 3594 727 3639 aut
779 3587 988 3649 decem,
1045 3595 1141 3638 aut
1215 3593 1459 3650 centum,
1516 3586 1608 3638 sed
1645 3584 1712 3638 ad
1766 3584 2214 3638 innumerabilem

633 3677 1081 3733 multitudinem?
1131 3693 1309 3747 neque
1348 3678 1413 3730 ad
1446 3676 1685 3745 aliquem
1741 3676 1994 3745 pusillum
2027 3676 2119 3729 sed
2150 3674 2217 3728 ad

633 3770 923 3840 imperium
980 3770 1127 3824 omni
1187 3770 1435 3823 terrestri
1498 3777 1770 3838 potestate
1819 3767 2219 3849 sublimiorem,

633 3879 793 3933 quam
824 3863 1041 3917 unicam
1077 3863 1481 3919 universorum.
1519 3860 1631 3916 Rex
1665 3861 1719 3915 in
1749 3869 1890 3929 terra
1920 3861 2220 3923 stabilivit;

586 3966 590 3969 '
633 3956 944 4019 considera,
994 3955 1069 4009 illi
1124 3957 1219 4019 mi,
1264 3956 1551 4024 cujnsnam
1604 3955 1675 4010 sit
1722 3969 1903 4009 sermo
1939 3952 2051 4010 ille.
2101 3952 2221 4008 Non

569 4069 576 4080 ι
632 4050 859 4118 angelus
908 4048 1065 4111 dixit,
1119 4064 1225 4101 non
1277 4046 1473 4113 aliquis
1518 4047 1802 4101 hominum
1854 4047 2071 4101 illorum
2124 4045 2219 4115 qui

632 4139 725 4193 Dei
777 4140 948 4210 gratia
1000 4139 1296 4207 locupletes
1349 4146 1499 4204 sunt,
1565 4152 1674 4193 non
1754 4139 2060 4209 apostolus.
2113 4153 2219 4192 non

629 4231 918 4301 pr0pheta,
952 4228 1048 4284 sed
1090 4229 1178 4283 ille
1230 4229 1345 4296 ipse
1371 4229 1463 4296 qui
1523 4244 1742 4283 omnem
1795 4239 2099 4284 creaturam
2153 4228 2218 4281 ad

624 4312 1037 4396 'lormitlaudum
1074 4336 1233 4375 suum
1298 4321 1537 4373 tribunal
1576 4330 1660 4375 est
1700 4329 2032 4385 coacturus;
2070 4319 2219 4372 illam

2308 1842 2431 1896 οὐδὲ
2453 1844 2553 1912 τὴν
2578 1843 2770 1914 ὥσπερ
2805 1845 3108 1915 ἀνάκρασιν
3155 1848 3219 1901 ἐκ
3255 1849 3737 1921 τοσούτου,χρόνου
3774 1846 3934 1931 an“

2311 1937 2556 2005 φοτέρων
2593 1934 2703 1989 τῶν
2732 1935 2927 2000 ἐθνῶν,
2951 1938 3067 1991 ἀλλ’
3095 1939 3473 2011 ἐφιλονείκησε
3528 1946 3621 1996 καὶ
3653 1945 3890 2013 φιλονει-

2311 2029 2400 2080 κεῖ
2427 2025 2604 2082 ταῦτα
2639 2028 2739 2097 μὲν
2758 2028 2891 2099 παρ’
2917 2028 3070 2083 οὐδὲν
3104 2031 3482 2099 θέσθαι,.πρὸξ
3506 2035 3563 2090 δὲ
3598 2037 3696 2107 τὴν
3727 2037 3890 2108 φίλην

2311 2116 2460 2186 αὐτῷ
2497 2116 2850 2187 δυσμένειαν,
2885 2119 2980 2172 καὶ
3017 2114 3084 2191 ἧς
3116 2119 3280 2183 αὐτὸς
3303 2122 3644 2192 ἐχρημάτισε
3681 2124 3889 2195 πατὴρ,

2326 2208 2630 2280 Ῥωμαίους
2664 2210 2760 2264 καὶ
2818 2210 3166 2281 Βουλγάρους
3212 2214 3553 2285 συγκρούων,
3585 2217 3685 2285 τὴν
3711 2234 3893 2285 μακα-

2314 2301 2438 2371 ρίαν
2503 2301 2598 2354 καὶ
2649 2300 2899 2354 θεοποιὸν
2951 2302 3190 2356 διαλύειν
3242 2306 3490 2377 ἀγάπην.
3538 2306 3724 2361 Ταῦτά
3777 2325 3889 2373 μοι,

2312 2394 2503 2447 τέκνον
2529 2393 2688 2463 ἐμὸν,
2721 2393 2955 2459 πίνοους
3001 2395 3127 2448 καθ’
3182 2397 3423 2468 ἑκάστην
3454 2399 3715 2462 ὑπόθεσις
3745 2400 3893 2467 γίνε-

2313 2501 2440 2536 ται·
2466 2484 2642 2538 ταῦτά
2694 2503 2786 2557 μοι
2842 2485 3009 2554 ἄρτον
3036 2487 3102 2540 τὰ
3131 2487 3343 2556 δάκρυα
3394 2493 3560 2543 ποιεῖ.
3595 2491 3693 2543 Διά
3735 2491 3892 2543 τοῦτο

2313 2578 2409 2629 καὶ
2464 2578 2731 2649 πρότερον
2769 2574 3078 2650 παρῄνουν,
3125 2578 3482 2648 ὲδυσώπουν,
3543 2582 3892 2653 παρεκάλουν

2318 2669 2549 2722 σεαυτοῦ
2574 2669 2855 2747 γενέσθαι,
2888 2673 2984 2725 καὶ
3010 2671 3302 2739 φείσασθαι
3329 2673 3387 2726 δὲ
3416 2676 3509 2727 καὶ
3546 2674 3654 2727 τῶν
3695 2675 3893 2729 κοινῶν

2318 2760 2634 2833 συμφορῶν,
2665 2763 2797 2826 ὅσας
2818 2763 3035 2834 ἀνάγκη
3074 2764 3381 2835 Ῥωμαίους
3418 2767 3513 2818 καὶ
3544 2766 3891 2837 Βουλγάρους

2316 2852 2381 2905 ἐκ
2409 2852 2509 2922 τῆς
2546 2852 2807 2924 τοιαύτης
2847 2854 3049 2927 ἔχθρας
3083 2858 3182 2911 καὶ
3232 2857 3574 2922 διαστάσεως
3624 2860 3895 2928 συναντή-

2318 2958 2433 2997 σειν
2451 2958 2468 2975 ⁸
2490 2944 2586 2997 καὶ
2614 2942 2709 2997 νῦν
2728 2943 2784 2999 δὲ
2811 2948 2878 2999 τὰ
2908 2947 3071 3016 ὅμοια
3089 2947 3185 3004 καὶ
3212 2936 3466 3019 παραινῶ
3502 2950 3595 3003 καὶ
3628 2949 3889 3015 δυσωπῶ,
3978 2934 3981 2937 ’

2309 3035 2507 3100 τέκνον
2539 3037 2673 3106 ἐμόν
2700 3054 2716 3069 ο
2749 3039 3133 3109 ἀναμνήσθητι
3166 3041 3269 3109 τῆς
3299 3042 3393 3094 τοῦ
3428 3020 3635 3109 Κυρίου
3677 3058 3893 3111 παραι-

2316 3126 2540 3189 νέσεως,
2584 3124 2650 3197 ἢν
2677 3128 2886 3191 ἐκεῖνός
2950 3145 3106 3198 φησι,
3167 3148 3185 3182 r
3224 3131 3506 3200 Συμφέρει
3539 3130 3615 3201 τῷ
3658 3132 3897 3184 σκαννδα·

2315 3215 2525 3278 λίζοντι
2574 3216 2672 3271 ἕνα
2725 3218 3119 3295 τῶνιμικρῶν,
3182 3221 3350 3290 μύλον
3407 3220 3590 3274 ὁνικδν
3642 3220 3897 3274 δεδέσθαι

2318 3310 2448 3380 περὶ
2484 3309 2576 3362 τὸν
2605 3308 2899 3380 τράχηλον,
2921 3312 3019 3364 καὶ
3048 3312 3126 3375 είς
3148 3308 3246 3384 τὴν
3260 3311 3549 3367 θάλασσαν
3574 3313 3892 3384 tamen.»

2321 3401 2566 3472 Πρόσχες
2600 3402 2906 3471 νουνεχῶςυ
2950 3404 2999 3456 εί
3055 3404 3134 3475 τῷ
3172 3404 3729 3469 σκανδαλίζοντιὲνα
3783 3404 3898 3457 τῶν

2323 3491 2537 3563 μικρῶν
2562 3491 2722 3547 τοῦτο
2752 3494 3043 3564 συμφέρει,
3079 3495 3131 3547 τί
3169 3494 3407 3565 ἐροῦμεν
3454 3497 3583 3567 περὶ
3631 3497 3896 3550 τοσούτου

2322 3585 2617 3658 σκανδάλου
2640 3584 2668 3638 6
2698 3585 2757 3638 οὐ
2785 3585 2921 3657 πρὸς
2942 3574 3046 3639 ’ἕνα
3087 3586 3374 3655 διαϐαίμει,
3401 3588 3523 3643 οὐδὲ
3557 3589 3693 3661 πρὸς
3729 3592 3898 3642 πέντε

2321 3673 2415 3726 καὶ
2434 3673 2566 3727 δέκα
2594 3675 2689 3728 καὶ
2720 3676 2938 3742 ἑκατὸν,
2968 3675 3215 3739 antu;
3255 3676 3320 3731 ἀν
3346 3679 3642 3751 ἀριθμήσαι
3672 3679 3730 3732 τὸ
3757 3680 3903 3748 πλῆ-

2323 3761 2449 3826 θος;
2486 3763 2607 3817 οὐδὲ
2637 3763 2773 3833 πρός
2809 3782 2930 3817 τινα
2984 3765 3093 3819 τῶν
3136 3768 3374 3839 μικρῶν,
3410 3769 3545 3824 αλλά
3572 3772 3706 3847 πρὸς
3738 3769 3900 3840 βασι-

2322 3852 2473 3908 λείαν
2493 3854 2595 3925 τὴν
2639 3855 2825 3909 ἐπάνω
2859 3856 3039 3927 πάσης
3078 3860 3329 3928 ἐπιγείου
3354 3860 3578 3930 ἀρχῆς,
3624 3865 3691 3931 ἢν
3725 3862 3900 3934 μόνην

2324 3947 2382 3999 ἐν
2401 3948 2468 4017 γῇ
2498 3945 2526 3997 6
2554 3947 2648 4001 τοῦ
2683 3949 2883 4013 παντὸς
2917 3946 3083 4022 ἔπηξε
3119 3953 3398 4022 βασιλεύς.
3453 3955 3679 4023 Ἐννόει,
3704 3956 3901 4011 τέκνον

2324 4040 2503 4109 ἡμῶν,
2539 4041 2687 4103 τίνος
2721 4045 2749 4097 6
2776 4042 2932 4111 λόγος
2952 4062 2967 4077 ο
3001 4047 3102 4099 οὐκ
3132 4046 3365 4115 ἄγγελος
3388 4048 3559 4102 ταῦτα
3587 4050 3762 4118 λέγει,
3790 4051 3899 4105 οὒκ

2324 4130 2610 4200 ἄνθρωπός
2665 4147 2750 4195 τις
2794 4133 2904 4185 τῶν
2950 4135 3112 4205 χάριν
3161 4135 3310 4188 θείαν
3358 4136 3754 4203 πλουτούντων,
3791 4140 3900 4192 οὐκ

2325 4222 2643 4287 ἀπόστολος,
2672 4224 2733 4277 οὐ
2766 4227 3229 4297 προφήτηςγάλλε
3264 4228 3427 4291 αὐτὸς
3472 4230 3501 4281 6
3554 4229 3765 4296 μέλλων
3788 4231 3901 4283 πᾶν
3958 4232 3964 4237 ’

2324 4316 2384 4368 τὸ
2438 4315 2669 4387 πλάσμα
2724 4316 3102 4386 συναγαγεῖν,
3157 4320 3249 4373 καὶ
3302 4319 3379 4390 τῷ
3436 4320 3632 4373 ἐαυτοῦ
3683 4322 3900 4393 φρικτῷ

633 4415 766 4469 mihi
813 4422 1005 4484 reputa
1070 4413 1281 4475 horam,
1340 4427 1463 4465 cum
1525 4412 1824 4481 praemissis
1893 4411 1980 4465 his
2031 4403 2213 4464 dictis.

2328 4406 2531 4475 βήματι
2595 4410 2975 4478 παραστῆσαι.
3025 4410 3274 4480 Ἐκείνην
3307 4411 3630 4479 ἀναλογίζου
3667 4430 3755 4483 μοι
3794 4410 3901 4483 τὴν

636 4510 825 4577 ingens
856 4505 989 4560 illud
1018 4506 1336 4560 scandalum
1367 4504 1420 4557 in
1458 4518 1556 4558 sua
1594 4503 1814 4573 justitia
1847 4501 2215 4566 examinabit;

2325 4494 2496 4566 ὤραν,
2534 4497 2625 4550 ὅτε
2656 4498 2783 4562 τοὺς
2813 4498 3008 4568 λόγους
3058 4499 3285 4563 τούτους
3325 4503 3403 4565 είς
3445 4500 3507 4555 τὸ
3562 4503 3728 4571 μέσον
3756 4519 3897 4573 προ-

636 4600 766 4669 quid
822 4586 953 4653 tunc
1012 4596 1295 4651 dicemus?
1355 4612 1477 4665 quae
1539 4597 1643 4650 erit
1692 4593 1939 4649 defensio
1998 4592 2213 4647 nostrai

2324 4589 2585 4658 ενεγκὼν,
2622 4591 2681 4645 τὸ
2715 4592 2856 4662 μέγα
2886 4592 3045 4645 τοῦτο
3080 4593 3374 4648 σκάνδαλον
3400 4597 3463 4665 τῇ
3509 4594 3706 4648 ἐαυτοῦ
3744 4595 3897 4649 δοκι-

636 4707 797 4762 quam
830 4689 1240 4745 excusationem
1293 4689 1684 4759 protendemus
1729 4687 1796 4741 ad
1850 4684 2229 4755 repellendam

622 4770 933 4837 terriﬁcam
966 4780 1335 4836 sententiam?
1383 4789 1668 4849 praeterea,
1702 4778 1747 4833 si
1792 4775 2117 4845 pramiserit
2160 4785 2215 4829 et

639 4867 812 4929 illud:
860 4892 876 4923 ι
923 4873 1065 4939 Quid
1100 4872 1318 4941 prddest
1369 4870 1575 4925 homini
1606 4869 1652 4924 si
1704 4868 2017 4922 universum
2055 4882 2218 4920 mun-

638 4968 766 5021 dum
798 4964 1061 5027 lucretur,
1088 4964 1285 5016 animae
1312 4977 1441 5016 vero
1469 4977 1581 5017 sua:
1622 4961 2008 5014 detrimentum
2036 4959 2210 5028 patia-

639 5054 807 5109 tur'?
847 5072 866 5106 ι
911 5053 1051 5119 Quid
1106 5053 1405 5108 faciemus?
1439 5066 1559 5120 quae
1601 5066 1723 5106 sors
1774 5050 1993 5105 nostra?
2045 5064 2205 5116 quam

639 5146 1074 5216 deprecationem
1112 5143 1491 5199 inveniemus?
1520 5142 1650 5212 Ego,
1695 5140 1769 5195 fili
1794 5141 1890 5207 mi,
1912 5151 2038 5195 ante
2059 5142 2207 5196 illam

640 5242 854 5297 horam.
894 5240 1009 5292 hazc
1055 5237 1261 5298 dicens,
1328 5245 1472 5289 totus
1548 5242 1757 5288 terrore
1816 5234 2011 5304 plenus
2065 5248 2213 5299 sum,

643 5342 786 5386 totus
812 5340 1047 5404 tremore
1092 5329 1393 5382 concutior;
1448 5325 1527 5381 'l'u
1562 5342 1689 5381 vero
1735 5328 1919 5382 nescio
1959 5340 2059 5381 cur
2106 5342 2213 5380 non

642 5437 807 5493 paves
852 5432 943 5475 aut
1000 5437 1107 5475 non
1158 5420 1421 5487 trepidas,
1472 5435 1596 5473 cum
1653 5420 1893 5489 prudens
1939 5420 2010 5473 sit
2050 5428 2216 5487 atque

641 5514 897 5584 sapiens;
948 5515 1039 5582 qui
1076 5498 1383 5567 terrestrem
1432 5511 1657 5581 gloriam
1717 5512 1876 5567 hodie
1906 5510 2210 5575 ﬂorentem,

722 5742 738 5768 ³
771 5738 955 5791 Matth.
992 5751 1142 5799 mu,
1178 5736 1229 5789 ὓ.
1310 5737 1326 5767 ³
1358 5735 1543 5791 Matth.
1580 5754 1690 5799 xvr,
1723 5736 1811 5791 9.6»

2328 4683 2852 4759 μάσειδικαιοσύνῃ.
2886 4685 2951 4737 Τί
2986 4685 3222 4755 ἐροῦμεν
3254 4686 3406 4753 τότε;
3439 4688 3504 4740 Τί
3561 4688 3901 4757 ἀπολογησό-

2325 4778 2501 4849 paea;
2536 4777 2702 4832 Ποίαν
2730 4778 2987 4849 ἀφορμὴν
3016 4778 3439 4849 προϐαλούμεθα
3477 4782 3556 4843 είς
3601 4780 3899 4850 ἀπολογίαν

2319 4869 2419 4939 τῆς
2476 4869 2710 4939 φρικτῆς
2773 4869 3194 4939 κατακρίσεωςς
3252 4867 3384 4923 Εἶτα
3438 4871 3533 4924 ἐὰν
3595 4873 3691 4925 καὶ
3736 4871 3897 4927 τοῦτο

2320 4960 2629 5030 προενέγκῃ
2660 4959 2722 5010 τὸ
2756 4976 2775 5010 t
2808 4960 2871 5011 Τί
2911 4959 3186 5030 ὠφελήσει
3231 4962 3521 5035 ἄνθρωπον
3553 4963 3647 5016 ἐὰν
3675 4965 3765 5035 τὸν
3803 4968 3895 5018 κό-

2321 5068 2458 5123 σμον
2488 5053 2607 5106 ὅλον
2627 5053 2887 5123 κερδήσῃ,
2912 5054 3010 5123 τὴν
3028 5053 3084 5107 δὲ
3117 5055 3293 5126 ψυχὴν
3331 5034 3501 5109 αὐτοῦ
3531 5034 3784 5127 ζημιωθῇ
3814 5075 3829 5123 ;
3870 5079 3889 5111 ι

2315 5144 2371 5198 τί
2426 5145 2767 5215 ποιήσομεν;
2831 5144 2895 5196 Τί
2955 5145 3283 5216 γενοίμεθας
3338 5148 3471 5201 Τίνα
3545 5150 3895 5221 παράκλησιν

2321 5234 2665 5306 οὗρήσομινς
2706 5232 2867 5303 Ἐγὼ,
2898 5235 3090 5289 τέκνον
3129 5238 3284 5307 ἐμὸν,
3322 5238 3420 5292 καὶ
3458 5241 3563 5310 πρὸ
3602 5242 3701 5310 τῆς
3743 5240 3894 5311 ῶρας

2322 5325 2537 5395 ἐκείνης
2581 5316 2753 5379 ταῦτα
2803 5326 2898 5380 νῦν
2921 5328 3119 5397 λέγων,
3149 5330 3269 5392 ὃλος
3314 5330 3632 5400 πληροῦμαι
3659 5332 3891 5401 φρίκης,

2296 5415 2443 5477 οὖλος
2462 5416 2723 5487 ἔντρομος
2754 5418 2891 5486 εἰμι.
2916 5419 2987 5470 Σὺ
3011 5419 3066 5469 δὲ
3085 5419 3187 5471 οὑκ
3204 5413 3320 5472 οἶδα
3346 5420 3491 5488 εἰμὴ
3518 5421 3760 5490 φρίττεις
3795 5422 3889 5473 καὶ

2323 5506 2549 5579 τρέμεις
2570 5508 2785 5570 συνετὸς
2816 5507 2892 5562 ὢν
2925 5508 3019 5560 καὶ
3042 5509 3303 5579 φρόνιμος
3328 5526 3339 5539 ’
3369 5512 3464 5564 καὶ
3490 5512 3613 5565 ὅσον
3640 5512 3738 5582 τῆς
3767 5512 3890 5566 ἐπι-
