4098 6436
511 312 585 374 79
621 293 624 296 ’
1658 297 1966 370 NlCOLAi
2009 299 2124 374 CP.

2239 306 2612 369 \TRIARCH
2625 307 2686 366 IE
3769 291 3841 356 ω

517 433 685 488 atque
736 416 948 476 foedera
1017 419 1163 475 inter-
1218 420 1505 476 Romanos
1548 430 1607 476 et
1663 422 1926 490 Bulgaros
1977 422 2113 474 inita

2239 420 2308 471 ἱιὰ
2368 418 2465 472 τοῦ
2525 416 2918 488 παναχρὰντου
2987 409 3387 485 βαπτίσματος
3446 409 3544 462 etv
3602 409 3840 479 Χριστὸν

519 513 809 582 utriusque
835 513 1129 583 potestatis
1153 514 1290 567 ﬁnes
1312 513 1843 569 determinavernnt.
1864 514 2118 568 Misimus

2239 513 2321 564 tati
2347 510 2488 563 Gs’tv
2506 510 2621 562 τῶν
2661 509 2811 564 ὅλων
2840 507 3166 575 ἐπιγνῶναι,
3205 505 3312 559 καὶ
3352 502 3431 556 τὰ
3488 502 3840 572 γεγενημένα

518 614 701 664 autem
725 604 794 660 ad
825 613 902 672 te,
931 606 1028 670 ﬁli,
1059 621 1169 660 non
1191 616 1252 660 ut
1284 606 1518 672 donum,
1550 609 1645 664 sed
1678 618 1739 662 ut
1759 607 2117 662 mediatorem

2239 604 2346 658 τότε
2379 603 2652 673 σύμφωνα
2669 602 2783 658 τῶν
2804 620 2866 657 τε
2902 601 3198 671 Ῥωμαίων
3226 600 3331 652 καὶ
3363 595 3714 666 Βουλγάρων
3745 593 3846 664 τὴν

520 707 688 767 atque
712 698 1015 762 vindicem,
1045 707 1296 754 nostram
1330 702 1810 768 exhortationem;
1835 699 2041 756 Christi
2065 709 2121 756 et

2239 695 2592 767 tmxpdtetav
2616 695 2928 766 διορίζοντα
2959 691 3444 763 συμπεφώνηται.
3488 687 3861 742 ’Λπεστείλαέ

520 786 616 844 Dei
666 791 844 848 nostri
895 791 1085 847 divina
1149 793 1369 866 eloquia
1413 794 1482 851 ad
1525 808 1626 852 eor
1653 804 1811 851 tuum
1863 795 2119 852 misimus

2239 807 2329 859 μεν
2370 789 2430 842 δὲ
2464 789 2568 860 οὐχ
2626 788 2705 854 ὡς
2754 788 2955 860 δῶρον,
3003 787 3123 842 ἀλλ’
3182 787 3266 850 ὡς
3331 783 3581 856 μεσίτην
3629 783 3728 837 καὶ
3775 780 3851 834 0i-

519 883 767 954 prudens
814 895 890 950 et,
925 895 984 939 ut
1008 887 1314 954 arbritror,
1346 898 1724 955 mansuetum,
1755 888 1975 945 etiamsi
2003 887 2122 945 dia-

521 975 633 1031 boli
656 977 916 1032 scandala
948 976 1082 1034 illud
1118 981 1600 1048 exacerbaverint;
1626 982 1832 1051 quibus
1858 991 2120 1051 tanquam

519 1067 591 1121 ob
619 1068 812 1125 oculos
845 1068 1053 1125 habens
1080 1070 1229 1126 illius
1260 1073 1533 1127 salutares
1578 1074 1866 1141 passiones
1899 1073 2124 1141 sangui-

523 1175 764 1231 nemque
815 1177 1034 1217 sacrum
1069 1178 1170 1233 pro
1202 1165 1568 1234 mundipacc
1596 1164 1855 1228 cﬂ'usmn,
1884 1180 1992 1219 non
2025 1165 2120 1217 tle-

522 1252 828 1322 dignabere
883 1269 1034 1308 meos
1079 1270 1398 1315 sermones,
1443 1255 1538 1310 sed
1579 1257 2122 1326 recipies,tanquam

524 1342 672 1398 ﬁlius
691 1356 903 1414 patrem
927 1347 1230 1411 honoratis,
1259 1357 1482 1404 nostras
1505 1347 1934 1412 cohortationes,
1960 1359 2126 1418 atque

525 1436 729 1495 saeculo
753 1437 1063 1507 exemplum
1094 1439 1380 1510 relinques
1409 1440 1460 1494 in
1485 1441 1718 1509 gloriam
1746 1442 1929 1511 magni
1955 1440 2051 1496 Dei
2074 1451 2127 1496 et

526 1528 833 1585 Salvatoris
865 1532 1063 1596 nostri,
1095 1531 1148 1585 in
1182 1533 1402 1606 laudem
1432 1549 1655 1604 quoque
1687 1533 1788 1594 tui.
1823 1544 1916 1594 et.
1944 1534 1989 1590 si
2021 1535 2123 1599 vis,

523 1625 703 1679 dicam
739 1628 873 1690 mei,
901 1642 969 1682 ac
998 1629 1052 1681 in
1089 1629 1436 1698 gloriazionis
1466 1631 1753 1684 materiam
1791 1631 1926 1685 mibi
1949 1673 1962 1694 ,
1984 1648 2124 1701 quo-

525 1717 674 1788 niam
725 1717 894 1771 ﬁlium
954 1713 1237 1772 habuerim
1266 1721 1499 1776 docilem
1546 1739 1789 1793 tuncque
1827 1725 2128 1779 senectutis

2224 882 2487 937 κειοῦντα
2517 882 2620 954 τὴν
2649 881 2832 954 ἡμῶν,
2859 882 3058 936 τέκνον
3088 880 3250 950 ἐμὸν,
3283 877 3641 949 παραίνεσιν
3685 877 3850 948 τῇσῇ

2225 978 2469 1049 φρονίμη
2495 977 2592 1030 καὶ⁵
2623 975 2852 1048 πραείᾳ,
2896 975 2975 1038 ὡς
3018 974 3134 1043 ἐγὼ
3188 972 3499 1042 πείθομαι,
3543 967 3775 1041 καρδίᾳ.
3806 969 3854 1020 si

2225 1073 2320 1125 καὶ
2343 1072 2413 1125 τὰ
2444 1071 2542 1127 τοῦ
2592 1071 2834 1142 πονηροῦ
2867 1069 3145 1124 σκάνδαλα
3197 1066 3432 1136 ταύτην
3487 1064 3853 1134 ἐξετράχυνε.

2224 1165 2298 1218 τὰ
2328 1165 2452 1218 θεῖα
2474 1162 2573 1218 τοῦ
2627 1162 2874 1232 Χριστοῦ
2928 1163 3026 1216 καὶ
3067 1161 3206 1216 Θεοῦ
3267 1178 3384 1231 μου
3421 1157 3632 1226 λόγιαο
3674 1156 3745 1209 δι’
3778 1147 3855 1208 ὧν

2227 1256 2418 1326 ὥσπερ
2443 1258 2502 1308 ὲν
2525 1255 2832 1325 ὀφθαλμοῖς
2863 1254 3007 1325 ἔχων
3053 1253 3126 1307 τὰ
3151 1253 3380 1308 ἐκείνου
3434 1251 3698 1321 σωτήρια
3745 1246 3857 1300 τῶν

2228 1348 2538 1420 ἀνθρώπων
2597 1349 2770 1420 πάθη,
2805 1350 2867 1403 τὺ
2903 1348 3121 1403 ἐκείνου
3167 1344 3440 1429 ξιενωθδν
3484 1343 3652 1413 ἅγιον
3716 1334 3857 1411 αἷμα

2229 1445 2372 1514 ὑπὲρ
2393 1447 2634 1516 εἰρήνης
2655 1445 2752 1501 τοῦ
2793 1444 3025 1514 κόσμου,
3061 1443 3138 1514 μὴ
3165 1444 3296 1506 τοὺς
3346 1439 3532 1511 ἐμοὺς
3563 1435 3858 1507 ἀτιμάσῃς

2232 1537 2454 1608 λόγους,
2490 1537 2631 1592 ἀλλὰ
2661 1537 2813 1603 δέξαι
2855 1538 2934 1601 ὠς
2962 1539 3161 1591 τέκνον
3192 1536 3370 1606 τιμᾷν
3406 1531 3664 1601 πατέρα,
3698 1527 3861 1592 είδὼς

2230 1632 2333 1694 τὰς
2373 1630 2656 1703 ἡμετέρας
2705 1620 3096 1702 παραινέσεις,
3151 1630 3248 1683 καὶ
3300 1625 3595 1682 κατάλιπε
3645 1621 3727 1694 τῷ
3758 1618 3861 1691 βίῳ

2233 1724 2600 1798 παράδειγμα
2637 1727 2718 1789 είς
2767 1725 2932 1790 δόξαν
2981 1722 3086 1792 μὲν
3140 1721 3236 1776 τοῦ
3287 1719 3550 1792 μεγάλου
3589 1714 3733 1770 Θεοῦ
3765 1712 3864 1768 καὶ

531 1820 940 1878 veneratorem,
977 1813 1071 1884 qui
1107 1815 1385 1869 scandulis
1421 1817 1655 1871 funestis
1678 1826 1845 1886 atque
1869 1817 2126 1884 pessimis

2239 1818 2484 1887 Σωτῆρος
2526 1815 2707 1887 ἡμῶν,
2743 1817 2826 1881 είς
2884 1816 3153 1887 καύχημα
3177 1815 3236 1868 δὲ
3286 1812 3412 1879 σὺν,
3452 1809 3646 1880 βούλει
3687 1806 3858 1875 λέγω,

527 1920 556 1956 a
592 1904 817 1960 diabolo
851 1905 993 1962 forte
1022 1910 1266 1963 evocatis
1316 1924 1663 1979 accensoque
1709 1909 2121 1979 inestinguibili

529 1996 810 2063 incendio,
833 1999 1045 2054 nefario
1065 1998 1301 2055 dthtmi
1327 2017 1433 2055 non
1457 2001 1704 2071 permisit
1744 2000 1999 2055 incendio
2016 2015 2046 2053 a
2065 2015 2125 2055 se

531 2106 768 2147 accenso
811 2092 1034 2169 diutius,
1060 2092 1307 2164 gloriari,
1338 2095 1432 2149 sed
1449 2096 1698 2149 ‘senioris
1728 2094 1904 2164 patris
1946 2094 2125 2166 laery-

529 2181 636 2234 mis
673 2181 1078 2251 gemitibusque
1108 2195 1163 2238 et
1193 2183 1481 2240 doloribus
1543 2186 1742 2240 cedens
1767 2226 1782 2252 ,
1810 2197 2131 2240 mansuetu-

528 2273 645 2327 dini
665 2282 724 2329 et
744 2275 1108 2331 moderationi
1130 2277 1198 2331 de
1223 2277 1394 2332 animi
1429 2279 1800 2333 amaritudine
1838 2280 2127 2335 victoriam

524 2367 826 2433 concessit,
863 2378 1028 2439 atque
1068 2369 1255 2427 cordis
1288 2371 1471 2441 ignem
1505 2372 1889 2443 exstinguens,
1922 2374 2047 2428 belli
2077 2383 2133 2430 et

530 2474 724 2526 pugna!
774 2448 918 2524 mala
957 2462 1010 2516 in
1053 2476 1282 2532 pacem,
1313 2463 1668 2519 dilectionem
1726 2476 1782 2521 et
1827 2466 2129 2521 amicitiam

529 2555 917 2609 commutavit.
982 2554 1142 2610 Fasit
1203 2554 1370 2619 Deus,
1419 2556 1475 2627 ,εἰ
1523 2572 1698 2627 usque
1750 2557 1915 2612 modo
1971 2560 2130 2629 (proh

529 2647 740 2703 diaboli
771 2649 1086 2720 malignitas
1111 2648 1151 2718 !)
1176 2664 1288 2703 non
1310 2649 1443 2704 sivit
1469 2647 1788 2705 inviolatam
1818 2650 1991 2706 fuisse
2011 2667 2132 2705 eam

532 2756 763 2810 pacem,
801 2742 1002 2794 amodo
1063 2740 1182 2795 fore
1239 2742 1309 2796 ab
1355 2740 1506 2796 omni
1559 2740 1765 2797 damno
1812 2752 1976 2812 atque
2025 2743 2138 2796 dis-

533 2834 794 2887 sensione
847 2833 1227 2899 incolumem,
1283 2834 1667 2904 dmmonisque
1740 2835 1961 2889 invidiae
2024 2849 2134 2892 non

534 2930 832 2983 obnoxiam
859 2964 875 2991 ,
896 2929 996 2984 sed
1026 2931 1299 2984 ﬁrmatam
1333 2928 1596 2984 ﬁrmitate
1616 2928 1770 2999 pacis
1802 2929 1950 2984 illius
1969 2944 2134 2997 quant

532 3021 759 3085 reliquit
787 3021 1064 3086 Christus,
1087 3021 1232 3076 Deus
1253 3031 1440 3076 noster
1454 3019 1707 3083 etPater,
1729 3020 1798 3074 iis
1829 3020 1926 3090 qui
1959 3022 2139 3090 ipsum

533 3111 749 3165 Patrem
779 3113 1117 3168 conﬁtentur
1140 3122 1198 3167 et
1223 3113 1457 3185 gloriam
1508 3111 1628 3183 ejus
1673 3121 1841 3183 atque
1863 3111 2144 3191 heredita-

532 3215 641 3258 tum
674 3205 1022 3261 desiderant.

2227 1913 2320 1964 καί
2343 1911 2404 1964 τὸ
2439 1911 2593 1980 ἐμὸν,
2631 1911 2725 1964 καὶ
2775 1910 2858 1972 εἰς
2898 1901 3298 1981 σεμνὸλόγημα
3321 1904 3461 1976 ἐμοὶ
3483 1944 3501 1968 ,
3535 1903 3626 1956 ὅτι
3673 1895 3862 1953 τοιοῦ-

2226 2022 2319 2058 τον
2343 2005 2504 2074 ἔσχον
2536 2005 2651 2058 υἱὸν
2669 2003 2903 2073 εὐπειθῆ
2920 2003 3018 2056 καὶ
3039 2002 3141 2073 τὴν
3165 2000 3307 2071 ἐμὴν
3329 1997 3543 2053 πολιὰν
3570 1992 3857 2066 τιμῶντα.

2228 2098 2291 2161 ὃς
2320 2113 2456 2150 ποτε
2495 2098 2592 2150 τοῦ
2624 2097 2870 2168 πονηροῦ
2915 2096 3175 2164 δαίμονος
3203 2091 3503 2148 σκάνδαλα
3556 2086 3726 2142 δεινὰ
3765 2082 3865 2137 καὶ

2234 2191 2472 2263 μέγιστα
2522 2191 2887 2260 ὲμσα).ὀντος,
2916 2189 3014 2242 καὶ
3047 2188 3262 2251 τούτοις
3293 2186 3504 2255 ὥσπερ
3565 2177 3864 2251 πυρκαϊὰν
3953 2178 3961 2181 ’

2233 2286 2648 2356 ἁναφλέξαντος
2673 2284 3105 2349 ἁκατὰσῦεστον,
3137 2284 3240 2336 οὐκ
3285 2282 3504 2335 ἔδωκεν
3559 2275 3756 2349 χώραν
3784 2269 3865 2342 τῷ

2235 2379 2460 2451 πονηρῷ
2488 2378 2708 2450 δαίμονι
2755 2378 2850 2432 ὲπὶ
2882 2377 3019 2431 πολὺ
3054 2373 3445 2444 ὲγκαυχᾶσθαι
3472 2373 3547 2442 τῇ
3583 2365 3724 2437 παρ’
3764 2365 3864 2420 σύ-

2233 2474 2331 2526 τοῦ
2352 2474 2654 2545 ὲξαφθείσῃ
2677 2473 2959 2543 πυρκαιᾷο
2999 2469 3136 2524 ἀλλὰ
3169 2468 3439 2537 γέροντος
3469 2462 3694 2533 πατρὸς
3744 2458 3863 2519 τοῖς

2235 2566 2469 2637 δάκρυσι
2487 2563 2744 2636 προσχὼν
2760 2566 2855 2617 καὶ
2871 2565 2983 2638 τοῖς
2997 2563 3263 2632 ὀδυρμοῖς
3281 2562 3377 2614 καὶ
3393 2562 3516 2622 τοῖς
3541 2557 3692 2627 ἀλγή
3703 2569 3861 2626 μασι,

2240 2660 2320 2728 τῷ
2343 2660 2508 2729 πράῳ
2525 2659 2621 2712 καὶ
2655 2659 2897 2710 ἐπιεικεῖ
2921 2656 3094 2708 ἔδωκε
3133 2642 3357 2725 νικῆσαι
3382 2651 3496 2718 τῆς
3534 2648 3730 2720 ψυχῆς
3762 2644 3862 2714 τὴν

2239 2749 2493 2820 πικρίαν,
2511 2749 2684 2801 καὶτὸ
2701 2749 2815 2818 πῦρ
2839 2746 3155 2809 ἀποσϐέσας
3171 2743 3268 2798 τοῦ
3284 2743 3496 2814 θυμοῦ,
3515 2741 3592 2794 τὰ
3619 2738 3726 2810 τῆς
3757 2736 3860 2807 μά-

2244 2859 2350 2912 χης
2376 2840 2591 2911 χαλεπὰ
2616 2841 2713 2892 καὶ
2745 2840 2840 2892 τοῦ
2869 2838 3136 2904 πολέμου,
3162 2834 3474 2909 μετέϐαλεν
3492 2834 3588 2899 ,είς
3626 2832 3862 2912 εἰρήνην

2246 2907 2344 2989 καὶ
2366 2907 2599 3003 αήγάπην
2623 2934 2721 2985 καὶ
2751 2933 2962 3001 φιλίαν.
2988 2933 3092 2984 Ἤν
3123 2907 3400 3004 παράσχοι
3441 2926 3611 2992 Θεὸς,
3668 2925 3721 2978 εί
3757 2907 3862 2975 ’καὶ

2245 3027 2408 3099 μέχρι
2438 3025 2532 3079 τοῦ
2566 3025 2684 3091 νῦν,
2711 3025 2814 3093 φεῦ
2850 3024 2951 3095 τῆς
2984 3024 3078 3078 τοῦ
3123 3022 3367 3095 πονηροῦ
3399 3019 3691 3092 ἐπηρείας
3716 3017 3731 3070 ί
3761 3014 3861 3068 οὐκ

2242 3119 2461 3189 ἀφῆκεν
2481 3121 2922 3191 ἀνεπηρέαστον,
2939 3118 3054 3172 ἀλλ’
3075 3117 3189 3173 ἀπό
3215 3135 3278 3186 γε
3307 3116 3404 3170 τοῦ
3431 3116 3724 3188 παρόντος
3744 3112 3865 3165 δια-’

2157 3205 2199 3261 C
2230 3213 2453 3266 τελέσαι
2487 3213 2773 3284 ἀνωτέραν
2798 3210 2970 3283 αὐτὴν
2999 3207 3183 3282 πᾶσης
3215 3211 3419 3281 βλάϐης
3447 3210 3548 3264 καὶ
3584 3208 3850 3279 διχοσταο

535 3300 680 3363 σίας,
706 3300 801 3352 καὶ
833 3298 927 3352 τοῦ
960 3298 1158 3369 φθόνου
1189 3297 1284 3353 τοῦ
1313 3299 1569 3370 δαίμονος
1595 3280 2312 3372 κρείττοναδιαμένουσαν,
2351 3307 2448 3359 καὶ
2479 3280 3006 3376 κατησςραλισμένην
3030 3307 3097 3374 τῇ
3141 3280 3439 3373 νάσφαλείᾳ
3467 3302 3576 3369 τῆς
3601 3300 3850 3379 ¹εἰρήνης

535 3393 774 3463 ἐκείνης,
803 3394 872 3464 ἢν
928 3393 1223 3447 κατέλιπεν
1244 3397 1272 3445 ὀ
1308 3393 1546 3463 Χριστὸς
1577 3393 1670 3447 καὶ
1690 3392 1825 3456 Θεὸς
1861 3393 2042 3463 ἡμῶν,
2071 3396 2168 3448 καὶ
2205 3398 2421 3469 Πατὴρ,
2453 3400 2569 3463 τοῖς
2596 3396 2957 3469 ὁμολογοῦσιν
2997 3397 3164 3449 αὑτὸν
3201 3395 3451 3466 Πατέρα,
3479 3391 3583 3448 καὶ
3614 3391 3720 3461 τὴν
3754 3386 3854 3443 αὐ-

534 3488 629 3542 τοῦ
658 3485 985 3542 ἐπιποθοῦσι
1014 3487 1176 3554 δόξαν
1215 3487 1310 3541 καὶ
1346 3485 1740 3557 κληρονομίαν.

611 3588 848 3643 Litteras
887 3587 981 3654 qui
1019 3584 1283 3656 portabit,
1316 3585 1407 3639 ille
1433 3593 1525 3640 tua
1556 3583 1939 3640 benevolentia
1983 3582 2143 3639 frua-

538 3695 650 3748 tur,
683 3692 737 3736 et
775 3681 997 3751 quidem
1032 3681 1105 3734 ob
1147 3694 1308 3735 suam
1345 3678 1609 3733 virtutem
1649 3697 1663 3731 :
1705 3685 1852 3732 unus
1881 3678 2028 3733 enim
2060 3685 2145 3731 est

535 3789 600 3830 ex
633 3775 846 3847 Olympi
877 3772 1103 3837 ascetis,
1138 3771 1264 3826 ﬁdei
1291 3781 1475 3826 tamen
1510 3770 1738 3826 Verbum
1772 3774 1914 3827 inter
1941 3769 2146 3824 Alanos

543 3873 596 3926 in
637 3870 837 3923 virtute
871 3865 1113 3936 Spiritus
1147 3865 1323 3920 sancti
1359 3863 1763 3926 disseminavit,
1786 3871 1951 3930 atque
1973 3875 2004 3914 a
2035 3861 2144 3915 Deo

544 3963 756 4032 accepit
788 3961 990 4017 divinis
1024 3958 1291 4030 apostolis
1327 3958 1472 4011 haud
1507 3957 1686 4025 impar
1727 3955 2095 4009 ministerium
2125 3971 2141 4019 ;

542 4074 665 4130 qua:
688 4058 822 4113 satis
853 4063 982 4110 sunt
1015 4055 1083 4110 ad
1111 4050 1521 4109 conciliandum
1555 4064 1681 4104 eum
1741 4044 1906 4119 atque
1954 4048 2147 4102 nnien-

543 4154 674 4209 dum
711 4151 1036 4206 veneranda:
1066 4158 1174 4204 tua:
1204 4145 1482 4217 majestati
1513 4162 1528 4212 ;
1572 4151 1630 4200 et
1660 4143 1706 4198 si
1731 4157 1840 4214 qua
1860 4151 1942 4197 est
1971 4142 2146 4195 nostri

545 4249 686 4319 apud
709 4259 761 4301 te
786 4245 951 4308 ratio,
976 4259 1099 4298 esse
1118 4251 1303 4297 autem
1324 4254 1437 4295 non
1466 4239 1603 4294 mibi
1623 4238 1856 4292 dubium
1871 4246 1976 4303 est,
1991 4235 2072 4290 ‘ob
2094 4236 2145 4290 id

543 4356 769 4412 quoque
805 4350 898 4394 tua
936 4336 1046 4390 frui
1083 4331 1471 4390 benevolentia
1515 4330 1718 4401 dignus
1745 4329 2031 4391 trahentur,
2065 4335 2149 4381 at-

543 4453 651 4504 que
667 4435 834 4489 citius
859 4433 923 4486 ad
950 4445 1050 4485 nos
1075 4423 1407 4484 revertatur.
1434 4426 1585 4481 Bene
1603 4420 1875 4479 valentem
1899 4431 1951 4477 te
1969 4430 2151 4476 servet

2337 3584 2398 3637 '0
2428 3581 2487 3636 δὲ
2516 3582 2613 3636 τοῦ
2664 3581 2999 3654 γράμματος
3044 3582 3428 3652 ἀποκομιστὴι,
3475 3580 3862 3636 ἀπλαυσὰτω

2241 3679 2340 3748 τῆς
2365 3679 2464 3749 σῆς
2488 3680 2819 3741 ἐπιεικείας,
2835 3677 2990 3731 τοῦτο
3007 3677 3105 3748 μὲν
3120 3677 3208 3731 διὰ
3226 3675 3324 3747 τὴν
3349 3675 3676 3748 προσοῦσαν
3707 3671 3860 3743 αύτῷ

2247 3771 2471 3840 ἀρετὴν,
2504 3771 2723 3840 καὶγὰρ
2741 3771 2768 3824 ὀ
2787 3770 2884 3824 ἄνθ
2895 3769 3076 3840 ρωπός
3097 3771 3215 3823 ἐστι
3235 3769 3338 3838 μὲν
3368 3768 3477 3822 τῶν
3497 3770 3558 3823 ἐν
3586 3767 3860 3838 Ὀλύμπῳ

2243 3862 2504 3931 ἀσκητῶν
2540 3861 2980 3930 καθηγούμενος.
3011 3862 3074 3913 ού
3109 3861 3215 3929 μὲν
3247 3860 3388 3914 ἀλλὰ
3421 3861 3516 3914 καὶ
3544 3861 3643 3915 τὸν
3694 3859 3858 3926 λόγον

2243 3957 2345 4024 τῆς
2370 3954 2613 4016 πίστεως
2661 3955 2721 4006 ὲν
2759 3953 3008 4015 Ἀλανοῖς
3047 3947 3205 4016 οὗτος
3255 3955 3314 4005 ὲν
3361 3955 3430 4022 τῇ
3488 3953 3731 4023 δυνάμει
3762 3947 3855 4004 τοῦ

2248 4045 2519 4111 παναγίου
2574 4043 2802 4114 ἔσπειρε
2842 4043 3183 4113 Πνεύματος,
3233 4042 3328 4097 καὶ
3387 4043 3480 4096 ίσα
3519 4047 3637 4107 τοῖς
3688 4043 3859 4101 θείοις

2247 4137 2578 4201 ἀποστόλοις
2615 4137 3004 4208 λειτουργῆσαι
3048 4137 3203 4206 παρὰ
3249 4136 3390 4191 Θεοῦ
3446 4137 3857 4208 ἀποκεκλήρω-

2247 4250 2358 4285 ται.
2406 4233 2564 4285 Ἔστι
2596 4232 2693 4302 μὲν
2725 4231 2821 4285 οῦν
2861 4232 3034 4286 ταῦτα
3061 4231 3297 4302 μέγιστα
3326 4231 3464 4302 πρὸς
3503 4231 3564 4285 τὸ
3583 4230 3857 4301 συστῆσαι

2252 4326 2417 4379 αὑτὸν
2450 4326 2546 4379 καὶ
2575 4325 2880 4387 οἰκειῶσαι,
2905 4325 3099 4378 τέκνον
3125 4325 3307 4394 ἡμῶν,
3345 4326 3413 4397 τῇ
3446 4326 3513 4395 σῇ
3537 4323 3858 4394 θεοτιμήτῳ

2250 4419 2472 4489 ἐξουσία
2494 4435 2507 4449 '
2544 4420 2594 4471 εί
2621 4419 2675 4471 δέ
2704 4418 2788 4480 τίς
2813 4420 2951 4481 ἐστι,
2981 4417 3077 4470 καὶ
3122 4418 3284 4489 ἡμῶν
3335 4416 3488 4488 παρὰ
3534 4419 3620 4470 σοὶ
3669 4416 3853 4484 λόγος,

544 4527 802 4583 Christus
837 4524 981 4578 Deus
1006 4533 1196 4577 noster
1225 4530 1281 4575 et
1313 4527 1498 4574 mente
1533 4527 1588 4573 et
1632 4530 1864 4586 corpore
1887 4555 1902 4578 ,
1937 4515 2137 4584 tibique

2253 4513 2354 4565 οὐκ
2393 4509 2723 4580 epotam.»
2774 4509 2830 4562 δὲ
2863 4509 3080 4573 πάντως
3129 4511 3213 4563 ὅτι
3256 4510 3402 4576 ἐστὶ,
3436 4512 3531 4565 καὶ
3574 4510 3665 4565 διὰ
3693 4506 3859 4562 τοῦτο

547 4623 639 4676 det
690 4634 753 4674 ea
786 4618 1054 4687 cogitare,
1089 4615 1287 4669 curare
1321 4619 1376 4666 et
1407 4623 1573 4679 agere
1611 4623 1735 4679 quae
1771 4621 1824 4663 te
1868 4609 1924 4662 in
1968 4606 2153 4660 futuro

547 4714 753 4768 sarculo
811 4711 960 4765 illius
988 4708 1178 4778 gloria:
1213 4705 1486 4760 haeredem
1548 4702 1775 4765 faciant,
1816 4699 2153 4757 beatissima;

549 4808 756 4877 gloriae,
807 4805 1107 4872 suavisque
1169 4796 1498 4869 voluptatis,
1532 4811 1656 4851 cum
1709 4795 1852 4850 Deus
1881 4795 2024 4848 inter
2058 4807 2154 4846 eos

548 4902 642 4971 qui
697 4899 802 4955 sibi
845 4897 1176 4967 placuerint,
1213 4893 1432 4947 medius
1486 4900 1680 4955 stans,
1725 4888 1836 4944 illis
1887 4896 2151 4957 tanquam

549 4995 655 5048 diis
689 4988 1138 5059 incorruptibiles
1179 4986 1409 5042 delicias
1460 4981 1774 5039 distribuet.

2253 4604 2545 4673 ἀξιωθήτω
2592 4607 2693 4675 τῆς
2738 4604 2837 4674 σῆς
2890 4605 3198 4667 ἐπιεικείας
3257 4602 3593 4668 ἀπολαῦσαι,
3626 4603 3725 4658 καὶ
3765 4597 3857 4654 διὰ

2254 4699 2459 4768 τάχους
2513 4695 2618 4769 τὴν
2678 4697 2815 4768 πρὸς
2866 4698 3017 4767 ημᾶς
3073 4697 3430 4751 ἐπανελευσιν
3495 4694 3852 4767 ποιήσασθαι.

2268 4793 2618 4862 Ἐρρωμένον
2676 4807 2735 4842 σε
2791 4789 3019 4857 φυλάξοι
3071 4790 3309 4861 Χριστὸς
3339 4790 3526 4852 ὁΘεὸς
3574 4784 3856 4859 ἡμῶνκαὶ

2251 4883 2401 4954 ψυχῇ
2441 4882 2539 4936 καὶ
2576 4882 2815 4952 σώματι,
2843 4882 3028 4935 ἐκεῖνα
3069 4883 3165 4934 καὶ
3201 4882 3505 4953 φρονοῦντα
3543 4883 3641 4935 καὶ
3689 4877 3854 4952 μελε-

2254 4976 2436 5030 τῶντα
2493 4977 2588 5028 καὶ
2620 4974 2952 5041 πράττοντα,
3009 4975 3111 5027 ὅσα
3166 4977 3223 5027 ὲν
3262 4975 3344 5046 τῷ
3395 4974 3649 5045 μέλλοντι
3693 4968 3854 5027 αίῶνι

550 5094 650 5164 τῆς
683 5093 898 5146 ἐκείνου
930 5089 1275 5160 κληρονόμον
1335 5084 1678 5156 καταστήσοι
1707 5081 1890 5150 δόξης,
1926 5082 2029 5150 τῆς
2057 5079 2229 5140 ὄντως
2293 5072 2575 5146 μακαρίας
2641 5071 2802 5141 δόξης
2836 5069 2934 5125 καὶ
3002 5070 3245 5143 τερπνῆς
3307 5067 3594 5137 γλυκείας,
3635 5068 3722 5120 ὅτε
3745 5062 3853 5116 τῶν

552 5189 1048 5261 εὐαρεστησάντων
1096 5181 1249 5254 αύτῷ
1285 5183 1343 5235 ὲν
1387 5180 1540 5252 μέσῳ
1597 5179 1730 5240 θεὸς
1788 5175 1864 5228 ὢν
1892 5174 1969 5238 ὡς
2004 5173 2147 5235 θεοῖς
2181 5169 2593 5239 καθιστάμενος
2636 5165 2734 5230 τὰς
2781 5165 3045 5236 διανομὰς
3116 5165 3346 5237 παρέξει
3414 5164 3526 5218 τῶν
3557 5164 3855 5235 ἀφθάρτων

554 5285 937 5342 ἀπολαύσεων.

1123 5417 1193 5474 Χ.
1228 5417 1312 5472 Ad
1336 5416 1598 5471 eumdem.

628 5565 846 5621 Dictutn
878 5555 1010 5615 illud
1043 5572 1221 5627 ipsum
1255 5554 1402 5625 quod
1435 5551 1490 5606 in
1520 5551 1699 5620 capite
1739 5560 1842 5602 tua:
1883 5548 2161 5618 prmelarae

558 5672 721 5732 atque
773 5654 1038 5727 sapientis
1078 5652 1325 5723 epistolae
1369 5645 1627 5718 posuisti,
1665 5659 1764 5714 ego
1806 5658 2025 5714 quoque
2072 5640 2162 5694 hic

559 5754 614 5808 in
660 5753 840 5823 capite
893 5761 1060 5818 pono,
1117 5745 1190 5798 ﬁli
1236 5742 1333 5807 mi,
1371 5741 1414 5795 si
1454 5751 1631 5795 tamen
1671 5737 1838 5789 ﬁlium
1878 5733 2163 5788 noininare

557 5853 792 5917 oportet,
815 5845 908 5914 qui
939 5851 1150 5912 patrem
1179 5836 1381 5908 injuria
1426 5833 1623 5900 allicit;
1659 5841 1814 5902 pater
1852 5839 2032 5884 tamen
2066 5826 2164 5884 tibi

2867 5398 2900 5454 l'
2913 5441 2926 5455 .
2966 5399 3048 5465 Τῷ
3094 5398 3253 5463 αὐτῷ
3267 5438 3281 5452 .

2336 5545 2476 5598 Abeo
2529 5543 2687 5595 τοῦτο
2744 5543 2844 5610 τῆς
2890 5539 3065 5607 καλῆς
3105 5539 3199 5590 καὶ
3234 5537 3508 5607 φρονίμης
3568 5532 3854 5600 ἐπιστολῆς

2266 5657 2360 5692 σου
2415 5637 2474 5690 τὸ
2516 5633 2940 5704 προηγούμενον
3003 5633 3180 5703 ῥῆμα,
3218 5629 3374 5696 κάγὼ
3439 5625 3855 5698 προηγούμενον

2262 5731 2479 5800 τίθημι,
2528 5731 2718 5780 τεκνον
2776 5725 2957 5796 ἡμῶν,
3014 5724 3171 5794 εἴπερ
3202 5723 3286 5776 δεῖ
3341 5721 3534 5774 τέκνον
3585 5719 3773 5771 καλεῖν
3797 5713 3856 5768 τὸ

2267 5823 2491 5895 ὑϐρίζον
2523 5821 2739 5892 πατέρα
2772 5822 2991 5884 τέκνον,
3022 5816 3204 5886 πατὴρ
3239 5814 3294 5867 δὲ
3348 5813 3460 5878 σὸς,
3507 5812 3573 5866 ἄν
3599 5829 3654 5867 τε
3694 5808 3857 5880 βούλῃ
