4098 6446
331 317 397 379 81
1772 318 1792 375 '.
1827 314 2185 375 PlSTOLIR.

3511 316 3583 377 82

330 427 402 481 ἂν
431 444 491 479 τε
528 428 605 497 μὴ
635 426 825 499 βούλῃ,
858 425 1159 488 ἐπίσκοπος
1206 425 1258 478 εἰ
1307 426 1402 478 καὶ
1436 424 1724 494 ἐλάχιστος
1753 425 1785 477 ὁ
1810 424 1888 493 τὴε

2009 429 2116 485 est,
2152 420 2288 476 velis
2318 420 2480 485 nolis,
2507 421 2822 493 cpiscopus,
2848 438 3163 493 quanquam
3188 424 3468 491 minimus,
3488 427 3582 496 qui

327 523 413 582 εἰς
438 522 571 572 Θεὸν
596 520 672 589 μη
701 519 1095 590 ἀπηρνημίνος
1120 518 1426 572 εὐσέϐειαν.
1454 517 1565 570 Καὶ
1594 516 1707 587 γὰρ
1734 517 1780 568 εί
1815 518 1911 569 καὶ

330 611 675 679 ἁμαρτωλοὶ,
703 609 820 663 ἀλλ’
843 612 943 679 οὐχ
985 610 1131 680 ὑμᾶς
1162 608 1455 662 ἐπίσκοποι
1511 610 1708 679 κριτὰς
1751 608 1911 676 ἔχου-

330 720 457 756 σιν’
504 703 660 773 ὑμῶν
684 704 745 757 δὲ
800 702 989 774 κριταὶ
1031 703 1393 771 τυγχάνωσιν
1430 703 1482 754 οἱ
1514 701 1824 764 ἐπίσκοποι,
1861 702 1916 754 εῐ

332 812 395 860 γε
430 796 528 864 τῆς
554 794 797 865 Χριστοῦ
846 794 1054 864 ἀγέλης
1090 795 1239 856 ἐστὲ,
1277 795 1376 846 καὶ
1425 794 1502 864 μὴ
1552 794 1653 863 τῆς
1695 794 1908 846 ἐκείνου

327 888 571 957 ποίμνης
615 886 996 957 πλανώμενον
1050 886 1168 940 ἀλλ’
1220 885 1643 954 ἑμωράνθημεν,
1675 885 1748 948 ὡς
1773 886 1908 953 ἔφης

323 982 356 1030 ὁ
386 984 651 1049 φρόνιμος
675 980 782 1032 σύσ
828 978 1266 1048 εὐχαριστοῦμεν
1312 978 1391 1047 τῷ
1451 978 1601 1046 Θεῷο
1625 979 1786 1049 ημῶν
1828 979 1907 1048 τῷ

322 1071 492 1139 χάριν
512 1072 623 1125 τῶν
668 1071 959 1140 ἁμαρτιῶν
982 1072 1144 1139 ἡμῶν
1189 1072 1272 1134 είς
1310 1071 1374 1123 τὸ
1399 1070 1598 1140 ἔδαφος
1637 1072 1785 1141 ἡμᾶς
1806 1075 1906 1143 τῆς

324 1158 542 1228 ῦσρεως
564 1159 805 1230 ῥίψαντι.
842 1158 987 1212 Ἀλλ’
1002 1158 1124 1213 είπέ
1147 1176 1259 1230 μοι,
1281 1162 1310 1213 ὁ
1333 1160 1496 1228 σοφὸς
1515 1162 1583 1214 σὺ
1596 1160 1695 1213 καὶ
1716 1179 1905 1232 φρονι-

325 1250 600 1321 μώτατος,
623 1252 674 1303 εί
692 1250 804 1318 ἐγὼ
820 1252 1005 1319 μωρὸς
1020 1254 1049 1305 ὁ
1060 1252 1292 1322 γηραιὸς
1307 1252 1512 1321 πατὴρ,
1528 1254 1623 1304 καὶ
1637 1253 1904 1306 δυσωπῶν

321 1342 494 1394 παῖδα
512 1344 728 1395 νεανίαν
744 1343 890 1413 ὑπὲρ
902 1344 1153 1413 εἰρήνης,
1172 1343 1312 1413 ὑπὲρ
1328 1333 1793 1414 διαλ).αγῆς,ὑπὲρ
1809 1346 1901 1398 τοῦ

318 1434 485 1504 λῆξαι
544 1435 852 1505 κενούμενα
917 1436 1265 1504 Χριστιανῶν
1316 1436 1549 1506 αἵματα,
1596 1437 1679 1498 τίς
1706 1438 1771 1489 ἂν
1810 1438 1900 1506 εἴη

317 1528 544 1590 νεανίας
597 1528 712 1589 υξδς
762 1530 913 1581 ὸτδν
967 1532 1185 1599 πατέρα
1237 1530 1495 1599 εἰρηνικὰ
1546 1530 1905 1582 δυσωποῦντα

320 1619 511 1687 μωρὸν
537 1619 870 1685 ἀποκαλῶν;
902 1621 1145 1691 Πρόσχες
1175 1616 1266 1673 οἶα
1304 1623 1547 1690 φρονεῖς,
1575 1616 1663 1673 οἷα
1692 1622 1903 1688 λέγεις,

314 1702 412 1760 οἷα
440 1708 696 1777 γράφεις.
724 1729 743 1761 ι
783 1705 958 1775 Εἶδον,
980 1711 1166 1778 ἔλεγεν
1204 1714 1233 1764 ὁ
1254 1713 1565 1782 προφήτης,
1594 1713 1898 1782 ὑπερυψού-

321 1818 488 1869 μενον
523 1804 613 1855 καὶ
645 1802 1011 1871 ἐπαιρόμενον
1059 1803 1143 1874 (τὸ
1170 1804 1545 1873 παραλειφθὲν
1602 1806 1733 1873 ἡμῖν
1759 1806 1898 1857 αἰδοῖ

313 1895 387 1960 τῇ
415 1893 553 1959 πρὸς
583 1892 646 1945 σὲ
676 1895 1138 1964 παραλέλειπταν
1169 1896 1234 1947 σὺ
1259 1896 1314 1948 δὲ
1340 1897 1440 1948 οὐκ
1465 1897 1786 1965 ἡγνόηκας),
1807 1899 1900 1949 καὶ

311 1986 621 2054 παρῆλθον,
650 1989 749 2040 καὶ
768 1986 881 2041 Bob
903 1989 1005 2039 οὐκ
1033 1984 1123 2056 ἦν,
1149 1990 1244 2041 καὶ
1280 1990 1526 2059 ἐζήτησα
1576 1991 1761 2056 αὐτὸν,
1806 1994 1903 2043 καί⁹

308 2078 412 2146 οὐχ
450 2078 651 2151 εὑρέθη
684 2081 714 2134 ό
736 2078 901 2141 τύπος
929 2080 1119 2133 αὑτοῦ.
1163 2101 1182 2133 ι
1219 2082 1386 2153 Ἀλλὰ
1435 2083 1595 2135 τοῦτο
1620 2084 1679 2136 τὸ
1732 2085 1899 2155 μέρος

309 2169 574 2223 τοσοῦτον
631 2172 810 2241 ἐχέτω
854 2172 918 2226 τδ
957 2172 1230 2242 γράμμαο
1290 2173 1359 2225 τὰ
1398 2173 1456 2225 δὲ
1481 2173 1681 2243 ἐφεξῆς
1704 2175 1897 2227 ἄκουε.

310 2263 410 2331 Μὴ
441 2262 634 2331 νόμιζε
662 2264 763 2333 τὴν
790 2265 1167 2335 γεγενημένην
1183 2259 1355 2337 ἧτταν
1373 2265 1481 2318 τῶν
1508 2266 1615 2319 σῶν
1651 2267 1899 2333 ματαίων

305 2354 589 2424 λογισμῶν
612 2358 708 2408 ἐπὶ
744 2357 1023 2409 τελειώσει
1072 2357 1422 2427 γεγενῆσθαι,
1458 2359 1533 2427 μὴ
1566 2359 1727 2411 τοῦτο
1766 2361 1895 2411 ὑπο-

304 2447 584 2515 λάμϐανε·
613 2450 725 2501 εἶδ’
763 2449 1194 2519 ὑπολαμϐάνεις,
1218 2451 1293 2512 ὡς
1319 2450 1591 2520 φλυαρίαν
1618 2454 1897 2522 ἀποστρὰ-

305 2541 448 2609 me;
470 2540 568 2610 την
596 2541 894 2610 ὑπόληψιν.
933 2542 1099 2595 Ἀλλά
1150 2544 1430 2612 νενίκηται
1456 2544 1484 2593 ὁ
1512 2542 1648 2611 πρὸς
1677 2544 1735 2595 σὲ
1764 2545 1895 2607 λαὸς

303 2624 743 2703 ἐκστρατεύσας,
767 2633 988 2703 πρῶτον
1011 2635 1114 2703 μὲν
1148 2635 1415 2704 κρίμασιν
1438 2636 1775 2705 ἀπορρήτοις
1798 2636 1893 2688 τοῦ

302 2724 371 2787 ἐξ
420 2725 765 2793 ἀποκρύφων
818 2725 1063 2795 ταμείων
1116 2726 1216 2789 τὰς
1237 2727 1434 2779 ἑαυτοῦ
1467 2728 1681 2796 κρίσεις
1728 2729 1889 2780 ὁπότε

303 2816 556 2885 βούλοιτο
580 2816 917 2886 προάγοντος
935 2834 950 2845 ·
986 2816 1240 2887 δεύτερον
1262 2818 1342 2881 δὲ,
1372 2818 1498 2870 ὅσον
1520 2817 1638 2869 ἔστι
1672 2820 1765 2869 καὶ
1797 2819 1891 2870 ἀν-

302 2904 550 2973 θρώποις
604 2904 831 2968 ειδέναι,
886 2904 999 2957 τῶν
1032 2904 1255 2957 οἰκείων
1294 2904 1483 2957 ἕνεκεν
1531 2904 1886 2972 σφαλμάτων.

300 2996 509 3058 Κακῶς
560 2999 734 3059 ποιεῖς
773 2997 870 3048 καὶ
924 2997 989 3048 οὐ
1037 2997 1528 3066 περιεσκεμμένως
1583 2996 1687 3065 τὴν
1729 2997 1889 3065 νίκην

2016 513 2071 566 in
2098 511 2265 566 Deum
2298 514 2551 582 pietatem
2582 529 2689 569 non
2712 515 2948 585 negavit.
2989 516 3216 570 Etiamsi
3242 516 3438 571 etenim
3455 532 3585 587 pec.

2012 606 2279 671 caverint,
2310 620 2410 660 vos
2443 604 2654 673 iudices
2705 621 2812 660 non
2844 606 3048 662 habent
3073 608 3341 677 episcopi;
3371 607 3585 675 iudices

2008 711 2041 750 e
2057 705 2246 749 contra
2270 696 2433 751 vestri
2452 707 2582 752 sunt
2596 697 2858 767 episcopi,
2881 698 2927 753 si
2950 706 3127 751 tamen
3150 713 3181 752 e
3199 698 3401 752 Christi
3424 716 3585 769 grege

2008 788 2163 850 estis,
2190 803 2297 840 non
2326 797 2505 841 autem
2537 787 2695 855 longe
2738 787 2809 841 ab
2844 788 2964 857 ejus
3006 788 3135 842 ovili
3178 801 3456 854 errantes;
3489 790 3581 843 sed

2008 879 2334 944 insanimus,
2363 888 2424 933 ut
2442 877 2589 935 dicis
2613 890 2672 935 tu
2697 880 2917 950 sapiens
2943 894 2960 932 :
2993 879 3103 935 Deo
3127 880 3331 949 gratias
3349 881 3582 950 agimus,

2006 974 2099 1041 qui
2134 984 2357 1041 propter
2385 983 2608 1043 peccata
2638 984 2847 1039 nostra,
2879 974 2946 1029 ad
2986 976 3151 1028 imam
3182 974 3435 1044 injuriam
3466 990 3585 1043 prn-

2005 1066 2218 1117 stravit.
2256 1064 2359 1119 Sed
2383 1067 2471 1120 dic
2506 1066 2663 1129 mibi,
2708 1077 2762 1120 tu
2788 1067 3006 1135 sapiens
3032 1076 3085 1120 et
3102 1065 3584 1136 prudentissimus,

2006 1156 2180 1227 siego
2216 1160 2445 1214 insanus
2490 1159 2673 1213 senior
2724 1167 2899 1228 pater,
2933 1158 3205 1227 juniorem
3263 1157 3433 1212 ﬁlium
3489 1172 3589 1227 pro

2003 1264 2135 1319 pace
2166 1250 2481 1314 obsecrans,
2526 1266 2623 1320 pro
2650 1250 2909 1315 induciis,
2942 1264 3043 1319 pro
3083 1250 3383 1305 cessatione
3424 1247 3586 1304 Chri-

2002 1341 2167 1395 stiani
2191 1342 2472 1412 sanguinis
2498 1341 2801 1407 elfusionis,
2832 1342 2963 1412 quid
2986 1350 3073 1395 est
3095 1332 3282 1411 junior
3307 1340 3452 1395 tilius
3484 1354 3587 1409 pa-

2006 1441 2143 1485 trem
2169 1448 2268 1501 pro
2291 1447 2421 1501 pace
2457 1433 2832 1489 obsecrantem
2856 1434 3139 1502 appellans
3168 1432 3462 1486 insanum?
3490 1433 3585 1484 At-

2001 1524 2247 1577 tendisne
2266 1538 2389 1592 qua:
2407 1524 2634 1590 sentias,
2663 1540 2786 1593 qua:
2800 1523 2974 1587 dicas,
3000 1539 3122 1593 quae
3151 1522 3361 1577 seribas
3376 1523 3426 1575 ‘!¢
3440 1522 3585 1584 Vidi,

1999 1615 2181 1683 inquit
2206 1615 2489 1685 propheta,
2517 1616 2982 1684 superexaltatum
3010 1625 3065 1669 et
3101 1615 3371 1668 elevatum
3417 1613 3583 1685 (quod

1998 1708 2311 1773 omisimus,
2342 1706 2415 1762 ob
2443 1707 2525 1761 tui
2560 1709 2920 1761 reverentiam
2939 1714 3023 1761 est
3052 1707 3338 1772 omissum,
3370 1720 3476 1759 non
3494 1720 3582 1759 auo

1929 1781 1971 1834 Β
2002 1808 2105 1852 tem
2136 1798 2482 1870 tuignoras),
2513 1798 2761 1864 transivi,
2782 1808 2839 1853 et
2879 1814 3007 1853 ecce
3034 1814 3140 1853 non
3173 1809 3325 1865 erat;
3360 1799 3586 1869 quaesivi

2003 1905 2148 1949 eum.
2178 1898 2233 1942 et
2262 1905 2369 1942 non
2399 1900 2480 1944 est
2505 1889 2754 1944 inventus
2780 1890 2929 1945 locus
2960 1890 3078 1959 ejus
3097 1890 3139 1947 ‘.
3166 1908 3185 1941 ι
3218 1888 3324 1942 Sed
3360 1890 3448 1943 hic
3482 1900 3587 1943 stet

2005 1982 2117 2034 licet:
2141 1982 2442 2036 litterarum
2474 1997 2644 2051 pars;
2684 1983 2831 2051 quod
2874 1984 3120 2052 sequitur
3161 1982 3312 2036 audi.
3348 1981 3426 2035 Nc
3468 1981 3588 2035 exi-

2000 2074 2190 2126 stimes
2221 2089 2339 2125 eam
2371 2057 2491 2143 qua:
2519 2075 2719 2129 accidit
2772 2075 2980 2128 cladem
3037 2074 3381 2141 perﬁciendis
3433 2075 3586 2127 vanis

2000 2162 2242 2217 consiliis
2274 2166 2384 2217 tuis
2412 2180 2534 2219 esse
2551 2164 2942 2235 profecturam,
2968 2166 3072 2218 hoc
3099 2165 3209 2219 noli
3236 2180 3543 2235 supponere
3566 2180 3587 2230 ς

1997 2266 2051 2309 et
2079 2256 2125 2310 si
2156 2258 2439 2325 supponis,
2476 2268 2741 2328 tanquam
2763 2274 2939 2329 nugas
2970 2259 3404 2328 suppositionem
3435 2267 3583 2312 tuam

1997 2348 2191 2414 abjice.
2240 2347 2429 2403 Victus
2484 2357 2569 2404 est
2608 2351 2843 2420 populus
2900 2351 2994 2420 qui
3043 2361 3224 2405 tecum
3282 2350 3582 2415 dimicavit,

1996 2443 2175 2508 primo
2198 2442 2417 2508 quidem
2436 2442 2801 2513 investigabili
2825 2444 3056 2498 consilio
3073 2444 3193 2513 ejus
3215 2444 3331 2513 qui,
3364 2445 3584 2512 quando

1994 2531 2129 2595 vult,
2164 2547 2194 2586 e
2227 2542 2438 2586 secreto
2468 2536 2845 2602 promptuario
2889 2550 2987 2589 sua
3019 2534 3221 2603 judicia
3251 2537 3467 2600 educit;
3496 2551 3586 2590 se.

1994 2624 2174 2677 eundo
2201 2636 2409 2688 autem,
2431 2626 2485 2678 in
2516 2637 2782 2694 quantum
2806 2626 3124 2681 hominibus
3143 2628 3285 2682 scire
3304 2630 3487 2693 datur,
3513 2630 3583 2681 ob

1994 2717 2207 2785 propria
2234 2716 2450 2771 delicta.
2486 2717 2653 2773 Erras
2706 2718 3121 2787 inconsulteque
3156 2722 3347 2786 sentis,
3411 2722 3584 2776 victo‘

1992 2812 2128 2862 riam
2160 2810 2225 2862 ad
2262 2810 2525 2891 privatam
2562 2818 2714 2891 tuam
2744 2812 3099 2881 cupiditatem
3127 2813 3371 2870 referens
3403 2826 3457 2869 et
3479 2831 3583 2885 pu-

1992 2911 2111 2954 tans
2143 2888 2351 2955 exesum
2375 2917 2499 2955 esse
2526 2902 2648 2956 ideo
2673 2888 2932 2973 populum
2963 2904 3270 2961 Romanum
3306 2916 3365 2960 ut
3406 2909 3584 2978 impc-

1992 2996 2074 3046 rio
2107 3010 2300 3047 eorum
2336 2995 2611 3062 potireris.
2650 2993 2847 3049 Junior
2876 3010 2975 3063 es;
3023 2998 3229 3067 itaque,
3262 3001 3305 3052 si
3336 3000 3447 3068 jam
3472 3019 3579 3056 non

300 3090 441 3158 πρὸς
464 3092 565 3160 τὴν
591 3090 726 3143 ἰδίαν
757 3090 1021 3160 ἁρπάζων
1076 3090 1401 3158 ἐπιθυμίαν,
1444 3090 1540 3141 καὶ
1568 3089 1887 3157 ὑπολογιζό-

1989 3078 2239 3148 audiisti,
2268 3088 2452 3153 disce;
2489 3088 2559 3152 si,
2594 3095 2887 3157 postquam
2926 3089 3225 3159 audiveris,
3258 3093 3410 3149 luisti
3435 3096 3581 3150 obli-

298 3201 465 3252 μενος
500 3184 579 3246 ὡς
630 3186 819 3237 ἕνεκεν
851 3184 946 3238 τοῦ
1000 3185 1061 3236 σὲ
1102 3183 1214 3236 τῶν
1258 3183 1543 3253 Ῥωμαίων
1592 3183 1888 3249 κατασχεῖν

1994 3190 2104 3244 tus,
2140 3180 2444 3234 recordare.

292 3278 574 3343 ἐξουσίαν,
609 3281 674 3331 τὸ
724 3279 951 3346 γεγονὸς
1017 3279 1324 3348 ἁμάρτημα
1390 3277 1472 3347 τῷ
1529 3276 1827 3345 Ῥωμαϊκῷ
1890 3276 2093 3343 συνέϐη
2120 3274 2257 3341 λαῷ.
2315 3275 2453 3337 Νέος
2482 3271 2565 3327 εἷ·
2624 3276 2721 3328 καὶ
2750 3277 2800 3329 εί
2830 3278 2930 3346 μὲν
2977 3279 3078 3332 οὐκ
3142 3280 3406 3348 ἤκουσας,
3443 3281 3581 3351 μάν-

294 3371 459 3425 θανεο
494 3372 546 3424 εί
572 3372 626 3423 δὲ
651 3371 889 3433 ἀκούσας
921 3370 1262 3440 ἐπιλέλησαι,
1291 3370 1691 3441 ἀναμνήσθητι.

375 3465 551 3516 Πάλαι
601 3464 731 3516 ποτὲ
768 3466 803 3533 η
855 3464 1100 3535 Περσικὴ
1150 3468 1380 3533 στρατιὰ
1427 3465 1592 3534 μέχρι
1630 3464 1739 3517 τῶν
1790 3467 1878 3516 ἐν-

290 3557 471 3611 ταῦθα
502 3558 785 3627 ηὐλίσατο,
811 3560 909 3611 καὶ
936 3558 1003 3620 ἃς
1043 3558 1289 3619 ἀπειλεῖς
1328 3558 1606 3625 πυρκαϊὰς
1656 3556 1753 3609 καὶ
1794 3557 1877 3608 ol-

291 3650 706 3718 κοδομημάτων
760 3649 1151 3718 καταστροφας
1196 3648 1553 3718 διεπράξατο.
1624 3648 1765 3700 Ἀλλ’
1829 3651 1879 3701 οἱ

291 3739 398 3809 μὲν
430 3739 737 3803 ἀπώλοντο,
774 3742 866 3792 καὶ
889 3740 1015 3793 ὅσον
1049 3742 1130 3801 εἰς
1164 3740 1389 3809 μνήμην
1417 3740 1683 3804 ὀνόματος
1727 3757 1883 3809 περι-

289 3830 596 3882 λείπονται’
628 3832 663 3899 ἡ
693 3830 751 3882 δὲ
796 3830 1080 3899 Ῥωμαῖκὴ
1114 3829 1368 3898 βασιλεία
1418 3829 1510 3882 ἐπὶ
1536 3832 1636 3895 τῆς
1666 3831 1879 3893 οἰκείας

287 3924 497 3990 ⁴ἕστηκε
525 3922 810 3991 κρηπέδος.
855 3923 1018 3976 Ἀλλὰ
1051 3922 1148 3975 καὶ
1180 3922 1294 3976 ἄνω
1312 3924 1519 3975 τούτων
1545 3923 1612 3975 τὰ
1635 3924 1745 3975 τῶν
1796 3924 1881 3976 ’Δ-

292 4015 487 4083 σάρων
506 4016 665 4085 γένη,
703 4009 780 4068 ὧν
828 4016 988 4085 ὑμεῖς
1032 4014 1349 4076 ἀποσπάδες
1398 4016 1514 4083 (καὶ
1566 4015 1736 4085 μηδέν
1796 4034 1878 4069 σοι

287 4108 434 4177 πρὸς
470 4107 641 4177 βάρος
672 4111 701 4160 ὁ
727 4107 929 4179 λόγος),
968 4111 1062 4161 καὶ
1094 4108 1270 4160 δοῦλοι
1331 4101 1427 4160 καὶ
1472 4108 1740 4178 δραπέται
1777 4125 1871 4176 γε-

287 4202 517 4269 γόνατε,
550 4202 643 4252 ἐπὶ
682 4202 936 4254 πλεῖστον
974 4202 1072 4270 τὴν
1103 4200 1352 4271 μεγάλην
1388 4201 1596 4271 ταῦτην
1646 4201 1741 4254 καὶ
1768 4201 1876 4254 ὑπὸ

282 4295 360 4361 τῇ
392 4291 616 4344 πάντων
637 4292 894 4363 δεσποίνῃ
911 4293 1003 4345 καὶ
1023 4293 1193 4362 κυρίᾳ
1216 4310 1525 4362 στρατηγου
1533 4292 1671 4362 μένῃ
1697 4293 1872 4356 πόλει,

286 4388 462 4456 μέχρι
493 4386 590 4437 καὶ
633 4384 744 4437 τῶν
772 4386 967 4453 τειχῶν
994 4386 1305 4455 ἐπέδραμον
1331 4404 1344 4415 °
1400 4386 1537 4439 ἀλλὰ
1584 4389 1678 4439 καὶ
1726 4379 1875 4439 οὗτοι

2044 3456 2300 3514 Persicus
2325 3459 2457 3513 olim
2500 3461 2773 3516 exercitus
2792 3462 2899 3516 huc
2922 3478 3096 3534 usque
3124 3470 3491 3537 pernoctavit,
3525 3479 3581 3526 et

1971 3563 2095 3617 qua:
2111 3551 2340 3604 minaris
2356 3551 2604 3605 incendia
2628 3554 3093 3623 aediﬁciorumque
3117 3560 3431 3616 eversiones
3457 3577 3579 3631 per-

1976 3642 2123 3711 egit;
2159 3643 2253 3697 sed
2284 3644 2585 3712 perierunt,
2649 3656 2703 3700 et
2733 3648 2954 3703 nonnisi
2996 3649 3051 3703 in
3085 3652 3325 3707 nominis
3359 3672 3572 3711 memo—

1980 3735 2061 3786 ria
2109 3746 2446 3813 supersunt;
2487 3736 2736 3793 Romana
2797 3756 2926 3795 vero
2958 3752 3199 3812 potestas
3224 3747 3343 3800 suis
3374 3749 3571 3804 funda-

1983 3826 2186 3879 mentis
2208 3826 2471 3880 constitit.
2503 3828 2608 3883 Sed
2637 3840 2765 3885 ante
2794 3831 3233 3890 illosAvarorum
3256 3854 3409 3907 gens.
3440 3857 3578 3909 quo-

1986 3933 2107 3970 rum
2138 3933 2236 3972 vos
2276 3935 2464 3975 ramus
2491 3922 2624 3976 estis
2646 3925 2874 3978 avulsus
2898 3937 2950 3979 et
2979 3928 3071 3996 (ne
3121 3931 3302 3998 gravis
3354 3932 3450 3987 tibi
3503 3937 3575 3989 sit

1982 4024 2166 4063 sermo
2200 4012 2376 4078 meus)
2407 4016 2550 4066 servi
2582 4023 2636 4069 et
2672 4015 2885 4085 fugitivi
2915 4030 3106 4075 contra
3130 4024 3290 4077 istam
3319 4030 3573 4096 magnam

1978 4102 2195 4165 urbem,
2231 4102 2308 4155 illi
2334 4104 2577 4159 omnium
2623 4108 2862 4195 dominae
2899 4126 2965 4165 ac
2997 4114 3201 4183 regina:
3231 4117 3349 4171 urbi
3388 4119 3577 4190 subje-

1975 4200 2143 4257 ctam,
2201 4196 2639 4251 numerosissimi
2695 4200 2941 4271 adusque
2989 4208 3194 4262 mmnia
3244 4210 3571 4269 irruerunt:

1976 4295 2030 4338 at
2056 4285 2339 4353 perierunt
2357 4288 2409 4341 bi
2437 4303 2680 4358 quoque,
2704 4308 2803 4347 nec
2826 4294 2939 4363 jam
2967 4312 3268 4368 supersunt
3291 4306 3466 4371 gentis
3487 4321 3572 4361 re-

1975 4378 2192 4444 liquiae;
2229 4381 2346 4434 litec
2376 4396 2508 4436 vero
2537 4384 2709 4453 gloria
2741 4397 2904 4456 atque
2926 4395 3170 4460 potentia
3197 4397 3303 4451 sibi
3322 4414 3351 4451 a
3370 4401 3572 4468 princi-

282 4478 600 4542 ἀπώλοντο,
636 4479 729 4529 καὶ
753 4478 876 4528 οὐδὲ
900 4476 1157 4544 λείψανον
1182 4478 1278 4530 τοῦ
1324 4477 1515 4545 γένους
1550 4478 1869 4545 ὑφίσταται,

1989 4472 2072 4540 pio
2089 4473 2231 4527 datis
2251 4475 2518 4542 splendet.
2544 4476 2710 4532 Visne
2726 4480 2893 4534 alium
2913 4500 3130 4555 quoque
3145 4488 3240 4543 tibi
3262 4492 3571 4551 scribamus

282 4568 435 4635 αὕτη
468 4568 529 4619 δὲ
553 4567 653 4619 σὺν
674 4570 741 4637 τῇ
772 4567 1012 4637 λαχούσῃ
1037 4568 1177 4637 αὐτῇ
1205 4567 1265 4631 ἐξ
1288 4569 1464 4637 ἀρχῆς
1489 4571 1582 4620 καὶ
1608 4569 1732 4639 δόξῃ
1779 4572 1873 4623 καὶ

282 4661 542 4731 βασιλείᾳ
561 4659 935 4729 φαιδρύνεται.
961 4658 1149 4712 Βούλει
1172 4678 1253 4712 σοι
1272 4667 1363 4713 καὶ
1381 4661 1548 4730 ἄλλην
1571 4663 1873 4731 γράψωμεν

284 4752 633 4821 τυραννικὴν
666 4752 880 4820 ἔφοδον,
910 4753 1001 4804 καὶ
1044 4753 1154 4805 οὐδ’
1185 4754 1311 4805 ὅσον
1340 4756 1433 4805 καὶ
1457 4754 1615 4817 ἀξίαν
1648 4755 1872 4824 συγκρί-

282 4845 477 4896 νεσθαι
501 4846 567 4912 τῇ
598 4844 841 4913 ὑμετέρᾳ
868 4845 1079 4912 ἐφόδῳ;
1104 4843 1178 4896 Τὸ
1200 4845 1536 4915 Σαρακηνῶν
1569 4846 1724 4912 γένος
1751 4864 1874 4898 ναυ-

283 4938 343 4989 ai
382 4936 485 5004 μὲν
519 4936 803 5006 μυριάσιν,
855 4936 1061 5006 ἱππότῃ
1090 4936 1149 4989 δὲ
1208 4939 1302 4989 καὶ
1338 4938 1486 5007 πεζῷ
1534 4938 1649 5008 λαῷ
1700 4940 1870 5009 ὑπερ-

281 5028 565 5091 ὗάλλοντι,
600 5027 701 5097 τὴν
729 5027 980 5095 μεγάλην
1007 5028 1217 5097 ταύτην
1251 5029 1348 5081 καὶ
1381 5028 1456 5091 ὼς
1495 5028 1718 5098 ἀληθῶς
1772 5029 1867 5082 τοῦ

281 5121 426 5172 θεοῦ
466 5120 625 5173 πόλιν
651 5122 745 5172 ἐπὶ
776 5120 990 5191 χρόνοις
1054 5122 1194 5173 ἑπτὰ
1250 5124 1727 5194 περιεκύκλωσαν,
1776 5125 1872 5178 καὶ

288 5214 506 5273 πάντας
560 5210 704 5265 εἶδεν
735 5214 1005 5279 ἀπώλεια,
1056 5215 1152 5266 καὶ
1199 5216 1483 5280 παντελῶς
1519 5218 1689 5287 ὀλίγοι
1731 5221 1868 5289 πρὸς

282 5304 389 5371 τὴν
444 5306 584 5357 ἰδίαν
613 5306 855 5375 πατρίδα
915 5306 1289 5375 ὑπέστρεψαν
1324 5308 1465 5379 αὕτη
1517 5310 1573 5361 δὲ
1620 5311 1867 5379 διαμένει

283 5397 380 5447 καὶ
410 5393 735 5459 διασώζεται
757 5399 855 5465 τῆς
880 5399 937 5463 ἐξ
966 5399 1141 5467 ἀρχῆς
1182 5400 1434 5462 εὐδοκίας
1471 5404 1865 5474 φρουρουμένη

283 5491 410 5548 ταῖς
469 5491 753 5557 πτέρυξιν.
812 5492 1097 5558 Ἠγάτῖησα
1150 5493 1243 5543 καὶ
1298 5494 1498 5560 ἀγαπῶ
1555 5512 1636 5560 σε,
1676 5496 1869 5548 τέκνον

283 5582 466 5650 ἡμῶν,
500 5584 528 5633 ὁ
558 5583 884 5652 μωρανοεὲς.
912 5586 983 5647 ὡς
1016 5588 1073 5638 σὺ
1123 5586 1320 5653 λέγεις3
1358 5588 1561 5657 πατὴρ,
1606 5590 1699 5640 καὶ
1725 5606 1865 5658 συμ-

359 5739 379 5767 ⁸
411 5734 548 5792 Psal.
592 5758 771 5807 usti,
802 5742 887 5796 35.

1976 4570 2316 4638 tyrannicum
2360 4571 2644 4628 incursum
2678 4592 2784 4630 non
2816 4579 2960 4648 quod
2994 4580 3195 4652 dignus
3227 4587 3413 4657 sitqui
3443 4606 3567 4646 cum

1976 4673 2160 4716 vestro
2222 4662 2482 4719 incursus
2532 4671 2925 4736 comparetur?
2960 4672 3361 4733 Saracenorum
3408 4698 3567 4751 gens,

1976 4767 2100 4805 cum
2166 4753 2660 4814 innumerabilibus
2715 4763 3143 4829 navibus,'cum
3189 4776 3565 4834 numerosiora

1973 4846 2221 4932 equitatu
2243 4862 2311 4901 ac
2354 4848 2595 4931 peditatu
2628 4867 2725 4920 per
2745 4865 2952 4924 septem
3000 4874 3176 4915 annos
3213 4878 3465 4932 magnam
3501 4870 3564 4922 il-

1974 4918 2082 4992 |am
2100 4949 2153 4993 et
2180 4954 2307 4996 vere
2343 4940 2437 4996 Dei
2471 4944 2656 4998 urbem
2694 4948 3119 5019 circumcinxit;
3153 4968 3455 5029 omnesque
3472 4977 3561 5026 pe-

1979 5031 2207 5095 rierunt,
2224 5041 2277 5086 et
2296 5036 2613 5103 paucissimi
2634 5047 2843 5094 tantum
2866 5042 2917 5095 in
2938 5045 3170 5112 patriam
3189 5061 3317 5103 sunt
3332 5057 3560 5112 reversi.

1983 5122 2107 5179 llaec
2143 5142 2270 5181 vero
2314 5130 2565 5185 subsistit
2587 5144 2641 5186 et
2670 5146 3045 5203 conservatur,
3082 5143 3318 5211 antiquae
3350 5146 3443 5208 Dei
3473 5150 3559 5201 be-

1976 5221 2298 5277 nevolentia:
2316 5226 2660 5292 protectioue
2685 5230 2979 5285 custodita.
3007 5232 3083 5287 Te
3107 5236 3266 5291 dilexi
3302 5248 3465 5309 atque
3482 5244 3563 5297 di-

1952 5311 2104 5385 ligo,
2126 5314 2197 5366 liii
2229 5316 2322 5376 mi,
2348 5316 2593 5383 insanus,
2623 5329 2681 5372 ut
2709 5322 2815 5387 ais,
2847 5335 3023 5392 pater,
3043 5326 3256 5395 tibique
3276 5334 3483 5387 suadeo
3507 5337 3559 5387 in

1971 5419 2127 5470 sana,
2150 5407 2524 5473 utarbitraris,
2556 5426 2680 5466 vere
2705 5424 3014 5469 autemnon
3050 5418 3239 5474 insana
3270 5440 3283 5477 :
3314 5441 3555 5480 errorem

1974 5498 2218 5566 relinque
2238 5516 2425 5553 eorum
2453 5504 2545 5571 qui
2569 5513 2620 5559 te
2638 5507 2950 5576 decipiunt;
2976 5527 3169 5567 vanam
3189 5532 3337 5585 spem
3361 5522 3557 5588 illijiCC,

1971 5597 2261 5645 contentus
2318 5594 2393 5647 sis
2427 5608 2490 5648 ea
2518 5606 2783 5665 potestate
2815 5616 2979 5669 quam
3032 5620 3062 5658 a
3098 5608 3207 5661 tuis
3256 5610 3558 5678 majoribus
