4088 6444
613 327 686 393 91
1755 318 2067 380 NICOLAI
2107 316 2217 377 Cl’.
2259 314 2771 375 PATRIARCIIE
3808 313 3881 373 9‘2

625 433 1125 503 terenteslugemus
1147 443 1200 487 ct
1250 430 1516 502 gemimus
1551 436 1607 483 et
1634 441 1798 498 quam
1831 426 1948 481 scio
1983 434 2034 479 te
2055 422 2209 479 simi-

2326 422 2601 491 γράφομεν
2653 420 2755 491 τῆς
2800 420 2987 490 κοινῆς
3037 420 3336 491 φροντίδος,
3393 422 3459 491 ἢν
3503 419 3691 493 ὥσπερ
3723 424 3883 494 ἡμεῖς

624 528 746 581 liter
782 526 923 581 l'errc
952 538 1011 582 et
1031 543 1130 598 pro
1163 541 1268 595 qua
1292 524 1549 593 lacryma:
1574 530 1677 574 tua:
1707 518 1803 573 tibi
1829 526 1958 573 sunt
1981 529 2151 586 panes
2186 530 2201 566 :

622 633 686 671 ex
727 620 933 673 nostris
980 619 1179 673 etenim
1237 622 1418 668 vestra
1452 612 1703 666 novimus
1742 623 2017 677 :quorum
2055 620 2211 661 nam-

2312 513 2677 575 ἀδιαλείπτως
2717 512 2977 581 φέροντες
3038 511 3368 583 στενάζομεν
3419 515 3512 566 καὶ
3554 514 3880 585 θρηνοῦμεν,

2310 600 2425 657 οῖδα
2461 604 2543 657 ὅτι
2588 603 2684 655 καὶ⁵
2710 603 2886 665 ,αὐτὸς
2920 603 3119 671 ὁμοίως
3155 605 3361 674 φέρεις,
3394 606 3486 657 καὶ
3515 606 3676 675 ἄρτος
3713 614 3793 658 σοι
3818 609 3887 659 τὰ

624 655 686 671 ν-
728 655 933 673 "om...
980 655 1179 673 cm"...
1247 655 1418 668 .w..-
1452 655 1702 666 ..-....."-
1742 655 1755 662 .
1787 655 2016 677 -,----_---

624 723 731 775 que
756 725 897 777 opus
926 723 981 764 et
1022 706 1387 761 ministerium
1419 711 1546 758 sunt
1581 701 1795 763 eadem,
1830 710 2020 751 eorum
2044 688 2223 749 decet“

2326 655 2528 762 δάκρυα
2578 655 2813 759 γίνεται·
2845 655 2909 745 ἐκ
2946 655 3052 748 τῶν

623 804 844 857 eosdem
878 816 999 856 esse
1024 808 1079 853 et
1108 796 1326 851 dolores
1353 806 1514 863 atque
1537 793 1754 846 labores
1779 806 1794 854 ;
1832 788 1927 844 sed
1962 786 2210 843 eamdem

629 894 786 949 vobis
816 907 878 947 ac
908 890 1063 944 nobis
1097 903 1219 943 esse
1254 888 1579 941 anxietatem
1615 892 1778 953 atque
1808 880 2050 936 dolorem
2076 878 2212 934 satis

630 994 712 1039 est
764 984 836 1037 ita
872 980 1285 1035 memoravisse.

710 1256 999 1326 Reliquum
1033 1256 1193 1326 igitur
1226 1264 1310 1308 cst
1351 1252 1465 1323 jam
1522 1260 1583 1307 ut
1612 1250 1767 1320 quasi
1804 1249 2131 1318 colloquium
2163 1258 2217 1303 et

630 1350 1105 1419 investigationem
1134 1360 1483 1402 communem
1532 1344 1863 1411 incipiamus
1890 1354 1914 1396 ‘:
1947 1342 2037 1394 alii
2071 1340 2215 1394 aliud

632 1449 956 1510 acceperunt
982 1439 1035 1491 in
1065 1438 1322 1507 praesenti
1360 1438 1469 1490 vita
1494 1434 1887 1496 ministerium,
1909 1433 2035 1487 dico
2060 1446 2216 1501 reges

631 1543 687 1587 et
718 1532 997 1586 civitatum
1032 1529 1341 1598 principes,
1401 1526 1613 1597 quique
1660 1526 1785 1580 aliis
1844 1526 2217 1594 prazliciuntnr

636 1622 890 1693 negotiis,
918 1630 1012 1673 aut
1031 1618 1529 1673 administrationis
1568 1616 1977 1685 dispensatores
2002 1614 2208 1670 consti-

636 1720 906 1775 tuuntur,
960 1728 1194 1778 quorum
1240 1710 1495 1778 quisque,
1555 1709 1767 1761 muneri
1815 1722 1915 1761 suo
1949 1707 2210 1771 intentus,

2310 783 2696 853 6t6aax6u60a'
2752 780 2827 837 ὧν
2856 785 2964 854 γάρ
2992 785 3053 837 τὸ
3075 785 3233 855 ἔργον
3258 786 3352 839 καὶ
3376 788 3409 856 ἡ
3440 786 3683 840 διακονία
3703 791 3883 860 κοινὴ,

2313 876 2518 930 τούτων
2546 877 2695 940 εἰκὸς
2726 876 3160 946 κοινάγίνεσθαι
3198 879 3264 931 τὰ
3296 879 3443 952 πάθη
3483 882 3579 937 καὶ
3628 883 3756 945 τοὺς
3787 901 3887 937 κα⁶

2317 970 2541 1039 μάτους’
2571 969 2693 1023 ἀλλ’
2732 972 2815 1023 ὅτι
2850 971 2952 1039 μὲν
2984 973 3015 1041 ἡ
3054 972 3192 1041 αὑτὴ
3232 971 3429 1042 συνοχὴ
3483 974 3576 1027 καὶ
3625 974 3694 1027 τά
3722 974 3888 1044 ὃμοια

2316 1064 2499 1115 κεντεῖ
2530 1062 2671 1132 ἄλγη
2711 1061 2810 1132 τὴν
2842 1062 2940 1133 σὴν
2971 1063 3225 1129 καρδίαν,
3262 1057 3348 1116 οἷα
3379 1062 3475 1116 καὶ
3526 1066 3695 1134 ἡμᾶς,
3726 1069 3893 1136 ἀρκεῖ

2313 1153 2570 1207 τοσοῦτον
2602 1154 3033 1224 ἐπιμνησθῆναι.

2390 1247 2595 1299 Λοιπὸν
2616 1245 2672 1299 δὲ
2698 1246 2797 1316 ἤδη
2829 1245 3068 1315 τῆςθοίον
3095 1249 3411 1315 συνομιλίας
3435 1250 3530 1303 καὶ
3561 1248 3661 1319 τῆς
3702 1249 3889 1318 κοινῆς

2317 1338 2683 1409 ἀπαρχόμεθα
2705 1340 3163 1409 συνδιασκέψεως
3200 1341 3349 1395 ἄλλοι
3413 1344 3512 1413 μὲν
3541 1343 3728 1405 ἄλλαις
3772 1342 3886 1394 ἀπο

2319 1433 2595 1499 ετάγησαν
2643 1431 2940 1496 διακονίαις
2994 1434 3053 1486 ὲν
3103 1436 3170 1504 τῇ
3226 1433 3471 1508 παρούσῃ
3528 1433 3697 1504 ταύτῃ
3750 1420 3891 1503 qua,

2320 1522 2562 1591 βασιλεῖς
2615 1521 2761 1590 λέγω
2814 1523 2910 1575 καὶ
2963 1524 3231 1593 ἄρχοντας
3296 1522 3540 1587 πόλεων,
3589 1524 3895 1586 ἐπιστάτας

2319 1613 2665 1682 πραγμάτων
2695 1612 2893 1676 ἀλλων,
2938 1614 3259 1683 οἰκονόμους
3287 1615 3385 1683 τῆς
3439 1615 3777 1684 διοικήσεως,
3816 1608 3895 1667 ὧν

2318 1704 2547 1767 ἕκαστος
2575 1704 2709 1774 πρὸς
2737 1705 2801 1775 ἧν
2846 1703 3005 1756 ἔλασε
3067 1703 3221 1768 τάξιν
3275 1706 3519 1775 ἀφορῶν,
3576 1706 3635 1757 τὸ
3690 1707 3896 1759 οἰκεῖον

636 1803 917 1874 proprium
946 1820 1105 1873 opus,
1140 1804 1183 1855 si
1216 1800 1457 1871 prudens
1515 1810 1620 1864 est,
1660 1806 1916 1853 accurate
1964 1796 2222 1868 perﬁcere

2326 1798 2472 1859 ὅστις
2510 1798 2737 1866 ἔμφρων
2768 1796 3056 1861 σπουδάζει
3082 1799 3389 1867 ἀμέμπτως
3417 1798 3578 1868 ἔργον
3600 1798 3896 1854 ἐπιτελεῖνο

639 1897 858 1961 studet;
889 1911 990 1949 nos
1022 1910 1149 1949 vt-ro
1177 1908 1336 1948 sacro
1397 1892 1557 1945 altari
1621 1900 1803 1946 astare
1833 1890 1974 1959 jnssi
2002 1890 2048 1943 si
2103 1890 2225 1943 aliis

640 1988 891 2059 pluribus
937 1986 1251 2044 ministrare
1284 1986 1569 2048 debemus,
1597 1992 1723 2037 ante
1745 1978 1927 2037 omnia
1960 1992 2139 2038 tamen
2159 1984 2223 2035 ad

638 2094 825 2147 pacem
884 2077 1331 2146 promovendam
1402 2087 1567 2143 atque
1620 2091 1687 2128 ex
1753 2075 1931 2127 medio
1992 2072 2224 2127 tollenda

640 2169 895 2223 scandala
932 2166 1366 2251 inimicitiasque
1391 2164 1661 2232 assumpti
1692 2178 1887 2217 sumus
1909 2180 1921 2217 :
1944 2163 2224 2215 tremenda
2254 2168 2266 2193 ἀ

639 2261 912 2329 siquidem
950 2259 1209 2313 sacriﬁcii
1273 2258 1481 2312 oblatio
1521 2270 1687 2324 quam
1728 2256 1781 2308 in
1817 2256 1965 2309 illius
2015 2270 2227 2309 memo-

640 2353 777 2405 riam
818 2350 1053 2405 facimus
1093 2350 1211 2418 qui,
1271 2347 1338 2401 ad
1371 2348 1663 2402 solvendas
1703 2357 1941 2401 aeternas
1988 2347 2227 2403 inimici-

649 2444 752 2496 tias
791 2452 867 2499 et
900 2442 1288 2495 destruendum
1349 2440 1644 2493 violentum
1706 2438 1989 2491 hominum
2037 2451 2225 2493 contra

642 2533 810 2586 Deum
846 2532 1089 2585 furorem
1120 2529 1581 2598 compescendum
1605 2543 1765 2596 quem
1787 2528 1935 2581 nulla
1958 2543 2083 2596 spes
2111 2538 2229 2582 erat

642 2626 699 2679 in
738 2625 887 2695 pacis
929 2623 1169 2678 studium
1230 2638 1356 2677 esse
1415 2621 1865 2686 convcrtendum,
1896 2622 2079 2675 omnia
2109 2638 2229 2691 quae

643 2733 839 2784 passus
867 2726 949 2771 est
980 2716 1089 2785 pali
1142 2716 1332 2779 voluit,
1360 2724 1540 2785 sputa,
1589 2715 1798 2782 alapas,
1827 2715 2222 2768 sceleratorum

642 2818 1020 2872 mortem,th
1059 2806 1319 2861 admouet
1352 2807 1471 2860 sine
1519 2796 1944 2868 intermissione,
1975 2806 2227 2859 omnibus

642 2900 871 2967 viribus,
903 2898 1054 2953 omni
1090 2908 1292 2960 mente,
1324 2898 1879 2966 omnique‘sermone,
1906 2898 2059 2966 pacis
2107 2914 2228 2951 csse

642 2990 925 3059 adjutores
973 2988 1280 3051 studiosos,
1339 2987 1749 3041 inimicitiarum
1811 2987 1995 3042 hostes
2033 2998 2087 3041 ct
2112 2996 2228 3043 toto

2327 1888 2488 1955 ἡμεῖς
2516 1887 2573 1939 δὲ
2626 1888 2677 1939 οἱ
2731 1886 3099 1956 παρίστασθαι
3140 1886 3215 1956 τῷ
3270 1886 3411 1956 ἁγίῳ
3458 1887 3900 1956 ἀποτεταγμένοι

2329 1978 2721 2049 θυσιαστηρίῳ,
2764 1982 2813 2031 εί
2851 1982 2953 2032 καὶ
2976 1977 3187 2031 πολλῶν
3218 1978 3395 2032 ἄλλων
3427 1979 3704 2048 χρεῶσται
3756 1979 3895 2033 καθ-

2328 2074 2639 2140 εστήκαμεν
2679 2072 2948 2124 ἐπιτελεῖν
2995 2072 3094 2141 τὴν
3145 2070 3442 2135 διακονίαν,
3497 2070 3631 2125 ἀλλά
3678 2088 3741 2140 γε
3790 2070 3900 2141 πρὸ

2331 2163 2529 2225 παντὸς
2554 2163 2740 2233 ἐτέρου
2769 2163 2828 2215 τὸ
2866 2162 2970 2231 τῆς
3012 2163 3235 2232 εἰρήνης
3261 2161 3421 2232 ἔργον
3448 2164 3541 2216 καὶ
3588 2164 3649 2215 τὸ
3676 2162 3898 2217 διώκειν
3949 2172 3964 2185 ‘

2328 2257 2391 2307 ἐκ
2424 2256 2589 2324 μέσου
2616 2255 2685 2307 τὰ
2711 2255 2983 2307 σκάνδαλα
3012 2254 3104 2306 καί⁸
3120 2253 3218 2324 τὴν
3235 2252 3451 2324 ἔχθραν,
3482 2256 3563 2317 είς
3592 2254 3900 2325 ὑπουργίαν

2328 2346 2613 2415 ἐλάϐομεν.
2645 2346 2725 2398 Ἢ
2752 2345 2859 2415 γάρ
2926 2346 3025 2413 τῆς
3080 2344 3313 2415 φρικτῆς
3370 2344 3647 2415 ἱερουργία
3685 2347 3900 2414 Θυσίας,

2330 2438 2393 2508 ἢν
2422 2440 2502 2501 είς
2562 2438 2872 2507 ἀνάμνησιν
2918 2436 3277 2507 ἐπιτελοῦμεν
3331 2436 3427 2487 τοῦ
3472 2439 3560 2491 ἵνα
3616 2440 3899 2510 καταλύσῃ

2328 2530 2427 2601 τὴν
2459 2530 2677 2583 αίώνιον
2717 2529 2938 2602 ἔχθραν,
2994 2532 3095 2599 τὴν
3126 2530 3303 2600 βιαίαν
3352 2532 3568 2602 εκείνην
3596 2533 3733 2603 πρὸς
3762 2533 3900 2586 Θεὸν

2329 2621 2438 2674 τῶν
2496 2621 2803 2691 ἀνθρώπων
2845 2622 3044 2691 μανίαν
3066 2624 3159 2675 καὶ
3219 2624 3543 2683 ἀνέλπιστον
3563 2627 3642 2687 είς
3662 2625 3899 2686 σπουδάς

2330 2716 2553 2785 εἰρήνης
2581 2715 2858 2783 συμὸἧναι
2904 2704 3301 2783 ι’)’πομειναντος
3340 2718 3440 2769 ὅσα
3490 2716 3769 2785 ὑπέμεινε,
3834 2716 3901 2767 τά

2330 2805 2724 2875 ὲμπτύσματα,
2754 2804 2823 2857 τὰ
2857 2806 3195 2876 ῥαπίσματα,
3232 2807 3323 2860 τδν
3359 2808 3589 2861 θάνατον
3640 2808 3746 2859 τῶν
3797 2823 3901 2858 κα-

2330 2896 2602 2965 κούργων,
2630 2896 2788 2949 τοῦτο
2825 2898 2958 2966 ἡμῖν
3011 2899 3446 2967 παρακελεύεται
3474 2900 3561 2952 διά
3598 2899 3795 2961 παντὸς
3843 2898 3902 2951 τὸ

2332 2990 2481 3061 πάσῃ
2517 2989 2766 3060 δυνάμει,
2809 2991 2958 3061 πάσῃ
2991 2992 3263 3062 περινοίᾳ,
3317 2992 3480 3045 παντὶ
3510 2992 3653 3061 λόγῳ
3692 2992 3792 3061 τῆς
3818 2993 3900 3043 ei-

642 3084 808 3135 corde
832 3080 970 3134 viam
1011 3080 1289 3133 scandalis
1345 3078 1740 3143 intercludere;
1799 3079 2066 3148 siquidem
2104 3092 2223 3134 tan-

2340 3084 2507 3151 ρήνης
2570 3077 2713 3135 εἶναι
2779 3081 3103 3144 σπουδαίους
3168 3082 3505 3151 συμμάχους,
3547 3083 3648 3150 τῆς
3699 3082 3899 3152 ἔχθρας

643 3180 805 3236 quam
841 3170 911 3223 ob
966 3168 1159 3223 oculos
1218 3167 1377 3222 nobis
1425 3182 1681 3237 magnum
1741 3168 1869 3221 illud
1934 3168 2223 3224 ministerii

590 3316 595 3319 ι
648 3263 823 3316 nostri
856 3261 1178 3328 mysterium
1226 3260 1404 3329 ipsum
1426 3260 1665 3315 ostendit
1693 3259 1891 3313 Filium
1948 3261 2226 3332 benignis-

542 3406 545 3409 ,
643 3351 764 3405 simi
802 3349 1003 3415 Patris,
1060 3350 1156 3418 qui
1223 3351 1303 3403 sic
1357 3350 1545 3403 dilexit
1601 3351 1863 3405 mundum
1902 3358 1960 3403 ut
1999 3365 2131 3403 .eum
2159 3353 2227 3405 ad

644 3459 745 3497 nos
771 3442 980 3496 miserit
1017 3459 1031 3496 :
1076 3441 1173 3495 sed
1204 3441 1351 3494 enim
1381 3438 1729 3509 Unigenitum
1766 3442 1940 3506 illum,
1966 3441 2225 3496 dilectum

642 3535 854 3604 Agnum
880 3529 974 3587 Dei
1006 3531 1373 3606 immolatum,
1403 3532 1841 3601 propitiationem
1876 3531 2081 3587 factum
2124 3549 2224 3603 pro

646 3626 847 3678 nostris
891 3624 944 3677 in
977 3623 1147 3677 Deum
1182 3632 1238 3677 et
1262 3623 1821 3687 Patreminimicttiis,
1849 3628 2006 3694 quasi
2040 3625 2227 3680 visibi-

644 3716 749 3767 lem
799 3725 925 3768 ante
954 3715 1147 3769 oculos
1201 3723 1423 3769 nostros
1455 3714 1648 3769 statuit
1679 3730 1898 3768 sacrum
1933 3715 2071 3768 illud
2108 3730 2227 3785 my-

645 3806 897 3869 Sterium,
921 3806 1018 3874 qui
1072 3806 1273 3860 divina:
1298 3806 1485 3875 gloria:
1530 3805 1707 3861 factus
1738 3807 1911 3860 [neres
1942 3808 2227 3861 confusio-

649 3893 771 3951 nem
804 3906 1012 3950 tantam
1082 3906 1249 3965 atque
1303 3878 1659 3965 ignominiam
1698 3898 1766 3949 ab
1792 3896 2224 3951 bominibussibi

608 3988 908 4056 subjectis
1008 3988 1249 4041 inustum
1314 3990 1685 4056 contempsit,
1745 3996 1803 4039 ut
1869 3987 2222 4053 abalienatos,

652 4080 928 4143 inimicos,
962 4082 1171 4141 liosms,
1208 4093 1306 4146 per
1323 4092 1452 4132 suas
1509 4078 1814 4147 passiones,
1849 4094 1946 4147 per
1976 4080 2224 4143 vulnera,

649 4188 743 4242 per
775 4170 1130 4239 ignominiam
1190 4169 1469 4234 liberaret,
1519 4168 1637 4237 paci
1694 4170 2004 4223 restitueret
2032 4179 2089 4223 et
2133 4169 2225 4223 Dei

650 4258 1217 4314 t'amiliaresqeﬂicerct
1264 4278 1287 4331 ει
1324 4248 1455 4329 quid
1518 4276 1669 4329 ergo,
1742 4263 1909 4313 frater
1938 4270 1991 4314 et
2022 4261 2209 4330 coepi-

649 4369 834 4423 scopc,
901 4369 1003 4405 nos
1070 4352 1248 4405 facere
1318 4353 1574 4420 oportet?
1634 4352 1795 4421 quale
1848 4368 1945 4406 cor
2002 4354 2247 4419 haberc,,

2335 3172 2648 3249 πολεμίους,
2691 3172 2787 3226 καὶ
2819 3173 2965 3243 πάσῃ
3003 3172 3145 3243 ψυχῇ
3198 3174 3509 3228 ἀποκλείειν
3562 3173 3660 3243 τὴν
3690 3175 3898 3227 εἴσοδον

2328 3266 2437 3318 τῶν
2470 3264 2782 3318 σκανδάλων
2803 3282 2818 3296 ο
2844 3266 3073 3335 ἐπείπερ
3109 3260 3220 3317 οἷον
3277 3264 3365 3317 ἐπ’
3415 3264 3536 3333 δψιν
3567 3266 3696 3335 ἡμῖν
3738 3266 3899 3318 τοῦτο

2328 3357 2392 3428 δὴ
2435 3358 2497 3410 τὸ
2530 3357 2671 3428 μέγα
2710 3358 2811 3428 τῆς
2879 3358 3189 3428 ἱερουργίας
3250 3360 3545 3429 μυστήριον
3587 3357 3899 3410 ὑποδείκνυ-

2332 3466 2434 3512 σιν,
2482 3450 2650 3502 αύτδν
2683 3449 2775 3503 τὸν
2819 3449 2944 3501 Υίὺν
2986 3450 3079 3502 τοῦ
3125 3448 3502 3519 φιλανθρώπου
3555 3450 3786 3519 Πατρδς,
3840 3449 3897 3513 ὃς

2329 3542 2584 3594 τοσοῦτον
2617 3541 2873 3611 ἠγάπησε
2910 3540 3003 3593 τὸν
3042 3541 3266 3605 κόσμον,
3336 3541 3475 3594 ὣστε
3536 3540 3722 3594 τοῦτον
3771 3540 3898 3605 ἐξα·

2332 3632 2612 3685 ποστεῖλαι
2662 3631 2817 3701 -πρὸς
2874 3634 3060 3703 ἡμᾶς·
3130 3630 3264 3685 ἀλλὰ
3318 3631 3426 3702 γὰρ
3472 3631 3563 3685 τὸν
3620 3632 3898 3699 Μονογενῆ

2328 3722 2535 3786 τοῦτον,
2577 3722 2669 3774 τὸν
2711 3721 3012 3791 ἀγαπητὸν,
3043 3720 3135 3773 τὸν
3171 3720 3365 3789 ’Δμνδν
3394 3721 3486 3773 τοῦ
3536 3718 3670 3772 Θεοῦ
3698 3719 3899 3789 θυὸμεη

2330 3829 2417 3865 νον
2466 3812 2561 3865 καὶ
2595 3811 2860 3881 ὲξίλασμα
2896 3812 3178 3880 γινόμενον
3229 3811 3328 3879 τῆς
3380 3810 3658 3880 ἡμετέρας
3700 3810 3898 3879 ἔχθρας

2329 3904 2467 3974 πρὸς
2519 3905 2609 3956 τὸν
2666 3903 2798 3955 Θεὸν
2840 3904 2934 3955 καὶ
2974 3903 3209 3972 Πατέρα,
3260 3905 3371 3965 τοῖς
3399 3902 3694 3972 ὀφθαλμοῖς
3743 3904 3901 3971 ἡμιίν

2330 3993 2520 4063 ὥσπερ
2564 3993 2841 4062 ὁρώμενον
2901 3992 2961 4044 τὸ
3033 3992 3299 4059 πανάγιον
3365 3992 3523 4044 τοῦτο
3596 3993 3895 4060 μυστήριον

2336 4084 2695 4154 παρίστησιν,
2745 4082 2802 4145 δς
2840 4081 3176 4150 κληρονόμῦς
3223 4079 3299 4133 ὣν
3344 4079 3441 4150 τῆς
3493 4081 3678 4147 υεῖκῆς
3718 4079 3894 4149 δόξης.

2330 4174 2735 4243 κατεφρόνησεν
2792 4172 3060 4242 αἰσχύνης
3111 4170 3381 4239 τοσαύτης
3426 4169 3775 4233 καὶάδοξίας
3806 4168 3897 4222 ὑπ’

2327 4266 2630 4337 ἀνθρώπων
2666 4267 2757 4319 ὑπ’
2789 4264 2937 4335 αύτῷ
2958 4264 3318 4333 τολμηθείσης
3341 4278 3355 4327 ;
3391 4263 3509 4315 Ἵνα
3531 4264 3656 4325 τοὺς
3676 4262 3899 4315 διεστῶ-

2328 4375 2445 4421 τας,
2484 4359 2608 4418 τοὺς
2645 4357 2890 4435 ἐχθροὺς,
2942 4356 3066 4417 τοὺς
3105 4353 3393 4420 πολεμίους
3427 4354 3514 4406 διὰ
3546 4354 3655 4405 τῶν
3681 4355 3896 4406 οἰκείων

650 4456 942 4509 quamnam
971 4440 1394 4495 sollicitudinem
1426 4451 1479 4495 et
1511 4442 2009 4504 anxietatem,cum
2042 4444 2223 4497 videav

2334 4448 2541 4511 παθῶν,
2572 4447 2660 4499 διά
2681 4448 2789 4499 τῶν
2815 4446 3166 4515 τραυμάτων,
3196 4445 3283 4497 διά
3308 4445 3406 4512 τῆς
3436 4444 3699 4514 αἰσχύνης
3720 4443 3897 4497 ἀπαλο

655 4549 776 4587 mus
814 4534 1081 4601 quosdam
1118 4535 1175 4587 in
1232 4533 1464 4587 invicem
1516 4534 1851 4587 insanientes
1884 4545 1934 4588 et
1964 4551 2060 4599 pro
2096 4549 2228 4603 pace

657 4623 1063 4678 inimicitiarum
1100 4624 1422 4680 studiosos!
1450 4622 1517 4676 Et
1548 4625 1663 4677 haec
1718 4624 1838 4678 dico
1874 4623 1941 4677 de
1999 4626 2228 4693 singulis

652 4724 706 4769 et
734 4716 973 4769 vicissim
1024 4734 1039 4767 :
1106 4727 1370 4785 quantam
1448 4715 1617 4785 igitur
1668 4717 1924 4770 adbibere
1967 4720 2227 4771 debemus

656 4807 985 4874 vigilantiam
1018 4808 1085 4860 ad
1154 4822 1249 4861 eos
1291 4808 1384 4875 qui
1429 4808 1502 4859 ita
1539 4824 1568 4859 a
1600 4807 1813 4860 diabolo
1872 4818 1999 4860 sunt
2049 4807 2225 4874 allecti

630 4890 1047 4963 'conciliandos,
1106 4901 1443 4951 revocandos
1473 4898 1539 4951 ad
1575 4913 1764 4965 pacem
1792 4906 1847 4951 et
1898 4900 2227 4965 persuaden-

631 4965 751 5052 ξιιοδ
782 4999 839 5042 ut
893 5004 997 5058 per.
1042 4991 1372 5043 cbaritatem
1411 4990 1476 5043 ad
1524 4992 1777 5043 anienem
1818 4990 2085 5043 redeant?
2122 4991 2225 5046 Sed

654 5097 775 5134 cum
832 5097 939 5134 non
970 5097 1109 5135 unus
1159 5091 1253 5135 aut.
1323 5084 1452 5144 duo,
1511 5093 1603 5133 aut
1658 5080 1869 5144 decem,
1916 5091 2009 5135 aut
2057 5085 2227 5135 multo

656 5173 862 5240 plures,
897 5174 1090 5227 domus
1140 5182 1273 5237 tota,
1310 5185 1404 5227 aut
1464 5174 1678 5236 civitas,
1715 5175 1806 5227 scd
1847 5183 1900 5228 et
1932 5190 2066 5243 gens
2115 5184 2225 5227 tota

656 5277 844 5319 eontra
902 5275 1069 5320 totam
1125 5280 1360 5333 gentem,
1420 5268 1531 5322 imo
1593 5266 1835 5334 ejusdem
1879 5269 2021 5333 tidei,
2058 5270 2220 5337 prob!

661 5372 902 5410 ineorum
934 5359 1186 5413 dolorum
1204 5360 1452 5427 pondus!
1486 5360 1689 5414 diaboli
1722 5342 1975 5413 efﬁcacia
2006 5361 2058 5411 in
2085 5361 2225 5413 istud

656 5448 858 5498 malum
890 5448 1216 5517 impingunt,
1241 5450 1371 5516 quid
1406 5451 1669 5504 faciemus
1690 5455 1711 5504 ἲ
1732 5450 1860 5517 quid
1894 5450 2227 5519 excogitabi-

658 5538 819 5590 mus?
856 5538 987 5605 quid
1024 5539 1336 5605 sapiemus?
1385 5553 1506 5608 qum
1564 5540 1682 5592 dies
1710 5549 1803 5592 aut
1848 5556 1966 5607 qua:
1998 5555 2100 5591 nox
2130 5554 2227 5592 nos

656 5645 687 5679 a
714 5638 861 5682 tanta
919 5628 1291 5685 sollicitudine
1329 5640 1381 5686 ct
1426 5633 1705 5686 anxietate
1767 5633 2105 5697 t'cquicsccre
2148 5632 2226 5684 [ςι-

658 5720 763 5771 t‘ict
790 5722 809 5774 ’ί

2331 4539 2464 4611 λάξῃ
2496 4540 2589 4592 καὶ
2635 4538 2961 4608 συνάψῃκτῇ
2988 4537 3200 4607 εἰρήνῃ,
3252 4536 3344 4589 καὶ
3375 4538 3612 4600 οίκείους
3642 4537 3893 4606 ἀπεργά-

2332 4647 2489 4698 σηται
2507 4629 2582 4698 τῷ
2600 4628 2738 4697 Θεῷ.
2767 4630 2832 4680 Τί
2860 4624 2974 4693 οὖν,
3000 4627 3197 4696 ἀδελφὲ
3219 4628 3313 4679 καὶ
3336 4628 3607 4698 συνιερεῦ,
3624 4629 3700 4679 δεῖ
3722 4630 3887 4696 πράτο

2328 4738 2442 4773 τειν
2460 4722 2605 4791 ἡμᾶς
2631 4738 2644 4785 ;
2668 4720 2922 4787 Ποταπὴν
2945 4720 3090 4787 ἔχειν
3115 4719 3366 4788 καρδίαν,
3385 4720 3577 4772 ὁποίαν
3600 4720 3889 4787 μέριμναν,

2332 4811 2525 4879 ἡλίκην
2554 4811 2823 4877 ἀγωνίαν,
2872 4813 3002 4863 ὅταν
3030 4810 3181 4871 τινάς
3227 4811 3442 4880 ορῶμεν
3500 4810 3621 4862 κατ’
3650 4810 3894 4878 ἀλλήλων

2330 4902 2788 4971 ὲκμαινομένους,
2844 4902 2939 4953 καὶ
2994 4902 3093 4965 τὴν
3130 4901 3333 4971 ἔχθραν
3363 4903 3481 4955 ἀντὶ
3531 4903 3630 4971 τῆς
3673 4904 3890 4968 ἀγάπης

2330 4994 2804 5061 ἁλλασσομένους;
2839 4994 2949 5045 Καὶ
2972 4991 3147 5045 ταῦτά
3178 5009 3323 5062 φημι
3355 4995 3481 5062 περὶ
3506 4994 3615 5045 τῶν
3641 4993 3761 5045 καθ’
3794 4995 3887 5045 ἕνα

2328 5087 2463 5147 τὲως
2510 5088 2605 5139 καὶ
2656 5089 2757 5139 άνά
2801 5089 2986 5155 μέροςι
3025 5086 3206 5155 Πόσην
3254 5082 3346 5138 οὖν
3396 5089 3887 5156 κεχρεωστήκαμεν

2330 5178 2587 5246 πρόνοιαν
2645 5177 2851 5246 φέρειν,
2900 5176 3042 5228 ὥστε
3096 5178 3221 5237 τοὺς
3272 5176 3412 5228 οὕτω
3457 5178 3886 5245 διατεθειμένους

2328 5273 2425 5330 τὰς
2456 5270 2631 5339 ψυχὰς
2665 5270 2768 5321 ὑπὸ
2797 5270 2891 5319 τοῦ
2924 5268 3163 5339 πονηροῦ
3205 5254 3563 5337 συμϐιδάσαι,
3617 5272 3711 5322 καὶ
3736 5273 3886 5339 εἰρη-

2330 5362 2641 5429 νοποιῆσαι,
2690 5362 2785 5412 καὶ
2845 5362 3030 5412 πεῖσαι
3078 5360 3237 5412 πάλιν
3286 5361 3372 5411 διὰ
3404 5360 3503 5428 τῆς
3559 5361 3776 5430 ἀγάπης
3808 5362 3886 5421 εἰς

2331 5454 2554 5521 ἑνότητα
2604 5451 2915 5517 συνελθείν;
2959 5453 3124 5503 Ὅταν
3158 5452 3214 5503 δὲ
3260 5453 3356 5516 οὐχ
3399 5446 3499 5514 εἷς,
3535 5452 3656 5503 οὐδὲ
3686 5453 3795 5517 δύο,
3824 5453 3883 5503 οὐ

2328 5543 2482 5607 δέκα,
2524 5544 2644 5595 οὐδὲ
2701 5543 2881 5611 πο).λῴ
2915 5544 3119 5595 τούτων
3165 5545 3379 5606 πλείους
3424 5546 3713 5613 ὁλόκληρος
3741 5546 3885 5597 οἰκία

2330 5636 2425 5686 καὶ
2455 5633 2631 5698 πόλις,
2669 5634 2785 5685 ἀλλ’
2816 5634 2967 5694 ἔθνος
2998 5635 3118 5685 ὅλον
3150 5634 3281 5703 πρὸς
3324 5635 3441 5686 ὅλον
3468 5636 3617 5697 ἔθνος
3647 5638 3736 5689 καὶ
3768 5637 3883 5687 τότε

2330 5726 2653 5795 ὀμόπιστον,
2702 5726 2847 5793 οἴμοι
2891 5726 2995 5777 τῶν
3031 5726 3179 5795 ἐμῶν
3222 5727 3409 5779 παθῶν
3448 5726 3505 5779 τὸ
3562 5725 3879 5795 βαρύτατος,
