4098 6458
637 323 737 385 139

1753 321 2056 381 NICOLAI
2099 323 2207 383 CP.
2248 321 2755 380 PATRIARCHJE
3750 314 3840 377 N0

633 440 835 500 minus,
868 435 1049 490 debito
1084 433 1278 501 oﬂicio,
1325 442 1589 503 quantum
1643 434 1695 485 in
1729 449 1814 487 me
1840 444 1942 494 est,
1974 435 2188 489 functus

2301 451 2453 488 σαντι
2509 433 2762 497 δέξασθαι
2813 434 3131 503 σωτηριώδη
3192 434 3550 502 παραίνεσιν·
3589 434 3636 484 εἰ
3687 433 3742 485 δὲ
3777 431 3845 501 μὴ

632 526 801 580 fuero.
831 526 1104 592 Quantum
1148 533 1328 580 autem
1360 525 1413 578 in
1447 533 1499 577 te
1539 531 1642 585 est,
1671 539 1822 588 cave,
1861 533 1919 578 ut
1945 525 2028 578 vir
2063 541 2195 594 pru-

629 621 786 683 dens,
826 634 895 672 ne
925 619 1031 672 ulla
1079 633 1167 673 res
1202 617 1296 672 tibi
1349 618 1419 671 sit
1460 624 1590 672 ante
1622 616 1789 670 Deum
1831 618 2110 681 damnata,
2143 628 2196 672 et

630 718 754 765 ante
786 711 1033 764 homines
1061 711 1414 779 reprehensa.
1453 707 1570 764 Hoc
1596 709 1649 761 in
1689 708 1933 777 epistola:
1970 708 2195 762 exordio

627 803 915 873 pulchrum
953 801 1133 867 video,
1163 801 1332 871 quod,
1372 800 1612 857 divinam
1648 800 1870 856 imitans
1905 801 2193 871 indulgem

627 897 781 958 tiam,
811 895 971 948 vilem
1003 895 1275 947 hominem
1307 894 1741 962 inconspectum
1773 901 1926 946 tuum
1956 892 2192 949 a’dmise-

627 987 724 1049 ris,
765 993 840 1050 et,
871 1001 977 1039 non
1011 985 1158 1038 celso
1185 983 1397 1054 imperii
1430 983 1596 1054 gradu
1628 982 1973 1052 superbiens,
2006 983 2198 1050 digna-

626 1087 714 1134 tus
765 1078 933 1132 fueris
980 1091 1077 1131 ore
1128 1075 1352 1147 prOprio
1405 1076 1643 1144 colloqui
1701 1089 1824 1128 cum
1885 1074 1978 1127 illo
2031 1089 2191 1142 quem

626 1181 838 1224 tantum
895 1177 986 1222 tua
1025 1177 1247 1236 superat
1289 1165 1521 1236 gloriosa
1565 1165 1804 1220 celsitas.
1856 1164 2013 1230 Quod
2063 1180 2194 1218 sane

625 1258 915 1313 laudabile.
965 1258 1344 1327 Congruenter
1387 1257 1532 1326 quod
1576 1257 1629 1310 in
1664 1257 1891 1326 epistola
1945 1257 2193 1326 sequitur

621 1349 796 1401 cidem
851 1348 1202 1416 indulgentia:
1247 1355 1494 1411 assouat,
1548 1345 1752 1415 Deique
1803 1348 2081 1416 exemplo,
2135 1358 2193 1400 ut

620 1439 780 1502 dicis,
812 1440 1066 1492 adhaeret.
1103 1436 1394 1506 Reliquum
1424 1453 1552 1493 vero
1594 1453 1771 1508 neque
1802 1437 2190 1506 indulgentiam

622 1545 798 1598 neque
838 1529 1307 1590 convenientiam,
1353 1531 1447 1584 sed
1492 1531 1703 1584 animos
1735 1529 1892 1598 longe
1930 1529 2066 1582 alios
2099 1545 2190 1581 ex-

619 1620 834 1689 promit.
890 1620 935 1674 0
981 1622 1269 1677 scelestum
1322 1623 1642 1685 daemonem,
1697 1622 1813 1689 qui,
1864 1622 1932 1674 ab
1981 1622 2189 1690 origine

622 1713 798 1769 bonos
844 1726 976 1766 osus
1022 1713 1340 1781 pravitatem
1387 1727 1540 1766 suam
1599 1713 1763 1765 rectis
1808 1711 2078 1765 mentibus
2121 1726 2188 1763 ex

623 1803 824 1857 invidia
891 1803 1172 1856 contendit
1224 1806 1475 1858 miscere.
1529 1801 1726 1856 Multas
1778 1811 1868 1855 tua
1923 1802 2186 1870 epistola,

611 1909 655 1949 'o
687 1895 785 1959 illi,
835 1895 1097 1966 ambages
1133 1896 1398 1957 continet.
1451 1895 1560 1949 huc
1606 1903 1659 1948 et
1693 1895 1822 1947 illuc
1863 1904 2080 1949 vertens
2108 1909 2186 1948 se.

621 1980 736 2037 lloc
764 1984 912 2038 enim
941 1984 1194 2038 diabolus
1218 1985 1553 2053 pr0positum
1584 1983 1767 2046 habet,
1801 1991 1857 2036 ut
1881 1983 2040 2036 rebus
2068 1998 2189 2051 quae

621 2091 651 2129 a
693 2077 965 2146 principio
995 2077 1089 2129 tibi
1126 2077 1345 2131 luerunt
1385 2077 1524 2130 data:
1583 2091 1689 2129 non
1739 2084 2028 2130 contentus
2069 2090 2187 2127 ma-

623 2183 776 2231 neas,
800 2169 1116 2236 alienasque
1144 2169 1385 2223 moliaris
1410 2169 1687 2233 invadere,
1712 2167 1921 2222 scilicet
1944 2168 2188 2236 praprias

623 2268 836 2327 patrum
871 2258 964 2326 qui
1010 2265 1314 2323 genuerunt
1363 2274 1480 2321 vos,
1536 2273 1711 2326 neque
1758 2258 1891 2310 satis
1927 2255 1998 2309 sit
2041 2253 2184 2308 istud

621 2348 783 2416 regia:
811 2348 1097 2416 potestatis
1130 2347 1496 2415 privilegium,
1537 2361 1644 2414 quo
1688 2346 1977 2398 universus
2009 2343 2184 2411 gentis

619 2447 724 2490 tua:
783 2436 1015 2506 pOpulus
1064 2436 1291 2504 pedibus
1351 2439 1456 2491 tuis
1506 2436 1738 2504 adjacet.
1786 2433 1942 2487 Nulla
2000 2442 2179 2489 tamen

617 2542 769 2597 gens,
816 2542 883 2590 ex
914 2509 1040 2595 quoi
1065 2526 1431 2580 Romanorum
1482 2527 1723 2594 potentia
1772 2526 2024 2587 innotuit,
2071 2526 2186 2594 glo-

619 2617 752 2670 riari
791 2619 965 2685 potuit
999 2632 1105 2670 non
1141 2618 1287 2670 illius
1313 2617 1442 2685 jugo
1473 2616 1670 2670 collum
1706 2615 2042 2668 submisisse.

2297 526 2692 596 ὠφελήσωμεν,
2723 526 2817 578 καὶ
2844 524 3014 586 οὕτως
3039 526 3322 596 εἴργασται
3350 527 3408 577 τὸ
3436 525 3725 595 ἡμέτερον,
3761 525 3849 576 καὶ

2297 619 2324 671 ὃ
2348 617 2728 688 χρεωστοῦμεν
2765 618 3100 687 πληροῦμεν.
3130 618 3202 668 τὸ
3233 617 3289 668 δὲ
3322 617 3436 679 σὸν,
3460 621 3655 668 τέκνον
3675 617 3847 684 ἡμῶν,

2295 709 2367 772 ώς
2393 709 2656 777 φρόνιμος
2713 710 2986 772 κατανόει,
3017 711 3068 760 εἳ
3109 707 3224 759 ἔστι
3264 709 3356 759 καὶ
3388 706 3536 774 παρὰ
3567 705 3688 774 Θεῷ
3711 708 3852 756 ἀκα-

2295 799 2554 867 τάκριτον
2611 800 2704 850 καὶ
2734 799 2888 868 παρά
2939 797 3250 868 ἀνθρώποις
3281 797 3649 866 ἀνεπίμωμον
3672 813 3686 826 ο
3722 796 3854 846 ἀλλὰ

2296 887 2434 957 καλὴ
2465 889 2558 941 τοῦ
2592 890 2974 958 γράμματοςή
3012 891 3173 958 ἀρχὴ,
3217 890 3549 943 ταπείνωσιν
3586 890 3854 957 μιμούμε-

2295 995 2381 1040 νος
2417 977 2573 1042 Θεοῦ,
2625 979 2832 1048 ἤγαγες
2860 979 3001 1031 κατὰ
3034 980 3323 1049 πρόσωπον
3351 977 3643 1047 ἄνθρωπον
3671 990 3855 1026 ταπει-

2295 1067 2407 1130 νδν,
2441 1069 2538 1120 καὶ
2586 1068 2685 1120 οὐκ
2713 1068 2884 1138 ἐπῇρὲ
2925 1085 2984 1118 σε
3022 1067 3082 1119 τὸ
3113 1067 3341 1136 μέγεθος
3369 1067 3467 1135 τῆς
3503 1067 3709 1134 ἀρχῆς,
3739 1063 3854 1115 οὐδὲ

2297 1159 2523 1212 σεαυτοῦ
2552 1161 2748 1229 ἡγήσω
2771 1160 2988 1225 ἀνάξιον
3021 1160 3276 1228 ὁμιλῆσαι
3309 1159 3491 1227 οἰκείῳ
3515 1161 3753 1224 στόματι
3781 1154 3856 1222 τῷ

2295 1251 2644 1319 ἀσιδγκρίτως
2701 1251 3118 1320 ἀπολειπομένῳ
3160 1248 3255 1302 τοῦ
3319 1249 3413 1301 σοῦ
3453 1248 3722 1318 μεγέθους
3756 1249 3856 1316 τῆς

2293 1341 2469 1408 δόξης.
2520 1341 2691 1394 Τοῦτο
2748 1342 3050 1407 ὲπαινετδν,
3084 1343 3176 1394 καὶ
3223 1336 3290 1412 ἦν
3323 1338 3621 1392 ἀκόλουθον
3651 1337 3746 1389 καὶ
3791 1333 3859 1387 τά

2293 1433 2418 1502 ἑξῆς
2442 1433 2534 1485 τοῦ
2565 1434 2896 1503 γράμματος
2931 1437 2996 1503 τῇ
3026 1434 3162 1502 αὑτῇ
3217 1430 3626 1499 συνυφανθῆναι
3666 1446 3857 1480 ταπει-

2294 1529 2496 1593 νότητι,
2532 1528 2624 1578 καὶ
2678 1526 2752 1596 μὴ
2807 1526 3160 1596 παρεξελθεῖν
3182 1525 3282 1593 τῆς
3311 1523 3404 1576 τοῦ
3445 1521 3583 1575 Θεοῦ
3613 1522 3689 1584 ὡς
3723 1522 3857 1588 ἔφης

2295 1618 2606 1686 μιμήσεως,
2651 1617 2764 1670 Νῦν
2802 1618 2859 1670 δὲ
2901 1619 3060 1671 ἄλλον
3093 1619 3204 1687 ἔχει
3248 1616 3574 1686 χαρακτῆρα
3610 1613 3680 1666 τὰ
3720 1613 3856 1682 μιτά

2291 1710 2463 1762 ταῦτα
2489 1709 2584 1761 τοῦ
2618 1711 2938 1778 γράμματος
2962 1725 2976 1738 ·
3021 1709 3081 1761 οὐ
3122 1709 3522 1777 ταπεινότητος,
3558 1707 3661 1758 οὐκ
3688 1706 3859 1755 ἐπιει-

2290 1803 2466 1865 κείας,
2522 1801 2583 1852 οὑ
2618 1801 3049 1869 φιλανθρωπίας,
3099 1800 3236 1854 ἀλλά
3265 1817 3409 1861 τινος
3446 1798 3646 1868 ἑτέρας
3682 1792 3859 1846 διαθέ-

2292 1910 2450 1956 σεως.
2481 1893 2587 1944 Φεῦ
2633 1893 2728 1945 τοῦ
2770 1893 3020 1962 ςπονηροῦ
3072 1893 3328 1961 δαίμονος
3364 1890 3457 1943 τοῦ
3485 1893 3598 1950 τοῖς
3631 1886 3857 1956 ἀγαθοῖς

2291 1983 2349 2047 te
2383 1984 2554 2054 ἀρχῆς
2607 1984 3086 2054 διαφθονουμένου,
3131 1983 3226 2037 καὶ
3269 1984 3355 2035 ἀεὶ
3389 1983 3487 2049 τὴν
3508 1982 3722 2033 οἰκείαν
3753 1993 3853 2029 κα-

2291 2075 2418 2129 κίαν
2451 2077 2945 2146 προσεπιμιγνύειν
3001 2075 3433 2145 φιλονεικοῦντος
3457 2075 3568 2136 τοῖς
3603 2071 3853 2138 ἀγαθοῖςο

2291 2168 2400 2219 Καὶ
2459 2163 2658 2228 πολλὰς
2715 2168 2812 2235 μὲν
2846 2167 2904 2218 τὸ
2933 2167 3186 2236 γράμμα,
3250 2165 3434 2217 τέκνον
3465 2162 3646 2232 ἡμῶν,
3697 2175 3854 2227 περι·

2292 2249 2496 2320 πλοκὰς
2521 2257 2894 2329 ἐδήλουηήμῖν,
2930 2261 3022 2309 καὶ
3061 2257 3155 2309 νῦν
3214 2256 3311 2325 μὲν
3344 2245 3596 2305 ἐντεῦθεν
3628 2251 3856 2319 στρέφε-

2290 2362 2404 2412 ται,
2432 2347 2525 2400 νῦν
2572 2348 2628 2400 δὲ
2669 2348 2899 2401 ἐκεῖθεν.
2950 2341 3041 2407 Εἷς
3074 2347 3130 2398 δὲ
3161 2347 3188 2397 ὁ
3220 2345 3418 2406 σκοπὸς
3448 2342 3599 2411 αὑτῷ
3631 2341 3693 2393 τὸ
3719 2338 3858 2408 βού-

2290 2437 2474 2491 λεσθαι
2505 2438 2602 2509 τὴν
2650 2440 2920 2509 ὑμετέραν
2953 2439 3273 2508 προαίρεσιν
3310 2438 3384 2507 μὴ
3421 2434 3717 2505 ἀρκεῖσθαι
3746 2431 3855 2489 τοῖς

2298 2530 2470 2594 ἰδίοις,
2523 2531 2644 2600 μηδ’
2708 2530 2968 2600 ἐμμένειν
3018 2533 3166 2600 τοῖς,
3209 2529 3265 2594 ἐξ
3321 2527 3496 2597 ἀρχῆς
3547 2521 3857 2592 δεδομένοις

2295 2622 2448 2689 ὑμῖν
2512 2596 2628 2675 ἀλλ’
2674 2596 2941 2692 ἐπιπηδᾷν
2995 2596 3320 2692 πράγμασιν
3367 2596 3704 2687 ἀλλοτρίοις,
3765 2611 3857 2663 καὶ

619 2711 742 2763 τότε
771 2711 969 2775 τίνων;
1023 2710 1284 2777 Παιέρων
1325 2707 1434 2759 τῶν
1492 2709 1870 2776 γεννησάντων
1907 2710 2072 2778 ὑμᾶς,
2111 2714 2203 2764 καὶ
2241 2714 2520 2783 προνομίῳ
2561 2714 2835 2782 βασιλείας
2895 2717 2929 2784 ἢ
2977 2719 3083 2769 πᾶν
3115 2716 3264 2777 ἔθνος
3292 2714 3393 2766 ὑπὸ
3456 2713 3626 2773 πόδας
3658 2709 3856 2776 ἔθηκει

621 2801 718 2855 καὶ
749 2801 904 2854 οὐδὲν
933 2799 1087 2863 ἔθνος
1117 2801 1177 2865 ἐξ
1207 2793 1266 2858 οὗ
1307 2797 1591 2868 Ῥωμαίων
1622 2799 1819 2868 κράτος
1850 2801 2179 2874 ιγνωρίσθη,
2222 2806 2604 2874 καυχήσασθαι
2644 2807 2719 2876 μὴ
2751 2807 2873 2876 οὐχὶ
2897 2811 2986 2859 τὸν
3022 2807 3226 2876 αὐχένα
3257 2804 3434 2858 κλίναι
3468 2804 3639 2874 αὐτῷ.

689 2976 884 3034 Pacem
934 2985 1183 3044 exoptas.
1237 2973 1468 3028 Pulchre
1503 2974 1756 3042 equidem
1789 2975 2035 3041 dictum;
2092 2979 2183 3031 sed

622 3069 1010 3128 convenienter
1064 3081 1224 3135 agere
1269 3074 1370 3119 est.
1424 3065 1535 3118 l‘ax
1583 3068 1730 3118 enim
1784 3080 1960 3134 neque
2011 3067 2185 3121 aliena

2366 2980 2602 3051 Εἰρήνην
2630 2983 2910 3051 ἐπιζητεῖς
2938 2999 2951 3014 ο
2985 2982 3147 3044 καλὸς
3181 2983 3209 3034 ὀ
3239 2982 3415 3050 λόγος,
3448 2982 3626 3046 δεῖξον
3659 2980 3756 3033 καὶ
3783 2976 3860 3046 τῷ

2293 3072 2439 3142 ἔργῳ
2469 3073 2560 3124 τὸν
2590 3073 2745 3141 λόγον
2769 3074 3080 3156 ἀκόλουθον.
3127 3073 3190 3127 Ἦ
3242 3075 3427 3143 είρήνη
3461 3073 3524 3126 οὐ
3553 3072 3666 3125 τῶν
3703 3070 3857 3133 ἀλλο»

625 3163 812 3224 ambit,
849 3167 943 3214 aut
991 3157 1217 3218 invadit,
1273 3169 1445 3224 neque
1495 3169 1687 3208 manus
1725 3155 1790 3208 ad
1839 3170 1988 3208 arma
2025 3157 2183 3220 tollit,

2291 3163 2458 3230 τρίων
2487 3164 2722 3230 ἐφίεται,
2756 3164 2819 3216 οὐ
2854 3166 2967 3226 τοῖς
2993 3164 3162 3233 μηδὲν
3183 3166 3548 3234 προσήκουσιν
3584 3161 3856 3232 ἐπιπηδᾷν

624 3266 801 3323 neque
824 3250 951 3304 belli
967 3247 1346 3303 excusationes
1372 3245 1677 3315 praetendit,
1702 3261 1878 3314 neque
1905 3247 2185 3315 sanguinis

2291 3253 2347 3305 οὒ
2383 3255 2571 3323 χεῖρας
2620 3255 2766 3326 αἴρει
2821 3257 2953 3326 πρὸς
2995 3256 3154 3343 δπλα,
3184 3256 3245 3308 οὐ
3280 3257 3508 3324 παρέχει
3550 3255 3856 3324 προφάσεις

620 3343 885 3399 eﬂ'usione
917 3337 1137 3410 gaudet,
1184 3351 1358 3405 neque
1393 3336 1491 3390 scit
1528 3336 1780 3392 homines
1813 3335 1868 3389 in
1902 3338 2185 3404 captivita-

624 3450 730 3491 tem
786 3433 1047 3502 redigere.
1087 3429 1144 3483 Si
1178 3430 1337 3483 talem
1387 3437 1612 3498 exoptes
1648 3445 1859 3498 pacem,
1911 3428 2186 3494 Christus,

624 3525 715 3579 ille
767 3520 908 3576 Deus
949 3519 1043 3587 qui
1094 3519 1412 3587 sanguinem
1454 3527 1627 3572 totum
1677 3534 1778 3587 pro
1816 3532 1948 3588 pace
1997 3519 2186 3575 mundi

621 3609 836 3675 eﬂudit,
863 3611 1196 3665 voluntatem
1223 3619 1393 3672 tuam,
1428 3611 1730 3678 praesertim
1765 3620 1817 3664 et
1843 3625 2185 3665 communem

622 3708 979 3776 Bulgarorum
1009 3701 1495 3781 Romanorumque
1515 3703 1851 3758 voluntatem
1875 3702 2185 3771 aditnpleat.

623 3797 681 3850 Si
713 3811 842 3851 vero
874 3795 940 3849 ad
985 3793 1126 3847 hanc
1161 3809 1347 3863 pacem
1389 3809 1495 3846 non
1549 3795 1805 3864 aspicias,
1848 3794 1980 3863 quid
2022 3795 2185 3849 verba

623 3888 950 3958 proﬁciunt,
999 3901 1122 3939 cum
1185 3887 1367 3938 omnia
1425 3885 1623 3938 bellum
1677 3886 1919 3955 spirent?
1971 3885 2188 3957 Depone

621 3997 804 4045 arma;
837 3990 1055 4034 cessent
1075 3979 1358 4046 sanguinis
1387 3978 1704 4043 eﬁ'usiones,
1732 3981 2188 4050 captivorumque

622 4073 1005 4137 calamitates;
1079 4079 1295 4125 cessent
1350 4072 1723 4140 orphanorum
1789 4072 2188 4142 viduarumque

623 4166 894 4235 lacrymai,
946 4171 1000 4216 et
1053 4162 1154 4216 ista
1201 4162 1320 4230 plus
1360 4162 1619 4228 habendi,
1653 4163 2078 4232 dominandique
2131 4165 2185 4217 in

621 4257 756 4309 alios
785 4253 1079 4322 cupiditas.
1114 4251 1192 4305 Ita
1238 4251 1332 4317 sit,
1366 4261 1418 4305 et
1451 4262 1564 4305 tum
1599 4268 1723 4307 vere
1753 4268 1859 4322 pax
1898 4253 2005 4306 Deo
2037 4264 2187 4322 grata

621 4346 1008 4401 constituetur.
1063 4342 1117 4397 Si
1156 4359 1288 4398 vero
1326 4345 1489 4398 dicas.
1510 4353 1564 4398 te
1608 4354 1813 4412 patres,
1856 4344 1949 4414 qui
1982 4360 2079 4400 vos
2121 4361 2188 4399 ex

2290 3345 2561 3415 πολέμων,
2614 3350 2676 3401 οὐ
2738 3350 2920 3418 χαίρει
2963 3349 3189 3418 χύσεσιν
3241 3350 3510 3418 αἱμάτων,
3556 3348 3658 3400 οὐκ
3713 3343 3881 3398 οἶδεν,

2289 3435 2666 3503 αίχμαλώτους
2691 3438 3010 3510 ἀνθρώπους
3039 3443 3236 3495 ποιεῖν.
3258 3441 3321 3492 Et
3350 3439 3606 3507 τοιαύτην
3628 3439 3856 3508 εἰρήνην

2293 3525 2498 3587 ποθεῖς,
2533 3525 2619 3595 τίη
2667 3528 2899 3598 Χριστὸς
2925 3531 2954 3581 ὁ
2991 3528 3121 3590 Θεὸς
3145 3528 3302 3598 ήμῶν
3335 3527 3363 3578 ὁ
3397 3527 3455 3578 τὸ
3488 3528 3691 3578 οἰκεῖον
3717 3519 3854 3591 αἷμα

2295 3617 2435 3688 ὑπὲρ
2456 3619 2553 3687 τῆς
2573 3620 2794 3690 είρήνης
2815 3619 2908 3672 τοῦ
2936 3620 3140 3689 κόσμου
3154 3619 3397 3679 κενώσας
3422 3617 3480 3670 τὸ
3499 3619 3590 3669 σὺν
3616 3618 3853 3682 θέλημα,

2297 3709 2497 3777 μᾶλλον
2539 3711 2595 3764 δὲ
2624 3711 2685 3763 τὸ
2733 3711 2910 3768 κοινὸν
2956 3713 3046 3764 καὶ
3078 3711 3404 3779 Βουλγάρων
3434 3709 3528 3761 καὶ
3560 3707 3853 3778 Ῥωμαίων

2293 3801 2605 3870 ἐκπληρῶν·
2631 3803 2749 3854 τίδὲ
2771 3803 2903 3879 προς
2927 3802 3134 3870 ταύτην
3157 3803 3216 3854 οὑ
3239 3802 3459 3873 βλέπεις
3482 3801 3579 3870 τὴν
3601 3800 3852 3870 εἰρήνην.

2291 3894 2345 3946 τί
2377 3894 2469 3946 τοῦ
2527 3895 2770 3964 ῥήματος
2805 3895 3017 3964 ὄφελος,
3059 3897 3190 3949 ὅταν
3233 3896 3302 3948 τά
3361 3896 3668 3966 πράγματα
3731 3906 3854 3957 τοτα

2293 3984 2432 4054 χάνῃ
2460 3983 2731 4050 πολέμια;
2775 3987 3024 4049 Κατάθες
3069 3985 3136 4038 τά
3165 3986 3325 4049 ὅπλα,
3357 3986 3721 4038 παυέσθωσαν
3743 3981 3854 4035 τῶν

2290 4074 2541 4141 αἱμάτων
2563 4077 2617 4128 αι
2653 4076 2860 4146 χὺσεις,
2888 4079 2998 4130 τῶν
3048 4077 3411 4148 αἰχμαλώτων
3461 4079 3517 4128 αἱ
3547 4073 3847 4146 συμφοραὶ,

2289 4165 2397 4218 τῶν
2427 4167 2699 4237 ὀρφανῶν,
2748 4169 2856 4221 τῶν
2905 4169 3091 4239 χηρῶν
3139 4171 3209 4222 τά
3255 4171 3484 4238 δάκρυα,
3518 4171 3552 4240 η
3582 4166 3850 4236 ἐπιθυμία

2288 4256 2383 4309 τοῦ
2438 4259 2800 4323 πλεονεκτεῖν,
2841 4261 2933 4313 τοῦ
2963 4261 3073 4315 τῶν
3101 4261 3393 4330 ἀλλοτρίων
3431 4261 3717 4329 βούλεσθαι
3751 4260 3852 4327 ἄρ’

2271 4365 2426 4417 ,χειν.
2487 4351 2672 4403 Ταῦτα
2722 4352 2982 4420 γενέσθω,
3031 4354 3124 4407 καὶ
3169 4354 3332 4414 ὅντως
3363 4354 3552 4421 είρήνη
3579 4351 3697 4420 Θεῷ
3724 4348 3853 4418 ἀρέ-

624 4435 969 4487 tenebrarum
1019 4432 1282 4488 servitute
1330 4443 1452 4503 post
1497 4435 1664 4488 Deum
1717 4438 2086 4498 redemerunt,
2134 4436 2185 4488 in

2293 4457 2494 4494 σκουσα
2532 4443 2988 4514 βραϐευθήσεται.
3022 4445 3098 4498 Τὸ
3137 4445 3193 4496 δὲ
3235 4444 3413 4510 λέγειν
3445 4444 3569 4504 τοὺς
3607 4443 3854 4511 πατέρας

621 4527 878 4580 ditionem
916 4535 1061 4578 tuam
1109 4525 1247 4578 velle
1288 4526 1554 4594 redigere,
1588 4528 1867 4595 quomodo
1899 4527 2005 4580 erit
2043 4525 2190 4594 pax?

621 4615 808 4670 Nonne
853 4619 994 4672 istud
1034 4627 1119 4671 est
1151 4615 1490 4672 infestissimi
1529 4619 1730 4683 hostis,
1775 4620 1867 4687 qui
1907 4634 2187 4688 nunquam
2221 4649 2224 4652 ~

622 4711 772 4763 novit
806 4725 990 4780 pacein
1009 4709 1031 4762 Ἰ

691 4896 797 4949 Sed
845 4895 1002 4958 dicis,
1054 4909 1091 4949 ο
1131 4895 1228 4956 lili,
1281 4897 1409 4949 illud
1446 4912 1510 4950 ex
1555 4897 1659 4950 Dei
1710 4899 1994 4953 voluntate
2037 4914 2184 4954 esse.

623 4986 921 5056 Usquequo
969 4987 1268 5041 mendaciis
1299 4989 1626 5056 perﬁdorum
1666 4999 1721 5042 tu
1751 4991 1993 5059 prudens
2026 4992 2190 5045 obse-

619 5078 842 5148 qttc'l‘is?
892 5076 1140 5143 Quandiu
1175 5079 1283 5133 illis
1313 5079 1537 5142 favebis,
1575 5081 1668 5150 qui
1718 5095 1783 5136 ex
1834 5081 2186 5151 inspiratione

619 5173 816 5225 diaboli
878 5170 1030 5239 loqui
1076 5183 1342 5232 amantes,
1397 5172 1448 5226 in
1499 5187 1663 5227 aures
1708 5180 1834 5227 tuas
1887 5175 2183 5242 nequitiam

621 5262 920 5315 inducunt?
959 5261 1116 5324 lllud,
1175 5277 1206 5314 ο
1240 5263 1330 5326 (ili,
1378 5277 1485 5315 non
1528 5272 1611 5316 est
1654 5277 1843 5316 verum
1886 5267 2030 5332 quod
2074 5264 2186 5315 vult

620 5367 730 5406 non
769 5351 935 5414 Deus,
967 5353 1062 5408 sed
1097 5354 1197 5408 i5te
1224 5369 1250 5405 a
1292 5355 1562 5423 principio
1606 5355 1880 5408 homicida
1911 5355 2181 5418 diabolus,

619 5444 1076 5507 dissensionibus,
1136 5445 1357 5513 prwliis,
1412 5446 1586 5510 bellis,
1634 5445 1874 5500 aedibus
1915 5445 2182 5515 gaudens,

618 5546 670 5589 et
702 5535 850 5588 omni
891 5538 1033 5587 malo
1063 5538 1204 5604 quod
1239 5538 1292 5589 in
1333 5552 1472 5589 vana
1508 5539 1789 5590 hominum
1822 5538 1929 5590 vita
1964 5539 2185 5603 conspi-

615 5632 777 5684 citur.
809 5630 900 5682 Ille
928 5637 1011 5681 est
1042 5629 1133 5695 qui
1168 5630 1289 5682 talia
1321 5629 1616 5682 meditatur
1655 5640 1708 5681 et
1740 5628 1969 5694 perlicit,
2001 5643 2029 5680 a
2055 5643 2181 5695 quo,

620 5723 752 5788 proh
811 5720 998 5773 dolor!
1073 5717 1188 5770 istae
1245 5720 1582 5772 calamitates
1641 5719 1899 5788 Bulgaros
1951 5720 2088 5771 inter
2133 5729 2185 5771 ct

2289 4536 2416 4598 τοὺς
2447 4537 2511 4587 ἐκ
2536 4536 2634 4604 τῆς
2663 4537 2902 4600 δουλείας
2927 4537 3019 4590 τοῦ
3046 4540 3268 4600 σκότους
3297 4539 3435 4607 μετά
3461 4554 3523 4605 γε
3545 4536 3675 4590 Θεὸν
3695 4538 3847 4588 Κλευ-

2291 4627 2636 4696 θερώσαντας
2667 4630 2832 4698 ὑμᾶς,
2857 4629 3076 4692 τούτους
3107 4631 3452 4700 ὑποχειρίους
3484 4631 3692 4693 λαϐεῖν,
3731 4629 3848 4688 πῶς

2289 4718 2438 4769 ἐστιν
2470 4720 2728 4788 εἰρήνηςς
2776 4719 2916 4772 Ἀλλ’
2946 4721 3066 4788 οὐχὶ
3099 4721 3208 4771 τῶν
3254 4719 3471 4771 πώποτε
3504 4718 3846 4788 πολεμιωτάο·

2287 4824 2417 4872 των,
2459 4809 2554 4860 καὶ
2580 4809 2859 4878 ομηδέτιοτε
2901 4810 3127 4878 εἰρήνην
3149 4808 3366 4861 είδότων
3391 4826 3408 4876 ;

2370 4896 2530 4949 Ἀλλὰ
2583 4897 2783 4965 λέγεις,
2810 4899 2997 4949 τέκνον
3050 4897 3226 4966 ἡμῶν,
3257 4897 3400 4948 οὕτω
3431 4893 3718 4964 βούλεσθαι
3755 4892 3843 4944 τὶν

2286 4988 2440 5040 Θεὸν.
2474 4987 2652 5056 Μέχρι
2689 4989 2835 5050 τίνος
2887 4988 2996 5039 τῶν
3044 4989 3376 5041 ἀπατεώνων
3425 4988 3706 5056 προσέξεις
3735 4991 3846 5048 τοῖς

2287 5079 2478 5149 λήροις
2535 5080 2801 5149 φρόνιμος
2868 5080 2980 5147 div;
3047 5082 3190 5144 Ἕως
3252 5082 3383 5134 πότε
3430 5083 3844 5153 παραχωρήσεις

2288 5174 2400 5233 τοῖς
2458 5171 2745 5237 ἀγαπῶσιν
2798 5173 2863 5223 ὲκ
2908 5171 3000 5224 τοῦ
3052 5172 3292 5242 πονηροῦ
3329 5173 3655 5242 φθέγγεσθαι
3679 5157 3843 5224 ςτνεῦ-

2291 5278 2479 5329 ματος,
2510 5263 2629 5323 ταῖς
2663 5263 2783 5322 σαῖς
2812 5264 3004 5325 ἀκοαῖς
3043 5263 3140 5333 τὴν
3172 5265 3438 5332 πονηρίαν
3465 5265 3642 5316 αὐτῶν
3683 5268 3844 5316 litav-

2287 5351 2470 5414 τλεῖν;
2501 5352 2614 5404 Οὐκ
2663 5352 2776 5404 ἔστι
2822 5353 3001 5419 τοῦτο,
3042 5358 3229 5407 τέκνον
3255 5357 3431 5424 ἡμῶν,
3473 5356 3690 5424 ἀληθὲς,
3725 5351 3841 5404 οὐδὲ

2289 5443 2537 5513 βούλεται
2567 5443 2725 5496 τοῦτο
2752 5445 2905 5508 Θεὸς,
2938 5446 3052 5497 ἀλλ’
3081 5451 3106 5498 ὁ
3134 5448 3227 5499 ἀπ’
3264 5449 3434 5517 ἀρχῆς
3465 5446 3840 5515 ἀνθρωποκτό-

2287 5553 2373 5597 νος
2400 5536 2670 5598 διάδολος,
2707 5539 2736 5588 ὸ
2771 5538 2859 5614 ἀεὶ
2899 5539 3104 5606 χαίρων
3143 5541 3263 5602 ταῖς
3310 5542 3554 5599 στάσεσι,
3590 5543 3709 5601 ταῖς
3738 5540 3839 5607 μάο

2287 5646 2435 5696 χαις,
2470 5632 2582 5691 τοῖς
2637 5630 2917 5697 πολέμοις,
2970 5635 3090 5694 ταῖς
3146 5635 3546 5703 ἀνδροφονίαις,
3588 5635 3677 5684 κού⁵
3710 5635 3839 5684 εἴτι

2290 5721 2418 5774 ἀλλο
2453 5723 2620 5773 κακον
2646 5723 2703 5774 ἐν
2741 5721 2816 5792 τῷ
2854 5725 3067 5796 ματαίῳ
3098 5727 3196 5795 βίῳ
3241 5729 3348 5782 τῶν
3377 5726 3674 5795 ἀνθρώπων
3703 5743 3838 5793 γνω-
