4088 6448
717 263 821 326 163

1834 253 2143 317 NlCOLAI
2185 253 2292 311 (ΣΡ.
2336 251 2840 312 ΡΑΤΒΙΑΒΩΗΑΞ

3825 255 3916 315 164

705 377 850 430 tione
911 380 1109 434 amota,
1156 367 1454 432 eademque
1509 381 1689 436 agere,
1738 375 1790 419 et
1841 381 1946 421 non
2001 367 2100 420 ista
2155 380 2273 433 qua!

2375 362 2473 428 τῆς
2533 363 2672 415 κατὰ
2727 361 3064 431 Χριστιανῶν
3119 363 3354 432 σφαγῆς,
3400 364 3463 415 σὺ
3508 363 3581 425 ὡς
3626 363 3797 432 τιμῶν
3833 367 3917 416 τὸν

706 479 876 532 nuper
917 456 1220 516 miserrima
1253 466 1370 510 acta
1415 463 1564 510 sunt.
1601 453 1676 509 Te
1717 455 1990 523 interrogo
2022 475 2034 508 :
2066 455 2146 508 fac
2181 469 2264 505 re-

705 567 966 624 sponsum
1001 548 1420 604 mansuetudine
1453 555 1505 599 et
1537 546 1870 616 benignitate
1902 557 1991 600 tua
2021 549 2264 616 dignum.

707 648 764 702 Si
799 647 850 698 in
884 644 984 696 ltac
1011 642 1120 695 vita
1154 650 1295 695 esset
1325 638 1416 706 qui
1464 653 1609 691 nunc
1649 655 1767 691 cum
1801 640 2008 692 sanctis
2049 639 2097 690 in
2131 641 2268 693 coelo

709 737 857 801 vivit,
889 744 1049 804 teque
1084 741 1290 800 strages
1313 739 1366 784 et
1394 731 1532 784 bella
1572 730 1647 784 uti
1677 731 1816 798 agis,
1850 739 2266 798 persequentem

708 829 933 890 videret,
979 824 1108 894 quid
1165 823 1233 876 ad
1283 831 1336 875 te
1386 819 1629 874 diceret?
1669 819 1813 884 Quas
1868 820 1943 873 illi
1991 820 2045 871 in
2089 831 2268 874 mente

707 929 865 986 putas
903 913 1260 985 cogitationes.
1301 911 1578 966 orituras?
1629 908 1819 963 Nonne
1860 911 2128 980 lacrymas
2177 925 2264 963 co-

708 1010 857 1076 piose
899 1001 1241 1058 effunderet?
1284 997 1473 1053 Nonne
1517 999 1666 1052 illum
1709 998 1966 1052 mcestitia
2003 1007 2056 1051 et
2101 999 2268 1051 rubor

709 1093 1062 1150 invaderent?
1120 1090 1311 1146 Nonne
1365 1089 1440 1142 illi
1498 1089 1859 1143 intolerabilis
1919 1090 2026 1141 vita
2084 1091 2268 1142 esset?

711 1187 898 1243 Nonne
931 1185 1154 1254 capillos
1209 1181 1543 1249 barbamque
1576 1179 1788 1234 duabus
1838 1180 2088 1233 manibus
2128 1181 2268 1234 evel-

710 1281 828 1332 lens
849 1274 1196 1331 lamentando
1224 1273 1550 1328 exclamaret
1578 1289 1592 1325 :
1618 1271 1760 1337 Quid
1788 1272 1923 1340 agis,
1965 1286 1997 1324 ο
2029 1271 2131 1324 filii
2160 1273 2269 1325 Cur

710 1370 936 1440 gloriam
979 1381 1153 1421 meam
1199 1363 1496 1435 inquinas?
1524 1361 1634 1416 Cur
1665 1377 1802 1432 opus
1833 1363 2091 1426 destruis,
2123 1361 2266 1430 quod

713 1461 825 1513 Deo
859 1458 1150 1528 adiuvante
1177 1464 1466 1510 exsecutus
1498 1469 1645 1517 sum,
1675 1464 1728 1506 et
1755 1453 1820 1507 de
1844 1468 1952 1521 quo
1979 1466 2078 1522 ego
2108 1467 2268 1521 gens-

2373 454 2620 522 πατέρα,
2675 453 2749 514 ὡς
2804 453 3011 506 ἐκείνου
3064 453 3324 524 ὑπάρχων
3393 455 3614 523 γνήσιος
3659 455 3770 516 υἱὸς
3834 456 3914 506 καλ

2373 544 2704 612 κληρονόμος
2732 545 2822 595 τοῦ
2849 544 3097 610 φιλοθέου
3121 547 3346 614 τρόπου,
3385 546 3617 612 ὀφείλεις
3650 546 3919 608 παντελῶς

2373 636 2511 686 αὐτὰ
2545 635 2756 705 ῥίπτειν
2791 635 2866 697 ὡς
2904 637 3176 706 ἁχρησίαν
3221 624 3318 704 τῗις
3348 636 3602 713 τοιαύτης
3625 639 3919 707 ἐνεργείας.

2371 723 2538 776 Τοῦτο
2590 726 2866 793 προσῆκόν
2912 728 3025 780 ἐστι
3077 730 3294 796 φρονεῖν
3340 731 3406 796 τῇ
3477 731 3539 795 σῇ
3588 729 3923 795 μεγαλοδόξῳ

2370 817 2560 884 ἀρετῇ,
2591 817 2750 867 τοῦτο
2783 820 2957 868 ποιεῖν
3005 819 3097 870 καὶ
3123 820 3292 887 χωρὶς
3321 819 3417 886 τῆς
3447 818 3716 888 ἑτέρωθεν
3745 835 3922 882 παρα-

2369 907 2633 974 κλήσεως,
2699 908 2811 959 ἀλλ’
2859 909 2978 977 οὐχὶ
3025 908 3246 960 τοιαῦτα
3301 901 3391 962 οἷά
3425 927 3530 980 περ
3566 911 3660 961 νῦν
3713 910 3920 962 ἐλεεινὰ

2372 999 2676 1064 πράγματα
2733 998 2960 1064 γίνεται.
3019 999 3234 1068 Ἐρωτῶ
3273 1017 3351 1064 σε,
3403 1000 3589 1052 τέκνον
3637 1001 3790 1065 ἐμὸν,
3831 981 3940 1051 καὶ.

2369 1087 2693 1161 ἀποκρίθητι
2721 1092 2884 1155 ἀξίως
2917 1094 3011 1162 τῆς
3049 1093 3144 1160 σῆς
3185 1094 3480 1154 ἐπιεικείας
3520 1095 3612 1145 καὶ
3657 1095 3925 1162 άγαθότη-

2368 1199 2492 1246 τος⁶
2522 1186 2568 1235 εἰ
2599 1183 2674 1251 τῷ
2707 1184 2805 1253 βίῳ
2854 1185 2932 1237 ἔτι
2975 1186 3152 1258 παρῆν
3200 1191 3225 1239 ὁ
3265 1188 3360 1242 νῦν
3411 1189 3549 1256 μετὰ
3608 1189 3716 1240 τῶν
3751 1190 3920 1255 ἁγίων

2371 1276 2428 1326 ἔν
2483 1277 2728 1344 οὐρανοῖς
2778 1279 3248 1348 συνδιαιτώμενος,
3314 1283 3406 1332 καὶ
3463 1281 3632 1333 ταῦτα
3678 1281 3922 1360 ἔὼραοσε

2367 1367 2852 1436 διαπραττόμενον,
2891 1374 2983 1423 καὶ
3016 1373 3111 1435 τὰς
3147 1376 3357 1442 σφαγὰς
3384 1375 3623 1436 καὶτοὺς
3657 1376 3924 1442 πολέμους

2370 1459 2716 1526 ἐνεργοῦντα,
2758 1462 2908 1524 τίνας
2933 1465 2996 1515 ἂν
3029 1463 3132 1532 ἔφη
3170 1466 3304 1533 πρὸς
3333 1467 3389 1518 σὲ
3420 1467 3610 1532 λόγους
3640 1484 3653 1532 ;
3682 1467 3800 1526 Πῶς
3828 1468 3924 1519 olet.

710 1566 817 1621 que
872 1566 988 1604 mea
1050 1545 1452 1614 gloriabantur?
1498 1546 1609 1598 Cnr
1654 1545 1999 1605 luctationes,
2051 1553 2269 1611 propter

2375 1550 2558 1601 τοῦτον
2606 1552 2969 1607 διατεθεῖσθαι
2993 1557 3090 1624 τὴν
3127 1557 3305 1625 ψυχήν
3333 1574 3347 1622 ;
3383 1553 3510 1627 Ἆρ’
3539 1559 3637 1610 οὐκ
3664 1558 3727 1612 ἂν
3756 1559 3925 1626 ὲπλη·

711 1658 846 1708 quas
896 1641 1139 1695 homines
1203 1654 1288 1690 me
1336 1646 1387 1690 et
1443 1648 1654 1702 gentem
1713 1651 1885 1689 meam
1953 1635 2266 1688 beatificare

2380 1640 2535 1709 ροῦτο
2603 1642 2884 1711 δακρύωνς
2969 1647 3102 1715 Οὐχὶ
3167 1649 3620 1718 σκυθρωπότητος
3682 1650 3927 1715 ἐγεγόνει

711 1733 996 1791 debebant,
1035 1745 1203 1782 vanas
1250 1727 1438 1790 efficis,
1492 1727 1680 1796 sicque
1711 1727 1965 1779 damnum
2008 1724 2165 1780 nobis
2213 1736 2264 1780 et

2375 1703 2583 1798 πλήρης
2617 1703 2718 1784 καὶ·
2760 1703 3085 1802 κατηφείας,
3128 1739 3219 1791 καὶ
3247 1703 3477 1790 άέίωτον
3505 1703 3617 1806 εἶχε
3649 1703 3738 1790 τὸν
3768 1703 3919 1805 θίονς

713 1824 807 1876 tibi
841 1822 1069 1891 inﬂigis?
1474 1837 1476 1840 '

2375 1823 2485 1890 οὐχὶ
2517 1823 2615 1886 τὰς
2666 1826 2850 1893 τιμίας
2882 1828 3074 1896 τρίχας
3114 1831 3212 1898 τῆς
3249 1831 3489 1898 κεφαλῆς
3528 1831 3620 1882 καὶ
3672 1830 3765 1882 τοῦ
3816 1829 3929 1881 πιδ-

721 1903 880 1982 γωνος
907 1917 1099 1968 τίλλων
1129 1915 1462 1986 ἀμφοτέραις
1487 1912 1642 1982 χερσὶ
1692 1909 1829 1979 μετὰ
1868 1909 2065 1979 θρήνου
2088 1910 2307 1964 τοιαῦτα
2346 1915 2644 1983 ἐκέκραγε·
2703 1918 2768 1966 Τί
2821 1919 3012 1982 ποιεῖς,
3064 1922 3248 1972 τέκνον
3296 1923 3459 1989 ἐμόνς
3514 1921 3566 1974 τί
3622 1923 3720 1990 τὴν
3775 1921 3931 1983 δόξαν

718 2009 868 2078 ἡμῶν
900 2007 1219 2080 καθαιρεῖς;
1271 2009 1335 2061 Τί
1387 2009 1446 2060 τὸ
1481 2005 1691 2077 ἔργονδ
1724 2006 1819 2058 σὺν
1853 2005 1972 2074 Θεῷ
2034 2007 2400 2076 εἰργασάμην,
2475 2015 2566 2062 καὶ
2609 2013 2693 2078 ἐφ’
2747 2007 2790 2079 ᾧ
2836 2013 2896 2065 τὸ
2968 2015 3228 2083 καύχημα
3277 2012 3344 2086 ἦν
3399 2018 3525 2084 ἐμοὶ
3575 2018 3668 2067 καὶ
3725 2016 3810 2066 σοὶ
3841 2014 3933 2066 καὶ

713 2099 878 2150 παντὶ
921 2098 998 2168 τῷ
1028 2100 1279 2169 ἡμετέρῳ
1330 2098 1477 2164 γένει
1524 2094 1818 2154 καταλύεις
1847 2111 1859 2157 ;
1889 2096 1952 2147 Τί
2016 2096 2139 2157 τοὺς
2183 2099 2480 2167 ἡμετέρους
2505 2101 2716 2166 ἀγῶνας
2748 2102 2813 2154 δι’
2849 2097 2923 2155 ὧν
2970 2107 2996 2157 ὁ
3048 2105 3268 2174 σύμπας
3339 2106 3446 2160 τῶν
3490 2105 3793 2176 ἀνθρώπων
3822 2105 3931 2174 βίος

714 2186 925 2260 ἔμελλε
975 2191 1298 2261 μακαρίζειν
1344 2177 1442 2254 ἐμέ
1495 2204 1555 2239 τε
1606 2187 1700 2238 καὶ
1760 2188 1857 2255 τὴν
1910 2185 2046 2256 ἰμὴν
2078 2189 2268 2253 γενεὰν
2309 2191 2498 2252 κενοὺς
2550 2193 2858 2262 άπεργάζῃ,
2905 2196 2998 2248 καί⁵
3081 2197 3284 2265 ζημίαν
3337 2199 3511 2260 οὕτως
3598 2200 3930 2266 ἀσύγκριτον

716 2282 927 2352 σεαυτῴ
963 2283 1054 2332 καὶ
1080 2283 1212 2350 ἡμῖν
1253 2279 1477 2345 ἐπάγεις
1507 2294 1521 2340 ;

785 2459 923 2525 Quid
974 2459 1137 2526 ergo?
1178 2440 1500 2525 Siquidem
1550 2458 1638 2512 bic
1691 2469 1855 2524 esset,
1905 2460 2091 2513 vivens
2146 2476 2269 2513 cum

717 2551 1054 2612 hominibus,
1085 2549 1166 2603 sic
1199 2549 1477 2619 cogitaret,
1512 2549 1591 2602 sic
1621 2550 1966 2602 lamentando
1998 2537 2276 2604 exclama-

719 2650 821 2695 ret.
857 2627 1009 2693 Nunc
1045 2649 1221 2691 autem
1275 2653 1397 2690 cum
1449 2640 1648 2692 sanctis
1702 2655 1883 2692 coram
1937 2639 2044 2693 Deo
2088 2651 2272 2703 stans,

719 2735 919 2800 (lignus
945 2731 1160 2799 ευρὶοςα
1193 2731 1624 2783 remuneratione
1658 2731 2176 2799 judicatus‘propter
2211 2746 2270 2783 ea

717 2839 860 2892 quae,
896 2821 1004 2875 Deo
1033 2822 1393 2890 praecedente,
1431 2819 1782 2888 Bulgarorum
1815 2823 1985 2889 gratia
2017 2830 2274 2889 operatus

719 2925 822 2980 est,
869 2922 1084 2982 propter
1117 2912 1527 2964 fundamentum
1579 2911 1724 2973 fidei,
1783 2924 1834 2965 et
1885 2911 2008 2966 inde
2058 2912 2274 2982 quidem

721 3003 1124 3056 venerationem
1164 3010 1375 3062 nactus,
1413 3016 1593 3054 nonne
1635 3016 1760 3054 cum
1793 3013 1984 3056 cuncta
2030 3002 2273 3055 biseon-

720 3095 886 3148 lrarla
921 3093 1209 3162 perspiciat
1253 3107 1440 3154 sensu,
1519 3107 1622 3144 non
1669 3093 1778 3160 jam
1831 3093 2064 3154 dubitas,
2101 3108 2132 3144 ο
2181 3093 2275 3157 fili,

719 3188 853 3255 quin
884 3186 1054 3239 sancti
1099 3183 1153 3237 in
1187 3183 1325 3238 ctelo
1376 3199 1461 3237 res
1488 3198 1608 3252 quae
1644 3184 1696 3236 in
1729 3192 1870 3236 terra
1902 3184 2037 3237 fiunt
2080 3199 2279 3252 cogno-

721 3287 897 3340 scant,
947 3277 1056 3336 ille.
1104 3274 1382 3343 superiore
1417 3275 1524 3326 vita
1572 3275 1778 3338 vivens,
1821 3277 1989 3328 multo
2026 3279 2274 3344 graviore

720 3366 906 3419 dolore
940 3365 1162 3426 dolebit,
1193 3374 1244 3416 et
1279 3363 1442 3417 simul
1490 3363 1747 3416 ineffabili
1783 3364 2039 3417 mmstitta
2072 3360 2277 3416 videbi-

721 3466 809 3509 tur
829 3452 1127 3518 cOnfectus,
1155 3452 1317 3508 modo
1343 3468 1483 3522 opus
1510 3469 1668 3507 suum
1700 3455 2027 3522 recOgitaits,
2054 3469 2150 3523 pro
2173 3469 2279 3524 quo

721 3549 886 3601 vitam
917 3555 1193 3616 posuerat,
1219 3561 1528 3614 quanquam
1565 3545 1674 3599 Deo
1710 3555 2020 3614 protegente
2059 3545 2279 3600 interfe-

722 3648 902 3692 ctores
937 3637 1296 3703 superaverit,
1333 3637 1496 3689 modo
1527 3636 1795 3690 sollicitus
1831 3640 1893 3688 de
1925 3644 1975 3688 te
2010 3633 2120 3688 lilio
2155 3649 2276 3698 suo,

725 3729 1004 3799 Deumque
1058 3745 1285 3801 precans
1352 3747 1411 3783 ιιι
1466 3730 1562 3785 tibi
1624 3731 1849 3799 gloriam
1905 3739 1957 3784 et
2027 3731 2276 3783 virtutem

723 3821 1006 3882 concedat,
1036 3820 1308 3886 donetque
1334 3828 1516 3888 postea
1544 3819 1783 3874 caelestis
1823 3817 2008 3888 gloriae
2034 3818 2277 3870 obtinere

725 3907 1137 3962 haereditatem?
1208 3907 1360 3960 Illum
1423 3907 1517 3959 tibi
1569 3908 1745 3978 ipsum
1809 3908 1999 3961 adesse
2050 3906 2274 3976 effinge,

723 4015 758 4053 ο
785 3998 880 4062 ﬂii,
921 4002 1000 4052 sic
1031 3998 1375 4052 miseratione
1402 3995 1604 4049 factum
1635 3998 1883 4065 dignum,
1912 4007 1965 4049 et
1994 4013 2098 4050 non
2129 4013 2159 4048 a
2193 4013 2276 4049 me
2308 4040 2309 4047 η

724 4092 816 4143 sed
858 4092 925 4142 ab
958 4093 1074 4156 ipso
1112 4090 1253 4141 dicta
1299 4104 1418 4157 qua:
1465 4088 1560 4142 tibi
1607 4089 1918 4143 scribimus.
1957 4089 2090 4153 Quis
2133 4089 2275 4141 enim

724 4181 932 4234 dubitet
973 4178 1100 4248 quin
1152 4180 1237 4234 ille
1287 4180 1389 4244 vir,
1423 4179 1516 4248 qui
1570 4194 1636 4233 ex
1686 4179 1814 4243 Deo,
1852 4195 1914 4233 ex
1947 4180 2112 4237 rebus
2159 4192 2276 4245 quae.

726 4286 870 4324 nunc
914 4288 941 4323 :t
975 4282 1027 4323 te
1059 4281 1186 4323 sunt
1223 4269 1379 4322 facta:
1410 4270 1803 4323 contristetur?
1837 4270 2041 4338 Itaque,
2079 4269 2123 4323 si
2160 4269 2272 4323 ﬁeri

2447 2462 2510 2512 Τί
2543 2461 2759 2524 οὖνςΕί
2801 2462 2900 2529 μὲν
2949 2461 3179 2514 ἐνταῦθα
3235 2464 3414 2532 παρῆν
3456 2463 3548 2517 καὶ
3601 2465 3697 2516 σὺν
3726 2465 3936 2537 ἀνθρὼ-

2377 2568 2497 2611 ποις
2553 2547 2666 2619 εἶχε
2715 2553 2814 2620 τὴν
2868 2553 3160 2620 διαγωγὴν,
3219 2552 3389 2614 οὕτως
3436 2553 3502 2605 ἂν
3553 2554 3789 2623 διετέθη,
3842 2558 3934 2610 καὶ

2375 2642 2599 2694 τοιαῦτα
2633 2641 2843 2710 θρηνῶν
2863 2643 3151 2710 ἐκεκράγει
3173 2659 3186 2671 '
3219 2643 3311 2694 νῦν
3333 2643 3386 2695 δὲ
3412 2646 3520 2704 τοῖς
3549 2645 3724 2710 ἁγίοις
3756 2645 3932 2700 συνὼν

2375 2733 2467 2783 καὶ
2492 2732 2610 2802 Θεῷ
2634 2733 3054 2800 παριστάμενος,
3093 2735 3183 2784 καὶ
3221 2733 3420 2802 πολλῆς
3453 2736 3725 2804 ἀποδοχῆς
3757 2737 3928 2802 ἠξιω-

2380 2824 2535 2891 μένος
2588 2824 2770 2875 ἔνεκεν
2824 2825 2915 2875 τοῦ
2957 2823 3138 2891 ἔργου,
3168 2824 3194 2875 δ
3236 2827 3372 2890 μετὰ
3426 2826 3557 2875 Θεὸν
3603 2827 3932 2897 Βουλγάροις

2379 2913 2691 2980 εἰργάσατο,
2750 2914 2840 2963 καὶ
2871 2912 2962 2965 τοῦ
3015 2913 3267 2980 θεμελίου
3306 2917 3401 2982 τῆς
3433 2915 3688 2976 πίστεως,
3722 2917 3820 2969 καὶ
3859 2919 3934 2969 εἰ-

2379 3003 2547 3064 κότως
2573 3004 2658 3054 ἔπ’
2689 3002 2835 3072 αὐτῷ
2860 3005 3270 3071 σεμνυνόμενος,
3307 3005 3524 3056 καὶτῶν
3554 3006 3644 3055 νῦν
3673 3007 3933 3060 ἐναντίων

2381 3096 2724 3168 πραγμάτων
2757 3095 3045 3161 λαμϐάνων
3073 3097 3168 3162 τὴν
3193 3097 3466 3165 αίσθησιν,
3504 3098 3718 3161 πάντως
3752 3100 3810 3152 δὲ
3835 3099 3935 3152 οὐκ

2381 3182 2760 3249 ἀμφιϐάλλεις,
2817 3184 3003 3236 τέκνον
3046 3185 3213 3252 ἐμὸν,
3262 3185 3335 3244 ὡς
3388 3186 3504 3238 ἐστι
3564 3190 3675 3248 τοῖς
3724 3188 3935 3240 ἐκεῖθεν

2382 3274 2588 3343 βιοῦσιν
2611 3277 2786 3341 ἁγίοις
2817 3279 2848 3343 ὴ
2875 3276 2979 3325 τῶν
3013 3277 3068 3325 ἐν
3107 3275 3294 3344 κόσμῳ
3327 3279 3626 3344 γινομένων
3658 3278 3936 3348 αἴσθησις,

2377 3367 2438 3417 ού
2495 3366 2674 3432 πολλῷ
2729 3367 2886 3418 πλέον
2917 3367 3008 3418 καί
3047 3384 3125 3418 τοι
3169 3366 3342 3435 λύπης
3377 3367 3610 3436 ἁπάσης,
3655 3371 3935 3439 ἁνωτέρας

2377 3456 2474 3524 τῆς
2533 3457 2742 3509 ἐκεῖθεν
2797 3457 2940 3521 ζωῆς
2992 3456 3383 3524 τυγχανούσης,
3436 3457 3790 3525 ὀδυνήσεται,
3841 3459 3935 3510 καὶ

2381 3545 2588 3612 μεταξὺ
2610 3545 2709 3614 τῆς
2738 3545 3135 3612 ἁνεκδιηγήτου
3177 3545 3386 3612 ἐκείνης
3420 3545 3773 3615 φαιδρότητος
3802 3564 3936 3598 σκυ-

2380 3635 2686 3704 θρωπάζων
2737 3636 3067 3702 δφθήσεται;
3123 3635 3291 3686 Τοῦτο
3345 3634 3462 3703 μὲν,
3502 3637 3594 3688 καὶ
3641 3636 3701 3687 τὸ
3736 3640 3938 3689 οἰκεῖον

2378 3725 2538 3794 ἔργον
2573 3724 2714 3794 ὑπὲρ
2746 3721 2805 3777 ού
2838 3725 2934 3792 τὴν
2985 3723 3160 3794 ψυχὴν
3206 3725 3366 3786 αὐτὸς
3401 3725 3615 3792 ἔθηκεν,
3655 3728 3703 3776 εἰ
3732 3728 3828 3780 καὶ
3853 3726 3939 3778 διὰ

2377 3817 2476 3882 τῆς
2515 3817 2662 3877 θείας
2693 3815 2973 3886 δυνάμεως
3027 3816 3328 3885 ὑπέρτερος
3368 3817 3554 3882 γέγονε
3595 3817 3702 3867 τῶν
3735 3835 3933 3884 φονευ-

2376 3907 2518 3959 τῶνο
2558 3905 2718 3958 τοῦτο
2769 3906 2825 3958 δὲ
2854 3907 2947 3957 καὶ
2982 3906 3120 3976 ὑπὲρ
3170 3906 3262 3958 τοῦ
3291 3906 3493 3959 οἰκείου
3544 3907 3755 3968 τέκνου,
3795 3911 3936 3979 ὑπὲρ

2374 3993 2434 4051 οὗ
2483 3999 2724 4049 δυσωπεῖ
2773 3996 2864 4048 τὸν
2899 3996 3051 4057 Θεὸν,
3097 3999 3224 4060 πᾶν,
3265 3998 3318 4048 εί
3341 4015 3391 4049 τι
3423 3997 3585 4048 καλὸν
3612 3999 3703 4050 καὶ
3734 4000 3937 4068 ἀρετῆς

2377 4087 2598 4149 ἔνδειξιν
2628 4087 2771 4155 ἔχον,
2807 4087 3216 4156 παρασχεθῆναί
3244 4105 3346 4150 σοι,
3379 4090 3472 4141 καί
3511 4091 3646 4158 μετὰ
3664 4089 3824 4141 τοῦτο
3845 4095 3940 4143 καί

2376 4177 2474 4238 τῆς
2504 4178 2617 4228 ἄνω
2647 4176 2801 4246 δόξης
2839 4179 3381 4247 προσεπικτήσασθαι
3412 4181 3508 4248 τὴν
3541 4182 3935 4248 κληρονομίαν.

2385 4267 2553 4318 Αὑτὸν
2579 4267 2924 4335 παρεῖναίσοι
2954 4268 3166 4331 νόμιζε,
3191 4268 3377 4319 τέκνον
3403 4270 3552 4335 ἐμὸν,
3570 4269 3738 4330 οὓτως
3768 4271 3938 4322 ἐλεει-

726 4369 910 4431 posset
955 4361 1104 4411 illum
1150 4375 1213 4412 ex
1255 4359 1411 4411 beata
1463 4359 1571 4412 vita
1604 4361 1670 4411 ad
1702 4348 1840 4411 hanc
1875 4359 2124 4410 miseram
2177 4369 2273 4409 no-

2382 4359 2484 4418 νῶς
2545 4359 2965 4426 διατεθειμένον,
3034 4359 3128 4409 καὶ
3168 4359 3204 4411 ἃ
3261 4360 3546 4431 γράφομεν
3610 4360 3683 4430 μὴ
3747 4360 3940 4428 λόγους

726 4463 893 4504 stram
926 4453 1090 4504 vitam
1121 4449 1338 4510 rex‘erti,
1373 4463 1481 4503 non
1513 4451 1682 4505 solum
1715 4450 1779 4502 ad
1811 4458 1862 4506 te
1893 4450 2075 4512 verba,
2107 4447 2273 4516 qualia

2383 4448 2680 4518 ἡμετέρους
2709 4444 2868 4511 εἰναι,
2905 4448 3020 4500 ἀλλ’
3053 4450 3256 4500 ἐκεῖνον
3280 4449 3353 4509 ὡς
3395 4450 3604 4519 ἀληθῶς
3644 4451 3817 4503 ταῦτά
3860 4467 3941 4505 σοι

726 4558 850 4611 ego,
885 4543 975 4595 sed
1026 4543 1195 4594 multo
1227 4541 1380 4608 plura
1412 4542 1600 4595 dicens
1631 4542 1924 4602 videretur,
1959 4540 2153 4608 quippe
2193 4542 2273 4606 qui

2381 4541 2742 4606 διαλέγεσθαι.
2783 4539 2877 4601 Τίς
2929 4541 3042 4607 ,γὰρ
3087 4539 3221 4602 ὅλως
3280 4541 3626 4608 ἀμφιϐάλλει,
3663 4542 3736 4604 ὡς
3769 4545 3797 4595 ὁ
3846 4543 3938 4596 τοῦ

728 4632 1057 4699 magnopere
1093 4632 1285 4694 valeat,
1343 4646 1479 4682 vana
1512 4626 1822 4683 mobilitate
1866 4629 2147 4687 liberatus.
2197 4642 2273 4679 su‘

2380 4631 2512 4683 Θεοῦ
2539 4630 2822 4698 ἄνθρωπος
2861 4632 3064 4691 ἐκεῖνος
3100 4632 3192 4682 ἐπὶ
3221 4634 3330 4692 τοῖς
3365 4613 3603 4699 σήμερον
3634 4634 3940 4701 γινομένοις

728 4737 913 4793 prema
965 4737 1085 4776 cum
1152 4722 1506 4792 intelligentia
1564 4733 1916 4786 conversam,
1974 4719 2273 4787 lumineun

2381 4722 2533 4791 παρὰ
2561 4720 2653 4774 σοῦ
2704 4721 2765 4772 οὐ
2819 4721 3063 4789 σφοδρῶς
3110 4722 3360 4784 ἁνιᾶταις
3398 4723 3505 4772 Καὶ
3531 4724 3584 4774 εἷ
3623 4740 3682 4787 γε
3714 4722 3940 4774 δυνατὸν

729 4818 918 4883 plenus
941 4814 1144 4867 divino.
1423 4877 1426 4880 ,

2379 4807 2445 4882 ἦν
2480 4813 2543 4863 ὲκ
2569 4811 2668 4880 τῆς
2699 4811 2908 4862 ἐκεῖθεν
2944 4811 3218 4880 μακαρίας
3262 4812 3405 4880 ζωῆς
3450 4814 3584 4880 πρὸς
3613 4815 3713 4882 τὴν
3745 4815 3940 4866 ἀθλίαν

728 4908 931 4978 ταύτην
989 4907 1082 4959 καὶ
1133 4906 1408 4976 ἡμετέραν
1471 4904 1898 4974 παραγενέσθαι,
1948 4900 2079 4974 ἧκεν
2114 4903 2180 4957 ἂν
2226 4904 2286 4957 οὺ
2325 4902 2483 4971 μόνον
2538 4903 2756 4955 τοιαῦτα
2785 4901 2918 4970 πρὸς
2971 4896 3163 4968 σδ,οἷᾳ
3200 4904 3408 4971 ἔφημεν
3463 4904 3653 4970 λέγων,
3675 4906 3810 4957 ἀλλὰ
3846 4907 3940 4959 καὶ

729 5000 862 5051 πολὺ
895 4997 1062 5052 πλείω
1086 4997 1308 5062 τούτων,
1343 4996 1376 5048 ἆ
1398 5012 1458 5046 τε
1489 4999 1581 5046 καὶ
1616 4996 1813 5064 πολλὴν
1841 4995 1978 5065 ἔχων
2001 4995 2283 5068 εὐπορίαν,
2347 4993 2421 5055 ὡς
2460 4993 2880 5062 ἀπηλλαγμένος
2938 4994 3035 5060 τῆς
3101 4993 3335 5060 ματαίας
3388 4993 3592 5062 ταύτης
3644 5011 3936 5067 περιστρο.

730 5083 856 5160 φῆς,
891 5092 987 5143 καὶ
1042 5089 1122 5160 τῷ
1168 5089 1370 5157 πρώτῳ
1415 5086 1495 5139 νοῒ
1534 5088 1866 5157 πλησιάζων,
1903 5088 1996 5140 καὶ
2022 5089 2155 5150 ὅλως
2185 5089 2280 5156 τῆς
2315 5084 2522 5136 ἐκεῖθεν
2562 5084 2989 5153 πεπληρωμένος
3017 5083 3354 5153 stupeam.

799 5249 935 5312 Tua,
960 5263 992 5299 o
1017 5247 1110 5308 fili,
1136 5260 1295 5313 quem
1321 5243 1464 5296 Deus
1490 5243 1746 5306 honorat,
1772 5257 2024 5310 maguum
2054 5239 2273 5309 epistola

2453 5239 2783 5306 Προέφερεν,
2842 5236 2924 5288 υἰέ
2988 5254 3088 5304 μου
3144 5236 3451 5303 θεοτίμητε,
3488 5238 3547 5289 τὸ
3573 5238 3661 5289 σὺν
3705 5241 3938 5308 γράμμα

730 5343 930 5396 Mosetn
969 5338 1253 5405 allegabat,
1288 5346 1340 5387 et
1372 5335 1516 5402 quod
1567 5337 1855 5403 scripsisti,
1888 5334 2018 5386 illud
2071 5348 2133 5384 cx
2165 5333 2273 5399 ejus

2382 5328 2472 5407 τὸν
2513 5328 2683 5395 μέγαν
2740 5327 2966 5393 Μωσῆν,
2995 5328 3088 5376 καὶ
3121 5329 3185 5395 τῇ
3220 5329 3429 5378 ἐκείνου
3464 5330 3653 5399 μνήμῃ
3694 5329 3937 5399 ἔγραψας

732 5435 1004 5486 mentione
1031 5421 1322 5497 scripsisti.
1363 5427 1466 5479 Sed
1493 5425 1622 5494 quid
1654 5426 1818 5495 Moysi
1852 5434 1904 5480 et
1934 5424 2136 5478 nobis?
2166 5436 2273 5490 qua

2382 5415 2468 5471 οἷα
2503 5419 2565 5485 δὴ
2606 5419 2697 5470 καί
2729 5418 2994 5487 ἔγραψας.
3029 5419 3137 5468 Καὶ
3165 5419 3286 5469 τίνα
3318 5419 3448 5486 πρὸς
3480 5419 3567 5471 τὸν
3589 5422 3789 5487 Μωσῆν
3823 5422 3938 5488 ἔχει

732 5543 764 5579 a
799 5525 904 5578 Deo
935 5500 1152 5576 oracula
1187 5518 1480 5588 accepisti?
1511 5519 1609 5573 Ubi
1646 5519 1882 5572 divinam
1912 5516 2263 5582 contemplast

2385 5512 2450 5562 τὰ
2481 5510 2719 5580 ἡμέτερα
2777 5510 3090 5572 κοινωνίανς
3142 5510 3328 5571 Ποίους
3382 5510 3543 5574 ἐδέξω
3598 5513 3744 5579 παρὰ
3797 5513 3934 5564 Θεοῦ

736 5621 961 5689 gloriam
1023 5627 1072 5669 te
1126 5615 1189 5666 ad
1241 5613 1365 5667 talia
1425 5613 1626 5682 agenda
1685 5611 2064 5665 inducentem?
2117 5607 2273 5675 Cujus

2387 5602 2699 5672 χρησμούς
2746 5601 2850 5653 Ποῦ
2878 5602 2930 5651 δὲ
2964 5601 3061 5668 τὴν
3099 5600 3248 5651 θείαν
3285 5602 3492 5654 ἐθεάσω
3519 5604 3674 5663 δόξαν
3708 5604 3927 5656 τοιαῦτα
