4098 6438
240 315 327 381 177

1655 324 2064 391 EPISTOLE.

3335 293 3437 399 m

228 428 501 499 ὀφθαλμοῖς
534 430 634 501 τὴν
686 432 953 503 τοσαύτην
1012 435 1315 505 συμφορὰν,
1366 436 1462 506 τὴν
1488 436 1767 507 αἰχμαλω-

1881 440 2085 511 Deoque
2118 449 2393 511 acceptos,
2430 443 2569 499 inter
2598 458 2736 515 quos
2775 445 3154 518 episcoporum
3208 434 3432 505 suorum

225 522 355 583 σίαν,
388 519 484 589 τὴν
526 523 827 592 πυρκαϊὰν,
857 524 958 591 τὴν
989 526 1267 580 ἀπώλειαν
1293 542 1400 581 των
1438 527 1765 598 ἐκκλησιῶν,

222 609 310 676 τὴν
338 608 628 678 διαφθορὰν
669 610 777 664 τῶν
807 612 1236 683 παρθένων,.τὴν
1265 616 1512 685 χηρείαν,
1555 617 1654 686 τὴν
1674 618 1768 685 ὀρ-

219 699 423 765 φανίαν,
469 702 545 769 μὴ
575 694 911 773 θεασάμενος
940 704 1139 769 ταῦτα,
1180 705 1297 759 ἀλλ’
1330 707 1449 760 ἀπὸ,
1478 707 1644 778 μόνης
1668 708 1768 777 τῆς

218 791 376 858 ἀκοῆς
399 789 577 855 ὀξεῖαν
624 794 806 862 φέρων
839 796 897 848 ὲν
926 798 995 866 τῇ
1035 796 1234 868 καρδίᾳ
1262 798 1364 867 τὴν
1399 798 1637 873 πληγὴν,
1670 800 1767 853 καὶ

221 879 291 948 μὴ
316 881 605 950 δυνάμενος
627 883 727 947 τὰς
754 884 1008 955 δριμείας
1055 887 1353 959 ὑποφέρειν
1378 890 1591 954 ὀδύνας,
1631 890 1767 943 ἀπέ-

221 969 415 1022 στειλεν
465 970 646 1041 ἱεροὺς
689 973 858 1027 αὐτοῦ
921 976 1243 1047 ἀνθρώπους
1300 978 1577 1049 ἀρχιερεῖς
1629 978 1771 1031 κατά

218 1060 388 1113 πάντα
413 1059 530 1130 Θεῷ
561 1061 915 1131 εὐαρέστους,
952 1065 1043 1118 τὸν
1076 1064 1176 1135 μὲν
1206 1067 1421 1137 πρῶτον
1451 1068 1771 1137 ὑπάρχοντα

220 1150 327 1204 τῶν
352 1151 541 1205 ἑαυτοῦ
565 1154 901 1225 ἐπισκόπων.
930 1157 1305 1225 Θεοφύλακτος
1337 1160 1393 1213 δι
1413 1151 1569 1223 οὗτος
1591 1159 1773 1214 καλεῖ-

215 1259 329 1295 ται·
357 1243 539 1314 ἕτερον
597 1244 653 1298 δὲ
708 1248 803 1300 καὶ
856 1247 1023 1301 αὐτὸν
1067 1249 1369 1304 επίσκοπον
1395 1251 1459 1306 ού
1500 1250 1636 1305 πολὺ
1671 1246 1785 1321 τῆς

214 1334 415 1387 ἐκείνου
443 1334 765 1408 λειπόμενον
792 1338 1018 1405 τάξεως,
1048 1341 1230 1411 Κάρος
1265 1343 1360 1396 καὶ
1394 1336 1553 1406 οῦτος
1587 1342 1770 1396 καλεῖ-

212 1440 324 1478 ται.
374 1425 537 1480 Ἀλλά
564 1428 673 1495 γάρ
702 1428 928 1494 τούτους
972 1430 1250 1485 ἐπέστειλε
1282 1433 1421 1503 πρὸς
1449 1432 1508 1487 σὲ
1532 1433 1768 1504 γράμμα
1793 1495 1799 1500 ,

216 1515 569 1583 κομίζοντας,
604 1512 666 1572 οῦ
706 1519 735 1572 ό
771 1519 975 1583 σκοπὸς
1003 1522 1097 1575 καὶ
1136 1523 1169 1591 ἠ
1194 1522 1393 1594 σπουδὴ
1435 1522 1503 1575 τά
1552 1522 1767 1593 χαλεπὰ

213 1598 379 1654 ταῦτα
402 1602 468 1655 τά
497 1602 702 1672 μεταξὺ
748 1606 1075 1677 Βουλγάρων
1104 1608 1199 1661 καὶ
1264 1602 1552 1677 Ῥωμαίων
1578 1611 1641 1664 ἑκ
1667 1611 1767 1680 μί·-

213 1707 307 1743 σου
324 1694 583 1762 γενέσθαι,
604 1696 808 1751 καὶτὸν
827 1700 1037 1770 πατέρα
1049 1699 1158 1753 τῶν
1172 1702 1358 1755 κακῶν
1377 1696 1621 1758 διάϐολον
1642 1720 1774 1757 κατ-

210 1772 581 1854 αισχννθῆνίι,
606 1790 831 1860 εἰρήνην
879 1790 937 1842 δὶ
978 1790 1368 1862 βραδευθῆναι,
1399 1792 1467 1863 ἢν
1493 1778 1781 1863 ἐχαρίσατο

210 1878 327 1938 τοῖς
357 1878 809 1949 ἐπικεκλημένοις
854 1879 931 1951 τῷ
959 1880 1051 1934 τοῦ
1072 1882 1310 1955 Χριστοῦ
1344 1883 1573 1955 ὀνόματι
1621 1884 1782 1948 αὐτὸς

210 1967 237 2018 δ
282 1966 510 2036 Χριστὸς
572 1969 770 2039 ἡμῶν,
814 1972 846 2041 ἠ
906 1972 1251 2044 ὑπερέχουσα
1306 1974 1482 2028 πάντα
1522 1975 1648 2028 νοῦν
1701 1977 1782 2027 εί-

212 2057 382 2127 ρήνη,
410 2060 437 2112 δ
490 2060 590 2130 τῆς
624 2060 829 2133 ἔχθρας
870 2063 1202 2145 καθαιρέτης
1253 2068 1349 2119 καὶ
1390 2066 1467 2135 τῷ
1502 2066 1783 2138 συνδέσμῳ

207 2149 310 2218 τῆς
375 2150 593 2222 ἀγάπης
671 2154 1120 2225 συνδεδεμένους
1185 2152 1327 2210 εῖναι
1415 2157 1778 2227 βουλόμενος,

208 2240 334 2302 τοὺς
386 2242 589 2297 ἐκεῖνον
641 2244 1037 2314 ὁμολογοῦντας
1085 2249 1361 2317 Δεσπότην
1414 2247 1507 2300 καὶ
1557 2248 1780 2318 Κύριον.
1828 2268 1845 2276 κ

222 2329 363 2383 Ἀλλ’
406 2332 547 2418 ,ὅπερ
599 2329 754 2387 εἶπον
796 2336 971 2399 οὓτως
1017 2337 1079 2389 lx
1126 2337 1292 2407 μόνης
1338 2337 1438 2407 τῆς
1484 2337 1658 2408 ἀκοῆς
1683 2354 1782 2389 πε-

215 2420 521 2490 πληγμένος
572 2423 671 2495 τὴν
726 2425 975 2495 καρδίαν,
1007 2428 1035 2479 ό
1066 2426 1173 2479 τῶν
1212 2427 1505 2496 Ῥωμαίων
1540 2427 1783 2496 ἁγιώτα-

213 2527 301 2575 τος
324 2513 636 2585 ἀρχιερεὺς.
679 2517 775 2569 καὶ
827 2516 1029 2581 πάντες
1070 2520 1119 2571 0i
1164 2518 1450 2582 τελοῦντες
1481 2519 1572 2571 ὑπ’
1617 2520 1783 2572 αὑτὸν

216 2601 537 2674 ὑποχείριοι,
594 2607 927 2690 άπίστει).αν
968 2608 1105 2680 πρὸς
1160 2611 1311 2680 ἡμᾶς
1342 2608 1656 2682 γράψαντες
1686 2609 1782 2663 καὶ

215 2692 345 2761 ἡμῖν
394 2695 614 2761 τούτους
655 2700 818 2776 παντὶ
875 2701 1061 2771 τρόπῳ
1096 2700 1164 2753 δι’
1206 2700 1366 2772 ἡμῶν
1396 2699 1782 2771 ἐκπεμφθῆναι

219 2782 350 2851 πρὸς
401 2784 759 2858 Βουλγαρίαν,
805 2788 1115 2855 ἐλπίζοντες
1135 2791 1219 2854 ὼς
1252 2790 1472 2853 πάντως
1507 2790 1783 2862 πεισθήσῃ

216 2873 246 2941 ἢ
276 2874 341 2942 τῇ
370 2874 593 2929 ἐκείνων
620 2878 963 2948 παραινέσει,
1008 2880 1040 2950 ἢ
1091 2880 1167 2945 τῷ
1194 2880 1398 2951 δεσμῷ.
1435 2879 1786 2950 Παρεκελεύ-

220 2978 345 3015 σατο
365 2966 471 3036 γὰρ
498 2967 594 3020 καὶ
619 2965 781 3021 τοῦτο
809 2970 923 3033 τοῖς
968 2968 1161 3024 ἑαυτοῦ
1210 2970 1530 3045 ἀποστόλοις
1555 2970 1780 3039 ἀάγιώ-

218 3070 370 3118 τατῖς
431 3056 651 3121 Πάπας,
693 3058 777 3112 ἵνα
831 3060 926 3115 ἐάν
981 3076 1085 3133 περ
1138 3061 1274 3132 πρὸς
1323 3060 1421 3133 τὴν
1460 3059 1779 3133 παραίνεσιν

220 3145 437 3217 κῖείσῃς
465 3148 532 3202 τά
562 3166 695 3213 ωτα,
718 3150 906 3221 δεσμῷ
938 3152 1121 3223 ἀλύτῳ
1166 3170 1225 3205 σε
1259 3153 1355 3206 τοῦ
1412 3142 1585 3220 ἀγίου
1610 3153 1780 3207 Ilvati-

225 3256 385 3308 ματος
418 3243 856 3315 συνδεσμήσωσι.
884 3246 1117 3311 Τούτους
1138 3242 1230 3302 οὖν
1250 3248 1343 3310 ἐπὶ
1360 3248 1535 3321 τούτῳ
1560 3247 1701 3318 πρὸς
1725 3246 1786 3300 σὲ

219 3332 450 3386 ἀπεσταλ
460 3334 673 3404 μένους,
707 3336 1083 3410 ἐϐουλήθημεν
1119 3340 1211 3393 καὶ
1229 3340 1391 3410 ἡμεῖς
1412 3322 1547 3409 πρὸς
1568 3339 1629 3393 σὲ
1648 3340 1786 3392 ἀπο-

220 3422 447 3475 στεῖλαιο
508 3424 624 3500 ἀλλ’
676 3428 855 3481 ἐκεῖνο
916 3412 1338 3499 ἐνθυμηθέντες,
1386 3428 1463 3492 ὡς
1516 3429 1618 3481 οὐκ
1656 3426 1786 3482 -οῖδα

219 3512 399 3578 πόθεν,
454 3515 643 3571 τέκνον
689 3519 1068 3590 ἠγαπημένον,
1130 3525 1267 3592 μετά
1303 3521 1411 3574 τῶν
1466 3507 1645 3575 ἀλλιοῖν
1672 3522 1769 3575 καὶ

222 3603 376 3662 τοῦτο
398 3612 571 3663 ποιεῖν
601 3610 828 3680 διέγνως
854 3613 925 3666 ού
960 3612 1163 3678 καλῶς,
1192 3613 1251 3667 τὸ
1280 3598 1411 3678 τοῦς
1454 3614 1783 3683 ἀποκρισια-

225 3697 369 3764 ρίους
390 3700 665 3768 κατέχειν,
686 3703 825 3775 ὅπερ
866 3706 924 3757 ὲν
954 3705 1127 3758 οιίδδιινλ⁸
1149 3705 1258 3757 τῶν
1276 3705 1450 3759 ἀλλων
1471 3703 1643 3758 ἐθνῶν
1673 3704 1782 3758 οὐδ’

222 3789 275 3841 ἐν
292 3792 403 3853 τοῖς
418 3792 667 3857 ἀπίστοις
681 3796 870 3863 όρᾶται
911 3796 1214 3866 γινόμενον,
1238 3797 1621 3866 ὑπεστάλημεν
1641 3795 1783 3849 ὥστε

226 3883 292 3952 μὴ
335 3883 460 3945 τοὺς
507 3884 709 3956 ἀνδρας
764 3887 903 3957 μετὰ
928 3887 1028 3958 τῆς
1053 3888 1220 3958 ἀλλης
1268 3888 1671 3960 ταλαιπωρίας.
1705 3891 1773 3959 ἢν

226 3974 529 4045 ὑπέστησαν
557 3978 815 4031 τοσοῦτον
856 3981 1029 4050 μῆκος
1074 3980 1195 4034 ὀδοῦ
1230 3982 1655 4052 ἐκπονήσαντες,
1688 3982 1784 4037 καὶ

218 4062 295 4125 είς
314 4063 413 4135 τὴν
478 4065 628 4138 παρὰ
657 4066 751 4120 σοῦ
802 4071 1166 4140 στενοχωρίαν
1223 4068 1337 4124 καῖ’
1371 4071 1618 4125 κάκωσιν
1687 4072 1785 4141 ἑμ-

223 4157 425 4210 πεσεῖν.
458 4156 558 4209 Διά
600 4157 758 4213 τοῦτο
790 4159 849 4213 τὸ
874 4159 972 4228 μὲν
1011 4161 1222 4232 γραφὲν
1252 4163 1389 4232 πρὸς
1441 4162 1501 4216 σὲ
1549 4162 1785 4233 γράμμα

224 4245 370 4314 παρά
431 4247 525 4301 τοῦ
566 4248 872 4316 ἀγιωτάτου
932 4252 1095 4306 Πάπα
1155 4252 1504 4323 ἐξεπέμφθη·
1570 4254 1679 4307 τῶν
1725 4255 1782 4308 δὲ

225 4333 519 4405 ἀνθρώπων
561 4340 877 4407 φεισάμενοι
928 4341 1028 4410 τῆς
1057 4341 1375 4408 κακώσεως,
1412 4343 1607 4413 ἵναμὴ
1640 4344 1783 4412 λέγω

227 4424 311 4519 τοῦ
333 4422 589 4494 θανάτου,
627 4424 725 4501 τῆς
764 4432 900 4501 πρὸς
946 4431 1006 4484 σε
1057 4433 1296 4499 ἀφίξεως
1348 4434 1655 4505 ἐπέσχομεν
1686 4435 1783 4488 αύ-
1812 4460 1861 4519 D

227 4516 362 4605 τούς.
388 4519 454 4573 Τί
495 4519 588 4573 οῦν
639 4539 808 4605 φημι,
836 4523 1042 4577 τέκνον
1087 4523 1278 4593 ήμῶν;
1316 4524 1515 4577 Σκόπει
1566 4526 1659 4578 καὶ
1708 4524 1781 4595 μὴ

230 4602 482 4680 βουληθῇς
513 4610 703 4682 ὥσπερ
740 4602 897 4683 ἡμῶν
920 4614 1355 4683 καταφρονῆσαι,
1400 4614 1543 4683 οὕτω
1572 4615 1664 4667 καὶ
1691 4615 1785 4667 τοῦ

231 4693 315 4748 νῦν
343 4698 479 4768 πρὸς
519 4700 579 4752 σὲ
627 4701 936 4771 γράψαντος
985 4701 1079 4755 τοῦ
1125 4702 1412 4772 Ῥωμαίων
1458 4703 1785 4775 ἀρχιερέως.

243 4786 371 4842 Ἀλλ’
394 4792 444 4844 si
474 4792 568 4845 καὶ
595 4793 741 4863 ἡμᾶς
765 4794 824 4845 ἒν
854 4792 1032 4846 οὐδενὶ
1084 4791 1211 4845 ἔθου
1240 4794 1335 4846 καὶ
1380 4797 1477 4856 τὰς
1506 4793 1783 4863 ἡμετέρας

234 4882 603 4952 παραινέσεις,
640 4884 874 4954 τίμησον
930 4885 1152 4938 ἐκείνου
1194 4886 1293 4953 τὴν
1355 4885 1654 4949 νουθεσίαν,
1704 4886 1780 4956 μή

236 4989 352 5027 ποτε
401 4975 803 5047 ἀτιμαζομένου
870 4975 1035 5030 αὑτοῦ
1065 5015 1082 5043 ,
1144 4974 1354 5030 οίκείαν
1392 4976 1441 5029 oi
1492 4978 1783 5047 κορυφαῖοι

236 5064 509 5120 ἀπόστολοι
537 5068 637 5139 τὴν
662 5069 886 5139 ἀτιμίαν
916 5070 1298 5139 ποιησάμενοι,
1328 5068 1401 5132 ὡς
1421 5069 1481 5119 ὲν
1506 5068 1662 5121 νυκτὶ
1689 5068 1785 5121 καὶ¹

238 5156 407 5227 ἡμέρᾳ.
439 5157 651 5223 τούτοις
681 5158 1218 5231 ὲξυπηρετουμένου,
1257 5160 1425 5231 δριμὺ
1478 5158 1783 5228 ἐπιϐλέψει)-

241 5263 315 5299 σιν
344 5249 433 5301 ἐπὶ
483 5251 574 5302 σέ·
614 5252 709 5305 καὶ
744 5251 843 5304 οὐκ
894 5248 1016 5305 οἰδα
1057 5252 1105 5303 εί
1133 5251 1403 5321 δυνηθήσῃ
1443 5249 1542 5319 τὴν
1592 5246 1789 5320 δριμύ-

239 5353 369 5405 τητα
396 5340 714 5412 ὑποστῆναι.
782 5342 1125 5409 Ἀναλόγισαι
1175 5343 1401 5410 Πέτρον,
1434 5322 1578 5401 ὅπως
1632 5340 1790 5392 Ἀνα-

243 5425 347 5481 νίαν
369 5432 461 5483 καὶ
484 5430 581 5502 τὴν
610 5433 818 5486 ἑκείνου
842 5433 1072 5501 σύζυγον
1101 5432 1179 5503 τῷ
1209 5432 1423 5501 θανάτῳ
1476 5429 1792 5500 παρέδωκεν

245 5518 298 5570 δκ
328 5523 489 5592 μόνης
505 5524 927 5595 ἀγανακτήσεως
948 5544 960 5559 ’
996 5525 1329 5598 ἐνθυμήθητι
1354 5523 1586 5591 Παῦλον,
1647 5524 1793 5585 ὅπως

317 5723 341 5754 ¹¹
370 5727 484 5782 Act.
530 5738 581 5778 ν.
658 5726 678 5757 ³
713 5724 839 5779 'Act.
873 5738 1001 5778 xvn.

1872 534 2190 604 principem,
2222 534 2686 606 Tbeophylactum
2737 537 2973 602 nomine,
3020 547 3074 593 et
3115 537 3310 593 Carum
3359 539 3435 593 illi

1868 641 2153 696 supparem
2209 626 2383 696 quoad
2418 627 2753 696 dignitatem,
2790 627 2857 681 ad
2891 629 3027 683 mala
3064 628 3310 684 lenienda
3337 630 3434 683 mi-

1869 718 1960 772 sit.
2012 718 2076 772 Et
2101 718 2363 790 delegaVit
2392 720 2609 789 quidem
2638 721 2738 775 hos
2790 719 2937 781 viros
2972 720 3039 775 ad
3069 729 3119 776 te
3147 736 3268 775 cum
3296 720 3436 775 litte-

1871 808 1945 864 ris
1975 809 2240 865 suasoriis
2287 820 2346 864 ut
2376 810 2616 865 dissidiis
2652 811 2913 881 Bulgaros
2954 810 3100 866 inter
3127 820 3180 867 et
3235 812 3437 865 Roma-

1870 916 1970 957 nos
2016 901 2141 956 linis
2204 902 2608 970 imponeretur;
2666 903 2910 957 omnium
2974 917 3140 971 porro
3172 901 3440 956 malorum

1870 1000 2044 1061 pater,
2080 990 2331 1046 diabolus
2351 991 2816 1059 confunderetur;
2856 1008 2959 1063 pax
2987 993 3223 1063 denique
3278 993 3439 1047 resti-

1871 1094 2149 1168 tueretur,
2180 1100 2344 1155 quam
2371 1085 2619 1141 Christus
2656 1086 2775 1155 ipse
2808 1085 3073 1156 impertiit
3107 1100 3306 1158 nomen
3334 1084 3441 1140 sibi

1871 1179 2162 1245 dantibus;
2200 1194 2410 1250 pacem,
2448 1180 2693 1250 inquam,
2747 1194 2870 1250 qua
2900 1194 3118 1235 omnem
3174 1178 3440 1234 rationem

1872 1286 2111 1347 superat.
2163 1276 2418 1331 Christus
2475 1291 2709 1346 namque
2740 1276 3057 1332 inimicitias
3102 1273 3439 1331 destruendo

1872 1386 1965 1426 eos
1996 1370 2091 1440 qui
2130 1368 2305 1439 ipsum
2357 1368 2643 1425 Dominum
2691 1367 3019 1431 conﬁtentur
3065 1367 3269 1422 amoris
3302 1366 3447 1420 inter

1873 1476 1932 1518 se
1963 1462 2182 1517 vinculo
2208 1477 2380 1531 usque
2410 1461 2639 1515 adunari
2681 1458 2898 1530 satagit.
2936 1457 3064 1525 Sed,
3101 1466 3161 1512 ut
3187 1456 3446 1521 diximus,

1872 1544 2251 1607 sanctissimus
2314 1548 2686 1605 Romanorum
2745 1550 3032 1619 episcopus
3061 1556 3115 1602 et
3153 1546 3203 1601 ei
3245 1542 3447 1601 subditi

1872 1640 2173 1711 presbyteri
2205 1639 2369 1696 rebus
2401 1639 2550 1695 hisce
2587 1655 2684 1710 per
2712 1638 2883 1695 solam
2916 1637 3120 1692 famam
3155 1633 3444 1707 perceptis.

1886 1746 2010 1786 cum
2042 1732 2209 1787 animi
2243 1732 2458 1789 tristitia
2487 1734 2552 1786 ad
2578 1747 2677 1788 nos
2708 1716 3047 1802 scripserunt
3081 1737 3362 1784 monentes
3388 1736 3449 1782 ut

1885 1824 1962 1881 illi
2004 1825 2107 1879 viri
2166 1826 2233 1880 ad
2290 1824 2545 1895 Bulgaros
2583 1825 2946 1889 mitterentur,
2977 1821 3031 1877 id
3060 1830 3364 1891 sperantes,
3397 1827 3451 1872 te

1884 1928 1999 1973 tum
2032 1918 2272 1988 ipsorum
2290 1916 2674 1983 exhortationi,
2691 1924 2805 1970 tum
2832 1913 3086 1969 amicitia
3110 1910 3448 1967 interceden-

1882 2012 1953 2067 tis
2009 2011 2127 2066 voci
2160 2010 2466 2065 audientem
2508 2007 2645 2063 fore.
2674 2005 2729 2062 id
2746 2006 2889 2061 enim
2907 2003 3286 2061 sanctissimus
3304 1999 3450 2069 Papa

1883 2102 2074 2173 legatis
2142 2089 2285 2157 suis.
2323 2099 2643 2169 impertivit,
2703 2108 2763 2153 ut
2807 2107 2882 2163 te,
2938 2096 3030 2151 ubi
3094 2091 3451 2149 insinuatioui

1882 2205 2044 2245 aures
2106 2204 2213 2243 non
2256 2184 2576 2258 praebueris,
2630 2185 2880 2255 Spiritus.
2910 2184 3085 2245 sancti
3152 2182 3448 2238 indissolu-

1883 2281 1978 2335 bili
2016 2279 2261 2335 svincul‘o
2320 2277 2772 2349 perstringerent.
2830 2273 2943 2331 Hos
2992 2274 3213 2329 eosdem
3264 2272 3450 2340 itaque

1885 2370 2033 2425 viros
2088 2369 2165 2424 ad
2220 2377 2272 2424 te
2320 2382 2536 2438 quoque
2572 2368 2788 2422 mittere
2844 2363 3004 2419 nobis
3038 2364 3093 2418 in
3129 2362 3313 2417 animo
3349 2358 3453 2414 iuit

1882 2461 2133 2533 quamvis
2162 2468 2549 2530 :metueremus
2600 2469 2689 2524 ne,
2739 2456 2903 2513 rebus
2958 2468 3244 2526 perperam
3299 2451 3451 2522 judi-

1882 2549 2042 2612 catis,
2100 2548 2485 2617 apocrisiarios
2516 2546 2700 2602 minus
2744 2546 2881 2601 bene
2932 2553 3152 2609 tractes.
3195 2541 3247 2597 id
3301 2541 3452 2610 quod

1883 2653 1968 2696 est
2032 2640 2190 2711 plane
2250 2651 2439 2695 contra
2480 2638 2572 2707 jus
2654 2639 2895 2709 gentium
2959 2635 3045 2690 vel
3126 2632 3450 2707 inﬁdelium.

1884 2730 2053 2802 Egre
2110 2733 2255 2787 enim
2291 2745 2517 2801 prorsus
2554 2728 2848 2794 ferremus,
2884 2727 2930 2783 si
2971 2726 3150 2797 dignis
3176 2724 3285 2780 illis
3321 2725 3470 2781 viris.

1882 2836 2006 2895 post
2062 2826 2166 2879 iter
2228 2822 2517 2878 difﬁculter
2578 2820 2831 2878 eﬂ'ectum
2878 2860 2903 2887 ,η
2952 2833 3133 2874 rerum
3197 2816 3447 2885 angustia

1883 2917 2087 2987 pressis
2122 2916 2398 2971 cruciatus
2426 2912 2697 2969 subeundi
2733 2911 2931 2968 forent.
2960 2907 3110 2964 lianc
3156 2908 3321 2964 etiam
3377 2908 3449 2961 ob

1883 3044 2103 3086 causam
2127 3029 2353 3101 epistola
2393 3029 2489 3083 tibi
2517 3028 2584 3082 ab
2617 3028 2735 3097 ipso
2761 3027 2903 3097 Papa
2937 3031 3100 3080 missa
3133 3022 3269 3089 fuit;
3307 3023 3453 3077 viros

1807 3128 1853 3189 C
1886 3125 2034 3193 ipsos
2065 3122 2207 3191 apud
2226 3119 2326 3176 nos
2344 3121 2667 3176 retinuimus
2690 3126 2993 3174 metuentes
3013 3130 3082 3171 ne
3104 3114 3450 3185 iniuriarum,

1889 3214 1997 3269 imo
2029 3210 2220 3270 mortis
2249 3211 2421 3281 ipsius
2457 3210 2751 3266 discrimen
2782 3208 3050 3265 subirent.
3078 3205 3220 3272 Quid
3250 3204 3403 3275 plura
3429 3202 3453 3255 ἲ

1887 3304 1943 3360 id
1975 3294 2095 3375 age,
2129 3302 2201 3357 mi
2252 3302 2352 3372 iiii,
2403 3317 2471 3357 ne
2523 3301 2748 3371 Papam.
2789 3309 2850 3354 ut
2897 3313 3020 3363 nos,
3062 3296 3217 3351 ﬂocci
3258 3293 3448 3371 iacias.

1884 3396 2041 3463 Quod
2095 3396 2140 3450 si
2180 3410 2279 3450 nos
2308 3394 2459 3465 ipsos
2487 3406 2593 3463 pro
2624 3390 2796 3446 nihilo
2833 3388 3003 3445 habes
3031 3397 3086 3443 et
3118 3385 3455 3442 exhortatio-

1889 3503 1984 3548 nes
2010 3496 2227 3543 nostras
2258 3484 2655 3557 tergiversaris,
2704 3491 2759 3536 at
2790 3481 2936 3556 illius
2970 3480 3159 3535 saltem
3203 3477 3454 3533 consiliis

1889 3579 2127 3635 attende.
2159 3578 2263 3635 Ubi
2298 3579 2440 3633 enim
2470 3574 2628 3645 Papae
2656 3572 2952 3630 auctoritas
3002 3572 3303 3643 spernitur,
3339 3583 3456 3623 me-

1886 3670 2144 3725 tuendum
2176 3678 2259 3723 est
2284 3681 2352 3722 ne
2378 3666 2581 3721 summi
2619 3664 2870 3735 apostoli,
2903 3660 3062 3731 Papa:
3089 3659 3310 3715 nomine
3334 3672 3455 3713 sese

1884 3759 2122 3816 oll‘ensos
2145 3759 2493 3823 arbitrantes,
2516 3754 2718 3825 iniquis
2757 3764 2809 3809 te
2843 3752 3015 3808 oculis
3045 3751 3337 3821 aspiciant,
3365 3755 3455 3801 tu—

1886 3868 1990 3921 que
2043 3852 2156 3920 ipse
2208 3850 2437 3918 turpiter
2491 3846 2805 3902 occumbas.
2855 3843 2997 3898 Ante
3038 3841 3227 3897 oculos
3267 3840 3455 3909 posito

1879 3945 2105 4001 Petrum
2140 3941 2546 4014 quiAnaniam
2599 3940 2827 4012 ejusque
2885 3949 3131 4000 uxorem,
3183 3933 3264 3988 ira
3320 3946 3457 3987 con-

1886 4040 2047 4104 citus,
2099 4046 2276 4090 morte
2322 4032 2586 4088 multavit.
2657 4029 2716 4084 lu
2770 4038 3255 4085 mentem-revoca
3309 4023 3455 4078 Pau-

1886 4131 1995 4185 lum
2030 4130 2122 4199 qui
2144 4128 2345 4198 Elyinae
2376 4124 2519 4196 magi
2546 4124 2736 4179 oculos
2758 4119 3069 4196 occaecavit,
3101 4118 3241 4189 quod
3276 4115 3456 4186 Apos—

1890 4221 1999 4281 tolo
2038 4221 2285 4276 infensus
2325 4233 2443 4273 esse
2476 4215 2782 4271 videbatur.
2817 4210 2943 4291 Haec
2989 4210 3209 4282 quidem
3273 4212 3455 4263 animo

1887 4311 2191 4372 considera,
2226 4308 2297 4361 mi
2352 4305 2448 4372 iiii,
2504 4318 2683 4374 neque
2729 4300 2785 4356 id
2838 4301 3171 4365 committas,
3207 4305 3265 4352 ut
3295 4296 3455 4367 Papa:

1886 4418 2041 4472 aeque
2066 4416 2130 4456 ac
2159 4408 2375 4454 nostras
2396 4395 2814 4456 {admonitiones
2845 4392 3018 4447 ventis
3050 4391 3268 4455 tradas;
3303 4388 3453 4459 quod

1888 4511 1953 4551 eo
1989 4495 2170 4549 minus
2208 4491 2398 4557 facies,
2432 4488 2557 4559 quia
2598 4495 2658 4543 ut
2714 4484 3031 4551 didicimus,
3079 4483 3261 4553 magni
3316 4480 3451 4536 facis

1885 4586 2155 4657 principes
2181 4591 2395 4639 sanctos
2416 4580 2799 4649 Apostolorum
2832 4593 2851 4641 ;
2882 4591 3022 4649 quos
3063 4574 3110 4631 si
3140 4587 3329 4641 reapse
3360 4586 3456 4627 re-

1887 4668 2116 4743 iteraris,
2152 4690 2276 4731 eum
2312 4675 2499 4743 utique
2531 4669 2902 4735 veneraberis,
2940 4668 3034 4738 qui
3094 4668 3323 4721 istorum
3362 4680 3451 4720 se-

1886 4776 2010 4826 dem
2071 4778 2321 4839 occupat.
2386 4764 2512 4820 liazc
2568 4771 2749 4818 autem
2813 4754 3130 4835 scribimus,
3169 4769 3223 4813 et
3264 4756 3455 4812 Roma:

1895 4864 2225 4935 mentionem
2288 4859 2520 4913 iacimus
2573 4856 2883 4926 ob‘legatos
2911 4854 2981 4909 ad
3027 4862 3081 4908 te
3140 4851 3455 4906 mittendos.

1896 4956 2069 5011 Probe
2094 4957 2257 5010 etiam
2280 4952 2487 5008 scimus
2522 4958 2619 5021 per
2672 4949 2767 5005 Dei
2814 4946 3067 5017 gratiam,
3100 4943 3242 5014 quod
3283 4944 3329 4999 si
3385 4942 3463 4998 ob

1892 5061 2119 5127 quartas
2144 5052 2359 5121 nuptias
2394 5047 2710 5105 scandalum
2741 5047 2795 5099 in
2838 5040 3082 5100 Ecclesia
3133 5043 3456 5107 surrexerit,

1892 5148 1990 5202 viri
2021 5144 2195 5201 sancti
2258 5144 2311 5197 in
2341 5140 2487 5196 omni
2520 5138 2829 5195 humilitate
2858 5135 3205 5191 anathemate
3239 5133 3288 5187 id
3328 5147 3454 5201 pro-

1889 5241 2194 5311 puisarunt.
2222 5236 2596 5303 Quodcunque
2622 5233 2768 5289 enim
2801 5228 3092 5288 sanatione
3119 5242 3253 5295 opus
3289 5226 3454 5281 habe-

1892 5333 2002 5393 bat,
2030 5337 2280 5385 sanatum
2313 5328 2433 5383 fuit.
2491 5327 2761 5382 Caeterum
2801 5324 2977 5381 sacris
3011 5335 3230 5391 operam
3264 5320 3457 5374 damus

1891 5424 2185 5496 mysteriis,
2231 5432 2284 5477 et
2337 5418 2738 5475 communionis
2794 5431 2981 5473 eorum
3030 5428 3097 5470 ac
3148 5410 3456 5467 sanctifica-

1894 5517 2059 5572 tionis
2085 5515 2496 5587 participamus,
2549 5513 2693 5570 unde
2717 5510 2975 5567 Romana:
3004 5521 3219 5582 quoque
3245 5512 3297 5560 et
3320 5502 3447 5559 Con-
