4074 6448
275 348 359 412 193
1000 409 1003 412 ν
1678 339 1878 399 EPIS']
1896 340 2079 400 OLE.
3372 344 3474 410 194

270 455 597 527 στους,.πρὸς
626 456 752 518 τοὺς
783 455 878 507 ἕνα
892 454 1024 507 Θεὸν
1046 428 1538 523 ἐπιγραφομένους,
1574 450 1668 503 ἕνα
1696 449 1783 501 Κύι

1908 449 2189 504 Rectorem
2248 460 2299 510 et
2364 452 2761 508 Salvatorem?
2832 453 3023 509 Nonne
3077 457 3225 514 vides
3279 457 3470 524 feras,

268 564 368 614 ρεον
391 548 480 600 xui
520 550 799 615 Δεσπότην
836 550 929 601 xui
946 542 1224 617 ξΣωτῆρα.
1283 547 1335 598 τί
1384 546 1450 599 ἀν
1491 560 1573 614 τις
1613 544 1768 609 ¹είποι

1908 550 2195 609 postquam
2216 542 2349 596 inter
2384 558 2442 598 se
2474 549 2910 619 decertaverunt,
2933 548 2997 601 ad
3032 563 3214 616 pacem
3251 555 3476 608 reverti?

267 639 363 705 Οὐχ
410 640 537 706 δρᾷς
598 637 761 709 θηρία
806 639 1063 700 πολλάκις
1124 637 1258 705 πρὸς
1317 637 1482 688 ἑαυτά
1529 637 1783 704 μαχόμενι

1905 633 1984 684 Ad
2013 648 2074 686 ea
2106 633 2334 702 respice,
2379 644 2434 689 et
2491 650 2675 703 p:.cern
2746 652 2949 704 quaere.
2984 637 3315 697 Verbaha-c
3364 661 3471 700 non

263 730 345 779 καὶ
382 731 542 781 πάλιν
581 730 969 800 είρηνεύοντα;
1026 726 1330 795 ἀπόϐλεψον
1374 729 1454 788 είς
1487 724 1679 789 ταῦτα,
1711 741 1779 776 κα

1903 732 2026 776 sunt
2064 738 2201 785 mea,
2231 726 2323 778 sed
2365 726 2599 794 Spiritus
2634 729 2828 782 sancti.
2860 727 3055 783 Pacem
3111 748 3462 802 persequere,

261 820 480 888 ζήτησον
549 820 789 890 είρήνην.
873 820 987 873 Οὐκ
1062 820 1192 888 ἐμὸς
1282 819 1309 870 δ
1388 817 1568 883 λόγος.
1666 816 1783 869 ἀλλέ

1906 815 1955 866 id
1990 823 2095 879 est,
2146 831 2305 884 pone
2336 816 2479 869 illam
2512 833 2709 884 curre;
2759 819 2901 872 illam
2940 823 3283 891 amplectere.
3322 826 3468 880 Inhi-

258 906 340 957 τοῦ
362 908 623 974 παναγίου
651 907 984 975 ΙΙνεύματος·
1016 908 1109 959 xui
1136 906 1324 971 δίωξον
1344 905 1533 975 αὐτὴν,
1556 906 1778 958 τουτέστ

1902 905 1968 958 be
1995 906 2234 959 omnium
2266 906 2428 969 mala,
2456 908 2746 978 lacrymas,
2780 913 3037 978 gemitus,
3067 920 3121 965 et
3138 927 3474 996 quaecunque

256 998 419 1067 δράμε
461 1000 632 1052 ὀπίσω
658 1000 881 1069 ταύτης,
910 997 1181 1051 κατάλαϐε
1217 996 1407 1066 αὐτὴν,
1461 996 1554 1048 καὶ
1606 997 1783 1065 στῆσοι

1898 993 2107 1062 omnes,
2147 999 2357 1069 Bulgari
2399 996 2464 1055 ac
2498 1001 2758 1067 Romani,
2794 1004 2987 1057 divites
3034 1013 3150 1059 aut'
3180 993 3469 1083 pauperes,

253 1088 315 1139 τά
345 1089 492 1141 κοινὰ
518 1089 687 1159 πάθη,
708 1091 801 1143 xui
822 1090 889 1142 τά
909 1090 1135 1157 δάκρυα,
1166 1090 1258 1141 καὶ
1286 1088 1409 1151 τοὺς
1440 1089 1797 1157 στεναγμοὺς,

255 1178 338 1229 xui
366 1178 461 1239 τὰς
492 1179 733 1244 κατάρας
756 1181 886 1241 ὅσας
916 1163 1005 1230 ἐπὶ
1040 1179 1100 1245 σὲ
1126 1179 1324 1240 πάντες
1370 1178 1667 1249 ἄνθρωποι,
1706 1180 1798 1231 καὶ

256 1264 541 1336 Βούλγαροι
598 1269 691 1319 xui
762 1269 1045 1335 Ῥωμαῖοι,
1111 1268 1351 1336 πλούσιοι
1400 1270 1503 1321 .xui
1548 1269 1794 1334 πένητες,

224 1356 587 1424 μονάζοντες,
624 1360 719 1411 καὶ
755 1360 940 1427 ίερεῖς,
973 1359 1064 1411 xui
1103 1358 1279 1412 λαῖκοὶ
1310 1359 1793 1427 καταπέμπουσιν.

250 1447 363 1497 Ἐπὶ
394 1448 500 1518 γάρ
545 1450 637 1501 τὸν
667 1449 866 1519 εὐσεϐῆ
905 1451 998 1501 xui
1025 1450 1365 1518 φιλόχριστον
1392 1451 1555 1518 ἡμῶν
1571 1450 1797 1519 βασιλέα

247 1534 407 1597 οὐδεὶς
438 1536 546 1605 ἔχει
579 1538 871 1605 ἀναφέρειν
902 1539 1102 1601 αἰτίαν,
1138 1538 1195 1601 ἐξ
1235 1532 1296 1592 οὗ
1333 1540 1423 1590 ἐπὶ
1477 1538 1568 1591 τὸν
1606 1538 1793 1608 θρόνον

246 1627 337 1693 τῆς
365 1625 916 1694 βασιλείας-ἐκάθισε,
976 1626 1072 1697 τὴν
1127 1630 1352 1697 εἰρήνην
1388 1626 1788 1697 ἐπιζητοῦντος,

247 1717 329 1769 xui
389 1717 850 1782 παρακαλοῦντος,
902 1720 993 1770 xui
1047 1718 1474 1785 ύποκλινομένου
1527 1719 1594 1770 δι’
1642 1720 1790 1771 οὐδὲν

1901 1090 2173 1154 monachi,
2237 1090 2551 1146 sacerdotes
2584 1101 2679 1146 aut
2716 1094 2840 1148 laici
2884 1096 2937 1148 in
2968 1104 3019 1149 te
3065 1096 3458 1176 imprecantur.

1899 1175 2041 1231 Nulli
2068 1179 2211 1231 enim
2245 1194 2307 1233 es
2342 1180 2449 1236 illis
2483 1183 2539 1234 in
2583 1183 2731 1251 pium
2771 1186 3195 1256 religiosumque
3229 1188 3467 1258 impera-

1901 1279 2069 1321 torem
2109 1279 2354 1324 nostrum
2392 1286 2555 1326 causa
2602 1275 2932 1342 imprecandi
2988 1287 3107 1340 est,
3141 1293 3206 1333 ex
3250 1294 3361 1348 quo
3408 1275 3475 1333 in'

1898 1360 2036 1412 solio
2069 1360 2418 1428 imperatorio
2452 1363 2620 1425 sedet,
2650 1365 2744 1433 qui
2788 1381 2970 1433 pacem
3003 1370 3195 1436 quaerit
3224 1380 3279 1424 et
3318 1371 3471 1425 invo.

1898 1461 2004 1520 cat,
2071 1453 2348 1522 nihiloque
2403 1454 2508 1508 nisi
2545 1456 2669 1509 belli
2702 1458 3106 1515 calamitatibus
3162 1462 3327 1516 cedit.
3390 1461 3467 1517 Illi

1894 1540 1983 1609 qui
2018 1541 2297 1595 victoriam
2350 1546 2593 1599 retulerit
2626 1585 2641 1609 ,
2672 1548 2895 1603 victoria
2943 1567 3049 1605 non
3084 1553 3199 1606 sine
3232 1552 3469 1621 periculo

1893 1641 2009 1695 est;
2054 1646 2281 1687 necesse
2334 1636 2479 1687 enim
2543 1646 2624 1689 est
2664 1638 2815 1690 illum
2853 1650 3115 1708 cognatus
3154 1642 3469 1711 amicosque

1893 1736 2026 1775 Suos
2060 1724 2386 1790 perdidisse,
2422 1736 2480 1778 ut
2544 1728 2595 1779 in
2629 1728 2785 1795 .bello
2835 1730 2954 1783 sine
2995 1731 3101 1784 ullo
3150 1731 3468 1786 discriminc

243 1802 444 1874 ἕτερον,
469 1806 499 1874 ἢ
526 1806 613 1858 διὰ
641 1809 709 1858 τά
757 1809 819 1859 ὲκ
853 1807 943 1859 τοῦ
972 1807 1209 1876 πολέμου
1233 1809 1397 1860 κακά.
1432 1798 1543 1892 [Sui
1572 1808 1678 1878 γὰρ
1706 1811 1783 1899 κς

1901 1810 2266 1878 praeiianliunt
2298 1814 2373 1865 ﬁt.
2409 1814 2482 1866 Ex
2523 1830 2587 1868 eo
2625 1818 2765 1883 quod
2792 1819 2906 1887 ipse
2928 1834 3123 1887 passus
3172 1835 3232 1875 es
3268 1822 3465 1882 novisti

239 1892 388 1960 νίκης
419 1895 718 1963 γενομένης
747 1894 823 1963 τῷ
879 1895 959 1946 ὲνὶ
1012 1895 1190 1964 μέρει,
1226 1894 1326 1946 οὐκ
1376 1889 1677 1985 ,ἀκινδύνως
1715 1893 1792 1962 τῷ

241 1985 511 2053 νικήσαντι
532 1985 589 2037 τὸ
612 1986 766 2055 νικᾷν
788 1985 1118 2056 περιγίνεται
1143 2002 1158 2017 ο
1176 1985 1386 2056 ἀνάγκη
1416 1986 1522 2053 γὰρ
1552 1986 1644 2037 καὶ
1670 2002 1794 2052 συγ-

241 2076 408 2139 γενεῖς
440 2076 533 2126 καὶ
573 2076 755 2141 φίλους
786 2078 878 2128 xui
929 2077 1157 2138 οἰκείους
1189 2076 1267 2147 τῷ
1293 2077 1572 2145 νικήσαντι
1602 2077 1793 2128 ἀπολέ-

242 2183 343 2217 sur
365 2165 587 2220 τοιαῦτα
618 2167 726 2237 γὰρ
749 2167 943 2231 suum?
967 2168 1201 2237 πολέμου
1233 2166 1517 2235 ἁδιάκριτα
1540 2168 1630 2220 καὶ
1667 2174 1813 2235 συγς

1899 1916 2018 1968 quae
2038 1901 2289 1957 dicimus.
2334 1898 2782 1975 Quanquamtua
2826 1910 2988 1965 fuerit
3034 1914 3283 1977 victoria,
3317 1898 3463 1967 mu!-

1900 2000 1983 2045 tos
2019 1994 2374 2049 cliarissimos
2404 2000 2723 2075 perdidisti,
2771 2017 3002 2069 quorum
3060 2007 3319 2059 memoria
3371 2022 3465 2060 cor

1899 2088 2051 2133 tuum
2089 2082 2289 2154 (quasi)
2340 2089 2700 2145 carminatur.
2735 2089 2937 2147 Luctus
2987 2110 3117 2149 sane
3160 2112 3225 2151 ex
3270 2113 3461 2151 eorum

1906 2182 2082 2227 morte
2108 2176 2286 2229 laetus
2327 2193 2430 2231 non
2460 2187 2508 2231 te
2539 2181 2671 2234 sinit
2699 2183 2817 2236 sine
2841 2196 3040 2253 angore
3070 2185 3178 2241 frui
3215 2189 3459 2247 victoria.

240 2260 526 2325 κεχυμένα.
547 2255 705 2321 Οἶδας
742 2260 777 2313 ἃ
804 2261 1050 2328 λέγομεν,
1072 2260 1131 2322 ἐξ
1160 2255 1233 2313 ὧν
1259 2261 1353 2312 xui
1412 2260 1570 2321 αὐτὸς
1600 2260 1893 2323 πέπονθαςε
1932 2265 2183 2334 καὶγὰρ,
2208 2271 2257 2319 εί
2298 2271 2390 2321 καὶ
2447 2272 2584 2339 μετά
2643 2272 2736 2334 σοῦ
2786 2275 3009 2342 γέγονεν
3067 2279 3099 2348 ἠ
3134 2280 3280 2349 νίκη,
3328 2280 3460 2335 ἀλλά

238 2348 456 2409 πολλοὺς
495 2347 775 2411 ἀπώλεσας
818 2350 926 2401 τῶν
1003 2348 1297 2417 φιλτάτιον,
1342 2342 1417 2402 ὧν
1445 2350 1524 2401 ἐτι
1569 2352 1663 2403 xui
1704 2350 1799 2402 νῦν
1832 2354 1865 2421 ὴ
1937 2355 2128 2424 μνήμη
2158 2356 2418 2421 διαξαίνει
2467 2361 2566 2429 τὴν
2611 2363 2711 2431 σὴν
2777 2354 3023 2434 καρδίαν,
3075 2370 3164 2442 καὶ
3200 2371 3299 2422 οὐκ
3330 2372 3460 2423 ἐῶσι

236 2439 483 2507 καθαρῶς
523 2440 816 2493 ἀπολαύειν
847 2442 942 2511 τῆς
974 2441 1127 2510 νίκης
1162 2444 1215 2493 ui
1240 2442 1309 2493 δι’
1347 2441 1587 2505 ἐκείνους
1622 2442 1933 2513 ἀλγηδόνες.

312 2534 455 2586 Ἀλλ’
484 2536 577 2585 ἐπὶ
601 2536 693 2587 τοῦ
733 2538 1061 2605 γράμματος
1114 2537 1173 2589 τὸ
1204 2537 1361 2596 τέλος
1412 2528 1789 2607 μεταστῶμεν.

245 2624 300 2676 ’0
335 2624 679 2693 φιλόχριστος
717 2627 875 2695 ἡμῶν
898 2626 1172 2694 βασιλεὺς,
1204 2628 1251 2678 εἰ
1278 2629 1370 2679 xui
1399 2630 1500 2679 ὑπὸ
1526 2629 1622 2697 τῆς
1660 2646 1790 2695 συγ-

1963 2541 2067 2596 Sed
2099 2542 2164 2596 ad
2198 2546 2444 2611 epistola:
2476 2549 2634 2604 linem
2670 2556 2977 2612 veniamus.
3009 2557 3316 2629 Religinsns
3355 2578 3458 2614 nu-

1892 2638 2004 2682 ster
2076 2631 2400 2698 imperator,
2442 2640 2545 2689 etsi
2588 2652 2856 2705 senatus,
2893 2651 3262 2713 magistratus,
3294 2652 3457 2703 dutes

236 2710 428 2782 κλήτου
490 2716 582 2768 xui
642 2716 746 2767 ὑπὸ
798 2717 975 2785 πάσης
1028 2716 1123 2785 τῆς
1192 2702 1465 2779 πολιτείας
1527 2721 1634 2770 xui—
1683 2718 1783 2771 τῶν

1887 2733 1949 2770 ac
1982 2721 2238 2775 consules
2292 2734 2351 2775 ut
2409 2725 2608 2780 bellum
2666 2730 2819 2786 vobis
2882 2734 3079 2788 inierat
3141 2738 3453 2803 inclament,

235 2806 547 2873 στρατηγῶν
600 2806 762 2858 αὐτοῦ
840 2808 932 2860 καὶ
991 2808 1098 2859 τῶν
1153 2809 1429 2876 ἀρχόντων
1503 2810 1637 2877 πρὸς
1689 2809 1783 2879 τὴν

1884 2806 2284 2867 hortationibus
2321 2814 2639 2873 humilitatis
2672 2820 2872 2877 nostra:
2920 2837 3258 2881 mansuetam
3298 2845 3455 2883 men-

234 2892 353 2943 xuO’
390 2892 547 2962 ὑμῶν
596 2895 949 2964 ἐκστρατείαν
997 2896 1330 2960 ἐκϐιάζεται,
1381 2896 1505 2949 ἀλλ’
1565 2894 1655 2951 οὖν
1709 2899 1783 2961 ὡς

1891 2905 1995 2949 tem
2041 2900 2286 2966 remittit,
2335 2914 2388 2957 et
2420 2906 2499 2960 sic
2536 2910 2602 2961 ad
2649 2926 2747 2965 nos
2797 2912 3012 2969 locutus
3043 2926 3128 2972 est
3160 2906 3174 2971 ἐ
3201 2920 3241 2972 0
3271 2920 3451 2983 Pater,

234 2983 475 3053 ἐπιεικὴς
533 2987 597 3054 τῇ
659 2987 977 3056 παραινέσει
1022 2988 1116 3056 τῆς
1180 2988 1336 3056 ἡμῶν
1397 2990 1779 3062 ταπεινότητος

1888 2986 2078 3042 videor
2108 2990 2162 3042 in
2210 2995 2443 3060 quodam
2478 3000 2656 3051 medio
2698 3009 2844 3055 stare
2884 3019 2949 3058 ac
2981 3005 3251 3078 distringi,
3290 3025 3450 3077 quem

238 3070 660 3138 μᾶλλον·ὲαυτδν
715 3075 972 3141 ἐνδιδοὺς,
995 3078 1082 3138 ἐἰς
1130 3075 1402 3136 τοιούτους
1454 3077 1589 3145 πρὸς
1637 3080 1783 3146 ἡμᾶς

1888 3078 2036 3133 illinc
2082 3098 2357 3150 proceres,
2399 3088 2563 3143 istinc
2598 3101 2687 3144 tua
2712 3094 3036 3165 episcopalis
3070 3070 3308 3169 dignitas
3333 3105 3449 3157 dis-

232 3166 462 3231 κατέστη
486 3164 693 3231 λόγους.
721 3161 789 3216 Ὦ
813 3167 1009 3234 Πάτερ,
1039 3166 1188 3219 ἔοικα
1217 3169 1274 3219 ὲν
1308 3171 1458 3237 μέσῳ
1488 3169 1781 3233 τινὶέστὼς

1893 3172 2080 3223 trahit.
2123 3173 2203 3226 Ad
2237 3183 2307 3237 te,
2341 3192 2465 3230 cum
2495 3194 2591 3234 res
2618 3181 2690 3259 ita
2724 3183 2849 3248 fuit,
2886 3161 3227 3255 respondeo:
3261 3193 3454 3263 Scribe

234 3255 319 3304 xui
352 3254 750 3324 διασπώμενος,
786 3259 886 3324 τῆς
921 3258 1019 3325 μὲν
1068 3258 1341 3319 πολιτείας
1368 3257 1627 3329 ἑλκούσης
1662 3262 1780 3311 ἐτέ-

1887 3261 1953 3313 ad
1981 3260 2205 3316 fratrem
2244 3276 2491 3321 nostrum
2522 3286 2623 3324 nos
2650 3254 2735 3325 illi
2775 3254 3001 3332 daturos
3028 3293 3290 3346 quantum
3326 3254 3449 3344 auri

232 3344 419 3411 ρωθεν,
477 3345 573 3413 τῆς
632 3346 686 3397 δὲ
739 3348 838 3415 σῆς
887 3348 1292 3419 ἀρχιερωσύνης
1334 3349 1595 3420 ἑλκούσης
1649 3351 1783 3418 πρὸς

1884 3367 1944 3405 ac
1989 3356 2433 3411 vestimentorum
2496 3363 2608 3415 dari
2656 3367 2858 3432 poterit
2904 3380 2998 3423 aut
3044 3344 3277 3438 decebit,
3336 3379 3448 3433 imo

232 3434 449 3504 ἑαυτήν.
492 3436 707 3489 Τούτων
751 3437 923 3499 οὕτως
963 3440 1213 3508 ἑχόντων,
1247 3440 1404 3492 τοῦτό
1450 3457 1532 3492 σοι
1558 3442 1783 3508 ἀποκρί-

1884 3444 2144 3512 quidquid
2181 3446 2320 3501 alius
2358 3449 2425 3504 ad
2458 3451 2605 3506 illius
2642 3456 2929 3511 utilitatem
2964 3434 3443 3522 conferens'dece-

234 3540 413 3593 νομαιο
457 3525 497 3576 Γ
502 3526 673 3595 ράψον
737 3527 872 3598 πρὸς
928 3529 1018 3579 τὸν
1075 3529 1301 3599 ἀδελφὸν
1356 3530 1511 3596 ἡμῶν
1560 3530 1634 3591 ὡς
1689 3531 1777 3581 καὶ

1884 3532 1958 3585 bit
1993 3534 2249 3589 tribuere.
2295 3537 2352 3591 Si
2406 3539 2488 3593 illi
2537 3558 2723 3610 pacem
2773 3545 2935 3602 ferire
2994 3550 3193 3619 libeat,
3247 3574 3345 3613 nos
3386 3560 3481 3625 in,
3574 3566 3597 3589 ~‘

229 3616 448 3684 χρυσίου
482 3617 753 3683 ποσότητα
782 3617 1142 3683 ἑπιδιδόαμεν,
1178 3619 1275 3688 ὅση
1305 3619 1501 3688 δυνατὴ
1528 3622 1620 3671 καὶ
1645 3623 1781 3689 πρέ-

1884 3636 2128 3693 proinptu
2165 3629 2352 3691 habes,
2390 3630 2631 3702 nihilque
2654 3636 2753 3690 tibi
2782 3638 3021 3695 hortanti
3051 3616 3366 3715 negaturos.

231 3725 422 3775 πουσα,
458 3711 552 3763 xui
587 3710 813 3780 ἱματίων
859 3712 1105 3781 ἀριθμὸν,
1127 3712 1259 3765 ἀλλά
1288 3714 1381 3765 xui
1410 3715 1464 3765 εἴ
1489 3730 1541 3764 τι
1564 3714 1771 3782 ἕτερον.
1812 3717 1893 3779 είς
1952 3721 2159 3772 ἐκείνου
2220 3723 2495 3778 διαϐαῖνον
2557 3728 2875 3798 θεραπείαν,
2917 3710 3299 3801 πρέπονὴὲστὶν
3347 3744 3450 3813 ἑμϊ

228 3804 530 3871 παρασχεῖν
567 3817 580 3833 ·
632 3802 727 3856 καὶ
766 3804 818 3855 εί
860 3820 922 3871 γε
982 3807 1079 3856 καί
1120 3806 1249 3872 παρ’
1299 3805 1447 3873 αύτῷ
1507 3807 1792 3876 ἀγαπητόν
1830 3810 1945 3860 ἐστι
1982 3812 2041 3864 τὸ
2099 3814 2421 3884 εἰρηνεύειν,
2463 3818 2606 3888 ἔχεις
2668 3824 2920 3895 ἑτοίμους
2952 3831 3121 3896 ἡμᾶς,
3170 3833 3262 3886 xui
3296 3802 3447 3888 οὐδὲν

227 3898 357 3965 πρὸς
381 3898 485 3966 τὴν
519 3896 618 3967 σὴν
658 3896 977 3966 παραίνεσιν
1008 3898 1389 3960 ἀνανεύοντας.
2699 3960 2707 3964 _
3088 3928 3091 3929 ν

289 3988 385 4041 Διά
425 3987 597 4040 ταῦσα
636 3986 917 4055 γράφομέν
961 4004 1063 4051 σοι,
1102 3988 1296 4056 δεσμὸν
1315 3987 1695 4052 ἐπιϐάλλοντες
1721 3990 1781 4042 ἐν

1954 3990 2142 4061 itaque
2187 3997 2280 4049 tibi
2324 3998 2505 4052 scribo
2546 4001 2817 4057 vinculum
2853 4006 3129 4064 charitatis
3179 4017 3447 4086 arripiens

226 4079 416 4149 Πατρὶ,
452 4080 546 4131 καὶ
573 4078 707 4147 rte,
740 4079 833 4130 xui
861 4078 1001 4147 ἁγίῳ
1024 4077 1317 4147 Πνέύματι,
1352 4077 1586 4149 δηλῶσαι
1648 4081 1781 4149 ἡμῖν

1884 4080 1932 4134 in
1966 4082 2144 4150 Patre,
2176 4098 2230 4140 et
2274 4085 2435 4154 Filio,
2468 4101 2523 4144 et
2583 4092 2785 4160 Spiritu
2815 4094 3025 4167 saneto,
3079 4114 3134 4156 ut
3171 4077 3444 4175 signiﬁces

227 4173 314 4222 xui
358 4171 582 4239 χρυσίου
623 4171 891 4238 ποσότητα
942 4171 1071 4238 ὅσην
1116 4168 1411 4239 ἐπιζητεῖς,
1437 4169 1530 4222 καὶ
1553 4168 1780 4239 ἱματίων

1884 4183 2141 4241 quantum
2179 4177 2297 4230 auri
2332 4182 2569 4247 postules
2598 4196 2836 4254 quotque
2863 4191 3184 4249 Vestimenta
3212 4168 3311 4252 tibi
3341 4201 3445 4253 tri-

222 4250 448 4329 ἀριθμὸν
490 4260 612 4320 ὅσος
651 4275 733 4311 σοι
786 4260 1136 4334 παρίσταται.
1178 4259 1400 4323 Πάντως
1450 4258 1614 4313 δὲτὰ.
1648 4261 1780 4331 πρέ-

1884 4264 2087 4319 buenda
2117 4268 2419 4350 videantur.
2448 4250 2763 4329 Considera
2805 4280 3021 4347 penitus
3059 4299 3179 4353 qua:
3231 4250 3443 4360 magni-

228 4363 388 4400 ποντα
406 4350 470 4417 τῇ
508 4347 954 4418 μεγαλοπρεπείᾳ
982 4348 1080 4416 τῆς
1095 4350 1269 4420 ἀρχῆς
1296 4366 1387 4402 σου
1417 4349 1509 4403 καὶ
1541 4354 1605 4422 τῇ
1649 4368 1769 4443 συνέ

1884 4356 2149 4411 licentiam
2174 4369 2303 4419 tua:
2331 4347 2609 4431 dignitatis
2647 4347 3103 4443 prudentiamque
3159 4347 3441 4436 tuamude-

229 4438 332 4489 tau
365 4439 458 4491 xui
488 4438 847 4508 συνδιασκέψῃ
904 4439 993 4491 xui
1035 4438 1291 4509 ζητήσεις
1322 4458 1335 4473 ο
1361 4441 1421 4492 ού
1466 4440 1579 4511 μὴν
1638 4441 1771 4496 ἀλλὰ
1799 4454 1805 4461 ’

229 4529 315 4579 xui
353 4530 407 4581 εί
439 4547 490 4581 τι
521 4528 727 4598 ἕτερον,
770 4530 797 4582 ὃ
844 4532 937 4583 καὶ
983 4528 1042 4583 σὲ
1092 4532 1301 4602 πρέπον
1333 4533 1629 4601 ἐπιζητεῖν,
1675 4537 1772 4587 καὶ

226 4618 310 4670 τὸν
337 4618 560 4687 βασιλέα
593 4620 852 4689 παρέχειν
882 4621 1050 4686 ἀξιον,
1079 4623 1296 4673 κακεῖνο
1324 4622 1559 4691 πρόσθες
1589 4625 1681 4675 ἐπί
1709 4641 1769 4677 τε

221 4711 287 4777 ’τῇ
314 4709 407 4760 τοῦ
449 4711 689 4779 χρυσίου,
722 4711 816 4762 xui
846 4713 910 4780 τῇ
940 4712 1046 4764 τῶν
1076 4712 1305 4779 ἱματίων
1348 4714 1511 4780 δόσει,
1537 4718 1630 4767 xui
1651 4715 1773 4767 τεύ-

230 4796 289 4866 ξῃ
329 4800 580 4849 κάκείνου
607 4798 705 4868 τῆς
734 4798 1104 4873 ἀπολαύσεως.
1140 4802 1247 4853 Καὶ
1282 4801 1484 4854 τούτων
1520 4820 1601 4855 σοι
1634 4822 1773 4874 παρ-

232 4889 513 4955 εχομένων,
553 4890 713 4957 γενοῦ
743 4890 843 4958 τῆς
890 4892 1132 4961 είρήνης,
1200 4893 1355 4959 γενοῦ
1388 4894 1486 4963 τῆς
1540 4896 1772 4964 ἀρχαίας

230 4970 474 5054 ἀγάπηςς
507 4980 847 5043 γενέσθωσαν
873 4982 1033 5035 πάλιν
1060 4983 1353 5052 Βούλγαροι
1384 4986 1479 5035 xui
1512 4983 1769 5054 Ῥωμαῖοι

233 5070 358 5134 πρὸς
396 5046 525 5138 μίαν
558 5071 850 5141 ἀδελφικὴν
884 5073 1187 5143 σύμπνοιαν
1208 5046 1219 5051 ⁷
1240 5046 1334 5127 καὶ
1361 5046 1636 5144 ὁμόνοιαν,
1676 5078 1771 5130 καὶ

232 5147 617 5233 καταργηθήτω
647 5164 793 5231 μένὸ
818 5165 874 5246 ἔξ
894 5165 1067 5237 ἀρχῆς
1080 5166 1176 5234 τῆς
1193 5165 1391 5245 ἔχθρας
1415 5168 1767 5238 δημιουργόν

232 5251 527 5324 δοξασθήτω
554 5253 610 5307 δὲ
646 5256 687 5306 ό“
730 5255 961 5325 Χριστὸς
1014 5257 1155 5307 καὶὸ
1203 5256 1335 5319 Θεὸς
1366 5258 1543 5328 ἡμῶν,
1594 5261 1621 5310 ὁ
1682 5262 1771 5315 διὰ

235 5345 450 5414 σταυροῦ
468 5345 630 5400 αὑτοῦ
660 5346 970 5409 καταλύσας
996 5347 1090 5417 τῆς
1117 5346 1315 5417 ἔχθρας
1346 5348 1405 5400 τὸ
1433 5350 1767 5421 μεσότοιχον,

234 5436 318 5486 xui
354 5438 669 5507 εἰρηνεύσας
702 5438 792 5489 τὸν
824 5439 1024 5507 κόσμον
1059 5439 1246 5503 αὑτοῦ,
1274 5441 1765 5515 ἀπολαμϐανούσης

239 5527 323 5593 μὲν
352 5529 441 5596 τῆς
474 5529 789 5599 Ῥωμαῖκῆς
835 5524 1106 5600 βασιλείᾶς
1154 5533 1247 5584 xui
1293 5532 1394 5601 τὴν
1435 5533 1568 5588 ίδίαν
1592 5539 1773 5591 κατάστ

238 5631 424 5686 σχεσιι,
452 5620 680 5691 ἐχούσης
708 5621 762 5674 δὲ
788 5621 1159 5694 Βουλγαρικῆς
1203 5623 1451 5688 ἐξουσίας
1496 5627 1665 5692 ἀδεῶς
1702 5630 1772 5683 τὰ

240 5706 397 5766 οἰκεία
420 5712 512 5765 καὶ
546 5711 789 5784 ἀσφαλῆ,
805 5716 895 5767 καὶ
926 5715 1119 5787 μηκέτι
1152 5713 1408 5784 ἀφορμῆς
1455 5716 1765 5790 ύπολιμπα-

1875 4458 2056 4513 ceant,
2096 4460 2171 4506 set
2196 4453 2449 4520 pustula;
2487 4454 2597 4509 imo
2656 4460 2917 4530 quidquid
2956 4474 3007 4518 te
3052 4465 3239 4524 deceat
3291 4473 3437 4527 aliud

1871 4541 2164 4606 postulare,
2218 4551 2273 4596 et
2319 4544 2643 4613 imperatore
2693 4550 2764 4628 sit
2824 4554 3046 4624 dignum
3104 4563 3437 4629 concedere,

1872 4628 2011 4682 adde
2067 4645 2202 4686 auro
2250 4644 2303 4686 et
2333 4636 2713 4703 vestimentis:
2751 4644 2935 4696 omnia
2968 4648 3296 4707 tribuentur.
3342 4628 3438 4710 llis

1872 4733 2049 4776 autem
2081 4716 2359 4782 concessis
2380 4731 2447 4783 ad
2482 4746 2666 4800 pacem
2696 4747 2987 4806 revertere,
3020 4752 3073 4795 et
3102 4745 3167 4799 ad
3196 4749 3435 4814 priscam

1872 4813 2211 4869 charitatem.
2252 4815 2408 4873 Fiant
2436 4821 2617 4877 denuo
2651 4824 2865 4896 Bulgari
2908 4841 2960 4883 et
3011 4813 3241 4889 Romani
3274 4840 3435 4895 unius

1873 4902 2125 4959 fraterna:
2156 4911 2573 4978 conspirationis
2608 4922 3121 4991 consensionisque;
3142 4939 3193 4980 et
3219 4939 3437 4986 sterna-

1875 5001 1960 5044 tur
1990 4995 2082 5063 qui
2114 5005 2198 5050 est
2226 4999 2293 5050 ab
2327 5000 2535 5069 origine
2568 5003 2978 5061 inimicitiarum
3006 5004 3222 5068 artifex.
3259 5015 3459 5071 Gloria

1874 5084 2066 5139 ﬁcetur
2093 5095 2273 5141 autem
2307 5086 2563 5144 Christus
2592 5090 2735 5148 Deus
2768 5106 2977 5162 noster,
3028 5096 3125 5168 qui
3166 5119 3262 5171 per
3302 5120 3427 5157 cru-

1873 5192 1987 5229 cem
2059 5192 2271 5229 murum
2331 5178 2628 5234 inimicitia:
2683 5181 2987 5252 destruxit,
3060 5196 3436 5262 mundumque

1873 5282 2031 5322 suum
2086 5268 2411 5335 pacificavit.
2473 5268 2562 5324 Sic
2606 5271 2911 5329 Romanum
2954 5278 3234 5346 imperium
3272 5284 3437 5337 ditio-

1874 5375 1969 5413 nes
2002 5374 2131 5413 suas
2168 5361 2524 5429 recuperabit,
2568 5380 2806 5435 suasque
2846 5366 3060 5439 Bulgari
3091 5371 3208 5426 sine
3242 5376 3438 5431 tlmure

1875 5460 1970 5504 aut
2002 5467 2132 5505 cura
2170 5453 2549 5520 possidebunt,
2583 5458 2731 5511 omni
2768 5456 2879 5525 jam
2938 5462 3228 5519 occasione
3279 5482 3436 5522 scan-

1875 5544 1980 5599 dali
2024 5546 2256 5610 sublata,
2305 5560 2438 5615 pace
2480 5546 2714 5615 ﬁrmata,
2741 5538 2795 5604 et
2850 5560 3076 5623 utraque
3113 5568 3269 5625 gente
3306 5548 3433 5613 bea-

1877 5646 1984 5690 tam
2022 5636 2185 5690 vitam
2219 5636 2518 5697 obtinente.
2550 5638 2705 5703 Quod
2738 5642 2944 5697 tribuat
2990 5645 3244 5703 Christus
3291 5650 3434 5707 Deus

1875 5736 2080 5792 noster,
2111 5727 2328 5784 abolens
2375 5728 2638 5806 damonis
2674 5731 2931 5790 invidiam
2961 5776 2975 5803 ,
3034 5738 3286 5810 illiusque
3319 5744 3434 5801 alas
