4074 6440
643 273 746 335 199

1760 272 1811 334 Ν
1817 273 2064 334 ICOLAl
2103 276 2211 335 CP.
2241 274 2761 372 .PATRIARCHE

3749 275 3853 338 200

641 386 861 454 deberet
907 392 962 439 et
1017 385 1404 441 administrare
1433 399 1520 440 res
1554 398 1745 441 omnes
1776 401 1896 456 qua:
1924 386 2203 442 ministro-

2317 387 2552 458 παλατίῳ
2604 390 2885 457 προσεῖναι
2920 388 3015 458 τὴν
3047 387 3354 441 διοικοῦσαν
3404 385 3470 438 τὰ
3521 378 3876 441 ἐπιϐάλλοντα

640 494 762 532 rum
808 485 1026 532 tuorum
1081 477 1402 546 coniugibus
1439 477 1796 543 incumbunt,
1845 480 2062 532 tertium
2113 494 2208 548 po-

642 570 747 625 tnit
797 569 1024 625 concedi
1061 569 1492 633 matrimonium,
1550 569 1816 637 siquidem
1875 569 1984 624 lilia
2033 570 2088 624 in
2142 583 2210 625 eo

640 674 753 717 eral
788 674 845 717 ιιι
879 672 1155 732 paternam
1197 661 1420 716 domum
1456 660 1802 729 relinqueret.
1857 661 2009 716 Adde
2063 660 2210 730 quod

645 756 730 808 vel
761 756 901 807 sacri
937 767 1176 806 canones
1233 765 1341 806 non
1394 750 1617 804 omnino
1679 749 1973 818 prohibent
2026 750 2210 825 tertias

647 835 887 913 nuptias,
940 844 1035 898 sed
1091 844 1392 912 indulgent,
1447 842 1572 896 licet
1619 850 1875 911 tanquam
1931 843 2208 897 sordidum

646 935 777 1004 quid
807 943 862 989 et
906 933 1150 990 Ecclesia
1187 935 1468 1003 indignum
1501 948 1594 988 eas
1644 934 2075 990 considerantes.
2134 934 2211 990 De

644 1033 853 1096 quarto.
884 1036 1067 1081 autem
1121 1024 1486 1088 matrimonio,
1553 1026 1698 1094 quod
1753 1026 1915 1102 etiam
1975 1013 2210 1097 Agereni

643 1126 867 1179 norunt.
904 1119 1028 1172 licet
1061 1132 1166 1171 non
1195 1117 1374 1186 quoad
1400 1115 1724 1171 divisionem
1767 1131 2026 1182 uxorum,
2058 1131 2209 1188 qum-

643 1223 769 1261 nam
820 1209 926 1262 erit
970 1207 1286 1263 excusatio?
1335 1208 1414 1262 Ad
1439 1223 1728 1278 quemnam
1769 1219 2090 1278 praetextum
2126 1225 2211 1265 re-

642 1311 864 1352 currere
891 1297 1096 1364 licebit,
1147 1298 1448 1367 prasertim
1490 1298 1580 1351 ubi
1621 1299 1802 1353 scelus
1843 1299 1912 1354 ad
1941 1316 2209 1354 summam

643 1386 960 1456 dignitatem
1009 1403 1120 1457 qua
1163 1389 1367 1460 gaudes
1421 1398 1797 1464 comparatum
1831 1390 2037 1445 fuerit?
2095 1391 2214 1447 Rex

642 1477 840 1532 dicitur
870 1492 994 1534 esse
1023 1478 1110 1533 lex
1139 1494 1253 1534 non
1284 1480 1506 1549 scripta,
1559 1481 1702 1536 haud
1752 1490 1812 1536 ut
1841 1483 2013 1552 legem
2049 1484 2214 1539 violet

643 1577 701 1625 et
723 1571 1084 1639 quodcunque
1109 1568 1346 1624 luhuerit
1393 1569 1588 1641 faciat,
1619 1572 1713 1626 sed
1752 1572 1915 1628 factis
1949 1575 2066 1628 suis
2092 1589 2213 1644 qua!

643 1659 778 1729 legis
817 1675 932 1715 non
983 1669 1201 1731 scriptas
1247 1654 1440 1715 norma
1487 1663 1816 1733 diriguntur,
1863 1666 2060 1721 similis
2091 1681 2212 1721 csse

2312 479 2419 532 τῶν
2451 480 2560 533 σῶν
2614 481 2890 551 ἀρχόντων
2921 481 3039 539 ταῖς
3061 477 3327 548 γυναιξὶν,
3360 479 3472 532 ἐστι
3531 477 3878 548 συγχώρησις

2312 570 2388 640 τῷ
2433 571 2624 640 τρίτῳ,
2681 571 2779 640 τῆς
2851 569 3122 640 θυγατρὸς
3181 569 3488 623 ἐκδίδοσθαι
3556 571 3877 640 μελλούσης.

2314 663 2460 734 Πλὴν
2483 664 2565 715 ὅτι
2603 664 2698 716 καὶ
2733 665 2871 733 ἱεροὶ
2899 665 3122 726 κανόνες
3149 663 3240 716 τὸν
3271 661 3451 729 τρίτον
3495 662 3596 715 οὐκ
3636 663 3879 715 ἀποϐάλ-

2314 753 2468 806 λουσι
2498 753 2802 816 παντελῶς.
2861 753 2999 808 ἀλλὰ
3031 752 3426 824 συγχωροῦσιν,
3480 754 3529 804 εξ
3557 753 3651 805 καὶ
3685 752 3758 814 ὡς
3793 751 3883 821 ῥύ-

2314 861 2417 898 πον
2477 844 2828 917 παρορῶντες
2882 848 2979 916 τῆς
3053 844 3400 915 Ἐκκλησίας,
3459 844 3599 917 ὑπὲρ
3678 844 3732 896 δὲ
3784 841 3878 895 τοῦ

2311 915 2574 1001 τετάρτου
2621 935 2716 986 καὶ
2748 933 2777 985 6
2813 915 2940 996 τοῖς
2985 933 3306 1003 Ἀγαρηνοτς
3362 915 3658 1001 γνώριμον,
3699 931 3746 981 εί
3784 935 3882 980 καὶ

2318 1028 2392 1098 μὴ
2443 1029 2583 1080 κατά
2629 1026 2893 1095 διαίρεσιν
2936 1025 3230 1093 γυναικῶν,
3285 1023 3369 1086 τίς
3417 1022 3710 1091 ἀπολογίας
3754 1019 3883 1074 Ἐπὶ

2314 1117 2475 1172 ποίαν
2503 1116 2558 1171 δὲ
2592 1116 3044 1185 καταφευξόμεθα
3092 1115 3402 1189 πρόφασιν,
3447 1113 3683 1182 μάλιστα
3743 1110 3882 1180 πρὸς

2311 1208 2374 1262 τδ
2404 1206 2636 1278 μέγεθος
2683 1206 2782 1276 τῆς
2816 1207 2913 1275 σῆς
2960 1192 3240 1274 δόξηςτοῦ
3279 1204 3586 1275 μιάσματος
3631 1201 3880 1266 ἐξεταζοο

2318 1301 2524 1371 μένους
2578 1297 2870 1361 Βασιλεὺς,
2923 1298 3107 1365 φασὶν,
3161 1297 3407 1365 ἄγραφος
3435 1295 3620 1364 νόμος.
3664 1294 3762 1362 οὐχ
3790 1293 3884 1347 ἵνα

2314 1392 2608 1462 παρανομῇ
2671 1391 2764 1443 καὶ
2823 1388 3037 1458 πράττῃ
3103 1387 3290 1450 ἁπλῶς
3346 1387 3413 1439 τὰ
3442 1385 3726 1452 δοκοῦντα,
3759 1385 3884 1439 ἀλλ’

2313 1483 2455 1536 ὥστε
2523 1483 2780 1541 ,τοιοῦτον
2843 1475 2983 1532 εῐναι
3029 1479 3117 1532 διὰ
3163 1479 3272 1532 τῶν
3315 1477 3492 1547 ἔργων
3553 1474 3719 1529 αὑτοῦ
3771 1473 3885 1526 τῶν

2313 1575 2604 1645 ἀγράφων,
2646 1567 2755 1636 οἷος
2790 1574 2818 1625 ό
2848 1574 3009 1640 νόμος
3045 1575 3074 1624 6
3103 1569 3401 1640 ἔγγραφος.
3448 1569 3508 1622 El
3566 1568 3675 1637 γάρ
3731 1566 3888 1635 βασι-

2314 1657 2440 1728 λεῦς
2484 1666 2607 1718 τῶν
2629 1665 2810 1735 νόμων
2855 1664 3046 1735 ἐχθρὸς
3077 1664 3169 1715 καὶ
3205 1660 3483 1731 πολέμιος,
3529 1660 3612 1720 τίς
3638 1658 3762 1720 τοὺς
3792 1657 3888 1708 νό-

641 1751 801 1806 debet
833 1750 934 1821 legi
968 1752 1208 1823 scriptae.
1286 1754 1503 1828 Etenim
1558 1772 1650 1811 rex
1699 1757 1746 1812 si
1779 1747 1987 1828 legibus
2017 1759 2209 1816 adver-

2317 1775 2448 1827 μους
2461 1757 2755 1827 φοϐήσεται
2771 1770 2786 1820 ;
2802 1756 2887 1821 _"ll_
2902 1734 3020 1823 οὐχὶ
3037 1753 3194 1806 τοῦτο
3213 1751 3505 1805 ἀκόλουθον
3534 1752 3608 1820 τὸ,
3624 1749 3755 1818 πρὸς
3777 1745 3876 1808 οὒς

645 1852 820 1908 satur,
846 1828 1099 1913 quisnam
1136 1842 1472 1900 reverebitur
1501 1846 1662 1902 illas?
1714 1847 1906 1904 Nonne
1935 1850 2214 1920 consequi-

2316 1849 2381 1902 ἂν
2413 1851 2441 1901 6
2470 1848 2654 1916 ἄρχων
2697 1845 2906 1918 ὲχθρηῶς
2942 1845 3044 1917 ἔχῃ
3104 1846 3198 1898 καὶ
3232 1840 3529 1911 πολεμίως,
3582 1842 3716 1910 πρὸς
3754 1837 3888 1891 τούς

644 1940 735 1984 tur
781 1934 1114 1999 necessario,
1165 1949 1302 2003 quas
1349 1935 1494 2007 leges
1537 1937 1788 2007 princeps
1831 1939 2014 1994 hostili
2048 1941 2211 1995 modo

2317 1956 2435 2002 τους
2471 1939 2566 1991 καὶ
2591 1939 2654 1990 τὸ
2685 1937 2999 2007 ὑποχείριον
3032 1930 3131 2006 τὴν
3156 1935 3349 2004 ὁμοίαν
3378 1933 3676 2001 φυλάσσειν
3706 1929 3890 1982 διάθε-

645 2023 948 2094 infregerit,
980 2029 1199 2091 easdem
1231 2027 1393 2082 etiam
1428 2044 1458 2081 a
1482 2029 1744 2098 subjectis
1781 2031 1937 2086 nihili
1965 2033 2210 2088 habitum

644 2115 734 2179 iri,
768 2115 893 2171 licet
918 2132 1076 2172 nemo
1109 2118 1182 2172 ad
1211 2118 1264 2173 id
1300 2119 1565 2188 cogatur?
1611 2120 1714 2177 Uhi
1757 2137 1890 2177 vero
1911 2126 2213 2181 necessitas

644 2207 894 2279 quaedam
941 2218 997 2273 et
1042 2209 1302 2280 impetus,
1351 2211 1654 2281 praesrtim
1707 2225 1937 2280 naturae,
1984 2206 2210 2283 accedit,

648 2297 931 2370 quomodo
990 2316 1099 2356 non
1153 2302 1220 2356 ad
1277 2301 1523 2357 eamdem
1581 2304 1848 2360 sentiendi
1911 2306 2215 2377 agendique

645 2390 911 2445 rationem
949 2391 1319 2452 inclinabant.
1363 2394 1449 2448 cui
1491 2394 1790 2464 principem
1824 2411 2100 2452 summum
2134 2401 2217 2455 in-

645 2480 866 2550 dulgers
889 2482 1119 2551 vident?

718 2572 816 2628 liis
839 2574 1000 2630 dictis
1031 2578 1252 2645 perrexi
1283 2579 1388 2633 hoc
1416 2581 1579 2638 modo
1611 2601 1626 2638 :
1661 2582 1981 2652 Considera,
2006 2601 2214 2656 quaso,

648 2664 817 2719 solem
850 2680 914 2720 ac
944 2670 1154 2732 stellas,
1205 2671 1354 2739 quod
1403 2673 1494 2728 ubi
1547 2689 1654 2728 una
1684 2689 1753 2729 ex
1802 2675 1887 2730 his
1929 2677 2218 2746 splendore

653 2755 919 2824 privatur,
951 2774 1038 2814 res
1063 2770 1145 2816 est
1177 2762 1382 2820 nullius
1414 2763 1525 2820 lere
1556 2768 1854 2835 momenti;
1888 2777 1954 2823 at-
1992 2770 2082 2824 ubi
2114 2772 2215 2826 soli

650 2849 746 2904 tali
792 2851 922 2920 quid
957 2853 1236 2924 acciderit,
1286 2860 1593 2912 necessario
1645 2867 1792 2916 totus
1824 2860 2058 2916 mundus
2089 2863 2218 2917 cali-

653 2941 780 3011 gine
830 2941 1148 3000 involvitur.
1196 2944 1361 3014 Item,
1426 2949 1472 3003 si
1523 2934 1766 3020 corporis
1815 2951 1926 3008 alia
1971 2954 2214 3009 membra

2313 2046 2418 2096 σιν,
2469 2029 2573 2085 κᾶν
2607 2028 2793 2100 μηδεὶς
2822 2030 2850 2081 6
2878 2028 3199 2097 βιαζόμενος
3240 2023 3306 2096 ᾖ;
3356 2027 3486 2105 Ὅτε
3540 2023 3598 2076 δὲ
3647 2021 3741 2074 καὶ
3767 2021 3888 2092 βίᾳ,

2313 2122 2410 2175 καὶ
2445 2120 2682 2191 μάλιστα
2710 2119 2950 2187 φύσεως,
2983 2118 3101 2179 πῶς
3126 2117 3247 2185 οὐχὶ
3281 2115 3419 2184 πρὸς
3453 2116 3628 2167 ἐκεῖνο
3657 2112 3718 2164 τὸ
3752 2112 3890 2181 φρό-

2313 2231 2461 2284 νημα
2510 2211 2995 2282 ὑπενεχθήσονται,
3030 2211 3196 2278 ,πρὸς
3247 2209 3276 2262 δ
3330 2207 3424 2260 καὶ
3479 2209 3508 2259 6
3552 2206 3735 2276 ἄρχων
3783 2209 3890 2274 τὴν

2316 2305 2491 2375 ῥοπὴν
2519 2303 2672 2373 Exn;

2390 2583 2616 2649 Ἔλεγον
2656 2579 2751 2633 καὶ
2784 2577 2957 2632 ταῦτα
2981 2593 2994 2606 ·
3071 2578 3273 2630 Ἐννόει
3318 2595 3408 2646 μοι
3464 2576 3556 2628 τὸν
3589 2574 3740 2645 ἥλιον
3777 2575 3874 2626 καὶ

2315 2677 2440 2735 τοὺς
2463 2674 2721 2743 ἀστέραςζ
2741 2671 2836 2724 καὶ
2863 2672 2944 2723 ὅτι
2978 2671 3168 2739 ἀστέρι
3195 2671 3294 2738 μὲν
3315 2669 3717 2736 ὑποδραμόντος
3739 2669 3889 2729 τινος

2318 2766 2680 2834 σκιάσματος,
2729 2760 2880 2814 οὐδὲν
2937 2762 2995 2812 τὸ
3051 2760 3367 2827 γινόμενονο
3427 2756 3578 2827 ⁴ηλίου
3619 2757 3674 2808 δὲ
3728 2757 3894 2808 τοῦτο

2317 2857 2598 2921 παθόντος,
2627 2853 3044 2924 σκυθρωπάζειν
3088 2855 3300 2919 ἀνάγκη
3325 2849 3416 2902 τὸν
3444 2850 3671 2930 κόσμον.
3712 2849 3891 2914 Πρεσ-

2317 2947 2529 2999 ετὶθουν
2578 2946 2671 2998 καὶ
2738 2943 2821 2996 ὅτι
2879 2942 2984 2994 τῶν
3037 2942 3239 2994 λοιπῶν
3267 2939 3366 2993 τοῦ
3409 2939 3654 3008 σώματος
3707 2937 3894 3007 μελῶν

647 3032 902 3089 sordibus
939 3035 1276 3104 polluuntur,
1309 3053 1405 3093 seu
1446 3040 1647 3118 lateant
1679 3042 1866 3096 sordes
1892 3057 1985 3097 seu
2013 3059 2119 3096 non
2143 3045 2213 3097 la-

2326 3036 2731 3110 ρυπανθέντων,
2773 3035 2805 3102 ἢ
2837 3033 3094 3086 λανθάνει
3126 3036 3152 3086 ὁ
3179 3031 3372 3102 ῥύπος,
3414 3031 3575 3101 ἢκᾶν
3629 3031 3704 3099 μὴ
3763 3030 3897 3082 λαν-

647 3130 817 3190 teant,
867 3125 918 3179 id
971 3127 1104 3181 nihil
1156 3128 1273 3184 fere
1319 3129 1543 3199 pudoris
1571 3123 1780 3196 habet;
1815 3131 1943 3199 ‘jam
1984 3148 2116 3187 vero
2161 3134 2207 3188 si

2317 3129 2474 3200 θάνῃ,
2528 3126 2678 3178 οὐδὲν
2715 3122 2880 3198 μέγα
2904 3126 2984 3185 εἰς
3018 3122 3317 3192 αἰσχύνην·
3371 3121 3464 3173 τοῦ
3503 3121 3559 3172 δὲ
3593 3121 3892 3188 προσώπου

648 3212 788 3268 forte
819 3231 880 3270 os
905 3217 1253 3276 immunditie
1283 3222 1496 3288 horret,
1547 3223 1662 3278 ﬁeri
1696 3238 1802 3276 non
1854 3234 2030 3292 potest
2079 3226 2208 3293 quin

2317 3219 2710 3290 ιρῤυπωμένου
2762 3215 3151 3286 τυγχάνοντος,
3214 3214 3367 3267 οὐδὲν
3416 3215 3726 3283 εὑρίσκεται
3787 3217 3891 3283 τῆς

648 3320 865 3363 summo
923 3310 1126 3378 pudore
1176 3312 1577 3368 suﬂ'undamur.
1646 3313 1770 3369 Noli
1831 3316 2036 3385 igitur,
2087 3333 2210 3372 cum

2317 3311 2575 3380 αἰσχύνης
2593 3299 2967 3377 παραμύθιον.
3000 3307 3303 3386 Πρόσωπον
3328 3300 3381 3357 εἷ
3395 3305 3493 3373 τῆς
3522 3303 3760 3374 μεγάλης
3788 3306 3889 3358 τοῦ

1819 3393 1931 3472 ίρυι
1955 3407 2214 3472 cxsislas,
2315 3400 2451 3456 Θεοῦ
2464 3402 2850 3472 κληρονομίας,
2871 3399 3136 3468 μᾶλλονδὲ
3151 3397 3362 3469 κορυφή
3383 3410 3397 3426 ⁶
3434 3399 3508 3467 μὴ
3528 3400 3587 3451 τὸ
3615 3401 3770 3468 σῶμα
3787 3401 3892 3454 τοῦ

2321 3492 2560 3561 Χριστοῦ
2593 3491 2989 3562 καταισχύνῃς.
3041 3491 3134 3542 καὶ
3163 3491 3395 3560 ποιήσῃς
3426 3491 3520 3543 καὶ
3579 3493 3728 3560 παρά
3775 3495 3893 3554 τοῖς

2317 3585 2568 3646 ἀπίστοις
2595 3583 2977 3654 αἰσχύνεσθαι,
3008 3581 3098 3633 διὰ
3152 3580 3247 3635 τοῦ
3279 3566 3422 3634 ὅιατά
3451 3581 3550 3648 τῆς
3605 3583 3702 3648 σῆς
3729 3583 3893 3649 δόξης

2316 3676 2412 3727 καὶ
2433 3676 2764 3742 σεμνότητος
2795 3665 3048 3743 ἀφορμὴν
3081 3672 3263 3733 αὐτοῖς
3295 3672 3599 3740 παρασχεῖν
3639 3673 3891 3739 πονηρᾶς

2327 3766 2664 3836 ἐπιλήψεως.
2702 3768 2926 3832 Ἔλεγον
2957 3755 3145 3818 ταῦτα
3172 3765 3265 3816 καὶ
3292 3763 3516 3815 πλεῖστα
3542 3763 3722 3830 ἔτερα,
3746 3756 3821 3816 ὧν
3856 3763 3890 3832 ἡ

651 3409 863 3468 maga.
889 3396 1090 3471 divina
1117 3399 1449 3474 hereditatis
1479 3418 1566 3470 os,
1608 3402 1719 3460 imo
1769 3396 1931 3475 caput
1955 3407 2214 3472 exsistas,

647 3500 849 3557 cmpos
885 3483 1092 3543 Christi
1127 3490 1473 3564 pudefacere,
1503 3506 1599 3549 aut
1620 3495 1770 3568 apud
1806 3495 2050 3554 inﬁdeles
2079 3513 2213 3567 quo-

649 3591 757 3647 que
788 3578 935 3634 adeo
956 3581 1315 3647 confundere,
1347 3595 1408 3638 ιιι
1444 3600 1478 3648 a
1509 3594 1598 3639 tua
1628 3587 1893 3655 dignitate
1917 3589 2052 3650 mali
2082 3589 2217 3642 vitu-

648 3675 784 3744 porli
812 3675 1155 3732 occasionem
1186 3678 1430 3752 arripere
1461 3689 1686 3750 queant.
1738 3667 2024 3739 Praeterea.
2045 3685 2216 3738 multa

648 3763 758 3818 dixi
788 3779 910 3834 qua:
936 3751 1380 3858 commemorare
1416 3751 1527 3825 non
1583 3780 1668 3825 est
1717 3770 1880 3840 hujus
1931 3764 2058 3827 loci.
2098 3773 2216 3830 Uno

649 3857 840 3923 verbo,
893 3857 1170 3929 peroravi,
1215 3862 1536 3931 supplicavi,
1588 3864 1887 3918 obsecravi.
1945 3867 2081 3920 Cum
2121 3883 2221 3923 au-

648 3958 758 4004 tem
800 3949 888 4005 bis
937 3950 1286 4006 sermonibus
1337 3952 1485 4008 illius
1528 3953 1859 4008 voluntatem
1898 3957 2217 4026 ’neutiquam

650 4039 796 4094 necti
828 4055 989 4110 posse
1010 4041 1276 4107 viderem,
1307 4042 1416 4099 hoc
1442 4045 1603 4100 modo
1625 4059 1756 4122 eum
1789 4045 2014 4102 adortus
2044 4064 2164 4109 sum
2201 4067 2215 4104 :

649 4133 696 4189 0
740 4149 840 4198 rex
885 4143 940 4190 et
988 4134 1098 4201 illi,
1149 4132 1442 4208 postquam
1497 4139 1765 4209 maiestati
1799 4149 1904 4194 tua:
1930 4142 2107 4195 visum
2138 4150 2222 4195 cst

652 4237 902 4298 quartam
933 4232 1222 4301 coniugem
1250 4232 1306 4286 in
1341 4231 1749 4286 matrimonium
1783 4231 1986 4287 ducere
2007 4273 2022 4298 ,
2074 4233 2218 4287 nulla

2320 3860 2509 3928 μνήμη
2561 3859 2654 3909 καὶ
2685 3857 2976 3926 πρόσθεσις
3023 3857 3285 3926 περιττήο
3335 3855 3471 3923 πλὴν
3502 3854 3707 3920 ελεγον,
3735 3854 3896 3906 ἐδυσ-

2317 3950 2527 4011 ῶπουν,
2581 3945 2848 4000 ἱκέτευον.
2905 3945 3015 3998 Καὶ
3048 3945 3281 4014 ἐπείπερ
3311 3943 3499 4014 ἑώρων
3529 3945 3654 4005 τοὺς
3693 3943 3895 4009 λόγους

2316 4040 2542 4098 τούτους
2577 4037 2926 4106 ἡττωμένους
2961 4037 3061 4105 τῆς
3094 4036 3303 4090 ἐκείνου
3330 4024 3668 4104 βουλήσεως,
3701 4035 3895 4101 έστρεο

2323 4129 2510 4197 φόμην
2545 4126 2633 4194 ἐφ’
2670 4127 2838 4194 ἕτερα
2865 4124 3090 4177 τοιαῦτα
3121 4124 3296 4192 λέγων
3333 4141 3348 4157 ο
3399 4124 3683 4193 Ἐπείπερ,
3713 4116 3757 4178 ὦ
3790 4122 3912 4191 βα-Α,

2322 4218 2472 4270 σιλεῦ
2521 4218 2615 4270 καὶ
2677 4218 2885 4279 τέκνον,
2945 4215 3094 4280 ἅπαξ
3121 4210 3199 4286 τῷ
3244 4215 3434 4288 κράτει
3495 4231 3586 4272 σου
3622 4213 3765 4277 εδοξε
3793 4215 3914 4272 καὶ,

650 4286 896 4374 indecorl
945 4286 1159 4377 ratione
1191 4321 1402 4388 habita,
1442 4325 1628 4392 accipe
1667 4323 1780 4394 jam
1813 4339 1843 4378 a
1875 4286 2028 4393 patre
2059 4331 2213 4393 atque

2321 4307 2560 4377 τετάρτῃ
2613 4307 2835 4373 γυναικὶ
2867 4307 3162 4375 συνῆφθαι,
3198 4286 3302 4359 καί
3345 4307 3444 4359 ούκ
3494 4290 3790 4389 ἀναλογίζη
3829 4307 3893 4359 τὸ

649 4409 827 4464 amico
878 4425 1096 4468 summo
1141 4414 1349 4469 amoris
1395 4414 1588 4469 affectu
1642 4393 1695 4468 te
1734 4414 1993 4484 diligente
2046 4415 2213 4470 hocce

2323 4399 2543 4462 ἄτοπον,
2591 4397 2740 4463 δέξαι
2785 4397 2943 4468 φίλου
2982 4399 3076 4451 καὶ
3111 4397 3320 4466 πατρὸς
3374 4393 3796 4465 ύπερφιλοῦντός
3827 4412 3890 4448 σε

650 4501 938 4558 consilium
975 4522 991 4559 :
1024 4506 1239 4577 Coniux
1281 4507 1532 4576 privatim
1566 4508 1724 4576 degat
1751 4521 1927 4576 neque
1965 4521 2089 4561 cum
2122 4515 2212 4560 tua

651 4589 940 4660 majestate
1008 4608 1424 4662 commoretur,
1492 4606 1547 4652 et
1612 4598 1947 4654 advocentur
2016 4597 2215 4652 veteris

654 4684 840 4745 Roma:
873 4688 1214 4760 aliarumque
1273 4688 1664 4759 pontiﬁcalium
1713 4689 1920 4744 sedium
1952 4688 2214 4758 pmsules

655 4783 710 4828 et
737 4777 828 4832 alii
861 4779 955 4848 qui
996 4777 1290 4849 episcopali
1319 4779 1584 4850 dignitate
1632 4780 1871 4834 eminent
1916 4789 1970 4835 et
2000 4780 2212 4834 muneri

652 4865 972 4923 sacerdotali
1024 4870 1194 4925 decus
1246 4870 1622 4941 honoremque
1671 4866 1922 4935 aﬂ'erunt,
1978 4855 2211 4938 quorum

654 4966 1104 5024 congregatorum
1131 4957 1340 5026 judicio
1374 4973 1442 5014 ac
1483 4960 1776 5024 sententia,
1827 4959 2083 5026 quoniam
2118 4958 2213 5012 tibi

653 5041 734 5093 sic
766 5043 999 5109 videtur,
1057 5045 1290 5102 fortasse
1334 5046 1465 5102 illud
1495 5047 1642 5117 quod
1673 5048 1809 5116 petis
1840 5055 2013 5102 ratum
2047 5046 2214 5099 habe-

654 5132 817 5198 bitur,
869 5135 913 5189 si
967 5135 1222 5191 nimirum
1275 5138 1383 5193 hac
1411 5139 1722 5194 calamitate
1769 5153 1875 5193 non
1926 5137 2215 5190 inducatur

658 5224 760 5277 alia
793 5227 963 5280 multo
1016 5228 1260 5297 gravior,
1310 5229 1566 5285 Ecclesia:
1616 5229 1822 5284 scilicet
1844 5227 2211 5297 perturbatio.

655 5328 816 5381 quam
848 5318 1132 5389 hucusque
1164 5336 1383 5382 summo
1411 5327 1535 5376 eum
1584 5320 1769 5388 vigore
1817 5336 1881 5372 ac
1931 5318 2213 5387 prudentia

657 5410 993 5475 compescuit
1045 5412 1309 5479 Ecclesiae
1355 5412 1693 5482 praedicatio,
1743 5411 1814 5463 ita
1875 5419 1934 5463 ut
1981 5424 2104 5478 spes
2146 5409 2216 5463 sit

655 5497 773 5553 I'Orc
805 5509 883 5561 ut,
937 5513 1059 5569 post
1101 5506 1365 5573 synodum
1398 5504 1660 5570 habitam,
1717 5501 2022 5556 interdictio
2072 5501 2214 5554 illius

655 5590 803 5657 pravi
859 5590 1234 5661 illegitimique
1307 5592 1638 5649 matrimonii
1711 5594 2027 5662 accipiatur.
2109 5588 2212 5644 Sed

654 5684 836 5738 omnia
871 5699 992 5755 qua:
1023 5683 1156 5752 dixi,
1208 5684 1362 5741 irrita
1398 5700 1670 5754 mansere,
1725 5686 1852 5758 quia
1880 5677 2084 5742 amoris
2113 5683 2215 5738 im-

2319 4489 2457 4551 τέως
2505 4487 2640 4556 γοῦν
2706 4489 2912 4557 ταύτην
2963 4491 3063 4556 τὴν
3121 4487 3461 4558 συμϐουληνο
3534 4487 3893 4555 εστωὴγυνὴ

2325 4582 2470 4644 ἰδίως
2511 4580 2777 4646 διάγουσα
2827 4580 2919 4629 καὶ
2958 4579 3030 4645 μὴ
3061 4577 3390 4629 συνοικοῦσα
3439 4575 3515 4644 τῷ
3552 4576 3740 4648 κράτει
3765 4591 3888 4637 σου,

2321 4673 2416 4725 καὶ
2450 4669 2958 4739 προσκληθήτωσαν
2980 4669 3078 4736 τῆς
3125 4685 3184 4719 τε
3231 4666 3604 4735 πρεσϐυτέρας
3643 4664 3891 4734 Ῥώμης,

2321 4763 2414 4816 καὶ
2459 4762 2568 4814 τῶν
2614 4759 2787 4815 ἄλλων
2827 4760 3230 4830 ἀρχιερατικῶν
3284 4757 3487 4827 θρόνων
3551 4755 3763 4825 ἀνδρες.
3792 4756 3892 4808 καὶ

2321 4850 2706 4922 αρχιερωσύνῃ
2745 4851 3119 4920 τετιμημένοι,
3151 4850 3380 4908 καὶτοῖς
3439 4845 3616 4909 ἄλλοις
3677 4840 3757 4906 οἷς
3800 4861 3895 4897 σεο

2326 4940 3006 5012 μνύνεταιάρχιερωσύνῃ,
3053 4944 3147 4992 καὶ
3203 4939 3298 4990 σὺν
3353 4936 3535 4996 αὐτοῖς
3585 4935 3893 5003 ἑνουμένων

2321 5037 2472 5104 κοινῇ
2521 5034 2795 5102 ἐπικρίσει
2820 5033 2915 5085 καὶ
2934 5030 3164 5098 γνώμῃ,
3208 5030 3435 5098 ἐπείπερ
3455 5027 3611 5080 τοῦτω
3644 5043 3724 5079 σοι
3754 5042 3892 5091 παρ-

2325 5127 2536 5179 ίσταται
2567 5168 2583 5190 ,
2615 5126 2746 5187 ἴσως
2792 5125 3009 5190 γίνεται.
3053 5121 3112 5172 τὸ
3146 5121 3502 5189 ζητούμενον·
3550 5121 3597 5171 ει
3623 5117 3701 5186 τῷ
3730 5116 3893 5185 κακῷ

2318 5217 2490 5285 τούτῳ
2540 5216 2614 5284 μὴ
2665 5212 3072 5282 συνδράμῃίκαὶ
3126 5213 3306 5281 χεῖρον
3344 5210 3471 5262 ἄλλο
3517 5209 3616 5277 τῆς
3663 5205 3898 5273 Ἐκκλη-

2321 5311 2441 5369 σίας
2470 5309 2499 5359 6
2527 5309 2788 5373 τάραχος.
2822 5305 3004 5356 Ταῦτα
3025 5303 3079 5355 δὲ
3100 5305 3161 5354 τὸ
3199 5302 3429 5371 σφοδρὸν
3465 5303 3573 5370 τῆς
3613 5298 3752 5352 κατὰ
3781 5296 3896 5364 τῆς

2333 5396 2662 5466 Ἐκκλησίας
2701 5395 2876 5466 ὁρμῆς
2899 5395 3216 5463 ἀνακρούων
3239 5396 3266 5446 6
3295 5393 3470 5459 λόγος,
3526 5392 3665 5452 τέως
3690 5391 3895 5457 διῳκο·

2322 5487 2737 5556 νόμει,ίὲλπίδος
2767 5485 2930 5556 οὔσης
2952 5486 3026 5549 ὼς
3055 5487 3267 5548 πάντως
3303 5482 3635 5553 τελουμένης
3668 5479 3892 5532 συνόδου

2321 5562 2699 5648 αἱδεσθήσεται
2732 5579 2939 5647 ταύτης
2990 5579 3088 5646 τὴν
3126 5578 3498 5643 ἀπαγόρευσιν
3553 5571 3652 5637 τῆς
3683 5571 3893 5624 ἀτόπου

2320 5677 2418 5735 ,καὶ
2449 5673 2688 5743 ἀθέσμου
2740 5669 3060 5737 συζεύξεως.
3128 5669 3267 5722 Ἀλλ’
3320 5662 3387 5736 ἦν
3421 5665 3595 5718 πάντα
3637 5662 3892 5743 κωφάγτά
