4074 6448
194 318 277 380 ΞΠ

1590 320 2000 381 EPISTULE.

3283 311 3390 375 218

259 432 403 485 Ἀλλὰ
434 434 538 502 γὰρ
568 434 777 487 πολλῶν
804 436 895 487 καὶ
916 436 1091 490 ἄλλων
1116 437 1447 507 προσόντων,
1474 438 1510 493 ἃ
1541 438 1710 508 ῥηθῆ-

1882 438 2017 491 Cum
2051 446 2228 491 autem
2261 435 2431 489 multa
2471 434 2575 488 alia
2624 438 2949 486 succurrant
3002 444 3125 496 quae
3152 428 3217 483 ad
3259 442 3377 481 rem

187 541 259 574 ναι
285 524 314 592 ή
342 523 589 585 ὑπόθεσις
634 524 906 594 ἐπιζητεῖ,
944 524 1170 580 πλεῖστα
1215 524 1367 597 οἶμαι
1413 529 1507 580 καὶ
1543 526 1716 580 ταῦτα

182 615 255 665 διὰ
277 614 331 666 τὸ
364 614 531 683 μῆκος
556 614 649 667 τοῦ
683 620 1027 687 γράμματος.
1062 619 1317 687 Ἀφέντες
1350 614 1441 673 οὖν
1476 618 1536 672 τὸ
1557 617 1716 670 πλέον

180 720 224 755 τι
244 702 410 766 λέγειν
442 706 564 771 περὶ
593 706 1015 779 τοὺ.των,ὲκεῐν6
1040 726 1218 778 φαμεν
1242 724 1258 740 ο
1310 708 1713 778 Ἕπιστράφητε

182 791 301 857 πρὸς
331 791 570 856 ἑαυτοὺς,
612 795 829 862 ἀδελφοὶ
872 799 1211 865 τιμιώτατοι,
1260 800 1355 852 καὶ
1391 800 1501 853 τῶν
1542 818 1715 870 πραχ-

181 880 361 932 Θέντων
391 884 453 936 τὸ
490 885 799 954 παράλογον
820 890 1276 957 κατανοήσαντες,
1306 891 1401 942 καὶ
1437 891 1534 959 τῆς
1579 892 1712 959 πρὸς

180 971 319 1040 χάριν
366 974 715 1045 ἀνθρωπίνης
744 979 1056 1048 οἰκονομίας
1102 980 1257 1049 ὑμῶν
1306 980 1378 1043 ὡς
1408 983 1713 1053 ἀσχήμονος

180 1065 541 1131 καταγνόντες,
568 1066 629 1118 τὸ
654 1071 862 1137 πρέπον
888 1069 984 1121 καὶ
1013 1070 1140 1138 ὑμῖν
1174 1071 1354 1132 αὑτοῖς
1384 1073 1713 1142 φρονήσατε,

179 1155 257 1207 καὶ
300 1155 362 1210 τὸ
396 1157 529 1225 πρὸς
562 1160 730 1229 τιμὴν
775 1160 1051 1216 διαϐαῖνον
1097 1163 1196 1232 τῆς
1240 1165 1566 1235 Ἐκκλησίας
1621 1165 1713 1218 καὶ

176 1245 260 1313 τῆς
297 1247 404 1298 τῶν
432 1248 769 1318 Χριστιανῶν
812 1252 1157 1320 σεμνότητος.
1190 1255 1280 1325 Μὴ
1322 1255 1378 1308 δὲ
1415 1255 1713 1325 βουληθῆτε

174 1339 409 1402 γενέσθαι
455 1342 722 1411 διήγημα,
757 1342 835 1403 ὡς
877 1344 1136 1410 Ῥωμαῖοι
1172 1349 1544 1417 τετραγαμίαν
1579 1366 1716 1418 προ·

176 1426 320 1492 φάσει
343 1428 627 1498 βασιλικῆς
646 1433 866 1502 χάριτος
886 1437 963 1497 εἷς
985 1435 1044 1487 τὸ
1067 1438 1172 1489 τῶν
1196 1438 1537 1502 Χριστιανῶν
1562 1441 1713 1506 ἅγιον

175 1513 310 1577 levo;
350 1519 681 1587 είσήγαγον·
728 1522 903 1576 οἴδατε
951 1525 1060 1594 γὰρ
1096 1526 1168 1587 ὡς
1209 1526 1359 1591 ὀξεῖα
1400 1527 1493 1580 τοῦ
1540 1530 1711 1582 κακοῦ

175 1607 383 1677 ἧφοράο
441 1610 532 1662 καὶ
571 1612 746 1682 ἀρχὴν
788 1614 1026 1669 λσόοὖσα
1059 1618 1291 1685 μάλιστα
1324 1620 1388 1670 ἐκ
1411 1621 1711 1690 δυνάμεως,

173 1699 253 1753 παὶ
295 1697 414 1755 τότε
456 1703 720 1772 τοσαύτης
747 1705 805 1756 οὑ
856 1700 1052 1775 ῥᾳδίως
1098 1709 1517 1764 ἀνακόπτεσθαι.
1559 1712 1714 1765 Οὕτω

1824 532 2047 594 faciunt,
2082 540 2259 583 tamen
2311 542 2378 580 ne
2409 525 2805 591 scripsiuncnla
2851 526 2963 575 hac
2990 521 3139 589 justo
3167 521 3381 589 longius

1820 621 2182 685 extendatur,
2244 617 2334 669 hic
2386 614 2814 669 subsistendum»
2846 613 3079 667 videtur.
3149 609 3383 664 Omissis

1824 715 1986 782 igitur
2010 726 2131 781 qua:
2162 708 2343 764 adhuc
2373 707 2476 761 dici
2510 716 2758 774 possunt,
2793 704 3017 759 nonnisi
3046 703 3150 757 hoc
3190 701 3333 754 addo
3369 719 3383 754 :

1822 802 2095 858 Attendite
2133 802 2198 855 ad
2245 814 2341 852 vos
2387 798 2553 865 ipsos,
2607 795 2799 848 fratres
2835 792 3295 854 reverendissimi,
3331 799 3389 845 ct

1823 908 2012 948 eorum
2062 906 2185 961 qua:
2229 894 2528 942 evenerunt
2575 884 2965 938 absurditatem
2999 884 3389 950 intelligentes.

1821 997 1873 1040 et
1906 1002 1967 1039 ea
2000 1000 2119 1050 quae
2142 984 2195 1036 in
2232 983 2460 1051 gratiam
2496 977 2779 1049 potestatis
2813 977 3261 1031 humanmillieite
3290 976 3393 1030 ad-

1824 1077 2049 1131 misistis
2100 1074 2487 1142 reprobantes,
2536 1080 2701 1137 atque
2755 1076 2943 1122 curate
3010 1068 3198 1122 sedulo
3258 1083 3379 1135 quae

1823 1169 1978 1221 vobis
2048 1165 2344 1220 honoriﬁca
2396 1171 2543 1227 sunt,
2596 1171 2649 1215 et
2694 1161 2952 1215 Ecclesia:
2996 1174 3060 1213 ac
3111 1160 3390 1228 religionis

1824 1254 2133 1309 christiana:
2174 1254 2399 1323 gloriam
2460 1258 2803 1319 promovent.
2850 1249 3028 1303 Nolite
3074 1250 3392 1316 permittere

1825 1357 1883 1401 ut
1909 1347 2151 1399 omnium
2184 1343 2545 1421 traducamini
2567 1358 2690 1406 ore,
2724 1342 2879 1411 quasi
2903 1339 3131 1394 Romani
3165 1340 3231 1394 ad
3259 1355 3389 1409 capo

1824 1437 2044 1494 tandum
2082 1436 2423 1505 imperatoris
2477 1434 2714 1488 favorem
2765 1443 3016 1501 quartum
3050 1430 3387 1486 connuhium

1823 1532 1878 1584 in
1951 1538 2199 1584 sanctum
2257 1527 2687 1581 Christianorum
2760 1532 2964 1579 coetum
3035 1522 3386 1583 invexerint,

1822 1620 2090 1688 siquidem
2150 1619 2285 1672 liene
2327 1617 2497 1671 nostis
2529 1625 2733 1686 quanto
2764 1616 2969 1684 impetu
3000 1628 3065 1668 ac
3091 1612 3389 1681 rapiditate

1821 1700 2021 1767 malum
2070 1710 2293 1772 feratur,
2350 1718 2511 1777 atque
2565 1718 2848 1775 postquam
2910 1720 2938 1759 a
2988 1701 3386 1773 potentioribus

174 1788 256 1839 καὶ
286 1792 553 1861 τριγαμία
584 1794 643 1844 ὲν
672 1793 980 1865 ἀνθρώποις
1029 1799 1203 1868 ἀρχὴν
1242 1800 1399 1853 ἔλαϐε
1448 1804 1719 1855 πολιτεύε-

1828 1798 2088 1871 originem
2138 1801 2314 1865 duxit,
2369 1815 2474 1853 non
2536 1799 2693 1852 facile
2753 1796 3018 1865 supprimi
3050 1802 3235 1864 queat.
3298 1792 3394 1845 Sic

174 1875 302 1936 σθαι,
338 1879 694 1949 συνεχωρήθη
753 1882 888 1950 πρὸς
942 1884 1102 1953 χάριν
1140 1887 1278 1949 ἑνὸς,
1333 1890 1425 1941 καὶ
1468 1889 1723 1960 δεύτερος

168 1964 283 2034 ἦλθε
324 1971 407 2032 εἰς
452 1970 703 2039 μίμησιν,
741 1973 836 2025 καὶ
875 1974 1036 2027 πάλιν
1067 1977 1245 2040 ἄλλος,
1285 1981 1377 2031 καὶ
1416 1980 1589 2044 οὕτως
1633 1969 1723 2033 ἐπὶ

171 2057 443 2123 πλείστους
466 2059 687 2114 διελθὼν
712 2063 792 2126 είς
828 2067 1070 2135 πονηρὰν
1100 2071 1341 2140 κατέστη
1371 2072 1448 2141 τῷ
1475 2071 1575 2142 βίῳ
1599 2092 1723 2127 συντ

170 2147 369 2215 ήθιιαν.
403 2152 496 2219 Μὴ
530 2152 625 2204 οὑν
684 2154 1019 2225 ἀνάσχησθε,
1049 2160 1227 2212 καίτοι
1258 2164 1597 2233 γεγηρκυίας
1625 2171 1722 2237 τῆς

170 2238 505 2312 ἀνθρωπίνης
542 2238 781 2309 φύσεως,
823 2248 913 2301 τὸν
963 2248 1110 2313 ξένον
1157 2252 1343 2306 τοῦτον
1399 2257 1576 2325 γάμον
1626 2260 1721 2313 καὶ

171 2329 437 2400 ἀλλάτριον
468 2333 561 2386 τοῦ
594 2335 805 2401 γένους.
856 2338 1064 2403 διδάξαι
1102 2342 1272 2413 αὑτήν
1297 2362 1312 2377 ⁸
1348 2347 1422 2416 μὴ
1461 2350 1515 2402 δὲ
1544 2353 1720 2405 τοιοῦ-

166 2435 247 2470 τον
296 2422 498 2491 μικροῦ
552 2425 895 2494 πράγματος,
944 2428 1020 2493 ὼς
1066 2434 1326 2498 γεγόνατε
1385 2438 1716 2507 διδάσκαλοι,

167 2509 236 2577 τῷ
263 2510 361 2578 βὲῳ
389 2514 743 2569 καταλίποιτε
775 2517 980 2587 ὄνομαο
1012 2522 1128 2574 ἀλλ’
1156 2526 1311 2579 αὑτοὶ
1340 2528 1566 2594 ἑαυτοὺς
1590 2534 1719 2587 ἐπα-

165 2599 486 2670 νορθώσατε.
519 2604 593 2657 Οὐ
625 2609 734 2676 γὰρ
761 2608 918 2677 φέρει
964 2611 1284 2683 αἰσχύνηνή
1324 2616 1432 2669 τῶν
1468 2620 1618 2690 παρὰ
1657 2624 1716 2674 τὸ

167 2691 276 2745 δέον
310 2697 653 2765 γεγενημένη
685 2698 1077 2768 ἐπανόρθωσις,
1111 2704 1313 2771 μᾶλλον
1363 2707 1463 2774 μὲν
1491 2707 1582 2760 οὖν
1622 2714 1714 2764 καὶ

168 2784 370 2838 σύνεσιν
401 2793 836 2857 προσμαρτυρεῖ,
878 2792 971 2843 καὶ
996 2792 1200 2862 ἀρετῆς
1226 2794 1424 2866 ἔρωτα,
1451 2800 1543 2850 καὶ
1582 2790 1735 2871 τιμᾷ

166 2875 251 2943 οὐχ
299 2876 513 2947 ὑϐρίζει
548 2881 672 2943 τοὺς
721 2880 861 2933 οὕτω
914 2886 1344 2954 πεφρονηκότας.
1396 2889 1572 2962 Ὅπερ
1620 2895 1713 2945 καὶ

168 2968 297 3034 ὑμᾶς
335 2967 488 3031 ἄξιον
528 2972 792 3041 φρονῆσαι
847 2974 1083 3041 μάλιστα
1120 2977 1229 3028 τῶν
1270 2981 1610 3048 πραγμάτων
1653 2985 1712 3049 ἐξ

1828 1895 1989 1948 etiam
2043 1892 2267 1947 tertium
2306 1890 2638 1944 connubinm
2697 1888 2841 1941 inter
2887 1886 3132 1940 homines
3183 1882 3392 1937 invale—

1826 2001 1980 2040 scere
2020 1984 2205 2051 coepit.
2260 1981 2555 2048 Postquam
2600 1981 2653 2032 in
2707 1980 2870 2033 unius
2916 1978 3144 2046 gratiam
3187 1973 3391 2028 admis-

1828 2092 1944 2132 smn
1978 2074 2172 2137 fuerat,
2221 2073 2492 2128 secundus
2548 2072 2707 2140 primi
2775 2069 3081 2137 exemplum
3145 2067 3389 2119 imitatus

1826 2177 1931 2231 est,
1963 2175 2017 2220 et
2049 2164 2243 2220 deinde
2268 2163 2430 2226 alius,
2454 2162 2527 2215 ita
2560 2171 2617 2216 ut
2645 2162 2801 2230 quasi
2836 2174 2930 2224 per
2955 2159 3230 2212 traducem
3263 2170 3389 2223 pro-

1823 2267 2111 2330 pagaretur
2138 2265 2191 2312 et
2218 2256 2332 2326 jam
2366 2255 2417 2307 in
2447 2267 2663 2321 pravam
2690 2250 3138 2305 consuetudinem
3176 2246 3390 2302 abierit.

1823 2351 2021 2406 Cavete
2045 2349 2209 2417 igitur
2251 2363 2338 2407 ne,
2371 2345 2623 2415 quamvis
2659 2353 2850 2398 natura
2895 2343 3132 2395 humana
3174 2337 3239 2393 ad
3285 2336 3389 2390 hoc

1821 2436 2309 2496 extraordinarium
2360 2433 2803 2498 humanitateque
2861 2429 3143 2499 indignum
3200 2427 3389 2480 matri-

1821 2534 2063 2590 monium
2093 2530 2336 2594 inclinet,
2367 2527 2617 2582 doctrina
2656 2535 2835 2579 vestra
2868 2524 2997 2577 illud
3033 2518 3383 2576 commende-

1819 2629 1915 2688 tis,
1941 2637 2119 2693 neque
2148 2621 2308 2678 talem
2340 2634 2452 2674 rem
2480 2626 2694 2687 turpem
2719 2616 2874 2670 vobis
2907 2612 3182 2681 magistris
3208 2609 3379 2678 origi-

1819 2731 1940 2769 nem
1970 2713 2163 2767 dcbere
2193 2726 2221 2765 a
2251 2708 2568 2779 posteritate
2596 2705 2701 2760 dici
2732 2712 2917 2773 queat,
2949 2701 3042 2757 sed
3075 2702 3141 2753 ad
3164 2697 3386 2752 meliora

1819 2824 1917 2860 vos
1952 2805 2271 2859 convertite.
2309 2798 2629 2870 Huiusmodi
2665 2796 2808 2851 enim
2843 2791 3129 2847 conversio
3165 2804 3283 2859 qua:
3318 2788 3383 2841 ad

1812 2895 2080 2962 justitiam
2132 2894 2210 2955 tit,
2256 2900 2464 2945 tantum
2503 2887 2655 2942 abest
2702 2892 2763 2938 ut
2797 2882 2951 2955 nobis
2986 2882 3058 2953 sit
3095 2888 3382 2934 contume-

1816 2986 1953 3042 liosa
1974 3026 1989 3053 ,
2024 2994 2083 3039 ut
2115 2985 2277 3039 etiam
2317 2980 2609 3051 prudentes
2638 2975 2963 3043 virtutisque
2998 2979 3245 3025 amantes
3279 2982 3379 3021 nos

168 3059 367 3131 ἀπάτης
397 3061 494 3113 καὶ
546 3063 881 3132 κακουργίας
916 3053 1015 3134 τὴν
1058 3065 1290 3137 ὓπαρξιν
1329 3070 1621 3139 λασόντων,
1652 3079 1717 3148 ἥν

1823 3093 1941 3133 esse
1991 3077 2343 3134 demonstret,
2384 3070 2649 3140 siquidem
2704 3082 2801 3122 eos
2851 3065 2946 3134 qui
3005 3062 3085 3118 sic
3128 3060 3391 3123 sentiunt,

170 3151 293 3248 tlpfi;
334 3154 791 3248 dnox‘p-udéuevot
846 3159 1201 3227 παρήνεγκαν
1238 3161 1323 3230 ἐφ’
1355 3162 1391 3217 ἃ
1425 3165 1498 3235 μὴ
1530 3168 1638 3221 ἔδει
1672 3174 1719 3223 οἱ

1823 3184 1926 3248 non
1962 3166 2167 3236 pudore
2189 3163 2279 3218 sed
2314 3166 2517 3216 honore
2547 3158 2736 3213 amcit.
2766 3156 2862 3209 Est
2881 3163 3061 3208 autem
3097 3166 3160 3205 eo
3186 3151 3386 3219 magis,

168 3240 322 3294 ταῦτα
352 3245 709 3312 σκεψάμενοι.
745 3249 851 3301 Καὶ
882 3249 1196 3318 θαυμαστὸν
1221 3253 1393 3321 οὐδὲν,
1431 3260 1479 3310 εξ
1506 3260 1717 3333 ἄνθρω-

172 3347 248 3383 ποι
272 3334 444 3397 ὄντες,
477 3335 545 3388 δι’
571 3338 785 3408 ἀπάτης
835 3341 1104 3412 ὲσφάλητε
1142 3346 1278 3399 ἀλλὰ
1307 3349 1465 3402 τοῦτο
1510 3351 1721 3423 θαυμα-

174 3424 280 3476 στὸν
312 3427 536 3493 μᾶλλον,
574 3431 618 3481 εί
648 3430 841 3494 ἅλλους
867 3434 1332 3507 ἐπαγγελλόμενοι
1354 3442 1721 3512 διορθοῦσθαι,

176 3515 238 3613 μη
267 3515 331 3568 τὰ
368 3516 584 3583 εὑαγῶς
618 3520 743 3587 ὑμῖν
777 3525 1139 3593 πεπραγμένα
1177 3528 1274 3597 τῆς
1306 3534 1560 3602 τοιαύτης
1591 3553 1724 3604 προ-

171 3605 299 3664 νοίας
342 3605 744 3676 καταξιὼσητε.
788 3611 957 3663 Τοῦτο
988 3613 1041 3664 δὲ
1094 3615 1310 3679 πάντως
1342 3621 1718 3690 προνοηθήσε-

170 3712 244 3747 ται
272 3698 401 3765 ὑμῖν
453 3698 833 3769 ἀθετουμένων
877 3703 969 3754 καὶ
1002 3706 1413 3775 ἀκυρουμένων,
1449 3711 1547 3762 καὶ
1584 3714 1719 3764 άναο

172 3787 348 3857 Οέματι
374 3794 901 3861 παραπεμπομένων
926 3794 1032 3846 τῶν
1060 3800 1470 3866 προγεγονότων
1497 3802 1595 3853 καὶ
1620 3804 1728 3857 τῶν

172 3878 566 3948 εἰσαγαγόντων
592 3885 691 3952 τὴν
728 3884 834 3936 τῶν
861 3886 1170 3939 σκανδάλων
1203 3890 1382 3941 αἰτίαν
1407 3892 1487 3954 εἰς
1511 3893 1606 3961 τὴν
1635 3895 1727 3947 τοῦ

172 3966 291 4022 Θεοῦ
335 3969 689 4040 Ἐκκλησίαν,
724 3975 815 4025 καὶ
847 3975 987 4043 ὑμᾶς
1018 3979 1150 4045 πρὸς
1194 3979 1431 4047 μέμψεις
1463 3982 1728 4049 τηλικαὺ-

173 4075 260 4119 τας
287 4061 619 4116 ὲλασάντων.

1824 3244 1883 3313 ut
1915 3272 2014 3312 vos
2046 3257 2125 3311 sic
2169 3252 2437 3315 sentiatis,
2477 3247 2804 3319 optandum,
2857 3260 2963 3315 quo
3010 3242 3211 3299 certius
3256 3256 3389 3294 eon-

1824 3361 1931 3407 stat
1956 3360 2123 3405 totam
2159 3349 2299 3401 hanc
2333 3360 2444 3399 rem
2481 3359 2510 3397 a
2546 3340 2735 3395 fraude
2766 3351 2819 3393 et
2849 3333 3232 3391 malevolentia
3276 3331 3387 3384 ori-

1825 3444 2004 3512 ginem
2066 3439 2329 3499 duxisse,
2392 3431 2828 3503 quandoquidem
2883 3429 2957 3482 illi
3010 3427 3209 3495 quibus
3263 3424 3380 3476 hsrc

1832 3532 1983 3585 cordi
2019 3529 2195 3592 fuere,
2223 3541 2318 3579 vos
2348 3524 2551 3578 inscios
2580 3522 2645 3575 ad
2675 3520 2826 3573 nefas
2863 3522 3257 3586 pertraxerunt.
3282 3511 3391 3565 Nec

1825 3621 2048 3682 mirum,
2087 3617 2231 3686 quod
2262 3645 2329 3655 —
2359 3629 2464 3681 qua
2501 3610 2749 3666 homines
2776 3608 2907 3663 estis
2936 3636 3002 3647 —
3027 3621 3120 3674 per
3142 3602 3387 3657 fallacias

1826 3714 1878 3767 in
1904 3727 2141 3768 errorem
2177 3707 2491 3769 cecidistis;
2541 3703 2709 3771 magis
2758 3710 2938 3754 autem
2995 3699 3190 3750 mirum
3225 3695 3386 3751 foret.

1828 3804 1896 3868 si,
1928 3804 2055 3857 dum
2100 3801 2234 3854 alios
2268 3801 2320 3853 in
2360 3805 2556 3851 rectam
2590 3794 2732 3847 viam
2764 3792 3000 3855 dirigere
3053 3786 3386 3857 promittitis,

1827 3908 1953 3961 erga
1986 3907 2082 3946 vos
2115 3893 2264 3960 ipsos
2293 3890 2393 3943 hoc
2446 3886 2678 3941 officium
2726 3880 3090 3953 negligentis.
3130 3876 3235 3931 Sed
3275 3890 3390 3927 om-

1827 3986 1956 4037 nino
1985 3980 2278 4049 fungemini
2320 3982 2421 4033 hoc
2467 3976 2664 4036 oflicio.
2714 3976 2759 4029 si
2803 3989 2865 4027 ea
2907 3986 3028 4040 quae
3067 3968 3385 4023 acciderunt

1825 4086 1877 4127 et
1924 4072 2233 4143 linjusmodi
2298 4070 2537 4125 scandali
2588 4082 2806 4121 causam
2851 4066 2903 4142 in
2955 4062 3251 4115 Ecelesiam
3292 4058 3385 4117 llei

173 4150 467 4217 iniecerunt
501 4172 704 4224 vosque
755 4158 827 4211 ad
867 4158 993 4211 talia
1034 4160 1169 4213 facta
1245 4163 1592 4231 vituperanda
1670 4166 2061 4236 perduxerunt,
2118 4173 2371 4232 tauquam
2453 4160 2603 4214 irrita
2655 4154 2999 4212 aboleveritis
3042 4163 3097 4207 et
3168 4152 3388 4204 anathe-

174 4251 299 4295 mate
327 4245 727 4313 percusseritis.

231 4335 396 4390 Τοῦτο
421 4335 478 4389 δέ
508 4354 688 4405 φαμεν
718 4338 776 4390 οὑ
812 4339 941 4407 περὶ
984 4340 1076 4391 τοῦ
1104 4342 1268 4393 κα).οὗ
1316 4343 1602 4413 βασιλέως,
1644 4346 1718 4415 μὴ
1758 4353 1798 4404 1)

173 4426 399 4491 γένοιτοι
430 4426 547 4478 οὑδὲ
576 4429 705 4495 περὶ
735 4429 824 4479 τοῦ
866 4428 1132 4498 ὑμετέρου
1161 4432 1427 4501 προέδρου
1470 4435 1718 4503 Σεργίου,

174 4515 269 4566 οὐδ’
294 4516 381 4568 ἵνα
411 4518 612 4567 ἐκεῖνοι
656 4517 733 4585 τῷ
767 4518 1068 4585 ἀναοὲματι
1104 4523 1592 4591 παραπέμποιντοο
1625 4525 1723 4595 ῆδη

176 4606 269 4673 γάρ
288 4609 450 4674 χεῖρα
481 4605 840 4674 ὲπορέξαντος
864 4608 996 4659 Θεοῦ
1022 4609 1098 4677 τῷ
1131 4610 1278 4679 καλῴ
1307 4612 1534 4679 βασιλεῖ,
1563 4614 1725 4677 αὑτὸς

183 4696 301 4763 πρὸς
340 4696 398 4746 τὸ
427 4697 575 4757 τέὶος
611 4697 708 4763 τῆς
744 4696 887 4765 ζωῆς
917 4698 1176 4763 γεγονὼς,
1221 4702 1312 4752 καὶ
1342 4701 1433 4753 τοῦ
1463 4703 1724 4770 κατακρί-

171 4799 332 4873 ⁸ματος
387 4787 480 4838 καὶ
532 4785 625 4837 τοῦ
670 4786 1029 4855 άναθέματος,
1070 4791 1405 4859 πεποίθαμεν
1452 4796 1516 4862 τῇ
1565 4794 1719 4864 θεῖκῇ

176 4876 435 4953 εὐμενείᾳ,
478 4879 576 4945 τὴν
624 4878 800 4947 φυγὴν
832 4880 1006 4949 ἐαυτῷ
1059 4883 1504 4951 περιπεποίηται,
1535 4886 1594 4935 τὸ
1625 4886 1722 4953 μὲν

179 4969 358 5021 οἰκεῖον
385 4970 690 5038 ἁμάρτημα
709 4971 983 5036 ἐπιγνοὺς,
1020 4972 1351 5042 συγγνώμην
1368 4974 1423 5024 δὲ
1454 4978 1547 5024 καὶ
1569 4975 1721 5027 λύσιν

176 5060 259 5122 τῆς
287 5060 580 5130 καταδίκης
616 5061 1059 5131 ἐξαιτητάμενος,
1168 5064 1296 5131 παρ’
1330 5064 1482 5131 ἡμῶν
1521 5066 1718 5117 ὑποδέ-

179 5147 345 5217 δὶητο,
366 5154 455 5203 καὶ
477 5152 706 5211 ἀποδοὺς
735 5155 828 5221 καί
842 5154 970 5219 ἡμῖν
985 5154 1044 5207 τὸ
1060 5155 1308 5223 ποίμνιον
1327 5154 1385 5217 ἐξ
1402 5148 1529 5207 οὗπε
1540 5173 1569 5223 ρ
1590 5156 1721 5222 ἠλά-

180 5235 353 5304 θημεν,
389 5241 480 5293 καὶ
529 5242 705 5294 πάντα
726 5243 994 5310 διοικῆσαι
1023 5244 1156 5311 ἡμῖν
1178 5244 1492 5311 ἐπιτρέψας,
1531 5244 1711 5305 καθὼς

183 5330 475 5398 συνορῶμεν
523 5334 615 5384 καὶ
646 5332 762 5400 Θεῷ
796 5334 1051 5401 ἀρέσκον.
1082 5336 1175 5385 καὶ
1209 5337 1315 5396 τοῖς
1339 5335 1499 5396 θείοις
1558 5336 1718 5403 ἱεροῖς

186 5422 378 5474 κανόσιν
413 5424 686 5493 ἁρμόδιον.
748 5425 856 5477 Καὶ
904 5424 997 5476 τοῦ
1042 5426 1309 5495 ὑμετέρου
1344 5427 1399 5478 δὲ
1453 5427 1715 5495 προέδρου

192 5505 259 5559 έδν
288 5509 393 5577 βίον
442 5513 707 5574 λιπόντος,
753 5516 845 5565 καὶ
895 5513 971 5583 τῷ
1015 5516 1215 5585 πρώτῳ
1251 5516 1345 5567 καὶ
1377 5517 1597 5583 μεγάλῳ
1627 5516 1717 5566 τον

189 5593 322 5661 λόγον
371 5601 467 5669 τῆς
522 5602 687 5654 αὑτοῦ
735 5605 1050 5672 οἰκονομίας
1105 5604 1396 5672 ὑπέχοντος
1447 5606 1712 5674 ἀρχιερεῖ,

196 5684 384 5763 ἀπόχρη
416 5699 584 5763 τούτῳ
612 5695 699 5746 καὶ
734 5694 898 5764 χωρὶς
924 5694 1017 5764 τῆς
1057 5694 1285 5747 ἐνταῦθα
1324 5696 1411 5747 καὶ
1440 5696 1709 5766 ἀνθρωπί-

1898 4342 2013 4397 Hoc
2042 4352 2219 4397 autem
2259 4356 2363 4393 non
2396 4338 2626 4391 dicimus
2663 4336 2729 4389 de
2775 4334 2943 4403 probo
2974 4333 3297 4400 imperatore
3321 4358 3391 4369 --

1829 4433 1971 4500 quod
1994 4432 2133 4485 Deus
2149 4438 2357 4483 avertat
2377 4429 2391 4481 l
2416 4442 2672 4493 ——neque
2704 4428 2768 4477 de
2790 4435 2967 4477 vestro
2993 4425 3389 4490 pranlecessore

1832 4522 2062 4589 Sergio,
2112 4529 2171 4573 ut
2222 4520 2564 4572 anathemate
2610 4516 2893 4569 feriantur.
2944 4512 3096 4576 Quod
3144 4512 3287 4563 enim
3326 4511 3389 4563 ad

1830 4613 2030 4667 bonum
2079 4612 2460 4677 imperatorem
2498 4609 2706 4668 attinet,
2754 4606 2865 4672 jam
2907 4604 3106 4656 divinis
3138 4603 3279 4655 ulnis
3308 4617 3392 4653 re-

1824 4713 2011 4770 ceptus
2037 4702 2102 4754 ad
2133 4703 2291 4753 linem
2327 4698 2449 4751 vitae
2481 4696 2743 4763 pervenit,
2770 4705 2820 4747 et
2853 4692 3309 4747 condemnatione
3338 4700 3389 4742 ct

1825 4794 2168 4847 anathemate
2202 4789 2499 4844 secundum
2553 4787 2641 4840 Dei
2693 4784 3105 4854 benignitatem,
3157 4781 3229 4832 nti
3270 4794 3390 4832 cre-

1822 4886 1949 4937 dere
1996 4882 2077 4936 fas
2128 4894 2230 4946 est,
2266 4864 2547 4933 absolutus
2607 4876 2809 4945 peccati
2850 4873 2931 4928 sui
2990 4870 3088 4924 sihi
3129 4869 3387 4922 conscius

1823 4974 1995 5028 faetus
2020 4982 2103 5027 est
2128 4981 2286 5041 atque
2315 4970 2525 5030 veniam
2556 4966 2992 5030 solutionemque
3022 4958 3386 5013 damnationis

1822 5072 1907 5123 cui
1939 5085 2063 5122 eum
2115 5068 2542 5135 subjeceramus.
2580 5061 2832 5130 precibus
2858 5058 2973 5111 suis
3000 5055 3252 5109 obtinuit.
3292 5052 3383 5101 Et-

1819 5158 1963 5211 enim
1987 5164 2040 5210 et
2068 5165 2264 5209 cretum
2291 5168 2318 5206 a
2351 5167 2457 5220 quo
2473 5151 2675 5213 depulsi
2698 5162 2937 5208 eramus,
2961 5144 3115 5197 nobis
3134 5140 3383 5198 reddidit,

1819 5255 1872 5298 et
1896 5245 2077 5297 omnia
2121 5244 2197 5295 uti
2233 5256 2329 5296 nos
2375 5240 2482 5294 Deo
2532 5240 2743 5309 placere
2775 5245 2829 5290 et
2875 5233 3043 5289 sacris
3076 5231 3379 5285 canonibus

1818 5334 2104 5387 convenire
2132 5332 2585 5392 existimaremus,
2619 5329 2906 5382 instituere
2947 5333 3111 5393 atque
3145 5321 3383 5376 admini-

1821 5436 1993 5478 strare
2024 5424 2290 5493 permisit.
2316 5421 2505 5475 Vester
2524 5430 2704 5474 autem
2738 5420 3099 5488 praedecessor
3126 5430 3247 5469 cum
3266 5414 3375 5480 jam

1819 5528 1882 5564 ex
1917 5514 2014 5567 hac
2052 5514 2157 5564 vita
2190 5510 2517 5575 discesserit,
2550 5509 2809 5578 primario
2843 5524 2906 5560 ac
2943 5521 3161 5561 summo
3192 5502 3340 5572 ponti

1823 5601 1903 5653 fici
1962 5601 2453 5655 administrationis
2521 5615 2629 5653 sua:
2680 5598 2946 5652 rationem
3015 5596 3325 5651 redditurus
3360 5634 3373 5655 ,

1822 5692 2133 5762 neutiquam
2173 5708 2308 5762 opus
2355 5702 2437 5748 cst
2478 5699 2531 5745 ut
2582 5690 2696 5745 lucc
2741 5690 3177 5758 tttultaltuntana
3210 5684 3256 5738 ci
3288 5684 3373 5735 itt-
