4074 6450
147 297 224 360 29!
1540 298 1948 360 EPISTOLE.

3241 302 3345 363 222

155 411 445 480 Ἐκκλησιῶν
479 411 567 462 τοῦ
595 409 752 475 Θεοῦ,
781 407 958 463 ταῦτα
1005 411 1098 463 καὶ
1126 412 1294 480 χωρὶς
1328 413 1427 479 τῆς
1459 411 1666 479 ἡμετέ-

1779 411 1898 473 Dei,
1957 412 2165 480 hocque
2193 412 2354 464 etiam
2388 410 2595 480 absque
2642 418 2830 464 nostra
2864 410 3266 472 exhortatione,
3294 422 3347 462 et

142 523 221 574 ρας
262 503 645 572 παραινέσεως,
700 503 794 554 καὶ¹
843 501 1026 572 διανοῇ
1085 505 1178 554 καὶ
1209 503 1486 572 πράττεις.
1527 499 1670 567 Πλὴν

138 597 230 648 ἀλλ’
285 595 400 646 ἐπεὶ
445 596 478 662 ἡ
528 594 623 663 ὅλη
665 595 903 663 μέριμνα
937 595 1028 645 καὶ
1072 595 1354 664 ἠφροντὶς
1384 595 1517 661 ἡμῖν
1552 592 1670 644 ἐπί-

139 705 285 740 κειται
319 686 422 736 τῶν
464 685 819 754 Ἐκκλησιῶν,
852 686 1138 756 γράφομέν
1183 703 1264 737 σοι
1298 686 1390 737 καὶ
1422 687 1600 753 ἡμεῖς,
1635 684 1669 738 ἃ

137 778 208 828 καὶ
230 775 306 826 σοὶ
339 774 523 842 μισθδν
555 776 804 843 οὐράνιον
853 777 1123 846 προξενεῖ,
1161 777 1258 828 καὶ
1283 778 1401 837 ταῖς
1435 774 1671 843 Ἐκκληη

138 869 252 926 sin;
274 867 350 926 εἰς
380 867 662 934 συμφέρον
711 867 886 917 ἐστίν·
931 867 1066 918 ἀλλὰ
1099 866 1235 926 τέως
1277 866 1373 933 μὲν
1410 868 1535 932 περὶ
1566 865 1670 916 τῶν

135 959 277 1010 ἄλλων
313 958 571 1026 σιγῶμεν.
606 957 761 1010 Ἐπεὶ
789 958 844 1009 δὲ
878 958 1125 1028 περὶτῆς
1152 957 1260 1008 τῶν
1289 956 1479 1024 Θηϐῶν
1510 957 1666 1021 ἁγίας

134 1048 449 1116 ά·.ιεμάθομεν
478 1047 822 1114 Ἐκκλησίας,
882 1049 954 1107 ὡς
984 1049 1030 1098 οἱ
1070 1047 1320 1114 κληρικοὶ
1355 1047 1474 1097 κατ’
1508 1047 1670 1115 ἀλλή-

133 1139 218 1193 λων
244 1139 646 1202 στασιάζοντες,
673 1140 792 1191 ἀντὶ
812 1138 904 1190 τοῦ
934 1138 1101 1198 τύπος
1124 1133 1262 1188 εἶναι
1290 1137 1670 1197 καταστάσεως

130 1231 218 1288 τοῖς
269 1230 580 1295 κοσμικαῖς,
617 1230 769 1282 αὐτοὶ
836 1227 1135 1296 ἀταραξίας
1191 1227 1286 1280 καὶ
1337 1227 1513 1296 μάχας
1552 1244 1671 1278 συν-

139 1322 323 1385 ιστῶσι,
355 1322 450 1374 καὶ
467 1322 532 1377 εδ
563 1321 932 1375 ὲλεεινότατον
961 1322 1053 1372 καὶ
1081 1319 1293 1387 πληγὰς
1323 1319 1671 1388 ἐπιφέρουσιν

131 1412 378 1478 ἀλλήλοις,
432 1411 688 1480 ὁρίζομεν
736 1413 819 1463 ἵνα
863 1409 1082 1470 τούτους
1113 1411 1194 1471 είς
1239 1409 1356 1478 ἓνὴ
1395 1410 1462 1476 σὴ
1500 1424 1668 1476 προσ-

129 1502 397 1568 καλέσηται
416 1501 653 1562 σύνεσις,
676 1501 770 1552 καὶ
795 1500 974 1566 λόγοις
998 1501 1091 1552 καὶ
1124 1499 1477 1569 παραινέσεσι
1512 1498 1671 1567 πείσῃ

125 1590 205 1657 τῆς
225 1593 477 1660 τοιαύτης
504 1591 730 1654 ἀταξίας
771 1591 1105 1658 ἀποσχέσθαι
1131 1607 1144 1621 ο
1199 1590 1291 1640 καὶ
1329 1589 1670 1660 παραγγείλῃ

126 1682 230 1737 τοὺς
281 1679 418 1746 μετὰ
465 1677 558 1729 τοῦ
608 1678 1038 1745 ἀρχιεπισκόπου
1091 1675 1668 1744 συλλειτουργοῦντας,

125 1769 340 1830 ἐκείνους
384 1769 486 1836 τὴν
533 1769 827 1835 καθολικὴν
861 1767 1191 1839 Ἐκκλησίαν
1251 1767 1522 1835 κατέχειν,
1573 1765 1666 1818 καὶ

125 1863 204 1927 τὴν
260 1862 316 1911 ὲν
369 1861 508 1929 αὐτῇ
542 1859 853 1925 δοξοὶογίαν
901 1860 995 1911 τοῦ
1041 1858 1176 1910 Θεοῦ
1208 1858 1511 1910 ἐπιτελεῖνο
1539 1859 1665 1917 τοὺς

124 1952 167 2004 ὃς
192 1949 403 2014 ἄλλους,
451 1951 502 2006 οἳ
531 1950 669 2010 τέως
706 1950 781 2019 τῷ
813 1951 1233 2020 ἀρχιεπισκόπῳ
1266 1950 1391 2003 οὔτε
1423 1951 1662 2002 συνελει-

123 2044 430 2110 τούργησαν,
473 2040 596 2094 οὔτε
653 2042 1037 2110 ἐκοινώνησαν,
1076 2045 1131 2095 ἐν
1170 2046 1290 2108 ταῖς
1318 2043 1529 2105 λοιπαῖς
1568 2045 1661 2095 ὲκ·

125 2133 352 2198 κλησίαις
383 2131 715 2200 συνάγεσθαι
740 2134 1122 2199 καθ’ἑαυτοὺς,
1162 2135 1246 2188 ἵνα
1276 2135 1448 2196 οὕτως
1496 2137 1664 2202 ἀσύγ-

123 2242 259 2291 Iuro;
285 2227 316 2292 ἡ
361 2224 601 2293 ἱερατεία
634 2224 910 2297 διαμείνῃ,
971 2225 1160 2298 μέχρις
1213 2226 1279 2278 ἂν
1302 2228 1328 2277 ὀ
1353 2225 1506 2293 ἅγιος
1537 2228 1668 2290 Θεὸς

123 2313 365 2384 εὐδοκήτῃ
397 2331 449 2365 τι
479 2313 895 2382 οἰκοδομηθῆναι
941 2315 1017 2376 εἰς
1047 2318 1113 2366 τὰ
1162 2318 1500 2384 κατασχόντα
1529 2318 1666 2384 πράο

122 2423 282 2474 γματα
338 2407 430 2460 διὰ
487 2407 583 2467 τὰς
619 2406 894 2476 ἁμαρτίας
952 2407 1106 2475 ἡμῶν
1154 2408 1254 2475 τὴν
1304 2408 1466 2474 ἁγίαν
1502 2407 1666 2459 αὑτοῦ

132 2500 460 2569 Ἐκκλησίαν.
525 2500 752 2555 Teuma.
796 2502 902 2570 γὰρ
940 2504 1228 2570 γενομένου
1270 2504 1360 2554 καὶ
1410 2504 1458 2554 οἱ
1519 2503 1667 2568 παρὰ

122 2594 194 2642 τοῦ
224 2592 356 2643 Θεοῦ
407 2592 841 2662 διατηρηθέντες
874 2594 1156 2663 ἄμεμπτοι
1203 2598 1258 2646 ὲν
1285 2597 1352 2664 τῇ
1389 2595 1668 2664 ἱερουργίᾳ

123 2682 297 2745 αὐτῶν,
337 2684 400 2734 οὐ
450 2684 527 2752 μὴ
575 2685 989 2752 προσκόψωσιν·
1030 2687 1125 2740 καὶ
1165 2687 1212 2738 οἱ
1255 2686 1592 2754 ἀνθρώπινόν
1615 2704 1666 2738 τι

123 2775 361 2838 παθόντες
394 2777 488 2826 καὶ
524 2776 835 2842 σφαλέντες,
901 2777 1036 2845 μετὰ
1080 2778 1178 2844 τῆς
1222 2777 1430 2845 ἀγαθῆς
1459 2778 1668 2840 ἐλπίδος

123 2869 311 2921 ἔσονται
375 2869 737 2937 ἀναμένοντες
763 2869 859 2937 τὴν
905 2870 1031 2936 περὶ
1067 2869 1260 2929 αὐτοὺς
1300 2868 1668 2936 γενησομένην

123 2960 433 3028 οἰκονομίαν,
477 2961 605 3014 ὅταν
638 2961 665 3011 ὁ
703 2961 874 3029 μέγας
905 2959 1060 3028 ἡμῶν
1099 2959 1387 3028 ἀρχιερεὺς
1423 2959 1668 3021 καὶΘεδς

122 3049 253 3100 τ’,ῦτο
287 3052 564 3122 εὑδοκήσῃ
602 3051 1036 3118 ἐπιτελεσθῆναι.
1077 3051 1420 3119 Ἐρῤωμένον
1454 3067 1509 3100 σε
1548 3050 1665 3102 δια-

123 3140 329 3205 φυλάξαι
381 3142 409 3192 ό
449 3138 685 3207 Κύριος,
731 3140 918 3190 τέκνον
951 3138 1102 3206 ἡμῶν
1142 3137 1410 3199 ποθεινὸν,
1452 3139 1508 3189 ὲν
1536 3139 1668 3192 πᾶσι

123 3233 280 3293 καλοῖς
341 3231 726 3300 προκόπτοντα
781 3231 873 3284 καὶ
925 3229 1336 3298 εὐδοκιμοῦντα,
1392 3231 1487 3282 καὶ
1541 3229 1669 3283 ὄντα

124 3323 355 3385 παντοίας
389 3320 652 3390 ὶπηρείας
677 3319 844 3375 ἁνώτε
855 3338 964 3390 ρον.

446 3458 569 3510 AE’.
613 3455 926 3526 Στρατηγῷ
969 3431 1332 3570 Στίζυμόνος.

180 3593 318 3655 Θῖδα,
346 3595 539 3649 τέκνον
561 3595 719 3666 ἡμῶν
748 3597 1120 3664 ἠγαπημένον,
1144 3598 1224 3651 ὅτι
1278 3598 1372 3652 καὶ
1407 3600 1668 3669 φρονήσει

125 3688 198 3739 καὶ
224 3689 443 3740 συνέσει
496 3688 886 3755 κοσμούμενος,
936 3689 1119 3741 ἐκεῖνα
1164 3691 1380 3757 φρονεῖς
1409 3690 1538 3759 περὶ
1568 3691 1669 3757 τῆς

123 3782 194 3832 τοῦ
235 3783 370 3834 Θεοῦ
420 3781 750 3849 Ἐκκλησίας
815 3783 914 3834 ὅσα
948 3781 1154 3854 πρέπον
1195 3783 1340 3834 ἐστὶν
1386 3782 1667 3850 ἄνθρωπον

125 3871 324 3942 θεοφιλῆ
349 3875 448 3927 καὶ
484 3875 631 3943 παρὰ
675 3873 806 3925 Θεοῦ
840 3874 933 3928 καὶ
973 3873 1067 3925 νῦν
1098 3874 1398 3942 τιμηθέντα
1457 3875 1553 3927 καὶ
1580 3876 1668 3927 δο-

127 3963 403 4028 ξασθέντα,
444 3965 540 4017 καὶ
593 3965 672 4026 εἰς
694 3967 786 4016 τὸν
828 3965 1084 4031 μέλλοντα
1137 3964 1311 4021 αἰῶνα
1367 3966 1532 4030 δόξαν
1575 3965 1669 4018 καὶ

126 4058 266 4126 τιμὴν
301 4057 493 4109 λαϐεῖν
525 4058 655 4122 παρ’
721 4055 884 4107 αὑτοῦ
933 4055 1250 4118 ἐλπίζονταο
1291 4057 1384 4112 καὶ
1411 4056 1539 4117 ἴσως
1571 4075 1668 4109 πε·

129 4148 284 4210 ρισσόν
308 4165 363 4199 τι
403 4144 666 4212 ποιοῦμεν
698 4144 794 4212 τὴν
844 4146 941 4213 σὴν
973 4144 1345 4211 διανοηθέντες
1380 4148 1666 4214 παραινεῖν

125 4237 321 4306 θεοφιλῆ
352 4235 530 4304 ψυχὴν
563 4235 691 4302 περὶ
726 4234 815 4286 τοῦ
862 4235 1222 4303 προΐστασθαι
1257 4235 1365 4291 τῶν
1403 4236 1668 4306 πραγμά-

124 4344 206 4378 των
245 4331 347 4396 τῆς
406 4325 647 4395 μεγάλης
706 4325 797 4376 τοῦ
838 4325 970 4378 Θεοῦ
1021 4325 1371 4395 Ἐκκλησίας,
1422 4327 1479 4377 ὲν
1575 4327 1667 4378 καὶ

1776 507 1980 577 cogites
2011 517 2066 561 et
2102 521 2252 575 agas.
2303 507 2552 560 Attamen
2620 520 2744 559 cum
2799 503 2864 557 ad
2905 517 3002 558 nos
3078 506 3342 573 pertineat

1773 591 1952 652 omnis
1973 613 2103 652 cura
2133 606 2186 651 et
2220 596 2530 652 sollicitudo
2589 597 2986 658 Ecclesiarum,
3049 596 3343 649 scribimus

1776 689 1866 742 tibi
1895 697 1948 742 et
1979 703 2095 751 nos,
2133 702 2251 756 qua:
2276 696 2328 740 et
2371 685 2466 740 tibi
2516 688 2812 741 mercedem
2848 687 3123 742 caelestem
3165 686 3346 738 conci-

1773 781 2000 844 liabunt,
2053 790 2104 833 et
2143 779 2406 833 Ecclesiis
2466 779 2617 831 utilia
2667 780 2809 843 sint;
2851 780 2942 834 sed
2998 778 3065 831 ad
3109 791 3344 846 praesens

1775 871 1990 940 quidem
2011 871 2077 924 de
2117 871 2330 924 caeteris
2355 879 2656 923 taceamus.
2689 869 2950 933 Quoniam
2981 884 3110 923 vero
3143 876 3345 922 sancta:

1774 965 2084 1019 Thebarum
2141 964 2399 1018 Ecclesiae
2454 964 2769 1017 audivimus
2811 963 3039 1017 clericos
3086 964 3230 1016 inter
3285 976 3344 1015 se

1773 1058 2185 1120 dissentientes,
2224 1059 2421 1110 nedum
2443 1058 2550 1110 sint
2579 1056 2664 1108 his
2696 1055 2785 1124 qui
2827 1055 2894 1109 de
2953 1056 3152 1108 mundo
3194 1064 3342 1117 sunt,

1772 1150 2031 1203 xit-tutum
2064 1149 2364 1217 exemplar,
2412 1149 2682 1201 tumultus
2711 1157 2762 1201 et
2807 1163 3015 1218 pugnas
3071 1150 3343 1201 concitare

1773 1242 2024 1308 quodque
2085 1240 2456 1292 miserrimum
2509 1249 2613 1301 est,
2645 1241 2829 1306 plagas
2860 1240 2964 1293 sibi
2993 1239 3222 1292 invicem
3256 1240 3341 1292 in-

1775 1330 1940 1392 ferre,
1967 1331 2015 1383 id
2037 1331 2330 1396 statuimus
2362 1340 2419 1382 ut
2440 1344 2532 1385 eos
2559 1339 2648 1383 tua
2676 1330 2959 1398 prudentia
2981 1331 3047 1383 ad
3081 1331 3339 1383 unitatem

1775 1435 2014 1482 revoces,
2047 1419 2234 1488 eisque
2263 1428 2316 1473 ct
2362 1419 2544 1473 verbis
2602 1429 2656 1472 et
2697 1419 3167 1473 exhortationibus
3219 1434 3343 1488 per-

1775 1509 2005 1563 suadeas
2089 1517 2148 1560 ut
2218 1508 2524 1570 isdusmodi
2598 1507 2919 1564 tumultibus
2996 1510 3340 1567 abstineant;

1775 1613 1828 1656 ct
1861 1602 1946 1655 his
1973 1601 2065 1670 qui
2098 1600 2513 1668 archiepiscopo
2569 1601 3011 1656 comministrant
3055 1600 3344 1653 denunties

1777 1700 1832 1744 ut
1866 1691 1967 1760 ipsi
1991 1689 2313 1742 catholicam
2344 1689 2640 1744 Ecclesiam
2699 1697 3000 1759 protegant,
3036 1700 3115 1753 ct,
3143 1704 3264 1758 qua:
3289 1689 3343 1750 in

1776 1798 1837 1835 ea
1869 1791 1970 1846 est,
2009 1781 2102 1834 Dei
2138 1780 2366 1848 gloriam
2420 1781 2748 1850 perﬁciant;
2786 1780 2997 1834 caeteris
3025 1790 3206 1834 autem
3249 1779 3340 1848 qui

1775 1875 2040 1928 hactenus
2065 1873 2480 1942 archiepiscopo
2512 1887 2690 1942 neque
2746 1871 3341 1933 comministraveruut,

1776 1983 1947 2037 neque
1973 1966 2538 2030 communicaverunt,
2572 1974 2631 2018 ut
2659 1965 2711 2018 in
2742 1964 2964 2033 reliquis
3003 1963 3259 2018 Ecclesiis
3288 1962 3342 2015 in

1776 2074 1942 2112 unum
1976 2066 2187 2119 coeant,
2226 2068 2283 2110 ut
2313 2057 2385 2109 ita
2420 2055 2783 2111 sacerdotium
2815 2055 3157 2109 inconfusum
3223 2069 3340 2108 ma-

1775 2158 1919 2215 neat,
1952 2148 2303 2218 quoadusque
2334 2146 2441 2200 Deo
2466 2155 2653 2201 sancto
2679 2148 2853 2200 visunt
2907 2146 3070 2200 fuerit
3104 2159 3340 2214 quonam

1777 2246 1937 2298 modo
1976 2243 2275 2296 aediﬁcetur
2305 2250 2496 2294 sancta
2552 2254 2647 2293 sua
2684 2237 2932 2294 Ecclesia
2983 2240 3036 2291 in
3070 2237 3175 2299 his,
3221 2253 3343 2304 qua:

1774 2347 1994 2407 propter
2046 2343 2264 2403 peccata
2300 2344 2484 2386 nostra
2516 2332 2886 2391 obtinuerunt,
2917 2328 3337 2383 calamitatibus.

1775 2431 1886 2487 Hoc
1917 2432 2058 2484 enim
2097 2429 2259 2488 facto,
2296 2427 2438 2488 ethi,
2475 2425 2566 2494 qui
2600 2442 2628 2477 a
2663 2423 2770 2478 Deo
2836 2421 3342 2491 irreprehensibiles

1776 2523 1976 2578 servati
2017 2530 2143 2573 sunt
2178 2519 2229 2570 in
2257 2534 2358 2570 suo
2380 2516 2709 2582 ministerio,
2737 2531 2842 2568 non
2873 2513 3163 2578 oﬂ‘eudent,
3200 2519 3251 2566 et
3289 2511 3340 2564 hi

1776 2614 1864 2682 qui
1903 2610 2123 2664 humani
2156 2608 2360 2676 aliquid
2393 2608 2542 2677 passi
2581 2615 2731 2672 sunt,
2761 2616 2810 2660 et
2841 2614 3177 2666 erraverunt,
3215 2620 3338 2657 cum

1775 2705 1912 2756 bona
1977 2716 2072 2770 spe
2152 2700 2548 2767 exspectabunt
2587 2698 2984 2751 ordinationem
3030 2697 3095 2750 de
3147 2694 3341 2761 seipsis

1775 2795 2033 2856 futuram,
2069 2792 2286 2861 quando
2337 2791 2468 2844 illud
2515 2804 2729 2844 summo
2778 2797 2967 2844 nostro
2998 2786 3341 2843 saeerdotiet

1777 2884 1884 2937 Deo
1920 2884 2175 2953 perﬁcere
2223 2883 2398 2935 visum
2433 2881 2614 2935 fuerit.
2668 2865 2998 2934 Incolumem
3035 2888 3088 2933 te
3153 2885 3338 2930 servet

1780 2977 2062 3038 Dominus,
2128 2973 2586 3028 desideratissime
2621 2982 2804 3026 noster
2856 2970 2950 3035 illi,
2984 2971 3035 3024 in
3085 2968 3339 3024 omnibus

1777 3068 1931 3122 bonis
1954 3066 2324 3135 proﬁcientem
2381 3075 2434 3116 et
2464 3063 2600 3118 bene
2654 3063 2957 3117 audientem
2994 3067 3045 3116 et
3071 3058 3218 3115 omni
3256 3058 3338 3110 in-

1772 3155 1915 3226 juria
1968 3152 2358 3223 superiorem.)

2189 3471 2277 3524 ΧΧ
2291 3471 2401 3525 XV.
2440 3471 2571 3525 Dttci
2601 3470 2898 3541 Strymonis
2911 3511 2922 3523 .

1838 3605 2003 3672 Novi,
2027 3605 2218 3660 dilecto
2275 3605 2432 3659 nobis
2460 3605 2556 3669 ﬁli,
2587 3614 2636 3658 te
2666 3613 2720 3659 et
2763 3603 3046 3673 prudentia
3091 3613 3148 3658 et
3182 3604 3339 3657 intel-

1771 3695 1912 3749 lectu
1955 3704 2206 3749 ornatum
2249 3695 2352 3750 hoc
2411 3695 2614 3750 sentire
2641 3695 2707 3748 de
2761 3693 2854 3748 Dei
2912 3693 3151 3749 Ecclesia
3194 3694 3336 3763 quod

1771 3788 1926 3840 decet
1956 3786 2231 3838 hominem
2271 3784 2369 3839 Dei
2435 3793 2707 3839 amantem
2743 3795 2795 3838 et
2820 3800 2848 3837 a
2878 3784 2988 3838 Deo
3021 3784 3130 3852 jam
3169 3788 3337 3838 hone-

1770 3885 1969 3948 statum
1997 3882 2050 3928 et
2071 3874 2456 3947 gloriﬁcatum,
2490 3881 2544 3928 et
2593 3867 2997 3943 sperantem'se
3052 3874 3103 3926 in
3138 3873 3337 3927 saeculo

1771 3965 1957 4019 futuro
1989 3966 2157 4035 gloria
2182 3973 2236 4020 et
2290 3967 2495 4021 honore
2524 3965 2592 4020 ab
2618 3981 2685 4020 eo
2737 3966 3066 4020 donandum.
3103 3967 3168 4021 Et.
3200 3968 3338 4020 forte

1770 4062 2166 4125 supervacuum
2222 4057 2428 4126 aliquid
2472 4057 2729 4123 facimus,
2773 4059 3019 4114 arbitrati
3067 4069 3212 4113 tuam
3245 4059 3336 4114 Dei

1768 4158 2036 4202 amantem
2056 4151 2446 4203 exhortandam
2465 4167 2583 4206 esse
2609 4153 2866 4217 animam,
2891 4148 3124 4208 utrebus
3150 4155 3336 4223 praesis

1772 4256 1976 4310 magna:
2006 4239 2263 4295 Ecclesiae
2293 4241 2384 4296 Dei
2420 4244 2472 4296 in
2495 4258 2600 4312 qua
2622 4244 3025 4316 glorificatnses
3053 4262 3082 4300 a
3122 4244 3330 4316 Spiritu

1771 4341 1958 4382 sancto
1987 4346 2080 4401 per
2109 4332 2510 4400 impositionem
2551 4334 2838 4388 humilium
2882 4351 3141 4390 manuum
3184 4353 3334 4392 mea-

124 4418 390 4487 ὲόοξάσθης
416 4417 565 4486 παρὰ
604 4416 695 4467 τοῦ
728 4415 887 4483 ἁγίου
924 4415 1259 4485 Πνεύματος,
1293 4416 1381 4468 διὰ
1417 4418 1516 4484 τῆς
1549 4417 1666 4468 ὲπι-

1776 4438 1918 4484 rum,
1954 4421 2331 4476 benedictione
2393 4423 2446 4476 in
2503 4425 2794 4493 patriciatu
2850 4437 3094 4497 accepta,
3140 4430 3192 4482 in
3226 4446 3336 4498 qua

125 4511 299 4573 θέσεως·
331 4511 443 4562 τῶν
490 4507 764 4561 ταπεινῶν
789 4506 945 4575 ἡμῶν
980 4506 1174 4576 χειρῶν
1207 4506 1305 4574 τὴν
1338 4508 1428 4558 ἐπὶ
1460 4509 1525 4576 τῇ
1560 4524 1666 4558 πα·

123 4602 406 4669 τρικιότητι
464 4598 712 4666 εὐλογίαν
761 4598 1082 4666 δεξάμενος⁹
1132 4599 1188 4650 ἐν
1231 4591 1512 4669 ᾖπάντως
1574 4598 1668 4650 καὶ

121 4692 201 4752 τὰς
261 4690 484 4752 ἐλπίδας
536 4689 700 4760 ἔχεις,
740 4689 1015 4741 τουτέστιν
1057 4690 1134 4749 είς
1179 4689 1277 4756 τὴν
1314 4691 1370 4740 ἐν
1408 4689 1543 4755 αὐτῇ
1578 4689 1665 4740 διὰ

124 4783 299 4844 παντὸς
361 4780 722 4834 κατοικοῦσαν
755 4779 913 4847 χάριν
944 4777 1036 4830 τοῦ
1091 4777 1359 4843 παναγίου
1415 4776 1665 4844 ῐΙνεύμα-

123 4890 214 4934 τος.
269 4875 409 4927 Ἀλλ’
470 4875 621 4943 ὅμως,
660 4871 846 4940 ἐπειδὴ
903 4871 1133 4939 γράμμα
1177 4869 1482 4936 ἐδεξάμεθα
1515 4869 1664 4937 παρὰ

123 4966 197 5016 τοῦ
245 4968 352 5018 τῶν
400 4964 694 5034 κτημάτων
726 4964 893 5031 αὐτῆς
940 4962 1300 5032 προεστῶτος,
1342 4961 1570 5031 λέγομεν
1601 4960 1662 5027 δὴ

122 5057 197 5107 τοῦ
221 5056 718 5127 Στρογγυλίζοντος,
756 5053 1056 5122 ὑπόμνησιν
1086 5051 1384 5120 ποιούμεθα
1413 5051 1505 5103 τοῦ
1534 5052 1667 5119 γρά-

119 5146 198 5210 ψαι
225 5149 356 5217 πρὸς
386 5149 484 5218 τὴν
526 5146 678 5218 ὑμῶν
722 5146 1219 5216 μεγαλοπρέπειαν,
1263 5144 1402 5196 ὥστε
1442 5145 1536 5213 τῆς
1567 5147 1664 5213 σῆς

121 5237 489 5308 ἁντιληπτικῆς
535 5237 714 5308 χειρὸς
760 5240 815 5290 ἐν
869 5237 1164 5293 ἀπολαύσει
1217 5236 1379 5287 αὐτόν
1429 5255 1483 5289 τε
1536 5253 1665 5304 τυγ-

122 5329 320 5394 χάνειν,
383 5329 634 5392 καὶτοὺς
694 5328 1304 5394 καταπεπιστευμένους
1362 5327 1510 5395 αύτῷ
1562 5328 1662 5396 τῆς

133 5417 432 5490 Ἐκκλησίας
453 5422 673 5485 τόπους,
719 5413 780 5473 οὗ
806 5422 868 5470 ἂν
889 5421 920 5488 ἡ
944 5419 1104 5489 χρεία
1133 5418 1296 5488 καλῇ,
1328 5419 1423 5488 τὴν
1451 5419 1659 5471 ἐκείνου

128 5508 432 5577 πληροῦντες
460 5498 790 5583 ὑπόμνησιν,
825 5511 1000 5564 ταῦτά
1031 5528 1111 5563 σοι
1140 5511 1207 5562 τὰ
1229 5511 1529 5581 γράμματα
1550 5513 1660 5564 δια-

127 5602 412 5674 πέμπομεν,
434 5607 526 5662 καὶ
552 5604 741 5676 ὥσπερ
781 5605 1046 5675 παρόντες
1089 5604 1154 5656 δι’
1182 5604 1362 5658 αὐτῶν
1391 5623 1656 5674 προσομι-

128 5687 321 5761 λοῦμεν,
361 5696 450 5748 καὶ.
484 5693 852 5767 παραινοῦμεν
884 5690 976 5745 τοῦ
1008 5692 1081 5763 μὴ
1105 5695 1362 5766 περιορᾷν
1396 5695 1517 5757 τοὺς
1537 5695 1655 5764 βον-

1772 4513 1995 4567 omnino
2035 4521 2088 4567 et
2119 4530 2215 4583 spe
2251 4514 2472 4580 frueris,
2527 4518 2711 4584 gratiae
2758 4517 2962 4571 scilicet
2994 4520 3335 4574 sanctissimi

1773 4604 2010 4672 Spiritus
2043 4607 2234 4672 qureiu
2262 4621 2324 4660 ea
2355 4606 2726 4662 indeﬁcieuter
2758 4610 3045 4665 inhabitat.
3083 4612 3333 4668 Altamen

1767 4697 2023 4765 quoniam
2073 4698 2282 4753 litteras
2333 4701 2640 4769 accepimus
2676 4704 2824 4756 abeo
2857 4705 2949 4772 qui
3007 4704 3172 4758 rebus
3215 4705 3334 4772 ejus

1767 4795 1978 4855 prmest,
2011 4803 2038 4838 a
2074 4789 2328 4856 praelecto
2371 4790 2802 4862 Strongylizonte
2835 4809 2955 4864 quae
3015 4795 3330 4848 memoriam

1767 4880 1969 4932 faciunt
1993 4880 2268 4935 scribundi
2297 4883 2363 4937 ad
2395 4892 2539 4938 tuam
2577 4886 3004 4953 amplitudinem,
3041 4901 3106 4940 eo
3135 4887 3240 4940 line
3274 4897 3332 4941 ut

1767 4980 1856 5022 tua
1881 4980 2126 5039 prompta
2153 4987 2312 5024 manu
2335 4973 2567 5038 fruatur,
2584 4985 2695 5027 tum
2714 4976 2848 5043 ipse,
2869 4987 2979 5029 tum
3005 4977 3057 5031 hi
3077 4977 3332 5032 Ecclesia:

1766 5061 1871 5115 loci
1909 5061 2000 5130 qui
2034 5063 2084 5116 ei
2144 5065 2571 5131 committuntur,
2607 5067 2720 5120 ’ubi
2785 5084 2923 5138 opus
2974 5069 3158 5133 fuerit,
3194 5072 3330 5125 hanc

1767 5154 2120 5207 monitionem
2153 5157 2417 5221 exsecuti,
2445 5157 2541 5212 has
2573 5159 2667 5212 tibi
2700 5159 2907 5215 litteras
2959 5162 3245 5226 mittimus,
3279 5171 3332 5216 et

1765 5253 1859 5305 per
1889 5238 2032 5306 ipsas
2071 5249 2119 5292 te
2146 5244 2299 5330 quasi
2335 5253 2624 5309 praesentes
2664 5247 3014 5316 alloquimur,
3046 5258 3100 5303 et
3129 5252 3329 5304 exhor-

1768 5339 1943 5383 tamur
1999 5347 2066 5384 ne
2100 5332 2365 5402 despicias
2434 5351 2527 5392 eos
2553 5339 2646 5408 qui
2713 5340 3025 5395 inordinato
3073 5357 3236 5396 sensu
3275 5351 3326 5394 et

1777 5421 2270 5490 impetu,iuvadere
2331 5428 2553 5482 tendunt
2603 5430 2656 5484 in
2718 5431 2832 5485 loca
2887 5438 3061 5488 sancti
3139 5434 3322 5502 templi

1761 5515 1942 5582 magni
1975 5513 2064 5568 Dei
2098 5524 2150 5569 et
2179 5515 2478 5574 Salvator-is
2501 5521 2692 5584 nostri,
2718 5529 2771 5574 et
2805 5525 3074 5577 ntavellas
3102 5524 3318 5592 quidem
3374 5561 3377 5566 ν

1761 5619 1853 5659 eos
1877 5621 1940 5660 ex
1971 5607 2088 5676 ejus
2117 5607 2341 5676 ditione,
2373 5613 2428 5664 in
2477 5621 2625 5664 tuam
2685 5624 2864 5667 autem
2924 5620 3192 5683 propriam
3238 5617 3322 5668 di-

1762 5697 1959 5753 tionem
2003 5699 2228 5771 redigas.
2291 5698 2427 5757 Sunt
2467 5713 2670 5769 autem,
2727 5714 2784 5759 ut
2836 5706 3110 5772 audimus,
3147 5705 3308 5775 hujus
