4074 6448
625 297 728 359 ἤέλ

1748 270 2052 359 Νιαοιλὶ
2089 296 2199 355 ει).
2246 295 2756 356 PA‘l‘RIARCﬂ/E

3767 291 3875 352 294

625 414 784 458 secta:
809 404 1038 458 funesta
1063 419 1171 458 non
1227 403 1380 474 pauci
1413 405 1526 468 qui,
1549 413 1606 459 ιιι
1653 405 1860 468 dicunt,
1899 404 2192 473 cupiditate

2306 407 2555 474 ἰομένους
2585 403 2857 486 ὲπιπηδᾷν
2886 401 3106 470 ἀτάκτῳ
3139 402 3327 473 γνώμῃ
3362 400 3451 454 καὶ
3482 403 3626 471 ὁρμῇ
3670 402 3727 454 έν
3764 406 3877 465 τοῖς

625 504 834 549 tantum
882 495 1056 550 ducti.
1099 496 1266 549 divini
1323 497 1505 565 templi
1568 511 1696 565 opes
1729 497 1964 566 diripere
2007 508 2070 558 et
2095 499 2195 553 sibi

622 601 876 656 arrogare
910 601 1019 640 non
1047 587 1315 649 dubitant,
1346 603 1626 663 sacrorum
1692 590 1910 643 scilicet
1969 591 2194 644 violato-

623 689 732 738 res,
761 685 817 730 et
847 686 1070 748 propter
1093 677 1194 732 hoc
1230 680 1615 734 sacratissima:
1645 678 1899 736 Ecclesize
1950 691 2193 735 contem-

624 777 834 834 ptores.

2303 499 2488 560 τόποις
2518 497 2611 548 τοῦ
2645 497 2798 563 ἀγίου
2813 495 2942 547 ναοῦ
2964 495 3057 546 τοῦ
3082 495 3314 564 μεγάλου
3333 493 3469 546 Θεοῦ
3496 493 3590 546 καὶ
3624 494 3879 563 Σωτῆρος

2302 587 2480 658 ἡμῶν,
2515 587 2606 640 καὶ
2643 588 2942 656 παρασπᾷν
2968 587 3064 653 μὲν
3086 586 3280 647 αὐτοὺς
3312 585 3412 654 τῆς
3439 585 3653 637 ἐκείνου
3686 585 3882 637 δεσπο-

2300 681 2471 742 τείας,
2513 678 2616 731 ὑπὸ
2652 679 2707 730 δὲ
2753 678 2856 748 τὴν
2907 679 3043 731 ἰδίαν
3080 679 3400 731 δεσποτείαν
3439 679 3616 744 ἄγειν.
3659 677 3782 729 Εἰσί
3824 677 3873 729 δὲ

2297 770 2372 833 ὡς
2397 771 2738 839 μανθάνομεν
2766 770 3022 838 τοιαύτης
3050 769 3422 838 προαιρέσεως
3467 769 3746 839 μοχθηρᾶς
3776 768 3868 820 οὖα

623 858 794 928 ὀλίγοι
821 861 986 922 τινες.
1032 861 1108 925 οἶ,
1149 862 1224 925 ὥς
1259 881 1412 930 φασι,
1458 865 1597 937 μόνῃ
1658 863 1942 936 πλεονεξίᾳ
1965 863 2298 934 κινούμενοι,
2338 865 2398 918 οὐ
2427 864 2692 934 τρέμουσι
2738 862 2807 915 τὰ
2875 863 2971 915 τοῦ
3044 863 3190 915 θείου
3228 861 3358 915 ναοῦ
3427 863 3882 931 ἀποσπαρασσειν

626 954 718 1016 καὶ
773 954 950 1006 οίκεῖα
1007 943 1320 1009 ποιεῖσθαι·
1382 956 1650 1028 ἱερόσυλοι
1694 958 1844 1022 τινὶς
1919 957 2090 1022 ὄντες,
2132 958 2227 1010 καὶ
2263 957 2351 1010 διά
2413 955 2572 1009 τοῦτο
2634 955 2734 1025 τῆς
2801 955 3102 1025 ἱερωτάτης

625 1061 863 1105 ιουντες.

698 1136 761 1190 Et
792 1137 926 1192 tales
948 1137 1163 1205 quidem
1199 1149 1327 1192 sunt
1359 1139 1469 1194 isti.
1511 1141 1589 1194 Tu
1615 1151 1820 1205 autem.
1849 1142 1923 1198 illi
1966 1142 2062 1206 mi,
2094 1155 2193 1210 pro

3196 955 3522 1025 Ἐκκλησίας
3606 969 3786 1020 καταφ
3796 967 3884 1022 ρο-

2307 1113 2309 1115 ’
2383 1133 2522 1186 Ἀλλ’
2545 1133 2594 1186 oi
2630 1133 2728 1200 μὲν
2757 1131 3008 1186 τοιοῦτοι.
3041 1133 3110 1185 Σὺ
3141 1133 3218 1197 δὲ,
3250 1132 3441 1185 τέκνον
3473 1134 3625 1201 ἐμὸν,
3655 1135 3728 1199 ὡς
3747 1138 3892 1206 φρό-

626 1238 715 1282 tua
749 1228 1034 1296 prudentia
1069 1237 1328 1295 reputans
1359 1241 1622 1298 quantum
1650 1232 1951 1299 periculum
1999 1232 2070 1285 im
2086 1231 2194 1284 mi-

2306 1242 2460 1295 νιμος
2535 1226 2737 1279 ιννοῶν
2809 1225 2931 1289 δσος
2977 1228 3006 1278 ό
3044 1227 3309 1289 κίνδυνος,
3356 1227 3597 1288 καὶτοῖς
3637 1229 3884 1299 τολμῶσι

626 1329 750 1371 neat
776 1318 860 1370 his
884 1317 974 1383 qui
1007 1317 1136 1372 talia
1165 1319 1372 1374 audent
1396 1331 1452 1375 et
1479 1322 1566 1376 his
1595 1323 1688 1391 qui
1719 1323 1855 1376 tales
1889 1338 2059 1377 ausus
2083 1322 2200 1377 dis-

2306 1316 2495 1381 ταῦτα,
2557 1318 2790 1379 καὶτοῖς
2842 1317 3126 1388 παρορῶσι
3171 1320 3272 1386 τὴν
3316 1317 3525 1388 τόλμαν
3562 1320 3884 1389 δυναμένοις

624 1407 909 1474 simulant,
925 1416 976 1461 et
999 1409 1094 1478 qui
1117 1424 1242 1464 cum
1264 1412 1536 1467 vindicare
1555 1422 1795 1482 possent.
1810 1413 1861 1467 id
1877 1429 1984 1468 non
2008 1423 2196 1483 agunt.

2306 1406 2620 1471 διεκδικεῖν,
2682 1407 2982 1477 τοῦτο.μὴ
3049 1408 3392 1478 πράττουσι,
3454 1410 3591 1480 μήτε
3649 1412 3885 1474 ἐκείνοις

621 1513 799 1567 neque
849 1513 946 1553 eos
998 1500 1146 1556 sines
1200 1517 1297 1572 per
1353 1502 1455 1558 hoc
1488 1504 1743 1561 Ecclesia:
1802 1504 2063 1560 damnum
2094 1507 2198 1561 sibi

2311 1498 2731 1570 συγχωρεῖςδιά
2768 1499 2865 1568 τῆς
2892 1499 3146 1569 τοιαύτης
3177 1500 3379 1570 ζημίας
3413 1500 3510 1570 τῆς
3554 1502 3886 1571 Ἐκκλησίας

623 1587 872 1659 metipsis
910 1590 1101 1646 salutis
1138 1587 1334 1647 anima:
1356 1593 1625 1663 iacturam
1662 1612 1995 1665 comparare,
2030 1612 2204 1666 neque

2309 1591 2534 1652 ἑαυτοὺς
2571 1589 2803 1660 ζημιοῦν
2823 1590 3058 1660 ψυχικῆς
3087 1591 3380 1662 σωτηρίας,
3407 1593 3544 1662 μήτε
3574 1595 3637 1646 σὺ
3661 1593 3752 1646 διὰ
3784 1595 3882 1647 τοῦ

626 1697 678 1737 ιιι
713 1681 1044 1753 indulgendo
1065 1698 1257 1745 eorum
1290 1686 1591 1756 cupiditati,
1623 1690 1736 1744 imo
1768 1704 2053 1745 sacrorum
2085 1691 2203 1744 vio-

2310 1683 2555 1753 παρορᾷν
2578 1681 2676 1750 τὴν
2708 1681 3018 1746 πλεονεξίαν
3060 1682 3259 1745 αὐτῶν,
3295 1682 3493 1751 μᾶλλον
3524 1683 3582 1736 δὲ
3612 1683 3709 1755 τὴν
3743 1685 3886 1755 ίερορ

619 1771 810 1826 lationi
843 1773 1074 1848 teipsum
1095 1775 1252 1845 quasi
1282 1792 1434 1830 reum
1467 1779 1764 1834 constitues
1794 1779 1884 1834 Dei
1915 1781 2205 1838 sententia'.

2318 1773 2527 1838 συλίαν,
2571 1774 2759 1843 ὥσπερ
2834 1774 3101 1843 ὑπόδικον,
3135 1775 3360 1828 σεαυτὸν
3398 1776 3760 1846 καταστήσεις
3805 1776 3887 1846 τῷ

620 1864 724 1930 Qui
748 1865 896 1918 enim
927 1865 1130 1920 malum
1159 1868 1450 1937 prohibere
1478 1879 1674 1939 potest,
1705 1887 1805 1927 nec
1832 1871 1884 1927 id
1925 1870 2074 1937 facit,
2105 1890 2205 1927 non

2314 1861 2406 1916 τοῦ
2447 1862 2582 1916 Θεοῦ
2636 1863 3034 1932 κατακρίματι.
3080 1861 3140 1916 '0
3168 1862 3276 1932 γὰρ
3313 1862 3610 1932 δυνάμενος
3647 1863 3886 1918 κωλύειν

622 1957 852 2010 multum
920 1957 1075 2013 abest
1124 1957 1263 2032 .quin
1318 1960 1750 2018 codemnationis
1775 1978 1901 2019 reus
1958 1963 2046 2019 sit.
2075 1964 2138 2018 Et
2167 1966 2205 2019 sl

2311 1953 2410 2021 τὴν
2462 1952 2749 2023 πονηρίαν,
2805 1951 2926 2006 εἶτα
2981 1953 3139 2006 τοῦτο
3195 1952 3268 2024 μὴ
3320 1954 3598 2025 πράττων,
3637 1955 3700 2007 ού
3747 1954 3887 2008 πολὺ

619 2048 712 2116 qui
765 2044 876 2102 Deo
935 2048 1212 2102 nonoﬂert
1235 2051 1301 2103 de
1333 2051 1598 2122 propriis,
1626 2053 1836 2109 crimen
1895 2055 2128 2110 incurrit
2159 2067 2205 2110 et

2312 2045 2506 2114 ἀπέχει
2536 2045 2637 2114 τῆς
2683 2046 2966 2109 κοινωνίας
3000 2045 3101 2112 τῆς
3133 2046 3533 2126 κατακρίσεως.
3569 2045 3678 2097 Καὶ
3723 2047 3773 2098 εἰ
3826 2045 3889 2098 τὸ

619 2132 1115 2204 reprehensionem,
1171 2148 1379 2209 quanto
1455 2143 1629 2213 magis
1687 2147 1909 2214 quires
1948 2147 2044 2203 Dei
2079 2163 2209 2211 sur-

621 2227 749 2296 ripit
773 2229 787 2282 l
809 2225 1024 2294 Quibus
1062 2245 1161 2300 pro
1192 2240 1281 2286 tua
1314 2233 1620 2302 prudentia,
1641 2236 1712 2290 illi
1743 2238 1838 2302 mi,
1868 2240 2213 2294 animadver-

622 2322 800 2376 tendis
822 2321 1051 2379 osteude
1079 2325 1170 2393 qui
1203 2327 1357 2381 deet-t
1411 2337 1559 2383 tuam
1597 2331 1847 2386 virtutem
1881 2332 1936 2387 in
1984 2333 2075 2388 Dei
2109 2335 2210 2388 Ee-

621 2413 841 2468 clesiam
878 2415 1138 2479 zelum,et
1162 2433 1324 2485 quam
1356 2419 1409 2472 in
1439 2435 1500 2472 ca
1531 2421 1698 2475 habes
1723 2422 1903 2487 iidem,
1940 2433 1999 2478 ut
2029 2433 2082 2479 et
2115 2424 2208 2478 tibi

618 2504 849 2574 gratiam
887 2519 994 2560 non
1032 2506 1474 2578 qualemcunque
1503 2525 1532 2564 a
1563 2509 1672 2565 Deo
1693 2512 2025 2584 fcompares,
2062 2524 2112 2569 et
2155 2515 2209 2568 hi
2268 2564 2270 2568 ,

620 2595 717 2666 qui
774 2595 915 2650 male
973 2596 1235 2651 invadunt
1297 2613 1384 2652 res
1437 2598 1717 2664 Ecclesia,
1777 2616 1936 2656 asua
1983 2603 2206 2669 audacia

621 2683 872 2751 cohibiti,
894 2687 1206 2756 nonuliquid
1223 2689 1678 2760 aqui§obtinuisse
1705 2689 2007 2755 videantur,
2032 2707 2129 2746 nec
2154 2693 2206 2746 in

621 2775 691 2833 iis
746 2793 870 2847 qua:
915 2793 1022 2833 non
1088 2793 1322 2851 oportet,
1394 2799 1551 2840 suam
1601 2799 1922 2858 perversam
1970 2797 2206 2841 mentem

621 2868 880 2939 divagare
905 2869 1110 2926 sinant.

886 3103 1129 3161 XXXVI.
1164 3105 1445 3161 Curatoris
1477 3105 1954 3178 Strangylizomis.

694 3236 772 3292 Ex
802 3239 1002 3294 indicio
1047 3237 1349 3293 litterarum
1407 3254 1547 3308 quas
1579 3235 1776 3295 misisti
1815 3242 1883 3297 ad
1947 3243 2200 3298 saeratis-

623 3329 826 3385 simum
865 3329 957 3382 Dei
1017 3329 1288 3382 hominem
1349 3339 1405 3384 et
1437 3344 1796 3384 .mconomum
1854 3347 2061 3402 magna:
2107 3333 2199 3387 Dei

625 3419 883 3474 Ecclesia:
938 3421 1305 3482 comperimus
1337 3421 1558 3474 'turbari
1600 3427 1653 3474 te
1695 3430 1747 3476 et
1782 3437 1923 3490 :egre
1979 3423 2197 3482 habere,

626 3522 741 3566 tum
772 3520 997 3580 propter
1029 3511 1368 3580 negotiorum
1433 3512 1857 3581 implicationes,
1892 3525 2003 3566 tum
2038 3529 2106 3567 ex
2135 3530 2201 3568 eo

627 3604 772 3675 quod
802 3604 1015 3657 litteras
1038 3604 1107 3656 ab
1130 3617 1198 3657 eo
1231 3603 1512 3671 aliquanto
1555 3612 1682 3657 ante
1713 3604 1970 3672 accepisti
2014 3605 2201 3673 objur-

628 3695 887 3763 μωεὶσε.
941 3695 1004 3748 Et
1033 3693 1508 3763 objurgationibus
1556 3695 1772 3763 quidem
1807 3695 1951 3751 illius
1981 3697 2203 3752 minime

626 3784 938 3841 audivimus
979 3794 1030 3840 te
1057 3797 1364 3857 gravatum,
1395 3787 1595 3856 quippe
1628 3801 1751 3841 cum
1780 3787 1949 3856 patris
1980 3789 2033 3844 in
2064 3789 2202 3846 ﬁlios

625 3875 1078 3943 reprehensiones
1122 3885 1176 3930 et
1219 3866 1648 3946 objurgationes,
1679 3892 2022 3950 quaecunque
2069 3883 2199 3945 sint,

624 3964 826 4019 lxtitite
857 3965 1041 4034 potius
1068 3966 1196 4020 dent
1240 3966 1418 4020 locum
1463 3967 1531 4022 iis
1556 3969 1648 4039 qui
1709 3979 1950 4024 mentem
2011 3988 2200 4027 sanam

629 4059 845 4122 habent,
881 4073 1046 4129 quam
1077 4059 1312 4114 tristitiae
1347 4068 1400 4115 et
1426 4059 1755 4116 amictionis.
1814 4064 2034 4129 Quare?
2064 4063 2199 4131 Quia

627 4149 693 4206 ad
728 4164 955 4218 scopum
995 4159 1049 4204 et
1084 4149 1244 4205 ﬁnem
1277 4154 1718 4222 reprehensionis
1748 4157 2016 4224 respicere
2044 4158 2203 4212 debet

627 4242 719 4308 qui
755 4241 844 4294 illa
881 4240 1102 4306 feritur,
1159 4243 1251 4297 sed
1280 4259 1387 4298 non
1433 4245 1626 4299 verbis
1659 4255 1869 4299 tantum
1903 4247 2199 4301 attendere.

629 4335 756 4389 Sive
818 4333 982 4404 igitur
1041 4327 1516 4404 reprehensionem
1565 4337 1875 4392 immeritus
1919 4339 2201 4406 accepisti.

2315 2138 2390 2206 μὴ
2432 2138 2764 2208 προσφέρειν
2817 2136 2937 2205 Θεῷ
3005 2137 3068 2189 ὲκ
3110 2136 3216 2189 τῶν
3245 2137 3482 2200 οἰκείων,
3525 2135 3731 2204 μέμψιν
3770 2135 3886 2204 ἔχει

2314 2229 2406 2280 καὶ
2431 2228 2798 2295 κατάγνωσιν,
2847 2227 2999 2294 πόσῳ
3026 2226 3224 2296 μᾶλλον
3273 2227 3334 2278 τὸ
3363 2226 3636 2296 ἁρπάζειν
3672 2227 3738 2278 τὰ
3789 2225 3885 2279 τοῦ

2311 2315 2484 2380 Θεοῦ;
2523 2316 2704 2380 ’Δπερ
2756 2315 2832 2377 ὡς
2880 2316 3164 2384 φρόνιμος,
3213 2314 3405 2367 τέκνον
3446 2332 3572 2384 μου,
3627 2316 3884 2384 συνορᾷν,

2309 2404 2479 2469 δεῖξον
2504 2405 2595 2457 τὸν
2635 2405 2914 2474 πρέποντα
2944 2408 3010 2475 τῇ
3037 2407 3102 2475 σῇ
3135 2407 3304 2475 ἀρετῇ
3336 2404 3475 2473 ὑπὲρ
3494 2404 3594 2472 τῆς
3624 2403 3717 2457 τοῦ
3745 2401 3882 2456 Θεοῦ

2323 2497 2648 2566 Ἑιοιλησίας
2675 2497 2857 2568 ζῆλον,
2891 2498 2983 2550 καὶ
3003 2498 3070 2567 ἢν
3097 2498 3155 2550 ὲν
3178 2497 3315 2568 αὐτῇ
3350 2497 3672 2565 πεποίθησιν
3715 2495 3883 2566 ἔχεις,

2311 2593 2394 2644 ἵνα
2454 2591 2549 2644 καὶ
2606 2589 2818 2659 σεαυτῷ
2853 2590 3012 2658 χάριν
3053 2589 3113 2641 οὐ
3144 2588 3240 2660 τὴν
3264 2587 3532 2658 τυχοῦσαν
3566 2587 3714 2658 παρά
3747 2585 3882 2640 Θεοῦ

2310 2682 2664 2752 περιποιήσῃ,
2698 2680 2794 2733 καὶ
2827 2679 2876 2730 οί
2924 2678 3111 2742 κακῶς
3163 2677 3538 2744 έπιπηδῶντες
3562 2679 3642 2741 εἰς
3679 2678 3748 2729 τὰ
3781 2677 3883 2745 τῆς

2321 2769 2670 2840 Ἐκκλησία;,
2739 2769 2833 2823 τοῦ
2877 2758 3113 2841 θράσους
3160 2770 3561 2838 έπισχεθέντες,
3598 2768 3673 2838 μὴ
3711 2772 3772 2821 ὲν
3801 2764 3883 2829 οἷς

2214 2913 2222 2918 .
2306 2863 2366 2916 οὐ
2407 2856 2674 2932 δεῖ,’μηδ’
2714 2860 2938 2927 εῦλογόν
2977 2878 3031 2913 τι
3058 2861 3356 2929 φαίνωνται
3399 2862 3753 2952 κεκτημένοι,
3782 2860 3883 2929 τὴν

2308 2955 2553 3025 πονηρὰν
2579 2955 2760 3007 αὐτῶν
2789 2954 3107 3025 προαίρεσιν
3133 2952 3542 3008 έπεκτείνωσιν.

2406 3091 2548 3160 [ις’.
2589 3093 2673 3158 Τῷ
2716 3092 3028 3162 κουρότορι
3059 3091 3164 3147 τοῦ
3208 3061 3772 3161 Στρογγυλίζοντοξ.

2375 3224 2454 3277 Δι’
2496 3225 2818 3290 ύποδείξεως
2875 3224 3202 3295 γράμματος
3254 3225 3405 3293 παρά
3457 3223 3550 3277 σοῦ
3589 3222 3880 3285 σταλέντος

2303 3315 2438 3383 πρὸς
2454 3315 2544 3367 τὸν
2559 3313 2803 3368 τοῦΘεοῦ
2825 3315 3118 3385 ἱερώτατον
3145 3315 3452 3385 ἄνθρωπον,
3475 3319 3569 3370 καὶ
3591 3316 3879 3386 οἰκονόμον

2301 3410 2396 3474 τῆς
2419 3407 2654 3477 μεγάλης
2671 3408 2762 3461 τοῦ
2778 3408 2911 3462 Θεοῦ
2926 3408 3277 3477 Ἐκκλησίας,
3299 3408 3576 3477 ίμάθαμεν
3603 3408 3794 3463 ἀλύειν
3815 3423 3876 3461 σε

2302 3499 2396 3549 καὶ
2455 3496 2764 3567 δυσφορεῖν,
2800 3498 2956 3551 τοῦτο
2979 3499 3095 3568 μὲν
3135 3500 3225 3551 ἐπὶ
3271 3500 3390 3561 ταῖς
3452 3499 3709 3568 ὀχλήσεσι
3766 3498 3878 3551 τῶν

2303 3589 2663 3659 πραγμάτων,
2684 3587 2839 3642 τοῦτο
2861 3588 2916 3641 δι
2949 3590 3042 3642 καὶ
3083 3590 3163 3642 ὃτι
3199 3590 3504 3660 γράμματα
3547 3589 3678 3659 παρ’
3703 3591 3874 3643 αὑτοῦ

2304 3683 2410 3752 πρὸ
2456 3683 2652 3752 χρόνου
2690 3681 2838 3745 τινὸς
2883 3679 3050 3748 ἐδέξω
3085 3681 3321 3750 μέμψεις
3359 3698 3439 3732 σοι
3483 3680 3741 3752 φέροντα.
3769 3682 3880 3734 Kal

2305 3775 2445 3844 ὑπὲρ
2476 3773 2575 3843 μὲν
2603 3774 2712 3826 τῶν
2742 3772 2952 3827 ἐκείνου
2997 3773 3255 3843 μέμψεων
3289 3773 3394 3825 οὐκ
3415 3771 3793 3841 ἀποδεχόμεθά
3821 3787 3878 3823 σε

2303 3867 2666 3937 λυπούμενον.
2693 3869 2756 3920 Αἰ
2781 3865 2890 3936 γὰρ
2933 3871 3202 3936 πατρικαὶ
3241 3865 3378 3935 πρὸς
3410 3863 3477 3917 τὰ
3509 3866 3675 3920 τέκνα
3703 3857 3887 3917 sum?

2307 3963 2506 4032 μήσεις
2555 3961 2652 4013 καὶ
2715 3958 2969 4029 μέμψεις,
3016 3959 3198 4010 ὁποῖαι
3233 3958 3300 4011 ἂν
3346 3953 3499 4022 ὦσιν,
3539 3959 3876 4028 εὐφροσύνης
3975 3990 3977 3994 ι

2309 4053 2506 4122 μᾶλλόν
2552 4052 2660 4104 εἱσι
2701 4050 3216 4121 παρασκευαστικαὶ
3266 4053 3378 4109 τοῖς
3437 4049 3561 4102 νοῦν
3617 4049 3872 4120 ἔχουσιν,

2306 4144 2421 4196 ἀλλ’
2443 4144 2564 4213 οὐχὶ
2589 4142 2766 4212 λύπης
2798 4143 2888 4194 καὶ
2917 4141 3170 4211 θλίψεως.
3202 4141 3297 4193 Διὰ
3326 4141 3413 4205 τί;
3452 4141 3576 4194 Ὀτι
3611 4140 3748 4213 πρὸς
3785 4141 3878 4193 τὸν

2307 4235 2508 4290 σκοπόν
2533 4234 2629 4304 τῆς
2682 4232 2939 4302 μέμψεως
2973 4233 3068 4297 καὶ
3103 4233 3160 4283 τὸ
3197 4232 3345 4295 τέλος
3378 4233 3589 4302 ἀφορᾷν
3614 4232 3872 4299 ἀφείλετό

2306 4324 2475 4398 ταύτῃ
2545 4321 3114 4393 ωθυποσεσλημένος,
3176 4323 3288 4376 ἀλλ’
3342 4323 3464 4391 οὐχὶ
3511 4327 3622 4386 τοῖς
3661 4324 3872 4392 ῥήμασι

626 4425 866 4495 gaudere
920 4425 1085 4480 debes
1136 4426 1280 4496 quod
1317 4427 1474 4495 quasi
1525 4428 1772 4496 quadam
1802 4444 1907 4482 non
1945 4430 2202 4499 peccandi

2313 4418 2491 4486 μόνοις
2554 4417 2862 4488 προσέχειν.
2917 4416 2983 4467 Et
3022 4432 3078 4467 τε
3109 4415 3200 4468 οὖν
3241 4416 3314 4484 μὴ
3353 4415 3686 4483 σφαλόμενος
3713 4415 3876 4482 ἐδέξω

629 4523 921 4585 praecautlo
977 4516 1118 4572 facta
1179 4520 1250 4573 sit
1308 4519 1702 4588 reprehensio:
1739 4521 1853 4575 sive
1903 4523 2110 4592 lapsum
2155 4531 2203 4575 tc

632 4609 1004 4676 reprehendit;
1037 4619 1090 4664 et
1115 4618 1242 4664 tunc
1266 4626 1485 4680 quoque
1511 4611 1683 4679 magis
1710 4612 2000 4667 lmtandum
2035 4622 2204 4671 esset.

627 4699 753 4772 quia
789 4702 1059 4756 correctio
1090 4710 1142 4755 et
1196 4703 1408 4757 curatio
1454 4702 1635 4772 lapsus
1683 4720 1750 4758 ex
1784 4705 2207 4773 reprehensione

631 4793 826 4861 prodit.
863 4793 1073 4847 Bonum
1104 4803 1282 4847 autem
1313 4803 1627 4864 utrumque.
1665 4796 1729 4850 Et
1763 4797 1815 4850 in
1845 4795 2004 4852 bonis
2037 4798 2204 4852 rebus

632 4898 740 4936 non
776 4885 1018 4953 oportuit
1047 4893 1098 4937 te
1137 4884 1435 4952 sapientem
1471 4870 1600 4936 illud
1634 4887 1742 4952 pati
1771 4886 1915 4954 quod
1954 4885 2007 4938 in
2047 4887 2207 4940 malis

627 4987 680 5032 et
719 4975 964 5031 adversis
1005 4978 1274 5048 sequitur.
1318 4974 1412 5029 His
1465 4977 1609 5030 enim
1662 4977 1796 5030 solis
1853 4977 2015 5046 silligi
2071 4981 2210 5032 solet

627 5069 720 5138 qui
753 5069 1026 5137 sapienter
1055 5072 1241 5122 sentit.
1275 5067 1507 5121 Proinde
1538 5083 1702 5135 quam
1738 5084 1801 5122 ex
1831 5069 2024 5124 litteris
2057 5087 2208 5125 aecu-

632 5161 774 5214 nomi
823 5161 1082 5229 accepisti
1135 5161 1407 5214 tristitiam
1471 5163 1699 5231 depone,
1751 5172 1804 5217 et
1847 5164 2208 5234 cogitationes

635 5265 853 5310 nzmstas
911 5253 1142 5317 dimitte,
1197 5269 1297 5307 nec
1333 5270 1440 5307 non
1472 5265 1524 5308 et
1551 5255 1712 5308 verba
1745 5257 2049 5308 recnsmtia
2110 5258 2211 5310 mi-

638 5345 944 5410 nisterium,
990 5354 1215 5416 pr0pter
1239 5346 1384 5416 quod
1415 5355 1470 5399 te
1494 5355 1636 5399 recte
1667 5355 1719 5399 et
1765 5355 1877 5400 toto
1912 5348 2073 5400 corde
2107 5348 2208 5400 mi-

636 5437 954 5491 nistrantem
979 5437 1419 5506 incomparabilis
1445 5447 1626 5490 manet
1652 5453 1881 5492 merces.
1916 5436 2031 5491 Non
2061 5440 2205 5492 enim

634 5531 701 5584 ad
743 5528 1026 5599 prementia
1056 5537 1264 5584 tantum
1297 5530 1522 5599 aspicis,
1560 5529 1641 5582 vir
1688 5531 1926 5598 prudens
1952 5545 2074 5584 cum
2108 5531 2205 5594 sis,

634 5631 709 5687 ct,
739 5629 798 5674 ut
825 5621 1097 5688 suspicor,
1128 5620 1246 5688 plus
1267 5635 1426 5687 quam
1483 5623 1768 5688 praesentis
1826 5621 1948 5676 vitae
1995 5620 2208 5676 deside-

637 5731 777 5770 rium
820 5713 1028 5768 habens
1083 5711 1297 5766 futurm.
1328 5711 1545 5767 Minime
1563 5714 1701 5768 cnim
1735 5715 1952 5770 dubitas
1987 5713 2118 5785 quin
2155 5723 2202 5768 te

2306 4509 2407 4580 τὴν
2436 4509 2663 4579 μέμψιν,
2701 4508 2912 4579 χαίρειν
2935 4507 3190 4576 ὀφείλεις,
3224 4508 3305 4559 ὅτι
3348 4506 3486 4576 ὑπὲρ
3512 4506 3605 4560 τοῦ
3640 4507 3714 4578 μὴ
3746 4524 3872 4576 σφα-

2309 4598 2465 4670 λῆναι
2519 4599 2708 4669 ὥσπερ
2755 4617 2838 4661 τις
2897 4597 3270 4668 προασφάλεια
3312 4599 3532 4666 γέγονεν
3564 4599 3594 4666 ἡ
3631 4598 3875 4667 μέμψιςο

2311 4695 2421 4744 εἴτε
2446 4692 2766 4763 σφαλομένῳ
2800 4709 2880 4743 σοι
2918 4689 3240 4758 ἐπετίμησε,
3274 4690 3367 4742 καὶ
3402 4688 3543 4742 οὕτω
3577 4689 3735 4741 πλέον
3773 4689 3876 4740 εδει

2312 4783 2539 4853 χαίρειν,
2579 4785 2658 4836 ὅτι
2681 4783 2967 4853 διόρθωσις
2994 4782 3085 4833 καὶ
3115 4779 3381 4851 θεραπεία
3407 4780 3500 4832 τοῦ
3535 4780 3875 4849 πταίσματος

2311 4877 2374 4928 ὲκ
2433 4876 2531 4943 τῆς
2587 4873 3234 4942 ἐπιτιμήσεως-ἀπαντᾷ.
3280 4871 3437 4924 Καλά
3469 4870 3524 4922 δὲ
3573 4871 3872 4939 ἀμφότερα.

2312 4971 2420 5023 Καὶ
2450 4971 2542 5020 ἐπὶ
2567 4971 2676 5029 τοῖς
2705 4967 2885 5028 καλοῖς
2916 4968 3013 5019 οὑκ
3037 4967 3143 5018 ἔδει
3167 4982 3224 5018 σε
3246 4965 3512 5035 φρόνιμον
3544 4965 3670 5016 δντα
3705 4964 3875 5014 έκεῖνο

2311 5062 2526 5126 παθεῖν,
2550 5063 2687 5129 ὅπερ
2725 5060 2812 5110 ἐπὶ
2855 5062 2966 5119 τοῖς
3014 5062 3202 5120 κακοῖς
3242 5060 3331 5112 καί
3369 5057 3708 5127 ἀσυμφόροις
3745 5056 3874 5107 ἀκοο

2312 5154 2513 5206 λουθεῖ.
2544 5153 2730 5204 Ταῦτα
2758 5153 2863 5221 γὰρ
2894 5153 3026 5220 μόνα
3059 5152 3250 5204 λυπεῖν
3273 5147 3378 5202 οἶδε
3406 5150 3496 5200 τὸν
3530 5148 3872 5218 λογιζόμενον

2313 5247 2621 5318 ἐμφρόνως.
2658 5247 2818 5298 Ὥστε
2862 5247 2961 5317 τὴν
2996 5245 3087 5298 ἐπὶ
3141 5247 3252 5304 τοῖς
3285 5243 3578 5314 γράμμασι
3605 5243 3697 5296 τοῦ
3731 5244 3870 5294 οἰκο-

2312 5341 2475 5410 νόμου
2500 5337 2674 5408 λύπην
2704 5339 2929 5401 ἀπόθου,
2985 5337 3078 5389 καὶ
3137 5337 3259 5399 τοὺς
3296 5336 3586 5403 λογισμοὺς
3624 5335 3758 5403 ἄφες
3778 5333 3868 5400 τῆς

2313 5430 2559 5498 ἀκηδίας,
2589 5430 2683 5483 καὶ
2735 5430 2803 5482 τὰ
2840 5429 3251 5497 παραιτούμενα
3297 5431 3520 5498 ῥήματα
3567 5427 3662 5496 τὴν
3691 5426 3866 5478 διακοο

2313 5523 2456 5584 νίαν,
2510 5523 2568 5587 ἐξ
2618 5519 2685 5594 ἧς
2728 5539 2808 5574 σοι
2861 5520 3036 5590 ὀρθῶς
3086 5521 3178 5572 καὶ
3224 5519 3505 5588 ὁλοψύχως
3541 5515 3866 5571 διακονοῦντι

2314 5618 2644 5687 ἀσύγκριτος
2699 5617 2985 5668 ἀπόκειται
3018 5617 3046 5668 ό
3081 5616 3290 5684 μισθός.
3340 5613 3434 5676 Μὴ
3467 5613 3574 5682 γὰρ
3609 5612 3766 5681 μόνον
3793 5609 3866 5664 ei:

2314 5711 2379 5765 τὰ
2425 5710 2666 5780 παρόντι
2719 5698 2934 5778 βλέπεις
2988 5708 3269 5777 ἄνθρωπος
3319 5707 3534 5769 συνετὸς
3581 5705 3862 5773 ὑπάρχων,
