4018 6518
213 390 337 453 225

1675 400 2078 460 EPISTOLE.

3369 399 3476 460 2‘26

211 509 326 558 καὶ
363 505 522 561 πλέον
561 510 655 578 τῆς
701 511 982 583 παρούσης
1030 515 1284 586 ζωῆςῶς
1322 531 1382 581 γε
1429 514 1773 585 ὑπολαμϐάνω

1900 513 2026 566 hinc
2057 522 2271 567 maneat
2296 527 2555 567 merccsa
2592 515 2700 570 Deo
2735 519 2952 584 propter
2981 527 3043 566 ea
3078 527 3195 602 qua:
3224 512 3274 566 in
3309 525 3478 596 nego-

209 597 515 669 ἐιριέμενος
551 603 650 669 τῆς
704 601 1004 673 μελλούσης
1030 622 1042 637 ·
1084 607 1302 668 πάντως
1329 605 1384 657 δὲ
1412 607 1472 658 οὐ
1520 605 1798 667 διατάξεις

205 688 300 741 ὅτι
339 692 632 743 ἀπόκειταί
684 709 765 746 σοι
818 696 1010 764 μισθὸς
1059 696 1268 750 ἐκεῖθεν
1300 697 1446 766 παρὰ
1492 695 1626 749 Θεοῦ
1659 695 1800 764 ὑπὲρ

203 774 291 830 ὧν
335 783 526 844 ἐντοῖς
549 786 835 855 πράγμασι
872 788 967 854 τῆς
996 787 1161 839 αὑτοῦ
1208 789 1531 859 Ἑκκλησίας
1584 790 1800 850 πονεῖς’

207 871 244 940 ἢ
278 876 351 926 σὺ
385 874 479 926 ἐάν
532 893 615 938 τις
664 882 721 929 ἐν
759 882 870 940 τοῖς
917 881 1027 942 σοῖς
1077 882 1238 933 πόνον
1277 884 1371 934 καὶ
1411 881 1646 950 σπουδὴν
1681 881 1801 932 ὲπιο

207 963 507 1019 δείκνυται
544 968 884 1036 πράγμασιν,
947 969 1091 1025 ὥστε
1132 973 1402 1040 ὠφέλειαν
1425 971 1548 1025 τινὰ
1585 971 1794 1035 τοὺτοις

207 1060 480 1124 γενέσθαι
501 1063 596 1130 τῆς
616 1062 971 1132 ὀφειλομένης
995 1067 1214 1134 χάριτος
1241 1065 1343 1117 οὐκ
1363 1065 1683 1132 ἀποστερεῖς
1713 1064 1801 1116 τὸν

210 1152 622 1217 σπουδάζοντα,
662 1151 798 1205 ἀλλά
852 1157 1010 1211 παντὶ
1048 1159 1237 1224 τρόπῳ
1286 1156 1383 1222 τὴν
1420 1154 1655 1223 ἀμοιϐὴν
1692 1154 1799 1205 τῶν

209 1243 406 1296 πόνων
436 1246 624 1296 τούτου
669 1249 1029 1316 περισκοπεῖς
1057 1264 1072 1311 ;
1097 1248 1193 1299 ’τὸν
1227 1247 1282 1298 δὲ
1317 1248 1405 1298 ἐπὶ
1428 1246 1643 1299 πάντων
1666 1245 1799 1298 Θεὸν

206 1333 507 1386 λείπεσθαι
566 1337 666 1404 τῆς
735 1336 833 1406 σῆς
913 1336 1286 1407 προαιρέσεως
1359 1336 1794 1406 ὑπολαμϐάνειςς

222 1423 378 1474 Ἀλλ’
430 1424 633 1477 ἄτοπον
661 1423 842 1489 τοῦτο,
885 1428 979 1478 καὶ
1037 1429 1110 1495 μή
1158 1445 1284 1479 ποτε
1333 1430 1412 1490 εἰς
1441 1428 1561 1479 νοῦν
1593 1427 1800 1496 ἀνθρώο

213 1525 384 1560 πινον
409 1507 572 1563 ελθοι.
612 1511 698 1574 Ὠς
733 1509 906 1573 εἷπον,
957 1515 1230 1566 κατάϐαλε
1259 1515 1356 1585 τὴν
1394 1516 1487 1566 ἐπὶ
1510 1514 1584 1583 τῷ
1616 1516 1797 1584 γράμ-

213 1617 356 1666 ματι
386 1600 643 1672 ἀθυμίαν.
683 1605 815 1673 Περὶ
845 1604 901 1656 δὲ
959 1608 1056 1675 τῆς
1086 1606 1196 1659 τῶν
1249 1609 1594 1676 πραγμάτων
1637 1624 1796 1675 περι-

213 1689 472 1754 στάσεως
512 1694 606 1745 καὶ
641 1691 929 1758 δυσκολίας
990 1697 1312 1765 ἐγράψαμεν
1371 1697 1449 1764 τῷ
1481 1696 1793 1765 στρατηγῷ,

208 1782 310 1832 καὶ
342 1782 666 1850 λογιζόμεθα
717 1784 905 1838 τοῦτον
938 1788 1012 1856 μὴ
1070 1789 1126 1838 ὲν
1181 1787 1580 1859 παραλογισμῷ
1606 1787 1793 1839 θέσθαι

1907 604 1994 656 tiis
2029 603 2284 659 Ecclesiae
2306 605 2420 674 ejus
2465 607 2700 661 laboras.
2755 603 2895 659 Num
2950 613 3029 667 tu,
3056 603 3246 671 siquis
3275 605 3328 656 in
3369 605 3478 656 tuis

1905 698 2143 751 laborem
2207 703 2261 749 et
2333 697 2572 750 studium
2635 699 2873 758 exhibet.
2963 697 3036 750 ita
3100 704 3157 749 ut
3228 696 3472 764 qumdam

1907 788 2214 841 utilitashis
2251 787 2376 840 inde
2403 790 2703 854 contingat,
2726 789 3058 843 laborantem
3087 787 3269 841 debita
3311 789 3478 856 gratia

1902 879 2180 939 destituis,
2216 886 2309 931 aut
2341 893 2446 930 non
2481 879 2662 947 potius
2692 881 2840 932 omni
2899 882 3060 932 modo
3087 882 3294 945 justam
3327 879 3478 931 labo—

1904 983 2024 1021 rum
2059 969 2177 1036 ejus
2211 969 2615 1023 retributionem
2638 971 3048 1038 circumspicis?
3071 970 3236 1025 Deum
3265 978 3472 1030 autem,

1901 1058 1992 1126 qui
2033 1068 2116 1112 est
2147 1073 2312 1126 super
2366 1074 2580 1125 omnes,
2619 1059 2930 1113 inferiorem
2967 1071 3058 1114 tua
3098 1063 3235 1114 bona
3290 1064 3474 1114 volun-

1901 1156 2008 1200 tate
2040 1147 2326 1201 arbitraris
2357 1148 2380 1201 ἲ
2417 1148 2484 1201 At
2509 1149 2759 1202 insanum
2794 1134 3098 1217 istud,inec
3132 1165 3368 1220 unquam
3414 1150 3469 1203 in

1901 1253 2134 1296 mentem
2221 1244 2516 1297 humanam
2577 1245 2761 1297 intret.
2817 1245 3283 1310 Quemadmodum
3355 1244 3467 1309 jam

1898 1333 2032 1397 dixi,
2062 1333 2233 1400 abjiee
2267 1334 2405 1386 hanc
2435 1334 2600 1386 animi
2631 1335 2906 1387 tristitiam
2938 1335 3004 1388 de
3033 1334 3244 1390 litteris.
3279 1333 3353 1389 De
3385 1351 3470 1390 re-

1900 1438 2017 1475 rum
2049 1422 2248 1476 deinde
2275 1421 2464 1490 iniquo
2510 1433 2654 1476 statu
2712 1423 3035 1492 scripsimus
3063 1423 3206 1488 duci,
3243 1435 3297 1476 et
3326 1425 3468 1478 hunc

1899 1527 2003 1563 non
2065 1509 2402 1564 arbitramur
2462 1513 2617 1564 nihili
2675 1513 2947 1566 facturum
3007 1527 3068 1566 ea
3100 1514 3468 1581 qumanubis

1896 1600 2096 1668 scripta
2130 1611 2278 1665 sunt,
2309 1601 2425 1662 sed,
2457 1617 2622 1671 quam
2656 1604 2918 1671 patuerit,
2949 1603 3018 1657 ab
3058 1604 3176 1672 ipso
3205 1613 3469 1672 praestan—

1895 1694 2016 1746 dam
2051 1693 2162 1746 fore
2197 1708 2353 1761 opem
2387 1695 2751 1754 etauxilium,
2778 1697 2849 1749 ita
2881 1705 2938 1748 ut
2966 1697 3018 1748 in
3051 1696 3132 1750 his
3164 1696 3355 1749 turtior
3390 1695 3469 1750 fa-

1893 1792 2036 1849 etus,
2061 1785 2358 1839 studiosius
2386 1787 2449 1838 ad
2493 1802 2580 1840 res
2627 1787 2932 1841 ineumbas.
2974 1789 3108 1841 Cum
3151 1773 3333 1841 autem
3366 1787 3463 1840 ad-

205 1873 277 1924 τὰ
324 1874 458 1939 παρ’
490 1875 648 1942 ὴμῶν
674 1879 974 1946 γραεέντα,
997 1878 1128 1930 ἀλλὰ
1150 1880 1249 1948 τὴν
1284 1880 1639 1948 ἐνδεχομένην
1669 1881 1773 1931 ἑπι-

1890 1874 2055 1929 l‘ueris
2091 1877 2236 1939 duci,
2276 1877 2504 1945 ejusque
2560 1887 2793 1932 mentem
2838 1895 2902 1931 ex
2940 1881 3044 1932 hoc
3073 1894 3218 1931 nunc
3260 1893 3464 1948 cogno-

206 1964 596 2034 χορηγηθῆναί
628 1984 708 2021 σοι
736 1969 865 2038 παρ’
883 1970 1045 2022 αὑτοῦ
1073 1970 1326 2040 βοήθειαν
1357 1971 1451 2024 καὶ
1479 1970 1784 2040 ἀντίληψιν.

205 2055 383 2108 Ὥστε
407 2059 499 2109 καὶ
526 2058 581 2110 ὲν
610 2059 817 2122 τούτοις
860 2061 1222 2131 εὐθυμότερος
1253 2064 1565 2130 γενόμενος,
1615 2078 1786 2114 σπου-

203 2146 494 2217 δαιὸτερον
533 2151 644 2202 τῶν
684 2151 1026 2220 πραγμάτων
1058 2154 1308 2222 ἀντέχου,
1335 2155 1427 2206 καῖ
1461 2153 1788 2222 συγγινόμε-

1895 1967 2058 2032 reris,
2095 1967 2159 2021 ad
2201 1982 2301 2022 nos
2349 1971 2546 2034 scribe,
2577 1979 2650 2034 et,
2684 1986 2782 2040 pro
2821 1979 3005 2026 nostra
3051 1980 3335 2041 potestate,
3407 1968 3458 2022 id

1895 2074 2118 2128 agemus
2173 2068 2233 2112 ut
2285 2073 2393 2112 non
2453 2075 2576 2128 ope,
2625 2077 2722 2115 nec
2779 2062 2957 2116 debita
3017 2063 3352 2132 providentia
3407 2071 3462 2116 et

1897 2151 2235 2221 proiectione
2260 2150 2597 2206 destituaris.

203 2255 298 2301 νος
333 2239 414 2309 τῷ
451 2243 761 2312 στρατηγῷ,
786 2246 875 2314 καὶ
907 2245 1005 2312 τὴν
1023 2245 1232 2298 ἐκείνου
1255 2245 1478 2315 γνώμην
1531 2244 1640 2297 ἀπὸ
1678 2244 1772 2297 τοῦ
1823 2244 1917 2296 νῦν
1952 2243 2354 2313 ἀναμανθάνων
2401 2246 2579 2315 γράφε
2605 2244 2738 2314 πρὸς
2771 2248 2941 2316 ἡμᾶς,
2973 2249 3065 2301 καὶ
3101 2248 3202 2318 τῆς
3229 2249 3459 2318 δυνατῆς

200 2331 309 2384 οὐκ
339 2333 398 2386 ἑν
427 2333 665 2405 δευτέρῳ
683 2335 1020 2416 ποιησόμεθα
1043 2337 1296 2408 βοηθείας
1326 2355 1383 2392 σε
1416 2339 1490 2409 μὴ
1508 2337 1924 2408 ἀποτυγχάνειν,
1958 2337 2090 2406 μηδὲ
2113 2340 2210 2405 τῆς
2243 2337 2600 2408 ὀφειλομένης
2622 2339 2879 2407 προνοίας
2907 2356 2965 2391 τε
2993 2340 3083 2392 καὶ
3102 2340 3456 2410 προστασίας.

611 2452 730 2509 AZ'.
769 2458 814 2508 Σ
819 2455 1076 2521 Iuliam?)
1104 2455 1379 2522 διακόνῳ.

275 2565 618 2634 Προστάξεις
687 2568 785 2620 καὶ
840 2567 1177 2622 διδασκαλίαι
1254 2569 1507 2640 πράξεων
1553 2569 1781 2631 ἐκείνοις

202 2655 529 2724 ἀναγκαῖαι,
544 2658 658 2711 ὅσοι
685 2659 761 2729 μὴ
785 2660 875 2712 τὸν
894 2663 1093 2713 οἰκεῖον
1118 2660 1243 2713 νοῦν
1257 2661 1575 2715 διδάσκαλον
1596 2662 1779 2731 ἔχωσι.

202 2744 384 2799 Τοῦτο
408 2747 572 2816 ⁴ἡμεῖς
602 2749 662 2801 οὐ
699 2748 1030 2817 λογιζόμεθα
1063 2751 1192 2820 περὶ
1228 2750 1344 2804 σοῦ.
1378 2753 1476 2804 Διά
1501 2751 1660 2805 τοῦτο
1687 2757 1782 2806 καὶ

203 2836 301 2888 τοῦ
328 2840 566 2908 γράφειν
591 2855 670 2892 σοι
695 2841 844 2904 ὅπως
865 2841 944 2894 δεῖ
966 2859 1025 2894 σε
1051 2842 1120 2895 τὰ
1143 2843 1238 2910 τῆς
1259 2846 1352 2897 τοῦ
1377 2844 1514 2899 Θεοῦ
1554 2847 1782 2918 Ἐκκλη-

205 2931 333 2994 σίας
361 2933 663 3004 πράγματα
690 2934 912 2989 διοικεῖν
945 2938 1319 3010 ἀπεσχόμεθα.
1354 2941 1640 3007 Πείσαντις
1672 2943 1778 3013 γὰρ

208 3023 362 3090 ἅπαξ
421 3027 671 3092 ἑαυτοὺς,
730 3029 812 3082 ὅτι
866 3031 1080 3102 πρῶτον
1113 3034 1213 3102 μὲν
1253 3034 1332 3096 είς
1362 3035 1494 3088 Θεὸν
1523 3037 1652 3106 δρᾷς
1685 3037 1779 3090 καὶ

149 3133 151 3138 ί
202 3118 261 3167 τὸ
291 3116 508 3170 ἐκείνου
565 3122 888 3190 κατάκριμα
955 3123 1219 3192 φρίττεις,
1249 3125 1439 3178 ἔπειτα
1474 3127 1528 3179 δὲ
1568 3129 1649 3181 ὅτι
1683 3129 1776 3181 καὶ

2271 2455 2534 2511 XXXVII.
2569 2453 2814 2526 Slyliano
2860 2456 3104 2510 diacono.

1957 2566 2224 2636 Praecepta
2265 2577 2320 2622 et
2393 2568 2778 2622 instructiones
2830 2567 2897 2621 iis
2936 2567 3251 2622 necessaria!
3305 2576 3454 2633 sunt,

1879 2659 1973 2728 qui
2006 2659 2284 2728 propriam
2323 2669 2558 2712 mentem
2584 2661 2898 2728 magistram
2927 2674 3036 2712 non
3063 2661 3282 2714 habent.
3315 2660 3454 2715 Illud

1881 2757 2060 2802 autem
2111 2749 2179 2802 de
2229 2757 2278 2801 te
2327 2763 2436 2801 non
2481 2748 2767 2803 sentimus.
2813 2748 2934 2803 Ideo
2961 2758 3015 2804 et
3061 2750 3154 2804 tibi
3217 2751 3455 2814 scribere

1885 2842 2157 2911 quomodo
2191 2850 2437 2909 Oporteat
2467 2850 2517 2896 te
2537 2841 2628 2895 Dei
2661 2839 2921 2897 Ecclesia:
2948 2843 3165 2911 negotia
3221 2824 3454 2896 adinini-

1883 2940 2056 2984 strare
2079 2930 2522 2999 supersedemus.
2562 2930 2702 2984 Cum
2727 2931 2870 2984 enim
2899 2932 3069 2986 semel
3130 2947 3449 3001 persuasum

1885 3022 2184 3078 habeamus
2215 3023 2450 3094 primum
2481 3023 2702 3092 quidem
2729 3033 2778 3077 te
2807 3025 2858 3077 in
2901 3023 3070 3078 Deum
3101 3026 3362 3093 aspicere,
3394 3012 3478 3080 et.

1881 3113 2267 3184 eiusjudicium
2301 3115 2679 3178 reformidare,
2710 3115 2904 3170 deinde
2930 3124 2985 3170 et
3017 3116 3269 3170 bumame
3317 3132 3448 3185 pru-

204 3207 311 3259 εῶν
377 3209 733 3280 ἀνθρωπίνων
778 3211 1053 3286 λογισμῶν
1083 3209 1164 3278 οἷς
1194 3217 1254 3270 τὸ
1293 3216 1410 3270 δέον
1441 3219 1644 3286 γίνεται
1679 3220 1773 3290 οὐχ

1877 3207 2090 3271 άειιιίίε,
2125 3208 2177 3261 in
2229 3208 2425 3277 quibus
2458 3223 2597 3277 opus
2651 3219 2754 3272 est,
2805 3224 2911 3262 non
2967 3223 3087 3264 esse
3142 3219 3485 3278 expertem,

209 3300 482 3371 ὑστερεῖς,
539 3304 794 3373 περιττὸν
843 3306 1307 3376 ἡγη’σάμεθα“τοῦ
1351 3311 1775 3380 προστιθέναιτι

211 3395 338 3464 παρ’
376 3394 584 3448 ἑαυτῶν
611 3396 748 3466 πρὸς
781 3396 877 3467 τὴν
909 3399 1139 3452 δέουσαν
1174 3400 1281 3452 τῶν
1316 3403 1412 3470 τῆς
1452 3402 1775 3474 Ἐκκλησίας

209 3482 550 3554 πραγμάτων
589 3486 874 3556 διοίκησιν,
907 3491 1006 3558 ὅση
1036 3507 1094 3542 τε
1119 3493 1176 3544 ἐν
1213 3495 1278 3562 τῇ
1310 3495 1639 3547 καταστάσει
1666 3496 1774 3548 τῶν

210 3573 420 3642 ἱερέων,
476 3576 572 3628 καὶ
626 3579 727 3648 ὅση
759 3580 816 3631 ὲν
853 3580 1144 3652 ἐπιμελείᾳ
1177 3588 1478 3653 γεωργικῇ.
1511 3586 1680 3638 Τοὸτο
1717 3586 1772 3638 δὲ

211 3665 367 3731 μόνον
429 3669 738 3738 γράφομεν,
792 3672 928 3742 ὅπερ
969 3671 1178 3743 ᾔτησας
1211 3674 1305 3726 τοῦ
1349 3675 1557 3741 ἀνοῖξαι
1589 3678 1687 3745 μὲν
1712 3677 1772 3729 τὸ

210 3759 681 3827 σκευοφυλακεῖον,
743 3762 1048 3832 ἐξενεγκεῖν
1083 3765 1140 3817 δὲ
1202 3765 1261 3818 τὸ
1296 3769 1536 3835 χαρτὲον,
1575 3767 1602 3819 δ
1635 3769 1770 3838 πρὸς

206 3851 264 3900 τὸ
308 3851 712 3922 ἀνεπηρέαστον
769 3855 878 3906 τῶν
947 3856 1138 3927 ἱερέων
1188 3859 1284 3927 τῆς
1346 3857 1667 3928 Ἐκκλησίας
1721 3862 1769 3912 oi

212 3943 346 3994 κατά
376 3945 603 4013 καιροὺς
659 3946 867 4000 ἔδωκαν
917 3948 1175 4015 βασιλεῖς,
1212 3948 1344 4001 ἀλλὰ
1393 3950 1487 4002 καὶ
1520 3950 1660 4002 ὥστε
1701 3950 1768 4000 τά

209 4033 326 4102 ῖερά
374 4035 550 4088 πάντα
595 4039 994 4104 ἐπισκέψασθαι
1031 4041 1100 4092 τά
1138 4044 1204 4110 τῇ
1234 4041 1568 4111 μητροπόλει
1595 4058 1766 4112 προσ-

207 4123 349 4189 όντα,
381 4127 472 4179 καὶ
512 4128 611 4197 τὴν
638 4130 840 4182 τούτων
887 4132 1257 4202 παραγραφὴν
1283 4133 1596 4186 ἀποστεῖλαι
1632 4133 1766 4203 «pb;

209 4215 366 4284 ἡμᾶς.
398 4217 573 4271 Τοῦτο
599 4221 1077 4290 ἐπιτελεσάμενος,
1108 4223 1202 4274 καὶ.
1232 4223 1330 4284 τὰς
1360 4222 1516 4291 ἡμῶν
1542 4222 1765 4286 ἐλπίδας

212 4310 282 4379 μὴ
311 4312 669 4382 καταισχῦναι
716 4313 803 4365 διὰ
865 4314 1102 4383 σπουδῆς
1146 4315 1490 4384 ποιούμενος,
1531 4313 1761 4384 ἔρρωσο.

598 4425 728 4482 AH'.
763 4425 998 4495 Φιλητῷ
1019 4427 1356 4496 μονάζοντι.

1879 3314 2273 3369 supervacuum
2329 3300 2586 3355 duximus
2648 3300 2850 3370 aliquid
2899 3302 3108 3356 anobis
3139 3302 3273 3370 ipsis
3320 3303 3446 3357 addi

1877 3391 1943 3445 ad
2042 3390 2239 3444 bonam
2322 3393 2660 3459 negotiorum
2765 3393 3020 3447 Ecclesiae
3099 3394 3447 3447 administra-

1877 3484 2099 3549 tionem,
2163 3485 2277 3538 sive
2343 3493 2607 3552 quantum
2663 3484 2730 3540 ad
2789 3486 3132 3540 sacerdotum
3216 3489 3443 3541 ordina—

1876 3574 2101 3640 tionem,
2148 3576 2262 3628 sive
2308 3585 2572 3642 quantum
2611 3574 2679 3628 ad
2732 3590 2987 3640 agrorum
3037 3590 3247 3630 curam.
3306 3574 3440 3630 Illud

1873 3676 2049 3718 autem
2106 3666 2284 3719 solum
2315 3666 2803 3735 scribimus,quod
2866 3667 3180 3738 postulasti,
3244 3681 3439 3735 nempe

1807 3770 1828 3792 ’ν
1874 3765 1931 3810 ut
1963 3759 2235 3826 aperiatur
2270 3759 2773 3829 chartOphylaeium
2806 3769 2857 3814 et
2887 3762 3219 3829 producatur
3249 3763 3436 3815 charta

1872 3863 2033 3917 quam
2096 3851 2163 3903 de
2197 3863 2300 3903 non
2367 3850 2691 3904 insultandis
2754 3851 3131 3905 sacerdotibus
3181 3853 3438 3906 Ecclesia!

1870 3944 2134 3996 dederunt
2165 3957 2262 4011 pro
2306 3954 2548 4012 tempore
2604 3944 2999 4011 imperatores:
3031 3947 3252 4013 insuper
3283 3954 3337 3998 et
3376 3952 3437 3999 ut

1869 4032 2249 4085 examinentur
2276 4033 2638 4101 metropoleos
2673 4033 2896 4099 reditus,
2923 4043 2973 4087 et
3017 4049 3206 4088 eorum
3255 4034 3436 4088 mitta-

1870 4135 1957 4178 tur
1985 4124 2143 4178 nobis
2183 4124 2387 4178 tabula.
2417 4124 2576 4187 Quod
2599 4139 2722 4178 cum
2759 4124 3073 4194 perfeceris,
3106 4134 3159 4179 et
3183 4141 3303 4195 spes
3332 4142 3431 4180 no-

1875 4226 2020 4271 stras
2061 4218 2309 4271 iminime
2353 4215 2616 4270 confundi
2647 4231 2740 4285 per
2786 4226 2937 4272 tuum
2967 4219 3205 4273 studium
3239 4233 3432 4288 passus

1868 4310 2057 4364 fueris.
2089 4307 2302 4363 Valeas.

2215 4424 2498 4479 XXXVIII.
2543 4423 2756 4480 Phileto
2800 4427 3075 4482 monacho.

281 4539 438 4607 Ἐγὼ,
471 4542 658 4593 τέκνον
694 4541 846 4610 ὲμὺν,
878 4542 1035 4595 τοῦτο
1082 4544 1128 4594 εῖ
1181 4543 1273 4594 καὶ
1312 4543 1630 4612 ἁμαρτωλὸς
1671 4542 1758 4595 εὕ-

1933 4538 2063 4606 Ego,
2099 4536 2434 4601 ﬁlimi,huc,
2466 4537 2563 4591 etsi
2627 4547 2874 4608 peccator
2929 4523 3081 4604 sum,
3135 4553 3344 4607 precor,
3369 4548 3427 4593 ut

212 4647 364 4698 χομαι
431 4634 638 4695 πάντας
693 4633 905 4703 εκείνην
957 4635 1056 4702 τὴν
1117 4635 1234 4686 ὁδὸν
1301 4633 1559 4703 βαδίζειν,
1636 4636 1758 4706 ἣτις

212 4721 454 4790 ἀφίστησι
500 4723 597 4791 τῆς
627 4724 891 4792 κοσμικῆς
918 4724 1111 4785 αὐτοὺς
1145 4723 1483 4792 συγχύσεως,
1522 4727 1657 4793 πρὸς
1700 4723 1756 4774 δὲ

213 4813 299 4880 τὴν
323 4818 584 4885 σωτήριον
630 4816 833 4882 ἀπάγει
885 4817 977 4868 καὶ
1032 4818 1449 4882 κατασκήνωσιν
1502 4816 1594 4867 καὶ
1632 4816 1754 4867 ἀνά-

214 4915 414 4967 παυσιν.
479 4903 583 4957 Καὶ
638 4903 692 4954 εἴ
726 4921 788 4970 γε
832 4903 1078 4966 δυνατὸν,
1119 4905 1177 4955 οὐ
1208 4905 1367 4973 μόνον
1405 4905 1502 4973 τὴν
1542 4905 1756 4972 αἴτησιν

215 4990 284 5051 εις
337 4995 478 5056 τέλος
517 4996 743 5061 ἀγαγεῖν
808 4997 923 5060 εἰμι
978 4993 1281 5064 πρόθυμος,
1328 4994 1464 5047 ἀλλά
1497 4997 1590 5046 καὶ
1624 4995 1676 5045 εῖ
1703 5011 1752 5047 τι

215 5081 381 5146 πλέον,
415 5085 570 5154 μόνον
615 5087 663 5136 εί
718 5083 1073 5153 ἐπηκολούθει
1116 5085 1175 5135 τὸ
1229 5083 1657 5153 σπουδαζόμενον
1688 5087 1748 5153 τῇ

217 5175 544 5246 προαιρέσει,
603 5177 774 5227 ποιεῖν
835 5174 1158 5244 ἐϐουλόμην.
1231 5177 1344 5228 Οὐκ
1405 5177 1615 5242 ἀγνοεῖς
1665 5176 1749 5238 δὲ,

217 5263 383 5317 τέκνον
414 5265 590 5334 ἡμῶν,
624 5265 716 5317 καὶ
760 5256 944 5335 ’χωρὶς
979 5267 1086 5318 τῶν
1119 5269 1402 5336 ἡμετέρων
1447 5266 1618 5332 λόγων
1653 5267 1750 5336 τὴν

218 5355 522 5409 κατάστασιν
575 5357 682 5409 τῶν
739 5359 1100 5427 πραγμάτων,
1147 5359 1237 5409 καὶ
1286 5358 1358 5419 ὡς
1391 5358 1540 5408 οὐδέν
1585 5358 1750 5424 ἐσμεν

219 5441 408 5498 δυνατοὶ
464 5450 597 5516 πρὸς
643 5449 742 5518 τὴν
784 5449 1035 5500 ὑπόθεσιν
1076 5449 1391 5518 συμϐαλεῖν,
1432 5448 1545 5500 ἀλλ’
1580 5450 1746 5500 ὁπόσα

221 5539 297 5588 καὶ
335 5541 678 5606 ἀγωνιεῖσθαι
747 5542 1004 5612 δόξομεν,
1065 5545 1321 5611 ρυἠσεται
1374 5542 1459 5592 διὰ
1499 5541 1662 5608 κενῆς
1720 5541 1747 5590 ό

223 5629 368 5693 ἀγών.
394 5633 453 5684 Τί
484 5631 576 5685 οὖν
612 5652 773 5704 φημι,
804 5634 877 5697 ὡς
911 5638 967 5687 ἐν
1007 5637 1230 5701 τοιούτῳ
1256 5633 1452 5702 καιρῷ.
1483 5633 1513 5701 ἦ
1547 5633 1605 5684 τὸ
1640 5635 1746 5684 πᾶν

224 5719 501 5774 ἀνατιθέναι
526 5724 679 5793 θεῴς
723 5726 817 5778 καὶ
847 5728 874 5777 ὁ
910 5726 1003 5792 μὲν
1040 5725 1114 5794 τῷ
1171 5725 1316 5790 πόθῳ
1372 5725 1463 5775 τοῦ
1510 5722 1743 5792 Χριστοῦ

225 5810 565 5884 ἀναφλεχθείς,
590 5816 700 5884 εἴγε
733 5815 944 5887 άληθῶς
965 5818 1301 5886 ἐπεπόθησεν
1328 5817 1508 5880 αὑτὸν,
1541 5816 1732 5884 πληρο-

1860 4646 2046 4684 omnes
2077 4632 2216 4683 hanc
2248 4631 2387 4682 viam
2417 4628 2785 4698 ingrediantur
2811 4646 2930 4699 quae
2959 4645 3052 4683 eos
3090 4645 3119 4682 e
3155 4631 3425 4684 mundana

1860 4722 2062 4776 eximat
2096 4720 2436 4784 confusione,
2473 4721 2536 4773 ad
2569 4721 2858 4774 salutarem
2910 4737 3037 4775 vero
3093 4721 3310 4776 indurat
3371 4731 3423 4774 et

1860 4815 2246 4868 habitationem
2277 4822 2329 4866 et
2373 4813 2628 4882 quietem.
2688 4813 2771 4878 Et,
2819 4816 2862 4866 si
2904 4814 3021 4866 ﬁeri
3087 4821 3280 4883 potest,
3316 4829 3419 4865 nou

1857 4908 2029 4962 solum
2087 4917 2265 4958 votum
2335 4905 2400 4958 ad
2437 4906 2592 4958 liuent
2635 4905 2929 4973 perducere
2972 4903 3024 4958 in
3071 4906 3254 4958 animo
3290 4904 3418 4956 mihi

1855 5011 1956 5062 est,
2012 5000 2105 5055 sed
2165 5000 2367 5068 aliquid
2410 4999 2668 5066 amplius,
2707 4997 3002 5052 dummodo
3042 5007 3270 5052 conatus
3329 5013 3420 5050 re-

1856 5089 2113 5158 spondeat
2143 5089 2428 5151 voluntati,
2470 5089 2520 5140 id
2553 5086 2728 5141 l‘acere
2768 5089 2979 5141 vellem.
3031 5086 3146 5141 Non
3179 5087 3416 5157 ignoras,

1857 5181 1929 5234 [ἱΙί
1966 5193 2171 5244 noster,
2197 5181 2357 5233 etiam
2389 5180 2592 5248 absque
2623 5179 2822 5234 nostris
2837 5180 3205 5246 sermonibus,
3231 5194 3408 5232 rerum

1855 5281 2077 5334 statum,
2107 5286 2314 5340 nosque
2349 5271 2480 5324 nihil
2509 5285 2664 5340 posse
2692 5269 2757 5323 ad
2786 5270 3122 5338 propositum
3147 5267 3410 5332 conferre,

1853 5366 1946 5417 sed
1979 5364 2326 5430 quantumvis
2367 5362 2693 5417 contendere
2746 5361 3082 5422 duxerimus,
3129 5359 3181 5411 in
3214 5374 3413 5412 vanum

1854 5458 2144 5509 desiturum
2217 5456 2636 5509 contentiOnem.
2699 5452 2841 5520 Quid
2893 5454 3054 5522 igitur
3111 5451 3309 5509 dicam.
3354 5455 3408 5503 in

1853 5548 2008 5601 istius
2069 5547 2212 5600 modi
2271 5562 2450 5599 rerum
2489 5555 2654 5611 statu,
2686 5546 2787 5598 nisi
2811 5543 2986 5598 omnia
3024 5547 3132 5596 Deo
3162 5553 3410 5596 commil-

1853 5639 2095 5694 tere?Et
2143 5640 2233 5708 qui
2298 5640 2567 5693 desiderio
2627 5636 2822 5692 Christi
2881 5636 3245 5689 inﬂammatus
3301 5645 3402 5698 est,

1851 5730 2008 5783 modo
2053 5737 2232 5783 tamen
2278 5730 2424 5782 illum
2477 5731 2735 5783 veraciter
2787 5728 3076 5791 desideret,
3140 5725 3404 5792 compleat

1850 5835 2135 5876 act-ensum
2200 5818 2553 5884 desiderium,
2615 5821 2894 5888 sequendo
2927 5818 3199 5872 Christum
3237 5813 3398 5867 lli-um
