4018 6506
595 490 702 553 235

602 702 729 746 runt
777 690 1151 753 felicissimus.
1193 689 1301 745 eris
1342 694 1397 742 et
1441 687 1495 743 in
1541 702 1711 758 regno
1749 687 2014 743 caelorum
2045 702 2168 743 cum

520 848 521 851 η
599 786 681 839 eis
720 785 875 853 quia
913 782 1023 838 Deo
1073 782 1448 837 bcatiiicantur
1502 781 1705 836 ditatus
1754 788 1810 835 et
1858 778 2172 852 conglorifi-

600 890 775 929 status.

604 968 788 1023 XLVI.
840 966 1202 1038 Inclyft'ssimo
1242 976 1293 1023 et
1337 967 1524 1020 dilecto
1571 965 1688 1038 ﬁlio
1726 972 1929 1038 nostro,
1968 963 2173 1019 illustri

979 1038 1223 1110 Abasgia:
1253 1038 1479 1108 regionis
1518 1036 1767 1105 principi.

675 1152 748 1207 De
780 1167 1031 1215 excessu,
1073 1151 1144 1205 illi
1182 1159 1387 1216 noster,
1418 1148 1493 1203 lui
1540 1147 1839 1205 beatissimi
1878 1148 2049 1218 patris
2075 1147 2172 1202 do-

605 1245 830 1309 luimus,
862 1244 1005 1300 sicut
1029 1244 1275 1306 decebat,
1306 1253 1360 1297 et
1408 1242 1489 1297 tui
1535 1241 1708 1311 ipsius
1763 1239 2173 1296 considerantes

606 1336 787 1391 cordis
821 1338 1033 1406 plagam
1074 1351 1182 1406 prae
1216 1334 1427 1398 dolore,
1468 1343 1526 1389 et
1564 1343 1885 1389 exterarum
1913 1332 2173 1388 omnium

604 1437 873 1499 quotquot
893 1429 1119 1499 diligere
1151 1435 1425 1483 noverunt
1457 1425 1634 1481 virum
1668 1425 1872 1480 virtute
1897 1434 2173 1489 ornatum,

606 1518 786 1588 qualis
839 1519 1023 1588 utique
1075 1526 1194 1573 erat
1252 1528 1381 1573 tuus
1433 1525 1585 1587 pater
1619 1516 1690 1571 ab
1741 1516 2001 1572 omnibus
2032 1516 2175 1571 cele-

608 1608 799 1663 bratus
846 1617 900 1664 et
945 1608 1221 1664 laudatus.
1274 1607 1488 1663 Doloris
1528 1618 1708 1663 tamen
1754 1607 2174 1661 allevamentum

606 1700 919 1764 habuimus,
949 1700 1093 1769 quod
1129 1706 1182 1756 te
1212 1714 1435 1772 germen
1495 1698 1618 1768 ejus
1649 1698 1946 1769 genuinum
1974 1705 2031 1752 et
2058 1694 2175 1751 fru-

604 1801 751 1845 crum
783 1790 1008 1847 seminis
1040 1790 1158 1861 ejus
1189 1790 1369 1846 divina
1390 1789 1737 1845 Providentia
1779 1787 2047 1859 judicavit
2076 1802 2175 1858 po-

604 1890 852 1936 testatem
896 1881 1231 1952 principatus
1264 1880 1382 1949 ejus
1425 1879 1726 1950 suscipere,
1757 1887 1816 1934 et
1851 1879 2008 1950 quasi
2039 1878 2177 1933 ima-

607 1975 784 2044 ginem
814 1972 1100 2041 quamdam
1128 1972 1277 2028 cerni
1307 1971 1426 2041 ejus
1466 1973 1663 2041 populo
1693 1970 1841 2026 dedit
1870 1984 1968 2040 pro
1998 1986 2061 2027 eo
2084 1971 2177 2043 qui

2283 1964 2405 2020 σίαν
2432 1955 2729 2039 ήςίάρχῆς
2762 1967 3145 2036 ἀναδέξασθαι,
3181 1971 3273 2023 καὶ
3296 1969 3487 2043 ὥσπερ
3508 1972 3700 2027 εῑκόνα
3723 1973 3829 2027 τινά

605 2080 637 2117 e
685 2078 821 2117 rana
873 2062 961 2117 illa
1000 2064 1110 2118 vita
1137 2062 1394 2120 decessit.
1424 2064 1537 2118 Hoc
1581 2071 1827 2118 nostrum
1860 2062 2057 2117 levavit
2079 2062 2176 2118 do-

608 2157 777 2210 lurem
806 2165 859 2210 et
879 2155 945 2209 ad
974 2155 1175 2224 gratias
1206 2154 1318 2211 Deo
1350 2152 1662 2210 referendas
1685 2153 1923 2224 impulit.
1949 2152 2014 2208 Et
2047 2169 2174 2224 gra-

607 2249 713 2302 tias
764 2247 1050 2303 retulimus
1078 2246 1457 2309 etreferimus,
1487 2247 1839 2316 divinamque
1870 2246 2171 2302 bonitatem

608 2351 892 2406 precamur
933 2345 991 2389 ut
1024 2336 1077 2389 in
1126 2334 1276 2389 nullo
1312 2344 1363 2390 te
1395 2335 1583 2405 patria:
1615 2335 1875 2391 deficiant
1921 2335 2170 2402 virtutes,

606 2426 699 2481 sed
744 2424 926 2495 potius
971 2424 1399 2495 superemineas,
1424 2426 1660 2495 talisque
1694 2425 1795 2482 llas
1830 2426 1885 2481 iu
1921 2427 2172 2482 subditos

608 2526 758 2586 pater
800 2526 852 2573 et
888 2518 1139 2586 princeps
1170 2526 1230 2571 ut
1255 2515 1439 2570 divina
1482 2516 1536 2570 in
1584 2522 1640 2571 te
1681 2517 1876 2572 electio
1919 2519 2175 2587 operibus

606 2608 953 2677 justillcatur,
986 2618 1304 2677 patremque
1336 2614 1486 2662 tuum
1511 2607 1687 2662 adhuc
1716 2604 2010 2663 feliciorem
2043 2624 2181 2679 pra:-

612 2703 743 2755 beas
775 2700 885 2756 tuis
919 2700 1164 2755 moribus
1192 2708 1394 2770 tuaque
1412 2699 1613 2754 virtute
1649 2698 1853 2768 tibique
1880 2708 1934 2755 et
1962 2700 2017 2754 in
2040 2716 2177 2770 pra:-

609 2789 749 2843 seuti
774 2789 972 2843 sarculo
998 2797 1262 2843 aternum
1292 2786 1459 2843 decus
1488 2801 1774 2858 compares
1811 2795 1865 2843 et
1902 2787 1955 2841 in
1992 2787 2177 2845 futuro

613 2878 974 2933 immortalem
1018 2877 1244 2947 gloriam
1295 2883 1351 2931 et
1384 2876 1647 2931 honorem
1681 2875 2175 2946 etjucunditatem.

1726 486 2042 548 NICOLAI
2080 487 2191 547 ΟΡ.
2229 475 2737 548 ΡΛΤΒῙΛΒΟΗᾸΞ
3394 576 3395 579 η

600 600 829 662 scilicet,
861 606 915 652 et
964 613 1108 653 nunc
1154 596 1265 667 jam
1304 595 1444 665 apud
1481 609 1577 650 eos
1603 594 1695 665 qui
1742 609 1867 649 vere
1898 595 2039 649 bona
2074 608 2168 648 no-

2279 595 2335 666 ῆν
2367 594 2465 648 καὶ
2493 593 2589 647 νῦν
2624 591 2776 664 παρά
2802 594 2914 658 τοῖς
2945 592 3162 663 ἀληθῶς
3197 592 3263 647 τὰ
3291 593 3432 648 καλὰ
3463 590 3628 645 εἰδόσι
3658 610 3808 663 μακα-

3694 80 3966 712 ἢ

3712 479 3800 547 236

2274 683 2461 754 ριστδς
2490 682 2591 755 ἔσῃ
2622 685 2679 735 ἐν
2706 684 2773 752 τῇ
2822 682 2932 737 τῶν
2982 683 3226 754 οὐρανῶν
3274 682 3519 753 βασιλεία
3545 684 3656 743 τοϊς
3686 688 3811 753 παρᾶ

2272 773 2408 850 Θεοῦ
2441 773 2912 845 μακαριζομένοις
2960 774 3319 845 συμπλουτῶν
3370 774 3463 828 καί
3522 772 3811 839 ωνδοξαξό·

2277 882 2460 936 μενος.
2845 884 2847 887 '

2274 954 2421 1024 Μςθ.
2444 954 2527 1027 Τῷ
2542 956 3009 1025 ὑπερφυεστὰτφ
3042 959 3138 1011 καὶ
3162 936 3524 1026 ἠγαπημένῳ
3549 956 3711 1027 ἡμῶν
3726 954 3816 1019 υἱῷ

2448 1026 2527 1091 τῷ
2556 1028 2847 1095 περιδόξῳ
2887 1028 3259 1097 ὲξουσιαστῇ
3320 1026 3661 1099 Ἀὄαστιας.

2356 1138 2481 1191 Ἐπὶ
2511 1136 2587 1207 τῷ
2615 1138 2902 1209 χωρισμῷ,
2937 1137 3125 1191 τέκνον
3153 1136 3331 1208 ἡμῶν,
3363 1134 3454 1191 τοῦ
3486 1138 3815 1210 μακαριωτά-

2273 1247 2368 1283 του
2398 1231 2605 1301 πατρός
2639 1247 2737 1284 σου
2778 1231 3154 1301 ἐλυπήθημεν,
3195 1230 3383 1302 ὥσπερ
3432 1226 3502 1301 ἦν
3529 1230 3817 1297 ἀκόλουθον,

2274 1322 2375 1391 τήν
2411 1338 2470 1374 τε
2507 1322 2607 1393 σὴν
2655 1323 2965 1387 ἐννοοῦντες
3010 1323 3104 1376 ἐπὶ
3143 1321 3219 1393 τῷ
3265 1321 3429 1378 πάθει
3477 1322 3689 1393 πληγὴν
3735 1324 3821 1391 τῆς

2276 1410 2525 1480 καρδίας,
2568 1413 2665 1466 καὶ
2686 1412 2795 1466 τῶν
2832 1412 3010 1468 ἀλλων
3041 1416 3155 1485 ὅσοι
3195 1412 3370 1484 φιλείν
3404 1401 3609 1485 οίδασιν
3634 1414 3822 1487 ἀνθρω-

2274 1523 2376 1559 πον
2425 1507 2595 1579 ἀρετῇ
2648 1507 3091 1579 κεκοσμημένον,
3141 1508 3376 1578 μάλιστα
3414 1502 3528 1573 οἷος
3573 1503 3641 1580 ἦν
3670 1509 3699 1562 ό
3744 1510 3823 1571 ob;

2275 1598 2459 1671 πατὴρ
2492 1599 2647 1671 παρά
2680 1600 2899 1654 πάντων
2931 1600 3029 1655 καὶ
3063 1599 3459 1671 ἐπαινούμενος
3507 1601 3601 1655 καὶ
3630 1600 3822 1671 θαυμα-

2276 1693 2531 1763 ζόμενος.
2560 1691 2708 1764 Πλὴν
2730 1691 2951 1763 εἴχομεν
2975 1692 3078 1763 τῆς
3101 1691 3280 1764 λύπης
3307 1692 3654 1764 ἀπαλλαγὴν,
3678 1692 3753 1747 ὅτι
3775 1693 3825 1748 σὲ

2278 1782 2506 1854 βλαστὸν
2532 1783 2700 1839 αὐτοῦ
2738 1783 2872 1839 όντα
2895 1785 3147 1855 γνήσιον,
3186 1787 3283 1840 καὶ
3313 1787 3527 1858 καρπὸν
3566 1788 3669 1860 τῆς
3696 1787 3828 1843 ἑκεί-

2278 1890 2371 1929 νου
2402 1876 2636 1947 σπορᾶς,
2735 1873 2857 1930 θεία
2906 1876 3168 1949 εὐδόκησε
3186 1878 3419 1950 Πρόνοια
3450 1880 3547 1934 καὶ
3571 1879 3668 1950 τὴν
3695 1880 3828 1946 ἐξου-

2280 2057 2359 2130 τῷ
2392 2057 2580 2129 οίκείῳ
2613 2060 2756 2113 ἔθνει
2799 2062 2922 2114 ἀντὶ
2970 2060 3068 2115 τοῦ
3105 2064 3470 2134 χωρισθέντος
3496 2066 3564 2120 εκ
3594 2066 3695 2137 τῆς
3738 2084 3828 2137 μα-

2281 2150 2443 2214 ταίας
2469 2149 2680 2222 ταύτης
2716 2151 2865 2223 ζωῆς
2899 2152 3172 2223 παρέσχεν
3205 2156 3463 2223 ὁρᾶσθαι.
3492 2156 3669 2211 Τοῦτο
3700 2160 3828 2229 ημᾶς

2279 2237 2560 2313 ἀπήλλαξε
2619 2245 2721 2316 τῆς
2780 2244 2997 2316 λύπης,
3049 2248 3144 2300 καὶ
3208 2248 3411 2316 μᾶλλον
3471 2249 3616 2320 πρὸς
3698 2250 3832 2303 θείαν

2278 2329 2628 2403 εὐχαριστίαν
2708 2335 3091 2406 μετήνεγκεν(
3160 2337 3271 2391 Καὶ
3360 2338 3827 2412 ηὐχαριστήσαμεν

2279 2424 2372 2477 καὶ
2441 2423 2914 2498 εὐχαριστοῦμεν,
2971 2426 3219 2499 δεόμενοι
3271 2421 3372 2499 τῆς
3435 2430 3629 2501 θεῖκῆς
3706 2433 3828 2501 ἀγα-

2280 2515 2502 2587 θότητος
2577 2519 2637 2572 ιν
2696 2520 2886 2591 μηδενί
2965 2537 3024 2574 σε
3083 2522 3192 2575 τῶν
3268 2525 3553 2594 πατρικῶν
3631 2523 3831 2578 ἀπολει-

2282 2607 2481 2679 φθῆναι
2525 2609 2992 2683 κατορθωμάτων,
3052 2612 3193 2667 una
3243 2614 3446 2686 μᾶλλον
3495 2616 3829 2689 ὑπερϐαλεῖν,

2280 2700 2377 2752 καὶ
2431 2701 2684 2767 γενέσθαι
2719 2702 2965 2757 τοιοῦτον
2994 2705 3053 2757 ἑν
3082 2707 3197 2769 τοῖς
3250 2706 3586 2778 ὑποχειρίοις
3634 2708 3830 2779 πατέρα

2280 2897 2398 2949 τοις
2430 2885 2781 2957 μαρτυρῆσαι
2813 2888 3030 2944 δικαίαν
3068 2891 3161 2943 ἐπὶ
3192 2892 3274 2945 σοὶ
3308 2893 3603 2961 γενέσθαι,
3637 2892 3833 2949 καὶτὸν

612 2978 824 3043 πατέρα
866 2973 949 3026 ἔτι
1000 2973 1424 3044 μακαριώτερον
1480 2971 1759 3043 ἀποφῆναι
1806 2970 1897 3024 διὰ
1938 2971 2033 3026 τοῦ
2081 2973 2175 3027 σοῦ
2214 2978 2543 3047 τρόπονκαὶ
2575 2981 2674 3052 τῆς
2742 2983 3173 3052 καλοκάγαθίας,
3243 2987 3337 3041 καὶ
3375 2986 3589 3057 σεαυτῷ
3626 2988 3835 3058 ἀείμνη-

613 3086 737 3123 στον
767 3069 920 3131 κλέος
952 3066 1010 3120 εν
1040 3084 1100 3121 τε
1128 3067 1207 3139 τῷ
1242 3065 1470 3140 παρόντι
1498 3065 1657 3120 αίῶνι
1680 3067 2167 3140 περιποιήσασθαι,
2209 3072 2301 3126 καὶ
2331 3074 2388 3125 ἐν
2412 3074 2491 3144 τῷ
2556 3075 2809 3146 μέλλοντι
2862 3077 2959 3149 τὴν
3014 3079 3284 3135 ἀθάνατον
3350 3081 3509 3147 δόξαν
3560 3083 3657 3137 καὶ
3685 3082 3835 3154 τιμὴν

611 3166 703 3218 καὶ
725 3164 1045 3218 ἀπόλαυσιν.

683 3256 1084 3313 Benedictionis
1126 3257 1302 3328 gratia
1344 3256 1599 3311 misimus
1653 3256 2057 3312 vestimentum.
2102 3255 2180 3311 De
2208 3265 2251 3324 c

613 3350 1025 3420 archiepiscopo
1086 3357 1265 3405 autem
1312 3347 1540 3413 Alauiae,
1579 3347 1678 3416 ﬁli,
1726 3348 1874 3419 quod
1941 3349 2177 3404 seribam

611 3457 722 3497 non
752 3441 944 3495 habeo.
980 3440 1097 3510 Ipse
1121 3439 1290 3500 enim.
1328 3446 1517 3509 utpote
1552 3441 1647 3509 qui
1683 3453 1745 3496 es
1799 3438 2106 3510 intelligens
2127 3448 2181 3493 et

610 3533 873 3605 prudens,
909 3531 1127 3602 scisque
1156 3547 1296 3602 opus
1327 3531 1470 3600 ejus,
1502 3547 1699 3601 nempe
1728 3533 1783 3587 in
1822 3533 2053 3587 salutem
2080 3532 2179 3587 ho-

612 3626 819 3680 minum
851 3632 905 3679 et
951 3626 1004 3680 in
1054 3625 1512 3695 magninomiuis
1546 3623 1640 3679 Dei
1690 3624 1928 3691 laudem,
1957 3624 2180 3678 omnino

610 3725 664 3771 et
707 3718 910 3786 absque
944 3716 1147 3771 nostris
1183 3715 1400 3778 litteris,
1450 3724 1669 3786 propter
1716 3715 2181 3785 repositam‘hinc

611 3808 803 3863 amicis
845 3807 937 3863 Dei
980 3808 1505 3873 remunerationem,
1542 3815 1597 3861 et
1629 3807 1705 3861 illi
1738 3806 2097 3875 opitulaberis
2126 3814 2182 3862 et

611 3916 733 3955 cum
782 3915 847 3957 eo
908 3899 1127 3956 labores
1154 3900 1531 3971 participabis.
1564 3898 1630 3953 Et
1657 3899 1858 3970 siquid
1894 3915 1958 3954 ex
1985 3914 2180 3954 neces-

547 3983 550 3986 ’
611 3993 773 4049 sariis
818 4002 872 4047 et
925 3991 993 4046 ad
1022 3992 1145 4047 vitae
1203 3995 1659 4047 sustentationem
1713 3991 1939 4047 utilibus
1986 3991 2041 4045 in
2080 3992 2181 4047 bac

610 4093 767 4155 gente
798 4096 852 4138 et
896 4085 949 4138 in
980 4093 1123 4138 terra
1152 4083 1329 4137 aliena
1360 4083 1407 4137 ei
1440 4082 1612 4149 deest,
1648 4083 1814 4139 alacri
1846 4084 2029 4139 animo
2052 4099 2180 4152 sup-

609 4174 897 4244 peditahis,
948 4171 1055 4228 Deo
1087 4173 1182 4227 tibi
1230 4171 1545 4227 facultatem
1582 4172 1895 4237 tribuente;
1959 4172 2181 4240 erisque

611 4260 915 4336 et‘amplius
949 4280 1043 4333 per
1098 4264 1310 4334 cupiam
1341 4262 1509 4333 hujus
1531 4263 1804 4325 facultatis
1835 4263 1890 4317 in
1913 4255 2195 4317 auxilium.

613 4356 988 4413 laborantibus
1019 4355 1371 4411 constitutus.
1546 4348 1549 4351 ’

611 4538 1189 4597 XLV/ILConstuntiuo
1235 4539 1406 4591 uicino
1466 4537 1834 4592 consolatorie:
1883 4538 2181 4597 (insuaue

1160 4624 1340 4663 sorore
1366 4608 1636 4676 defuncta.

624 4737 628 4741 ‘
681 4726 839 4789 Cum,
872 4723 945 4779 illi
969 4722 1045 4778 mi
1076 4721 1375 4786 benedicte,
1407 4721 1684 4789 inopinam
1708 4734 1829 4790 quae
1856 4719 1952 4774 tibi
1981 4720 2179 4776 accidit

610 4818 978 4877 amictionem.
1024 4824 1080 4869 et
1110 4826 1359 4867 amarum
1421 4811 1661 4866 dolorem
1715 4825 1924 4867 mecum
1968 4822 2176 4882 reputo,

606 4906 975 4963 contraheret
994 4920 1095 4975 ego
1115 4919 1245 4960 voce
1266 4902 1556 4965 exstincta,
1591 4916 1701 4957 non
1732 4902 1903 4959 habeo
1923 4904 2067 4973 quod
2093 4904 2177 4958 di-

608 5016 752 5063 cam,
783 5008 879 5052 aut
907 5012 1070 5067 quam
1114 4996 1414 5052 orationem
1455 4994 1727 5049 inveniam
1763 5009 1885 5064 qua:
1908 4995 2177 5050 consolari

609 5094 969 5161 possitneque
998 5092 1291 5147 animitmei
1312 5091 1709 5162 aegritudinem,
1733 5102 2180 5166 neque'te,neque

609 5198 755 5236 tuum
793 5186 936 5253 piam
970 5193 1225 5247 matrem,
1256 5197 1435 5251 neque
1468 5192 1698 5237 caeteros
1741 5183 2178 5251 consanguineos

606 5288 701 5331 aut
748 5278 977 5342 amicos,
1002 5292 1233 5347 quorum
1270 5274 1615 5331 amarusille
1639 5273 1797 5329 dolor
1828 5265 2015 5345 pectus
2040 5276 2177 5330 dila-

608 5383 746 5427 mat.
795 5369 957 5441 Fugit
986 5373 1127 5425 enim
1176 5386 1365 5439 revera
1412 5384 1626 5424 omnem
1657 5370 2091 5424 exhortationem
2121 5380 2176 5424 et

609 5464 1036 5520 cenaolatiouem
1052 5463 1141 5516 illa
1160 5478 1279 5532 quze
1299 5462 1427 5532 (heu
1446 5464 1457 5516 l
1474 5463 1747 5531 quomodo
1765 5462 1999 5533 dicam?)
2022 5462 2177 5517 nobis

610 5559 807 5610 accidit
845 5556 1151 5611 calamitas.
1203 5556 1340 5619 Quid
1375 5548 1519 5609 enini
1570 5556 1721 5623 prius
1753 5558 1876 5625 quis
1928 5554 2177 5624 lugebit?

611 5649 751 5703 Num
799 5649 916 5717 ejus
944 5666 1062 5719 qua:
1094 5666 1196 5704 nos
1231 5648 1447 5717 reliquit
1470 5659 1847 5718 praematurum
1877 5657 1931 5705 et
1976 5649 2027 5702 in
2058 5651 2175 5718 ipso

613 5740 788 5795 a'talis
818 5738 949 5792 ﬂore
974 5752 1197 5809 sortem,
1229 5740 1316 5795 cui
1344 5755 1529 5794 amara
1561 5755 1709 5798 mors
1745 5757 1851 5796 non
1894 5742 2168 5811 pepercit!

610 5836 749 5889 Num
772 5835 934 5902 hujus
957 5834 1139 5886 eximii
1172 5833 1422 5903 conjugis
1446 5833 1815 5897 solitudinem,
1842 5835 1933 5902 qui
1957 5842 2011 5887 et
2035 5832 2169 5902 ipse,

608 5929 664 5983 in
694 5927 882 5985 eodem
911 5925 1067 5989 flore,
1114 5926 1160 5980 si
1194 5943 1295 5983 non
1328 5946 1358 5985 υ
1392 5927 1498 5983 vita
1546 5926 1803 5994 decessit,
1844 5926 2172 5981 anteriorem

2280 2790 2377 2844 καὶ
2413 2791 2676 2864 ἄρχοντα,
2707 2790 2819 2858 οἷος
2851 2797 2943 2850 καὶ
2975 2796 3073 2868 τὴν
3114 2797 3209 2851 τοῦ
3252 2797 3387 2853 Θεοῦ
3419 2799 3599 2870 ψῆφον
3639 2802 3724 2854 ἐπ’
3749 2800 3829 2873 ερ-
3960 2790 3965 2819 ¹

2280 2897 2398 2949 γοις
2430 2885 2781 2957 μαρτυρῆσαι
2813 2888 3030 2944 δικαίαν
3068 2891 3161 2943 ἐπὶ
3192 2892 3274 2945 σοὶ
3308 2893 3603 2961 γενέσθαι,
3637 2892 3833 2949 καὶτὸν

2285 2978 2417 3031 όπου
2440 2981 2543 3033 καὶ
2575 2981 2674 3052 τῆς
2742 2983 3173 3052 καλοκάγαθίας,
3243 2987 3337 3041 καὶ
3375 2986 3589 3057 σεαυτῷ
3626 2988 3835 3058 ἀείμνη-

2280 3072 2388 3125 liv
2412 3074 2491 3144 τῷ
2556 3075 2809 3146 μέλλοντι
2862 3077 2959 3149 τὴν
3014 3079 3284 3135 ἀθάνατον
3350 3081 3509 3147 δόξαν
3560 3083 3657 3137 καὶ
3685 3082 3835 3154 τιμὴν

2364 3259 2793 3331 ’Δπεστείλαμεν
2839 3261 3089 3329 εὐλογίας
3131 3262 3291 3334 χάριν
3337 3264 3589 3334 ἱμάτιον*
3621 3267 3752 3338 περὶ
3788 3266 3835 3322 ὁὶ

2280 3349 2375 3407 τοῦ
2407 3352 2838 3422 ἀρχιεπισκόπου
2876 3354 3149 3421 Ἀλανίας,
3180 3356 3370 3411 τέκνον
3404 3358 3582 3428 ἡμῶν,
3617 3359 3835 3432 γράφειν

2281 3461 2333 3498 τι
2360 3444 2462 3511 οὐκ
2493 3444 2621 3514 ἔχω.
2672 3445 2845 3512 Αὐτὸς
2875 3446 2986 3519 γὰρ
3038 3448 3261 3513 συνετὸς
3308 3448 3385 3503 ὢν
3428 3451 3523 3504 καὶ
3560 3453 3835 3523 φρόνιμος,

2283 3535 2377 3588 καὶ
2405 3534 2559 3603 είδὼς
2586 3537 2649 3591 τὸ
2677 3539 2888 3593 ἐκείνου
2933 3536 3120 3612 ἔργον,
3147 3542 3229 3597 ὅτι
3271 3542 3408 3615 πρὸς
3455 3545 3731 3615 σωτηρίαν
3756 3546 3839 3598 ἀν-
3958 3558 3965 3605 1

2282 3622 2538 3693 θρὼπων,
2574 3628 2658 3681 ὅτι
2693 3631 2827 3698 πρὸς
2871 3630 3031 3698 δόξαν
3060 3631 3152 3686 τοῦ
3186 3634 3424 3703 μεγάλου
3461 3635 3729 3706 ὀνόματος
3753 3634 3836 3689 τοῦ

2281 3713 2440 3781 Θεοῦ,
2470 3708 2693 3783 πάντως
2722 3720 2817 3775 καὶ
2856 3721 3027 3793 χωρὶς
3062 3723 3341 3795 ἡμετέρας
3370 3727 3588 3796 γραφῆς
3628 3726 3720 3780 διὰ
3749 3729 3839 3798 τὴν

2281 3718 2440 3781 Θεοῦ,
2472 3718 2693 3783 πάντως
2722 3720 2817 3775 καὶ
2856 3721 3027 3793 χωρὶς
3062 3723 3341 3795 ἡμετέρας
3370 3727 3588 3796 γραφῆς
3628 3726 3720 3780 διὰ
3749 3729 3839 3798 τὴν

2279 3805 2652 3880 ἀποκειμένην
2686 3811 2897 3867 ἐκεῖθεν
2937 3816 3367 3903 μισθαποδοσίαν
3405 3821 3515 3882 τοίς
3558 3817 3839 3888 meum,
3950 3718 3965 3979 ξ

2280 3900 2377 3953 καὶ
2419 3904 2910 3976 συνεπικουρήσεις
2967 3908 3138 3979 αὐτῷ,
3190 3910 3283 3964 καὶ
3329 3910 3700 3979 συναντιλήψῃ
3738 3911 3840 3965 τῶν

2280 3900 2377 3953 καὶ
2419 3904 2910 3976 συνεπικουρήσεις
2967 3898 3138 3979 αὐτῷ,
3190 3910 3283 3964 καὶ
3329 3910 3700 3985 συναντιλήψῃ
3738 3911 3840 3965 τῶν

2282 3992 2494 4046 πόνων⁸
2528 3996 2620 4047 καὶ
2653 3996 2707 4049 εί
2729 4014 2872 4059 τινος
2911 3999 2970 4051 ἐν
3016 4000 3161 4055 ἔθνει
3223 4002 3450 4075 τοιούτῳ
3484 4005 3577 4059 καὶ
3616 4007 3685 4076 γῇ
3719 4003 3839 4075 ξένη

2281 4082 2389 4138 τῶν
2420 4085 2732 4154 ἀναγκαίων
2764 4089 2859 4143 καὶ
2884 4090 3067 4146 ἄνεσιν
3104 4096 3172 4165 τῇ
3205 4094 3319 4167 ζωῇ
3350 4098 3629 4167 φερόντων
3662 4098 3841 4167 ἐνδεής

2282 4175 2417 4241 ἐστι,
2451 4176 2753 4248 προθύμως
2783 4181 3215 4254 ἐπιχορηγήσεις
3244 4185 3340 4238 τοῦ
3373 4185 3511 4239 Θεοῦ
3564 4203 3645 4240 σοι
3682 4186 3839 4241 δύνα-

2286 4280 2380 4333 μιν
2435 4267 2841 4337 παρασχόντοςο
2878 4272 2972 4324 καὶ
3007 4273 3127 4342 εἴης
3180 4274 3276 4328 καὶ
3321 4272 3402 4327 ἔτι
3440 4275 3535 4329 ἐπὶ
3567 4276 3729 4331 πλέον
3764 4277 3841 4338 είς

2282 4354 2544 4427 εὐπορίαν
2566 4356 2668 4427 τῆς
2697 4359 2957 4430 τοιαύτης
2985 4362 3264 4433 δυνάμεως
3296 4363 3691 4435 καθιστάμενος
3711 4364 3840 4437 βοη-

2252 4482 2269 4496 .
2285 4447 2397 4511 θεῖς
2429 4451 2543 4512 τοῖς
2580 4454 3003 4523 ἀπορουμένοις.

2318 4540 2451 4596 ιη’.
2482 4540 3440 4621 Κωνστᾳντὶνῳξπαρακοιμωμένῳ
3465 4554 3808 4621 napava-

2205 4636 2259 4695 Β
2601 4613 2734 4683 turi;
2763 4616 2857 4670 ἐπ’
2877 4613 3111 4687 ἀδελφῇ
3140 4613 3513 4689 mmmam.

2359 4724 2552 4789 Ὅταν,
2602 4724 2795 4781 τέκνον
2860 4744 2959 4798 μου
3026 4728 3393 4799 εὑλογημένον
3438 4728 3689 4805 [τίμιον]
3744 4733 3843 4806 τὴν

2282 4813 2701 4885 ἀπροσδοκήτως
2739 4817 3153 4872 καταλαϐοῦσαν
3180 4818 3372 4889 θλίψιν,
3425 4820 3519 4874 καὶ
3555 4816 3618 4875 τὸ
3650 4823 3841 4893 πικρὸν

2280 4902 2445 4970 ἄλγος
2472 4905 2733 4973 ἐννοήσω,
2754 4908 2890 4977 πρὸς
2916 4908 3160 4977 ἀφωνίαν
3186 4909 3546 4981 συστέλλομαι
3564 4912 3656 4966 καὶ
3682 4914 3840 4978 αὐτὸς

2282 4996 2412 5063 ἐγὼ,
2430 4997 2524 5050 καὶ
2552 4998 2653 5051 οὐκ
2674 4999 2845 5069 ἔχωτί
2875 5001 3067 5073 είπωῆ
3102 5002 3219 5056 τίνα
3249 5002 3406 5071 λόγον
3419 4998 3564 5074 εὕρω
3587 5022 3841 5078 παραμυ-

2283 5086 2493 5143 θεῖσθαι
2518 5090 2815 5160 δυνάμενον
2844 5089 2966 5145 οὔτε
2992 5092 3091 5161 τῆς
3117 5095 3257 5166 ἐμῆς
3286 5096 3463 5167 ψυχῆς
3512 5100 3573 5152 τδ
3597 5099 3839 5170 ἄλγημα,

2280 5179 2403 5234 οὔτε
2444 5181 2525 5246 σὲ,
2562 5181 2684 5235 οὔτε
2700 5182 2799 5252 τὴν
2820 5181 3036 5254 θεοφιλῆ
3062 5187 3297 5257 μητέρα,
3333 5185 3455 5239 οὐτε
3490 5190 3616 5252 τούς
3646 5187 3837 5250 ἄλλους

2283 5276 2563 5343 συγγενεῖς
2581 5275 2674 5328 καὶ
2690 5275 2899 5342 φίλους,
2932 5270 3005 5330 ὧν
3035 5277 3097 5331 τὸ
3115 5277 3312 5346 πικρὸν
3328 5277 3495 5331 τοῦτο
3527 5278 3694 5344 πάθος
3721 5280 3839 5335 δια·

2282 5368 2589 5437 σπαράσσει
2617 5367 2716 5437 τὴν
2736 5368 2983 5439 καρδίαν.
3014 5370 3160 5440 Νικᾷ
3187 5370 3294 5439 γὰρ
3320 5369 3395 5433 ὡς
3421 5371 3637 5444 άληθῶς
3662 5373 3837 5446 πᾶσαν

2283 5459 2629 5531 παρηγορίαν
2666 5461 2759 5513 καὶ
2807 5462 3157 5533 παράκλησιν
3199 5461 3371 5530 λόγων
3420 5464 3499 5529 τὸ,
3546 5466 3691 5536 οἴμοι
3718 5452 3836 5527 πῶς

2280 5550 2811 5622 εἲπω.·συμ6ε6ηκὸς
2841 5554 2973 5623 ἡμῖν
2994 5552 3273 5623 ἀτύχημα.
3316 5553 3381 5607 Τί
3418 5556 3527 5626 γάρ
3552 5573 3635 5620 τις
3688 5554 3834 5625 πρῶ-

2279 5660 2370 5696 τον
2404 5643 2701 5713 πενθήσει;
2741 5647 2840 5713 τῆς
2890 5644 3293 5716 καταλιπούσης
3343 5648 3493 5718 ἡμᾶς
3527 5648 3587 5701 τὸ
3636 5648 3828 5717 ἄωρον,

2281 5738 2373 5790 καὶ
2403 5734 2500 5806 τὴν
2539 5738 2596 5790 ἐν
2629 5738 2777 5807 αὐτῷ
2813 5738 2891 5807 τῷ
2913 5736 3064 5791 ἄνθει
3097 5739 3195 5810 τῆς
3223 5722 3438 5809 ἡλικίας
3484 5740 3674 5811 τομὴν,
3708 5739 3775 5808 ἢν
3801 5740 3831 5792 ό

2283 5828 2477 5898 πικρὸς
2499 5829 2598 5882 οὐκ
2631 5829 2886 5897 ἐφείσατο
2916 5829 3139 5894 θάνατος
3175 5830 3529 5898 ὲπενεγκεῖν;
3562 5830 3595 5900 ἢ
3622 5830 3711 5902 τὴν
3735 5828 3828 5882 τοῦ

2282 5922 2447 5975 καλοῦ
2468 5920 2711 5992 συζύγου
2740 5923 2939 5994 ταύτης
2969 5926 3222 5995 μόνωσιν,
3250 5922 3304 5987 ὃς
3341 5922 3435 5979 καὶ
3469 5922 3627 5990 αὐτὸς
3649 5925 3701 5979 ἐν
3728 5923 3829 5987 (om
