4018 6442
185 442 278 514 237

178 540 248 610 τῷ
276 539 422 593 ἄνθει
448 578 463 603 ,
496 540 545 594 εἰ
585 538 680 594 καὶ
716 538 790 610 μὴ
825 537 923 609 τὴν
962 537 1025 591 lx
1068 538 1162 592 τοῦ
1213 538 1328 608 βίου
1385 535 1555 608 τομὴν
1594 537 1723 590 ὑπέ-

1608 420 2015 512 Eptsrom.

3285 450 3390 515 23%

1837 546 2020 592 tamen
2075 535 2278 604 accepit
2322 535 2572 605 plagam?
2629 535 2766 601 Quid
2808 545 2988 592 autem
3040 540 3284 596 dicamus
3326 554 3391 597 tle.

175 600 288 700 στη,
319 600 458 684 ἀλλά
498 600 830 703 πικροτέραν
877 600 1097 693 λδέξατο
1283 600 1536 698 πληγηννς
1571 629 1635 680 Τί
1666 630 1720 681 δὲ

1830 627 2174 698 separatione
2210 641 2240 680 a
2288 638 2360 691 te,
2405 629 2546 683 illius
2578 644 2772 699 nempe
2808 629 2995 695 fratre,
3028 634 3119 700 qui
3150 634 3218 688 ob
3247 645 3387 689 tuam

171 723 414 788 εἴποιμεν
445 722 581 792 πρὸς
607 720 709 791 τὴν
748 720 1030 774 διάστασιν
1069 720 1162 774 σοῦ
1197 719 1288 773 τοῦ
1328 717 1533 790 ταύτης
1563 717 1720 771 ἀδελ-

171 811 369 881 φοῦ,δς
406 811 495 866 διὰ
540 811 634 866 τὸν
686 813 949 884 συμπαθῆ
1000 813 1222 885 τρόπον,
1264 811 1328 863 ού
1378 809 1537 881 μύνον
1587 810 1725 880 πρὸς

171 903 397 971 ἐκείνην,
435 903 570 958 ἀλλὰ
597 905 690 956 καὶ
722 903 858 974 πρὸς
888 904 1014 968 τοὺς
1054 903 1237 969 ξένους
1262 903 1352 954 καὶ
1383 902 1566 975 πόρρω
1599 917 1723 969 συγ-

169 993 377 1058 γενείας
407 994 550 1064 ἔχεις
580 995 640 1047 τὸ
675 994 1013 1064 συμπάσχειν
1034 976 1130 1046 καὶ
1156 990 1439 1059 συναλγεῖν
1487 1009 1502 1056 ;
1559 991 1621 1043 Τί
1669 991 1726 1043 δὲ

171 1086 297 1154 πρὸς
324 1085 423 1158 τὴν
457 1086 733 1156 γηραλέαν
759 1087 992 1158 μητέρας
1043 1085 1076 1154 ἢ
1104 1101 1188 1146 τις
1207 1084 1262 1137 ἐἰ
1295 1084 1388 1137 κα)⁵
1424 1081 1485 1136 τὸ
1514 1081 1723 1152 χαίρειν

172 1168 304 1242 εἶχεν
335 1175 430 1226 ἐπὶ
470 1176 573 1238 σοὶ,
601 1175 790 1228 τέκνον
841 1175 997 1244 ἐμὸν,
1019 1173 1094 1235 ὡς
1118 1174 1202 1242 ἐφ’
1231 1171 1330 1244 υίῷ
1352 1174 1576 1242 τοιούτῳ
1597 1189 1726 1240 τυγ-

172 1265 398 1335 χάνοντι,
443 1265 559 1319 ἀλλ’
587 1265 680 1320 οὖν
718 1265 1008 1338 ὲπ“ὲκείνῃ
1061 1262 1134 1330 ὠς
1190 1266 1416 1335 θυγατρὶ
1483 1265 1578 1318 καὶ
1628 1263 1725 1334 τῆς

172 1361 327 1431 αὐτῆς
374 1359 694 1432 ὑπαρχούσῃ
744 1359 979 1428 φύσεως.
1053 1359 1354 1429 Προσθήσω
1397 1357 1453 1411 δὲ
1491 1358 1572 1413 ὅτι
1631 1355 1727 1409 καὶ

1826 719 2246 789 compatientem
2292 719 2551 783 indolem,
2603 735 2712 774 nou
2757 722 2934 776 solum
2977 737 3075 791 pro
3110 724 3248 792 ipsa,
3295 730 3386 782 sed

1829 808 1990 861 etiam
2029 822 2126 875 pro
2153 806 2344 862 alienis
2374 816 2430 861 et
2464 822 2496 861 a
2539 811 2858 878 cegnatione
2887 813 3117 866 remotis
3157 819 3388 882 compati

1832 905 1886 952 et
1915 898 2201 954 condolere
2222 899 2365 954 nosti
2389 899 2411 952 Y
2439 897 2582 964 Quid
2619 899 2686 954 de
2725 903 2901 956 vetula
2936 915 3127 968 matre,
3154 906 3240 968 cui
3268 906 3392 959 licet

1831 989 2172 1060 gaudendum
2224 991 2295 1046 sit
2330 991 2399 1046 de
2459 1000 2528 1056 te,
2586 991 2683 1056 (ili,
2727 994 2817 1047 tali
2875 1011 3068 1065 nempe
3125 999 3302 1068 qualis
3338 1016 3395 1054 es

1831 1083 1962 1148 tilio,
1990 1082 2272 1138 laetandum
2298 1083 2463 1138 etiam
2493 1093 2610 1140 erat
2651 1085 2717 1140 de
2748 1085 2835 1139 illa
2872 1102 2977 1157 qua
3015 1090 3118 1143 ﬁlia
3149 1092 3390 1161 ejusdem

1832 1185 2076 1242 natura);
2126 1178 2219 1232 sed
2270 1185 2322 1230 et
2363 1177 2558 1230 addam
2605 1181 2749 1248 quod
2788 1194 2914 1235 cum
2972 1186 3279 1250 progeniem
3328 1202 3389 1237 ex

1831 1268 1950 1337 ejus
1990 1281 2174 1323 ventre
2212 1268 2357 1323 ferre
2383 1267 2717 1327 desideraret
2755 1271 2872 1327 suis
2910 1272 3173 1338 brachiis,
3201 1277 3390 1345 majori

1833 1358 2104 1412 frueretur
2124 1360 2319 1428 gaudio
2342 1375 2407 1414 ex
2431 1361 2552 1429 ejus
2571 1363 2858 1431 praesentia
2881 1374 2934 1418 et
2957 1367 3389 1424 conversatione.

120 1445 124 1449 ’
171 1451 355 1517 ἔκγονα
404 1453 502 1522 τῆς
564 1453 777 1520 ἐκείνης
843 1447 1049 1516 κοιλίας
1070 1437 1323 1518 ’ποθούσῃ
1378 1446 1563 1516 φέρειν
1603 1447 1660 1498 ἐν
1720 1445 1839 1509 ταὶς
1899 1448 2167 1515 ἀγκάλαις
2220 1449 2409 1517 αὐτῆς,
2446 1450 2687 1520 μείζονος
2755 1454 3034 1524 ἀπήλαυεν
3095 1456 3286 1528 ἡδονῆς
3319 1460 3393 1525 τῷ

174 1546 263 1615 βίῳ
304 1546 588 1617 παρούσης
623 1545 720 1599 καὶ
752 1542 1326 1615 συναναστρεφομένης
1356 1541 1515 1611 αὐτῇ.

242 1642 408 1692 Ὀταν
433 1638 605 1692 ταῦτα
639 1637 998 1709 πάνταλδμοῦ,
1029 1636 1216 1688 τέκνον
1245 1650 1344 1702 μου
1376 1631 1720 1703 τιμιώτατον,

170 1731 591 1799 ἀναλογίσωμαι,
628 1729 720 1782 καί
771 1745 852 1782 τοι
905 1729 996 1781 καὶ
1034 1727 1094 1780 ἓν
1133 1725 1361 1780 ἕκαστον
1413 1725 1592 1780 αὐτῶν
1624 1725 1724 1778 οὐκ

1901 1631 2040 1686 Cum
2073 1629 2200 1687 haec
2226 1635 2411 1689 omnia
2437 1635 2621 1700 simul,
2656 1636 2728 1689 (ili
2772 1637 2846 1692 mi
2914 1642 3388 1709 rererendissime.

1831 1739 2046 1779 mecum
2095 1733 2302 1796 reputo,
2354 1741 2455 1782 nec
2503 1729 2931 1801 unumquodque
2989 1746 3178 1787 eorum
3229 1737 3390 1792 ullius

170 1825 303 1878 ἔστιν
328 1823 551 1894 εὐχερὲς
597 1820 856 1885 δέξασθαι
895 1817 1272 1890 παραμυθίαν,
1304 1817 1600 1886 ἐπίσταμαι
1644 1814 1720 1880 ὡς

1829 1816 2216 1871 consolationis
2250 1830 2370 1872 esse
2395 1832 2589 1887 capax,
2623 1833 2730 1873 non
2763 1834 2852 1873 me
2884 1819 3021 1876 fallit
3049 1824 3249 1880 nullam
3270 1841 3393 1883 esse

168 1917 257 1970 ούκ
285 1917 403 1968 ἐστι
440 1916 596 1983 λόγος
624 1913 747 1967 οὐδὲ
799 1911 1144 1984 παράκλησις
1183 1912 1217 1980 ἡ
1246 1909 1516 1979 δυναμένη
1548 1925 1720 1976 παρα·

1826 1908 2128 1961 orationem
2161 1917 2257 1962 aut
2295 1908 2726 1963 consolationem
2755 1925 2874 1978 qua:
2908 1912 3081 1966 solari
3112 1916 3302 1983 possit,
3341 1929 3394 1971 et

170 2010 404 2074 καλέσαι,
453 2008 546 2062 καὶ
598 2004 678 2076 τῷ
716 2002 991 2072 τραύματι
1037 2000 1224 2055 δοῦναι
1271 2001 1369 2070 τὴν
1406 1999 1721 2070 θεραπείαν.

170 2103 269 2154 Καὶ
295 2103 406 2170 γάρ
436 2101 488 2154 εί
513 2117 619 2163 τιξ⁹
653 2099 795 2169 άπερ
827 2092 1003 2161 εἷπον,
1033 2095 1174 2147 αύτά
1208 2093 1330 2147 καθ’
1366 2092 1536 2147 ἑαυτά
1577 2091 1724 2160 λογί-

169 2193 324 2256 ζοιτο,
353 2190 636 2261 βαρύτατά
664 2191 813 2242 ἐστιν
842 2187 1080 2257 ἀληθῶς,
1113 2185 1233 2240 ὅλον
1265 2183 1368 2238 ὑπὸ
1394 2182 1490 2238 τοῦ
1520 2182 1725 2254 βάρους

171 2283 643 2351 συγκαταφέροντα
691 2278 827 2350 πρὸς
874 2277 1112 2346 ἀθυμίαν
1160 2274 1253 2328 καὶ
1281 2273 1459 2344 λύπην
1505 2271 1726 2342 ἀπαρά-

169 2377 352 2444 κλητον
384 2374 476 2426 τὸν
505 2372 763 2440 λογισμόν
786 2389 800 2402 ·
837 2367 946 2424 οἷον
981 2368 1178 2438 μικροῦ
1213 2368 1306 2419 καὶ
1335 2367 1492 2435 ἡμεῖς
1521 2364 1725 2416 πεπόν-

169 2466 332 2536 θαμεν
406 2465 827 2534 ἀπροσδοκήτως
890 2464 987 2530 τῆς
1039 2460 1244 2529 πικρᾶς
1295 2456 1555 2526 ἀγγελίας
1605 2458 1724 2519 ταῖς

167 2559 453 2628 ἡμετέραις
482 2559 672 2618 ἀκοαῖς
713 2551 1138 2625 προσελθούσης.
1175 2552 1286 2604 Καὶ
1313 2552 1421 2621 γάρ
1451 2550 1538 2602 ὅτε
1569 2548 1725 2600 τοῦτο

167 2651 458 2720 ἐμάθομεν,
490 2650 663 2712 οὕτως
715 2646 918 2708 εὐθέως
951 2642 1335 2715 ἐκρατήθημεν
1366 2643 1470 2694 ὑπὸ
1507 2640 1605 2708 τῆς
1633 2638 1726 2690 λύ-

169 2760 286 2812 πης,
320 2743 416 2794 καὶ
461 2742 557 2810 τῆς
590 2739 848 2807 ἀθυμίας,
885 2738 959 2799 ὡς
1014 2734 1211 2806 μικροῦ
1244 2734 1382 2807 μήτε
1414 2732 1597 2801 φωνὴν
1630 2730 1721 2782 δύ-

169 2837 351 2887 νασθαι
404 2834 643 2902 ἀφεῖναι,
702 2833 837 2902 μήτε
883 2829 1045 2884 ἄλλου
1104 2826 1236 2897 πρὸς
1282 2825 1431 2896 ἡμᾶς
1475 2823 1723 2889 λέγοντος

173 2925 448 2996 βούλεσθαι
501 2925 720 2976 ἀκούειν
749 2921 920 2984 οὕτως
951 2919 1054 2972 ὑπὸ
1104 2917 1198 2970 τοῦ
1242 2915 1442 2986 βάρους
1475 2913 1574 2980 τῆς
1616 2912 1725 2964 θλί-

169 3021 299 3088 ψεως
342 3016 790 3084 συνεκλάσθημεν
843 3012 941 3082 τὴν
1003 3009 1254 3081 καρδίαν.
1310 3005 1580 3074 mare,»
1631 3003 1724 3056 καὶ

173 3114 296 3185 μετά
326 3111 462 3165 πολὺ
518 3111 642 3170 τοὺς
676 3105 969 3174 λογισμοὺς
1007 3101 1164 3172 ἡμῶν
1209 3097 1595 3163 ἀναλαϐόντες,
1629 3096 1724 3149 καὶ

170 3206 372 3275 πρῶτον
407 3203 508 3272 μὲν
561 3198 996 3268 κατανοήσαντες
1032 3193 1100 3246 τά
1158 3191 1312 3244 κοινά
1360 3189 1456 3258 τῆς
1510 3187 1722 3258 φύσεως

171 3299 480 3366 πράγματα,
513 3292 609 3347 καὶ
637 3293 738 3345 ὅσα
762 3290 821 3355 ὲξ
845 3289 1020 3357 ἀρχῆς
1047 3281 1456 3354 καταλαμϐάνει
1480 3281 1602 3342 τοὺς
1633 3279 1726 3332 ἀν-

168 3388 428 3458 θρώπους,
463 3388 543 3447 είς
584 3383 883 3452 ινθύμησιν
912 3377 1277 3437 καταστάντες
1309 3373 1384 3435 ὡς
1416 3372 1567 3425 οὐδὲν
1602 3387 1726 3423 καις

169 3480 246 3531 νὺν
267 3479 382 3530 οὐδὲ
407 3476 556 3540 ξένον
579 3475 908 3542 ὑπέστημεν,
928 3469 1042 3521 ἀλλ’
1070 3470 1206 3534 ὅπερ
1229 3467 1342 3518 ἐστὶ
1380 3463 1607 3534 σύνηθες
1635 3461 1728 3513 καὶ

170 3571 429 3641 γνώριμον
457 3570 522 3637 τῇ
554 3545 869 3633 ἀνθρωπίνη
887 3562 997 3630 ζωῇ
1021 3574 1033 3588 ·
1057 3559 1188 3628 πρὸς
1204 3558 1412 3618 τούτοις
1427 3556 1482 3607 δὲ
1511 3556 1601 3608 καὶ
1628 3555 1728 3622 τῂν

170 3664 248 3716 τοῦ
267 3664 506 3715 Πλάστου
527 3660 620 3712 καὶ
632 3658 902 3712 Δεσπότου
917 3653 1227 3720 οἰκονομίαν
1249 3650 1615 3727 λογισάμενοι,
1634 3650 1725 3700 καὶ

169 3759 353 3820 εἰδότες
377 3757 460 3808 ὅτι
503 3755 678 3808 πάντα
715 3750 848 3821 πρὸς
887 3748 947 3801 τὸ
985 3748 1264 3818 συμφέρον
1288 3746 1584 3813 οἰκονομεῖ,
1620 3742 1714 3795 καὶ

166 3851 235 3913 ὼς
280 3852 526 3921 κρεῖττον
571 3846 773 3908 ἐκεῖνος
801 3841 1062 3894 διευθετεῖ
1107 3840 1173 3892 τά
1202 3837 1298 3892 τοῦ
1350 3837 1550 3890 οἰκείου
1587 3834 1720 3886 πλάά

173 3919 384 4009 σματος,
431 3937 464 4007 ἢ
498 3935 654 4004 εἴπερ
702 3933 862 4002 ἡμεῖς
903 3926 1206 3998 φρονοῦμεν
1234 3924 1330 3978 καὶ
1357 3919 1717 3988 διανοούμεθα

162 4024 291 4102 ¹’περὶ
327 4028 558 4093 ἑαυτῶν,
599 4023 878 4092 ἀναψυχήν
918 4037 1038 4071 τινα
1071 4020 1162 4070 καὶ
1195 4014 1538 4086 παραμύθιον
1565 4010 1718 4079 εὖρο-

174 4101 282 4189 μεν,
312 4117 408 4171 καὶ
443 4117 537 4170 τοῦ
597 4114 788 4184 βαθέος
835 4110 1044 4163 ἐκείνου
1093 4108 1287 4176 νέφους
1331 4106 1428 4174 τῆς
1457 4101 1714 4171 ἀθυμίας,

166 4211 342 4280 ὥσπερ
372 4207 791 4262 ἀνακύπτουσαν
843 4202 1072 4270 ἔσχομεν
1101 4200 1197 4268 τὴν
1239 4196 1436 4266 ψυχὴν,
1484 4194 1717 4264 μάλιστα

170 4303 218 4354 δὲ
251 4304 327 4356 ὅτι
367 4301 459 4354 καὶ
494 4300 583 4353 διὰ
628 4297 727 4366 τῆς
778 4296 928 4357 θείας
977 4293 1267 4360 ἐλπίζομεν
1307 4287 1717 4359 φιλανθρωπίας

1829 1997 2039 2053 vulneri
2068 1997 2312 2054 sanando
2342 1999 2411 2053 sil
2435 2009 2583 2069 apta.
2628 1998 2686 2055 Si
2714 2003 2835 2070 quis
2862 2003 3004 2058 enim
3039 2004 3252 2076 singula
3273 2023 3392 2077 qua:

1792 2090 1938 2144 -dix.i
1967 2090 2264 2154 examinat,
2305 2091 2628 2159 gravissima
2675 2107 2802 2148 sunt
2843 2105 3012 2164 certe,
3065 2112 3392 2170 omnemque

1825 2184 2222 2253 cogitationem
2290 2198 2397 2238 non
2436 2183 2503 2238 ad
2534 2185 2963 2242 consolationem
2993 2188 3086 2243 sed
3113 2189 3181 2243 ad
3219 2182 3388 2246 an’imi

1825 2274 2179 2344 dejectionem
2229 2283 2284 2329 et
2327 2274 2700 2344 aegritudinem
2729 2292 2842 2347 prae
2873 2292 3036 2334 onere
3061 2279 3340 2338 deducunt
3368 2302 3385 2336 :

1826 2364 1970 2435 quod
2023 2362 2142 2419 fere
2195 2373 2248 2419 et
2292 2364 2450 2420 nobis
2495 2367 2694 2421 accidit
2735 2368 3181 2439 cum‘inopinate
3222 2373 3385 2426 triste

1824 2457 2078 2512 nuntium
2118 2457 2436 2512 ad‘nostras
2469 2474 2628 2514 aures
2661 2461 2925 2529 pervenit.
2966 2462 3100 2516 Cum
3142 2465 3292 2520 enim
3334 2465 3389 2520 id

1825 2550 2153 2615 audivimus,
2183 2548 2367 2604 statim
2401 2550 2472 2604 ita
2497 2550 2684 2619 dolore
2701 2541 2826 2606 victi
2852 2568 3042 2609 sumus
3063 2563 3115 2609 et
3144 2565 3387 2627 stupore.

1828 2649 1886 2692 ut
1912 2654 2046 2708 pene
2089 2653 2190 2694 nec
2219 2652 2404 2694 vocem
2455 2641 2703 2695 emittere
2739 2656 2838 2697 nec
2875 2657 3200 2711 quemquam
3233 2646 3388 2700 nobis

1825 2728 2138 2798 loquentem
2198 2730 2388 2784 audire
2437 2731 2802 2799 potuerimus,
2855 2731 2992 2788 adeo
3053 2735 3153 2788 sub
3181 2736 3387 2792 doloris

1827 2819 2063 2888 pondere
2089 2835 2190 2875 cor
2217 2817 2554 2875 confractum
2593 2831 2694 2878 est.
2733 2821 2973 2878 Tandem
3007 2840 3133 2880 vero
3165 2834 3218 2880 et
3266 2839 3388 2896 post

1827 2915 2053 2970 multum
2085 2915 2341 2985 temporis
2365 2922 2609 2968 nostram
2649 2920 2986 2969 resumentes
3012 2915 3302 2981 rationem,
3334 2926 3390 2970 et

1825 3006 2056 3076 primum
2079 3005 2296 3076 quidem
2322 3005 2812 3060 animadvertentes
2837 3006 3149 3061 communia
3179 3017 3386 3063 natura:

1825 3097 1956 3164 tata,
1993 3109 2047 3155 et
2087 3115 2208 3172 qum
2265 3102 2332 3154 ab
2378 3098 2532 3154 initio
2574 3099 2890 3172 heminibus
2942 3109 3276 3169 competant,
3329 3103 3382 3155 iu

1826 3193 2005 3248 animo
2044 3200 2340 3247 statuentes
2371 3190 2508 3245 nihil
2546 3205 2747 3250 novum
2783 3202 2840 3246 et
2878 3192 3195 3246 inusitatum
3232 3194 3389 3247 nobis

1826 3283 2107 3348 accidisse,
2159 3284 2251 3338 sed
2290 3282 2435 3353 quod
2480 3282 2617 3337 solet
2662 3282 2914 3338 humana:
2956 3282 3111 3349 vitae;
3165 3285 3388 3355 insuper

1824 3385 2006 3430 autem
2060 3386 2116 3431 et
2150 3375 2428 3431 Creatoris
2475 3385 2530 3430 et
2584 3377 2796 3433 Domini
2838 3376 3180 3447 dispositioni
3215 3389 3388 3433 atten-

1825 3469 2033 3534 dentes,
2052 3466 2554 3536 scientesqueillum
2581 3466 2766 3521 omnia
2801 3467 2866 3522 ad
2890 3469 3168 3522 utilitatem
3204 3467 3386 3538 dispo-

1809 3573 1971 3621 nere,
2024 3558 2323 3626 meliusque
2377 3571 2500 3610 eum
2549 3556 2783 3627 dirigere
2824 3572 2885 3611 ea
2935 3573 3056 3627 qua:
3116 3567 3243 3612 sunt
3276 3574 3388 3614 sum

1824 3656 2090 3705 creaturae
2121 3661 2281 3716 quam
2319 3647 2364 3702 si
2402 3661 2498 3702 nos
2526 3648 2629 3717 ipsi
2668 3648 2828 3702 nobis
2873 3664 3058 3703 curam
3088 3661 3141 3704 et
3165 3666 3384 3719 operam

1828 3737 2288 3807 impenderemus,
2340 3735 2683 3804 refrigerium
2732 3736 3003 3804 quoddam
3044 3743 3098 3790 et
3141 3735 3383 3790 levamen

1828 3828 2151 3890 invenimus,
2175 3837 2228 3882 et
2244 3842 2308 3883 ex
2325 3826 2486 3881 densa
2517 3826 2605 3880 illa
2624 3826 2939 3895 dejectionis
2962 3827 3266 3897 nubequasi
3297 3844 3382 3880 re-

1825 3919 2020 3975 fectam
2066 3919 2361 3979 habuimus
2413 3927 2697 3984 mentem;
2742 3921 2978 3973 maxime
3021 3928 3203 3974 autem
3258 3921 3383 3989 quia

1822 4026 1921 4082 pro
1944 4013 2123 4066 divina
2151 4010 2414 4064 charitate
2439 4024 2723 4079 speramus
2754 4025 2871 4064 eam
2900 4026 3019 4080 quae
3045 4027 3142 4065 nos
3172 4012 3388 4082 reliquit

1826 4114 1878 4156 et
1917 4111 2054 4154 Vana
2106 4100 2195 4152 illa
2239 4101 2347 4153 vita
2395 4100 2651 4164 excessit,
2698 4099 2826 4153 illuc
2884 4101 3235 4154 deventuram
3293 4104 3381 4155 ubi

1824 4209 1985 4249 omne
2038 4192 2314 4262 gaudium.
2356 4193 2534 4246 omnis
2571 4192 2853 4255 serenitas,
2889 4191 3068 4246 omnis
3119 4193 3380 4256 suavitas,

1824 4283 2004 4338 omnis
2033 4282 2442 4352 impassibtlitas
2476 4291 2528 4335 et
2557 4282 2773 4351 requies
2803 4280 3030 4337 inﬁnita.

172 4397 256 4465 την
300 4394 706 4450 καταλιποῦσαν
749 4391 896 4460 ἡμᾶς
943 4388 1040 4440 καὶ
1091 4388 1187 4454 τῆς
1239 4382 1476 4454 ματαίας
1514 4380 1906 4457 ταύτηςίζωῆς
1971 4378 2291 4446 ἐξελθοῦσαν
2315 4380 2394 4441 είς
2460 4379 2667 4431 ἐκεῖνον
2694 4377 2781 4430 τὸν
2816 4377 2979 4431 τόπον
3005 4378 3379 4446 καταντήσειν,

172 4489 222 4542 οὗ
253 4490 396 4542 πᾶσα
425 4487 520 4559 μὲν
553 4485 720 4556 χαρὰ,
744 4486 891 4560 πᾶσα
920 4481 975 4533 δὲ
997 4475 1310 4551 φαιδρότης,
1336 4481 1484 4531 πᾶσα
1508 4478 1562 4528 δὲ
1590 4475 1865 4546 γλυκύτης
1899 4475 1993 4527 καὶ
2023 4474 2257 4526 ἀπάθεια
2289 4472 2381 4523 καὶ
2412 4470 2594 4534 ἄνεσις
2630 4470 2841 4533 ἄλυτος.

234 4583 437 4645 Ταῦτα,
484 4579 675 4632 τέκνον
728 4576 880 4646 ἐμὸν,
930 4575 1024 4626 καὶ
1058 4572 1114 4623 σε
1156 4572 1417 4641 φρόνιμον
1453 4568 1582 4621 ὄντα
1621 4568 1714 4620 καὶ

1891 4565 2036 4630 Haec,
2073 4566 2145 4619 ﬁli
2179 4567 2271 4630 mi,
2309 4573 2494 4633 utpote
2516 4563 2606 4632 qui
2634 4578 2690 4618 es
2731 4574 2786 4617 et
2812 4564 2923 4632 ipse
2963 4563 3199 4631 prudens
3225 4563 3381 4618 etin-

176 4676 376 4729 συνετὸν
409 4672 546 4728 Θεοῦ
599 4670 805 4741 χάριτι,
851 4667 958 4720 καῖ’
990 4664 1376 4737 παρακαλείτω
1405 4663 1497 4714 καὶ
1538 4676 1713 4729 παρα-

180 4765 436 4835 μυθείσθω
469 4763 565 4819 καὶ
595 4760 1044 4829 ἀνακουφιξέσθω
1081 4758 1180 4826 τῆς
1213 4757 1476 4826 ὀδυνηρᾶς
1503 4752 1719 4806 διαστά-

178 4873 318 4920 σεως.
346 4857 456 4910 Οὐκ
486 4851 555 4926 ἦν
588 4855 736 4924 ἡμᾶς
769 4853 936 4921 χωρὶς
965 4849 1192 4911 πένθους
1225 4850 1318 4900 καὶ
1350 4845 1594 4899 κοπετῶν
1625 4846 1717 4896 κού⁸

179 4949 498 5019 σπαραγμῶν
558 4946 799 5014 ἐνεγκεῖν
830 4944 926 5012 τὴν
988 4941 1288 5002 διάστασιν,
1343 4938 1461 4990 οὐδὲ
1492 4938 1598 5005 γὰρ
1626 4932 1713 5005 ἦν.

187 5040 617 5110 Ἐπενθησαμεν,
678 5036 975 5104 ὲκὸψαμεν,
1033 5029 1479 5100 ὲσπαράχθημεν.
1539 5027 1714 5094 Μέχρι

177 5133 348 5185 τούτου
390 5135 674 5203 στήσωμεν
707 5128 766 5179 τὺ
817 5123 1033 5189 πένθος,
1070 5123 1368 5189 παύσωμεν
1403 5118 1714 5189 σπαραττόο

181 5241 331 5290 μενοι.
377 5226 470 5279 Διά
497 5223 578 5288 ti;
612 5219 802 5288 καιρὸν
838 5217 1050 5269 λύοντα.
1087 5214 1151 5266 Τί
1182 5209 1308 5276 οὖνς
1357 5213 1479 5262 Ἐπὶ
1514 5210 1714 5261 τούτων

180 5318 372 5368 πάντων
407 5315 722 5382 σωζομένην
756 5311 984 5381 ὁρῶντες
1021 5306 1117 5375 τὴν
1148 5305 1300 5367 τάξιν
1328 5306 1423 5371 τῆς
1475 5302 1711 5370 φύσεως,

179 5409 310 5460 οὐδέν
354 5426 402 5460 τι
451 5410 754 5477 πάσχομεν,
803 5403 922 5454 οὐδὲ
967 5396 1316 5464 καινοτομίαν
1367 5396 1490 5445 τινα
1550 5390 1712 5461 ἡγού-

186 5501 306 5564 μεθα
329 5502 381 5552 τὸ
406 5503 703 5569 γινόμενον.
740 5498 830 5557 Εἰς
863 5495 1005 5563 ἡμᾶς
1040 5491 1094 5541 δὲ
1130 5492 1331 5556 μόνους
1355 5486 1607 5554 ὁρῶντες,
1640 5485 1711 5542 ως

183 5595 634 5662 καινοτομούμενοι
654 5587 972 5654 πενθοῦμεν,
993 5586 1072 5636 ὅτι
1096 5583 1233 5635 κατά
1257 5582 1378 5640 τοὺς
1396 5580 1605 5638 κοινοὺς
1628 5578 1711 5627 νό-

192 5707 298 5755 μους
311 5689 748 5761 οἱκονομούμεθα.
771 5687 880 5739 Καὶ
896 5684 1008 5746 πῶς
1027 5683 1173 5748 ἄξιον
1198 5679 1352 5732 τοῦτο
1375 5678 1467 5745 τῆς
1500 5680 1597 5745 σῆς
1619 5677 1712 5726 καὶ

191 5782 486 5842 παιδεύσεως
524 5781 619 5834 καὶ
637 5779 903 5836 συνέσεως
920 5776 1011 5826 καὶ
1043 5774 1148 5826 τῶν
1165 5771 1322 5822 θείων
1343 5768 1590 5829 ἐλπίδων,
1625 5762 1711 5823 αῖς

193 5869 354 5923 ἑαυτὸν
371 5871 754 5942 ἐξανηρτησας;
785 5867 922 5920 Ἀλλ’
945 5867 1192 5931 ἐᾰςωμεν
1215 5863 1270 5912 τὸ
1297 5861 1483 5919 πένθος
1500 5903 1508 5919 ,
1528 5862 1592 5908 τέι
1617 5857 1672 5906 ζα
1696 5885 1702 5893 -

1821 4660 2088 4730 tclligens,
2118 4657 2207 4712 Dei
2239 4658 2433 4726 gratia,
2468 4666 2518 4710 te
2548 4657 2894 4709 consolentur
2927 4666 2978 4708 et
3013 4657 3104 4708 tibi
3139 4656 3378 4712 animum

1823 4755 2076 4817 relevent,
2122 4759 2175 4804 et
2221 4747 2507 4802 dolendam
2541 4747 2934 4814 separatiouem
2990 4746 3213 4799 leniant.
3263 4747 3378 4801 Non

1757 4857 1762 4862 '
1821 4843 1857 4895 ii
1917 4843 2116 4896 fuimus
2172 4841 2264 4909 qui
2329 4839 2532 4906 absque
2589 4836 2735 4888 luctu
2775 4846 2828 4886 et
2874 4834 3062 4887 dolore
3109 4844 3159 4888 et
3214 4836 3376 4887 animi

1822 4933 2242 4990 laccrationibus
2287 4929 2681 4999 separationem
2739 4927 3043 4991 ferremus;
3085 4928 3208 4978 non
3263 4927 3376 4979 tieri

1818 5035 1934 5081 erat
1972 5026 2229 5088 luximus,
2282 5016 2573 5084 doluimus,
2617 5019 2832 5072 lacerati
2881 5032 3110 5071 sumus:
3168 5014 3377 5068 [lucus-

1818 5131 1921 5183 que
1967 5116 2224 5168 sistamus
2262 5113 2499 5174 luctum;
2555 5109 2832 5161 doloribus
2881 5109 3036 5158 linem
3090 5104 3371 5159 faciamus.

1818 5205 2041 5271 Quare?
2073 5213 2287 5272 tempus
2320 5202 2523 5255 lenivit.
2556 5199 2692 5264 Quid
2743 5198 2902 5266 igitur
2936 5197 2956 5248 ?
2991 5195 3048 5248 In
3085 5196 3170 5250 his
3201 5197 3375 5248 omni-

1818 5300 1918 5352 bus
1947 5305 2217 5351 servatum
2271 5294 2509 5347 videntes
2554 5290 2797 5344 ordinem
2842 5298 3071 5350 natura,
3111 5287 3241 5340 nihil
3277 5301 3372 5353 pa-

1818 5393 2000 5454 timur,
2035 5403 2135 5442 nec
2166 5387 2460 5441 novitatem
2492 5383 2780 5454 quamdam
2816 5392 3127 5449 reputantus
3155 5378 3205 5430 id
3228 5383 3369 5445 quod

1816 5492 2013 5537 evenit.
2050 5483 2106 5532 ln
2140 5495 2234 5533 nos
2262 5490 2442 5531 autem
2476 5477 2617 5531 solos
2653 5475 3025 5542 respicientes,
3057 5472 3212 5540 quasi
3245 5472 3368 5523 novi

1815 5575 2014 5642 aliquid
2042 5573 2293 5640 patimur,
2324 5571 2584 5638 lugemus,
2613 5583 2735 5619 cum
2769 5568 2914 5634 juxta
2948 5565 3089 5632 leges
3118 5579 3365 5616 commu-

1816 5661 1913 5718 nes
1945 5665 2324 5731 gubernemur.
2360 5662 2423 5713 Et
2446 5660 2719 5729 quomodo
2754 5657 2890 5709 istud
2925 5657 3145 5725 dignum
3172 5663 3224 5708 et
3275 5665 3364 5705 tua

1815 5758 2134 5812 educatione
2165 5765 2216 5809 et
2259 5753 2609 5822 intelligentia
2669 5757 2721 5802 et
2764 5748 2969 5802 caelesti
3019 5761 3113 5813 spe
3173 5744 3258 5797 cui
3290 5751 3368 5797 te-

1821 5865 1990 5920 ipsmn
2032 5848 2413 5904 ad.—.lixisti?At
2441 5846 2774 5899 dimittamus
2809 5843 3029 5903 luctum,
3084 5840 3371 5904 lacrymas,
