4074 6508
675 440 780 503 23‘}

1801 416 2121 505 NICOLAI'
2142 446 2258 506 cr.
2302 448 2807 508 PATRIARCILE

3788 445 3890 506 240

671 553 965 608 tristitiam.
1021 551 1175 622 Apud
1227 551 1587 621 nosmetipsos
1622 551 1834 618 simus;
1877 563 1928 607 et
1960 553 2216 608 cedamus

2328 572 2468 626 κρυα
2499 557 2596 626 τὴν
2626 558 2948 627 κατήφειαν.
2979 557 3264 629 Γενώμεοα
3294 561 3444 629 ἡμῶν
3467 556 3665 625 αὐτῶν,
3688 563 3779 615 καὶ
3800 583 3896 617 πα-

669 644 762 699 Dei
809 644 1052 714 judiciis,
1103 643 1194 713 qui
1243 643 1389 698 dedit
1420 652 1474 698 et
1497 644 1684 706 vitam,
1737 653 1896 713 prout
1924 644 2025 713 ipsi
2051 646 2227 699 visum

667 745 773 798 est.
811 747 863 792 et
893 736 1202 790 convictum
1236 733 1403 803 huius
1441 733 1775 789 suavissima:
1817 734 2020 790 sororis
2053 749 2225 804 quan-

669 838 781 881 tum
838 828 1139 882 conducere
1186 823 1532 889 existimavit,
1560 824 1814 895 illamque
1847 826 1912 880 ad
1941 840 2001 881 se
2029 826 2231 895 recepit

669 919 965 973 secundum
997 932 1159 972 suum
1207 917 1532 986 profundum
1561 917 1837 974 decretum
1867 924 1919 971 et
1935 915 2224 987 judicium.

667 1006 853 1060 Melius
884 1005 973 1060 ille
1002 1020 1162 1076 (luam
1189 1005 1331 1072 qqu
1366 1019 1463 1059 nos
1494 1005 1748 1059 volumus
1779 1014 1872 1059 aut
1912 1020 2225 1075 precamur,

665 1109 792 1149 vere
856 1095 1133 1150 beneﬁcus
1198 1092 1359 1147 Pater
1413 1103 1598 1149 nostra
1665 1093 1849 1164 dirigit
1897 1103 1952 1148 et
2009 1094 2232 1149 deducit

668 1187 734 1240 ad
771 1196 1007 1241 nostram
1065 1185 1374 1240 utilitatem.
1426 1186 1537 1240 Nos
1600 1186 1713 1240 sola
1770 1186 2026 1241 ducimur
2075 1188 2231 1258 cupi-

667 1278 854 1344 ditate,
885 1286 938 1332 et
957 1277 1023 1332 ad
1050 1277 1221 1348 ipsam
1243 1276 1617 1333 existimamus
1642 1278 1772 1332 utile
1803 1276 2186 1334 conferendum
2211 1296 2224 1332 :

665 1380 720 1424 et
773 1369 817 1423 si
854 1369 1067 1438 quidem
1103 1385 1190 1424 res
1217 1379 1520 1438 congruunt
1567 1368 1868 1437 cupiditati,
1908 1368 2043 1424 bene
2074 1370 2230 1425 nobis

2332 649 2862 718 ραχωρήσωμεντοῖς
2890 650 3121 720 κρίμασι
3143 649 3238 702 τοῦ
3261 650 3417 717 Θεοῦ,
3442 652 3501 716 ὃς
3532 654 3775 724 παρέσχε
3801 658 3893 708 καὶ

2329 736 2426 808 τὴν
2452 740 2666 805 γένεσιν
2694 739 2873 802 καθὼς
2901 740 3062 804 αὐτὸς
3099 740 3410 812 ἐδοκίμασε,
3438 744 3534 796 καὶ
3574 746 3896 815 συμϐιοτεύ-

2333 831 2582 900 σατήμῖν
2611 831 2708 900 τὴν
2739 829 3084 902 γλυκυτάτην
3113 832 3345 904 ἀδελφὴν
3377 835 3502 887 ὅσον
3525 835 3714 907 ἔκρινε
3749 857 3893 905 συμ-

2330 916 2541 987 φέρειν,
2603 918 2698 969 καὶ
2755 917 3119 986 προσελάϐετο
3156 916 3360 988 ταύτην
3387 919 3529 973 κατὰ
3573 921 3672 991 τὴν
3727 922 3893 976 αὐτοῦ

2329 1009 2634 1079 ἀπόρρητον
2671 1007 2865 1080 βουλὴν
2893 1011 2986 1062 καὶ
3026 1008 3223 1080 κρίσιν.
3242 1010 3430 1063 Πλεῖον
3454 1012 3678 1077 ἐκεῖνος,
3708 1013 3741 1083 ἢ
3772 1015 3897 1067 ὅσον

2328 1099 2492 1168 ἡμεῖς
2531 1096 2830 1168 βουλόμεθα
2868 1097 2964 1151 καὶ
2995 1098 3289 1167 εὐχόμεθα,
3319 1100 3346 1152 ὁ
3367 1099 3667 1169 φιλόψυχος
3724 1101 3894 1164 ὅντως

2330 1190 2522 1260 Πατὴρ
2551 1179 2895 1259 τὰημέτερα
2921 1191 3188 1243 διευθετεῖ
3219 1191 3313 1243 καὶ
3366 1191 3601 1260 διεξάγει
3637 1192 3774 1263 πρὸς
3834 1194 3898 1246 τὸ

2332 1282 2634 1351 συμφέρον.
2688 1279 2876 1348 Ἡμεῖς
2915 1283 3049 1352 μόνῃ
3075 1283 3141 1352 τῇ
3184 1281 3452 1354 ἐπιθυμίᾳ
3483 1284 3781 1352 ἑλκόμεθα,
3801 1286 3898 1338 καὶ

2331 1370 2467 1441 πρὸς
2505 1370 2708 1438 ταύτην
2737 1369 3030 1441 νομίζομεν
3063 1372 3158 1424 καὶ
3196 1370 3257 1423 τὸ
3296 1369 3570 1440 ὠφέλιμον
3626 1371 3901 1440 συμεισάο

665 1472 887 1512 currere
924 1459 1084 1511 vitam
1120 1471 1400 1512 censemus
1436 1471 1455 1509 :
1485 1457 1566 1510 sin
1594 1467 1801 1521 autem,
1853 1459 2005 1527 quasi
2054 1458 2106 1512 in
2143 1459 2225 1512 in-

2330 1464 2442 1528 ζειν
2473 1480 2489 1498 ο
2516 1463 2621 1516 κᾶν
2658 1462 2759 1532 μὲν
2778 1466 3066 1532 ’συντρέχῃ
3096 1461 3163 1516 τὰ
3189 1462 3489 1530 πράγματα
3509 1465 3574 1532 τῇ
3609 1463 3895 1533 ἐπιθυμίᾳ.

666 1547 934 1600 toleranda
985 1547 1091 1599 vita
1138 1546 1534 1614 angustiamur.
1581 1544 1679 1600 Hic
1723 1555 1903 1601 autem
1935 1561 2044 1601 non
2074 1549 2223 1614 item,

2329 1551 2507 1614 καλῶς
2541 1553 2675 1620 ἡμῖν
2726 1550 2986 1619 φέρεσθαι
3035 1551 3126 1601 τὸν
3171 1549 3284 1618 βίον
3329 1549 3810 1620 ὑπολαμϐάνομεν,
3845 1553 3896 1603 εί

667 1635 761 1690 sed
789 1650 884 1704 per
919 1649 990 1692 ea
1010 1650 1130 1705 quae
1165 1635 1356 1692 acerba
1411 1646 1466 1692 et
1501 1636 1725 1691 molesta
1769 1637 2040 1704 videntur,
2108 1639 2225 1708 plus

2328 1639 2385 1692 δὲ
2428 1640 2524 1708 μὴ,
2557 1638 2631 1701 ὡς
2651 1638 2750 1689 ἐπ’
2775 1636 3078 1705 άσυμφόρῳ
3101 1637 3201 1706 τῆς
3215 1637 3362 1706 ζωῆς
3390 1638 3895 1709 στενοχωρούμεθα.

664 1722 936 1778 commodi
958 1723 1182 1792 largitur
1204 1739 1366 1792 quam
1387 1724 1509 1794 quis
1533 1724 1820 1779 crediderit
1871 1739 1933 1778 es
1970 1726 2225 1796 jucundis

2342 1731 2578 1792 Ἐκεῖνος
2606 1728 2664 1782 δὲ
2693 1729 2790 1796 οὐχ
2819 1728 3011 1791 οὓτως,
3039 1727 3176 1782 ἀλλὰ
3209 1728 3303 1781 καὶ
3331 1729 3420 1781 διὰ
3451 1728 3560 1781 τῶν
3580 1729 3774 1782 λυπεῖν
3799 1732 3900 1782 καὶ

665 1815 950 1869 utilitatem
988 1814 1683 1884 percipere.'Transeamus
1717 1816 1878 1885 igitur
1905 1820 1970 1872 ad
2025 1819 2225 1887 gratia-

2331 1822 2553 1892 στύφειν
2575 1819 2894 1886 δοκούντων,
2925 1818 3088 1872 πλέον
3120 1818 3178 1872 τὸ
3198 1818 3392 1887 ὄφελος
3414 1818 3652 1882 δίδωσιν,
3710 1822 3742 1890 ἢ
3773 1822 3902 1874 ὅσον

665 1920 785 1958 rum
808 1906 1100 1970 actionem,
1129 1905 1196 1959 ad
1223 1904 1461 1971 laudem,
1517 1907 1583 1960 ad
1615 1906 2064 1974 benedictionem,
2100 1924 2223 1980 gra-

2328 1915 2390 1968 άν
2418 1931 2503 1976 τις
2528 1914 2792 1983 ἡγήσαιτο
2832 1911 2916 1964 διὰ
2943 1909 3051 1963 τῶν
3082 1905 3384 1981 ἡδυνόντων
3403 1909 3765 1979 ὠφελεῖσθαι.
3789 1913 3903 1965 ὡσ-

667 1995 772 2049 tias
804 1996 1021 2065 quidem
1053 2004 1275 2062 agentes
1312 2011 1413 2066 pro
1443 2006 1647 2064 quanto
1690 2007 1930 2069 tempore
1974 2002 2225 2055 convictu

2330 2023 2392 2059 τε
2425 2003 2819 2076 μεταδάλωμεν
2853 2005 2933 2066 είς
2964 2003 3332 2072 εὐχαριστίαν,
3369 2002 3450 2065 είς
3498 1998 3666 2065 αίνον,
3701 2003 3781 2064 είς
3812 2001 3906 2054 δο-

667 2085 817 2141 illius
868 2087 950 2142 usi
993 2101 1207 2151 sumus,
1240 2088 1444 2158 gratias
1470 2101 1689 2160 quoque
1723 2105 1870 2144 nunc
1906 2090 2225 2146 exhibentes

2333 2094 2580 2163 ξολογίαν
2611 2093 2772 2165 χάριν
2806 2093 2904 2163 μὲν
2939 2092 3140 2155 ειδότες
3170 2094 3256 2161 ἐφ’
3294 2093 3417 2145 ὅσον
3441 2091 3631 2160 καιρὸν
3651 2092 3866 2145 άπελαύ
3887 2121 3904 2133 ο

668 2177 814 2246 quod
855 2177 922 2232 de
964 2193 1099 2242 vana
1142 2181 1244 2233 hac
1274 2188 1331 2234 et
1377 2179 1607 2234 molesta
1660 2195 1894 2251 vereque
1943 2182 2225 2253 multiplici

2333 2201 2506 2256 σαμεν
2533 2183 2631 2256 τῆς
2663 2182 3038 2254 συμΰιώσεως,
3069 2181 3231 2253 χάριν
3250 2181 3306 2235 δὲ
3332 2181 3426 2235 νῦν
3480 2181 3905 2251 ὁμολογοῦντες,

667 2268 814 2323 luctu
839 2267 1038 2324 referta
1072 2268 1181 2324 vita
1213 2269 1427 2325 sublata
1461 2285 1638 2337 soror,
1670 2271 1737 2324 ad
1769 2273 1981 2326 beatam
2034 2287 2228 2342 perve-

667 2358 750 2413 nit
779 2361 942 2413 vltam
967 2367 1022 2415 et
1053 2360 1290 2426 quietem
1319 2363 1469 2415 omni
1499 2360 1689 2416 dolore
1720 2371 1774 2416 et
1794 2361 2014 2417 tristitia
2042 2377 2230 2419 exem-

666 2459 836 2519 ptam,
854 2459 908 2505 ct
927 2449 1153 2520 proinde
1164 2451 1325 2520 digna
1351 2465 1458 2504 non
1477 2466 1597 2520 qua
1623 2451 1890 2520 lugeatur,
1911 2453 2005 2508 sed
2031 2454 2117 2508 cui
2135 2456 2231 2525 po-

667 2542 771 2598 tius
811 2542 1133 2610 invideatur,
1170 2549 1224 2596 et
1275 2541 1431 2610 cujus
1464 2541 1744 2596 beatitudo
1765 2543 2086 2599 celebretur.

876 2837 1102 2897 XLVI“.
1139 2813 1390 2910 Gregorio
1421 2836 1612 2907 Ephesi
1652 2838 2016 2907 ineIropolitw.

725 2959 947 3012 Praeter.
985 2968 1254 3011 maerores
1311 2951 1498 3006 multis
1548 2936 1834 3007 doloribus
1891 2951 2228 3007 laborantem

663 3049 900 3106 animam
939 3055 1181 3103 nostram
1231 3052 1561 3115 prementes,
1610 3041 1685 3096 fili
1714 3043 1787 3097 mi
1831 3042 2224 3109 sacratissime,

627 3149 630 3152 ’
666 3144 739 3196 ita
774 3155 858 3194 me
900 3138 1197 3194 allecerunt
1229 3136 1477 3192 nuntiata
1520 3150 1616 3206 per
1650 3143 1772 3190 tuas
1818 3135 2030 3191 litteras
2085 3137 2228 3191 mala

2330 2276 2412 2329 δτι
2443 2275 2520 2343 ικξ
2541 2270 2640 2344 τῆς
2691 2271 3052 2344 ματαιότητος
3081 2270 3299 2341 ταύτης
3345 2271 3568 2337 καὶτῆς
3619 2269 3906 2324 ἑπωδύνου

2332 2368 2429 2421 καὶ
2483 2367 2653 2430 δντως
2690 2361 3058 2427 πολυπενθοῦς
3100 2361 3246 2433 ζωῆς
3315 2363 3573 2431 ἁπάρασα
3605 2364 3638 2432 η
3692 2361 3908 2431 ἀδελφὴ

2332 2456 2472 2528 πρὸς
2499 2456 2599 2526 τὴν
2641 2456 2921 2526 μακαρίαν
2975 2455 3278 2524 κατήντησε
3327 2452 3422 2507 καὶ
3452 2452 3597 2523 ζωὴν
3639 2453 3731 2506 καὶ
3755 2453 3909 2505 ἁπό-

2329 2545 2546 2609 λαυσιν,
2568 2545 2664 2598 καὶ
2694 2544 2880 2615 πάσης
2895 2542 3075 2614 λύπης
3111 2541 3400 2612 ἐλευθέραν
3425 2543 3521 2595 καὶ
3553 2542 3903 2610 κασιςηιρείας⁹

2331 2635 2428 2689 καὶ
2455 2634 2546 2689 διὰ
2596 2632 2756 2688 τοῦτο
2789 2633 2947 2701 ἀξίας
2993 2632 3162 2705 οὔσης
3206 2633 3328 2704 οὑχὶ
3373 2632 3709 2698 πενθεῖσθαι,
3756 2634 3911 2688 ’ἀλλὰ

2332 2723 2627 2792 ζηλοῦσθαι
2661 2721 2862 2794 μᾶλλον
2893 2724 2988 2778 καὶ
3041 2723 3467 2798 μακαρίζεσθαι.

2376 2879 2379 2883 .
2469 2831 2612 2885 Μιιο.
2653 2833 2958 2902 Γρηγορίφ
3020 2834 3426 2903 μητροπολίτῃ
3480 2817 3756 2904 Ἐφέσοιμ

2409 2944 2537 2999 Ἐπὶ
2580 2948 2694 3010 τοῖς
2728 2948 3322 3019 προκατειργασμένοις
3398 2946 3497 3019 τὴν
3561 2949 3912 3006 πολυώδυνον

2330 3037 2488 3109 ἡμῶν
2517 3037 2716 3109 ψυχὴν,
2745 3039 2934 3093 τέκνον
2964 3040 3132 3110 ἡμῶν
3191 3040 3511 3111 ἱερώτατον,
3559 3042 3908 3111 άλγήμασιν.

2330 3127 2473 3183 οὕτω
2501 3130 2720 3201 διέθηκε
2741 3130 2812 3184 τά
2843 3129 2940 3184 νῦν
2974 3131 3349 3185 καταλαϐόντα
3398 3131 3487 3185 διά
3510 3131 3609 3203 τῆς
3650 3133 3758 3186 τῶν
3789 3134 3913 3188 σῶν

666 3243 726 3285 ut
767 3246 904 3301 pene
939 3239 1094 3285 extra
1154 3242 1241 3282 me
1282 3228 1492 3298 positus
1525 3228 1656 3294 sim,
1689 3236 1743 3282 et
1778 3242 1890 3296 pra:
1928 3227 2096 3285 multa
2131 3243 2225 3282 an-

2333 3223 2677 3291 γραμμάτων
2730 3221 3073 3292 ἀπαγγελίας
3116 3221 3364 3290 ἀλγεινὰ,
3398 3221 3714 3292 ὠςημικροῦ
3760 3222 3914 3293 πρὸς

665 3321 850 3391 gustia.
880 3318 1089 3388 aliquid
1133 3317 1313 3373 simile
1345 3331 1540 3388 passus
1563 3317 1667 3372 sim
1708 3316 1793 3372 his
1825 3316 1942 3386 qui,
1980 3318 2035 3371 in
2061 3317 2227 3373 vehe-

667 3412 1381 3479 mentissimatempestate,
1432 3408 1680 3463 hiscente
1730 3409 1866 3462 mari
1905 3408 2229 3478 deprehensi

665 3519 881 3558 onmem
915 3500 1182 3570 dejiciunt
1223 3497 1375 3570 spem
1420 3497 1651 3564 salutis;
1692 3497 1796 3553 nisi
1842 3496 1969 3567 quia
2002 3499 2232 3568 praebuit

664 3594 758 3662 qui
783 3592 984 3662 ubique
1025 3591 1192 3647 adest
1217 3590 1510 3645 auxiliator
1531 3590 1603 3645 ad
1638 3603 1699 3644 se
1734 3588 1931 3655 redire,
1967 3598 2022 3645 et
2066 3589 2228 3646 (idem

665 3685 793 3738 fecit
824 3685 893 3739 iis
916 3681 1116 3759 quibus
1149 3696 1334 3752 usque
1357 3681 1539 3737 adhuc
1568 3695 1789 3735 manum
1822 3680 2014 3737 fortem
2053 3683 2228 3753 porri-

664 3792 789 3846 gere
847 3789 953 3829 non
989 3774 1218 3837 destitit,
1261 3787 1362 3829 nec
1390 3774 1626 3828 cessavit
1672 3781 1891 3842 propter
1939 3766 2226 3829 inenai'rs-

665 3869 828 3922 bilem
866 3865 1200 3921 bonitatem
1248 3865 1317 3921 de
1370 3864 1683 3920 innumeris
1728 3874 1780 3920 et
1833 3865 2228 3936 multiplicibus

666 3959 888 4017 casibus
918 3956 1217 4013 Ecclesiam
1282 3969 1485 4011 suam..
1507 3955 1590 4010 ita
1617 3954 1762 4009 enim
1795 3955 1951 4012 nobis
1981 3956 2225 4011 animum

665 4047 1055 4119 recipientibus
1133 4059 1286 4114 spes.
1318 4043 1576 4098 meliores
1645 4059 1975 4100 conservare
2035 4048 2221 4115 etrapit.

661 4137 796 4202 Qua
821 4135 1036 4190 utinam.
1056 4142 1362 4198 serventur,
1391 4132 1608 4192 Christe
1639 4130 1890 4188 Salvator
1915 4150 2090 4200 meus,
2123 4150 2225 4190 nec

661 4235 881 4297 propter
916 4224 1181 4279 inﬁnitam
1231 4230 1578 4293 peccatorum
1628 4237 1874 4279 meorum
1924 4225 2225 4282 multitudi-

663 4330 787 4369 nem
834 4313 967 4369 miht
1002 4322 1058 4368 et
1110 4321 1314 4368 sancta
1339 4312 1595 4368 Ecclesia
1636 4321 1741 4367 tuae
1771 4317 2053 4384 pereant!
2097 4316 2223 4387 liae

663 4406 780 4471 tibi,
807 4405 879 4458 iiii
911 4403 1002 4472 ini,
1035 4403 1206 4458 habeo
1228 4403 1492 4458 scribere:
1518 4401 1592 4458 De
1617 4406 1848 4469 caeteris,
1880 4419 2074 4476 nempe
2101 4421 2223 4476 quas

663 4512 829 4568 penes
856 4505 983 4551 sunt
1014 4494 1312 4559 hominem,
1345 4495 1582 4556 auxiliis,
1618 4497 1753 4550 scito
1773 4511 1871 4551 nos
1892 4496 1948 4550 in
1974 4505 2218 4554 extrema

2332 3312 2590 3369 ἔκστασιν
2611 3311 2818 3367 ἑαυτῶν
2848 3312 3204 3383 καταστῆναι,
3223 3313 3315 3366 καὶ
3327 3316 3393 3383 τῇ
3423 3313 3592 3384 πολλῇ
3610 3314 3913 3385 ἀμηχανίᾳ

2331 3403 2516 3474 ὅμοιόν
2545 3419 2599 3456 τι
2632 3402 2828 3457 παθεῖν
2856 3405 2970 3466 τοῖς
2991 3405 3050 3456 ἑν
3073 3403 3304 3473 χειμῶνι
3328 3403 3675 3474 σφοδροτάτῳ
3703 3407 3916 3474 ἀχανεῖ

2332 3493 2820 3565 ἑναπειλημμόνοις
2849 3494 3102 3562 πελάγει,
3161 3497 3254 3548 καὶ
3298 3494 3389 3548 διὰ
3433 3493 3596 3548 τοῦτο
3638 3495 3912 3565 ρίπτουσι

2333 3585 2514 3648 πάσας
2557 3585 2657 3654 τῆς
2686 3585 2961 3656 σωτηρίας
2985 3584 3228 3648 ἐλπίδας.
3262 3585 3410 3656 Πλὴν
3431 3585 3515 3638 δτι
3559 3586 3841 3656 παρέσχεν
3877 3590 3912 3641 ό

2330 3674 2561 3729 πάντοτε
2588 3676 3001 3746 παριστάμενος
3048 3675 3266 3746 βοηθὸς,
3301 3676 3395 3729 καὶ
3415 3677 3731 3744 ἀνενεγκεῖν
3764 3677 3911 3730 ἐδω-
3951 3734 3956 3738 ,

2331 3785 2426 3838 κεν
2453 3769 2871 3839 ιπιλογίσασθαι
2905 3763 2988 3832 οἷς
3009 3770 3177 3840 μέχρι
3220 3772 3313 3824 καὶ
3344 3768 3437 3823 νῦν
3465 3770 3527 3823 οὗ
3549 3769 3765 3823 διέλιπε
3793 3771 3910 3842 τὴν

2332 3863 2576 3933 μεγάλην
2609 3863 2896 3932 ιπορᾶγων
2936 3864 3117 3934 χεῖρα,
3159 3862 3256 3918 καὶ
3287 3863 3548 3932 ῥυόμενος
3583 3863 3656 3916 δι’
3685 3861 3909 3931 ἄφατον

2327 3953 2641 4025 άγαθότητα
2677 3954 2784 4009 τῶν
2813 3955 3169 4024 πολυτρόπων
3223 3956 3319 4008 καὶ
3357 3953 3754 4025 πολυμηχάνων
3793 3956 3908 4025 τὴν

2327 4044 2654 4117 Ἐκκλησίαν
2699 4044 2865 4100 αὐτοῦ
2899 4047 3295 4116 περιστάσεων.
3329 4043 3420 4108 Et;
3444 4043 3602 4098 τοῦτο
3633 4044 3742 4113 γὰρ
3766 4047 3928 4101 ἀνεν-

2326 4135 2613 4205 νεγκοῢσιν
2643 4137 2778 4207 ἡμῖν
2814 4136 2914 4200 τὰς
2950 4136 3321 4207 χρηστοτέρας
3359 4127 3567 4205 ὑπῆρξε
3596 4133 3910 4198 διασώζειν,

2325 4225 2566 4290 ἐλπίδας.
2587 4226 2698 4280 Καὶ
2724 4226 2914 4297 εἴησαν
2949 4225 3364 4294 διασωζόμεναι,
3421 4224 3623 4294 Χριστέ
3656 4241 3761 4294 μου
3797 4229 3907 4279 καὶ

2305 4315 2532 4384 Σῶτερ,
2559 4317 2656 4390 καὶ
2700 4316 2775 4388 μὴ
2796 4315 2876 4386 τῷ
2902 4315 3113 4386 ἀπείρῳ
3134 4315 3243 4368 τῶν
3274 4316 3422 4385 ὲμῶν
3444 4314 3729 4385 ἁμαρτιῶν
3755 4315 3901 4388 πλη.

2325 4405 2405 4459 θει
2428 4407 2563 4476 ἡμῖν
2590 4423 2650 4459 τε
2690 4408 2782 4459 καὶ
2808 4409 2875 4478 τῇ
2908 4411 2973 4478 σῇ
3003 4407 3135 4477 ἁγίᾳ
3159 4405 3545 4460 διαπίπτουσαι
3593 4403 3897 4478 ἐκκλησίᾳ.

2325 4491 2511 4546 Ταῦτά
2537 4509 2640 4560 σοι,
2679 4494 2869 4548 τέκνον
2903 4494 3078 4565 ἡμῶν,
3106 4494 3340 4564 γράφειν
3365 4493 3493 4564 ἔχω.
3533 4494 3668 4563 Περὶ
3696 4495 3755 4547 δὲ
3791 4497 3902 4564 τῆς

664 4565 909 4658 angustia
947 4585 1171 4652 versari,
1223 4600 1404 4655 neque
1442 4586 1607 4640 ullam
1649 4587 1740 4640 hic
1778 4595 1876 4641 aut
1902 4587 2022 4644 illic
2063 4604 2219 4660 opem

2328 4583 2511 4656 ἄλλης,
2534 4586 2635 4639 ὅσα
2670 4601 2734 4653 γε
2772 4585 2844 4639 τά
2874 4584 3216 4657 ἀνθρώπινα,
3267 4583 3517 4654 βοηθείας
3549 4583 3659 4636 ίσθι
3693 4586 3752 4637 ἒν
3806 4587 3906 4639 ἐσσε

662 4684 805 4737 ferre
842 4695 1021 4751 posse.
1051 4678 1241 4733 Potius
1292 4678 1458 4747 igitur
1485 4693 1575 4734 res
1600 4686 1902 4748 exposcunt
1934 4689 1992 4734 ut
2027 4689 2078 4736 te
2113 4681 2222 4737 cito

661 4777 727 4830 ad
759 4789 857 4828 nos
886 4771 1150 4841 recipias;
1187 4771 1428 4840 illudque
1453 4769 1573 4826 sine
1598 4772 1705 4825 ulla
1734 4785 1884 4825 mora
1914 4769 2221 4828 faciendum

661 4876 764 4921 est.
801 4863 1058 4925 ld»enim,
1083 4863 1131 4916 si
1157 4862 1487 4931 .quidmliud,
1516 4861 1680 4917 rebus
1714 4863 1818 4916 erit
1846 4863 2222 4926 utilissimum,

663 4959 867 5012 scilicet
897 4971 1002 5011 una
1027 4969 1168 5020 esse,
1199 4963 1259 5009 ut
1287 4963 1488 5017 mente,
1518 4953 1591 5007 ita
1624 4963 1677 5009 et
1713 4969 1945 5024 corpore
1978 4973 1992 5009 :
2025 4964 2223 5012 caetera

663 5061 843 5103 autem
893 5057 1053 5117 prout
1111 5061 1321 5116 magna:
1363 5055 1416 5100 et
1459 5045 1821 5114 investigabili
1867 5047 2069 5102 Christi
2122 5048 2220 5103 Dei

665 5139 836 5194 nostri
875 5138 1148 5206 sapientia:
1175 5139 1464 5208 disponere
1489 5138 1666 5192 visum
1702 5137 1889 5191 fuerit.
1923 5138 2051 5192 Vale
2081 5139 2217 5206 jam,

664 5233 739 5286 liii
775 5231 851 5285 mi
891 5231 1274 5296 sacratissime,
1306 5232 1374 5285 ab
1417 5231 1566 5285 omni
1608 5230 1914 5287 calamitate
1943 5233 2223 5305 tum-visi-

673 5322 763 5383 bili
787 5331 896 5374 tum
928 5319 1183 5374 invisibili
1203 5321 1531 5376 divinisaalis
1558 5322 1824 5377 obtectus.

2323 4678 2464 4750 χάτῃ
2481 4677 2641 4741 ὄντας
2668 4677 2869 4748 ἀπορίᾳ
2894 4678 2987 4729 καὶ
3010 4675 3136 4729 οὔτε
3162 4677 3273 4738 τοῖς
3297 4673 3482 4727 αὐτόθι
3511 4672 3792 4743 ἐπαμῦναι
3818 4692 3903 4736 τι.

2325 4764 2448 4818 οὕτε
2494 4767 2606 4829 τοῖς
2636 4763 2869 4816 ἐνταῦθά
2895 4765 3044 4816 ἐστιν
3079 4763 3250 4834 ἰσχύς.
3281 4763 3497 4817 Μᾶλλον
3528 4761 3628 4832 μὲν
3669 4759 3764 4815 οὖν
3799 4767 3906 4817 καὶ

2327 4855 2388 4909 es
2421 4856 2505 4909 -τὰ
2534 4856 2835 4927 πράγματα
2874 4855 3122 4927 ἐπιζητεῖ
3173 4855 3262 4909 διὰ
3306 4856 3506 4926 τάχους
3556 4854 3906 4910 καταλαϐεῖν

2329 4949 2465 5020 πρὸς
2491 4949 2658 5020 ἡμᾶς,
2691 4949 2785 5003 καὶ
2824 4948 2982 5002 τοῦτο
3004 4947 3127 5018 δίχα
3160 4949 3345 5019 πάσης
3375 4946 3643 5017 άναδολῆς
3687 4946 3770 4999 δεῖ
3800 4964 3906 5016 γε-

2327 5040 2537 5094 νέσθαι.
2582 5039 2757 5093 Τοῦτο
2806 5040 2914 5111 γὰρ
2963 5038 3122 5112 είπερ
3163 5057 3217 5093 τι
3259 5039 3388 5093 ἄλλο
3420 5040 3533 5100 τοῖς
3570 5039 3907 5108 πράγμασιν

2327 5133 2769 5204 ὠφελιμώτατον,
2792 5133 3103 5203 ἡνωμένους
3123 5128 3262 5186 εῖναι
3285 5130 3471 5199 ὥσπερ
3493 5129 3570 5198 τῷ
3591 5129 3874 5200 πνεύματι
3890 5171 3906 5194 ,

2327 5225 2590 5281 οὕτωκαὶ
2624 5224 2702 5293 τῷ
2739 5224 2974 5294 σώματι,
3011 5224 3104 5278 καὶ
3137 5223 3195 5275 τὸ
3221 5223 3348 5291 ἑξῆς
3387 5222 3461 5284 ὼς
3493 5221 3557 5274 ἂν
3581 5223 3616 5292 ἡ
3639 5219 3734 5272 τοῦ
3758 5221 3911 5290 Χρι-

2329 5320 2455 5374 στοῦ
2486 5317 2593 5376 καὶ
2623 5316 2760 5371 Θεοῦ
2781 5318 2937 5388 ἡμῶν
2973 5315 3181 5387 μεγάλη
3209 5317 3304 5368 καὶ
3337 5314 3743 5384 άνεξιχνίαστος
3764 5312 3914 5366 Sto-.-

673 5415 834 5484 κῆσαι
872 5411 1125 5481 βούληται
1154 5411 1388 5474 σύνεσις.
1419 5412 1668 5484 Ἐρῤωσό
1695 5429 1807 5483 μοι,
1843 5412 2030 5466 τέκνον
2061 5413 2219 5483 ἡμῶν
2257 5414 2573 5490 ἱερώτατον,
2602 5414 2721 5475 ταῖς
2741 5411 2911 5474 θείαις
2977 5409 3201 5480 πτέρυξι
3264 5409 3443 5482 πάσης
3467 5409 3732 5481 ἐπηρείας
3756 5411 3915 5479 ὁρω-

676 5505 840 5573 μένης
868 5519 923 5554 τε
957 5503 1050 5554 καὶ
1078 5501 1310 5570 ἀοράτου
1341 5500 1762 5575 φυλαττόμενος.

671 5614 855 5672 XLiX.
922 5611 1199 5680 'Bpiscopis
1261 5624 1431 5734 extr‘qb
1487 5616 1896 5678 communionem
1949 5621 2220 5673 exsistan-

1385 5700 1398 5734 ι
1439 5699 1517 5734 us.

1385 5699 1517 5736 ιοιιε.

739 5816 880 5872 Sane
908 5818 983 5872 ita
1016 5823 1118 5881 est,
1153 5824 1209 5869 ut
1257 5813 1577 5874 cmlestiiiio
1608 5829 1701 5872 ore
1730 5815 1928 5877 Paulus
1961 5819 2213 5884 allirmat.

2553 5607 2688 5662 ΜΘ.
2717 5604 3044 5685 [196(13on
3085 5608 3524 5685 μητροπολίτας
3552 5607 3675 5660 ἔσω

2711 5676 2818 5743 τῆς
2866 5676 3227 5744 Ἐκκλησίας
3264 5676 3463 5742 ὄντας.

2397 5812 2741 5885 Ἀγθρώπους
2781 5811 3062 5884 πείθομεν,
3091 5813 3255 5884 φησιν
3281 5813 3308 5866 ὁ
3348 5809 3505 5876 θεῖοξ
3538 5812 3899 5889 ’Δπόστολος,
