4074 6442
201 235 271 298 9η
1568 244 1974 306 EPISTOLJ‘I.
3265 261 3373 323 242

196 343 284 411 θεῷ
330 343 379 395 δὲ
418 346 852 417 πεφανερώμεθα
892 364 905 378 ·
944 349 1038 402 καὶ
1096 352 1195 403 οὐκ
1255 346 1401 403 ἔστιν
1440 351 1615 414 ἄλλως
1669 352 1702 422 ἦ
1732 355 1780 413 Α

1764 353 2116 412 ιιιοιιιίηἰὺυε
2175 354 2377 425 imponi
2430 367 2627 427 potest,
2669 358 2778 415 Deo
2832 372 3013 419 autem
3074 369 3373 423 revelantur

191 430 298 481 κατὰ
325 429 413 497 τὴν
438 433 714 501 μακαρίαν
746 432 963 505 εκείνην
1002 439 1273 502 γλῶσσαν,
1316 440 1415 508 τὴν
1449 440 1507 505 ἐξ
1546 441 1707 510 οὐρα-

1814 444 1997 497 omnia
2025 453 2209 499 nostra
2244 458 2407 517 atque
2457 450 2826 507 innotescunt.
2862 452 2985 511 Haec
3025 471 3195 525 pauca
3229 462 3381 517 vobis

188 520 257 569 νοῦ
290 516 561 583 λαλοῦσαν,
592 524 685 575 καὶ
729 524 852 595 οὐχὶ
890 526 1168 596 λογισμῶν
1227 530 1435 598 θνητῶν
1470 530 1564 584 καὶ
1613 531 1707 584 ἀν-

1814 536 1885 590 sit
1911 537 2042 590 satis
2083 516 2329 601 dixisse,
2363 554 2501 606 quos
2528 556 2673 619 .ego,
2719 553 2779 597 ut
2834 546 3120 604 mitissime
3176 552 3380 613 dicam,

183 609 431 684 Ορωπίνων
462 627 477 641 ’
520 614 621 682 δρα
659 614 722 685 δὴ
759 611 851 670 οὖν
891 620 985 670 καὶ
1045 619 1129 681 σὺ,
1170 619 1371 688 μᾶλλον
1422 620 1478 673 δὲ
1518 623 1703 689 ὁρᾶτε,

1812 624 2011 678 infelici
2038 626 2170 680 satis
2204 628 2489 694 Ecclesiae,
2518 611 2759 701 mihique
2803 636 2985 702 genui.
3010 636 3207 702 Quidni
3239 644 3381 695 enim

182 699 255 759 οὓς
274 701 359 752 οὐκ
390 696 507 754 οἶδα
549 703 669 767 πῶς
711 707 1160 778 συμπαθέστεροι)
1196 710 1358 773 εῐπω,
1394 710 1704 788 δυστυχῷςς

1816 732 1913 771 vos
1942 718 2019 772 sic
2047 720 2335 788 appellem,
2366 723 2457 790 qui
2497 738 2605 787 me,
2633 739 2796 793 quem
2828 728 2987 783 etiam
3012 731 3206 785 merito
3230 735 3377 786 dam.

182 790 366 857 ἐμαυτῷ
402 794 493 845 καὶ
521 795 587 863 τῇ
630 795 724 849 τοῦ
776 797 1012 868 Χριστοῦ
1044 799 1138 852 καὶ
1173 800 1308 852 Θεοῦ
1367 800 1711 871 άπεγέννησα

1818 817 2008 861 natum
2045 809 2334 866 defendere
2369 790 2699 878 debueratis,
2738 827 2929 893 utpar
2957 831 3073 875 erat
3100 822 3240 877 ﬁlios
3286 839 3382 893 pa-

190 880 446 950 Ἐκκλησὶᾳ
470 898 485 912 ·
519 886 637 948 πῶς
672 888 780 956 γάρ
809 889 928 959 οὐχὶ
952 891 1264 959 δυστυχῶς;
1315 892 1365 945 οἶ
1392 891 1719 961 ὲγεννήθητέ

1821 906 2051 963 rentem,
2078 900 2275 952 nullius
2317 900 2555 977 affinem?
2587 904 2780 974 culpa,
2809 886 2918 964 imo
2977 923 3071 979 per
3111 928 3381 966 summam

185 987 275 1036 μοι,
298 971 383 1041 οὐχ
411 974 494 1025 ἵνα
537 976 678 1028 κατὰ
700 978 793 1031 τὸν
820 982 1097 1046 πρέποντα
1125 981 1338 1044 τέκνοις
1377 984 1514 1052 πρὸς
1557 982 1716 1050 γονέα

1820 984 2069 1052 iniuriam
2096 989 2235 1043 solio
2257 989 2516 1057 ejectum,
2552 971 2710 1064 quasi
2753 1010 2958 1066 parum.
2979 999 3170 1055 fuisset
3195 1001 3382 1057 deser-

182 1060 311 1126 νόμον
334 1067 728 1138 προασπίσητε,
786 1070 1275 1143 ὑπερμαχήσησθε,
1310 1074 1405 1127 καὶ
1444 1072 1605 1144 τυχὸν
1657 1076 1715 1125 ὲν

1820 1077 1992 1139 uisse,
2047 1079 2393 1146 prodidistis?
2459 1083 2581 1139 Haec
2639 1088 2823 1142 animo
2882 1092 3187 1159 revolvite,
3250 1093 3382 1149 iram

182 1152 412 1216 κινδύνοις
447 1157 603 1225 ἡμῶν
631 1159 803 1214 ὄντων
832 1164 1319 1235 συναντιλάσησθε,
1347 1165 1559 1219 καὶτοῦ
1600 1183 1714 1220 κιν-

1441 1165 1559 1219 ,τοῦ
1600 1183 1714 1220 κιν-
1819 1167 2325 1226 Domini'scelerum
2363 1173 2611 1229 ultricem
2649 1187 3050 1247 exspectantes.

179 1241 303 1296 δύνου
338 1246 570 1317 ρύσησθε
604 1252 696 1305 τὸν
730 1257 959 1326 πατέρα,
982 1258 1085 1312 κᾶν
1116 1260 1245 1321 ἴσως
1261 1260 1412 1329 παρά
1451 1260 1628 1329 δίκην.
1661 1259 1892 1331 ἐπείπερ
1923 1260 2041 1314 ἐστὶ
2081 1263 2233 1334 παρὰ
2261 1264 2404 1335 Θεῷ,
2430 1268 2523 1320 καὶ
2561 1241 2819 1340 τοιαύτης
2862 1274 3203 1343 συμπαθείας
3236 1275 3384 1330 ἀντί-

178 1335 293 1401 δοσις
314 1340 390 1410 τῷ
404 1343 621 1407 τάξαντι
649 1352 817 1418 τιμῆς
854 1351 1011 1422 ὄρους
1053 1354 1293 1426 πατράσι
1332 1355 1426 1408 καὶ
1445 1356 1691 1418 τέκνοις·
1731 1355 1847 1409 ἀλλ’
1880 1355 2001 1426 οὐχὶ
2026 1358 2090 1410 τὸ
2158 1359 2447 1439 ήμέτερονη
2497 1364 2757 1419 τοιοῦτονο
2776 1335 2883 1421 ⁷τοῦ
2909 1335 3017 1440 γὰρ
3048 1335 3253 1441 Κυρίου
3279 1373 3379 1427 καὶ

181 1435 286 1486 Θεοῦ
313 1455 405 1505 μου
431 1441 527 1510 οὐχ
552 1444 634 1495 ὅτι
658 1446 796 1515 πρὸς
824 1446 1119 1516 θεραπείαν
1149 1450 1316 1503 αὐτοῦ
1345 1449 1697 1521 ἐξείργασταί
1735 1468 1786 1503 τι
1823 1451 1953 1504 ποτὲ
1998 1452 2128 1523 παρ’
2152 1452 2329 1524 ἡμῶν,
2353 1436 2584 1512 masc.
2638 1461 2844 1530 ἄφατον
2901 1435 3216 1536 ἁγαθότητα
3243 1467 3381 1529 τέως

179 1531 397 1599 εὐμενοῦς
445 1533 575 1601 ἡμῖν
603 1538 985 1606 τυγχάνοντος,
1036 1542 1322 1597 καὶιούδεν
1370 1543 1901 1613 παρακεχωρηκότος
1948 1546 2188 1601 τοιοῦτόν
2251 1565 2305 1602 τι
2364 1552 2757 1623 πεπραγμένον
2817 1531 2960 1626 ημῖν
2987 1531 3239 1630 ὀφθῆναι.

332 1620 434 1699 ’ΝΖ
479 1646 745 1715 ἰγνατίῳ
759 1654 1170 1723 μητροπολίτῃ
1196 1654 1474 1715 Κυζίκου.
1734 1635 1781 1692 Β

1458 1695 1474 1710 ,
1734 1635 1781 1692 Β
2128 1658 2186 1711 L.
2228 1640 2442 1729 lgnata'o
2468 1662 2644 1733 Cyzict'
2691 1669 3062 1737 mctropalitre;

240 1756 638 1831 Εὑφράνθημεν,
673 1762 723 1814 εί
755 1763 849 1815 καὶ
887 1762 963 1835 μὴ
1006 1765 1221 1818 τελείαν
1247 1767 1613 1838 εὐφροσύνην,
1652 1770 1711 1821 τὸ

1882 1767 2065 1822 Gavisi
2128 1783 2341 1833 sumus,
2414 1773 2514 1827 etsi
2564 1789 2673 1829 non
2729 1776 2971 1846 perfecto
3040 1784 3259 1851 gaudio,
3306 1786 3377 1840 illi

182 1848 254 1899 σὺν
280 1850 523 1920 γράμμα,
552 1852 742 1907 τέκνον
760 1854 923 1925 ἡμῶν
953 1857 1118 1927 ἱερὸν,
1138 1857 1445 1929 δεξάμενοι.
1474 1861 1583 1914 Ka‘t
1604 1861 1710 1930 γάρ

1811 1868 1997 1914 noster
2024 1870 2255 1928 sacrate,
2290 1865 2537 1935 acceptis
2562 1867 2666 1922 abs
2706 1878 2760 1923 te
2794 1869 3013 1928 litteris.
3044 1848 3100 1929 id
3125 1876 3269 1939 enim
3297 1879 3377 1948 ip~

179 1940 256 1990 καὶ
286 1941 409 1993 αὐτὸ
430 1942 589 1995 τοῦτο
611 1947 674 1997 τὸ
701 1944 789 1998 διὰ
843 1947 1096 2001 τοσοῦτον
1148 1951 1363 2018 χρόνον,
1416 1951 1475 2015 ἐξ
1500 1945 1560 2006 οὗ
1615 1952 1710 2004 ἀπ’

1812 1966 1953 2017 sum,
1994 1968 2118 2007 cum
2163 1969 2229 2009 ex
2268 1954 2428 2023 longo
2457 1967 2719 2026 tempore
2751 1975 2862 2030 quo
2904 1962 2983 2017 ab
3033 1964 3261 2021 invicem
3298 1940 3379 2023 di-

180 2029 390 2098 ἁλλήλων
429 2032 744 2104 διέστημεν,
806 2040 954 2108 σαφῆ
1011 2056 1135 2092 τινα
1168 2040 1326 2108 λόγον
1375 2042 1451 2111 μὴ
1518 2043 1709 2112 μαθεῖν

1813 2052 2043 2109 stamus,
2077 2046 2208 2100 nihil
2236 2049 2366 2102 certi
2399 2048 2734 2107 audierimus
2759 2053 2825 2108 de
2847 2063 3020 2109 vestra
3053 2058 3185 2122 vita,
3234 2076 3379 2116 nunc

162 2122 285 2190 περὶ
317 2122 411 2192 τῆς
443 2123 715 2196 ὑμετέρας
746 2127 911 2197 ζωῆς,
953 2128 1049 2183 νῦν
1078 2130 1167 2183 διὰ.
1196 2132 1290 2184 τοῦ
1325 2132 1420 2185 σοῦ
1451 2133 1713 2204 γράμμα-

1812 2135 2025 2189 tandem
2078 2137 2425 2195 audientibus
2472 2142 2615 2208 quod
2669 2145 3017 2212 optabamus,
3057 2163 3224 2204 causa
3279 2151 3378 2204 l'uit

180 2230 251 2275 τος
276 2214 615 2285 δὲποθοῦμεν
653 2219 1048 2289 μεμαθηκόσιν,
1084 2222 1343 2287 ὑπόθεσις
1371 2222 1597 2291 γέγονεν
1618 2224 1710 2276 εῦ-

1810 2226 2099 2296 gaudeudi.
2156 2228 2450 2284 Precamur
2491 2242 2671 2287 autem
2721 2236 3019 2292 beneﬁcum
3058 2239 3226 2296 Deum
3258 2258 3380 2299 nos-

183 2304 441 2374 φροσύνης.
468 2307 713 2377 Δεόμεθα
748 2310 803 2362 δὲ
833 2312 927 2363 τοῦ
963 2312 1345 2383 φιλανθρώπου
1374 2313 1511 2368 Θεοῦ
1548 2316 1581 2383 η
1593 2316 1708 2383 μῶν

1810 2324 1953 2369 trum
1995 2328 2052 2370 ut
2089 2334 2189 2373 nos
2239 2320 2531 2388 perfectius
2567 2324 2635 2378 de
2674 2334 2726 2380 te
2752 2327 3110 2394 gaudeamus,
3146 2331 3216 2386 ob
3250 2347 3374 2401 per-

180 2396 253 2446 καὶ
274 2395 582 2468 τελεώτερον
606 2400 696 2452 ἐπὶ
729 2400 810 2453 σοὶ
831 2402 1221 2473 εὐφρανθῆναι,
1267 2404 1354 2459 διὰ
1378 2405 1475 2474 τῆς
1499 2406 1710 2468 τελείας

1808 2406 2002 2461 tectam
2054 2409 2197 2463 illius
2227 2427 2336 2481 quo
2382 2428 2478 2470 nos
2509 2416 2671 2470 simul
2710 2418 3095 2487 laboravimus,
3133 2434 3186 2478 et
3233 2440 3378 2479 nunc

179 2486 462 2557 ἀπαλλαγῆς
496 2488 592 2541 τοῦ
644 2491 837 2555 κοινῶς
869 2495 1016 2564 ἡμᾶς
1044 2494 1409 2566 λελυπηκότος
1448 2498 1544 2550 καὶ
1580 2498 1710 2564 σφό-

1810 2497 2154 2553 vehementer
2172 2501 2503 2568 laboramus,
2527 2505 2732 2561 doloris
2757 2507 3158 2565 liberationem.
3194 2509 3375 2567 Bonus

178 2576 260 2670 δρα
307 2577 594 2645 λυποῦντος
641 2581 867 2645 πάθους.
930 2586 1039 2639 Καὶ
1092 2586 1302 2654 γένοιτο
1352 2590 1643 2662 πληρωτὴς
1680 2594 1708 2645 ό

1808 2589 2078 2657 compleat
2128 2601 2368 2647 nostram
2405 2595 2750 2663 petitionem,
2792 2597 2992 2670 detque
3018 2617 3172 2656 suam
3216 2603 3374 2657 boni-

175 2657 348 2733 ἀγαθὸς
375 2670 471 2739 τῆς
496 2672 790 2742 αἰτήσεως,
821 2675 1001 2739 διδοὺς
1034 2679 1124 2731 καὶ
1152 2679 1334 2745 ἄλλοις
1352 2657 1583 2754 ὀφθῆναι
1600 2657 1706 2739 ⁷καὶ

1812 2684 1973 2731 tatem
2034 2680 2157 2735 aliis
2211 2657 2454 2752 conspici
2519 2694 2574 2741 et
2623 2657 3129 2760 celebrari-quibus
3188 2692 3374 2748 donati

174 2758 360 2823 δοξάσαι
389 2759 471 2826 οἷς
517 2764 907 2836 ἀπελαύσαμεν
936 2769 1033 2838 τὴν
1060 2770 1225 2825 αὑτοῦ
1260 2774 1594 2847 ἀγαθότητα.
1808 2788 2019 2829 sumus.
2341 2786 2349 2792 '

256 2851 374 2907 ΝΜ.
412 2852 495 2918 Τῷ
529 2855 820 2923 περιδόξῳ
840 2858 1212 2931 ἐξουσιαστῇ
1260 2867 1594 2935 ’Δὸαστίας.

2024 2865 2109 2921 LI.
2151 2867 2362 2922 Μίνω-ἰ
2401 2868 2623 2940 Αύαιθω
2652 2872 2878 2943 regionis
2914 2873 3164 2943 principi:
3213 2915 3215 2919 ν

229 2964 293 3018 Τὸ
324 2967 567 3037 φιλόθεόν
608 2987 702 3024 σου
726 2972 820 3025 καὶ
852 2974 911 3026 τὸ
942 2976 1176 3046 χρηστὸν
1204 2978 1297 3030 τοῦ
1346 2983 1550 3051 τρόπου
1576 2984 1703 3038 ἑκί-
1733 2968 1776 3027 C

1881 2978 2061 3038 Pietas
2098 2989 2187 3035 tua
2226 2991 2281 3036 et
2314 2983 2511 3040 indolis
2551 2982 2766 3041 bonitas
2792 2986 2859 3041 ad
2893 3001 3135 3043 amorem
3166 2992 3239 3044 tui
3276 3007 3400 3048 nom

173 3070 308 3123 νησεν
351 3060 496 3128 ἡμᾶς
545 3060 683 3131 πρὸς
722 3063 821 3131 τὴν
852 3066 951 3133 σὴν
982 3067 1222 3137 ἀγάπην,
1256 3063 1300 3122 ὦ
1327 3071 1420 3123 τοῦ
1456 3073 1591 3127 Θεοῦ
1612 3075 1705 3128 άν-

1811 3071 2003 3135 movit,
2032 3087 2064 3125 ο
2102 3072 2267 3126 homo
2300 3072 2415 3128 Dei.
2470 3072 2534 3127 Et
2566 3088 2694 3129 ecce
2746 3077 2983 3145 primum
3014 3094 3111 3148 per
3159 3080 3375 3138 litteras

176 3146 335 3215 Θρωπε
390 3151 487 3204 καὶ
522 3152 630 3205 ίδοὺ
667 3154 871 3224 πρῶτοι
895 3156 983 3210 διὰ
1017 3159 1110 3210 τοῦ
1144 3162 1474 3231 γράμματος
1529 3183 1699 3236 προσ-

1810 3162 2141 3232 alloquimur
2174 3172 2245 3227 te,
2276 3172 2330 3217 et
2361 3174 2421 3219 ut
2455 3165 2622 3219 [ilium
2650 3168 2805 3235 quasi
2852 3146 3145 3238 praise—otes
3167 3175 3373 3243 ample-

174 3242 477 3311 ογορεύομέν
517 3261 598 3308 σε,
648 3247 741 3299 καὶ
794 3247 869 3311 ὡς
894 3250 1087 3302 τέκνον
1131 3252 1287 3321 ἡμῶν
1322 3248 1407 3306 οἷα
1442 3256 1706 3325 παρόντες

1810 3248 2007 3304 ctimur
2045 3261 2107 3305 ει·
2137 3252 2374 3320 paternis
2407 3254 2611 3309 osculis
2646 3255 2971 3311 salutamus.
3033 3256 3242 3314 Etenim
3263 3242 3372 3317 ture

175 3330 734 3401 ἑναγκαλιζόμεθα,καὶ
774 3342 1061 3407 πατρικοῖς
1088 3341 1355 3411 φιλήμασι
1403 3361 1702 3413 περιπτυσ-

1808 3339 2027 3407 pietatis
2078 3351 2463 3409 argumentum
2514 3352 2596 3397 est
2634 3344 2853 3400 divinus
2895 3347 2984 3401 ille
3021 3350 3170 3404 zelus
3205 3368 3367 3418 quem

177 3423 372 3490 σόμεθα.
410 3426 520 3478 Καὶ
563 3428 670 3496 γὰρ
704 3428 799 3481 τοῦ
837 3430 936 3499 μὲν
973 3432 1219 3499 φιλοθέου
1250 3435 1523 3503 ἀπόδειξις
1554 3441 1588 3508 ὴ
1618 3438 1705 3491 ἓν·

1809 3444 1907 3497 pro
1937 3430 2193 3484 salvanda
2242 3440 2295 3485 et
2327 3432 2383 3486 in
2426 3434 2656 3490 veritate
2698 3435 3030 3492 instituenda
3073 3442 3367 3496 Alanorum

174 3512 273 3577 Θεός
328 3533 417 3569 σου
481 3518 707 3589 σπουδὴ,
754 3521 820 3590 ἢν
891 3522 983 3573 ἐπὶ
1036 3526 1101 3593 τῇ
1191 3527 1575 3599 σωτηρίᾳ.καὶ
1636 3534 1701 3602 τῇ

1809 3530 1967 3591 gente
2019 3523 2302 3579 ostendisti
2331 3532 2389 3579 et
2434 3526 2703 3581 ostendis.
2752 3527 3078 3585 Audivimus
3123 3534 3266 3586 enim
3304 3550 3368 3589 ex

175 3605 438 3671 ἐπιγνώσει
514 3607 614 3676 τῆς
688 3610 943 3679 ἀληθείας
1015 3613 1127 3667 τοῦ.
1164 3614 1350 3679 ἔθνους
1401 3619 1510 3671 τῶν
1546 3620 1705 3674 Ἀλα-

1809 3613 1996 3667 multis
2033 3615 2234 3683 quibus
2277 3615 2625 3696 innotescunt
2683 3626 2775 3672 tua
2818 3621 3075 3689 praiclare
3114 3622 3276 3690 facta,
3323 3635 3371 3680 te

175 3694 262 3747 νῶν
359 3699 616 3763 ἐπεδείξω
695 3702 789 3753 καὶ
875 3704 1263 3761 ἐπιδείκνυσαι.
1337 3709 1706 3782 Ἀνεμάθομεν

1810 3703 2034 3757 multam
2055 3694 2351 3761 secundum
2378 3703 2747 3773 Deumfeuram
2772 3709 3155 3775 contulisse,et
3172 3713 3224 3766 in
3247 3715 3376 3769 illud

174 3787 261 3855 γάρ
320 3790 380 3842 ὲκ
411 3790 681 3861 διαφόρων
728 3793 835 3844 τῶν
868 3794 1246 3865 ἐπισταμένων
1292 3799 1359 3852 τὰ
1399 3802 1466 3853 σά
1504 3819 1700 3873 κατορο

1810 3795 2158 3849 minationem
2180 3796 2753 3869 Alanorum'principis
2780 3810 2833 3854 et
2862 3802 3100 3855 omnium
3125 3804 3214 3872 qui
3245 3821 3370 3860 cum

174 3876 394 3947 Θώματα,
445 3881 520 3945 ὡς
573 3883 713 3953 μετά
754 3901 816 3951 γε
864 3885 996 3939 Θεὸν
1051 3888 1249 3959 πολλὴν
1294 3894 1395 3961 τὴν
1446 3894 1704 3965 πρόνοιαν

1810 3900 1874 3940 co
1896 3896 2085 3941 sancto
2108 3886 2376 3955 baptismo
2410 3888 2593 3943 donati
2610 3891 2943 3957 suanona:
2970 3903 3147 3947 autem
3176 3895 3371 3953 indolis

174 3972 561 4038 κατεϐάλουιεῐς
618 3994 675 4029 τε
722 3978 813 4031 τὸν
844 3981 1121 4048 φωτισμὸν
1176 3982 1270 4035 τοῦ
1310 3985 1408 4053 τῆς
1457 3988 1705 4052 Ἀλανίας

1811 3986 1866 4031 et
1916 3976 2314 4030 beneﬁcentiae
2357 3975 2634 4045 quodnam
2681 3978 3047 4062 clarius-perit
3090 3983 3369 4051 indicium,

172 4060 425 4130 ἄρχοντος,
458 4066 551 4118 καὶ
576 4067 657 4130 είς
687 4070 811 4131 τοὺς
838 4070 952 4121 ὅσοι
984 4072 1079 4123 σὺν
1105 4072 1253 4141 αὐτῷ
1286 4075 1704 4149 κατηξιώθησαν

1809 4077 1863 4122 et
1912 4067 2184 4136 quodnam
2244 4066 2391 4120 aliud
2439 4068 2823 4135 quarendum-
2853 4060 2939 4123 est
2972 4072 3370 4139 testimonium,

173 4153 251 4204 τοῦ
283 4155 435 4222 ἁγίου
495 4157 890 4229 βαπτίσματος.
925 4162 1035 4230 Τῆς
1082 4163 1136 4215 δὲ
1184 4166 1548 4237 χρηστότητος
1595 4170 1705 4223 τῶν

1811 4174 1933 4214 cum
1966 4158 2200 4214 suﬂiciat
2230 4159 2606 4227 hospitalitas,
2633 4169 2688 4215 et
2708 4175 2865 4225 cura,
2905 4163 3088 4217 et-aiia
3114 4164 3166 4218 in
3195 4168 3372 4220 omni-

174 4243 363 4309 τρόπων
411 4246 504 4299 καὶ
554 4247 655 4317 τῆς
682 4248 930 4312 εὐποιίας
978 4250 1061 4312 τίς
1101 4251 1232 4318 άλλη
1264 4239 1705 4327 περιφανεστέρα
1737 4297 1783 4357 D

176 4331 701 4357 ι..,.ι-η,ρμ.
782 4340 877 4357 ν..
955 4341 1031 4357 ,η
1131 4343 1145 4357 .
1230 4342 1255 4357 ..
1339 4346 1350 4357 ,
1655 4348 1668 4357 .

1810 4251 1914 4305 bus
1948 4250 2277 4317 sollicitudo,
2328 4258 2534 4320 quanta
2578 4253 2827 4321 praestari
2880 4263 3075 4323 potest,
3111 4259 3394 4325 quam'in’.

176 4331 303 4387 ἔσται
331 4336 635 4404 anesum;
674 4339 706 4409 ἢ
742 4340 824 4402 τίς
851 4340 919 4394 ἂν
948 4341 1074 4395 ἄλλο
1128 4342 1434 4415 ὲπιξητήσῃ
1494 4348 1711 4417 μαρτύ-
1737 4331 1784 4357 ¹¹

1761 4331 1784 4356 ¹
1815 4342 1910 4396 Dei
1944 4342 2356 4397 dilectissimum
2394 4342 2862 4413 archiepiscopum
2895 4346 3064 4400 tilium
3101 4358 3370 4414 nostrum,

180 4442 274 4485 ριον
298 4443 311 4491 ;
341 4429 614 4500 ἀρκούσης
639 4431 738 4500 τῆς
788 4431 1109 4502 ξενοδοχίας,
1135 4434 1234 4502 τῆς
1268 4434 1583 4504 θεραπείας,
1606 4439 1706 4507 τῆς

1815 4441 1923 4501 tota
1959 4430 2238 4484 voluntate
2278 4439 2333 4485 et
2372 4440 2482 4486 tota
2515 4432 2696 4487 anima
2722 4435 3041 4490 ostendisse
3076 4452 3224 4491 visus
3264 4454 3323 4494 es
3353 4442 3394 4494 ἳ·

177 4519 318 4589 ἄλλης
344 4523 398 4574 ὲν
443 4525 577 4576 πᾶσι
638 4524 1014 4593 παραμυθίας,
1069 4526 1171 4596 ὅση
1221 4528 1417 4599 δυνατὴ
1463 4534 1710 4601 χορηγεῖ-

1815 4519 2108 4589 Propterea
2144 4536 2579 4590 precamureum
2613 4524 2706 4593 qui
2752 4526 3051 4581 retribuere
3075 4537 3264 4597 potens
3290 4541 3375 4585 est

180 4609 299 4673 σθαι,
327 4611 390 4682 ἢν
407 4614 486 4676 είς
505 4614 595 4666 τὸν
615 4613 1028 4681 θεοφιλέστατον
1050 4616 1479 4685 άρχιεπίσκοπον
1500 4621 1559 4673 τὸ
1583 4622 1707 4673 τέκ-

1816 4612 2309 4675 remunerationes,
2365 4620 2483 4666 tum
2539 4611 2596 4666 in
2636 4615 2892 4682 praesenti
2927 4624 3040 4669 tum
3099 4617 3152 4671 in
3190 4618 3372 4674 futura

178 4717 249 4751 νον
275 4703 443 4771 ἡμῶν,
469 4703 563 4773 ὅλῃ
597 4703 911 4775 προαιρέσει
938 4706 1031 4759 καὶ
1058 4706 1160 4779 ὅλῃ
1185 4708 1329 4777 ψυχῇ
1366 4708 1551 4779 ὤφθης
1582 4710 1704 4763 ἑπι-

1814 4704 1944 4765 vita,
1966 4711 2025 4755 ut
2053 4703 2351 4757 secundum
2385 4703 2606 4758 divitias
2628 4719 2743 4759 suae
2762 4706 3372 4777 misericordiregratias

177 4788 475 4861 δειξάμενος.
510 4794 612 4847 Διὰ
648 4794 803 4848 τοῦτο
851 4796 1083 4866 δεόμεθα
1146 4796 1239 4849 τοῦ
1279 4798 1463 4851 ἱκανοῦ
1509 4800 1708 4854 πολλα-

1814 4794 2078 4862 suppleat,
2106 4810 2251 4850 nunc
2282 4795 2500 4864 quidem
2527 4804 2579 4849 te
2612 4796 2680 4850 ab
2731 4798 2877 4850 omni
2901 4797 3121 4853 'malitia
3152 4808 3206 4854 et
3256 4802 3363 4855 hu-

179 4881 410 4948 πλασίους
434 4884 741 4939 ἀντιδοῦναι
774 4886 873 4948 τὰς
898 4886 1135 4957 ἀμοιὸὰς
1168 4886 1226 4939 ἓν
1264 4906 1323 4940 τε
1372 4888 1447 4960 τῷ
1479 4892 1703 4961 παρόντι

1815 4899 2097 4939 manarum
2128 4901 2308 4939 rerum
2351 4885 2676 4941 adversitate
2704 4888 3076 4954 custodiendo,
3104 4890 3155 4943 in
3190 4890 3368 4947 futura

181 4969 279 5039 βίῳ,
303 4975 390 5027 καὶ
432 4975 510 5045 τῷ
543 4974 788 5045 μέλλοντι
824 4976 985 5029 αὐτὸν
1042 4977 1185 5031 κατὰ
1224 4978 1313 5031 τὸν
1350 4978 1577 5032 πλοῦτον
1610 4981 1704 5033 τοῦ

1814 4985 1991 5029 autem
2030 4977 2135 5030 vita
2162 4978 2589 5032 annumerando
2632 4989 2682 5033 te
2721 4995 2845 5032 cum
2893 4980 3104 5035 dilectis
3150 4983 3267 5038 suis
3317 4994 3372 5039 et

180 5060 335 5124 ἐλέους
360 5064 522 5118 αὑτοῦ
558 5065 1054 5136 ἁνταναπληρῶσαι
1074 5066 1172 5130 τὰς
1202 5071 1449 5138 χάριτας,
1481 5069 1576 5122 νῦν
1605 5071 1702 5140 μὲν

1813 5084 1933 5121 eum
1975 5067 2055 5121 eis
2107 5082 2247 5137 quos
2295 5070 2534 5123 continet
2580 5061 2859 5125 servorum
2892 5072 3009 5141 ejus
3059 5080 3255 5127 costus.
3310 5075 3367 5129 Si

180 5150 231 5199 ἐκ
254 5154 418 5224 πάσης
447 5154 806 5225 διατηροῦντά
863 5174 922 5209 σε
975 5156 1447 5229 σκυθρωπότητος,
1484 5159 1575 5211 καὶ
1607 5160 1705 5229 τῆς

1813 5158 1955 5227 quod
2006 5166 2187 5212 autem
2230 5159 2429 5224 adhuc,
2471 5174 2568 5229 pro
2626 5171 2718 5215 tuo
2768 5176 2928 5230 posse
3001 5163 3369 5221 amicissimus

185 5243 269 5295 τῶν
295 5247 641 5319 ἀνθρωπίνων
666 5250 1004 5319 πραγμάτων
1042 5250 1437 5321 ἐναντιότητος,
1471 5254 1529 5304 ἐν
1560 5252 1614 5305 δὲ
1639 5255 1704 5323 τῇ

1813 5248 1921 5303 Dco
1948 5249 2387 5319 archiepiscOpus
2404 5250 2699 5305 obtinuerit
2722 5254 2971 5306 solatium
3000 5262 3105 5308 tuae
3131 5255 3365 5322 virtutis,

185 5333 418 5409 μελλούσῃ
450 5339 563 5410 ζωῇ
612 5338 1047 5411 συναριθμοῦντά
1075 5359 1133 5394 σε
1164 5342 1279 5403 τοῖς
1332 5343 1707 5413 ἠγαπημένοις

1815 5344 1888 5398 ﬁli
1921 5345 2014 5409 mi,
2052 5346 2275 5399 omnino
2300 5354 2353 5398 et
2399 5344 2529 5399 illud
2589 5346 2812 5400 habebis
2865 5346 2975 5401 tuis
3018 5348 3364 5416 pnecedenti-

184 5424 327 5495 αὐτῷ,
380 5432 469 5482 καὶ
507 5429 599 5493 οὓς
643 5433 678 5500 ἡ
707 5432 816 5485 τῶν
845 5432 1193 5501 θεραπόντων
1238 5436 1402 5487 αὑτοῦ
1435 5435 1546 5505 ἔχει
1590 5453 1711 5487 συν-

1818 5441 1919 5491 bus
1981 5437 2141 5492 bonis
2184 5437 2455 5501 additum,
2524 5438 2842 5507 centuplum
2910 5440 3282 5495 retributionis
3339 5458 3368 5494 a

186 5522 567 5601 apiﬁpqorgji’
592 5542 734 5587 τινος
771 5525 817 5590 δέ
842 5526 910 5578 ἂν
938 5528 1031 5578 καὶ
1063 5528 1139 5581 ἔτι
1170 5527 1395 5581 δυνατοῦ
1425 5545 1519 5581 σου
1560 5529 1708 5591 ὄντος

1170 5527 1395 5581 δυνατοῦ
1425 5545 1519 5581 σου
1560 5529 1708 5591 ὄντος
1814 5530 2069 5583 muniﬁco
2104 5527 2212 5583 Deo
2254 5538 2446 5584 nostro
2484 5531 2760 5585 obtinens.

187 5613 619 5686 ὁθεοφιλέττατος
676 5621 1100 5690 ἁρχιεπίσκοπος
1167 5620 1505 5687 ὲπιτεύξεται
1561 5623 1910 5695 παραμυθίας
1970 5623 2067 5694 τῆς
2110 5622 2230 5693 σῆς,
2264 5622 2448 5676 τέκνον
2511 5623 2685 5695 ἡμῶν,
2751 5626 2969 5698 ἀρετῆς,
3023 5626 3234 5691 πάντως
3276 5626 3375 5680 και
