4018 6462
137 302 228 362 2ί5

1562 309 1963 369 ΕΡΙΞῚῸΙΛΞ.

3241 298 3346 361 266

138 414 333 483 ἡδονὴν,
364 416 465 483 ὅση
495 416 684 483 πτεροῖ
715 413 807 466 τὸν
828 414 1170 484 ἀνθρώπινον
1201 419 1324 470 νοῦν
1365 418 1685 486 ἀναλαμϐἀὲ-

1790 418 1883 487 qui
1915 426 2044 471 sunt
2103 417 2156 470 in
2222 417 2330 470 vita
2377 425 2428 468 te
2473 411 2756 468 existimas
2793 411 3188 466 beatissimum.
3244 410 3347 462 Sed

135 524 254 572 νεις,
277 506 373 559 καὶ
399 505 619 558 πάντων
649 507 875 559 σεαυτὸν
899 510 1004 578 ἡγῇ
1021 510 1131 561 τῶν
1160 511 1217 562 ὲν
1246 509 1347 580 βίῳ
1385 510 1674 579 μακαριώ-

131 613 298 656 τατον,
331 595 446 650 ἀλλ’
483 597 648 668 ὀδύρῃ
674 598 765 649 καὶ
796 597 1012 667 θρηνεῖς
1041 601 1246 672 ἐσχάτῃ
1274 603 1681 670 περιπεσόντων

130 689 374 756 συμφορᾷ
411 704 427 753 ;
481 688 590 740 Καὶ
635 687 737 739 ποῦ
775 689 948 742 ταῦτα
970 689 1078 743 τῶν
1124 691 1199 754 ὡς
1235 692 1298 744 σὲ
1331 691 1512 762 χάριτι
1546 678 1682 744 Θεοῦ

128 778 185 828 ἐκ
222 776 410 840 παιδὸς
465 779 795 848 ἀνηγμένον,
830 781 924 833 καὶ
979 782 1183 850 ἀρετὴν
1246 783 1677 852 μεμελετηκότα,

130 867 212 918 καὶ
232 867 385 920 ούδέν
410 868 504 921 ἐπὶ
530 869 633 937 γῆς
664 870 758 922 τοῦ
814 871 1210 940 μακαρίζεσθαι
1253 873 1406 937 ἄξιον
1456 874 1682 941 λογισα-

131 956 295 1024 μένων
319 960 694 1028 προσήκοντα,
745 960 855 1029 ἐγὼ
890 961 1143 1016 τοσοῦτον
1177 965 1369 1033 ἀπέχω
1412 964 1507 1016 τοῦ
1560 964 1686 1016 ἀθυ·

129 1048 243 1114 μεῖν
274 1049 362 1116 ἐφ’
394 1045 475 1111 οἷς
510 1050 762 1120 ἀθυμεῖς,
809 1050 948 1105 ὥστε
1003 1054 1130 1107 ὃταν
1163 1053 1231 1106 τὰ
1263 1055 1331 1108 σά
1380 1054 1683 1125 πράγματα

127 1139 197 1199 είς
215 1140 340 1192 νοῦν
366 1140 757 1210 ἁναλήψωμαι,
791 1142 878 1196 διά
910 1143 1005 1196 τοῦ
1039 1144 1255 1214 χαίρειν
1283 1145 1377 1198 ἐπὶ
1408 1147 1521 1208 τοῖς
1550 1149 1684 1209 σοῖς,

126 1228 553 1299 ἐπιλανθάνομαι
581 1231 691 1284 τῶν
722 1233 940 1285 οἰκείων
971 1236 1180 1288 κακῶν.

202 1319 394 1388 Ἡμεῖς
417 1323 518 1390 μὲν
543 1322 650 1391 γὰρ
682 1325 730 1376 εἰ
759 1326 853 1378 καὶ
908 1326 1246 1396 συνεχόμεθα
1300 1331 1410 1392 τοῖς
1452 1329 1688 1383 ἐνταῦθα

126 1415 398 1480 λυπηροῖς,
431 1413 565 1466 ἀλλά
586 1416 684 1481 φεῦ
707 1416 814 1469 τῶν
832 1418 978 1486 ἐμῶν
1009 1420 1218 1483 παθῶν,
1245 1421 1461 1475 πάντων
1485 1424 1558 1485 ὡς
1575 1423 1693 1477 ἐπί-

128 1517 311 1553 στασαι
333 1505 552 1566 ίκανοῦς
570 1508 791 1570 ἑαυτοὺς
811 1509 1069 1577 οἰομένων
1085 1510 1281 1565 ειδέναι
1300 1514 1394 1580 τὴν
1417 1517 1690 1584 σωτηρίαν

127 1589 316 1658 μικροῦ
349 1592 455 1645 δέω
488 1597 683 1657 είπεῖν,
725 1597 929 1665 ἀκερδῆ
987 1599 1226 1668 φέρομεν
1256 1601 1352 1668 τὴν
1385 1603 1688 1671 ὑπομονήν.

126 1681 206 1733 Σοὶ
240 1680 296 1733 δὲ
326 1683 428 1751 οὐχ
461 1682 632 1746 οὕτως
661 1683 794 1754 ἔχει,
827 1687 962 1738 ἀλλὰ
1005 1688 1141 1755 μετὰ
1184 1691 1281 1758 τῆς
1306 1690 1509 1742 ἀνωθεν
1536 1692 1692 1744 δυνά-

127 1771 335 1835 μεως,εί
362 1771 458 1823 καὶ
479 1773 552 1839 μὴ
573 1771 808 1837 πάντων,
822 1773 937 1824 ἀλλ’
957 1775 1079 1825 ὅσον
1095 1775 1302 1843 δήποτε
1322 1779 1698 1846 προσεχόντων

131 1855 191 1923 τῷ
203 1856 345 1926 λόγῳ
359 1857 461 1925 τῆς
479 1859 940 1926 διδασκαλίας,καὶ
956 1862 1072 1914 ἀντὶ
1084 1863 1184 1932 τῆς
1198 1864 1383 1926 ἀθεῖας
1400 1864 1694 1936 τὴνθεῖκὴν

125 1947 412 2011 ἐπίγνωσιν
433 1949 849 2016 ἀλλασσομένων
870 1953 1202 2022 ἀσύγκριτον
1225 1957 1322 2024 τῆς
1339 1957 1617 2026 ὑπομονῆς
1637 1960 1714 2009 τὸ’

125 2033 321 2103 κέρδος.
341 2035 435 2104 Μὴ
447 2031 538 2088 οὖν
553 2036 827 2107 δυσφόρει,
847 2033 978 2110 μηδὲ
993 2042 1147 2105 ἀνιῶ,
1170 2044 1302 2114 μηδὲ
1317 2045 1483 2098 τδπτε
1493 2046 1582 2116 ρὸν
1595 2049 1695 2116 τῆς

123 2124 350 2188 διανοίας
382 2125 471 2179 διά
495 2127 563 2179 τὰ
594 2129 1000 2196 προσπίπτοντα
1029 2133 1385 2204 ύποχαλὰσῃς
1435 2137 1694 2209 δυσχερῆ,

125 2213 230 2264 ἀλλ’
259 2215 367 2268 ὑπὸ
396 2219 498 2286 τῆς
557 2217 794 2288 ἀληθοῦς
851 2221 1088 2285 ἐλπίδος,
1130 2223 1272 2294 ἡμὴ
1340 2226 1695 2292 διαψεύδεται

124 2304 239 2366 τοὺς
270 2305 620 2374 θεράποντας
647 2309 741 2363 τοῦ
761 2311 918 2376 Θεοῦ,
948 2317 1415 2386 μετεωριζόμενος
1437 2321 1694 2391 ὑπεράνω

129 2411 212 2462 μοι
247 2396 403 2463 γίνου
433 2398 542 2452 τῶν
561 2400 813 2471 ὀδυρμῶν
836 2404 1053 2458 καὶτῶν
1075 2407 1309 2476 θρήνων,
1343 2411 1578 2480 νικώσης
1598 2413 1694 2481 τῆς

127 2487 340 2540 αἰωνίου
375 2489 716 2562 γλυκύτητος
750 2495 928 2548 πάντα
976 2498 1044 2551 τὰ
1097 2500 1372 2569 ἐφήμερα.
1414 2503 1482 2554 Τί
1532 2504 1640 2571 γὰρ
1666 2505 1694 2556 6

125 2577 462 2647 ἀνθρώπινος
501 2581 654 2650 βίος;
687 2586 844 2656 ετπερ
876 2587 1026 2658 χίλια
1067 2589 1162 2659 ἐτη
1205 2591 1281 2654 ὡς
1316 2592 1505 2662 ἡμέρα
1541 2593 1692 2662 λογί-

128 2670 292 2735 ζεται,
337 2675 650 2743 πικραίνειν
683 2677 942 2733 δοκοῦντα
968 2681 1068 2750 τὴν
1102 2681 1394 2752 αῖσθησινς
1423 2685 1606 2754 Χωρὶς
1634 2686 1692 2739 δὲ

129 2763 322 2817 τούτων
345 2766 668 2835 ἀναλογίζου
711 2787 802 2839 μοι
828 2771 895 2823 τὰ
926 2772 1037 2825 τῶν
1057 2775 1345 2843 μακαρίων
1370 2776 1688 2830 ἀποστόλων

132 2854 265 2925 πάθη
297 2871 312 2886 ·
371 2857 444 2909 ἐῶ
477 2859 585 2928 γὰρ
632 2861 699 2914 τά
756 2862 850 2914 τοῦ
902 2864 1210 2931 Δεσπότουο
1281 2866 1460 2919 καίτοι
1531 2870 1690 2922 ποίαν

135 2948 433 3017 πικρότητα
460 2951 646 3004 παθῶν
677 2953 736 3004 ού
767 2953 972 3006 διαλύει
1009 2955 1118 3008 τῶν
1177 2957 1526 3014 Δεσποτικῶν
1585 2979 1688 3014 πα-

134 3034 190 3104 θη
198 3037 385 3103 μάτων
419 3039 451 3106 ή
479 3041 804 3109 ἀνάμνησις.

205 3125 369 3201 Ἀλλ’,
414 3130 465 3180 εί
509 3128 709 3198 βούλει,
762 3132 944 3202 ἐῶμεν
975 3131 1170 3201 ταῦτα,
1204 3137 1338 3191 διότι
1371 3142 1559 3209 κύριος
1611 3139 1686 3192 ῶν

136 3217 217 3269 τοῦ
257 3219 332 3288 μὴ
374 3220 627 3290 πάσχειν,
686 3222 826 3276 ἑκὼν
875 3225 1068 3278 ἑαυτὸν
1103 3230 1186 3290 είς
1235 3215 1394 3282 τοῦτό
1419 3235 1683 3302 παρεῖχε.

139 3307 272 3378 Πλὴν
300 3312 599 3380 σκοπῶμεν
630 3314 755 3375 τοὺς
780 3316 898 3383 μετ’
931 3315 1136 3369 ἐκεῖνον
1164 3318 1232 3370 τά
1285 3320 1477 3373 τούτου
1539 3323 1685 3391 πάθη

135 3398 574 3466 ἀναδεξαμένους,
605 3401 841 3465 καὶτοὺς
897 3402 994 3456 ἀπ’
1024 3404 1207 3456 αὐτῶν
1237 3407 1404 3476 μέχρι
1441 3407 1541 3476 τῆς
1594 3411 1687 3477 σή-

138 3505 288 3558 μερον
317 3491 400 3551 είς
428 3491 521 3543 τὸν
544 3492 637 3544 τοῦ
664 3493 1000 3560 Εὑαγγελίου
1038 3498 1517 3565 παραγγείλαντας
1565 3499 1685 3566 δρό-

137 3596 246 3646 μον,
277 3581 372 3632 καὶ
424 3584 538 3644 τοῖς
575 3584 872 3651 όμοταγέσι
933 3585 1000 3637 τὰ
1049 3588 1225 3640 οίκεῖα
1263 3589 1678 3658 συγκρίνοντες,

138 3669 248 3738 μηδ’
281 3671 364 3722 ὅτι
401 3670 644 3740 φέρομεν
679 3671 716 3724 ἀ
764 3673 1040 3736 κάκείνοις
1110 3676 1344 3746 ὑπῆρξε,
1405 3678 1688 3750 δυσφορῶ-

138 3776 242 3827 μεν.
291 3761 435 3814 Ἀλλ’
473 3761 523 3814 et
541 3779 591 3815 τι
624 3763 818 3826 ἐνδεῶς
860 3766 928 3818 τά
958 3767 1203 3836 ἡμέτερα
1256 3769 1403 3838 πάθη
1433 3769 1544 3822 τῶν
1578 3789 1683 3840 μα-

135 3852 326 3920 καρίων
380 3854 639 3924 Πατέρων
691 3855 845 3924 ἡμῶν
915 3855 1051 3926 ἔχει’
1105 3859 1163 3910 ὲν
1195 3858 1406 3921 τούτοις
1458 3861 1592 3930 πρὸς
1623 3862 1684 3913 τὸ

134 3943 359 4013 ἀγωνιᾷν
391 3942 768 4013 καθιστάμεθα
802 3945 894 3998 διά
925 3946 1023 4017 τὴν
1054 3947 1294 4017 ἔλλειψιν
1339 3951 1436 4018 τῆς
1460 3951 1685 4004 ἐκείνων

134 4035 446 4104 χαρᾶςμτῆς
502 4033 890 4106 λαμπρότητος
947 4041 1042 4092 καὶ
1079 4043 1179 4109 τῆς
1238 4041 1415 4110 δόξης,
1443 4043 1572 4096 ὅταν
1604 4045 1684 4106 είς

134 4126 356 4196 ἀμοιϐὴν
393 4127 504 4179 τῶν
533 4127 710 4181 πόνων
737 4131 832 4183 καὶ
868 4130 968 4207 τὴν
1021 4133 1360 4204 ἀνακήρυξιν
1390 4136 1500 4187 τῶν
1535 4139 1683 4205 ἁγωφ

136 4218 419 4288 νιζομένων
450 4220 476 4271 6
501 4219 782 4287 Δεσπότης
805 4223 1135 4293 προκαθίσῃ.
1173 4225 1364 4294 ’Δρκεί
1402 4227 1584 4279 ταῦτα
1607 4230 1685 4290 είς

137 4309 466 4378 παραμύθιον
525 4311 635 4362 τῶν
684 4309 918 4380 θλίψεων
975 4314 1153 4382 ἡμῶν,
1210 4316 1305 4368 καὶ
1360 4318 1563 4387 συνετῷ
1598 4335 1682 4371 σοι

1784 509 1954 576 gemis
1985 516 2038 562 et
2074 505 2390 560 lamentaris
2431 505 2594 574 quasi
2638 505 2731 573 qui
2765 509 3004 569 estrema
3037 501 3171 568 lapsi
3222 512 3350 553 sunt

1787 599 2026 654 fortuna.
2059 599 2123 652 Et
2151 599 2427 669 quomodo
2458 597 2563 650 ista
2588 595 2739 664 'apnd
2770 593 3068 658 hominem,
3105 603 3162 647 ut
3199 602 3266 650 te.
3299 595 3348 644 in

1789 687 1957 754 gratia
1990 686 2085 741 Dei
2141 703 2171 740 a
2212 700 2381 755 puero
2415 684 2737 749 educatum,
2764 693 2820 738 et
2851 683 3053 737 virtute
3087 683 3353 736 exercita-

1787 787 1925 844 tum,
1954 788 2008 834 et
2036 779 2381 834 ratumnihil
2416 793 2538 833 esse
2596 791 2762 845 super
2798 785 2996 830 terram
3046 776 3192 843 quod
3232 774 3354 828 bea-

1789 882 1900 926 tum
1925 873 2138 927 edicere
2168 873 2364 942 possit.
2390 872 2504 941 Ego
2559 871 2779 940 quidem
2824 876 3034 923 tantum
3086 868 3239 922 abest
3292 877 3355 921 ut

1789 964 2032 1018 animum
2063 964 2428 1034 despondeam
2481 962 2532 1016 in
2573 961 2776 1031 quibus
2824 971 2880 1016 tu
2911 960 3353 1028 despondes,.nt.

1789 1072 1910 1111 cum
1939 1066 2060 1112 tuas
2087 1072 2174 1112 res
2202 1056 2255 1110 in
2280 1064 2516 1110 mentem
2543 1069 2758 1120 revoco,
2784 1069 2891 1124 pra:
2913 1054 3110 1124 gaudio
3133 1057 3195 1108 de
3225 1051 3353 1111 tuis.

1791 1149 2136 1217 prepriorum
2171 1148 2465 1203 obliviscar
2493 1148 2792 1201 malorum.

1863 1333 1970 1388 Nos
2015 1333 2182 1396 enim,
2220 1333 2320 1387 etsi
2387 1332 2470 1387 his
2516 1331 2569 1384 in
2604 1331 2764 1384 terris
2797 1329 3197 1384 calamitatibus
3230 1344 3360 1395 prc-

1792 1426 2010 1488 tnintur,
2045 1433 2279 1479 attamen
2310 1425 2412 1478 heu
2441 1423 2454 1476 l
2495 1423 2632 1476 mala
2661 1433 2865 1484 nostra,
2902 1423 3177 1479 onntibns,
3217 1421 3359 1473 sicut

1794 1517 1960 1580 nosti,
1993 1525 2146 1583 aptos
2170 1530 2227 1568 sc
2249 1513 2688 1568 existimantibus
2706 1512 2771 1565 ad
2793 1513 3075 1565 sciendum
3106 1511 3358 1568 salutem.

1795 1608 1909 1660 sine
1978 1608 2184 1670 fructu,
2232 1616 2288 1660 ιιι
2351 1606 2423 1659 ita
2474 1606 2675 1671 dicam,
2726 1603 2980 1668 patimur.
3030 1601 3379 1679 Tihiuautetu.

1802 1713 1908 1751 non
1940 1697 2012 1750 ita
2048 1707 2130 1751 cst
2164 1714 2177 1749 :
2232 1696 2323 1751 sed
2349 1711 2471 1750 cum
2495 1711 2730 1764 superna
2770 1695 2987 1757 virtute,
3010 1694 3053 1747 si
3101 1708 3209 1745 non
3246 1708 3362 1771 ontf
3421 1758 3442 1770 ,1

1806 1789 1978 1851 nium,
2007 1796 2061 1840 at
2081 1803 2271 1841 eorum
2293 1788 2484 1839 saltem
2504 1787 2595 1852 qui
2618 1785 2897 1838 adhaerent
2918 1783 3078 1836 verbo
3105 1783 3366 1835 doctrina:

1798 1887 1871 1942 et,
1931 1893 2027 1944 pro
2057 1877 2149 1931 Dei
2197 1877 2494 1939 oblivione,
2528 1875 2728 1929 divinae
2779 1873 3066 1941 suhjacent
3100 1861 3364 1934 scietttia',

1797 1968 2029 2022 eximius
2053 1977 2136 2021 est
2157 1967 2432 2036 patientiae
2465 1966 2690 2020 fructus.
2729 1965 2803 2018 Ne
2842 1965 3008 2033 igitur
3032 1979 3173 2034 argre
3200 1965 3364 2022 feras.

1799 2076 1866 2114 ne
1895 2060 2256 2124 contristeris,
2291 2075 2357 2114 ne
2391 2059 2505 2113 alas
2543 2059 2747 2112 mentis
2788 2067 3011 2128 propter
3057 2055 3365 2110 accidentia

1796 2153 2045 2205 remittas
2082 2152 2223 2204 mala
2251 2169 2281 2222 ;.
2307 2151 2401 2206 sed
2433 2165 2528 2219 per
2564 2165 2744 2203 veram
2780 2164 2928 2217 spem
2965 2163 3087 2216 qua
3125 2147 3217 2200 Dei
3251 2162 3365 2200 ser-

1798 2257 1897 2296 vos
1924 2257 2204 2312 nunquam
2231 2241 2367 2296 fallit
2391 2244 2445 2295 in
2469 2242 2636 2296 altum
2664 2241 2915 2295 sublatus
2942 2255 3106 2308 supra
3135 2238 3366 2307 gemitus

1794 2341 1848 2387 et
1873 2333 2288 2388 lamentationes
2321 2335 2441 2397 tias,
2472 2344 2673 2386 aeterna
2695 2331 2985 2385 dulcedine
3015 2331 3200 2383 omnia
3227 2339 3362 2382 tem-

1795 2424 2000 2491 poral‘a
2060 2434 2374 2492 superante.
2435 2424 2577 2489 Quid
2634 2424 2779 2478 enim
2838 2424 2946 2476 vita
3002 2422 3262 2487 humana,
3319 2421 3362 2473 si

1797 2514 1942 2566 mille
1994 2515 2122 2567 anni
2167 2524 2427 2582 tanquam
2471 2529 2614 2569 unus
2659 2516 2778 2569 dies
2826 2522 3238 2582 computantur,
3270 2511 3364 2579 qui

1795 2600 2047 2654 videntur
2092 2601 2332 2654 animam
2383 2589 2850 2671 exasperare?Et
2908 2603 3132 2670 insuper
3174 2609 3363 2668 reputa

1794 2691 2073 2745 beatorum
2106 2692 2474 2761 apostolorum
2503 2693 2666 2757 mala,
2697 2702 2756 2745 ut
2785 2702 2994 2747 taceam
3022 2691 3088 2745 de
3119 2689 3361 2758 Magistri

1795 2781 2180 2849 passionibus:
2207 2790 2260 2835 et
2291 2791 2470 2855 tamen
2505 2795 2766 2850 quantam
2796 2783 3043 2837 dolorum
3088 2781 3356 2834 amaritu-

1793 2873 1973 2927 dinem
2017 2887 2122 2926 non
2160 2873 2301 2927 delet
2353 2874 2673 2942 passionum
2723 2872 2969 2945 Magistri
3013 2871 3358 2928 recordatio!

1863 3146 1989 3213 Sed,
2025 3148 2067 3201 si
2106 3149 2302 3218 placet,
2362 3149 2453 3203 illa
2490 3149 2990 3218 praztermittamus,
3055 3150 3180 3218 quia
3232 3165 3355 3204 cum

1788 3252 1954 3306 penes
2000 3253 2123 3292 eum
2178 3247 2323 3294 esset
2384 3255 2488 3292 non
2554 3242 2684 3307 pati,
2742 3249 2933 3309 sponte
2999 3242 3236 3309 seipsnm
3294 3245 3359 3294 ad

1783 3324 1931 3382 illud
2003 3327 2218 3382 obtulit.
2291 3327 2358 3381 At
2435 3328 2618 3396 potius
2699 3343 2794 3383 eos
2853 3329 3212 3397 inspiciamus
3266 3334 3356 3400 qui

1788 3425 1912 3485 post
1946 3417 2125 3485 ipsum
2159 3419 2276 3484 ejus
2310 3419 2594 3486 passiones
2621 3429 3004 3488 susceperunt.
3042 3431 3092 3472 et
3125 3437 3218 3474 eos
3263 3424 3356 3491 qni

1787 3507 1854 3560 ab
1879 3523 2067 3560 eorum
2104 3513 2438 3577 temporibus
2463 3523 2634 3578 usque
2658 3525 2804 3564 nunc
2836 3509 3110 3579 Evangelii
3135 3528 3355 3566 cursum

1788 3599 2019 3667 ingressi
2048 3608 2209 3664 sunt;
2242 3609 2293 3652 et
2325 3599 2791 3655 commilitonibus
2817 3612 3005 3655 nostra
3034 3617 3356 3671 compazan-

1788 3695 1890 3748 tes,
1927 3703 1993 3742 ne
2041 3702 2185 3758 aegre
2215 3687 2457 3743 feramus
2489 3689 2629 3756 quod
2679 3705 2741 3744 ea
2791 3690 3029 3758 patimur
3072 3705 3192 3760 qua:
3224 3693 3376 3761 ipsis-

1786 3788 2106 3832 cvenerunt.
2167 3778 2269 3832 Sed
2315 3779 2520 3848 siquid
2575 3780 2759 3834 minus
2813 3781 3014 3835 habent
3067 3783 3354 3848 passiones

1785 3879 1984 3924 nostra:
2024 3871 2372 3939 passionibus
2419 3871 2703 3927 beatorum
2742 3873 2964 3927 Patrum
3016 3885 3351 3936 nostrorum.

1786 3965 1839 4020 in
1881 3967 1968 4021 bis
1997 3967 2064 4022 ad
2115 3978 2392 4024 certamen
2443 3971 2840 4026 constituimur
2878 3982 3106 4042 propter
3155 3988 3347 4027 eorum

1785 4057 1992 4128 gaudii,
2053 4059 2344 4124 claritatis,
2377 4069 2432 4115 et
2479 4061 2668 4133 gloria:
2723 4062 3019 4128 defectum,
3095 4081 3218 4120 cum
3285 4067 3351 4119 ad

1787 4150 2219 4212 remunerandos
2274 4150 2512 4206 labores
2544 4159 2599 4206 et
2652 4152 3056 4209 denuntiandos
3103 4138 3351 4210 athletas

1789 4238 2049 4294 Dominus
2080 4241 2314 4296 sedebit.
2347 4241 2453 4297 Sed
2494 4244 2597 4297 ista
2628 4243 2902 4299 suﬂiciunt
2925 4245 2992 4299 ad
3031 4257 3342 4301 nostrarum

1787 4328 2192 4382 tribulationum
2225 4330 2503 4395 solatium,
2560 4347 2681 4386 cum
2714 4333 3018 4405 intelligens
3058 4337 3134 4390 sis
3154 4346 3207 4391 et
3255 4354 3352 4405 pro

137 4400 254 4464 δντι,
277 4401 370 4453 καὶ
393 4403 513 4465 τοὺς
553 4402 692 4470 ὑπὲρ
736 4403 974 4471 Χριστοῦ
1029 4406 1303 4468 κινδύνους
1333 4410 1676 4479 ἠγαπηκότι·

1790 4417 2002 4472 Christo
2039 4420 2276 4488 pericula
2301 4421 2486 4476 subire
2513 4424 2780 4479 amaveris
2807 4427 2946 4489 ;'nec
2972 4427 3081 4480 ulla
3109 4443 3348 4496 unquam

139 4491 335 4552 πάντως
385 4489 436 4542 δὲ
495 4491 670 4554 οὐδείς
721 4508 787 4559 με
854 4494 1030 4546 πείσει
1083 4495 1256 4560 λόγος,
1307 4498 1388 4548 ὅτι
1445 4503 1538 4550 καὶ
1607 4501 1678 4568 μὴ

138 4577 210 4630 διὰ
238 4580 440 4644 τέλους,
467 4582 495 4634 6
528 4579 690 4643 αὐτὸς
745 4575 798 4632 εἴ
823 4582 992 4648 φιλῶν
1031 4583 1175 4655 ἅπερ
1209 4587 1266 4650 ἐξ
1313 4588 1488 4656 ἀρχῆς
1552 4606 1678 4656 προο

140 4667 403 4742 ετίμησαςῖ
444 4663 448 4668 ’

198 4765 325 4834 Περὶ
355 4764 409 4816 δὲ
433 4758 508 4818 ὧν
532 4763 778 4835 ἔγραψας
809 4766 916 4819 τῶν
945 4784 1004 4818 τε
1035 4768 1176 4820 κατὰ
1205 4769 1382 4838 γάμον
1405 4769 1679 4823 ἐναντιου-

143 4856 298 4924 μένων
329 4858 670 4927 πραγμάτων
703 4862 768 4930 τῇ
813 4862 1145 4914 καταστάσει
1199 4863 1295 4931 τῆς
1329 4864 1678 4936 Ἐκκλησίας,

141 4947 350 5001 καὶτῶν
381 4948 554 5001 ἀλλων
603 4950 702 5002 ὅσα
748 4950 884 5020 πρὸς
925 4953 1017 5005 τόν
1071 4953 1430 5024 ὲθνικώτερον
1479 4958 1677 5025 τρόπον

143 5036 321 5104 ὑπάγει
355 5039 478 5102 τοὺς
508 5041 847 5110 χρωμένους,
892 5043 993 5095 οὐκ
1025 5043 1210 5110 ἀγνοεῖ
1246 5062 1337 5095 σου
1372 5047 1402 5115 ἡ
1440 5045 1674 5110 σύνεσις,

142 5126 209 5177 ὅτι
238 5128 402 5189 οὕτως
432 5129 629 5197 ἀθρόον
663 5132 696 5200 ή
737 5131 1065 5200 μετάστασις
1125 5132 1227 5201 τῆς
1283 5133 1502 5203 ὲθνικῆς
1533 5135 1677 5205 ζωῆς

143 5219 260 5289 πρὸς
280 5220 375 5290 τὴν
395 5220 674 5292 ἀκρίϐειαν
695 5223 788 5274 τοῦ
813 5223 1140 5290 Εύαγγελίου
1157 5224 1216 5276 τὸ
1233 5226 1412 5293 ῥᾴδιον
1433 5227 1492 5278 οὑ
1511 5245 1686 5279 κειταιΔ

144 5308 355 5378 δέχεται.
390 5313 486 5366 Διὰ
515 5312 673 5365 τοῦτο
693 5314 801 5384 χρὴ
829 5314 930 5385 τὴν
957 5315 1056 5384 μὲν
1083 5317 1432 5370 διδασκαλίαν
1455 5317 1552 5370 καὶ
1579 5317 1676 5387 τὴν

148 5403 263 5472 πρὸς
293 5404 360 5456 τά
414 5404 553 5458 καλὰ
586 5405 887 5475 ὁδηγοῦσαν
938 5408 1261 5477 παραίνεσιν
1313 5409 1676 5471 ἀδιαλείπτως

148 5495 403 5562 πατρικῶς
424 5497 515 5548 καὶ
533 5495 649 5566 μετ’
668 5497 968 5558 ἐπιεικείας
990 5499 1312 5567 προσάγειν⁸
1347 5500 1438 5552 καὶ
1471 5497 1550 5561 οἶς
1577 5498 1675 5568 μὲν

150 5586 468 5654 πειθομένους
491 5589 658 5658 ἔχεις,
684 5590 1030 5658 εὐχαριστεῖν
1065 5589 1139 5658 τῷ
1169 5590 1363 5642 διδόντι
1401 5593 1558 5660 χάριν
1607 5597 1685 5662 τῇ,

156 5680 209 5744 σῇ
239 5679 540 5749 διδασκαλίᾳ
575 5697 586 5711 ·
640 5676 720 5743 οίς
778 5680 833 5733 δὲ
886 5680 1333 5753 δυσχεραίνοντας
1368 5683 1519 5755 ὁρᾷς,
1550 5685 1673 5740 ἀνέη

1789 4511 1921 4564 mihi
1958 4512 2208 4566 suadebit
2237 4515 2412 4568 oratio
2446 4523 2495 4570 te
2522 4516 2575 4569 in
2604 4516 2765 4571 linem
2799 4531 2905 4571 non
2955 4534 3137 4573 amare
3169 4535 3288 4588 quae
3321 4536 3371 4574 a-

1788 4601 2054 4670 principio
2084 4603 2394 4672 prmtulisti.

1856 4785 2006 4850 Quod
2048 4797 2227 4841 autem
2255 4787 2544 4857 scripsisti,
2575 4799 2686 4842 tum
2717 4790 2783 4843 de
2807 4791 2871 4843 iis
2893 4807 3011 4859 qua:
3041 4792 3182 4844 circa
3214 4810 3348 4860 nup-

1787 4877 1886 4929 tias
1911 4877 2264 4932 adversantur
2291 4879 2433 4933 bono
2466 4878 2719 4935 Ecclesia:
2745 4881 3013 4950 regimini,
3043 4892 3154 4936 tum
3186 4886 3246 4936 de
3285 4887 3348 4938 iis

1787 4983 1905 5034 qua:
1929 4967 1994 5019 ad
2033 4969 2282 5023 ethnicos
2302 4985 2478 5023 mores
2505 4973 2676 5039 magis
2699 4971 2962 5026 inducunt
3003 4989 3098 5028 eos
3123 4977 3213 5043 qui
3238 4977 3342 5028 tali-

1787 5058 1887 5112 bus
1902 5069 2143 5121 utuntur,
2160 5078 2264 5114 non
2286 5061 2421 5115 fallit
2438 5073 2580 5116 tuam
2604 5064 3011 5131 intelligentiam
3035 5076 3138 5118 tant
3171 5083 3346 5134 prout-

1786 5159 1934 5216 ptum
1965 5151 2033 5203 ab
2071 5151 2287 5206 cthnica
2313 5154 2420 5206 vita
2464 5155 2751 5208 transitum
2785 5155 2851 5208 ad
2888 5158 3158 5224 Evangelii
3196 5174 3346 5211 sevc-

1784 5239 1996 5293 ritatem
2031 5257 2138 5295 non
2169 5241 2325 5297 facile
2356 5245 2536 5312 recipi.
2581 5244 2809 5314 Propter
2836 5249 2977 5316 quod
3016 5248 3343 5303 documenta

1785 5339 1837 5383 ct
1875 5347 1995 5399 quae
2048 5333 2313 5387 inducunt
2361 5334 2426 5386 ad
2473 5336 2722 5391 virtutem
2777 5339 3186 5394 exhortationes
3231 5343 3345 5394 sine

1785 5420 2193 5476 intermissione
2222 5439 2341 5477 cum
2369 5435 2588 5492 paterna
2617 5430 2881 5481 suavitate
2917 5439 3130 5495 oportet
3169 5431 3339 5483 addu-

1783 5525 1938 5576 cere;
1972 5522 2021 5564 et
2055 5514 2117 5565 de
2148 5514 2211 5566 iis
2243 5515 2460 5581 quidem
2504 5534 2642 5586 quos
2678 5517 2994 5572 obedientes
3030 5520 3191 5573 habes
3220 5536 3344 5588 grao

1786 5602 1911 5654 tiam
1946 5603 2050 5656 Deo
2092 5603 2292 5659 referre
2327 5614 2416 5674 qui
2451 5610 2593 5662 dedit
2647 5610 2751 5662 vim
2805 5613 2910 5666 tuis
2959 5613 3294 5666 documentis
3331 5631 3342 5676 ;

1784 5705 1877 5746 cos
1904 5702 2081 5747 autem
2115 5709 2250 5763 quos
2280 5697 2500 5752 rebelles
2526 5699 2731 5754 invenis
2758 5715 2949 5769 magna
2977 5701 3158 5754 animo
3184 5701 3346 5765 ferre,
