4074 6444
151 411 238 473 2ί9

1556 410 1956 470 ΕΡΙΞΤΟῐηΕ.

3223 406 3331 468 950

141 523 217 572 τού
249 519 385 588 ίεροῦ
439 519 589 588 ὑμῶν
653 517 913 590 ὀνόματος
967 521 1338 592 ἡάνάῤῥησις
1391 518 1526 585 μετά
1560 521 1658 588 τῆς

1783 520 1927 573 natio
1945 535 2066 574 cum
2086 530 2266 575 nostra
2292 520 2476 574 humili
2499 517 2941 576 denominatione
2960 516 3012 569 in
3040 518 3209 572 sacris
3243 534 3329 570 re-

139 610 270 678 ἡμῶν
313 612 780 680 τεταπεινωμένης
831 611 1076 681 κλήσεως
1104 614 1162 662 ἒν
1200 613 1312 672 τοῖς
1353 612 1516 679 ίεροτς
1543 629 1665 670 συν-

137 705 352 770 ἀττηται
410 699 708 769 διπτύχοις.
773 702 943 754 Τοῦτο
976 703 1032 755 δὲ
1071 703 1289 767 πάντως
1353 706 1660 774 γενήσεται,

135 793 222 844 τῶν
247 792 402 843 ἓνεκα
455 791 546 844 τοῦ
590 795 851 862 τετάρτου
915 795 1094 863 γάμου
1151 797 1557 867 προαχθέντων,
1585 799 1664 860 είς

135 881 396 948 ὁμολογίαν
421 881 831 953 καθισταμένων
863 884 940 947 ὡς
973 887 1219 956 ἐπράχθη
1254 889 1404 958 παρὰ
1439 890 1498 941 τὸ
1523 889 1662 953 δέον,

136 975 172 1023 εὶ
193 972 275 1023 καὶ
297 971 713 1042 τῆςβασιλικῆς
747 974 937 1027 ἕνεκεν
981 977 1328 1044 συμπαθείας
1352 978 1413 1030 τὸ
1445 978 1668 1044 γεγονὸς

135 1058 270 1112 ἔλασε
323 1060 426 1132 τὴν
467 1062 808 1118 κατάνευσιν.
857 1062 978 1117 Οἷδε
1018 1066 1129 1134 γὰρ
1179 1068 1211 1133 η
1247 1065 1314 1134 σὴ
1372 1065 1665 1132 τελειότηςι

133 1153 200 1203 ὅτι
234 1168 336 1220 περ
363 1146 451 1204 οἷα
478 1152 652 1204 πολλά
680 1152 749 1205 τὰ
781 1153 1111 1224 ἀνθρώπινα
1146 1156 1500 1224 καινοτομίας
1527 1157 1668 1218 τινος

133 1244 423 1312 γινομένης,
475 1246 568 1295 καὶ
629 1245 704 1314 μὴ
757 1244 855 1315 τὴν
908 1246 1267 1316 ὀφειλομένην
1285 1246 1668 1316 λαμϐανούσης

133 1333 428 1402 θεραπείαν,
474 1335 696 1404 ἀφορμή
743 1352 829 1396 τις
885 1336 981 1388 καὶ
1029 1339 1111 1396 είς
1141 1339 1202 1389 τὸ
1233 1337 1426 1390 ἔπειτα
1455 1338 1667 1406 γίνεται

133 1426 226 1486 τοῖς
256 1423 599 1493 βουλομένοις
622 1426 716 1480 τοῦ
745 1428 957 1490 δέοντος
985 1429 1456 1498 παρατρέπεσθαι,
1483 1431 1670 1499 φέρειν

112 1515 214 1582 ,τὴν
238 1516 410 1584 ὁρμὴν
433 1517 807 1587 ἀνεπίσχετον,
862 1521 1314 1589 προτρεπομένης
1352 1520 1550 1579 αὑτοὺς
1579 1521 1672 1572 ἐπὶ

132 1607 282 1674 τούτῳ
302 1608 400 1675 τῆς
448 1608 826 1680 προλαὸούσης
872 1613 1348 1680 καταφρονήσεως.
1391 1613 1493 1664 Διά
1514 1612 1672 1664 τοῦτο

133 1697 212 1748 καὶ
233 1695 323 1748 νῦν
350 1697 532 1751 δεῖτὸ
585 1700 758 1753 αἴτιον
816 1702 1038 1768 γεγονὸς
1087 1704 1194 1753 τῶν
1241 1703 1552 1755 σκανδάλων
1593 1704 1673 1765 είς

133 1788 402 1855 ὁμολογίαν
441 1791 744 1862 προελθεῖν,
793 1793 876 1845 ὅτι
923 1795 1072 1863 παρὰ
1127 1794 1188 1846 τὸ
1215 1795 1334 1848 δέον
1375 1794 1624 1864 ιπράχθη
1655 1811 1668 1825 ⁸

1773 623 2002 680 ponatur
2022 612 2308 681 diptychis.
2339 611 2470 664 illud
2498 627 2625 664 vero
2641 610 2867 664 omnino
2908 609 3018 671 fiet,
3038 609 3328 662 dummodo

1769 705 1839 758 de
1887 706 2145 756 anteactis
2176 711 2489 770 quartarum
2519 703 2827 769 nuptiarum
2846 717 3036 763 causa,
3072 702 3328 754 internus

1771 794 2054 847 conveniat
2102 793 2192 847 illa
2224 793 2522 859 contraius
2555 792 2692 845 facta
2722 791 2912 857 fuisse,
2937 793 3064 856 etsi,
3110 800 3330 860 propter

1775 883 2159 951 indulgentiam
2213 885 2265 936 in
2305 883 2713 952 imperatorem,
2768 883 2908 948 quod
2969 882 3169 936 factum
3245 887 3328 933 est

1773 989 2052 1028 assensum
2087 975 2314 1042 accepit.
2347 973 2505 1026 Novit
2529 973 2674 1026 enim
2697 980 2876 1025 vestra
2901 951 3179 1036 sanctitas,
3209 987 3334 1038 per-

1774 1080 1914 1133 smpe
1939 1065 1991 1118 in
2029 1065 2190 1120 rebus
2225 1066 2472 1120 humanis
2512 1065 2742 1132 quadam
2778 1065 3128 1117 innovatione
3154 1065 3328 1117 inter-

1774 1159 2022 1212 veniente
2049 1174 2148 1212 nec
2171 1159 2406 1212 debitam
2442 1158 2740 1225 accipiente
2769 1158 3056 1215 medelam.
3087 1155 3333 1208 occasio-

1775 1265 1896 1303 nem
1927 1250 2050 1304 inde
2095 1251 2247 1303 nasci
2292 1249 2374 1302 his
2411 1250 2504 1318 qui
2547 1249 2637 1316 jus
2678 1247 2980 1314 transgredi
3035 1247 3242 1306 volunt,
3281 1254 3333 1296 et

1776 1341 2158 1403 impulsiouem
2196 1341 2308 1394 fieri
2332 1341 2444 1410 jam
2478 1339 2760 1402 invictam,
2788 1353 2911 1393 eum
2936 1339 3000 1391 ad
3030 1337 3078 1391 id
3112 1337 3332 1389 inducat

1776 1441 2022 1486 anteacta
2071 1417 2452 1499 transgressio.
2498 1430 2789 1498 Propterea
2846 1436 3055 1496 oportet
3091 1426 3143 1479 id
3189 1424 3331 1492 quod

1777 1521 1983 1577 factum
2033 1529 2121 1576 est
2145 1522 2522 1576 seautlalorum
2558 1522 2732 1589 origo,
2781 1527 2966 1571 contra
3009 1518 3098 1585 jus
3129 1515 3330 1568 factum

1778 1615 1967 1676 fuisse,
1989 1622 2046 1666 ut
2071 1626 2179 1666 non
2210 1613 2262 1665 in
2297 1611 2347 1665 id
2373 1612 2638 1680 aspiciant
2663 1609 2817 1677 quasi
2843 1609 2896 1660 in
2920 1607 3212 1675 exemplar,
3239 1606 3330 1674 qtti

1778 1705 1843 1758 ad
1879 1704 2056 1772 pejora
2102 1705 2349 1758 tendunt.
2409 1702 2525 1756 Non
2572 1703 2784 1756 desinet
2828 1710 3006 1753 autem
3068 1696 3331 1766 quidquid

1782 1795 2003 1848 humani
2038 1796 2196 1847 habet
2246 1794 2361 1848 haec
2410 1792 2689 1862 impulsio,
2745 1793 2918 1845 donec
2966 1789 3163 1858 accipit
3194 1802 3333 1857 prae-

133 1877 254 1930 ὧστε
304 1881 502 1950 μηκέτι
553 1883 808 1954 καθάπερ
849 1883 931 1946 είς
969 1903 1021 1938 τι
1069 1885 1384 1955 ἀρχέτυπον
1431 1886 1674 1956 ὁρῶντας

1783 1887 1921 1938 vium
1951 1884 2016 1938 ad
2036 1884 2405 1938 imitationem
2437 1884 2873 1936 incitamentum.

133 1972 238 2031 τσὺς
267 1971 356 2025 ἐπὶ
411 1973 472 2025 τδ
521 1976 704 2044 χεῖρον
742 1975 1130 2046 ὡρμημένους.
1192 1978 1267 2030 Οὑ
1312 1978 1583 2031 παύσεται
1605 1979 1662 2031 δὲ
1700 1979 1916 2048 πάντως
1946 1978 2007 2031 τὸ
2062 1977 2407 2048 ἀνθρώπινον
2482 1977 2581 2046 τῆς
2618 1973 2876 2043 τοιαύτης
2903 1972 3102 2043 ὁρμῆς,
3130 1971 3234 2032 ῑως
3267 1969 3336 2022 ἀν

133 2061 181 2110 si
198 2061 344 2124 γένος
371 2061 637 2132 λαμσὰωει
683 2044 800 2134 τὴν-
825 2044 1052 2135 πρύοδον
1098 2068 1491 2136 έπαλείφεσθαι
1531 2069 1670 2139 πρὸς
1707 2044 2086 2140 τὴνῆμίμησιν.

189 2151 350 2205 Τοῦτο
373 2154 474 2223 μὲν
505 2151 641 2219 οἶδα,
678 2156 753 2221 ὡς
794 2159 887 2210 καὶ
913 2159 988 2228 μὴ
1010 2162 1330 2230 γραφόντων
1358 2162 1517 2230 ἡμῶν
1538 2164 1572 2232 ἡ
1604 2163 1674 2232 σὴ

134 2239 418 2310 ἀμώμητος
455 2245 552 2298 καὶ
582 2246 1001 2318 ἔμφρονεστάτη
1044 2250 1191 2319 ψυχὴ
1223 2252 1316 2303 καὶ
1365 2252 1674 2318 ἐπίσταται,

135 2332 214 2384 καὶ
239 2331 336 2401 τῆς
370 2335 674 2406 εἰρημένης
698 2339 1060 2408 προνοήσεται
1091 2342 1412 2409 ἀσφαλείας,
1449 2343 1593 2410 ὅμως
1621 2343 1676 2396 δέ

133 2419 264 2471 οὑᾶὲν
313 2424 549 2487 ἀπεικὸς
589 2426 686 2490 καὶ
744 2429 894 2496 ἡμᾶς
943 2431 1071 2499 περὶ
1114 2430 1320 2486 τούτων
1361 2433 1673 2503 ὑπόμνησιν

135 2511 322 2577 φέρειν.
352 2513 455 2566 Διά
480 2514 652 2568 ταῦτα
680 2521 776 2571 καὶ
795 2519 824 2569 ὁ
857 2519 1204 2592 φιλόχριστος
1228 2523 1386 2592 ἡμῶν
1421 2525 1675 2594 βασιλεὺς

135 2601 394 2658 Βασίλειον
433 2608 524 2659 τὸν
572 2609 962 2664 εὐκλεέστατον
1023 2616 1521 2686 πρωτοσπαθάριον
1573 2617 1671 2671 καὶ

138 2694 216 2746 ἐπὶ
238 2696 329 2748 τοῦ
348 2696 795 2770 χρυσοτρικλίνου
821 2705 959 2780 μετά
979 2706 1070 2759 τοῦ
1094 2709 1296 2760 οίκείου
1324 2707 1675 2772 ἐξαπέστειλε

137 2784 464 2855 γράμματος,
492 2791 586 2843 καὶ
635 2794 792 2862 ἡμεῖς
838 2796 1096 2864 Εὑλόγιον
1137 2798 1231 2851 τὸν
1273 2800 1672 2854 εὑλαόέστατον

140 2877 493 2947 πρεσϐύτερον
550 2883 646 2937 καὶ
696 2885 1172 2950 κουδουκλείσιον,
1235 2892 1330 2943 καὶ
1386 2890 1674 2960 ἄνθρωπον

141 2969 273 3035 ἡμῶν
299 2972 441 3040 μετὰ
463 2973 557 3025 τοῦ
587 2977 858 3046 ἡμετέρου
884 2979 1212 3048 γράμματος
1263 2982 1679 3046 συνεξαπεστεί-

143 3059 310 3128 λαμεν,
341 3066 552 3144 ικεῖνα,
586 3068 678 3120 καὶ
709 3069 806 3120 σὺν
838 3073 952 3131 τοῖς
982 3073 1274 3141 γράμμασι
1303 3075 1399 3126 καὶ
1430 3075 1536 3144 πρὸ
1566 3075 1674 3127 τῶν

1849 2161 1960 2216 lloc
1992 2163 2207 2231 quidem
2245 2160 2392 2220 novi.
2432 2162 2592 2216 etiam
2622 2175 2728 2216 non
2761 2160 3121 2215 scribentibus
3155 2155 3332 2220 nobis,

1774 2261 1921 2307 tuam
1949 2253 2474 2322 irreprehensibilem
2502 2264 2550 2306 et
2583 2234 3059 2322 prudentissimam
3093 2250 3330 2303 animant

1777 2355 1831 2400 et
1859 2346 2054 2399 callere
2085 2355 2138 2398 et
2190 2345 2471 2413 providere
2510 2345 2669 2398 dictae
2729 2341 3030 2398 securitati.
3085 2340 3332 2395 Attamen

1783 2451 1888 2489 non
1934 2436 2030 2489 abs
2094 2451 2150 2488 re
2180 2442 2331 2489 estet
2396 2450 2494 2490 nos
2541 2435 2609 2490 de
2660 2435 2746 2489 his
2796 2435 3114 2487 memoriam
3164 2431 3231 2484 ad
3285 2440 3336 2484 te

1783 2524 2042 2592 perferre.
2086 2523 2206 2578 Ideo
2256 2533 2308 2576 et
2341 2523 2463 2592 pius
2493 2533 2682 2578 noster
2727 2522 3024 2591 imperator
3076 2518 3335 2571 Basilium

1781 2617 2214 2671 illustrissimum
2265 2609 2762 2684 protoSpatharium
2801 2621 2856 2666 et
2892 2611 3040 2664 aurei
3096 2608 3333 2663 cubiculi

1784 2707 2096 2779 praefectum
2127 2723 2247 2761 cum
2276 2706 2509 2775 propriis
2530 2704 2728 2758 litteris
2753 2703 2922 2766 misit,
2951 2709 3004 2755 et
3027 2715 3129 2754 nos
3168 2699 3334 2752 liuiu-

1777 2804 1922 2870 gium
1955 2799 2426 2868 religiosissimum
2451 2797 2824 2866 presbyterum
2853 2801 2908 2847 et
2935 2790 3333 2846 cubicularium

1776 2903 1830 2948 et
1870 2891 2143 2944 hominem
2184 2898 2429 2944 nostrum
2479 2903 2600 2941 eum
2648 2885 2876 2954 epistola
2915 2891 3099 2937 nostra
3157 2877 3320 2933 simul

1777 2983 2054 3044 misimus,
2095 2981 2182 3033 cui
2241 2979 2617 3032 mandavimus
2654 2977 2767 3030 haec
2807 2983 2928 3027 tum
2978 2989 3097 3027 cum
3134 2970 3328 3024 litteris

1778 3082 1890 3128 tum
1927 3073 2145 3140 proprio
2172 3085 2265 3124 ore
2288 3070 2490 3133 dicere,
2528 3079 2586 3120 ut
2619 3082 2739 3136 qua:
2773 3067 2826 3118 in
2863 3072 3050 3117 nostra
3086 3060 3333 3115 Ecclesia

141 3155 464 3222 γραμμάτων
485 3158 662 3247 οίκεές,
687 3159 907 3233 γλώσσῃ
927 3163 1314 3232 ἐπιτρέψαντες
1335 3169 1674 3234 πρὸσειπεῖν,

1783 3166 2045 3234 impressa
2089 3164 2266 3233 vigent
2297 3169 2351 3214 et
2396 3160 2680 3230 pacificum
2711 3165 2909 3212 statum
2963 3153 3155 3222 adepta
3183 3157 3332 3213 sunt,

142 3241 257 3294 ὥστε
279 3245 347 3297 τὰ
372 3241 844 3303 κατατυπωθέντα
869 3254 927 3302 ὲν
953 3255 1018 3321 τῇ
1051 3253 1172 3304 καθ’
1198 3256 1343 3323 ἡμᾶς
1380 3256 1676 3325 Ἐκκλησία

144 3336 217 3385 καὶ
245 3338 529 3407 είρηνικὴν
554 3341 785 3394 λαϐόντα
812 3344 1165 3406 κατάστασιν,
1194 3345 1335 3397 οὑτω
1357 3349 1450 3398 καὶ
1501 3348 1566 3400 τά
1617 3349 1675 3398 ἐν

145 3422 248 3490 ὑμῖν
270 3427 597 3494 τυπωθῆναι
625 3432 717 3483 καὶ
754 3434 834 3494 είς
862 3434 959 3502 τὴν
1003 3435 1120 3503 μεθ’
1143 3436 1300 3504 ἡμῶν
1347 3437 1541 3489 ἕνωσιν
1589 3438 1678 3490 διὰ

144 3515 220 3567 τοῦ
259 3520 501 3573 τοιούτου
553 3527 884 3594 καταστῆναι
926 3527 1121 3581 τύπου.
1173 3528 1362 3581 Ταῦτα
1412 3529 1471 3582 δέ
1531 3531 1678 3582 ἐστιν

146 3606 380 3676 οὑμενουν
452 3612 679 3681 οὐδεμία
753 3616 862 3668 τῶν
913 3620 1274 3687 πεπραχότων
1326 3622 1671 3691 κατάκρισις,

147 3701 234 3752 οὐδ’
262 3703 559 3774 ἀπόῤῥιῲις
598 3706 880 3777 δυσφήμου
931 3711 1093 3777 λόγου
1136 3711 1258 3763 κατ’
1300 3713 1502 3774 αὑτῶν,
1541 3714 1676 3766 ἀλλά

150 3793 286 3856 μόνον
345 3795 444 3847 τοῦ
495 3796 561 3850 τὰ
608 3802 950 3870 γεγενημένα
1000 3806 1092 3854 ἐπὶ
1132 3803 1207 3872 τῷ
1237 3805 1483 3874 τετάρτῳ
1513 3805 1676 3874 γάμῳ

149 3881 578 3956 διομολογηθῆναι
615 3893 751 3960 πρὸς
779 3893 838 3946 τὸ
870 3896 1152 3962 συμπαθὲς
1196 3897 1408 3965 ὁρῶντα
1447 3897 1548 3966 τῆς
1584 3897 1682 3966 βπ.-

151 3974 336 4046 σιλικῆς
357 3982 483 4032 κατ’
511 3983 689 4034 έκεῖνο
717 3985 913 4054 καιροῦ
940 3987 1216 4050 ἀξιώσεως
1237 3990 1562 4058 γεγενῆσθαι
1584 3990 1685 4058 (Ι).

150 4063 246 4119 tu'
267 4071 325 4122 οὑ
347 4072 486 4124 κατᾶ
513 4073 577 4124 τὸ
615 4077 912 4144 προσῆκον,
940 4077 1061 4129 οὑδὲ
1118 4081 1258 4131 κατά
1309 4080 1544 4148 θεσμοὺς
1588 4081 1687 4150 τῆς

160 4158 464 4229 Ἑκκλησίας
499 4181 512 4196 ·
536 4164 564 4216 δ
596 4167 688 4217 καὶ
733 4169 900 4237 χωρὶς
945 4164 1373 4238 τῶν’ήμετέρων
1429 4171 1602 4238 λόγων
1631 4174 1681 4225 oi

155 4251 251 4303 τότε
278 4253 354 4322 τῷ
385 4255 486 4323 βίῳ
509 4257 797 4324 παρόντες,
823 4262 962 4327 φημὶ
1020 4261 1074 4312 δὲ
1123 4261 1344 4328 Σέργιος
1401 4262 1478 4328 (ὃν
1504 4265 1559 4313 ἐν
1584 4266 1692 4322 τοῖς

159 4348 423 4415 μακαρίοις
449 4347 679 4418 εὔχομαι
704 4353 1062 4420 συντετάχθαι
1093 4352 1454 4422 ἀρχιερεῦσι),
1489 4354 1584 4404 καὶ
1641 4354 1689 4404 οἱ

1781 3272 1842 3310 ea
1905 3267 2122 3324 quoque
2151 3251 2290 3320 apud
2335 3265 2436 3304 vos
2487 3250 2824 3308 sanciantur,
2876 3253 2930 3298 et
2981 3246 3032 3297 in
3092 3251 3334 3296 mutuam

1784 3347 1922 3399 inter
1975 3359 2074 3398 nos
2134 3344 2392 3396 unitatem
2416 3342 2602 3394 eadem
2648 3337 2818 3392 forma
2852 3345 3176 3391 statuantur.
3209 3333 3340 3398 Qua:

1785 3437 2004 3505 quidem
2047 3435 2356 3488 nullatenus
2410 3423 2541 3486 sunt
2595 3437 2869 3500 gestorum
2933 3425 3337 3485 condemnatio,

1791 3542 1890 3582 nec
1927 3542 2114 3579 eorum
2163 3523 2468 3591 repudiatio
2519 3537 2640 3591 qua
2687 3523 2752 3575 de
2809 3520 2894 3573 his
2936 3518 3170 3572 infauste
3197 3515 3339 3568 dicta

1785 3627 1933 3682 sunt,
1965 3617 2058 3672 sed
2091 3624 2298 3669 tantum
2323 3623 2382 3668 ut
2403 3614 2688 3669 conveniat
2712 3627 2773 3665 ea
2800 3626 2917 3681 qua:
2946 3610 3090 3663 circa
3118 3617 3339 3677 quartas

1785 3711 2005 3780 nuptias
2035 3717 2183 3778 gesta
2215 3717 2362 3770 sunt,
2394 3714 2639 3775 respectu:
2678 3703 3038 3772 imperatoria:
3064 3699 3340 3767 dignitatis

1785 3817 1885 3870 pro
1923 3811 2166 3869 tempore
2200 3815 2322 3852 cum
2361 3797 2691 3865 indulgentia
2720 3806 2864 3862 gesta
2899 3794 3089 3855 fuisse,
3112 3790 3204 3845 sed
3233 3804 3338 3843 non

1785 3893 1886 3945 rite
1917 3900 2009 3944 aut
2053 3891 2350 3944 secundum
2387 3888 2641 3942 Ecélcsim
2673 3889 2836 3955 leges.
2871 3885 3023 3950 Quod
3054 3893 3106 3938 et
3134 3887 3340 3950 absque

1774 3982 1994 4036 nostris
2019 3980 2199 4033 verbis
2232 3979 2265 4031 ii
2306 3980 2395 4047 qui
2425 3987 2555 4031 tunc
2596 3978 2702 4029 vita
2741 3974 3079 4036 fruebantur,
3117 3971 3340 4038 Sergius

1788 4074 1995 4128 scilicet
2021 4072 2200 4143 (quem
2229 4072 2401 4125 beatis
2420 4071 2578 4138 cupio
2599 4067 2945 4121 annumerari
2966 4060 3338 4134 pontificibus)

1788 4174 1842 4220 et
1866 4165 1958 4233 qui
1991 4179 2113 4217 eum
2139 4177 2202 4216 eo
2223 4172 2394 4226 erant,
2424 4163 2475 4215 in
2515 4162 2630 4216 suis
2662 4167 2990 4230 agnoverunt
3019 4156 3241 4210 litteris.
3275 4153 3341 4206 Et

1794 4275 1860 4312 ne
1894 4258 2029 4312 falsa
2058 4257 2238 4310 dicere
2269 4255 2569 4318 videamur,
2595 4256 2694 4308 has
2733 4256 2876 4322 ipsas
2926 4251 2993 4304 ab
3030 4251 3137 4303 illis
3188 4247 3341 4301 datas

1792 4350 1856 4403 ad
1892 4361 1941 4402 te
1967 4348 2216 4401 misimus
2243 4346 2469 4398 litteras.

159 4433 236 4484 σὺν
271 4391 719 4508 ἐκείνῳὶνττοτς
747 4391 969 4500 οἰκείοιέ
1037 4391 1454 4510 διωΐμέλύγησατ
1507 4441 1821 4509 γράμμασι.
1855 4437 1961 4488 Καὶ
1993 4435 2078 4486 ἵνα
2147 4434 2220 4504 μὴ
2279 4432 2520 4502 δόξωμεν
2581 4430 2650 4483 τὰ
2688 4430 2762 4501 μὴ
2818 4432 2946 4484 ὄντα
2973 4391 3170 4498 λέγειν,
3204 4425 3342 4479 αὑτὰ

157 4526 316 4579 ἐκεῖνά
341 4545 424 4580 σοι
455 4530 525 4581 τὰ
544 4528 962 4612 διαπεμφθέντα
993 4531 1125 4598 παρ’
1151 4531 1329 4582 αὑτῶν
1369 4531 1826 4596 ὲξαπεστείλαμεν
1853 4526 2158 4596 γράμματα
2193 4523 2289 4592 (9)-

225 4617 409 4681 ’Δξίως
437 4608 654 4670 οὖν’καὶ
700 4621 800 4686 τῆς
846 4619 943 4685 σῆς
1002 4618 1253 4687 πράττων
1299 4621 1674 4690 ἀρχιερατικῆς

1867 4615 2037 4683 Digne
2072 4614 2235 4683 igitur
2267 4628 2432 4682 agens
2481 4623 2533 4666 et
2576 4621 2661 4664 tua
2694 4608 2964 4679 pontificis
3001 4609 3262 4678 gravitate
3292 4617 3345 4662 et

162 4707 481 4774 σεμνότητος,
515 4709 609 4759 καὶ
661 4709 756 4774 τῆς
795 4709 1132 4778 τελειοτάτης
1170 4712 1502 4778 φρονήσεως,
1548 4709 1688 4761 οὕτω

167 4793 428 4866 βουλήθητι
477 4797 756 4849 διαθέσθαι
814 4798 880 4849 τὰ
935 4799 1255 4865 πράγματα,
1291 4798 1428 4851 ὥστε
1475 4799 1566 4850 καὶ
1599 4800 1689 4851 τὸν

167 4886 402 4940 ἀθάνατον
459 4891 551 4941 καὶ
603 4889 815 4957 πρῶτον
864 4890 1122 4958 ἀρχιερέα
1177 4891 1332 4958 ἡμῶν
1390 4890 1480 4940 ἐπὶ
1530 4889 1691 4942 πλέον

165 4977 503 5048 εὐφρανθῆναι
528 4980 619 5030 ἐπὶ
646 4983 710 5048 τῇ
737 4981 832 5046 τῆς
859 4980 1140 5048 καθ’ήμᾶς
1178 4980 1499 5046 Ἑκκλησέας
1525 4998 1691 5033 καταο

168 5069 344 5122 στάσει.
380 5072 904 5140 Εὑφρανθήσεταιδὲ
953 5072 1218 5138 μηδεμιᾶς
1263 5072 1690 5139 ὑπολειπομένης

169 5157 392 5230 ἀφορμῆς
423 5167 534 5224 τοῖς
591 5165 843 5233 ἀφορμὴν
874 5159 958 5214 οἷα
985 5165 1052 5215 τὰ
1092 5164 1401 5232 ἀνθρώπινα
1437 5162 1690 5229 ζητοῦσιν

171 5248 232 5308 εἰς
257 5251 312 5302 τὸ
350 5255 445 5321 τὴν
496 5253 737 5321 γαλήνην
784 5254 1132 5321 ἐκταράττειν
1187 5254 1284 5320 τῆς
1349 5251 1690 5320 Ἐκκλησίας,

172 5339 356 5411 κιὶτὴν
384 5345 660 5412 ὑμετέραν
694 5347 750 5394 ὲν
787 5346 972 5413 Κυρίῳ
997 5345 1129 5412 πρὸς
1163 5345 1309 5412 ἡμᾶς
1352 5343 1567 5402 ἕνωσιν,
1600 5341 1690 5393 καὶ

174 5429 250 5479 τοῦ
276 5433 409 5502 ἱεροῦ
445 5434 878 5502 ὑμώνόνόματος
901 5437 998 5502 τὴν
1031 5437 1084 5484 ἐν
1105 5437 1214 5496 τοῖς
1247 5431 1520 5500 διπτύχοις
1558 5433 1690 5484 ἀνα-

236 5587 300 5652 (1)
326 5589 398 5642 En
430 5603 486 5644 ιιι
511 5590 598 5642 hic
639 5588 892 5641 Nirolaus
928 5589 1060 5642 satis
1096 5589 1687 5642 retraetatsententiam

179 5666 323 5731 S‘Ilfltn,
355 5660 404 5710 iu
432 5662 659 5727 epistola
690 5658 878 5731 XXX],
911 5671 1184 5731 tantopere
1242 5661 1589 5717 inculcatam,
1624 5658 1690 5709 de

180 5720 544 5797 dispensatio-ne
586 5733 799 5797 quartis
827 5728 1018 5781 Leonis
1047 5720 1174 5794 imp.
1227 5732 1428 5792 nuptiis
1471 5744 1574 5779 non
1604 5726 1688 5778 in-

184 5794 516 5857 dulgendaJin
576 5794 631 5853 ut
659 5803 872 5873 tandem
903 5800 1156 5854 Itomatue
1205 5814 1421 5866 quoque
1446 5798 1690 5852 ecclesia:

1795 4706 2188 4776 perfectissima
2241 4694 2524 4773 sapientia,
2581 4703 2650 4756 ita
2696 4716 2781 4754 res
2815 4709 3053 4753 statuere
3085 4701 3237 4760 velis,
3284 4712 3342 4753 ιιι

1795 4807 1846 4851 et
1892 4796 2214 4850 immortalis
2252 4805 2304 4848 et
2335 4809 2583 4847 summus
2614 4791 2857 4844 Pontifex
2897 4800 3078 4844 uoster
3110 4791 3345 4858 amplius

1795 4887 2022 4956 gaudeat
2053 4886 2119 4939 de
2150 4895 2346 4938 nostrae
2379 4884 2631 4936 Ecclesia:
2647 4882 3034 4936 constitutione
3067 4882 3344 4945 (gaudebit

1795 4987 1973 5031 autem
2005 4976 2052 5030 si
2087 4976 2228 5027 nulla
2284 4982 2560 5027 remaneat
2601 4975 2818 5026 occasio
2847 4973 2917 5024 iis
2961 4971 3051 5036 qui
3107 4973 3342 5023 humano

1799 5081 1948 5120 more
1977 5065 2315 5118 occasionem
2347 5070 2596 5131 quaerunt
2639 5059 3047 5124 tranquillitatis
3097 5058 3344 5110 Ecclesia:

1792 5155 2191 5225 perturbandw)
2231 5162 2282 5207 ct
2323 5164 2497 5207 vestra
2545 5153 2600 5205 in
2632 5149 2858 5204 Domino
2893 5149 3172 5202 nobiscum
3216 5148 3344 5197 ttnio

1792 5258 1845 5303 et
1905 5246 2066 5301 vestri
2128 5246 2267 5300 sacri
2329 5244 2562 5298 nominis
2611 5244 2664 5295 in
2702 5241 2973 5312 diptychis
3004 5238 3344 5292 denuntiatio

1795 5342 1950 5405 plane
1993 5347 2048 5391 et
2092 5339 2209 5391 sine
2255 5337 2622 5390 controversia
2675 5334 2788 5386 fiat.
2830 5332 3018 5384 Nullus
3052 5329 3194 5382 enim
3232 5329 3341 5396 jam

1797 5431 2010 5500 poterit,
2064 5437 2122 5481 ut
2190 5428 2446 5489 diximus,
2481 5428 2550 5478 ita
2586 5435 2775 5493 agente
2805 5431 2981 5474 vestra
3021 5422 3342 5482 sanctitate,

1792 5584 2086 5653 Sergioque
2118 5582 2378 5649 pontifici,
2404 5582 2493 5649 qui
2526 5588 2707 5634 contra
2744 5593 2802 5633 se
2825 5586 3068 5642 steterat,
3103 5576 3339 5629 debitum

1793 5652 2014 5706 honoris
2050 5653 2418 5704 teStimunium
2449 5652 2558 5704 dat.

1860 5725 1936 5801 β)
1969 5722 2337 5843 lQuaerendum
2364 5728 2604 5788 superest
2631 5719 2696 5776 dc
2725 5719 2808 5774 his
2829 5718 2987 5773 Rom.
3014 5714 3339 5770 Pontificum

1789 5803 1960 5846 Cmstu
1989 5807 2052 5844 is.

1824 5803 2052 5862 ptslUllS.
