4074 6446
635 299 736 364 251
1159 370 1161 372 ,
1754 307 2057 367 NICOLAI
2097 308 2207 371 CP.
2247 307 2762 370 PATRIARCH/E
3741 308 3849 372 232

637 433 700 470 ex
737 415 822 468 his
858 416 1204 485 pontilicibus
1249 431 1437 474 ansam
1486 419 1720 484 arripere
1751 429 2096 490 tempestates
2133 423 2185 476 in
2216 477 2217 480 η

2321 425 2518 493 ηήρυξιν
2549 423 2764 492 ὁμαλῶς
2801 422 2890 475 καὶ
2947 423 3304 490 ἀφιλονείκως
3344 422 3620 491 γενέσθαι.
3667 426 3857 490 Οὐδεὶς

641 506 879 561 Ecclesia
901 518 1082 576 postea
1103 509 1394 573 excitandi,
1415 517 1631 578 preptcr
1656 521 1884 565 vestram
1909 515 2183 567 unionem.

2330 513 2394 582 ἔιρ
2415 513 2492 566 ἐτι
2519 514 2834 582 δυνήσεται,
2876 512 3063 582 ὥσπερ
3115 512 3346 581 ἔφημεν,
3384 511 3483 580 τῆς
3527 512 3679 581 ὑμῶν
3706 515 3861 581 άξιό-

640 596 908 663 Quoniam
955 609 1132 652 autem
1181 614 1396 668 semper
1437 601 1646 669 aliquos
1681 603 1945 656 malorum
1999 612 2186 657 natura

2324 620 2447 672 ητης
2516 601 2858 670 πραττούσης
2893 601 2998 652 τῶν
3034 601 3266 653 ἐνταῦθα
3297 601 3602 669 ἀρχιερέων
3641 602 3734 653 καὶ
3784 604 3848 653 ls-

642 690 706 740 ad
737 705 795 743 se
825 690 987 741 trahit
1035 690 1219 757 (limt
1248 700 1302 744 et
1329 692 1430 744 hoc
1457 691 1652 746 litteris
1679 693 1919 762 addere),
1967 703 2022 748 et
2064 704 2190 750 sunt

2321 696 2430 746 νέων
2462 694 2783 764 προφάσεως
2814 693 3073 744 λαϐέσθαι
3101 691 3194 744 τοῦ
3216 691 3385 762 ζάλην
3413 695 3685 745 ἀνακινεῖν
3721 692 3852 758 μετέ
3882 709 3887 758 ζ

643 782 734 848 qui
768 781 1221 847 perturbationem
1251 783 1618 849 praeferentes,
1661 795 1714 837 et
1748 784 1995 839 Ecclesize
2032 795 2192 838 tran-

2328 785 2463 836 αὕτα
2509 787 2574 852 τῇ
2629 781 2926 852 Ἐκκλησῖα
2984 783 3168 834 ἕνεκεν
3217 782 3316 850 τῆς
3373 781 3533 850 ὑμῶν
3593 767 3886 841 ὲνὼσεωςί

644 867 964 935 quillitatem
993 884 1134 936 :rgre
1165 869 1421 942 ferentes,
1442 886 1471 923 a
1517 873 1672 925 nobis
1703 873 1910 938 seipsos
1947 874 2193 927 abscide-

2325 875 2528 945 Επειδὴ
2587 875 2644 927 δὲ
2700 874 2788 926 ἀεί
2819 890 2973 935 τινας
3008 876 3042 940 ἠ
3093 871 3201 925 τῶν
3229 871 3488 942 χειρόνων
3513 872 3673 937 φύσις
3710 870 3839 921 ἓλκε
3871 902 3876 920 ρ

644 966 791 1020 runt,
849 959 1212 1011 mandandum
1263 975 1554 1015 censemus
1608 962 1799 1015 vestris
1851 962 2063 1031 legatis,
2114 972 2190 1035 ut,

2321 969 2429 1038 πρὸς
2456 967 2651 1036 ἑαυτὴν
2672 968 2774 1035 (δεῖ
2795 965 2886 1019 καὶ
2909 964 3064 1016 τοῦτο
3088 962 3400 1034 προσθεῖναι
3428 960 3504 1030 τῷ
3523 958 3841 1030 γράμματι)

644 1050 901 1114 spectatis
929 1065 1047 1116 quae
1069 1048 1332 1105 Ecclesia:
1374 1053 1698 1116 conducant,
1755 1052 1882 1106 illud
1918 1053 2065 1106 circa
2093 1053 2195 1107 hos

2321 1061 2389 1109 ιαί
2432 1056 2536 1108 εἰσί
2571 1071 2714 1117 τινες
2747 1058 2796 1107 ot
2830 1054 3205 1123 προτιμῶντες
3236 1051 3337 1121 τὴν
3385 1050 3650 1119 ταραχὴν,
3679 1049 3774 1100 καὶ
3799 1050 3866 1115 τῇ

645 1137 923 1191 nobiscum
963 1149 1166 1193 etcum
1212 1139 1450 1196 Ecclesia
1499 1151 1792 1210 peragant;
1847 1143 1992 1210 quod
2043 1159 2200 1211 pera-

2321 1147 2723 1217 ηκκλησιαστικῇ
2769 1147 2979 1216 γαλήνῃ
3030 1143 3496 1212 δυσχεραίνοντες.
3540 1136 3868 1210 ἀπέρρηξαν

646 1242 770 1296 gere
795 1243 1005 1296 aequum
1032 1240 1114 1282 est
1148 1230 1396 1284 homines
1422 1231 1512 1299 qui
1539 1247 1634 1300 pro
1662 1233 2042 1286 ecclesiastica:
2069 1249 2199 1287 con-

2321 1239 2530 1299 ιαυτοὺς
2573 1235 2632 1300 ἐξ
2681 1236 2861 1303 ἡμῶν,
2900 1232 3539 1303 ἐντείλασθαι”ὰξιοῦμεν
3567 1232 3676 1293 τοῖς
3712 1229 3870 1297 ὑμῶν

647 1317 945 1372 stitutionis
978 1319 1231 1381 utilitate.
1275 1332 1325 1375 et
1373 1331 1492 1375 vota
1541 1321 1744 1375 faciunt
1777 1332 1829 1376 et
1854 1332 1912 1376 ut
1950 1334 2045 1378 Sua
2077 1333 2197 1378 vota

2321 1327 2618 1389 ιποστόλοις
2643 1327 2716 1389 ὼς
2735 1326 2803 1378 τὰ
2836 1325 3180 1396 συμφέροντα
3214 1326 3280 1394 τῇ
3325 1323 3624 1391 Ἐκκλησία
3655 1321 3868 1388 σκεψά-

649 1422 769 1460 cum
809 1408 1016 1462 cmlesti
1059 1411 1430 1464 misericordia
1502 1412 1700 1466 bonum
1746 1414 2012 1482 accipiant
2041 1416 2199 1468 linem

2321 1435 2474 1483 ιενοι,
2529 1420 2707 1471 ἐκεῖνο
2761 1418 2854 1468 καὶ
2906 1417 3034 1485 περὶ
3081 1416 3260 1468 αὐτῶν
3302 1414 3420 1483 μεθ’
3459 1412 3616 1482 ἡμῶν
3650 1412 3745 1463 καὶ
3769 1413 3872 1480 τῆς

648 1498 884 1550 student.
932 1499 1210 1554 Mittantur
1253 1511 1432 1555 autem
1486 1503 1631 1570 digni
1686 1514 1865 1557 vestra
1915 1504 2205 1559 sanctitate

2321 1507 2640 1576 Ἐκκλησίας
2679 1505 3111 1575 διαπράξωνται,
3168 1504 3196 1557 ὃ
3245 1504 3508 1573 πράττειν
3555 1503 3699 1564 είκ’›ς
3744 1502 3871 1561 τοὺς

649 1589 832 1656 legati,
886 1605 980 1657 per
1022 1606 1179 1657 quos,
1231 1607 1354 1645 cum
1386 1593 1478 1645 Dei
1513 1608 1636 1662 ope,
1684 1595 1817 1648 bene
1861 1605 1913 1647 et
1949 1596 2206 1648 conveni-

2321 1600 2445 1667 ὅπερ
2474 1600 2572 1666 τῆς
2621 1597 2902 1665 ἱερατικῆς
2933 1593 3340 1660 καταστάσεως,
3373 1598 3465 1648 καὶ
3501 1595 3665 1662 εὐχὴν
3685 1609 3874 1644 ποιου-

649 1689 803 1732 enter
833 1695 918 1734 res
966 1681 1332 1736 Ecclesiarum
1381 1684 1682 1751 dirigantur
1723 1695 1778 1738 et
1819 1685 2046 1743 dixerim
2083 1686 2206 1754 qui-

2321 1688 2505 1754 μένους
2531 1687 2629 1737 καὶ
2681 1686 2780 1752 τὴν
2819 1686 2982 1754 εὐχὴν
3017 1687 3114 1738 σὺν
3143 1688 3208 1754 τῇ
3243 1684 3448 1737 ἄνωθεν
3484 1682 3738 1751 εὐμενείᾳ
3773 1681 3872 1732 λα-

649 1772 792 1832 dem.
840 1771 886 1824 si
938 1771 1052 1826 ﬁeri
1098 1780 1310 1842 posset,
1367 1773 1621 1837 Jacobus,
1667 1774 1760 1829 Dei
1796 1776 2203 1830 amantissimus

2321 1746 2424 1830 δεῖν
2473 1777 2646 1846 πέρας
2697 1746 2972 1838 λυσιτελὲς
3031 1746 3508 1835 διεσπουδακότας.
3553 1746 3872 1825 ἶΑπόστολοι

649 1860 975 1930 episcopus:
1015 1878 1136 1916 cum
1170 1865 1310 1918 enim
1358 1865 1469 1932 jam
1517 1865 1583 1918 ad
1630 1882 1726 1920 nos
1772 1866 1998 1930 venerit,
2047 1868 2202 1919 nobis

2321 1866 2366 1918 se
2399 1866 2538 1929 ἄξιοι
2585 1866 2678 1934 τῆς
2713 1865 2866 1932 ὑμῶν
2907 1865 3193 1932 ἁγιότητος
3233 1862 3769 1926 ἀποσταλείσθωσαν,
3804 1860 3874 1912 δι’

652 1965 745 2016 per
776 1951 955 2016 omnia
989 1951 1184 2020 dignus
1219 1952 1427 2020 legatus
1473 1965 1672 2008 sanctae
1693 1953 2057 2007 Romanorum
2105 1953 2206 2007 Ec-

652 2040 830 2115 clesiae
869 2040 1018 2094 visus
1065 2051 1176 2106 cst;
1230 2052 1324 2096 aut
1378 2043 1512 2096 alter
1565 2043 1780 2111 quidem
1835 2044 1961 2096 huic
2011 2043 2210 2098 virtute

650 2129 864 2185 similis.

2310 1953 2384 2010 ὧν
2441 1958 2622 2026 μέλλει
2673 1959 2768 2009 σὺν
2814 1957 2932 2024 Θεῷ
2963 1955 3141 2019 καλῶς
3180 1957 3275 2008 καὶ
3313 1955 3630 2024 πρεπόντως
3663 1953 3729 2006 τὰ
3761 1951 3873 2004 τῶν

2324 2048 2661 2118 Ἑκκλησιῶν
2683 2048 3114 2118 διευθετηθῆναι.
3157 2047 3416 2115 Λέγωμεν
3465 2045 3527 2113 δὴ
3556 2046 3603 2096 εί
3646 2042 3877 2095 δυνατὸν

2328 2137 2579 2198 Ἰάκωϐος
2633 2139 2660 2190 ὁ
2695 2136 3100 2205 θεοφιλέστατος
3152 2135 3479 2194 ἐπίσκοπος·
3507 2135 3598 2186 καὶ
3642 2133 3753 2199 γὰρ
3780 2130 3879 2183 καὶ

653 2220 916 2290 πρότερον
965 2223 1102 2294 πρὸς
1149 2225 1293 2293 ἡμᾶς
1350 2225 1587 2278 ἀνελθὼν
1644 2225 1781 2279 κατὰ
1827 2226 2003 2278 πάντα
2064 2225 2240 2290 ἔδοξεν
2279 2227 2408 2294 ἡμῖν
2465 2227 2591 2289 ἄξια
2637 2227 2735 2295 τῆς
2795 2226 2955 2292 ἁγίας
2999 2223 3110 2276 τῶν
3192 2223 3476 2291 Ῥωμαίων
3545 2219 3886 2288 Ἐκκλησίαὶ

652 2315 1026 2369 ἀποστέλλων·
1093 2317 1188 2370 καὶ
1238 2317 1422 2387 ἕτερός
1471 2335 1554 2382 τις
1624 2317 1816 2387 ἐκείνῳ
1868 2319 1965 2388 τὴν
2006 2319 2204 2388 ἀρετὴν
2245 2320 2644 2389 παραπλήσιος.

1233 2453 1363 2508 ων.
1403 2452 1636 2507 Incerto.

725 2589 836 2644 Etsi
870 2589 1022 2658 plena
1055 2588 1332 2642 hominum
1372 2589 1476 2642 vita
1503 2590 1763 2644 molestiis
1803 2599 1904 2654 est,
1939 2591 2098 2645 habet
2127 2598 2213 2644 ta-

655 2696 778 2735 men
841 2697 937 2750 pro
968 2683 1164 2736 solatio
1213 2681 1512 2734 amantium
1569 2682 1900 2750 frequentem
1955 2684 2213 2737 recorda-

652 2773 876 2826 tionem.
928 2769 1024 2826 Ubi
1074 2781 1251 2826 autem
1309 2771 1450 2826 istud
1483 2772 1651 2836 abest,
1707 2773 2002 2841 prmsertim
2052 2773 2210 2842 sijus

655 2863 1145 2930 eonszmgninitatis
1175 2863 1226 2916 id
1263 2863 1522 2932 postulat,
1559 2873 1686 2917 tunc
1731 2863 1952 2932 insuper
1995 2866 2211 2920 dolores

658 2956 931 3009 adduntur
973 2955 1301 3008 dolentibus.
1331 2953 1498 3007 Porro
1531 2955 1636 3007 tale
1658 2955 1788 3024 quid
1821 2956 1974 3010 nobis
1999 2957 2212 3011 accidit.

2886 2434 3008 2488 NA'.
3040 2434 3292 2501 Ἀδήλῳ.

2383 2571 2443 2622 Εἰ
2475 2570 2569 2622 καὶ
2593 2568 2805 2638 πλήρης
2840 2571 2867 2621 ὁ
2895 2569 3002 2620 τῶν
3025 2568 3327 2638 ἀνθρώπων
3352 2568 3464 2636 βίος
3493 2568 3600 2619 τῶν
3638 2566 3876 2620 λυπούνο

2314 2678 2420 2712 των
2453 2661 2620 2724 ἐστὶν,
2654 2661 2800 2727 ὅμως
2828 2661 2940 2729 ἔχει
2970 2659 3324 2728 παραμυθίαν
3351 2661 3473 2712 τινὰ
3503 2658 3602 2726 τὴν
3631 2656 3738 2710 ἁπδ
3768 2657 3883 2708 τῶν

2315 2749 2609 2816 φιλούντων
2668 2748 2925 2810 πολλάκις
2968 2749 3206 2818 μνήμην.
3269 2746 3438 2801 Ὅταν
3489 2748 3546 2800 δὲ
3606 2747 3764 2800 τοῦτο
3805 2745 3879 2816 μὴ

2316 2842 2486 2910 παρῇ,
2513 2841 2606 2892 καὶ
2649 2839 2880 2908 μάλιστα
2903 2839 2997 2891 τοῦ
3016 2839 3226 2892 δικαίου
3249 2840 3347 2908 τῆς
3377 2839 3694 2906 συγγενείας
3711 2839 3881 2893 άπαι-

2317 2936 2554 2998 τοῦντος,
2623 2935 2785 2988 πλέον
2837 2933 3060 2998 αὒξεται
3119 2936 3232 2995 τοῖς
3287 2934 3650 3003 λυπουμένοις
3677 2932 3746 2986 τὰ
3780 2931 3881 2984 λυ-

659 3045 795 3097 Cum
836 3044 976 3096 enim
1013 3042 1198 3096 multis
1231 3042 1722 3095 circumveniamur
1752 3041 1978 3110 singulis
2024 3042 2214 3095 diebus

2321 3027 2484 3096 πηρά.
2521 3025 2770 3078 Τοιοῦτόν
2793 3043 2848 3078 τι
2882 3025 2976 3082 καὶ
3007 3026 3137 3094 ἡμῖν
3169 3025 3475 3094 ἀπήντησε.
3518 3023 3737 3085 Πολλοῖς
3771 3022 3884 3090 γὰρ

657 3151 778 3203 quae
809 3134 1051 3190 animum
1087 3142 1312 3203 angunt,
1329 3133 1784 3203 nullus(humano
1803 3133 1960 3187 modo
1980 3133 2211 3202 loquor);

658 3225 912 3282 solatium
987 3223 1169 3278 ferens
1236 3223 1383 3278 visus
1434 3232 1538 3279 est.
1599 3223 1666 3278 Et
1716 3235 1942 3278 caeteros
1997 3224 2213 3292 quidem

660 3315 852 3370 omitto
889 3333 904 3370 :
943 3314 1374 3384 consanguineos
1422 3329 1550 3368 vero
1593 3315 1823 3368 similem
1874 3328 2059 3384 gerere
2101 3314 2218 3367 ani-

660 3421 830 3472 mum,
880 3406 1151 3476 quomodo
1189 3407 1313 3476 quis
1339 3407 1591 3475 ignorare
1636 3407 1828 3474 possit.
1864 3405 1966 3459 nisi
1996 3405 2217 3460 omnino

659 3512 842 3551 rerum
879 3497 1237 3551 humanarum
1276 3512 1438 3552 sensu
1470 3498 1694 3553 careat?
1742 3495 1866 3550 ιιωο
1890 3495 2071 3552 scribo
2109 3511 2214 3549 non

663 3595 720 3642 ut
748 3588 1095 3657 exprobrem,
1140 3588 1234 3642 sed
1285 3597 1342 3641 ut
1371 3603 1646 3651 renovem,
1697 3588 1745 3642 si
1791 3588 1940 3650 libet,
1985 3600 2217 3642 consan-

661 3679 945 3748 guinitatis
997 3678 1279 3733 illecebras
1326 3687 1382 3733 et
1429 3679 1588 3732 aliam
1631 3678 1882 3732 amicitiae
1927 3677 2214 3744 rationem,

657 3785 825 3841 quam
859 3770 996 3823 haud
1021 3770 1135 3824 scio
1163 3770 1439 3839 quomodo
1475 3769 1631 3823 nobis
1661 3768 1952 3823 observare
1979 3782 2218 3837 praesens

665 3871 876 3930 tempus
927 3875 1034 3914 non
1079 3859 1286 3914 siverit.
1327 3859 1554 3924 Quantis
1585 3859 1727 3913 enim
1770 3859 2038 3927 angustiis
2065 3872 2218 3911 com-

665 3949 914 4019 prehensi
971 3951 1232 4006 fuerimus
1284 3966 1389 4004 non
1446 3949 1681 4003 arbitror
1735 3958 1806 4013 te,
1853 3950 2015 4002 etiam
2063 3948 2218 4003 nobis

665 4059 775 4097 non
830 4043 1235 4107 scribentibus,
1297 4043 1568 4112 ignorare.
1628 4040 1702 4094 Te
1756 4049 1933 4094 autem
1996 4038 2219 4093 omnino

665 4135 889 4187 decebat
925 4141 982 4186 ut
1032 4145 1376 4201 praesentem,
1413 4148 1534 4186 eum
1570 4132 1723 4186 nobis
1757 4129 2027 4187 scribendi
2055 4128 2221 4183 facul-

665 4232 750 4276 tas
774 4237 877 4274 non
899 4233 1060 4282 esset,
1089 4224 1312 4274 Romam
1338 4223 1482 4274 adire
1511 4229 1564 4273 et
1582 4218 1987 4273 sanctissimum
2021 4213 2217 4284 Papam

664 4322 720 4366 et
756 4311 974 4365 fratrem
1013 4322 1253 4366 nostrum
1290 4313 1571 4366 certiorem
1630 4312 1805 4364 facere
1853 4310 1919 4363 de
1968 4310 2050 4362 his
2099 4322 2218 4375 qum

2313 3117 2435 3170 καθ’
2467 3117 2704 3187 ἑκάστην
2739 3115 3268 3186 περιστοιχιζόμενοι
3310 3113 3426 3176 τύῖς
3457 3112 3745 3181 ἀλγύνουσι
3781 3112 3884 3179 τὴν

2312 3203 2512 3272 ψυχὴν,
2559 3204 2660 3257 ὅσα
2723 3219 2787 3271 γε
2843 3203 2912 3256 τὰ
2961 3203 3278 3274 ἀνθρώπινα
3333 3197 3512 3264 οὐδεὶς
3562 3203 3691 3270 ἡμῖν
3720 3200 3881 3269 ὤφθη

2316 3295 2494 3365 φέρων
2517 3287 2863 3366 παραψυχήν.
2919 3296 3052 3349 Καὶ.
3080 3296 3202 3358 τοὺς
3241 3295 3342 3364 μιν
3370 3293 3562 3356 ἄλλους
3602 3292 3696 3356 ἐῶ,
3737 3292 3803 3345 τὸ
3825 3293 3883 3345 δὲ

2315 3391 2408 3443 καὶ
2437 3392 2718 3457 συγγενεῖς
2768 3389 2867 3460 τὴν
2905 3389 3096 3459 ὁμοίαν
3139 3389 3327 3458 φέρειν
3357 3388 3620 3450 διάθεσιν,
3655 3384 3774 3448 πῶς
3816 3385 3886 3439 ἄν

2317 3498 2396 3543 τις
2433 3481 2646 3550 παρίδοι
2707 3482 2782 3552 μὴ
2814 3481 2937 3534 λίαν
2969 3481 3045 3535 ὼν
3083 3481 3192 3534 τῶν
3223 3479 3578 3544 ἀνθρωπίνων
3613 3476 3880 3547 πραγμάο

2315 3589 2422 3626 των
2452 3573 2884 3644 ἀνεπαίσθητοςς
2933 3571 3137 3642 Γράφω
3180 3570 3350 3626 ταῦτα
3381 3570 3482 3623 οὐκ
3525 3567 3880 3632 ἑξονειδίζων,

2316 3665 2431 3720 ἀλλ’
2461 3664 2825 3729 ἀνακαινίζων
2878 3667 2926 3717 εί
2958 3664 3135 3734 βούλει
3170 3663 3231 3715 τὸ
3277 3659 3600 3730 συγγενικὸν
3633 3657 3881 3728 φίλτρον,

2317 3757 2412 3809 καὶ
2440 3756 2538 3826 τὴν
2569 3756 2736 3825 άλλην
2761 3755 2946 3826 σχέσιν
2991 3757 3091 3825 τῆς
3141 3753 3362 3831 φιλίαςη
3385 3753 3452 3822 ἢν
3485 3751 3585 3805 οὐκ
3617 3745 3735 3802 οῖδα
3764 3747 3882 3809 πῶς

2317 3846 2439 3898 ὅσον
2471 3848 2605 3916 ἡμῖν
2646 3847 2930 3900 κατανοεῖν
2974 3847 3003 3898 ὁ
3043 3845 3234 3914 παρὼν
3269 3842 3506 3911 ἐκάλυψε
3551 3841 3763 3912 χρόνος.
3801 3831 3885 3892 τὰ

2321 3935 2550 4008 μὲνγὰρ
2586 3918 2830 4009 ἡμέτερα
2888 3935 3032 4002 οἵαις
3087 3937 3355 4004 ἀνάγκαις
3396 3933 3753 4003 ωνειχόμεθα
3785 3931 3884 4000 οὐχ

2321 4014 2690 4098 ὺπολαμδάνω
2744 4046 2804 4082 σε
2850 4029 2945 4082 καί
2978 4028 3053 4099 μὴ
3087 4028 3406 4099 γραφόντων
3454 4028 3614 4096 ἡμῶν
3640 4026 3880 4090 ἀγνοεῖν.

2319 4122 2386 4174 Σὲ
2431 4121 2488 4174 δὲ
2540 4123 2758 4183 πάντως
2799 4120 3040 4190 ἔπρεπεν
3087 4123 3147 4173 ὲν
3189 4122 3300 4182 τοῖς
3371 4118 3560 4174 αὐτόθι
3615 4116 3883 4186 παρόντα,

2321 4213 2426 4266 κᾶν
2470 4214 2629 4282 ἡμεῖς
2673 4213 3024 4282 ἐκωλυόμεθα
3054 4214 3304 4282 γράφειν,
3338 4211 3430 4264 καὶ
3459 4209 3595 4278 πρὸς
3618 4208 3714 4279 τὴν
3750 4206 3883 4260 Ῥώ-

2324 4322 2438 4375 μην
2475 4306 2909 4377 παραγενέσθαι,
2959 4307 3053 4360 καὶ
3084 4306 3176 4360 τὸν
3224 4304 3526 4372 ἁγιώτατον
3565 4304 3761 4356 Πάπαν
3789 4300 3885 4353 καὶ

662 4399 823 4452 nobis
861 4411 1151 4451 evenerant
1183 4400 1310 4462 (non
1340 4401 1480 4451 enim
1511 4401 1636 4466 quid
1672 4410 1722 4452 te
1758 4399 1956 4451 latebat
2002 4407 2214 4449 nostra-

2321 4374 2739 4468 eseiebv'iniav
2763 4397 3072 4462 ἀναδιδάξαι
3095 4398 3162 4450 τὰ
3191 4398 3272 4457 είς
3298 4397 3443 4465 ἡμᾶς
3499 4393 3884 4463 συμθεὸηκότα

670 4504 787 4540 rum
821 4489 1176 4542 tentationum
1206 4499 1259 4543 et
1291 4495 1677 4556 :erumnarum)
1720 4498 1771 4541 et
1803 4487 2056 4541 Ecclesia:
2089 4501 2215 4552 per-

669 4577 1055 4640 turbationem,
1108 4586 1288 4631 notam
1323 4580 1423 4649 ipsi
1457 4579 1652 4643 facere,
1696 4587 1750 4630 et
1791 4577 2016 4630 suadere
2059 4576 2131 4628 illi
2165 4583 2224 4629 ut

669 4667 1053 4736 apocrisiarios
1082 4669 1316 4722 mitteret
1364 4670 1428 4722 ad
1475 4668 1690 4720 fratrem
1729 4667 1981 4735 injuriam
2014 4666 2222 4734 patien-

670 4770 796 4824 tem,
831 4767 884 4812 et
926 4769 983 4813 ut
1010 4760 1365 4814 collaboraret
1395 4761 1458 4812 ad
1491 4759 1780 4812 Ecelesiam
1817 4769 2054 4811 nostram
2086 4771 2222 4810 cen-

673 4861 924 4917 grnenter
972 4866 1127 4905 sacro
1178 4852 1337 4904 statui
1376 4851 1782 4912 restituendam,
1841 4858 1893 4900 et
1922 4863 1984 4901 ex
2013 4848 2223 4915 quartis

673 4943 876 5011 nuptiis
932 4953 1053 4996 nata
1116 4943 1366 4998 scandala
1420 4943 1736 5009 corrigeret,
1789 4948 2004 5007 propter
2058 4952 2220 5004 quam

673 5035 1086 5095 correctionem,
1135 5037 1252 5102 ejus
1307 5051 1502 5089 nomen
1554 5035 1608 5086 in
1660 5032 1830 5086 sacris
1880 5029 2079 5083 nostris
2107 5030 2226 5097 dip-

677 5129 846 5198 tycltis
879 5125 1286 5180 rescribendum
1314 5139 1367 5180 et
1402 5142 1524 5180 eum
1561 5135 1744 5180 nostra
1784 5121 2225 5176 denominatione

677 5228 818 5273 esset
859 5219 1303 5275 denuntiandum.

757 5495 860 5548 Sed
909 5497 1162 5561 (‘iuoniam
1201 5496 1309 5547 hmo
1361 5495 1540 5548 omnia
1582 5493 1690 5558 jam
1747 5493 2137 5559 prmterierunt.
2180 5500 2232 5545 et

685 5589 932 5643 Christus
971 5584 1112 5638 Deus
1144 5596 1322 5639 noster
1364 5596 1417 5638 et
1455 5599 1682 5654 magnus
1733 5583 1970 5637 Pontifex
2017 5583 2232 5636 investi-

691 5681 847 5749 gabili
901 5696 995 5735 sua
1045 5676 1308 5747 sapientia
1346 5678 1563 5730 mulan
1609 5677 1741 5730 hanc
1780 5676 2231 5744 perturbationun

2325 4489 2407 4558 (ού
2436 4489 2542 4558 γὰρ
2581 4489 2841 4542 ἐλάνθανὲ
2876 4490 2935 4541 σέ
2965 4506 3018 4541 τι
3062 4488 3169 4540 τῶν
3199 4487 3320 4540 καθ’
3355 4488 3510 4556 ἡμῶν
3536 4483 3882 4548 ἐπιϐουλῶν),

2325 4581 2415 4632 καὶ
2448 4580 2547 4650 τῆς
2580 4581 2842 4649 ἐπηρείας
2871 4577 3086 4648 καὶτῆς
3123 4578 3451 4648 Ἐκκλησίας
3485 4577 3583 4645 τὴν
3611 4573 3882 4644 ταραχὴν,

2323 4676 2421 4743 ὅση
2449 4687 2532 4734 τις
2577 4668 2644 4741 ἦν
2666 4672 2932 4740 γνωρίσαι
2983 4671 3151 4740 αὐτῷ,
3183 4670 3279 4724 καὶ
3323 4673 3508 4722 πεῖσαι
3555 4668 3882 4736 άποκρισια·

2331 4765 2478 4832 ρίους
2521 4765 2724 4815 στεῖλαι
2780 4763 2918 4831 πρὸς
2958 4758 3583 4830 ἀδελφὸν’ὴδικημένον,
3629 4759 3720 4810 καὶ
3755 4773 3881 4808 συνε-

2327 4855 2696 4921 αγωνίσασθαι
2729 4856 2862 4923 πρός
2890 4871 2948 4906 τε
2976 4856 3035 4906 τὸ
3053 4852 3150 4924 τὴν
3193 4851 3515 4916 Ἐκκλησίαν
3544 4849 3701 4918 ἡμῶν
3731 4848 3882 4899 ἀπο-

2329 4945 2660 5012 καταστῆναι
2699 4943 2862 5008 ἀξίως
2909 4945 3007 5012 τῆς
3059 4945 3208 5011 ἱερᾶς
3241 4940 3646 5002 καταστάσεως,
3689 4937 3784 4989 κα)⁵
3813 4935 3881 4987 τὰ

2328 5037 2391 5104 ἐκ
2437 5036 2529 5087 τοῦ
2581 5037 2839 5104 τετάρτου
2871 5035 3049 5103 γάμου
3100 5032 3406 5100 ἁναφυέντα
3434 5029 3707 5083 σκάνδαλα
3739 5027 3882 5095 διορς-

2331 5103 2626 5186 θώσασθαι.
2682 5103 2741 5178 ού
2803 5126 2907 5194 μὴν
2936 5124 3071 5176 ἀλλὰ
3115 5125 3208 5176 καὶ
3246 5123 3304 5174 τὸ
3333 5122 3541 5174 ἐκείνου
3583 5120 3754 5188 ὗνομα
3793 5118 3882 5171 διὰ

2328 5219 2426 5287 τῆς
2463 5219 2716 5286 τοιαύτης
2744 5215 3079 5286 διορθώσεως
3111 5217 3166 5268 ὲν
3189 5218 3300 5278 τοῖς
3327 5216 3490 5283 ῖεροῖς
3519 5213 3673 5281 ἡμῶν
3694 5209 3882 5263 διπτύ⁴

2330 5322 2444 5374 χοις
2472 5307 2815 5374 ἐγγραφῆναι
2845 5305 2938 5356 καὶ
2981 5304 3114 5373 μετὰ
3144 5307 3240 5373 τῆς
3273 5302 3542 5373 ἡμετέρας
3573 5297 3883 5368 ἀνακηρύτ-

2331 5398 2516 5449 τεσθαι
2550 5399 2811 5466 κλήσεως.

2404 5492 2542 5544 Ἀλλ’
2602 5492 2722 5541 ἐπεὶ
2780 5489 2950 5542 ταῦτα
3008 5491 3280 5560 παρῆλθεν
3344 5488 3463 5557 ἤδη,
3513 5487 3602 5539 καὶ
3650 5482 3880 5552 Χριστὸς

2334 5585 2360 5634 ὁ
2403 5583 2533 5644 Θεὸς
2567 5580 2722 5650 ἡμῶν
2776 5581 2803 5632 ὁ
2858 5581 3069 5649 πρῶτος
3109 5580 3200 5632 καὶ
3259 5579 3428 5647 μέγας
3479 5575 3768 5648 ἀρχιερεὺς
3813 5574 3876 5639 τῇ

2337 5676 2738 5745 ἁνεξερευνήτιει
2782 5673 2944 5728 αὑτοῦ
2982 5672 3143 5742 σοφίᾳ
3172 5672 3266 5741 τὴν
3304 5671 3502 5740 πολλὴν
3544 5666 3756 5734 ἐκείνην
3789 5681 3878 5718 τα·
