4074 6444
171 430 309 502 patqu
344 430 430 482 καὶ
467 430 637 500 ζάλην
680 431 791 484 ίδοῦ
842 435 1324 490 πεντεκαιδέκατον
1356 437 1482 498 ’έτος
1551 451 1681 488 κατ-
1710 439 1756 495 Α

168 519 355 581 έπαυσε,
389 517 482 572 καὶ
508 519 646 589 πρὸς
675 522 786 591 ἒνή
829 523 1122 594 Ἐκκλησία
1147 526 1372 593 συνῆλθε
1406 525 1679 595 φρόνημα.

169 609 364 676 Σννῆλθε
418 609 526 678 γὰρ
583 610 696 665 τῶν
748 614 1213 686 ῦπουργησάντων
1248 617 1346 688 μὲν
1375 618 1466 671 ὲπὶ
1493 618 1568 687 τῷ
1593 634 1685 670 τε·

165 701 311 768 ιάρτῳ
330 699 488 769 γάμῳ
521 701 584 753 τὸ
607 704 807 758 οἰκεῖον
831 711 1082 777 πταῖσμα
1110 709 1476 779 ὲξομολογησα
1486 710 1685 777 μένων,

162 789 288 857 ἡμῶν
317 789 370 841 δὲ
410 790 507 842 σὺν
543 794 610 861 τῇ
643 792 764 866 θείᾳ
795 797 1178 869 φιλανθρωπίᾳ
1214 799 1309 871 τὴν
1339 799 1687 871 συγχώρησιν

165 880 311 942 αὑτοίς
355 883 787 953 παρασχόντων,
844 888 938 940 καὶ
993 891 1093 960 μιᾷ
1144 891 1338 964 γνώμῃ
1365 930 1379 954 ,
1437 893 1533 944 καὶ
1581 890 1688 962 μιᾷ

165 974 345 1044 γλώσσῃ
394 973 620 1029 ἐκείνων
657 990 718 1029 τε
753 979 846 1030 καὶ
875 978 1028 1048 ὴμῶν
1056 978 1150 1032 τὸν
1189 980 1450 1051 τέταρτον
1474 982 1687 1054 ἀποκη-

167 1064 401 1134 ρυξάντων
427 1066 630 1137 γάμον,
655 1071 752 1122 καὶ
787 1071 864 1132 είς
889 1071 1118 1140 ἑνότητα
1145 1073 1535 1126 καταστάντων
1558 1077 1688 1144 μιᾶς

173 1155 487 1226 Ἐκκληαίας,
518 1159 616 1212 καὶ
653 1159 786 1230 μιᾶς
832 1163 1069 1233 ποίμνης
1119 1164 1338 1218 πάντων
1357 1168 1684 1236 γενομένων,

163 1247 236 1300 καὶ
256 1246 336 1315 ὕφ’
370 1248 452 1301 lvi
484 1253 713 1320 ποιμένι
764 1254 830 1323 τῇ
861 1254 968 1323 ἐμῇ
1023 1253 1370 1324 ταπεινότητι
1399 1272 1686 1326 ποιμαινο-

163 1335 328 1404 μένων.
390 1336 579 1392 Ταῦτα
638 1343 740 1412 μὲν
798 1342 935 1395 Θεοῦ
988 1345 1171 1415 χάριτι
1224 1345 1398 1408 οὕτως
1449 1346 1688 1400 ἐνταῦθα

159 1427 391 1498 ἐπράχθη.
427 1429 833 1502 Ἐπιζητοῦμεν
874 1430 945 1499 ,δι
1001 1434 1183 1498 καθὼς
1225 1436 1321 1488 ἀπ’
1364 1437 1540 1506 ἀρχῆς
1592 1439 1688 1491 καὶ

157 1517 233 1570 τοῦ
283 1517 580 1587 άγιωτάτου
640 1523 808 1578 Πάπα
848 1525 945 1578 τοῦ
994 1526 1228 1596 ἀδελφοῦ
1281 1531 1339 1581 ιν
1377 1531 1490 1592 τοῖς
1523 1531 1688 1601 ίεροῐς

155 1609 288 1677 ἡμῶν
328 1611 610 1683 διπτύχοις
649 1615 746 1669 τοῦ
796 1617 1058 1686 ὀνόματος
1084 1618 1184 1690 τὴν
1221 1621 1523 1691 ἀναφοράν,
1545 1621 1579 1691 ἦ
1604 1638 1688 1686 τις

157 1699 296 1770 μέχρι
326 1701 418 1754 τοῦ
467 1703 566 1758 νῦν
594 1706 696 1761 οὐκ
726 1706 1062 1776 ἑκηρύσσετο
1104 1709 1191 1762 διὰ
1211 1712 1271 1764 τὺ
1309 1713 1374 1765 ἑκ
1398 1710 1500 1772 τῆς
1543 1710 1684 1766 Ῥω-

157 1795 332 1863 μαῖιιῆς
375 1795 704 1866 Ἔτι-πλησίας
752 1799 846 1852 τοῦ
891 1801 1150 1873 τετάρτου
1193 1803 1373 1874 γάμου
1427 1804 1684 1872 γενέσθαι
1715 1784 1758 1841 Β

153 1885 238 1952 τὴν
277 1885 585 1940 ὑπόστασιν.
639 1888 757 1941 Νῦν
783 1885 883 1943 οὖν
924 1891 1110 1961 ιπειδὴ
1149 1893 1328 1947 πάντα
1375 1894 1445 1948 τά
1481 1895 1690 1964 προλαι

153 1976 294 2028 δόντα
320 1979 622 2048 οἱκτιρμοῖς
646 1980 741 2034 καὶ
758 1981 1137 2056 φιλανθρωπίᾳ
1155 1984 1250 2038 τοῦ
1275 1985 1412 2039 Θεοῦ
1439 2001 1694 2058 παρεχω-

155 2067 398 2135 ρήσαμεν,
421 2067 584 2120 τοῦτο
613 2071 775 2138 μόνον
801 2069 918 2124 δίον
945 2070 1064 2125 ἐστὶ
1092 2072 1348 2141 γενέσθαι
1373 2075 1436 2128 τὸ
1468 2076 1566 2130 καὶ
1593 2077 1694 2147 τὴν

157 2151 444 2228 Ῥωμαϊκὴν
455 2156 813 2230 Ἐκκλησίαν,
831 2162 1016 2225 καθὼς
1033 2166 1066 2234 ἡ
1086 2163 1319 2217 ινταῦθα
1337 2165 1696 2237 ὁμολογῆσαι,

150 2246 216 2308 ὡς
257 2249 283 2300 ὁ
324 2247 584 2321 τέταρτος
630 2252 812 2322 γάμος
862 2254 914 2306 ει
969 2253 1065 2308 καὶ
1113 2255 1202 2310 διὰ
1240 2255 1338 2327 τὴν
1401 2257 1686 2330 βασιλικὴν

147 2339 367 2410 ἀνάγκην
396 2342 836 2415 συγκεχώρηται,
869 2345 987 2400 ἀλλ’
1029 2347 1134 2412 ἔξω
1176 2348 1272 2402 τοῦ
1303 2350 1685 2420 ἐκκλησιαστι-

148 2429 232 2482 κοῦ
253 2433 409 2503 νόμου
438 2435 878 2507 συγκεχώρηται,
910 2440 1002 2492 καὶ
1045 2445 1149 2510 τῆς
1183 2443 1498 2514 πρεπούσης
1517 2461 1684 2516 γαμι-

147 2521 238 2586 xi};
288 2521 671 2591 καταστάσεως
697 2543 714 2560 ο
743 2529 834 2604 κὼς
862 2531 930 2584 ἂν
958 2531 1044 2586 διὰ
1071 2536 1177 2605 τῆς·
1216 2535 1473 2606 τοιαύτης
1497 2538 1686 2608 ὁμολο-

1559 325 1966 388 ΕΡΙΞΤΟΙΑΞ.

3230 328 3338 394 254

1784 446 1837 491 et
1895 435 2185 505 procellam
2230 435 2342 506 jam
2414 449 2443 488 a
2493 435 2797 506 quindecim
2865 437 3024 493 annis
3075 440 3335 509 vigentem

1781 528 2031 598 placavit,
2067 536 2121 584 et
2145 528 2201 582 in
2233 541 2395 581 unam
2426 529 2676 582 convenit
2701 530 2942 585 Ecclesia
2979 532 3337 598 sententiam;

1784 622 2038 678 convenit
2069 621 2215 675 enim
2247 635 2370 676 cu
2413 621 2466 675 hi
2498 621 2589 691 qui
2626 623 2832 691 quartis
2885 625 3086 694 nuptiis
3134 626 3346 679 submi-

1783 714 2163 775 nistraverant,
2213 727 2372 767 suum
2420 726 2657 767 errorem
2695 713 2929 792 confessi
2958 727 3109 778 sunt.
3141 726 3195 770 et
3243 731 3342 772 nos

1786 798 1911 863 cum
1960 807 2141 860 divina
2174 805 2439 860 charitate
2465 805 2676 860 veniam
2712 805 2842 875 ipsis
2876 809 3244 875 praestitimus,
3293 822 3345 864 ct

1785 915 1888 957 una
1939 907 2140 964 mente,
2165 913 2272 952 una
2298 898 2477 969 lingua
2506 907 2561 953 et
2608 899 2682 954 illi
2721 916 2819 955 nos
2850 910 3069 969 quartas
3124 904 3341 972 nuptias

1785 976 2032 1047 detestati
2087 988 2316 1056 fuimus,
2367 997 2422 1044 et
2467 1005 2659 1045 omnes
2707 1001 2979 1047 steterunt
3030 992 3084 1046 in
3135 997 3347 1050 unitate

1785 1086 1948 1141 unius
1980 1083 2266 1148 Ecclesiae;
2316 1090 2368 1137 et
2402 1081 2622 1138 fuerunt
2651 1085 2808 1140 unius
2837 1086 3036 1156 gregis,
3060 1095 3113 1141 ct
3136 1088 3204 1140 ab
3234 1103 3343 1141 uno

1785 1184 2024 1247 pastore,
2091 1175 2400 1230 humilitate
2448 1190 2590 1241 mea,
2657 1176 2964 1246 gnbernati.
2994 1177 3088 1231 illa
3130 1178 3348 1248 quidem

1785 1265 1879 1320 Dei
1911 1266 2079 1335 gratia
2112 1262 2328 1336 peracta
2358 1275 2487 1321 sunt
2523 1284 2536 1320 :
2569 1268 2866 1337 qua'rimus
2910 1279 3111 1332 autem,
3155 1285 3350 1339 quem—

1786 1359 2079 1413 admodum
2125 1357 2194 1411 ab
2230 1357 2404 1421 initio,
2452 1358 2787 1412 sanctissimi
2844 1357 3028 1415 fratris
3060 1377 3210 1431 papae
3246 1375 3350 1414 no-

1785 1451 1949 1505 minis
1988 1451 2042 1503 in
2087 1449 2257 1504 sacris
2287 1450 2486 1504 nostris
2537 1451 2806 1522 diptychis
2837 1452 3177 1516 relationem,
3229 1469 3350 1524 quze

1788 1542 1896 1596 huc
1924 1555 2094 1607 usque
2125 1555 2231 1595 non
2265 1541 2424 1597 fiebat
2447 1551 2668 1611 propter
2704 1554 2926 1612 quartas
2959 1546 3172 1614 nuptias
3208 1544 3349 1613 apud

1786 1633 2078 1689 Ecciesiam
2148 1634 2470 1688 Humanam.
2529 1633 2682 1689 Nunc
2742 1644 2921 1689 autem
2979 1651 3102 1690 cum
3153 1645 3351 1691 cuncta

1788 1724 2144 1793 praecedentia
2181 1724 2273 1778 Dei
2320 1723 2674 1778 miseratione
2716 1735 2768 1778 et
2812 1726 3077 1780 cbaritate
3108 1711 3353 1781 conces-

1787 1816 1981 1882 simus,
2009 1829 2180 1869 unum
2203 1812 2308 1869 hoc
2338 1822 2464 1878 stat,
2494 1829 2686 1885 nempe
2723 1815 3019 1871 Ecclesiam
3046 1815 3349 1870 Romanam

1789 1907 1930 1977 sicut
1975 1912 2028 1959 et
2077 1911 2324 1959 nostram
2378 1903 2626 1958 confiteri
2679 1913 2903 1973 quartas
2954 1907 3194 1976 nuptias.
3248 1905 3351 1961 etsi
3410 1914 3413 1915 ⁷

1789 2007 2008 2067 propter
2030 1992 2434 2065 imperatoriam
2466 1996 2845 2051 necessitatem
2863 1998 3141 2066 permissa:
3159 1997 3358 2054 fuerint

1793 2097 1943 2144 extra
1977 2095 2157 2142 tamen
2192 2088 2363 2158 legem
2399 2088 2829 2144 ecclesiasticam
2857 2102 3144 2145 concessas
3166 2090 3355 2157 fuisse,

1797 2191 1852 2238 et
1877 2190 2028 2237 extra
2061 2191 2263 2237 rectam
2299 2177 2628 2236 matrimonii
2660 2182 3145 2251 constitutionem;
3197 2183 3266 2236 ita
3301 2189 3360 2238 ut

1792 2289 1886 2345 per
1924 2273 2066 2328 hanc
2111 2272 2513 2329 confessionem
2547 2291 2612 2330 ex
2640 2275 2755 2330 'hoc
2786 2292 2930 2329 nunc
2977 2275 3109 2330 tales
3155 2276 3360 2343 nuptiae

1789 2382 1820 2420 a
1843 2365 2153 2461 Christiano
2182 2365 2382 2436 populo
2405 2365 2682 2422 extraneae
2704 2368 3036 2423 aiiirmentur
3058 2383 3157 2422 nec
3179 2369 3357 2422 locum

1792 2458 2090 2528 capiant'in
2121 2459 2475 2527 opprobrium
2511 2459 2881 2515 Ecciesiarum
2918 2460 3008 2515 Dei
3035 2461 3148 2515 sive
3180 2461 3359 2530 potius

1793 2549 2085 2604 Christiani
2153 2548 2389 2618 generis.
2449 2548 2570 2606 Scis
2621 2553 2788 2615 enim,
2827 2550 2916 2622 gﬁli
2972 2558 3181 2614 noster,
3235 2565 3360 2604 cum

146 2611 252 2709 χίας
276 2613 381 2667 ἀπό
409 2632 472 2683 γε
507 2618 604 2670 τοῦ
633 2620 896 2690 παρόντος
922 2624 950 2677 δ
981 2623 1221 2689 τοιοῦτος
1245 2614 1441 2698 γάμος,
1471 2629 1566 2683 καὶ
1591 2629 1684 2685 τοῦ

1794 2638 1973 2709 aliqua
2009 2655 2096 2694 res
2148 2640 2363 2694 initium
2399 2642 2568 2696 sumit
2599 2643 2666 2696 ab
2716 2613 2911 2696 illustri
2963 2651 3015 2696 et
3063 2638 3361 2708 conspicua

146 2704 461 2771 Χριστιανῶν
508 2708 701 2777 γένους
740 2712 1021 2784 ἀλλότριος
1050 2715 1438 2791 ἑξασφαλισθῇ,
1485 2723 1579 2774 καὶ
1613 2723 1687 2794 μὴ

1795 2744 2048 2800 persona,
2101 2731 2204 2785 nisi
2235 2732 2384 2785 omni
2413 2731 2624 2787 ratione
2670 2733 3042 2802 prohibeatur,
3085 2737 3150 2786 ad
3199 2732 3360 2800 hujus

147 2797 310 2891 χώραν
353 2799 489 2872 λάϐῃ
545 2803 624 2866 είς
665 2804 866 2869 ὄνειδος
897 2807 1005 2862 τῶν
1033 2808 1378 2880 Ἐκκλησιῶν
1397 2811 1492 2865 τοῦ
1528 2813 1687 2879 Θεοῦ,

1795 2797 2153 2875 imitationem
2189 2819 2348 2876 facile
2377 2797 2695 2877 humiliores
2731 2821 2980 2876 homines
3008 2821 3224 2876 deduci.

150 2889 327 2985 μάλλον
362 2892 418 2985 δὲ
459 2894 554 2948 τοῦ
591 2897 982 2966 Χριστιανικοῦ
1069 2902 1260 2968 γένους
1317 2895 1714 2962 πολιτεύεσθαι,
1769 2911 2092 2968 Ἐπίστασαι
2132 2915 2262 2984 γὰρ,
2324 2915 2517 2968 τέκνον
2563 2913 2744 2985 ἡμῶν,
2787 2917 2868 2969 ὅτι
2948 2916 3076 2968 ὅταν
3129 2889 3361 2984 πρᾶγμα

147 2981 341 3077 δέξηται
371 2984 542 3077 ἀρχὴν
574 2985 634 3051 ἐξ
657 2988 867 3056 ἐνδόξου
897 2991 1188 3062 προσώπου
1218 2994 1314 3048 καὶ
1364 2998 1717 3066 περιφανοῦς,
1758 3003 1807 3054 εἰ
1872 3003 1947 3072 μὴ
2015 3009 2178 3058 παντὶ
2210 2981 2416 3076 -τρόπῳ
2467 2981 2728 3077 attalum,
2776 3005 2914 3077 πρὸς
2978 3005 3077 3077 τὴν
3133 2981 3362 3077 μῖμτιάιν

145 3074 314 3128 τούτου
339 3076 573 3143 εὐκόλως
595 3081 654 3134 ὀῑ
683 3085 1054 3158 ταπεινότεροι
1085 3087 1193 3141 τῶν
1214 3089 1518 3161 ἀνθρώπων
1550 3091 1872 3162 ὑπάγονται.

201 3195 293 3283 Διιά
327 3196 496 3251 ταῦτα
548 3201 644 3253 καὶ
673 3201 968 3275 ’Δδεοδάτῳ
1017 3205 1094 3276 τῷ
1129 3207 1506 3281 εύλαόεστάτῳ
1549 3213 1682 3283 κλη-
1715 3204 1759 3261 C

147 3281 263 3357 ριιῷ
319 3291 546 3345 αὐτόθεν
602 3293 970 3366 ἀναδραμόντι
1042 3301 1259 3362 πάντως
1303 3301 1438 3353 Θεοῦ
1493 3281 1688 3374 βουλη-

146 3379 305 3444 θέντος
348 3383 700 3454 ὲνετύχομεν,
749 3389 847 3442 καὶ
908 3389 1172 3459 μαθόντες
1207 3392 1339 3463 παρ’
1376 3394 1542 3446 αὑτοῦ
1589 3398 1688 3468 τὴν

146 3471 305 3531 αίτίαν
327 3476 425 3544 τῆς
457 3477 790 3550 άναδρομῆς,
820 3484 916 3535 καὶ
946 3482 1021 3545 ὡς
1065 3489 1202 3554 πρὸς
1231 3490 1299 3539 τά
1342 3485 1687 3559 Ἱεροσόλυμα

143 3565 223 3633 τὴν
274 3567 501 3638 πορνίαν
551 3574 806 3636 ποιεῖται,
847 3573 947 3644 τῆς
982 3579 1208 3645 πορείας
1249 3580 1552 3649 ἐπέσχομεν
1585 3581 1685 3634 αῦ-

145 3659 235 3724 ιδν,
266 3660 501 3730 μάλιστα
549 3666 678 3735 περὶ
735 3665 833 3734 τῆς
882 3667 1154 3741 ὑμετέρας
1186 3672 1385 3742 ἀρετῆς
1421 3674 1689 3741 ἀπαγγεί-

144 3748 308 3814 λαντος
362 3756 492 3826 ἡμῖν
534 3758 638 3810 ὃσα
696 3759 1051 3829 ἀπήγγειλε,
1095 3761 1191 3815 καὶ
1229 3765 1687 3836 προετρεψάμεθα

147 3843 281 3898 αὑτὸν
332 3845 673 3917 ἀποστρέψαι
730 3850 824 3902 καὶ
856 3849 1174 3921 διακονῆσαι
1220 3853 1392 3925 ταύτῃ
1422 3855 1580 3924 ἡμῶν
1617 3858 1684 3926 τῇ

145 3939 279 4010 χρείᾳ
303 3954 320 3967 ο
350 3938 407 3992 δν
424 3941 518 3993 καὶ
546 3940 634 3993 διὰ
661 3941 755 3994 τοῦ
783 3944 1113 4013 γράμματος
1160 3944 1254 3997 καὶ
1285 3945 1366 3998 Ξτι
1418 3946 1684 3999 συνιστῶ-
1737 3977 1748 3990 -

148 4027 229 4094 μέν
276 4047 381 4091 σοι,
416 4032 511 4083 καὶ
556 4034 978 4103 προτρεπόμεθα
1011 4034 1085 4105 μὴ
1135 4035 1362 4104 ὀκνῆσαι
1408 4038 1542 4105 πρὸς
1588 4037 1686 4108 τὴν

153 4119 353 4192 Ῥώμην
401 4122 675 4192 διαὸἦναι,
723 4124 816 4177 καὶ
879 4125 1178 4178 σπουδάσαι
1220 4127 1372 4189 τέλος
1414 4127 1618 4192 λαϐεῖν,
1653 4129 1689 4182 ἃ

147 4210 208 4279 τῷ
260 4215 665 4286 μακαριωτάτῳ
717 4217 882 4286 Πάπᾳ
930 4218 1026 4270 καὶ
1083 4217 1298 4288 ἀδελφῷ
1358 4220 1514 4289 ἡμῶν
1562 4221 1589 4274 ὃ
1629 4239 1687 4274 τε

148 4303 466 4375 φιλόχριστος
511 4304 767 4375 βασιλεὺς
796 4305 955 4376 ἡμῶν
984 4311 1081 4361 καὶ
1109 4308 1253 4374 υίὸς
1273 4308 1365 4362 καὶ
1391 4310 1425 4378 ἡ
1447 4310 1687 4380 ἡμετέρα

149 4395 330 4466 ἔγραψε
373 4397 685 4467 μετριότης.

701 4511 826 4567 NE’.
866 4513 1117 4580 Ἀδήλῳ.

209 4648 266 4699 ’Δ
296 4649 580 4717 γράφομεν
603 4651 666 4718 τῇ
712 4647 986 4718 τιμιότητί
1031 4666 1145 4713 σου,
1192 4650 1414 4718 οἴδαμεν
1448 4650 1529 4702 ὅτι
1555 4666 1679 4702 συν.

155 4736 244 4790 iuet
303 4741 677 4810 κοσμούμενος
727 4744 784 4793 ὲν
831 4741 1040 4811 σεαυτῷ
1081 4742 1485 4810 περιστρέφεις.
1522 4743 1685 4795 Οὐδὲν

155 4832 240 4900 γὰρ
274 4834 414 4888 οῦτω
471 4836 737 4897 συνέσεως
791 4834 1097 4903 γνώρισμα,
1126 4835 1198 4897 ὡς
1239 4835 1299 4886 τὸ
1334 4836 1419 4887 ἀεὶ
1457 4836 1686 4904 μελετᾷν

152 4923 233 4975 ὅσα
285 4928 536 4979 ἑκάστοτε
590 4927 685 4982 καὶ
749 4926 869 4978 καθ’
915 4927 1043 4995 ὃλην
1073 4927 1228 4996 ἡμῶν
1263 4928 1683 4996 διαπράττομεν.

161 5016 214 5067 'H
243 5019 342 5089 γὰρ
375 5019 597 5086 τοιαύτη
631 5017 832 5088 μελέτη
867 5019 1298 5088 ἀσφαλεστέρους
1332 5021 1478 5088 ἡμᾶς
1508 5038 1688 5090 παρα-

157 5100 412 5174 σκευάζει·
444 5111 538 5164 καὶ
569 5105 643 5162 ὧν
678 5111 775 5178 μὲν
811 5111 862 5160 εἴ
888 5128 938 5161 τι
974 5111 1123 5180 παρὰ
1157 5109 1218 5161 τὸ
1245 5110 1386 5172 είκὸς
1413 5111 1681 5180 ἐπράχθη,

157 5200 404 5272 ἐπαναχθῇ
464 5204 602 5271 πρὸς
658 5201 1065 5270 ἐπανόρθωσιν·
1121 5203 1173 5252 εἴ
1209 5219 1262 5260 ,τι
1311 5203 1366 5253 δὲ
1425 5202 1682 5270 χρηστὸν,

159 5296 578 5366 σπουδαιοτέρους
605 5296 743 5366 προς
793 5295 891 5362 τὴν
939 5294 1128 5345 τούτου
1165 5293 1423 5362 ἐργασίαν
1455 5297 1678 5346 ποιοῖτο.

161 5378 295 5447 Οἶδας
347 5387 372 5438 ὃ
409 5387 573 5454 λέγω,
632 5389 822 5438 τέκνον
873 5386 1024 5452 ἐμὸν,
1059 5386 1196 5455 πλὴν
1232 5387 1322 5437 καὶ
1354 5387 1379 5437 ό
1418 5387 1683 5455 ἡμέτερος

162 5472 288 5540 λόγος
338 5478 629 5542 ἀναπτύξει
675 5477 826 5529 αὐτό.
855 5477 1101 5544 Ἐγένετό
1138 5494 1218 5539 τις
1249 5478 1305 5527 ἐκ)
1336 5479 1447 5538 τοῖς
1483 5475 1682 5545 προλα-

163 5562 290 5617 ϐοῦσι
335 5572 538 5638 καιροῖς
593 5570 824 5638 ὲπήρεια
879 5568 997 5619 καθ’
1039 5568 1195 5637 ἡμῶν
1246 5567 1542 5636 (αἰτιᾶσθαι
1583 5567 1680 5635 μὲν

164 5655 211 5704 οὐ
270 5657 512 5729 βούλομαι
561 5662 734 5724 τινὰς,
761 5660 896 5714 ἀλλὰ
941 5666 1030 5712 καὶ
1071 5660 1442 5730 παραιτοῦμαι
1486 5660 1575 5711 τὸν
1601 5658 1680 5710 δί-

169 5762 293 5800 ιιιον
347 5754 552 5824 κριτὴν,
611 5753 732 5822 μηδ’
787 5754 945 5807 αὑτὸν
991 5755 1283 5824 ἀπαιτῆσαι
1316 5754 1411 5816 τὰς
1455 5752 1678 5815 εὐθύνας

1719 4533 1763 4586 D

1862 3193 2157 3266 PrOpterea
2197 3207 2288 3255 ,et
2343 3173 2624 3251 Adeodato
2702 3194 3112 3263 religiosissimo
3161 3192 3365 3248 clerico
3460 3186 3463 3189 ’

1790 3290 1917 3344 inde
1943 3289 2187 3344 redeunti
2236 3286 2327 3342 Dei
2367 3289 2661 3363 voluntate
2693 3287 3074 3351 occurrimus;
3129 3293 3182 3362 et
3231 3298 3363 3338 cum

1790 3381 1858 3436 ab
1885 3396 1948 3435 eo
1973 3379 2321 3436 didicerimus
2352 3381 2558 3436 reditus
2585 3394 2806 3434 causam
2835 3391 2891 3434 et
2923 3376 3071 3430 illum
3107 3374 3172 3429 ad
3202 3373 3360 3429 Jcroo

1790 3475 2046 3543 soiymam
2075 3489 2319 3543 pergere,
2358 3473 2426 3526 ab
2459 3473 2657 3526 itinere
2685 3486 2808 3526 eum
2841 3469 3196 3535 detinuimus,
3222 3484 3366 3540 pres

1789 3564 1971 3620 sertim
2019 3579 2142 3618 cum
2178 3565 2243 3618 de
2271 3572 2450 3618 vestra
2497 3562 2698 3621 virtute
2736 3561 3077 3616 annuntiavit
3105 3575 3224 3632 quin
3258 3575 3360 3612 an.

1790 3657 2065 3711 nuntiavit
2113 3666 2165 3711 et
2219 3655 2420 3710 hortati
2474 3669 2666 3709 sumus
2721 3669 2751 3707 a
2804 3653 2890 3706 via
2939 3651 3247 3716 deflectere,
3290 3650 3369 3704 att

1791 3751 1946 3805 nobis
2000 3749 2404 3804 inserviendum
2451 3770 2463 3804 :
2523 3763 2646 3802 eum
2707 3748 2884 3802 adlmc
2916 3760 3009 3815 per
3041 3745 3182 3797 hanc
3214 3758 3358 3812 epis-

1789 3842 1953 3895 tolam
2006 3842 2099 3895 tibi
2144 3841 2613 3904 commendamus,
2680 3849 2734 3894 et
2785 3840 3069 3894 hortamur
3129 3834 3368 3889 Romam

1789 3933 1980 3989 sedulo
2025 3933 2212 3997 adeas,
2260 3943 2314 3987 et
2371 3933 2435 3987 ad
2489 3932 2543 3986 id
2595 3931 2879 3987 incumbas
2919 3940 2977 3983 nt
3021 3928 3178 3982 tinem
3211 3928 3358 3980 acci-

1788 4026 1935 4094 piant
1977 4040 2098 4092 quae
2140 4023 2455 4079 beatissimo
2494 4023 2650 4092 Papa!
2697 4031 2748 4078 et
2796 4021 2950 4076 fratri
3001 4027 3188 4073 nostro
3239 4027 3361 4070 tum

1789 4115 2290 4171 Christianissimus
2338 4117 2631 4184 imperator
2673 4123 2855 4170 noster
2910 4122 2963 4167 et
3013 4111 3175 4175 liiius,
3230 4118 3364 4167 tunc:

1791 4221 1972 4266 nostra
2006 4211 2225 4280 scripsit
2254 4210 2555 4265 humilitas.

2378 4514 2490 4568 LV.
2532 4512 2764 4568 Incerto.

1856 4661 1984 4726 Quae
2015 4667 2115 4712 tunc
2144 4655 2434 4711 scribimus
2465 4655 2774 4708 reverentia:
2799 4651 3001 4706 scinms
3032 4660 3105 4713 te,
3143 4665 3238 4719 pro
3263 4659 3354 4702 tua

1784 4767 1885 4821 qua
1919 4748 2130 4801 ornaris
2167 4745 2540 4808 intelligentia,
2576 4743 2626 4796 in
2676 4753 2726 4796 te
2759 4743 2875 4810 ipso
2912 4743 3148 4796 volvere.
3206 4738 3356 4806 Nihil

1784 4841 1923 4896 enim
1954 4848 2037 4892 est
2061 4836 2242 4903 majus
2280 4833 2648 4903 intelligentia:
2686 4833 2969 4894 indicium,
2999 4846 3158 4899 quam
3192 4830 3256 4882 ad
3291 4845 3354 4882 ea

1785 4930 1962 4984 omnia
1993 4943 2112 4998 quae
2145 4929 2355 4996 agimus
2385 4926 2700 4994 singulatim
2735 4933 2786 4976 et
2820 4939 2913 4991 per
2947 4937 3107 4974 omne
3140 4935 3355 4988 tempus

1787 5024 2082 5074 attendere.
2125 5017 2248 5072 llaec
2290 5018 2433 5071 enim
2489 5017 2655 5070 animi
2713 5015 2940 5068 attentio
2990 5014 3218 5066 tutiores
3258 5029 3357 5064 nos

1795 5114 1940 5176 facit,
1981 5122 2032 5166 et
2073 5112 2116 5166 si
2162 5110 2289 5178 quid
2335 5119 2523 5163 contra
2557 5121 2762 5163 rectum
2799 5107 3092 5178 egerimus.
3136 5105 3200 5155 ad
3234 5119 3329 5154 cur

1792 5205 2071 5273 rigendum
2130 5219 2226 5255 nos
2277 5189 2481 5254 inducit
2535 5218 2548 5254 :
2603 5201 2646 5253 si
2701 5199 2829 5267 quid
2889 5210 3066 5251 autem
3129 5196 3353 5254 bonum,

1792 5295 2140 5350 studiosiores
2173 5294 2236 5345 ad
2273 5293 2417 5346 illius
2446 5291 2813 5360 operationem
2854 5288 3045 5341 reddit.

1862 5385 2066 5437 Novisti
2101 5399 2220 5453 quae
2264 5383 2410 5456 dico,
2446 5383 2515 5434 iiii
2548 5383 2620 5434 mi
2647 5426 2658 5446 ,
2682 5381 2770 5435 sed
2809 5381 2932 5433 illud
2976 5389 3158 5431 nostra
3189 5376 3351 5429 verba

1790 5474 2055 5529 evolvent.
2123 5473 2282 5526 Facta
2347 5483 2430 5526 est
2483 5471 2727 5541 qnmdam
2810 5467 3353 5536 in,pr;eccdentibus

1794 5567 2123 5635 temporibus
2170 5566 2456 5619 adversum
2510 5581 2610 5618 nos
2657 5563 2954 5615 diﬂ'amatio
3012 5562 3131 5626 (nec
3162 5571 3351 5627 quem-

1794 5676 1955 5728 quam
1987 5659 2300 5712 insimnlarc
2330 5658 2583 5720 intendo;
2636 5655 2727 5708 scd
2776 5655 2935 5706 etiam
2980 5654 3180 5720 justum
3213 5646 3353 5716 iudi-

1793 5766 1906 5806 cem
1943 5749 2198 5820 deprecor
2235 5766 2296 5803 nc
2330 5747 2564 5803 ratione:
2600 5746 2714 5815 ipse
2748 5745 3004 5815 exigatdc
3025 5739 3351 5798 diliamanti-
