4074 6476
633 339 738 400 255

1758 342 1807 401 Ν
1821 341 2066 401 [COLAI
2105 341 2225 402 (ΖΡ.
2264 340 2542 401 PATRIA
2555 341 2779 402 RCHE

3746 341 3854 402 256

633 452 756 518 bus)
789 449 929 503 facta
961 457 1041 504 est
1071 456 1251 502 tamen
1285 455 1436 512 tunc,
1466 458 1520 503 et
1551 448 1677 502 hinc
1701 460 1921 520 accepta
1952 451 2185 520 origine,

2306 447 2400 500 τῶν
2453 448 2912 515 ἑπηρεασάντων·
2969 447 3107 516 πλὴν
3158 445 3420 514 ἐγένετο),
3461 446 3521 499 τὸ
3564 447 3663 516 μὲν
3695 465 3746 500 τι
3780 453 3863 502 ἑν-

634 554 746 596 tum
777 550 829 595 et
861 555 926 593 ex
954 547 1136 594 sancta
1171 538 1541 593 Romanorum
1577 539 1856 606 Ecclesia;
1900 553 1954 596 et
1981 543 2191 610 expulsr

633 631 840 686 fuimus
902 630 1143 683 Ecclesia
1197 638 1414 694 nostra,
1451 645 1574 684 cum
1614 632 1742 684 nibi‘
1778 633 2196 702 deliquissemus

634 724 748 777 sive
771 728 956 775 contra
991 717 1356 772 Romanorum
1386 719 1702 778 Ecclesiam.
1735 722 1849 775 sive
1888 732 2072 776 contra
2103 739 2195 778 eos

634 815 724 882 qui
771 813 855 865 bic
884 821 1033 875 sunt,
1081 810 1207 864 licet
1231 825 1410 863 coram
1451 811 1578 884 Deo,
1609 812 1973 866 indesinenter
2001 828 2194 883 pecca-

641 919 782 956 mus.
822 902 887 954 Et
917 919 980 956 ex
1013 902 1113 955 bac
1161 916 1323 956 causa
1389 902 1705 970 prodierunt
1748 904 2024 969 scandala,
2075 921 2196 974 quae

633 991 929 1047 secundum
977 994 1240 1046 humanas
1295 1008 1418 1062 spes
1474 1009 1689 1048 omnem
1721 997 1986 1050 medelam
2038 1012 2195 1052 exce-

642 1081 851 1136 derent.
896 1082 997 1146 Sed
1030 1083 1119 1150 qui
1159 1083 1430 1136 mirabilia
1464 1094 1723 1152 operatur
1766 1084 1932 1151 Deus,
1968 1095 2022 1142 et
2053 1102 2196 1142 nunc

633 1175 842 1239 statim,
898 1183 951 1228 et
999 1188 1063 1227 eo
1113 1190 1223 1243 quo
1264 1175 1445 1230 nullus
1487 1177 1740 1245 sperabat
1785 1179 1970 1244 modo,
2016 1180 2196 1234 attulit

635 1265 906 1319 scandalis
952 1264 1282 1320 solutionem
1337 1274 1391 1320 et
1442 1265 1497 1320 in
1553 1268 2000 1337 tranquillitatem
2060 1285 2195 1325 eon-

635 1355 794 1408 vertit
834 1356 1124 1423 procellam
1179 1371 1297 1424 quae
1344 1371 1445 1410 nos
1463 1356 1574 1426 jam
1607 1373 1638 1411 a
1686 1358 1992 1426 quindecim
2039 1360 2196 1415 annis

561 1464 565 1469 τ
634 1430 981 1498 Vehementer
1024 1447 1356 1517 exagitabat.
1415 1444 1482 1498 Et
1532 1433 1758 1516 gratiam
1804 1447 2091 1504 referimus
2141 1459 2196 1505 et

633 1531 872 1585 debitam
923 1532 1147 1602 gloriam
1197 1533 1522 1589 benefactori
1571 1536 1638 1591 de
1687 1546 1888 1591 nostra:
1941 1537 2197 1595 Ecclesiae

633 1626 1054 1681 nstaurationc.

707 1809 1088 1866 Desideramus
1117 1820 1298 1866 autem
1331 1799 1692 1888 et'antiqnam
1719 1817 2000 1872 vobiscum
2033 1819 2192 1873 unio-

634 1915 781 1965 nem,
816 1909 871 1955 et
902 1911 1187 1971 propterea
1218 1904 1371 1958 vobis
1405 1905 1712 1973 scribimus,
1757 1917 1868 1962 tum
1914 1909 1980 1966 de
2009 1921 2192 1964 nostra

637 1989 1026 2045 constitutione
1096 1992 1269 2046 fausta
1340 1995 1672 2060 nuntiantes,
1731 2007 1844 2050 tum
1918 1999 2195 2056 trahentes

643 2097 738 2136 vos
769 2083 834 2135 ad
887 2081 1176 2136 fraternam
1225 2084 1567 2138 dilectionem
1604 2095 1658 2141 et
1704 2089 2038 2145 societatem.
2083 2090 2196 2147 Hoc

635 2181 814 2227 autem
869 2171 1029 2227 facile
1075 2174 1184 2236 fiet.
1228 2176 1388 2231 modo
1443 2176 1644 2232 velitis.
1705 2180 1998 2236 Dicendum
2051 2183 2193 2238 enim

636 2264 977 2320 solummodo
1012 2281 1075 2320 ea
1103 2282 1224 2336 qua:
1251 2269 1406 2322 nobis
1437 2278 1739 2324 evenerunt
1783 2272 1926 2326 circa
1975 2284 2196 2343 quartas

638 2357 884 2426 nuptias,
920 2366 1141 2427 propter
1177 2360 1604 2427 compassionem
1638 2376 1762 2430 erga
1813 2362 2194 2432 imperatorem

636 2447 780 2503 facta
809 2447 997 2514 fuisse,
1035 2465 1140 2502 non
1179 2457 1358 2503 autem
1389 2452 1687 2506 secundum
1723 2452 1774 2506 id
1803 2455 1944 2521 quod
1975 2457 2197 2510 decebat

636 2537 934 2594 Ecclesiam
966 2547 1016 2591 et
1044 2539 1361 2608 gravitatem
1398 2542 1695 2596 Christiani
1745 2543 2043 2614 rcgiminis.
2079 2547 2196 2602 Nsn

633 2631 777 2684 enim
841 2629 984 2684 istud
1039 2629 1263 2699 dignum
1331 2631 1707 2689 Romanorum
1763 2635 2004 2691 Ecclesia
2055 2638 2195 2692 viam

635 2721 845 2777 scilicet
887 2723 1099 2791 aperire
1133 2723 1343 2792 quartis
1374 2725 1600 2792 nuptiis,
1645 2733 1700 2778 et
1733 2726 2009 2781 licentiam
2061 2743 2198 2798 pra:-

636 2816 765 2868 bere
797 2813 864 2867 iis
898 2814 990 2882 qui
1026 2813 1332 2883 polygamia
1365 2816 1528 2868 vitam
1563 2817 1848 2884 pecuinam
1897 2833 2058 2888 agere
2101 2836 2196 2875 vo-

637 2907 775 2958 lunt.
817 2905 1007 2974 igitur,
1055 2913 1114 2958 ut
1147 2906 1347 2959 dictum
1391 2916 1496 2970 est,
1545 2918 1762 2977 propter
1792 2912 1928 2964 banc
1955 2899 2196 2973 causam,

638 3003 852 3064 quarta:
890 2994 1106 3064 quidem
1159 2997 1360 3065 nuptiae
1411 2997 1776 3064 damnantur;
1828 3001 1971 3069 quod
2018 3010 2198 3056 autem

2297 537 2482 589 τεῦθεν
2523 537 2757 589 λαϐοῦσα
2790 538 2886 605 τὴν
2913 536 3187 606 ἀφορμὴν,
3208 536 3268 588 τὸ
3296 537 3350 589 δὲ
3375 538 3465 589 καὶ
3487 537 3551 589 ἐκ
3581 540 3677 606 τῆς
3708 539 3864 604 άγὲας

2295 627 2402 678 τῶν
2462 626 2749 696 Ῥωμαίων
2798 627 3147 696 Ἐκκλησίας,
3189 628 3283 678 καὶ
3336 626 3706 696 ἀπηλάθημεν
3769 631 3867 697 τῆς

2310 718 2630 787 Ἐκκλησίας
2665 719 2843 789 ημῶν,
2878 720 3030 771 οὐδὲν
3055 717 3178 771 οὔτε
3207 722 3271 788 τῇ
3307 718 3594 787 Ῥωμαίων
3614 721 3870 774 πταίσανο

2294 826 2386 871 τες
2413 807 2733 879 Ἐκκλησία,
2783 809 2907 862 οὔτε
2967 812 3080 872 τοῖς
3107 809 3367 872 ἐνταῦθα,
3399 812 3448 862 εί
3483 813 3576 863 καὶ
3607 811 3742 882 πρὸς
3779 812 3868 864 τὸν

2296 900 2431 954 Θεὸν
2453 900 2717 971 διηνεκῶς
2751 901 3137 970 ἁμαρτάνομεν
3161 941 3174 953 .
3220 901 3330 955 Καὶ
3372 901 3572 970 συνέϐη
3597 903 3866 956 σκάνδαλα

2296 995 2360 1046 ἐκ
2391 993 2489 1062 τῆς
2538 992 2715 1052 αἰτίας
2757 994 2982 1064 ταύτης,
3021 995 3145 1048 ὅσον
3184 995 3264 1057 είς
3293 993 3595 1065 ἀνθρώπων
3627 995 3873 1067 ὑπῆρχεν

2297 1083 2538 1149 ἐλπίδας,
2578 1087 2756 1138 πᾶσαν
2787 1085 3023 1138 νικῶντα
3081 1084 3406 1154 θεραπείαν.
3432 1084 3576 1138 Ἀλλ’
3619 1088 3647 1138 6
3689 1088 3873 1155 παράσ

2295 1175 2420 1240 δοξα
2454 1176 2624 1230 ποιῶν
2643 1169 2775 1238 Θεὸς
2802 1177 3011 1238 ἐκεῖνος
3043 1177 3137 1229 καλ⁸
3175 1176 3270 1229 νῦν
3302 1176 3521 1245 ἀθρόον,
3551 1177 3645 1230 καὶ
3670 1177 3745 1238 ὡς
3772 1175 3873 1232 οὐκ

2295 1266 2360 1319 ἄν
2386 1282 2469 1329 τις
2505 1265 2733 1335 ἤλπισεν
2757 1266 3032 1336 ἐπήνεγκε
3065 1265 3174 1318 τῶν
3219 1266 3538 1320 σκανδάλων
3575 1265 3676 1335 τὴν
3696 1265 3870 1332 λύσιν,

2298 1357 2391 1410 καὶ
2431 1357 2528 1426 τὴν
2575 1357 2822 1426 ταραχὴν
2892 1359 3226 1427 μετήνεγκεν
3285 1358 3368 1420 είς
3429 1356 3693 1427 γαλήνην,
3761 1357 3872 1410 ίδοῦ

2298 1448 2788 1503 πεντεκαιδέκατον
2820 1448 2936 1512 ἔτος
2985 1433 3238 1520 χαλεπῶς
3264 1450 3411 1520 ἡμᾶς
3439 1450 3868 1519 έκταράξασανιο

2300 1539 2390 1593 καὶ
2416 1540 2576 1610 χάριν
2601 1540 2703 1608 μὲν
2725 1540 3070 1611 άναφέρομεν
3090 1541 3167 1611 τῷ
3189 1541 3456 1614 εὐεργέτῃ
3488 1542 3580 1594 καὶ
3598 1543 3698 1611 τὴν
3723 1540 3874 1609 ὄφει·

2295 1628 2527 1701 λομένην
2559 1631 2717 1696 δόξαν
2756 1633 2850 1685 ἐπὶ
2904 1634 2967 1703 τῇ
3024 1633 3356 1686 καταστάσει
3404 1633 3505 1702 τῆς
3553 1632 3676 1686 καθ’
3718 1634 3873 1703 ἡμᾶς

2309 1722 2652 1791 Ἐκκλησίας.

2370 1814 2769 1884 Ἐπιποθοῦμεν
2825 1816 2882 1869 δὲ
2939 1815 3031 1868 καὶ
3088 1815 3186 1882 τὴν
3246 1814 3369 1884 μεθ’
3426 1814 3586 1883 ὑμῶν
3636 1816 3876 1885 ἀρχαίαν

2299 1903 2508 1965 ἕνωσιν.
2536 1905 2631 1957 καὶ
2659 1905 2744 1958 διά
2776 1904 2933 1958 τοῦτο
2973 1904 3257 1975 γράφομεν
3289 1905 3437 1975 ὑμῖν,
3470 1905 3585 1973 ἅμα
3614 1905 3711 1974 μὲν
3744 1923 3810 1958 πε
3823 1909 3876 1974 ρὶ

2298 1991 2398 2060 τῆς
2427 1993 2581 2063 ἡμῶν
2604 1995 2993 2056 καταστάσεως
3029 1993 3344 2061 εὐαγγέλια,
3376 1994 3493 2063 ἅμα
3517 1994 3573 2046 δὲ
3600 1995 3697 2046 καὶ
3725 1995 3875 2064 ὑμᾶς

2297 2084 2546 2149 ἕλκοντες
2586 2086 2724 2155 πρὸς
2763 2086 2863 2154 τὴν
2908 2085 3205 2154 ἀδελφικὴν
3265 2085 3484 2154 ἀγάπην
3517 2101 3578 2137 τε
3614 2084 3708 2137 καὶ
3745 2102 3876 2138 συν·

2303 2177 2522 2245 άφειαν.
2580 2174 2752 2229 Τοῦτο
2797 2175 2855 2229 δὲ
2913 2176 3202 2246 γενήσεται
3275 2176 3472 2246 ῥᾳδίως
3525 2176 3876 2246 βουλομένων

2303 2267 2480 2336 ὑμῶν.
2527 2267 2801 2331 Ἐξειπεϊν
2841 2267 2950 2338 γὰρ
2995 2269 3077 2321 δεῖ
3106 2268 3268 2335 μόνον
3315 2269 3388 2330 ὡς
3426 2269 3493 2321 τὰ
3530 2268 3876 2338 γεγενημένα

2302 2359 2434 2429 ἡμῖν
2460 2357 2588 2429 περὶ
2619 2357 2713 2410 τοῦ
2763 2359 3027 2428 τετάρτου
3058 2358 3262 2428 γάμου,
3298 2357 3485 2411 ἕνεκεν
3527 2358 3627 2427 τῆς
3662 2359 3879 2428 βασιλι-

2303 2449 2404 2520 κῆς
2435 2448 2782 2518 συμπαθείας
2811 2449 3083 2520 ἐπράχθη,
3113 2451 3210 2501 καὶ
3251 2450 3312 2502 οὐ
3342 2450 3481 2503 κατὰ
3509 2449 3571 2504 τὸ
3595 2454 3878 2521 προσῆκον

2302 2543 2367 2611 τῇ
2405 2540 2708 2611 Ἐκκλησία
2752 2542 2844 2594 καὶ
2890 2543 2955 2610 τῇ
3007 2541 3293 2610 σεμνότητι
3339 2539 3441 2609 τῆς
3478 2539 3879 2612 Χριστιανικῆς

2306 2632 2599 2694 πολιτείας.
2631 2632 2766 2686 Οὐδὲ
2800 2632 2907 2703 γὰρ
2927 2631 3075 2697 ἄξιον
3103 2630 3262 2685 τοῦτο
3287 2633 3386 2700 τῆς
3426 2632 3713 2700 Ῥωμαίων
3746 2633 3879 2686 Ἐκ-

2303 2720 2531 2791 κλησίας
2562 2719 2745 2791 χώραν
2806 2721 3121 2789 ὐπανοίγειν
3166 2721 3242 2791 τῷ
3270 2723 3519 2792 τετάρτῳ
3549 2722 3738 2794 γάμῳ,
3784 2726 3879 2778 καὶ

2305 2813 2571 2885 παρέχειν
2622 2813 2932 2883 ἐπιτροπὴν
2989 2814 3102 2872 τοῖς
3158 2812 3504 2882 βουλομένοις
3557 2812 3880 2886 πολυγαμίᾳ

2305 2903 2441 2973 πρὸς
2469 2903 2559 2956 τδν
2590 2902 2838 2972 κτηνώδη
2878 2902 2990 2970 βίον
3019 2901 3348 2968 ὑπάγεσθαι.
3386 2900 3474 2963 Ὠς
3511 2894 3604 2954 οὖν
3635 2901 3878 2971 εἴρηται.

2304 2995 2391 3048 διὰ
2413 2993 2617 3063 ταύτην
2629 2994 2728 3062 τὴν
2753 2993 2955 3056 αἰτίαν,
2983 2995 3010 3046 ὁ
3036 2993 3135 3062 μὲν
3152 2993 3408 3061 τέταρτος
3432 2985 3882 3061 ἀποκηρυχθήτω

640 3086 838 3139 factum
872 3095 976 3147 est,
1024 3086 1372 3155 indulgentiae
1402 3089 1742 3157 imperatoris
1771 3094 2201 3156 commendetur,

2307 3085 2505 3154 γάμος,
2556 3083 2617 3135 τὸ
2669 3081 2725 3134 δὶ
2753 3081 2997 3152 πραχθὲν
3028 3079 3165 3150 πρὸς
3211 3078 3306 3149 τὴν
3339 3078 3627 3149 βασιλικὴν
3663 3081 3881 3145 άναιρε⁴

638 3183 706 3229 et'
724 3177 790 3229 de
817 3187 1033 3239 caetero,
1073 3177 1164 3230 Dei
1197 3182 1368 3247 gratia
1402 3181 1794 3252 conjungamqr
1825 3184 1968 3235 sicut
1997 3200 2024 3236 a
2063 3186 2208 3252 prin-

640 3267 806 3334 cipio,
843 3282 944 3322 nec
973 3268 1205 3336 amplius
1233 3268 1383 3323 locus
1415 3271 1518 3322 erit
1549 3271 1643 3323 ulli
1695 3273 1763 3324 ab
1811 3272 2037 3326 invicem
2073 3273 2208 3327 divi-

639 3358 804 3412 sioni.
839 3356 944 3411 Sed
993 3368 1047 3412 et
1092 3358 1454 3427 apocrisiarii,
1502 3361 1655 3428 juxta
1708 3371 1940 3416 veterem
1977 3379 2205 3428 morem,

642 3449 766 3502 inde
794 3449 861 3502 ad
902 3463 1000 3502 nos
1048 3457 1101 3502 et
1129 3449 1253 3503 hinc
1303 3450 1368 3503 ad
1415 3465 1510 3504 vos
1552 3462 1809 3521 perpetuo
1863 3463 2208 3508 transeuntes

643 3546 818 3601 erunt,
846 3547 898 3592 ct
931 3539 1111 3593 debita
1143 3540 1430 3594 dilectione
1449 3552 1500 3595 et
1544 3542 1911 3598 familiaritate
1941 3543 2206 3607 fruemur,

646 3639 703 3682 nt
757 3637 951 3698 praeter
1003 3631 1115 3684 haec
1159 3632 1339 3685 omnia
1386 3635 1527 3687 sacri
1585 3635 1823 3688 nominis
1877 3635 2208 3690 sanctissimi

650 3720 808 3789 Papa
846 3721 1216 3789 pronuntiatio
1247 3738 1369 3776 cum
1405 3735 1591 3779 nostra
1620 3725 1805 3777 humili
1836 3727 2122 3781 vocatione
2156 3727 2209 3780 in

648 3811 820 3866 sacris
883 3811 1153 3881 diptycbis
1193 3813 1540 3882 perficietur;
1612 3825 1666 3869 et
1713 3817 2052 3885 simpliciter,
2101 3833 2210 3872 uno

645 3917 832 3966 sensu,
874 3917 980 3955 una
1010 3911 1208 3966 mente,
1247 3920 1358 3958 uno
1398 3905 1616 3974 spiritu,
1663 3895 1806 3975 quod
1840 3909 2210 3978 gratissimum

644 4001 730 4046 cst
781 3993 907 4057 Deo,
962 3995 1222 4048 vivemus.
1287 3996 1355 4050 Et
1395 3996 1509 4051 haec
1560 3998 1779 4066 quidem
1817 4014 1939 4064 nos,
1988 4000 2060 4053 lili
2113 3999 2208 4065 mi,

647 4084 960 4148 scribimus,
993 4084 1362 4142 desiderantes
1391 4088 1442 4140 in
1468 4086 1577 4141 Deo
1602 4095 1831 4144 vestram
1865 4091 2209 4146 dilectionem

650 4175 742 4228 sed
799 4175 929 4229 nibil
979 4176 1165 4230 eorum
1217 4178 1419 4247 quibus
1461 4179 1642 4236 afﬂicti
1685 4195 1876 4236 sumus
1926 4181 1992 4237 de
2026 4191 2211 4236 sancta

657 4266 1024 4324 Romanorum
1056 4269 1318 4326 Ecclesia.

1012 4589 1145 4645 LVI.
1189 4591 1349 4660 Papw
1383 4591 1613 4658 antiqua:
1650 4589 1848 4645 Rarum.

721 4729 872 4797 Saepe
906 4743 1007 4781 non
1049 4737 1152 4780 tam
1186 4743 1281 4797 per
1317 4729 1524 4782 litteras
1561 4743 1722 4797 quam
1753 4741 1848 4798 per
1885 4743 2027 4782 viros
2048 4728 2149 4782 buc
2178 4742 2208 4782 a

649 4830 826 4875 vestra
879 4819 1048 4873 Roma
1111 4821 1463 4875 tle-venientes
1524 4821 1639 4873 sive
1700 4821 2033 4886 monachos,
2093 4821 2209 4875 sive

652 4913 1018 4974 clericos,sive
1049 4911 1209 4963 etiam
1245 4910 1434 4969 laicos,
1463 4922 1563 4960 vos
1592 4906 1993 4972 admonuimus,
2025 4923 2210 4962 sacra-

655 5003 863 5058 tissime
892 5002 1073 5065 frater.
1113 5012 1171 5056 ut
1211 5017 1240 5055 a
1267 5000 1422 5054 vobis
1451 4999 1610 5088 legat‘i
1659 4998 1749 5054 hic
1799 4999 2070 5090 adessent,
2118 5001 2208 5062 qui

654 5095 938 5151 nobiscum
970 5103 1024 5149 et
1053 5111 1174 5148 cum
1203 5105 1315 5147 tota
1351 5100 1536 5146 nostra
1567 5089 1832 5156 Ecclesia,
1879 5107 2000 5161 qure
2045 5093 2096 5144 in
2149 5108 2209 5146 ea

653 5197 952 5243 evenerunt
1008 5186 1216 5256 (nescio
1275 5182 1548 5253 quomodo
1594 5183 1801 5248 dicam;
1858 5183 2027 5237 satius
2066 5185 2208 5236 enim

658 5279 874 5332 silentio
904 5278 1001 5346 uti)
1032 5275 1263 5330 doli-mla
1304 5272 1584 5337 scandala,
1637 5274 1831 5342 partim
1871 5273 1997 5326 binc
2043 5274 2211 5342 origi-

574 5420 576 5422 ,
661 5384 782 5422 nem
814 5369 1092 5430 habentia,
1127 5365 1323 5438 partim
1360 5373 1414 5419 et
1443 5379 1508 5418 ex
1544 5365 1628 5417 bis
1652 5365 1743 5433 qui
1781 5364 1972 5432 primis
2015 5363 2212 5418 Itoma-

661 5473 856 5514 norum
919 5461 1171 5515 Ecclesia:
1221 5458 1440 5513 sedibus
1482 5465 1749 5524 praesunt,
1806 5472 1926 5510 cum
1979 5471 2216 5524 superno

663 5551 938 5618 adjutorio
973 5551 1036 5603 de
1068 5550 1245 5604 medio
1275 5548 1546 5608 tollerent,
1591 5555 1644 5599 et
1684 5547 1916 5600 debitam
1954 5547 2217 5601 stabilita.

664 5655 770 5698 tem
803 5653 856 5698 et
888 5642 1326 5711 tranquillitatem
1361 5640 1460 5710 ipsi
1488 5636 1850 5709 providerent.
1891 5637 2012 5691 "acc
2040 5647 2217 5690 autem

2313 3174 2488 3244 ρέσθω
2519 3173 2887 3240 συμπάθειαν,
2937 3171 3033 3225 καὶ
3058 3171 3119 3223 τὸ
3149 3170 3335 3224 λοιπὸν
3365 3168 3501 3222 Θεοῦ
3528 3171 3709 3241 χάριτι
3749 3185 3882 3221 συν·-

2309 3264 2639 3333 απτώμεθα,
2673 3262 2852 3324 καθὼς
2875 3261 2969 3314 ἀπ’
2991 3261 3186 3331 ἀρχῆς,
3215 3262 3309 3313 καὶ
3338 3260 3524 3313 οὐκέτι
3554 3260 3664 3326 ἕξει
3689 3259 3884 3330 χώραν

2308 3357 2342 3425 ἡ
2372 3357 2429 3421 ἐξ
2455 3355 2703 3424 ἀλλήλων
2741 3354 3042 3415 διάστασις.
3095 3352 3256 3405 Ἀλλὰ
3305 3353 3397 3404 καὶ
3459 3353 3880 3423 άποκρισιάριοι

2309 3449 2449 3503 κατὰ
2507 3449 2569 3502 τὸ
2626 3449 2856 3518 ἀρχαῖον
2893 3448 3011 3510 ἔθος
3045 3448 3275 3500 αὐτόθεν
3314 3465 3373 3500 τε
3403 3433 3545 3519 θηρὸς
3579 3449 3753 3517 ἡμᾶς,
3784 3449 3881 3501 καὶ

2310 3539 2445 3608 πρὸς
2481 3538 2626 3608 ὑμᾶς
2687 3539 2751 3590 ὲκ
2798 3535 2909 3590 τῶν
2965 3535 3199 3590 ἐνταῦθα
3231 3537 3471 3606 συνεχῶς
3507 3535 3881 3601 διαϐαίνοντες

2309 3631 2541 3695 ἔσονται,
2593 3630 2688 3683 καὶ
2736 3633 2842 3697 τῆς,
2888 3627 3246 3696 ὀφειλομένης
3275 3627 3497 3695 ἀγάπης
3533 3625 3632 3678 καὶ
3655 3626 3884 3694 ὁμιλίας

2311 3722 2542 3792 ἐσόμεθα
2601 3720 2992 3781 ἀπολαύοντες.
3043 3718 3154 3770 Καὶ
3209 3717 3305 3770 ἐπὶ
3361 3716 3572 3778 τούτοις
3603 3717 3741 3769 πᾶσι
3786 3716 3882 3769 τοῦ

2311 3815 2459 3884 ίεροῦ
2487 3813 2750 3884 ὀνόματος
2780 3813 2813 3882 ἠ
2845 3809 3176 3880 άνακήρυξις
3220 3807 3314 3862 τοῦ
3366 3809 3668 3877 άγιωτάτου
3714 3808 3884 3862 Πάπα

2315 3905 2452 3976 μετὰ
2509 3905 2609 3976 τῆς
2657 3903 2815 3973 ἡμῶν
2851 3901 3332 3970 τεταπεινωμένης
3375 3900 3624 3968 κλήσεως
3672 3899 3733 3951 έν
3767 3901 3881 3962 τοῖς

2313 3969 2479 4065 ίεροῖς
2537 3969 2814 4063 διπτυγοις
2857 3991 3348 4060 ἑκτελεσθήσεταιο
3409 3990 3505 4042 καὶ
3547 3989 3745 4052 άπλῶς
3802 3991 3884 4043 ἑνὶ

2313 4088 2643 4157 φρονήματι,
2673 4087 2769 4138 καὶ
2796 4086 2893 4154 μιᾷ
2917 4083 3131 4156 γνώμῃ,
3179 4084 3271 4135 καὶ
3292 4073 3384 4134 ’ἑνὶ
3415 4069 3708 4151 πνεύματι,
3740 4082 3882 4151 ὅπερ

2311 4177 2428 4230 ἐστὶ
2476 4176 2594 4253 Θεῷ
2647 4175 2936 4243 εὐάρεστον
3020 4172 3419 4241 διαδιώσωμεν.
3489 4171 3677 4240 Ἡμεῖς
3755 4170 3881 4241 μὲν,

2312 4270 2503 4323 τέκνον
2535 4268 2712 4338 ἡμῶν,
2732 4265 2915 4346 ’ταῦτα
2944 4267 3225 4336 γράφομεν
3269 4265 3326 4315 έν
3358 4263 3544 4332 Κυρίῳ
3573 4263 3728 4332 ὑμῶν
3759 4267 3883 4319 ὲπι-

2316 4361 2602 4431 ζητοῦντες
2634 4360 2873 4430 ἀγάπην,
2898 4359 3031 4429 μηδέ
3063 4375 3114 4409 τι
3131 4351 3203 4410 ὧν
3229 4355 3578 4426 ἐλυπήθημεν
3602 4357 3757 4426 παρὰ
3783 4357 3883 4428 τῆς

2244 4436 2286 4491 ι)
2316 4455 2475 4522 ἁγίας
2495 4453 2604 4505 τῶν
2642 4451 2930 4521 Ῥωμαίων
2957 4448 3307 4517 Ἐκκλησίας.

2418 4586 2560 4652 Νςῖν.
2603 4584 2684 4650 Τῷ
2734 4581 2900 4650 adyto
2943 4581 3052 4650 τῆς
3078 4583 3481 4651 πρεσϐυτέρας
3527 4583 3804 4653 Ῥώμης.’

2381 4719 2668 4780 Πολλάκις,
2697 4719 2744 4769 εί
2775 4717 2868 4770 καὶ
2893 4719 2966 4786 μὴ
3001 4716 3087 4769 διὰ
3107 4718 3471 4787 γραμμάτων,
3491 4718 3624 4771 άλλά
3655 4719 3744 4772 διὰ
3771 4723 3881 4773 τῶν

2310 4813 2374 4864 ἐκ
2429 4808 2528 4880 τῆς
2584 4809 2854 4878 ὑμετέρας
2915 4809 3130 4878 Ῥώμης
3178 4806 3413 4860 ἐνταῦθα
3461 4808 3882 4863 καταλαϐόντων

2312 4901 2542 4970 ἀνδρῶν,
2602 4900 2760 4950 τοῦτο
2813 4899 2910 4966 μὲν
2949 4899 3044 4952 καὶ
3082 4899 3442 4969 μοναζόντων,
3479 4898 3637 4951 τούτο
3674 4899 3731 4951 δὲ
3783 4901 3882 4955 καὶ

2316 4992 2629 5060 ίερατικῶν,
2680 4992 2764 5041 ναὶ
2814 4990 2876 5059 δὴ
2941 4991 3035 5042 καὶ
3087 4991 3186 5056 τῆς
3253 4988 3447 5058 λαῖκῆς
3503 4991 3882 5059 τυγχανόντων

2312 5086 2538 5148 τάξεως,
2573 5083 2944 5152 ἐδηλώσαμεν,
2987 5079 3179 5146 ἀδελ.φέ
3223 5080 3379 5148 ἡμῶν
3415 5081 3700 5150 ἱερώτατε,
3735 5082 3882 5137 ὥστε

2316 5173 2644 5236 ἀποστόλους
2685 5173 2838 5240 ὑμῶν
2890 5170 3123 5222 ἐνταῦθα
3178 5169 3604 5241 παραγενέσθαι,
3651 5174 3750 5226 καὶ
3784 5176 3881 5227 σὺν

2317 5267 2446 5332 ἡμῖν
2475 5266 2564 5314 καὶ
2589 5262 2684 5331 τῆς
2710 5264 2836 5327 ὅλης
2866 5260 3019 5331 ἡμῶν
3043 5261 3394 5330 Ἐκκλησίας,
3414 5262 3482 5314 τὰ
3505 5263 3560 5314 ὲν
3590 5263 3728 5334 αὐτῇ
3758 5265 3883 5336 (οὐκ

2319 5354 2434 5408 οἶδα
2483 5355 2596 5417 πῶς
2645 5356 2803 5411 εἴπω.
2858 5352 3019 5404 καλὸν
3066 5355 3172 5423 γὰρ
3205 5356 3382 5422 σιωπῇ
3421 5353 3628 5422 δοῦναι)
3659 5355 3885 5427 λυπηρῖ

2323 5444 2701 5514 συμῦεϐηκότα
2739 5441 3023 5506 σκάνδαλα,
3073 5443 3238 5511 μέρος
3289 5443 3386 5510 μέν
3415 5460 3468 5494 τι
3512 5445 3768 5515 ἀφορμὴν
3793 5449 3850 5499 έν

2321 5537 2510 5590 τεῦοεν
2560 5531 2849 5602 ἐσχηκότα,
2885 5530 3044 5599 μέρος
3074 5532 3128 5583 δέ
3161 5549 3212 5583 τι
3263 5532 3355 5583 καὶ
3395 5531 3460 5584 ἐκ
3492 5533 3599 5584 τῶν
3633 5550 3880 5605 προηγη.

2327 5630 2574 5698 σαμὲνων
2600 5626 2697 5692 τῆς
2733 5623 3016 5690 Ῥωμαίων
3039 5621 3366 5689 Ἐκκλησίας
3397 5622 3698 5692 προέδρων,
3736 5630 3880 5692 μετὶ

664 5753 806 5807 saepe
853 5736 1125 5793 notilicata
1158 5731 1539 5796 fuerunt.Eccc.
1563 5730 1675 5802 jam
1719 5746 1892 5786 nonus
1930 5747 2100 5785 annus
2138 5745 2196 5785 cs

2326 5723 2420 5791 τῆς
2453 5716 2653 5773 ἄνωθεν
2674 5713 3102 5782 συναντιλήψεως
3127 5711 3362 5766 ἐκποδῶν
3390 5714 3630 5783 ποιῆσαι,
3664 5715 3755 5769 καὶ
3783 5715 3878 5785 si}:
