  <div class='ocr_page' id='page_1' title='image "/cluster/home/n/w/nwhite01/storage/ocr_20150623/111/hvd.32044010574143/136.png"; bbox 0 0 4018 6454; ppageno 0'>
   <div class='ocr_carea' id='block_1_1' title="bbox 175 401 271 462">
    <p class='ocr_par' dir='ltr' id='par_1_1' title="bbox 175 401 271 462">
     <span class='ocr_line' id='line_1_1' title="bbox 175 401 271 462; baseline 0.031 -3"><span class='ocrx_word' id='word_1_1' title='bbox 175 401 271 462; x_wconf 72' lang='grc'><strong>257</strong></span> 
     </span>
    </p>
   </div>
   <div class='ocr_carea' id='block_1_2' title="bbox 1617 396 2021 458">
    <p class='ocr_par' dir='ltr' id='par_1_2' title="bbox 1617 396 2021 458">
     <span class='ocr_line' id='line_1_2' title="bbox 1617 396 2021 458; baseline -0.002 -2"><span class='ocrx_word' id='word_1_2' title='bbox 1617 396 2021 458; x_wconf 61' lang='grc' dir='ltr'><strong>ΕΡΙΞΤΟιῶ.</strong></span> 
     </span>
    </p>
   </div>
   <div class='ocr_carea' id='block_1_3' title="bbox 3297 392 3409 455">
    <p class='ocr_par' dir='ltr' id='par_1_3' title="bbox 3297 392 3409 455">
     <span class='ocr_line' id='line_1_3' title="bbox 3297 392 3409 455; baseline 0.018 -2"><span class='ocrx_word' id='word_1_3' title='bbox 3297 392 3409 455; x_wconf 77' lang='lat'><strong>253</strong></span> 
     </span>
    </p>
   </div>
   <div class='ocr_carea' id='block_1_4' title="bbox 162 499 1723 583">
    <p class='ocr_par' dir='ltr' id='par_1_4' title="bbox 162 507 1723 583">
     <span class='ocr_line' id='line_1_4' title="bbox 162 507 1723 583; baseline -0.006 -14"><span class='ocrx_word' id='word_1_4' title='bbox 162 512 515 583; x_wconf 70' lang='grc' dir='ltr'>ἐφειλομένην</span> <span class='ocrx_word' id='word_1_5' title='bbox 547 510 870 566; x_wconf 75' lang='grc' dir='ltr'>εὐστάθειαν</span> <span class='ocrx_word' id='word_1_6' title='bbox 895 510 989 563; x_wconf 70' lang='grc' dir='ltr'>καὶ</span> <span class='ocrx_word' id='word_1_7' title='bbox 1012 507 1313 579; x_wconf 77' lang='grc' dir='ltr'><strong>ἀταραξίαν</strong></span> <span class='ocrx_word' id='word_1_8' title='bbox 1349 509 1486 578; x_wconf 72' lang='grc' dir='ltr'><strong>αὺτῇ</strong></span> <span class='ocrx_word' id='word_1_9' title='bbox 1518 525 1723 578; x_wconf 86' lang='grc' dir='ltr'>προμη-</span> 
     </span>
    </p>
   </div>
   <div class='ocr_carea' id='block_1_5' title="bbox 1826 499 3413 583">
    <p class='ocr_par' dir='ltr' id='par_1_5' title="bbox 1838 499 3413 576">
     <span class='ocr_line' id='line_1_5' title="bbox 1838 499 3413 576; baseline -0.003 -15"><span class='ocrx_word' id='word_1_10' title='bbox 1838 521 1901 561; x_wconf 75' lang='lat' dir='ltr'><strong>ex</strong></span> <span class='ocrx_word' id='word_1_11' title='bbox 1922 520 2028 576; x_wconf 93' lang='lat' dir='ltr'><strong>quo</strong></span> <span class='ocrx_word' id='word_1_12' title='bbox 2053 503 2414 574; x_wconf 77' lang='lat' dir='ltr'><strong>jndieiisquae</strong></span> <span class='ocrx_word' id='word_1_13' title='bbox 2440 503 2589 558; x_wconf 72' lang='lat' dir='ltr'><strong>novit</strong></span> <span class='ocrx_word' id='word_1_14' title='bbox 2623 502 2791 569; x_wconf 81' lang='lat' dir='ltr'><strong>Deus,</strong></span> <span class='ocrx_word' id='word_1_15' title='bbox 2820 504 2888 557; x_wconf 84' lang='lat' dir='ltr'><strong>ad</strong></span> <span class='ocrx_word' id='word_1_16' title='bbox 2918 499 3213 557; x_wconf 74' lang='lat' dir='ltr'><strong>Ecclesium</strong></span> <span class='ocrx_word' id='word_1_17' title='bbox 3258 505 3413 559; x_wconf 87' lang='lat' dir='ltr'><strong>redu-</strong></span> 
     </span>
    </p>
   </div>
   <div class='ocr_carea' id='block_1_6' title="bbox 160 599 1732 673">
    <p class='ocr_par' dir='ltr' id='par_1_6' title="bbox 160 599 1732 673">
     <span class='ocr_line' id='line_1_6' title="bbox 160 599 1732 673; baseline -0.003 -17"><span class='ocrx_word' id='word_1_18' title='bbox 160 604 476 658; x_wconf 83' lang='grc' dir='ltr'>ίεύσασθαι.</span> <span class='ocrx_word' id='word_1_19' title='bbox 521 603 666 657; x_wconf 80' lang='grc' dir='ltr'>Ἀλλ’</span> <span class='ocrx_word' id='word_1_20' title='bbox 698 602 941 673; x_wconf 75' lang='grc' dir='ltr'><strong>ἐδηλώθη</strong></span> <span class='ocrx_word' id='word_1_21' title='bbox 976 602 1073 671; x_wconf 71' lang='grc' dir='ltr'><strong>μὲν</strong></span> <span class='ocrx_word' id='word_1_22' title='bbox 1102 600 1273 653; x_wconf 85' lang='grc' dir='ltr'>ταῦτα</span> <span class='ocrx_word' id='word_1_23' title='bbox 1297 600 1578 663; x_wconf 78' lang='grc' dir='ltr'>πολλάκις.</span> <span class='ocrx_word' id='word_1_24' title='bbox 1604 599 1732 652; x_wconf 52' lang='lat' dir='ltr'><strong>iam</strong></span> 
     </span>
    </p>
   </div>
   <div class='ocr_carea' id='block_1_7' title="bbox 155 687 1736 763">
    <p class='ocr_par' dir='ltr' id='par_1_7' title="bbox 155 687 1736 763">
     <span class='ocr_line' id='line_1_7' title="bbox 155 687 1736 763; baseline -0.003 -17"><span class='ocrx_word' id='word_1_25' title='bbox 155 695 338 763; x_wconf 77' lang='grc' dir='ltr'>χρόνος</span> <span class='ocrx_word' id='word_1_26' title='bbox 368 694 613 757; x_wconf 73' lang='grc' dir='ltr'>ἐννατος,</span> <span class='ocrx_word' id='word_1_27' title='bbox 646 693 704 759; x_wconf 77' lang='grc' dir='ltr'><strong>ἐξ</strong></span> <span class='ocrx_word' id='word_1_28' title='bbox 733 689 793 746; x_wconf 79' lang='grc' dir='ltr'><strong>οῦ</strong></span> <span class='ocrx_word' id='word_1_29' title='bbox 836 694 1101 762; x_wconf 77' lang='grc' dir='ltr'><strong>κρίμασιν</strong></span> <span class='ocrx_word' id='word_1_30' title='bbox 1126 687 1205 754; x_wconf 78' lang='grc' dir='ltr'>οἷς</span> <span class='ocrx_word' id='word_1_31' title='bbox 1233 688 1339 745; x_wconf 75' lang='grc' dir='ltr'>οἶδε</span> <span class='ocrx_word' id='word_1_32' title='bbox 1370 692 1500 754; x_wconf 82' lang='grc' dir='ltr'>Θεὸς</span> <span class='ocrx_word' id='word_1_33' title='bbox 1534 692 1612 753; x_wconf 86' lang='grc' dir='ltr'><strong>είς</strong></span> <span class='ocrx_word' id='word_1_34' title='bbox 1640 691 1736 761; x_wconf 74' lang='grc' dir='ltr'><strong>τὴν</strong></span> 
     </span>
    </p>
   </div>
   <div class='ocr_carea' id='block_1_8' title="bbox 168 777 1737 853">
    <p class='ocr_par' dir='ltr' id='par_1_8' title="bbox 168 777 1737 853">
     <span class='ocr_line' id='line_1_8' title="bbox 168 777 1737 853; baseline 0.001 -20"><span class='ocrx_word' id='word_1_35' title='bbox 168 783 494 851; x_wconf 78' lang='grc' dir='ltr'>Ἐκκλησίαν</span> <span class='ocrx_word' id='word_1_36' title='bbox 525 782 927 853; x_wconf 76' lang='grc' dir='ltr'>ἐπανήλθομεν,</span> <span class='ocrx_word' id='word_1_37' title='bbox 970 781 1029 845; x_wconf 79' lang='grc' dir='ltr'><strong>ἐξ</strong></span> <span class='ocrx_word' id='word_1_38' title='bbox 1048 777 1113 850; x_wconf 79' lang='grc' dir='ltr'>ἦς</span> <span class='ocrx_word' id='word_1_39' title='bbox 1143 783 1241 834; x_wconf 83' lang='grc' dir='ltr'><strong>οὐκ</strong></span> <span class='ocrx_word' id='word_1_40' title='bbox 1273 784 1329 834; x_wconf 83' lang='grc' dir='ltr'>ὲν</span> <span class='ocrx_word' id='word_1_41' title='bbox 1361 781 1484 851; x_wconf 84' lang='grc' dir='ltr'>δίκῃ</span> <span class='ocrx_word' id='word_1_42' title='bbox 1522 780 1737 847; x_wconf 77' lang='grc' dir='ltr'>ἀπηλάο</span> 
     </span>
    </p>
   </div>
   <div class='ocr_carea' id='block_1_9' title="bbox 156 870 1734 943">
    <p class='ocr_par' dir='ltr' id='par_1_9' title="bbox 156 870 1734 943">
     <span class='ocr_line' id='line_1_9' title="bbox 156 870 1734 943; baseline -0.001 -20"><span class='ocrx_word' id='word_1_43' title='bbox 156 873 345 941; x_wconf 84' lang='grc' dir='ltr'>θημεν,</span> <span class='ocrx_word' id='word_1_44' title='bbox 379 875 474 926; x_wconf 72' lang='grc' dir='ltr'><strong>καὶ</strong></span> <span class='ocrx_word' id='word_1_45' title='bbox 523 874 680 927; x_wconf 82' lang='grc' dir='ltr'>οὐδὲν</span> <span class='ocrx_word' id='word_1_46' title='bbox 729 874 864 936; x_wconf 82' lang='grc' dir='ltr'><strong>ὅλως</strong></span> <span class='ocrx_word' id='word_1_47' title='bbox 920 876 1050 943; x_wconf 72' lang='grc' dir='ltr'>ἡμῖν</span> <span class='ocrx_word' id='word_1_48' title='bbox 1088 874 1217 941; x_wconf 68' lang='grc' dir='ltr'>περὶ</span> <span class='ocrx_word' id='word_1_49' title='bbox 1260 872 1465 941; x_wconf 82' lang='grc' dir='ltr'>ταύτης</span> <span class='ocrx_word' id='word_1_50' title='bbox 1494 870 1734 943; x_wconf 81' lang='grc' dir='ltr'>ἐδηλώοη</span> 
     </span>
    </p>
   </div>
   <div class='ocr_carea' id='block_1_10' title="bbox 156 962 1732 1035">
    <p class='ocr_par' dir='ltr' id='par_1_10' title="bbox 156 962 1732 1035">
     <span class='ocr_line' id='line_1_10' title="bbox 156 962 1732 1035; baseline 0 -20"><span class='ocrx_word' id='word_1_51' title='bbox 156 965 243 1033; x_wconf 60' lang='grc' dir='ltr'>τῆς</span> <span class='ocrx_word' id='word_1_52' title='bbox 271 964 605 1026; x_wconf 76' lang='grc' dir='ltr'><strong>ὑποθέσεως.</strong></span> <span class='ocrx_word' id='word_1_53' title='bbox 638 963 781 1035; x_wconf 83' lang='grc' dir='ltr'>Πλὴν</span> <span class='ocrx_word' id='word_1_54' title='bbox 818 964 995 1034; x_wconf 76' lang='grc' dir='ltr'>ἐῶμεν</span> <span class='ocrx_word' id='word_1_55' title='bbox 1036 965 1213 1017; x_wconf 86' lang='grc' dir='ltr'>πάντα</span> <span class='ocrx_word' id='word_1_56' title='bbox 1234 977 1249 993; x_wconf 88' lang='grc'>⁶</span> <span class='ocrx_word' id='word_1_57' title='bbox 1295 962 1458 1016; x_wconf 85' lang='grc' dir='ltr'>τοῦτο</span> <span class='ocrx_word' id='word_1_58' title='bbox 1490 963 1545 1015; x_wconf 77' lang='grc' dir='ltr'>δὲ</span> <span class='ocrx_word' id='word_1_59' title='bbox 1578 966 1643 1033; x_wconf 76' lang='grc' dir='ltr'>τῇ</span> <span class='ocrx_word' id='word_1_60' title='bbox 1668 966 1732 1031; x_wconf 82' lang='grc' dir='ltr'><strong>σῇ</strong></span> 
     </span>
    </p>
   </div>
   <div class='ocr_carea' id='block_1_11' title="bbox 157 1053 1737 1127">
    <p class='ocr_par' dir='ltr' id='par_1_11' title="bbox 157 1053 1737 1127">
     <span class='ocr_line' id='line_1_11' title="bbox 157 1053 1737 1127; baseline 0 -22"><span class='ocrx_word' id='word_1_61' title='bbox 157 1056 521 1124; x_wconf 80' lang='grc' dir='ltr'><strong>μακαριότητι</strong></span> <span class='ocrx_word' id='word_1_62' title='bbox 568 1054 930 1127; x_wconf 77' lang='grc' dir='ltr'>γνωρίζομεν,</span> <span class='ocrx_word' id='word_1_63' title='bbox 980 1056 1060 1107; x_wconf 76' lang='grc' dir='ltr'><strong>ὅτι</strong></span> <span class='ocrx_word' id='word_1_64' title='bbox 1093 1053 1423 1125; x_wconf 77' lang='grc' dir='ltr'>ἐδράόευσεν</span> <span class='ocrx_word' id='word_1_65' title='bbox 1453 1055 1479 1105; x_wconf 88' lang='grc' dir='ltr'>ὁ</span> <span class='ocrx_word' id='word_1_66' title='bbox 1524 1054 1737 1123; x_wconf 84' lang='grc' dir='ltr'>πρῶτος</span> 
     </span>
    </p>
   </div>
   <div class='ocr_carea' id='block_1_12' title="bbox 155 1146 1737 1218">
    <p class='ocr_par' dir='ltr' id='par_1_12' title="bbox 155 1146 1737 1218">
     <span class='ocr_line' id='line_1_12' title="bbox 155 1146 1737 1218; baseline -0.001 -19"><span class='ocrx_word' id='word_1_67' title='bbox 155 1148 440 1215; x_wconf 77' lang='grc' dir='ltr'>ἀρχιερεὺς</span> <span class='ocrx_word' id='word_1_68' title='bbox 503 1148 661 1217; x_wconf 77' lang='grc' dir='ltr'>ἡμῶν</span> <span class='ocrx_word' id='word_1_69' title='bbox 719 1149 811 1200; x_wconf 73' lang='grc' dir='ltr'><strong>καὶ</strong></span> <span class='ocrx_word' id='word_1_70' title='bbox 870 1148 1001 1208; x_wconf 81' lang='grc' dir='ltr'>Θεὸς</span> <span class='ocrx_word' id='word_1_71' title='bbox 1059 1148 1283 1218; x_wconf 80' lang='grc' dir='ltr'>εἰρήνην</span> <span class='ocrx_word' id='word_1_72' title='bbox 1327 1149 1393 1215; x_wconf 81' lang='grc' dir='ltr'>τῇ</span> <span class='ocrx_word' id='word_1_73' title='bbox 1434 1146 1555 1198; x_wconf 85' lang='grc' dir='ltr'>καθ’</span> <span class='ocrx_word' id='word_1_74' title='bbox 1591 1147 1737 1215; x_wconf 78' lang='grc' dir='ltr'>ἡμᾶς</span> 
     </span>
    </p>
   </div>
   <div class='ocr_carea' id='block_1_13' title="bbox 167 1236 1736 1309">
    <p class='ocr_par' dir='ltr' id='par_1_13' title="bbox 167 1236 1736 1309">
     <span class='ocr_line' id='line_1_13' title="bbox 167 1236 1736 1309; baseline 0 -20"><span class='ocrx_word' id='word_1_75' title='bbox 167 1237 482 1309; x_wconf 73' lang='grc' dir='ltr'>Ἐκκλησία,</span> <span class='ocrx_word' id='word_1_76' title='bbox 506 1238 614 1291; x_wconf 83' lang='grc' dir='ltr'>τῶν</span> <span class='ocrx_word' id='word_1_77' title='bbox 648 1240 816 1292; x_wconf 88' lang='grc' dir='ltr'>πάλαι</span> <span class='ocrx_word' id='word_1_78' title='bbox 871 1239 1182 1307; x_wconf 79' lang='grc' dir='ltr'>σφαλέντων</span> <span class='ocrx_word' id='word_1_79' title='bbox 1214 1238 1275 1289; x_wconf 76' lang='grc' dir='ltr'><strong>τὸ</strong></span> <span class='ocrx_word' id='word_1_80' title='bbox 1312 1238 1510 1289; x_wconf 75' lang='grc' dir='ltr'>οἰκεῖον</span> <span class='ocrx_word' id='word_1_81' title='bbox 1546 1236 1736 1306; x_wconf 80' lang='grc' dir='ltr'>ἐξομο-</span> 
     </span>
    </p>
   </div>
   <div class='ocr_carea' id='block_1_14' title="bbox 156 1328 1736 1405">
    <p class='ocr_par' dir='ltr' id='par_1_14' title="bbox 156 1328 1736 1405">
     <span class='ocr_line' id='line_1_14' title="bbox 156 1328 1736 1405; baseline 0.003 -25"><span class='ocrx_word' id='word_1_82' title='bbox 156 1328 543 1405; x_wconf 82' lang='grc' dir='ltr'>λογησαμὲνων</span> <span class='ocrx_word' id='word_1_83' title='bbox 582 1332 911 1403; x_wconf 73' lang='grc' dir='ltr'>ἁμάρτημα,</span> <span class='ocrx_word' id='word_1_84' title='bbox 942 1334 1035 1386; x_wconf 64' lang='grc' dir='ltr'><strong>καὶ</strong></span> <span class='ocrx_word' id='word_1_85' title='bbox 1078 1333 1358 1401; x_wconf 81' lang='grc' dir='ltr'>τυχόντων</span> <span class='ocrx_word' id='word_1_86' title='bbox 1384 1330 1736 1401; x_wconf 85' lang='grc' dir='ltr'><strong>συγγνώμης,</strong></span> 
     </span>
    </p>
   </div>
   <div class='ocr_carea' id='block_1_15' title="bbox 155 1420 1733 1493">
    <p class='ocr_par' dir='ltr' id='par_1_15' title="bbox 155 1420 1733 1493">
     <span class='ocr_line' id='line_1_15' title="bbox 155 1420 1733 1493; baseline 0.001 -21"><span class='ocrx_word' id='word_1_87' title='bbox 155 1420 243 1472; x_wconf 68' lang='grc' dir='ltr'>καὶ</span> <span class='ocrx_word' id='word_1_88' title='bbox 261 1420 335 1483; x_wconf 83' lang='grc' dir='ltr'>ὼς</span> <span class='ocrx_word' id='word_1_89' title='bbox 364 1422 581 1491; x_wconf 81' lang='grc' dir='ltr'>μέλεσιν</span> <span class='ocrx_word' id='word_1_90' title='bbox 602 1425 733 1492; x_wconf 74' lang='grc' dir='ltr'>ἡμῖν</span> <span class='ocrx_word' id='word_1_91' title='bbox 757 1422 1155 1491; x_wconf 76' lang='grc' dir='ltr'>συναφθέντων,</span> <span class='ocrx_word' id='word_1_92' title='bbox 1171 1423 1309 1493; x_wconf 82' lang='grc' dir='ltr'>πλὴν</span> <span class='ocrx_word' id='word_1_93' title='bbox 1335 1423 1531 1489; x_wconf 77' lang='grc' dir='ltr'>ὀλίγων</span> <span class='ocrx_word' id='word_1_94' title='bbox 1550 1422 1733 1484; x_wconf 83' lang='grc' dir='ltr'>τινῶν,</span> 
     </span>
    </p>
   </div>
   <div class='ocr_carea' id='block_1_16' title="bbox 154 1511 1736 1585">
    <p class='ocr_par' dir='ltr' id='par_1_16' title="bbox 154 1511 1736 1585">
     <span class='ocr_line' id='line_1_16' title="bbox 154 1511 1736 1585; baseline 0.001 -21"><span class='ocrx_word' id='word_1_95' title='bbox 154 1511 198 1564; x_wconf 79' lang='grc' dir='ltr'>οἶ</span> <span class='ocrx_word' id='word_1_96' title='bbox 213 1514 307 1581; x_wconf 82' lang='grc' dir='ltr'><strong>τῆς</strong></span> <span class='ocrx_word' id='word_1_97' title='bbox 335 1515 559 1584; x_wconf 76' lang='grc' dir='ltr'>είρήνης</span> <span class='ocrx_word' id='word_1_98' title='bbox 580 1515 641 1566; x_wconf 82' lang='grc' dir='ltr'>τὸ</span> <span class='ocrx_word' id='word_1_99' title='bbox 665 1515 974 1579; x_wconf 71' lang='grc' dir='ltr'>στασιάζειν</span> <span class='ocrx_word' id='word_1_100' title='bbox 994 1516 1366 1585; x_wconf 83' lang='grc' dir='ltr'>προτιμῶντες</span> <span class='ocrx_word' id='word_1_101' title='bbox 1389 1515 1468 1566; x_wconf 79' lang='grc' dir='ltr'>ἐτι</span> <span class='ocrx_word' id='word_1_102' title='bbox 1498 1512 1736 1582; x_wconf 78' lang='grc' dir='ltr'>φιλονει-</span> 
     </span>
    </p>
   </div>
   <div class='ocr_carea' id='block_1_17' title="bbox 158 1602 1735 1677">
    <p class='ocr_par' dir='ltr' id='par_1_17' title="bbox 158 1602 1735 1677">
     <span class='ocr_line' id='line_1_17' title="bbox 158 1602 1735 1677; baseline 0.001 -21"><span class='ocrx_word' id='word_1_103' title='bbox 158 1602 327 1666; x_wconf 85' lang='grc' dir='ltr'>κοῦσι,</span> <span class='ocrx_word' id='word_1_104' title='bbox 360 1604 440 1673; x_wconf 80' lang='grc' dir='ltr'>τῷ</span> <span class='ocrx_word' id='word_1_105' title='bbox 473 1604 587 1675; x_wconf 78' lang='grc' dir='ltr'>[δίῳ</span> <span class='ocrx_word' id='word_1_106' title='bbox 616 1606 881 1676; x_wconf 74' lang='grc' dir='ltr'>χωρισμῴ</span> <span class='ocrx_word' id='word_1_107' title='bbox 934 1606 1031 1677; x_wconf 79' lang='grc' dir='ltr'><strong>τὴν</strong></span> <span class='ocrx_word' id='word_1_108' title='bbox 1058 1608 1149 1659; x_wconf 74' lang='grc' dir='ltr'><strong>ἐπὶ</strong></span> <span class='ocrx_word' id='word_1_109' title='bbox 1177 1610 1240 1677; x_wconf 81' lang='grc' dir='ltr'>τῇ</span> <span class='ocrx_word' id='word_1_110' title='bbox 1277 1606 1607 1659; x_wconf 80' lang='grc' dir='ltr'>καταστάσει</span> <span class='ocrx_word' id='word_1_111' title='bbox 1637 1604 1735 1671; x_wconf 81' lang='grc' dir='ltr'>τῆς</span> 
     </span>
    </p>
   </div>
   <div class='ocr_carea' id='block_1_18' title="bbox 158 1692 1737 1767">
    <p class='ocr_par' dir='ltr' id='par_1_18' title="bbox 158 1692 1737 1767">
     <span class='ocr_line' id='line_1_18' title="bbox 158 1692 1737 1767; baseline -0.003 -18"><span class='ocrx_word' id='word_1_112' title='bbox 158 1696 311 1763; x_wconf 75' lang='grc' dir='ltr'>ἁγίας</span> <span class='ocrx_word' id='word_1_113' title='bbox 362 1697 696 1767; x_wconf 74' lang='grc' dir='ltr'>Ἐκκλησέας</span> <span class='ocrx_word' id='word_1_114' title='bbox 724 1696 1113 1767; x_wconf 85' lang='grc' dir='ltr'>συνταράττειν</span> <span class='ocrx_word' id='word_1_115' title='bbox 1142 1696 1403 1766; x_wconf 84' lang='grc' dir='ltr'>γαλήνην.</span> <span class='ocrx_word' id='word_1_116' title='bbox 1434 1696 1531 1747; x_wconf 83' lang='grc' dir='ltr'>Διά</span> <span class='ocrx_word' id='word_1_117' title='bbox 1580 1692 1737 1746; x_wconf 84' lang='grc' dir='ltr'>τοῦτο</span> 
     </span>
    </p>
   </div>
   <div class='ocr_carea' id='block_1_19' title="bbox 156 1786 1737 1869">
    <p class='ocr_par' dir='ltr' id='par_1_19' title="bbox 156 1786 1737 1869">
     <span class='ocr_line' id='line_1_19' title="bbox 156 1786 1737 1869; baseline 0 -30"><span class='ocrx_word' id='word_1_118' title='bbox 156 1787 436 1856; x_wconf 73' lang='grc' dir='ltr'>γράφομεν</span> <span class='ocrx_word' id='word_1_119' title='bbox 482 1786 853 1856; x_wconf 71' lang='grc' dir='ltr'>ἀποσταλῆναι</span> <span class='ocrx_word' id='word_1_120' title='bbox 894 1789 1029 1857; x_wconf 79' lang='grc' dir='ltr'>πρὸς</span> <span class='ocrx_word' id='word_1_121' title='bbox 1061 1790 1212 1856; x_wconf 78' lang='grc' dir='ltr'>ἡμᾶς</span> <span class='ocrx_word' id='word_1_122' title='bbox 1242 1788 1342 1857; x_wconf 83' lang='grc' dir='ltr'>τῆς</span> <span class='ocrx_word' id='word_1_123' title='bbox 1381 1786 1532 1858; x_wconf 81' lang='grc' dir='ltr'>ὑμῶν</span> <span class='ocrx_word' id='word_1_124' title='bbox 1560 1802 1737 1869; x_wconf 53' lang='grc' dir='ltr'>μακατ</span> 
     </span>
    </p>
   </div>
   <div class='ocr_carea' id='block_1_20' title="bbox 1839 595 3413 667">
    <p class='ocr_par' dir='ltr' id='par_1_20' title="bbox 1839 595 3413 667">
     <span class='ocr_line' id='line_1_20' title="bbox 1839 595 3413 667; baseline -0.003 -13"><span class='ocrx_word' id='word_1_125' title='bbox 1839 615 1930 654; x_wconf 84' lang='lat' dir='ltr'><strong>ces</strong></span> <span class='ocrx_word' id='word_1_126' title='bbox 1958 612 2236 660; x_wconf 80' lang='lat' dir='ltr'><strong>sumus,ex</strong></span> <span class='ocrx_word' id='word_1_127' title='bbox 2276 610 2379 665; x_wconf 83' lang='lat' dir='ltr'><strong>qua</strong></span> <span class='ocrx_word' id='word_1_128' title='bbox 2400 597 2599 667; x_wconf 82' lang='lat' dir='ltr'><strong>injuste</strong></span> <span class='ocrx_word' id='word_1_129' title='bbox 2631 595 2840 666; x_wconf 77' lang='lat' dir='ltr'><strong>expulsi</strong></span> <span class='ocrx_word' id='word_1_130' title='bbox 2866 595 3163 659; x_wconf 79' lang='lat' dir='ltr'><strong>fueramus,</strong></span> <span class='ocrx_word' id='word_1_131' title='bbox 3194 606 3247 651; x_wconf 89' lang='lat' dir='ltr'><strong>et</strong></span> <span class='ocrx_word' id='word_1_132' title='bbox 3277 597 3413 650; x_wconf 69' lang='lat' dir='ltr'><strong>nihil</strong></span> 
     </span>
    </p>
   </div>
   <div class='ocr_carea' id='block_1_21' title="bbox 1837 676 3409 755">
    <p class='ocr_par' dir='ltr' id='par_1_21' title="bbox 1837 676 3409 755">
     <span class='ocr_line' id='line_1_21' title="bbox 1837 676 3409 755; baseline -0.004 -14"><span class='ocrx_word' id='word_1_133' title='bbox 1837 690 2060 741; x_wconf 86' lang='lat' dir='ltr'><strong>omnino</strong></span> <span class='ocrx_word' id='word_1_134' title='bbox 2092 685 2251 739; x_wconf 89' lang='lat' dir='ltr'><strong>nobis</strong></span> <span class='ocrx_word' id='word_1_135' title='bbox 2287 686 2432 739; x_wconf 87' lang='lat' dir='ltr'><strong>circa</strong></span> <span class='ocrx_word' id='word_1_136' title='bbox 2461 686 2562 740; x_wconf 89' lang='lat' dir='ltr'><strong>hoc</strong></span> <span class='ocrx_word' id='word_1_137' title='bbox 2590 686 2929 755; x_wconf 76' lang='lat' dir='ltr'><strong>prepositum</strong></span> <span class='ocrx_word' id='word_1_138' title='bbox 2970 676 3253 737; x_wconf 83' lang='lat' dir='ltr'><strong>ostensum</strong></span> <span class='ocrx_word' id='word_1_139' title='bbox 3296 697 3375 738; x_wconf 77' lang='grc' dir='ltr'><strong>εει</strong></span> <span class='ocrx_word' id='word_1_140' title='bbox 3396 723 3409 736; x_wconf 94' lang='grc'><strong>.</strong></span> 
     </span>
    </p>
   </div>
   <div class='ocr_carea' id='block_1_22' title="bbox 1845 776 3411 849">
    <p class='ocr_par' dir='ltr' id='par_1_22' title="bbox 1845 776 3411 849">
     <span class='ocr_line' id='line_1_22' title="bbox 1845 776 3411 849; baseline -0.001 -16"><span class='ocrx_word' id='word_1_141' title='bbox 1845 780 1948 834; x_wconf 86' lang='lat' dir='ltr'><strong>Sed</strong></span> <span class='ocrx_word' id='word_1_142' title='bbox 1981 778 2459 849; x_wconf 50' lang='lat' dir='ltr'><strong>praetermittamus</strong></span> <span class='ocrx_word' id='word_1_143' title='bbox 2484 778 2688 832; x_wconf 79' lang='lat' dir='ltr'><strong>omnia;</strong></span> <span class='ocrx_word' id='word_1_144' title='bbox 2727 776 2839 831; x_wconf 88' lang='lat' dir='ltr'><strong>Hoc</strong></span> <span class='ocrx_word' id='word_1_145' title='bbox 2882 786 3060 831; x_wconf 86' lang='lat' dir='ltr'><strong>autem</strong></span> <span class='ocrx_word' id='word_1_146' title='bbox 3100 789 3206 830; x_wconf 74' lang='lat' dir='ltr'><strong>tum</strong></span> <span class='ocrx_word' id='word_1_147' title='bbox 3237 778 3411 832; x_wconf 64' lang='lat' dir='ltr'><strong>beati«</strong></span> 
     </span>
    </p>
   </div>
   <div class='ocr_carea' id='block_1_23' title="bbox 1849 866 3414 937">
    <p class='ocr_par' dir='ltr' id='par_1_23' title="bbox 1849 866 3414 937">
     <span class='ocr_line' id='line_1_23' title="bbox 1849 866 3414 937; baseline -0.004 -12"><span class='ocrx_word' id='word_1_148' title='bbox 1849 872 2026 925; x_wconf 86' lang='lat' dir='ltr'><strong>tudini</strong></span> <span class='ocrx_word' id='word_1_149' title='bbox 2053 880 2239 924; x_wconf 89' lang='lat' dir='ltr'><strong>notum</strong></span> <span class='ocrx_word' id='word_1_150' title='bbox 2269 868 2519 934; x_wconf 80' lang='lat' dir='ltr'><strong>facimus,</strong></span> <span class='ocrx_word' id='word_1_151' title='bbox 2564 867 2708 937; x_wconf 89' lang='lat' dir='ltr'><strong>quod</strong></span> <span class='ocrx_word' id='word_1_152' title='bbox 2739 868 3005 923; x_wconf 77' lang='lat' dir='ltr'><strong>concessit</strong></span> <span class='ocrx_word' id='word_1_153' title='bbox 3034 867 3242 935; x_wconf 89' lang='lat' dir='ltr'><strong>primus</strong></span> <span class='ocrx_word' id='word_1_154' title='bbox 3274 866 3414 920; x_wconf 76' lang='lat' dir='ltr'><strong>Pon-</strong></span> 
     </span>
    </p>
   </div>
   <div class='ocr_carea' id='block_1_24' title="bbox 1839 958 3414 1029">
    <p class='ocr_par' dir='ltr' id='par_1_24' title="bbox 1839 958 3414 1029">
     <span class='ocr_line' id='line_1_24' title="bbox 1839 958 3414 1029; baseline -0.004 -11"><span class='ocrx_word' id='word_1_155' title='bbox 1839 962 1970 1018; x_wconf 71' lang='lat' dir='ltr'><strong>tiex</strong></span> <span class='ocrx_word' id='word_1_156' title='bbox 1993 972 2177 1015; x_wconf 90' lang='lat' dir='ltr'><strong>noster</strong></span> <span class='ocrx_word' id='word_1_157' title='bbox 2204 971 2256 1015; x_wconf 88' lang='lat' dir='ltr'><strong>et</strong></span> <span class='ocrx_word' id='word_1_158' title='bbox 2283 961 2427 1015; x_wconf 85' lang='lat' dir='ltr'><strong>Deus</strong></span> <span class='ocrx_word' id='word_1_159' title='bbox 2450 973 2635 1029; x_wconf 87' lang='lat' dir='ltr'><strong>pacem</strong></span> <span class='ocrx_word' id='word_1_160' title='bbox 2669 960 2925 1014; x_wconf 67' lang='lat' dir='ltr'><strong>Ecelesiaa</strong></span> <span class='ocrx_word' id='word_1_161' title='bbox 2963 970 3181 1024; x_wconf 74' lang='lat' dir='ltr'><strong>nostrae,</strong></span> <span class='ocrx_word' id='word_1_162' title='bbox 3220 974 3344 1013; x_wconf 90' lang='lat' dir='ltr'><strong>cum</strong></span> <span class='ocrx_word' id='word_1_163' title='bbox 3377 958 3414 1012; x_wconf 96' lang='lat' dir='ltr'><strong>ii</strong></span> 
     </span>
    </p>
   </div>
   <div class='ocr_carea' id='block_1_25' title="bbox 1837 1050 3417 1122">
    <p class='ocr_par' dir='ltr' id='par_1_25' title="bbox 1837 1050 3417 1122">
     <span class='ocr_line' id='line_1_25' title="bbox 1837 1050 3417 1122; baseline -0.003 -16"><span class='ocrx_word' id='word_1_164' title='bbox 1837 1052 2219 1122; x_wconf 76' lang='lat' dir='ltr'><strong>quiqnondam</strong></span> <span class='ocrx_word' id='word_1_165' title='bbox 2243 1060 2738 1106; x_wconf 69' lang='lat' dir='ltr'><strong>crraverantsuum</strong></span> <span class='ocrx_word' id='word_1_166' title='bbox 2769 1050 3003 1105; x_wconf 84' lang='lat' dir='ltr'><strong>confessi</strong></span> <span class='ocrx_word' id='word_1_167' title='bbox 3033 1050 3234 1105; x_wconf 84' lang='lat' dir='ltr'><strong>fuerint</strong></span> <span class='ocrx_word' id='word_1_168' title='bbox 3262 1066 3417 1106; x_wconf 46' lang='lat' dir='ltr'><strong>erro.</strong></span> 
     </span>
    </p>
   </div>
   <div class='ocr_carea' id='block_1_26' title="bbox 1839 1142 3413 1212">
    <p class='ocr_par' dir='ltr' id='par_1_26' title="bbox 1839 1142 3413 1212">
     <span class='ocr_line' id='line_1_26' title="bbox 1839 1142 3413 1212; baseline 0 -15"><span class='ocrx_word' id='word_1_169' title='bbox 1839 1159 1951 1197; x_wconf 79' lang='lat' dir='ltr'><strong>rem</strong></span> <span class='ocrx_word' id='word_1_170' title='bbox 1972 1154 2023 1197; x_wconf 88' lang='lat' dir='ltr'><strong>et</strong></span> <span class='ocrx_word' id='word_1_171' title='bbox 2042 1143 2247 1196; x_wconf 78' lang='lat' dir='ltr'><strong>veniam</strong></span> <span class='ocrx_word' id='word_1_172' title='bbox 2273 1142 2687 1210; x_wconf 88' lang='lat' dir='ltr'><strong>obtinuerint,et</strong></span> <span class='ocrx_word' id='word_1_173' title='bbox 2708 1142 2866 1196; x_wconf 90' lang='lat' dir='ltr'><strong>nobis</strong></span> <span class='ocrx_word' id='word_1_174' title='bbox 2882 1152 3135 1212; x_wconf 83' lang='lat' dir='ltr'><strong>tanquam</strong></span> <span class='ocrx_word' id='word_1_175' title='bbox 3156 1144 3413 1198; x_wconf 76' lang='lat' dir='ltr'><strong>membris</strong></span> 
     </span>
    </p>
   </div>
   <div class='ocr_carea' id='block_1_27' title="bbox 1838 1232 3410 1303">
    <p class='ocr_par' dir='ltr' id='par_1_27' title="bbox 1838 1232 3410 1303">
     <span class='ocr_line' id='line_1_27' title="bbox 1838 1232 3410 1303; baseline -0.002 -14"><span class='ocrx_word' id='word_1_176' title='bbox 1838 1235 2194 1298; x_wconf 66' lang='lat' dir='ltr'><strong>adlimserinl,</strong></span> <span class='ocrx_word' id='word_1_177' title='bbox 2242 1234 2432 1302; x_wconf 79' lang='lat' dir='ltr'><strong>paucis</strong></span> <span class='ocrx_word' id='word_1_178' title='bbox 2472 1233 2736 1302; x_wconf 83' lang='lat' dir='ltr'><strong>exceptis,</strong></span> <span class='ocrx_word' id='word_1_179' title='bbox 2788 1232 2878 1301; x_wconf 86' lang='lat' dir='ltr'><strong>qui</strong></span> <span class='ocrx_word' id='word_1_180' title='bbox 2920 1234 3036 1303; x_wconf 92' lang='lat' dir='ltr'><strong>paci</strong></span> <span class='ocrx_word' id='word_1_181' title='bbox 3085 1234 3410 1288; x_wconf 84' lang='lat' dir='ltr'><strong>seditionem</strong></span> 
     </span>
    </p>
   </div>
   <div class='ocr_carea' id='block_1_28' title="bbox 1848 1324 3415 1396">
    <p class='ocr_par' dir='ltr' id='par_1_28' title="bbox 1848 1324 3415 1396">
     <span class='ocr_line' id='line_1_28' title="bbox 1848 1324 3415 1396; baseline 0.001 -17"><span class='ocrx_word' id='word_1_182' title='bbox 1848 1329 2219 1396; x_wconf 67' lang='lat' dir='ltr'><strong>pitererentes,</strong></span> <span class='ocrx_word' id='word_1_183' title='bbox 2256 1326 2432 1379; x_wconf 85' lang='lat' dir='ltr'><strong>adimo</strong></span> <span class='ocrx_word' id='word_1_184' title='bbox 2466 1325 2800 1380; x_wconf 85' lang='lat' dir='ltr'><strong>contendunt</strong></span> <span class='ocrx_word' id='word_1_185' title='bbox 2834 1334 2893 1379; x_wconf 92' lang='lat' dir='ltr'><strong>ut</strong></span> <span class='ocrx_word' id='word_1_186' title='bbox 2927 1334 3127 1380; x_wconf 69' lang='lat' dir='ltr'><strong>sanctae</strong></span> <span class='ocrx_word' id='word_1_187' title='bbox 3155 1324 3415 1381; x_wconf 64' lang='lat' dir='ltr'><strong>Ecclesiae</strong></span> 
     </span>
    </p>
   </div>
   <div class='ocr_carea' id='block_1_29' title="bbox 1843 1418 3413 1490">
    <p class='ocr_par' dir='ltr' id='par_1_29' title="bbox 1843 1418 3413 1490">
     <span class='ocr_line' id='line_1_29' title="bbox 1843 1418 3413 1490; baseline -0.001 -15"><span class='ocrx_word' id='word_1_188' title='bbox 1843 1421 2300 1490; x_wconf 80' lang='lat' dir='ltr'><strong>tranquillitatem</strong></span> <span class='ocrx_word' id='word_1_189' title='bbox 2353 1419 2701 1474; x_wconf 74' lang='lat' dir='ltr'><strong>conturbent.</strong></span> <span class='ocrx_word' id='word_1_190' title='bbox 2764 1418 3059 1487; x_wconf 79' lang='lat' dir='ltr'><strong>PrOpterea</strong></span> <span class='ocrx_word' id='word_1_191' title='bbox 3119 1420 3413 1474; x_wconf 83' lang='lat' dir='ltr'><strong>scribimus</strong></span> 
     </span>
    </p>
   </div>
   <div class='ocr_carea' id='block_1_30' title="bbox 1838 1510 3414 1588">
    <p class='ocr_par' dir='ltr' id='par_1_30' title="bbox 1838 1510 3414 1588">
     <span class='ocr_line' id='line_1_30' title="bbox 1838 1510 3414 1588; baseline -0.003 -20"><span class='ocrx_word' id='word_1_192' title='bbox 1838 1513 2188 1568; x_wconf 87' lang='lat' dir='ltr'><strong>utmittantur</strong></span> <span class='ocrx_word' id='word_1_193' title='bbox 2216 1513 2281 1565; x_wconf 89' lang='lat' dir='ltr'><strong>ad</strong></span> <span class='ocrx_word' id='word_1_194' title='bbox 2310 1526 2410 1567; x_wconf 93' lang='lat' dir='ltr'><strong>nos</strong></span> <span class='ocrx_word' id='word_1_195' title='bbox 2433 1521 2623 1565; x_wconf 68' lang='lat' dir='ltr'><strong>vestrae</strong></span> <span class='ocrx_word' id='word_1_196' title='bbox 2655 1512 3014 1566; x_wconf 70' lang='lat' dir='ltr'><strong>beatitudinis</strong></span> <span class='ocrx_word' id='word_1_197' title='bbox 3038 1511 3203 1588; x_wconf 79' lang='lat' dir='ltr'><strong>legati</strong></span> <span class='ocrx_word' id='word_1_198' title='bbox 3234 1510 3323 1579; x_wconf 90' lang='lat' dir='ltr'><strong>qui</strong></span> <span class='ocrx_word' id='word_1_199' title='bbox 3359 1517 3414 1564; x_wconf 87' lang='lat' dir='ltr'><strong>et</strong></span> 
     </span>
    </p>
   </div>
   <div class='ocr_carea' id='block_1_31' title="bbox 1837 1601 3413 1675">
    <p class='ocr_par' dir='ltr' id='par_1_31' title="bbox 1837 1601 3413 1675">
     <span class='ocr_line' id='line_1_31' title="bbox 1837 1601 3413 1675; baseline -0.002 -16"><span class='ocrx_word' id='word_1_200' title='bbox 1837 1605 1942 1675; x_wconf 85' lang='lat' dir='ltr'><strong>ipsi</strong></span> <span class='ocrx_word' id='word_1_201' title='bbox 1986 1613 2305 1674; x_wconf 88' lang='lat' dir='ltr'><strong>quartarum</strong></span> <span class='ocrx_word' id='word_1_202' title='bbox 2352 1602 2682 1673; x_wconf 89' lang='lat' dir='ltr'><strong>nuptiarum</strong></span> <span class='ocrx_word' id='word_1_203' title='bbox 2728 1602 3182 1657; x_wconf 88' lang='lat' dir='ltr'><strong>abominationem</strong></span> <span class='ocrx_word' id='word_1_204' title='bbox 3222 1601 3413 1656; x_wconf 79' lang='lat' dir='ltr'><strong>nobis-</strong></span> 
     </span>
    </p>
   </div>
   <div class='ocr_carea' id='block_1_32' title="bbox 1840 1693 3411 1754">
    <p class='ocr_par' dir='ltr' id='par_1_32' title="bbox 1840 1693 3411 1754">
     <span class='ocr_line' id='line_1_32' title="bbox 1840 1693 3411 1754; baseline -0.004 0"><span class='ocrx_word' id='word_1_205' title='bbox 1840 1713 1964 1754; x_wconf 91' lang='lat' dir='ltr'><strong>cum</strong></span> <span class='ocrx_word' id='word_1_206' title='bbox 2016 1697 2241 1751; x_wconf 90' lang='lat' dir='ltr'><strong>omnino</strong></span> <span class='ocrx_word' id='word_1_207' title='bbox 2293 1696 2656 1751; x_wconf 85' lang='lat' dir='ltr'><strong>condemnem</strong></span> <span class='ocrx_word' id='word_1_208' title='bbox 2708 1704 2761 1750; x_wconf 91' lang='lat' dir='ltr'><strong>et</strong></span> <span class='ocrx_word' id='word_1_209' title='bbox 2810 1694 3249 1750; x_wconf 84' lang='lat' dir='ltr'><strong>Christianorum</strong></span> <span class='ocrx_word' id='word_1_210' title='bbox 3286 1693 3411 1748; x_wconf 85' lang='lat' dir='ltr'><strong>lidei</strong></span> 
     </span>
    </p>
   </div>
   <div class='ocr_carea' id='block_1_33' title="bbox 1838 1786 3413 1859">
    <p class='ocr_par' dir='ltr' id='par_1_33' title="bbox 1838 1786 3413 1859">
     <span class='ocr_line' id='line_1_33' title="bbox 1838 1786 3413 1859; baseline -0.004 -15"><span class='ocrx_word' id='word_1_211' title='bbox 1838 1804 2123 1844; x_wconf 81' lang='lat' dir='ltr'><strong>communi</strong></span> <span class='ocrx_word' id='word_1_212' title='bbox 2156 1787 2414 1859; x_wconf 75' lang='lat' dir='ltr'><strong>sum-agio</strong></span> <span class='ocrx_word' id='word_1_213' title='bbox 2448 1788 2758 1842; x_wconf 80' lang='lat' dir='ltr'><strong>ﬁrmitatem</strong></span> <span class='ocrx_word' id='word_1_214' title='bbox 2795 1786 3040 1853; x_wconf 75' lang='lat' dir='ltr'><strong>aﬂerant,</strong></span> <span class='ocrx_word' id='word_1_215' title='bbox 3068 1788 3145 1842; x_wconf 87' lang='lat' dir='ltr'><strong>ita</strong></span> <span class='ocrx_word' id='word_1_216' title='bbox 3175 1798 3233 1841; x_wconf 90' lang='lat' dir='ltr'><strong>ut</strong></span> <span class='ocrx_word' id='word_1_217' title='bbox 3272 1801 3413 1840; x_wconf 88' lang='lat' dir='ltr'><strong>nun-</strong></span> 
     </span>
    </p>
   </div>
   <div class='ocr_carea' id='block_1_34' title="bbox 159 1877 1723 1951">
    <p class='ocr_par' dir='ltr' id='par_1_34' title="bbox 159 1878 1723 1949">
     <span class='ocr_line' id='line_1_34' title="bbox 159 1878 1723 1949; baseline 0.001 -20"><span class='ocrx_word' id='word_1_218' title='bbox 159 1880 399 1949; x_wconf 77' lang='grc' dir='ltr'>ριότητος</span> <span class='ocrx_word' id='word_1_219' title='bbox 440 1878 792 1941; x_wconf 81' lang='grc' dir='ltr'>ἀποστόλους,</span> <span class='ocrx_word' id='word_1_220' title='bbox 852 1878 901 1930; x_wconf 79' lang='grc' dir='ltr'>οἳ</span> <span class='ocrx_word' id='word_1_221' title='bbox 936 1883 1027 1931; x_wconf 71' lang='grc' dir='ltr'><strong>καὶ</strong></span> <span class='ocrx_word' id='word_1_222' title='bbox 1074 1879 1153 1932; x_wconf 76' lang='grc' dir='ltr'>ἐτι</span> <span class='ocrx_word' id='word_1_223' title='bbox 1206 1879 1267 1931; x_wconf 82' lang='grc' dir='ltr'><strong>τὸ</strong></span> <span class='ocrx_word' id='word_1_224' title='bbox 1318 1879 1417 1947; x_wconf 79' lang='grc' dir='ltr'>τῆς</span> <span class='ocrx_word' id='word_1_225' title='bbox 1472 1893 1723 1948; x_wconf 78' lang='grc' dir='ltr'>τετραγα·</span> 
     </span>
    </p>
   </div>
   <div class='ocr_carea' id='block_1_35' title="bbox 1826 1877 3411 1951">
    <p class='ocr_par' dir='ltr' id='par_1_35' title="bbox 1838 1877 3411 1951">
     <span class='ocr_line' id='line_1_35' title="bbox 1838 1877 3411 1951; baseline -0.003 -17"><span class='ocrx_word' id='word_1_226' title='bbox 1838 1896 2001 1951; x_wconf 89' lang='lat' dir='ltr'><strong>quam</strong></span> <span class='ocrx_word' id='word_1_227' title='bbox 2030 1880 2135 1934; x_wconf 72' lang='lat' dir='ltr'><strong>illae</strong></span> <span class='ocrx_word' id='word_1_228' title='bbox 2165 1879 2510 1934; x_wconf 79' lang='lat' dir='ltr'><strong>detestabiles</strong></span> <span class='ocrx_word' id='word_1_229' title='bbox 2537 1879 2738 1948; x_wconf 56' lang='lat' dir='ltr'><strong>nuptias</strong></span> <span class='ocrx_word' id='word_1_230' title='bbox 2783 1878 2923 1948; x_wconf 87' lang='lat' dir='ltr'><strong>apud</strong></span> <span class='ocrx_word' id='word_1_231' title='bbox 2951 1878 3295 1933; x_wconf 84' lang='lat' dir='ltr'><strong>Christianos</strong></span> <span class='ocrx_word' id='word_1_232' title='bbox 3331 1877 3411 1930; x_wconf 73' lang='lat' dir='ltr'><strong>vi-</strong></span> 
     </span>
    </p>
   </div>
   <div class='ocr_carea' id='block_1_36' title="bbox 160 1968 1731 2040">
    <p class='ocr_par' dir='ltr' id='par_1_36' title="bbox 160 1968 1731 2040">
     <span class='ocr_line' id='line_1_36' title="bbox 160 1968 1731 2040; baseline -0.001 -20"><span class='ocrx_word' id='word_1_233' title='bbox 160 1970 278 2037; x_wconf 83' lang='grc' dir='ltr'>μίας</span> <span class='ocrx_word' id='word_1_234' title='bbox 319 1968 491 2038; x_wconf 86' lang='grc' dir='ltr'>μῦσος</span> <span class='ocrx_word' id='word_1_235' title='bbox 532 1971 631 2022; x_wconf 79' lang='grc' dir='ltr'><strong>σὺν</strong></span> <span class='ocrx_word' id='word_1_236' title='bbox 675 1971 808 2040; x_wconf 69' lang='grc' dir='ltr'>ἡμῖν</span> <span class='ocrx_word' id='word_1_237' title='bbox 838 1969 1123 2032; x_wconf 79' lang='grc' dir='ltr'>παντελῶς</span> <span class='ocrx_word' id='word_1_238' title='bbox 1174 1968 1603 2039; x_wconf 80' lang='grc' dir='ltr'>ἀποκηρύξουσι,</span> <span class='ocrx_word' id='word_1_239' title='bbox 1636 1969 1731 2020; x_wconf 75' lang='grc' dir='ltr'>καὶ</span> 
     </span>
    </p>
   </div>
   <div class='ocr_carea' id='block_1_37' title="bbox 156 2060 1730 2131">
    <p class='ocr_par' dir='ltr' id='par_1_37' title="bbox 156 2060 1730 2131">
     <span class='ocr_line' id='line_1_37' title="bbox 156 2060 1730 2131; baseline -0.001 -19"><span class='ocrx_word' id='word_1_240' title='bbox 156 2065 214 2129; x_wconf 79' lang='grc' dir='ltr'>τῇ</span> <span class='ocrx_word' id='word_1_241' title='bbox 251 2061 357 2113; x_wconf 84' lang='grc' dir='ltr'>τῶν</span> <span class='ocrx_word' id='word_1_242' title='bbox 398 2062 743 2131; x_wconf 84' lang='grc' dir='ltr'>Χριστιανῶν</span> <span class='ocrx_word' id='word_1_243' title='bbox 779 2061 962 2114; x_wconf 82' lang='grc' dir='ltr'>πίστει</span> <span class='ocrx_word' id='word_1_244' title='bbox 1005 2060 1171 2130; x_wconf 85' lang='grc' dir='ltr'>κοινῷ</span> <span class='ocrx_word' id='word_1_245' title='bbox 1198 2060 1426 2130; x_wconf 84' lang='grc' dir='ltr'>δόγματι</span> <span class='ocrx_word' id='word_1_246' title='bbox 1449 2060 1508 2113; x_wconf 75' lang='grc' dir='ltr'><strong>τδ</strong></span> <span class='ocrx_word' id='word_1_247' title='bbox 1552 2061 1730 2128; x_wconf 70' lang='grc' dir='ltr'>ἀσφαο</span> 
     </span>
    </p>
   </div>
   <div class='ocr_carea' id='block_1_38' title="bbox 156 2148 1731 2220">
    <p class='ocr_par' dir='ltr' id='par_1_38' title="bbox 156 2148 1731 2220">
     <span class='ocr_line' id='line_1_38' title="bbox 156 2148 1731 2220; baseline 0.003 -23"><span class='ocrx_word' id='word_1_248' title='bbox 156 2148 240 2211; x_wconf 76' lang='grc' dir='ltr'>λὲς</span> <span class='ocrx_word' id='word_1_249' title='bbox 294 2150 767 2220; x_wconf 80' lang='grc' dir='ltr'>περιποιήσονται,</span> <span class='ocrx_word' id='word_1_250' title='bbox 822 2151 962 2203; x_wconf 77' lang='grc' dir='ltr'>ὥστε</span> <span class='ocrx_word' id='word_1_251' title='bbox 1024 2150 1290 2220; x_wconf 76' lang='grc' dir='ltr'>μηδαμῶς</span> <span class='ocrx_word' id='word_1_252' title='bbox 1363 2149 1444 2201; x_wconf 58' lang='lat' dir='ltr'><strong>Est</strong></span> <span class='ocrx_word' id='word_1_253' title='bbox 1493 2149 1731 2201; x_wconf 85' lang='grc' dir='ltr'>τοιοῦτον</span> 
     </span>
    </p>
   </div>
   <div class='ocr_carea' id='block_1_39' title="bbox 157 2238 1728 2311">
    <p class='ocr_par' dir='ltr' id='par_1_39' title="bbox 157 2238 1728 2311">
     <span class='ocr_line' id='line_1_39' title="bbox 157 2238 1728 2311; baseline 0.001 -21"><span class='ocrx_word' id='word_1_254' title='bbox 157 2238 552 2309; x_wconf 78' lang='grc' dir='ltr'>βδελυρώτατον</span> <span class='ocrx_word' id='word_1_255' title='bbox 600 2243 779 2311; x_wconf 85' lang='grc' dir='ltr'>γάμον</span> <span class='ocrx_word' id='word_1_256' title='bbox 813 2245 876 2294; x_wconf 84' lang='grc' dir='ltr'>ὲκ</span> <span class='ocrx_word' id='word_1_257' title='bbox 923 2242 1268 2310; x_wconf 81' lang='grc' dir='ltr'>Χριστιανοῖς</span> <span class='ocrx_word' id='word_1_258' title='bbox 1310 2239 1728 2293; x_wconf 79' lang='grc' dir='ltr'><strong>πολιτεύεσθαι⁸</strong></span> 
     </span>
    </p>
   </div>
   <div class='ocr_carea' id='block_1_40' title="bbox 1852 1968 3411 2041">
    <p class='ocr_par' dir='ltr' id='par_1_40' title="bbox 1852 1968 3411 2041">
     <span class='ocr_line' id='line_1_40' title="bbox 1852 1968 3411 2041; baseline -0.001 -18"><span class='ocrx_word' id='word_1_259' title='bbox 1852 1979 2044 2041; x_wconf 80' lang='lat' dir='ltr'><strong>geant;</strong></span> <span class='ocrx_word' id='word_1_260' title='bbox 2088 1980 2141 2024; x_wconf 88' lang='lat' dir='ltr'><strong>et</strong></span> <span class='ocrx_word' id='word_1_261' title='bbox 2187 1970 2233 2024; x_wconf 91' lang='lat' dir='ltr'><strong>si</strong></span> <span class='ocrx_word' id='word_1_262' title='bbox 2277 1970 2406 2039; x_wconf 76' lang='lat' dir='ltr'><strong>quid</strong></span> <span class='ocrx_word' id='word_1_263' title='bbox 2439 1971 2580 2024; x_wconf 89' lang='lat' dir='ltr'><strong>inter</strong></span> <span class='ocrx_word' id='word_1_264' title='bbox 2611 1970 2750 2024; x_wconf 81' lang='lat' dir='ltr'><strong>lianc</strong></span> <span class='ocrx_word' id='word_1_265' title='bbox 2776 1979 2829 2023; x_wconf 88' lang='lat' dir='ltr'><strong>et</strong></span> <span class='ocrx_word' id='word_1_266' title='bbox 2862 1979 3103 2025; x_wconf 89' lang='lat' dir='ltr'><strong>sanctam</strong></span> <span class='ocrx_word' id='word_1_267' title='bbox 3134 1968 3411 2023; x_wconf 80' lang='lat' dir='ltr'><strong>Romano-</strong></span> 
     </span>
    </p>
   </div>
   <div class='ocr_carea' id='block_1_41' title="bbox 1837 2060 3410 2131">
    <p class='ocr_par' dir='ltr' id='par_1_41' title="bbox 1837 2060 3410 2131">
     <span class='ocr_line' id='line_1_41' title="bbox 1837 2060 3410 2131; baseline -0.001 -14"><span class='ocrx_word' id='word_1_268' title='bbox 1837 2078 1958 2117; x_wconf 85' lang='lat' dir='ltr'><strong>rum</strong></span> <span class='ocrx_word' id='word_1_269' title='bbox 1996 2062 2321 2127; x_wconf 80' lang='lat' dir='ltr'><strong>Ecclesiam,</strong></span> <span class='ocrx_word' id='word_1_270' title='bbox 2379 2063 2571 2128; x_wconf 83' lang='lat' dir='ltr'><strong>harum</strong></span> <span class='ocrx_word' id='word_1_271' title='bbox 2609 2063 2938 2131; x_wconf 75' lang='lat' dir='ltr'><strong>nuptiarum</strong></span> <span class='ocrx_word' id='word_1_272' title='bbox 2966 2077 3150 2126; x_wconf 84' lang='lat' dir='ltr'><strong>causa,</strong></span> <span class='ocrx_word' id='word_1_273' title='bbox 3198 2060 3410 2115; x_wconf 86' lang='lat' dir='ltr'><strong>dissidii</strong></span> 
     </span>
    </p>
   </div>
   <div class='ocr_carea' id='block_1_42' title="bbox 1836 2150 3409 2222">
    <p class='ocr_par' dir='ltr' id='par_1_42' title="bbox 1836 2150 3409 2222">
     <span class='ocr_line' id='line_1_42' title="bbox 1836 2150 3409 2222; baseline -0.001 -16"><span class='ocrx_word' id='word_1_274' title='bbox 1836 2150 2058 2217; x_wconf 86' lang='lat' dir='ltr'><strong>accidit,</strong></span> <span class='ocrx_word' id='word_1_275' title='bbox 2109 2152 2241 2205; x_wconf 90' lang='lat' dir='ltr'><strong>illud</strong></span> <span class='ocrx_word' id='word_1_276' title='bbox 2274 2151 2584 2215; x_wconf 85' lang='lat' dir='ltr'><strong>dirimatur,</strong></span> <span class='ocrx_word' id='word_1_277' title='bbox 2628 2161 2682 2208; x_wconf 89' lang='lat' dir='ltr'><strong>et</strong></span> <span class='ocrx_word' id='word_1_278' title='bbox 2723 2154 2921 2222; x_wconf 84' lang='lat' dir='ltr'><strong>prioris</strong></span> <span class='ocrx_word' id='word_1_279' title='bbox 2955 2152 3233 2207; x_wconf 64' lang='lat' dir='ltr'><strong>sententia:</strong></span> <span class='ocrx_word' id='word_1_280' title='bbox 3275 2151 3409 2205; x_wconf 81' lang='lat' dir='ltr'><strong>eon-</strong></span> 
     </span>
    </p>
   </div>
   <div class='ocr_carea' id='block_1_43' title="bbox 1839 2240 2529 2297">
    <p class='ocr_par' dir='ltr' id='par_1_43' title="bbox 1839 2240 2529 2297">
     <span class='ocr_line' id='line_1_43' title="bbox 1839 2240 2529 2297; baseline 0 -2"><span class='ocrx_word' id='word_1_281' title='bbox 1839 2243 2026 2296; x_wconf 87' lang='lat' dir='ltr'><strong>cordia</strong></span> <span class='ocrx_word' id='word_1_282' title='bbox 2057 2241 2384 2297; x_wconf 82' lang='lat' dir='ltr'><strong>restauratio</strong></span> <span class='ocrx_word' id='word_1_283' title='bbox 2418 2240 2529 2296; x_wconf 80' lang='lat' dir='ltr'><strong>ﬁat.</strong></span> 
     </span>
    </p>
   </div>
   <div class='ocr_carea' id='block_1_44' title="bbox 155 2329 3409 2403">
    <p class='ocr_par' dir='ltr' id='par_1_44' title="bbox 155 2329 3409 2403">
     <span class='ocr_line' id='line_1_44' title="bbox 155 2329 3409 2403; baseline -0.001 -24"><span class='ocrx_word' id='word_1_284' title='bbox 155 2330 241 2381; x_wconf 75' lang='grc' dir='ltr'>καὶ</span> <span class='ocrx_word' id='word_1_285' title='bbox 269 2329 321 2381; x_wconf 85' lang='grc' dir='ltr'><strong>εἴ</strong></span> <span class='ocrx_word' id='word_1_286' title='bbox 345 2348 398 2383; x_wconf 85' lang='grc' dir='ltr'><strong>τι</strong></span> <span class='ocrx_word' id='word_1_287' title='bbox 433 2332 635 2400; x_wconf 77' lang='grc' dir='ltr'>μεταξὺ</span> <span class='ocrx_word' id='word_1_288' title='bbox 682 2331 884 2403; x_wconf 84' lang='grc' dir='ltr'>ταύτης</span> <span class='ocrx_word' id='word_1_289' title='bbox 912 2349 972 2384; x_wconf 85' lang='grc' dir='ltr'><strong>τε</strong></span> <span class='ocrx_word' id='word_1_290' title='bbox 1016 2333 1111 2400; x_wconf 77' lang='grc' dir='ltr'><strong>τῆς</strong></span> <span class='ocrx_word' id='word_1_291' title='bbox 1136 2330 1460 2401; x_wconf 81' lang='grc' dir='ltr'>Ἐκκλησίας</span> <span class='ocrx_word' id='word_1_292' title='bbox 1496 2332 1590 2383; x_wconf 68' lang='grc' dir='ltr'><strong>καὶ</strong></span> <span class='ocrx_word' id='word_1_293' title='bbox 1620 2331 1720 2399; x_wconf 80' lang='grc' dir='ltr'>τῆς</span> <span class='ocrx_word' id='word_1_294' title='bbox 1759 2331 1917 2399; x_wconf 80' lang='grc' dir='ltr'>ἁγίας</span> <span class='ocrx_word' id='word_1_295' title='bbox 1946 2332 2053 2385; x_wconf 84' lang='grc' dir='ltr'><strong>τῶν</strong></span> <span class='ocrx_word' id='word_1_296' title='bbox 2090 2331 2377 2400; x_wconf 83' lang='grc' dir='ltr'>Ῥωμαίων</span> <span class='ocrx_word' id='word_1_297' title='bbox 2434 2332 2593 2402; x_wconf 84' lang='grc' dir='ltr'>χάριν</span> <span class='ocrx_word' id='word_1_298' title='bbox 2621 2331 2715 2383; x_wconf 85' lang='grc' dir='ltr'><strong>τοῦ</strong></span> <span class='ocrx_word' id='word_1_299' title='bbox 2781 2330 3026 2383; x_wconf 74' lang='grc' dir='ltr'>τοιούτου</span> <span class='ocrx_word' id='word_1_300' title='bbox 3045 2331 3223 2400; x_wconf 83' lang='grc' dir='ltr'>γάμου</span> <span class='ocrx_word' id='word_1_301' title='bbox 3255 2330 3409 2381; x_wconf 82' lang='grc' dir='ltr'>ὲναν.</span> 
     </span>
    </p>
   </div>
   <div class='ocr_carea' id='block_1_45' title="bbox 153 2424 3405 2498">
    <p class='ocr_par' dir='ltr' id='par_1_45' title="bbox 153 2424 3405 2498">
     <span class='ocr_line' id='line_1_45' title="bbox 153 2424 3405 2498; baseline 0 -22"><span class='ocrx_word' id='word_1_302' title='bbox 153 2425 258 2477; x_wconf 84' lang='grc' dir='ltr'>τίον</span> <span class='ocrx_word' id='word_1_303' title='bbox 306 2426 645 2498; x_wconf 69' lang='grc' dir='ltr'>ωμόέὸηκε,</span> <span class='ocrx_word' id='word_1_304' title='bbox 698 2431 790 2481; x_wconf 78' lang='grc' dir='ltr'>καὶ</span> <span class='ocrx_word' id='word_1_305' title='bbox 836 2428 991 2481; x_wconf 84' lang='grc' dir='ltr'>τοῦτο</span> <span class='ocrx_word' id='word_1_306' title='bbox 1032 2428 1375 2497; x_wconf 77' lang='grc' dir='ltr'>διαλυθῆναι,</span> <span class='ocrx_word' id='word_1_307' title='bbox 1413 2428 1505 2479; x_wconf 82' lang='grc' dir='ltr'>καὶ</span> <span class='ocrx_word' id='word_1_308' title='bbox 1531 2427 1610 2489; x_wconf 86' lang='grc' dir='ltr'><strong>είς</strong></span> <span class='ocrx_word' id='word_1_309' title='bbox 1656 2428 1714 2480; x_wconf 75' lang='grc' dir='ltr'>τὸ</span> <span class='ocrx_word' id='word_1_310' title='bbox 1752 2428 1811 2494; x_wconf 77' lang='grc' dir='ltr'>ἐξ</span> <span class='ocrx_word' id='word_1_311' title='bbox 1836 2428 2010 2497; x_wconf 80' lang='grc' dir='ltr'>ἀρχῆς</span> <span class='ocrx_word' id='word_1_312' title='bbox 2042 2428 2295 2497; x_wconf 79' lang='grc' dir='ltr'>φρόνημα</span> <span class='ocrx_word' id='word_1_313' title='bbox 2356 2429 2452 2479; x_wconf 69' lang='grc' dir='ltr'><strong>καὶ</strong></span> <span class='ocrx_word' id='word_1_314' title='bbox 2488 2428 2588 2497; x_wconf 77' lang='grc' dir='ltr'>τὴν</span> <span class='ocrx_word' id='word_1_315' title='bbox 2622 2427 2751 2496; x_wconf 85' lang='grc' dir='ltr'>μίαν</span> <span class='ocrx_word' id='word_1_316' title='bbox 2816 2426 3119 2497; x_wconf 83' lang='grc' dir='ltr'>σύμπνοιαν</span> <span class='ocrx_word' id='word_1_317' title='bbox 3143 2427 3237 2480; x_wconf 64' lang='grc' dir='ltr'>καὶ</span> <span class='ocrx_word' id='word_1_318' title='bbox 3270 2424 3405 2495; x_wconf 85' lang='grc' dir='ltr'>όμό-</span> 
     </span>
    </p>
   </div>
   <div class='ocr_carea' id='block_1_46' title="bbox 126 2506 1297 2589">
    <p class='ocr_par' dir='ltr' id='par_1_46' title="bbox 126 2506 1297 2589">
     <span class='ocr_line' id='line_1_46' title="bbox 126 2506 1297 2589; baseline 0.006 -20"><span class='ocrx_word' id='word_1_319' title='bbox 126 2506 293 2569; x_wconf 63' lang='grc' dir='ltr'><strong>⁵νοιιειν</strong></span> <span class='ocrx_word' id='word_1_320' title='bbox 321 2518 423 2587; x_wconf 74' lang='grc' dir='ltr'>τὴν</span> <span class='ocrx_word' id='word_1_321' title='bbox 453 2519 895 2571; x_wconf 75' lang='grc' dir='ltr'>ἀποκατάστασιν</span> <span class='ocrx_word' id='word_1_322' title='bbox 927 2522 1297 2589; x_wconf 75' lang='grc' dir='ltr'>ἐγγεγονέναι.</span> 
     </span>
    </p>
   </div>
   <div class='ocr_carea' id='block_1_47' title="bbox 650 2633 1218 2698">
    <p class='ocr_par' dir='ltr' id='par_1_47' title="bbox 650 2633 1218 2698">
     <span class='ocr_line' id='line_1_47' title="bbox 650 2633 1218 2698; baseline 0.005 -13"><span class='ocrx_word' id='word_1_323' title='bbox 650 2633 773 2686; x_wconf 75' lang='grc' dir='ltr'><strong>ΝΖ’.</strong></span> <span class='ocrx_word' id='word_1_324' title='bbox 810 2633 891 2698; x_wconf 84' lang='grc' dir='ltr'>Τῴ</span> <span class='ocrx_word' id='word_1_325' title='bbox 914 2633 1218 2688; x_wconf 80' lang='grc' dir='ltr'>Συνάὃων.</span> 
     </span>
    </p>
   </div>
   <div class='ocr_carea' id='block_1_48' title="bbox 218 2745 1726 2820">
    <p class='ocr_par' dir='ltr' id='par_1_48' title="bbox 218 2745 1726 2820">
     <span class='ocr_line' id='line_1_48' title="bbox 218 2745 1726 2820; baseline 0.004 -24"><span class='ocrx_word' id='word_1_326' title='bbox 218 2745 327 2797; x_wconf 79' lang='grc' dir='ltr'>Καὶ</span> <span class='ocrx_word' id='word_1_327' title='bbox 362 2746 496 2799; x_wconf 79' lang='grc' dir='ltr'>αὐτὸ</span> <span class='ocrx_word' id='word_1_328' title='bbox 544 2746 603 2799; x_wconf 82' lang='grc' dir='ltr'>τὸ</span> <span class='ocrx_word' id='word_1_329' title='bbox 661 2748 904 2818; x_wconf 77' lang='grc' dir='ltr'>ἐντυχεῖν</span> <span class='ocrx_word' id='word_1_330' title='bbox 965 2751 1077 2813; x_wconf 81' lang='grc' dir='ltr'>τοῖς</span> <span class='ocrx_word' id='word_1_331' title='bbox 1115 2752 1406 2820; x_wconf 84' lang='grc' dir='ltr'>γράμμασι</span> <span class='ocrx_word' id='word_1_332' title='bbox 1448 2751 1544 2819; x_wconf 82' lang='grc' dir='ltr'>τῆς</span> <span class='ocrx_word' id='word_1_333' title='bbox 1575 2751 1726 2819; x_wconf 83' lang='grc' dir='ltr'>ὑμῶν</span> 
     </span>
    </p>
   </div>
   <div class='ocr_carea' id='block_1_49' title="bbox 155 2836 1727 2911">
    <p class='ocr_par' dir='ltr' id='par_1_49' title="bbox 155 2836 1727 2911">
     <span class='ocr_line' id='line_1_49' title="bbox 155 2836 1727 2911; baseline 0.004 -23"><span class='ocrx_word' id='word_1_334' title='bbox 155 2836 451 2907; x_wconf 67' lang='grc' dir='ltr'>ὁσιότητος,</span> <span class='ocrx_word' id='word_1_335' title='bbox 507 2840 727 2906; x_wconf 72' lang='grc' dir='ltr'>ἐγένετο</span> <span class='ocrx_word' id='word_1_336' title='bbox 783 2843 913 2910; x_wconf 75' lang='grc' dir='ltr'>ἡμῖν</span> <span class='ocrx_word' id='word_1_337' title='bbox 963 2842 1042 2904; x_wconf 78' lang='grc' dir='ltr'><strong>εις</strong></span> <span class='ocrx_word' id='word_1_338' title='bbox 1106 2842 1453 2911; x_wconf 83' lang='grc' dir='ltr'>παραμύθιον</span> <span class='ocrx_word' id='word_1_339' title='bbox 1486 2844 1593 2896; x_wconf 82' lang='grc' dir='ltr'>τῶν</span> <span class='ocrx_word' id='word_1_340' title='bbox 1626 2842 1727 2895; x_wconf 45' lang='grc' dir='ltr'>κλυ-</span> 
     </span>
    </p>
   </div>
   <div class='ocr_carea' id='block_1_50' title="bbox 157 2926 1726 3003">
    <p class='ocr_par' dir='ltr' id='par_1_50' title="bbox 157 2926 1726 3003">
     <span class='ocr_line' id='line_1_50' title="bbox 157 2926 1726 3003; baseline 0.006 -26"><span class='ocrx_word' id='word_1_341' title='bbox 157 2926 414 2995; x_wconf 83' lang='grc' dir='ltr'>πούντων,</span> <span class='ocrx_word' id='word_1_342' title='bbox 452 2931 543 2982; x_wconf 77' lang='grc' dir='ltr'><strong>καὶ</strong></span> <span class='ocrx_word' id='word_1_343' title='bbox 578 2931 771 3000; x_wconf 71' lang='grc' dir='ltr'>ἡδονῆς</span> <span class='ocrx_word' id='word_1_344' title='bbox 809 2932 1043 3002; x_wconf 78' lang='grc' dir='ltr'>ἔσχομεν</span> <span class='ocrx_word' id='word_1_345' title='bbox 1076 2938 1459 3003; x_wconf 81' lang='grc' dir='ltr'>πνευματικῆς</span> <span class='ocrx_word' id='word_1_346' title='bbox 1486 2934 1726 2987; x_wconf 83' lang='grc' dir='ltr'>ἀπόλαυ-</span> 
     </span>
    </p>
   </div>
   <div class='ocr_carea' id='block_1_51' title="bbox 157 3020 1722 3094">
    <p class='ocr_par' dir='ltr' id='par_1_51' title="bbox 157 3020 1722 3094">
     <span class='ocr_line' id='line_1_51' title="bbox 157 3020 1722 3094; baseline 0.007 -27"><span class='ocrx_word' id='word_1_347' title='bbox 157 3032 232 3068; x_wconf 91' lang='grc' dir='ltr'><strong>σιν</strong></span> <span class='ocrx_word' id='word_1_348' title='bbox 259 3035 272 3049; x_wconf 85' lang='grc'><strong>·</strong></span> <span class='ocrx_word' id='word_1_349' title='bbox 301 3020 396 3072; x_wconf 80' lang='grc' dir='ltr'>καὶ</span> <span class='ocrx_word' id='word_1_350' title='bbox 424 3020 455 3089; x_wconf 82' lang='grc' dir='ltr'>ή</span> <span class='ocrx_word' id='word_1_351' title='bbox 479 3020 567 3073; x_wconf 83' lang='grc' dir='ltr'><strong>διά</strong></span> <span class='ocrx_word' id='word_1_352' title='bbox 596 3021 691 3073; x_wconf 82' lang='grc' dir='ltr'><strong>τοῦ</strong></span> <span class='ocrx_word' id='word_1_353' title='bbox 717 3023 1114 3077; x_wconf 77' lang='grc' dir='ltr'>εὐλαϐεστάτου</span> <span class='ocrx_word' id='word_1_354' title='bbox 1144 3023 1259 3076; x_wconf 78' lang='grc' dir='ltr'>υἱοῦ</span> <span class='ocrx_word' id='word_1_355' title='bbox 1285 3025 1439 3094; x_wconf 79' lang='grc' dir='ltr'>ἡμῶν</span> <span class='ocrx_word' id='word_1_356' title='bbox 1477 3026 1722 3079; x_wconf 83' lang='grc' dir='ltr'>Ἰωάννου</span> 
     </span>
    </p>
   </div>
   <div class='ocr_carea' id='block_1_52' title="bbox 156 3106 1726 3185">
    <p class='ocr_par' dir='ltr' id='par_1_52' title="bbox 156 3106 1726 3185">
     <span class='ocr_line' id='line_1_52' title="bbox 156 3106 1726 3185; baseline 0.008 -28"><span class='ocrx_word' id='word_1_357' title='bbox 156 3106 459 3176; x_wconf 78' lang='grc' dir='ltr'>ἀπαγγελία</span> <span class='ocrx_word' id='word_1_358' title='bbox 506 3113 749 3182; x_wconf 75' lang='grc' dir='ltr'>περὶτοῦ</span> <span class='ocrx_word' id='word_1_359' title='bbox 781 3114 959 3185; x_wconf 79' lang='grc' dir='ltr'>χάριτι</span> <span class='ocrx_word' id='word_1_360' title='bbox 992 3114 1125 3167; x_wconf 82' lang='grc' dir='ltr'>Θεοῦ</span> <span class='ocrx_word' id='word_1_361' title='bbox 1170 3118 1225 3166; x_wconf 81' lang='grc' dir='ltr'>ὲν</span> <span class='ocrx_word' id='word_1_362' title='bbox 1272 3116 1429 3184; x_wconf 66' lang='grc' dir='ltr'>ὑγεία</span> <span class='ocrx_word' id='word_1_363' title='bbox 1462 3116 1726 3169; x_wconf 79' lang='grc' dir='ltr'>διατελεῖν</span> 
     </span>
    </p>
   </div>
   <div class='ocr_carea' id='block_1_53' title="bbox 2241 2630 2993 2702">
    <p class='ocr_par' dir='ltr' id='par_1_53' title="bbox 2241 2630 2993 2702">
     <span class='ocr_line' id='line_1_53' title="bbox 2241 2630 2993 2702; baseline 0.003 -19"><span class='ocrx_word' id='word_1_364' title='bbox 2241 2630 2395 2685; x_wconf 79' lang='lat' dir='ltr'><strong>LVII.</strong></span> <span class='ocrx_word' id='word_1_365' title='bbox 2444 2631 2696 2700; x_wconf 73' lang='lat' dir='ltr'><strong>Episcopo</strong></span> <span class='ocrx_word' id='word_1_366' title='bbox 2729 2632 2993 2702; x_wconf 63' lang='lat' dir='ltr'><strong>Synudaa.</strong></span> 
     </span>
    </p>
   </div>
   <div class='ocr_carea' id='block_1_54' title="bbox 1897 2730 3403 2814">
    <p class='ocr_par' dir='ltr' id='par_1_54' title="bbox 1897 2730 3403 2814">
     <span class='ocr_line' id='line_1_54' title="bbox 1897 2730 3403 2814; baseline 0.006 -18"><span class='ocrx_word' id='word_1_367' title='bbox 1897 2744 2044 2798; x_wconf 81' lang='lat' dir='ltr'><strong>Istud</strong></span> <span class='ocrx_word' id='word_1_368' title='bbox 2093 2744 2295 2813; x_wconf 88' lang='lat' dir='ltr'><strong>ipsum,</strong></span> <span class='ocrx_word' id='word_1_369' title='bbox 2356 2744 2648 2814; x_wconf 77' lang='lat' dir='ltr'><strong>perlegisse</strong></span> <span class='ocrx_word' id='word_1_370' title='bbox 2701 2747 3010 2801; x_wconf 83' lang='lat' dir='ltr'><strong>sanctitatis</strong></span> <span class='ocrx_word' id='word_1_371' title='bbox 3068 2759 3259 2804; x_wconf 75' lang='lat' dir='ltr'><strong>vestrae</strong></span> <span class='ocrx_word' id='word_1_372' title='bbox 3309 2730 3403 2805; x_wconf 84' lang='lat' dir='ltr'><strong>Iit-</strong></span> 
     </span>
    </p>
   </div>
   <div class='ocr_carea' id='block_1_55' title="bbox 1829 2834 3403 2908">
    <p class='ocr_par' dir='ltr' id='par_1_55' title="bbox 1829 2834 3403 2908">
     <span class='ocr_line' id='line_1_55' title="bbox 1829 2834 3403 2908; baseline 0.004 -19"><span class='ocrx_word' id='word_1_373' title='bbox 1829 2843 1995 2897; x_wconf 84' lang='lat' dir='ltr'><strong>teras,</strong></span> <span class='ocrx_word' id='word_1_374' title='bbox 2037 2836 2191 2889; x_wconf 85' lang='lat' dir='ltr'><strong>nobis</strong></span> <span class='ocrx_word' id='word_1_375' title='bbox 2225 2836 2418 2889; x_wconf 88' lang='lat' dir='ltr'><strong>solatio</strong></span> <span class='ocrx_word' id='word_1_376' title='bbox 2451 2834 2556 2889; x_wconf 82' lang='lat' dir='ltr'><strong>fuit</strong></span> <span class='ocrx_word' id='word_1_377' title='bbox 2608 2852 2797 2890; x_wconf 88' lang='lat' dir='ltr'><strong>eorum</strong></span> <span class='ocrx_word' id='word_1_378' title='bbox 2844 2839 3043 2906; x_wconf 86' lang='lat' dir='ltr'><strong>quibus</strong></span> <span class='ocrx_word' id='word_1_379' title='bbox 3092 2839 3403 2908; x_wconf 73' lang='lat' dir='ltr'><strong>alﬂigimus.</strong></span> 
     </span>
    </p>
   </div>
   <div class='ocr_carea' id='block_1_56' title="bbox 1829 2926 3401 3001">
    <p class='ocr_par' dir='ltr' id='par_1_56' title="bbox 1829 2926 3401 3001">
     <span class='ocr_line' id='line_1_56' title="bbox 1829 2926 3401 3001; baseline 0.004 -21"><span class='ocrx_word' id='word_1_380' title='bbox 1829 2936 1883 2980; x_wconf 89' lang='lat' dir='ltr'><strong>et</strong></span> <span class='ocrx_word' id='word_1_381' title='bbox 1930 2926 2233 2995; x_wconf 75' lang='lat' dir='ltr'><strong>spiritualis</strong></span> <span class='ocrx_word' id='word_1_382' title='bbox 2283 2928 2465 2996; x_wconf 79' lang='lat' dir='ltr'><strong>gaudii</strong></span> <span class='ocrx_word' id='word_1_383' title='bbox 2511 2940 2791 2996; x_wconf 81' lang='lat' dir='ltr'><strong>compOtes</strong></span> <span class='ocrx_word' id='word_1_384' title='bbox 2842 2927 3072 2985; x_wconf 75' lang='lat' dir='ltr'><strong>luimus.</strong></span> <span class='ocrx_word' id='word_1_385' title='bbox 3135 2931 3199 2985; x_wconf 82' lang='lat' dir='ltr'><strong>Et</strong></span> <span class='ocrx_word' id='word_1_386' title='bbox 3253 2934 3401 3001; x_wconf 81' lang='lat' dir='ltr'><strong>quod</strong></span> 
     </span>
    </p>
   </div>
   <div class='ocr_carea' id='block_1_57' title="bbox 1829 3017 3399 3087">
    <p class='ocr_par' dir='ltr' id='par_1_57' title="bbox 1829 3017 3399 3087">
     <span class='ocr_line' id='line_1_57' title="bbox 1829 3017 3399 3087; baseline 0.006 -18"><span class='ocrx_word' id='word_1_387' title='bbox 1829 3017 1985 3070; x_wconf 85' lang='lat' dir='ltr'><strong>nobis</strong></span> <span class='ocrx_word' id='word_1_388' title='bbox 2015 3032 2112 3084; x_wconf 91' lang='lat' dir='ltr'><strong>per</strong></span> <span class='ocrx_word' id='word_1_389' title='bbox 2145 3019 2618 3087; x_wconf 78' lang='lat' dir='ltr'><strong>religiosissimum</strong></span> <span class='ocrx_word' id='word_1_390' title='bbox 2650 3019 2819 3073; x_wconf 87' lang='lat' dir='ltr'><strong>lilium</strong></span> <span class='ocrx_word' id='word_1_391' title='bbox 2852 3030 3102 3075; x_wconf 90' lang='lat' dir='ltr'><strong>nostrum</strong></span> <span class='ocrx_word' id='word_1_392' title='bbox 3132 3020 3399 3079; x_wconf 67' lang='lat' dir='ltr'><strong>Joamiem</strong></span> 
     </span>
    </p>
   </div>
   <div class='ocr_carea' id='block_1_58' title="bbox 1829 3098 3398 3183">
    <p class='ocr_par' dir='ltr' id='par_1_58' title="bbox 1829 3098 3398 3183">
     <span class='ocr_line' id='line_1_58' title="bbox 1829 3098 3398 3183; baseline 0.003 -20"><span class='ocrx_word' id='word_1_393' title='bbox 1829 3109 2051 3163; x_wconf 87' lang='lat' dir='ltr'><strong>allatum</strong></span> <span class='ocrx_word' id='word_1_394' title='bbox 2080 3122 2162 3163; x_wconf 89' lang='lat' dir='ltr'><strong>est</strong></span> <span class='ocrx_word' id='word_1_395' title='bbox 2193 3111 2468 3176; x_wconf 88' lang='lat' dir='ltr'><strong>nuntium,</strong></span> <span class='ocrx_word' id='word_1_396' title='bbox 2496 3098 2591 3167; x_wconf 56' lang='lat' dir='ltr'><strong>vos</strong></span> <span class='ocrx_word' id='word_1_397' title='bbox 2618 3112 2824 3166; x_wconf 79' lang='lat' dir='ltr'><strong>scilicet</strong></span> <span class='ocrx_word' id='word_1_398' title='bbox 2863 3111 2951 3167; x_wconf 85' lang='lat' dir='ltr'><strong>Dei</strong></span> <span class='ocrx_word' id='word_1_399' title='bbox 2988 3115 3161 3183; x_wconf 74' lang='lat' dir='ltr'><strong>gratia</strong></span> <span class='ocrx_word' id='word_1_400' title='bbox 3195 3116 3398 3181; x_wconf 68' lang='lat' dir='ltr'><strong>valere,</strong></span> 
     </span>
    </p>
   </div>
   <div class='ocr_carea' id='block_1_59' title="bbox 159 3196 1723 3276">
    <p class='ocr_par' dir='ltr' id='par_1_59' title="bbox 159 3196 1723 3276">
     <span class='ocr_line' id='line_1_59' title="bbox 159 3196 1723 3276; baseline 0.01 -31"><span class='ocrx_word' id='word_1_401' title='bbox 159 3196 313 3265; x_wconf 78' lang='grc' dir='ltr'>ὑμᾶς,</span> <span class='ocrx_word' id='word_1_402' title='bbox 336 3202 418 3263; x_wconf 85' lang='grc' dir='ltr'><strong>είς</strong></span> <span class='ocrx_word' id='word_1_403' title='bbox 447 3200 665 3255; x_wconf 84' lang='grc' dir='ltr'>πλείονα</span> <span class='ocrx_word' id='word_1_404' title='bbox 703 3204 1035 3273; x_wconf 81' lang='grc' dir='ltr'>κατέστησεν</span> <span class='ocrx_word' id='word_1_405' title='bbox 1064 3205 1421 3275; x_wconf 71' lang='grc' dir='ltr'>εὐφροσύνην.</span> <span class='ocrx_word' id='word_1_406' title='bbox 1462 3207 1723 3276; x_wconf 75' lang='grc' dir='ltr'>’Δνεπέμ-</span> 
     </span>
    </p>
   </div>
   <div class='ocr_carea' id='block_1_60' title="bbox 1826 3196 3401 3276">
    <p class='ocr_par' dir='ltr' id='par_1_60' title="bbox 1829 3200 3401 3274">
     <span class='ocr_line' id='line_1_60' title="bbox 1829 3200 3401 3274; baseline 0.004 -21"><span class='ocrx_word' id='word_1_407' title='bbox 1829 3214 1929 3253; x_wconf 88' lang='lat' dir='ltr'><strong>nos</strong></span> <span class='ocrx_word' id='word_1_408' title='bbox 1970 3200 2023 3253; x_wconf 91' lang='lat' dir='ltr'><strong>in</strong></span> <span class='ocrx_word' id='word_1_409' title='bbox 2074 3200 2264 3268; x_wconf 83' lang='lat' dir='ltr'><strong>majori</strong></span> <span class='ocrx_word' id='word_1_410' title='bbox 2296 3202 2584 3254; x_wconf 88' lang='lat' dir='ltr'><strong>constituit</strong></span> <span class='ocrx_word' id='word_1_411' title='bbox 2632 3201 2839 3255; x_wconf 80' lang='lat' dir='ltr'><strong>laetitia.</strong></span> <span class='ocrx_word' id='word_1_412' title='bbox 2883 3200 3192 3259; x_wconf 76' lang='lat' dir='ltr'><strong>Extulimus</strong></span> <span class='ocrx_word' id='word_1_413' title='bbox 3235 3204 3401 3274; x_wconf 73' lang='lat' dir='ltr'><strong>igitur</strong></span> 
     </span>
    </p>
   </div>
   <div class='ocr_carea' id='block_1_61' title="bbox 157 3286 1717 3365">
    <p class='ocr_par' dir='ltr' id='par_1_61' title="bbox 157 3286 1717 3365">
     <span class='ocr_line' id='line_1_61' title="bbox 157 3286 1717 3365; baseline 0.008 -27"><span class='ocrx_word' id='word_1_414' title='bbox 157 3286 323 3356; x_wconf 68' lang='grc' dir='ltr'>φαμεν</span> <span class='ocrx_word' id='word_1_415' title='bbox 347 3290 442 3345; x_wconf 78' lang='grc' dir='ltr'><strong>οὖν</strong></span> <span class='ocrx_word' id='word_1_416' title='bbox 474 3291 575 3362; x_wconf 81' lang='grc' dir='ltr'>τὴν</span> <span class='ocrx_word' id='word_1_417' title='bbox 599 3291 804 3363; x_wconf 76' lang='grc' dir='ltr'>συνήθη</span> <span class='ocrx_word' id='word_1_418' title='bbox 832 3294 908 3364; x_wconf 81' lang='grc' dir='ltr'>τῷ</span> <span class='ocrx_word' id='word_1_419' title='bbox 943 3295 1058 3365; x_wconf 72' lang='grc' dir='ltr'><strong>Θεῷ</strong></span> <span class='ocrx_word' id='word_1_420' title='bbox 1110 3297 1480 3365; x_wconf 81' lang='grc' dir='ltr'>εὐχαριστίαν,</span> <span class='ocrx_word' id='word_1_421' title='bbox 1506 3299 1596 3349; x_wconf 78' lang='grc' dir='ltr'>καὶ</span> <span class='ocrx_word' id='word_1_422' title='bbox 1625 3300 1717 3351; x_wconf 82' lang='grc' dir='ltr'>εύ-</span> 
     </span>
    </p>
   </div>
   <div class='ocr_carea' id='block_1_62' title="bbox 158 3377 1719 3455">
    <p class='ocr_par' dir='ltr' id='par_1_62' title="bbox 158 3377 1719 3455">
     <span class='ocr_line' id='line_1_62' title="bbox 158 3377 1719 3455; baseline 0.006 -26"><span class='ocrx_word' id='word_1_423' title='bbox 158 3377 355 3446; x_wconf 84' lang='grc' dir='ltr'>χόμεθα</span> <span class='ocrx_word' id='word_1_424' title='bbox 381 3383 433 3433; x_wconf 80' lang='grc' dir='ltr'><strong>εἴ</strong></span> <span class='ocrx_word' id='word_1_425' title='bbox 501 3381 598 3436; x_wconf 71' lang='grc' dir='ltr'>καὶ</span> <span class='ocrx_word' id='word_1_426' title='bbox 649 3384 960 3452; x_wconf 73' lang='grc' dir='ltr'>ἁμαρτωλοὶ</span> <span class='ocrx_word' id='word_1_427' title='bbox 994 3383 1263 3452; x_wconf 82' lang='grc' dir='ltr'>ἀνώτερόν</span> <span class='ocrx_word' id='word_1_428' title='bbox 1290 3401 1348 3435; x_wconf 85' lang='grc' dir='ltr'><strong>σε</strong></span> <span class='ocrx_word' id='word_1_429' title='bbox 1371 3381 1510 3437; x_wconf 79' lang='grc' dir='ltr'>εἶναι</span> <span class='ocrx_word' id='word_1_430' title='bbox 1540 3385 1719 3455; x_wconf 74' lang='grc' dir='ltr'>πάσης</span> 
     </span>
    </p>
   </div>
   <div class='ocr_carea' id='block_1_63' title="bbox 157 3467 1765 3542">
    <p class='ocr_par' dir='ltr' id='par_1_63' title="bbox 157 3467 1765 3542">
     <span class='ocr_line' id='line_1_63' title="bbox 157 3467 1765 3542; baseline 0.003 -24"><span class='ocrx_word' id='word_1_431' title='bbox 157 3467 339 3536; x_wconf 78' lang='grc' dir='ltr'>πείρας</span> <span class='ocrx_word' id='word_1_432' title='bbox 378 3470 477 3538; x_wconf 84' lang='grc' dir='ltr'>ὅση</span> <span class='ocrx_word' id='word_1_433' title='bbox 513 3472 608 3524; x_wconf 80' lang='grc' dir='ltr'>καὶ</span> <span class='ocrx_word' id='word_1_434' title='bbox 669 3472 727 3523; x_wconf 77' lang='grc' dir='ltr'>σὲ</span> <span class='ocrx_word' id='word_1_435' title='bbox 758 3471 940 3535; x_wconf 82' lang='grc' dir='ltr'>λυπεῖ,</span> <span class='ocrx_word' id='word_1_436' title='bbox 987 3472 1082 3524; x_wconf 79' lang='grc' dir='ltr'>καὶ</span> <span class='ocrx_word' id='word_1_437' title='bbox 1133 3472 1257 3533; x_wconf 82' lang='grc' dir='ltr'>τοὺς</span> <span class='ocrx_word' id='word_1_438' title='bbox 1310 3472 1594 3538; x_wconf 78' lang='grc' dir='ltr'>φιλοῦντας</span> <span class='ocrx_word' id='word_1_439' title='bbox 1622 3473 1720 3542; x_wconf 79' lang='grc' dir='ltr'>τῆς</span> <span class='ocrx_word' id='word_1_440' title='bbox 1754 3467 1765 3474; x_wconf 82' lang='grc'><strong>’</strong></span> 
     </span>
    </p>
   </div>
   <div class='ocr_carea' id='block_1_64' title="bbox 159 3561 1719 3633">
    <p class='ocr_par' dir='ltr' id='par_1_64' title="bbox 159 3561 1719 3633">
     <span class='ocr_line' id='line_1_64' title="bbox 159 3561 1719 3633; baseline 0.001 -18"><span class='ocrx_word' id='word_1_441' title='bbox 159 3561 331 3630; x_wconf 75' lang='grc' dir='ltr'>φήμης</span> <span class='ocrx_word' id='word_1_442' title='bbox 370 3562 758 3632; x_wconf 76' lang='grc' dir='ltr'>διαϐαινούσης</span> <span class='ocrx_word' id='word_1_443' title='bbox 780 3565 858 3624; x_wconf 81' lang='grc' dir='ltr'><strong>είς</strong></span> <span class='ocrx_word' id='word_1_444' title='bbox 877 3562 1051 3631; x_wconf 83' lang='grc' dir='ltr'>λύπην</span> <span class='ocrx_word' id='word_1_445' title='bbox 1076 3562 1494 3633; x_wconf 80' lang='grc' dir='ltr'>καθίστησιν.’“Δ</span> <span class='ocrx_word' id='word_1_446' title='bbox 1515 3565 1570 3616; x_wconf 76' lang='grc' dir='ltr'>δὲ</span> <span class='ocrx_word' id='word_1_447' title='bbox 1594 3567 1719 3632; x_wconf 75' lang='grc' dir='ltr'>περὶ</span> 
     </span>
    </p>
   </div>
   <div class='ocr_carea' id='block_1_65' title="bbox 157 3651 1720 3727">
    <p class='ocr_par' dir='ltr' id='par_1_65' title="bbox 157 3651 1720 3727">
     <span class='ocr_line' id='line_1_65' title="bbox 157 3651 1720 3727; baseline 0.003 -25"><span class='ocrx_word' id='word_1_448' title='bbox 157 3651 239 3702; x_wconf 80' lang='grc' dir='ltr'><strong>τοῦ</strong></span> <span class='ocrx_word' id='word_1_449' title='bbox 289 3656 657 3725; x_wconf 78' lang='grc' dir='ltr'>μοναστηρίου</span> <span class='ocrx_word' id='word_1_450' title='bbox 709 3655 955 3725; x_wconf 70' lang='grc' dir='ltr'>ἔγραψας</span> <span class='ocrx_word' id='word_1_451' title='bbox 1002 3656 1362 3727; x_wconf 75' lang='grc' dir='ltr'>διοικηθῆναι,</span> <span class='ocrx_word' id='word_1_452' title='bbox 1410 3656 1579 3707; x_wconf 84' lang='grc' dir='ltr'>ταῦτα</span> <span class='ocrx_word' id='word_1_453' title='bbox 1626 3658 1720 3708; x_wconf 69' lang='grc' dir='ltr'><strong>καὶ</strong></span> 
     </span>
    </p>
   </div>
   <div class='ocr_carea' id='block_1_66' title="bbox 160 3740 1719 3815">
    <p class='ocr_par' dir='ltr' id='par_1_66' title="bbox 160 3740 1719 3815">
     <span class='ocr_line' id='line_1_66' title="bbox 160 3740 1719 3815; baseline 0.003 -22"><span class='ocrx_word' id='word_1_454' title='bbox 160 3740 279 3808; x_wconf 71' lang='grc' dir='ltr'>ἡμῖν</span> <span class='ocrx_word' id='word_1_455' title='bbox 314 3743 463 3809; x_wconf 73' lang='grc' dir='ltr'>ἔδοξε</span> <span class='ocrx_word' id='word_1_456' title='bbox 504 3744 686 3806; x_wconf 83' lang='grc' dir='ltr'>καλῶς</span> <span class='ocrx_word' id='word_1_457' title='bbox 730 3745 896 3813; x_wconf 76' lang='grc' dir='ltr'>ἔχειν,</span> <span class='ocrx_word' id='word_1_458' title='bbox 947 3746 995 3796; x_wconf 88' lang='grc' dir='ltr'><strong>εί</strong></span> <span class='ocrx_word' id='word_1_459' title='bbox 1037 3746 1111 3815; x_wconf 83' lang='grc' dir='ltr'>μή</span> <span class='ocrx_word' id='word_1_460' title='bbox 1152 3763 1296 3808; x_wconf 89' lang='grc' dir='ltr'>τινες</span> <span class='ocrx_word' id='word_1_461' title='bbox 1337 3746 1485 3799; x_wconf 80' lang='grc' dir='ltr'>ἄλλοι</span> <span class='ocrx_word' id='word_1_462' title='bbox 1512 3746 1719 3798; x_wconf 80' lang='grc' dir='ltr'>ἀνακύ-</span> 
     </span>
    </p>
   </div>
   <div class='ocr_carea' id='block_1_67' title="bbox 159 3824 1718 3905">
    <p class='ocr_par' dir='ltr' id='par_1_67' title="bbox 159 3824 1718 3905">
     <span class='ocr_line' id='line_1_67' title="bbox 159 3824 1718 3905; baseline 0.003 -22"><span class='ocrx_word' id='word_1_463' title='bbox 159 3824 305 3897; x_wconf 58' lang='grc' dir='ltr'>ψουσι</span> <span class='ocrx_word' id='word_1_464' title='bbox 327 3834 476 3901; x_wconf 83' lang='grc' dir='ltr'>λόγοι</span> <span class='ocrx_word' id='word_1_465' title='bbox 501 3835 636 3904; x_wconf 83' lang='grc' dir='ltr'>πρὸς</span> <span class='ocrx_word' id='word_1_466' title='bbox 666 3836 764 3897; x_wconf 86' lang='grc' dir='ltr'>τὰς</span> <span class='ocrx_word' id='word_1_467' title='bbox 787 3836 1054 3905; x_wconf 81' lang='grc' dir='ltr'>ὑμετέρας</span> <span class='ocrx_word' id='word_1_468' title='bbox 1086 3837 1251 3900; x_wconf 83' lang='grc' dir='ltr'>ἀκοάς</span> <span class='ocrx_word' id='word_1_469' title='bbox 1274 3837 1424 3889; x_wconf 75' lang='grc' dir='ltr'>οῦπω</span> <span class='ocrx_word' id='word_1_470' title='bbox 1456 3837 1718 3899; x_wconf 73' lang='grc' dir='ltr'>ἐλθόντες,</span> 
     </span>
    </p>
   </div>
   <div class='ocr_carea' id='block_1_68' title="bbox 162 3924 1721 3999">
    <p class='ocr_par' dir='ltr' id='par_1_68' title="bbox 162 3924 1721 3999">
     <span class='ocr_line' id='line_1_68' title="bbox 162 3924 1721 3999; baseline 0.006 -26"><span class='ocrx_word' id='word_1_471' title='bbox 162 3924 246 3974; x_wconf 65' lang='grc' dir='ltr'><strong>καί</strong></span> <span class='ocrx_word' id='word_1_472' title='bbox 272 3925 401 3987; x_wconf 90' lang='grc' dir='ltr'>ἴσως</span> <span class='ocrx_word' id='word_1_473' title='bbox 430 3927 556 3987; x_wconf 77' lang='grc' dir='ltr'>τοὺς</span> <span class='ocrx_word' id='word_1_474' title='bbox 608 3927 1049 3994; x_wconf 78' lang='grc' dir='ltr'>φιλονεικοῦντας</span> <span class='ocrx_word' id='word_1_475' title='bbox 1094 3929 1176 3980; x_wconf 77' lang='grc' dir='ltr'>ἑτι</span> <span class='ocrx_word' id='word_1_476' title='bbox 1214 3929 1539 3999; x_wconf 83' lang='grc' dir='ltr'>διεγείρουσι</span> <span class='ocrx_word' id='word_1_477' title='bbox 1584 3930 1721 3999; x_wconf 82' lang='grc' dir='ltr'>πρὸς</span> 
     </span>
    </p>
   </div>
   <div class='ocr_carea' id='block_1_69' title="bbox 158 4016 1721 4090">
    <p class='ocr_par' dir='ltr' id='par_1_69' title="bbox 158 4016 1721 4090">
     <span class='ocr_line' id='line_1_69' title="bbox 158 4016 1721 4090; baseline 0.006 -25"><span class='ocrx_word' id='word_1_478' title='bbox 158 4016 212 4066; x_wconf 77' lang='grc' dir='ltr'>τὸ</span> <span class='ocrx_word' id='word_1_479' title='bbox 246 4017 566 4083; x_wconf 80' lang='grc' dir='ltr'>φιλόνεικον.</span> <span class='ocrx_word' id='word_1_480' title='bbox 614 4019 971 4089; x_wconf 75' lang='grc' dir='ltr'>Ἐγράψαμεν</span> <span class='ocrx_word' id='word_1_481' title='bbox 1021 4020 1077 4072; x_wconf 80' lang='grc' dir='ltr'>δὲ</span> <span class='ocrx_word' id='word_1_482' title='bbox 1124 4021 1533 4090; x_wconf 72' lang='grc' dir='ltr'>καὶπρότερον,</span> <span class='ocrx_word' id='word_1_483' title='bbox 1582 4022 1721 4089; x_wconf 84' lang='grc' dir='ltr'>γρά-</span> 
     </span>
    </p>
   </div>
   <div class='ocr_carea' id='block_1_70' title="bbox 162 4105 1720 4182">
    <p class='ocr_par' dir='ltr' id='par_1_70' title="bbox 162 4105 1720 4182">
     <span class='ocr_line' id='line_1_70' title="bbox 162 4105 1720 4182; baseline 0.004 -24"><span class='ocrx_word' id='word_1_484' title='bbox 162 4122 322 4175; x_wconf 81' lang='grc' dir='ltr'>φομεν</span> <span class='ocrx_word' id='word_1_485' title='bbox 342 4110 395 4161; x_wconf 82' lang='grc' dir='ltr'>δὲ</span> <span class='ocrx_word' id='word_1_486' title='bbox 437 4110 531 4163; x_wconf 75' lang='grc' dir='ltr'>καὶ</span> <span class='ocrx_word' id='word_1_487' title='bbox 562 4109 679 4163; x_wconf 89' lang='grc' dir='ltr'>νῦν.</span> <span class='ocrx_word' id='word_1_488' title='bbox 742 4105 884 4162; x_wconf 69' lang='grc' dir='ltr'>*Ηκε</span> <span class='ocrx_word' id='word_1_489' title='bbox 914 4110 1046 4182; x_wconf 79' lang='grc' dir='ltr'>πρὸς</span> <span class='ocrx_word' id='word_1_490' title='bbox 1086 4112 1253 4181; x_wconf 79' lang='grc' dir='ltr'>ἡμᾶς,</span> <span class='ocrx_word' id='word_1_491' title='bbox 1276 4112 1368 4175; x_wconf 82' lang='grc' dir='ltr'><strong>οὓς</strong></span> <span class='ocrx_word' id='word_1_492' title='bbox 1404 4113 1518 4181; x_wconf 83' lang='grc' dir='ltr'>μετ’</span> <span class='ocrx_word' id='word_1_493' title='bbox 1543 4112 1720 4179; x_wconf 65' lang='grc' dir='ltr'>ὀλίγον</span> 
     </span>
    </p>
   </div>
   <div class='ocr_carea' id='block_1_71' title="bbox 162 4194 1718 4271">
    <p class='ocr_par' dir='ltr' id='par_1_71' title="bbox 162 4194 1718 4271">
     <span class='ocr_line' id='line_1_71' title="bbox 162 4194 1718 4271; baseline 0.005 -26"><span class='ocrx_word' id='word_1_494' title='bbox 162 4194 279 4258; x_wconf 81' lang='grc' dir='ltr'>ἴσως</span> <span class='ocrx_word' id='word_1_495' title='bbox 330 4197 424 4249; x_wconf 79' lang='grc' dir='ltr'>καὶ</span> <span class='ocrx_word' id='word_1_496' title='bbox 474 4197 797 4267; x_wconf 80' lang='grc' dir='ltr'>βουλόμενος</span> <span class='ocrx_word' id='word_1_497' title='bbox 850 4198 975 4251; x_wconf 76' lang='grc' dir='ltr'>ἰδεῖν</span> <span class='ocrx_word' id='word_1_498' title='bbox 1030 4200 1131 4251; x_wconf 81' lang='grc' dir='ltr'>οὑκ</span> <span class='ocrx_word' id='word_1_499' title='bbox 1167 4200 1310 4266; x_wconf 75' lang='grc' dir='ltr'>ὕψει,</span> <span class='ocrx_word' id='word_1_500' title='bbox 1350 4201 1446 4252; x_wconf 81' lang='grc' dir='ltr'><strong>τοῦ</strong></span> <span class='ocrx_word' id='word_1_501' title='bbox 1486 4203 1718 4271; x_wconf 78' lang='grc' dir='ltr'>πέρατος</span> 
     </span>
    </p>
   </div>
   <div class='ocr_carea' id='block_1_72' title="bbox 161 4285 1718 4361">
    <p class='ocr_par' dir='ltr' id='par_1_72' title="bbox 161 4285 1718 4361">
     <span class='ocr_line' id='line_1_72' title="bbox 161 4285 1718 4361; baseline 0.006 -25"><span class='ocrx_word' id='word_1_502' title='bbox 161 4285 249 4353; x_wconf 78' lang='grc' dir='ltr'>τῆς</span> <span class='ocrx_word' id='word_1_503' title='bbox 285 4287 446 4354; x_wconf 78' lang='grc' dir='ltr'>ζωῆς,</span> <span class='ocrx_word' id='word_1_504' title='bbox 507 4289 631 4341; x_wconf 84' lang='grc' dir='ltr'>ὅσον</span> <span class='ocrx_word' id='word_1_505' title='bbox 686 4290 808 4342; x_wconf 81' lang='grc' dir='ltr'>κατ’</span> <span class='ocrx_word' id='word_1_506' title='bbox 867 4290 1003 4359; x_wconf 78' lang='grc' dir='ltr'>ἐμὴν</span> <span class='ocrx_word' id='word_1_507' title='bbox 1061 4291 1335 4361; x_wconf 78' lang='grc' dir='ltr'>αἴσθησιν,</span> <span class='ocrx_word' id='word_1_508' title='bbox 1384 4291 1524 4345; x_wconf 80' lang='grc' dir='ltr'>κατὰ</span> <span class='ocrx_word' id='word_1_509' title='bbox 1554 4292 1718 4355; x_wconf 84' lang='grc' dir='ltr'>πόδας</span> 
     </span>
    </p>
   </div>
   <div class='ocr_carea' id='block_1_73' title="bbox 163 4379 433 4448">
    <p class='ocr_par' dir='ltr' id='par_1_73' title="bbox 163 4379 433 4448">
     <span class='ocr_line' id='line_1_73' title="bbox 163 4379 433 4448; baseline 0.026 -20"><span class='ocrx_word' id='word_1_510' title='bbox 163 4379 411 4448; x_wconf 73' lang='grc' dir='ltr'>παρόντος</span> <span class='ocrx_word' id='word_1_511' title='bbox 421 4420 433 4435; x_wconf 88' lang='grc'><strong>.</strong></span> 
     </span>
    </p>
   </div>
   <div class='ocr_carea' id='block_1_74' title="bbox 636 4494 1223 4560">
    <p class='ocr_par' dir='ltr' id='par_1_74' title="bbox 636 4494 1223 4560">
     <span class='ocr_line' id='line_1_74' title="bbox 636 4494 1223 4560; baseline 0.005 -12"><span class='ocrx_word' id='word_1_512' title='bbox 636 4494 767 4548; x_wconf 87' lang='lat' dir='ltr'><strong>NH&#39;.</strong></span> <span class='ocrx_word' id='word_1_513' title='bbox 812 4495 894 4560; x_wconf 83' lang='grc' dir='ltr'><strong>Τῷ</strong></span> <span class='ocrx_word' id='word_1_514' title='bbox 946 4498 1223 4559; x_wconf 76' lang='grc' dir='ltr'>Ἰκονίου,</span> 
     </span>
    </p>
   </div>
   <div class='ocr_carea' id='block_1_75' title="bbox 231 4606 1710 4679">
    <p class='ocr_par' dir='ltr' id='par_1_75' title="bbox 231 4606 1710 4679">
     <span class='ocr_line' id='line_1_75' title="bbox 231 4606 1710 4679; baseline 0.001 -18"><span class='ocrx_word' id='word_1_515' title='bbox 231 4606 293 4661; x_wconf 83' lang='grc' dir='ltr'><strong><em>Ἥ</em></strong></span> <span class='ocrx_word' id='word_1_516' title='bbox 337 4606 683 4678; x_wconf 73' lang='grc' dir='ltr'>συνεισφορὰ,</span> <span class='ocrx_word' id='word_1_517' title='bbox 726 4608 915 4662; x_wconf 81' lang='grc' dir='ltr'>τέκνον</span> <span class='ocrx_word' id='word_1_518' title='bbox 972 4608 1129 4679; x_wconf 78' lang='grc' dir='ltr'>ἡμῶν</span> <span class='ocrx_word' id='word_1_519' title='bbox 1188 4610 1426 4679; x_wconf 67' lang='grc' dir='ltr'>ἱερὸν,ή</span> <span class='ocrx_word' id='word_1_520' title='bbox 1480 4611 1543 4661; x_wconf 77' lang='grc' dir='ltr'><strong>ἐκ</strong></span> <span class='ocrx_word' id='word_1_521' title='bbox 1602 4609 1710 4663; x_wconf 83' lang='grc' dir='ltr'>τῶν</span> 
     </span>
    </p>
   </div>
   <div class='ocr_carea' id='block_1_76' title="bbox 174 4698 1710 4770">
    <p class='ocr_par' dir='ltr' id='par_1_76' title="bbox 174 4698 1710 4770">
     <span class='ocr_line' id='line_1_76' title="bbox 174 4698 1710 4770; baseline 0.002 -19"><span class='ocrx_word' id='word_1_522' title='bbox 174 4698 490 4770; x_wconf 84' lang='grc' dir='ltr'>Ἐκκλησιῶν</span> <span class='ocrx_word' id='word_1_523' title='bbox 553 4698 646 4751; x_wconf 88' lang='grc' dir='ltr'><strong>τοῦ</strong></span> <span class='ocrx_word' id='word_1_524' title='bbox 706 4698 840 4751; x_wconf 89' lang='grc' dir='ltr'>Θεοῦ</span> <span class='ocrx_word' id='word_1_525' title='bbox 892 4701 1179 4770; x_wconf 81' lang='grc' dir='ltr'>γινομένη,</span> <span class='ocrx_word' id='word_1_526' title='bbox 1247 4703 1428 4769; x_wconf 83' lang='grc' dir='ltr'>ἀλγεῖν</span> <span class='ocrx_word' id='word_1_527' title='bbox 1491 4719 1547 4753; x_wconf 85' lang='grc' dir='ltr'><strong>σε</strong></span> <span class='ocrx_word' id='word_1_528' title='bbox 1605 4719 1710 4754; x_wconf 87' lang='grc' dir='ltr'>πα-</span> 
     </span>
    </p>
   </div>
   <div class='ocr_carea' id='block_1_77' title="bbox 166 4789 1709 4858">
    <p class='ocr_par' dir='ltr' id='par_1_77' title="bbox 166 4789 1709 4858">
     <span class='ocr_line' id='line_1_77' title="bbox 166 4789 1709 4858; baseline 0.003 -18"><span class='ocrx_word' id='word_1_529' title='bbox 166 4790 493 4853; x_wconf 76' lang='grc' dir='ltr'>ρασκευάζει,</span> <span class='ocrx_word' id='word_1_530' title='bbox 538 4790 632 4842; x_wconf 71' lang='grc' dir='ltr'><strong>καὶ</strong></span> <span class='ocrx_word' id='word_1_531' title='bbox 668 4789 850 4852; x_wconf 83' lang='grc' dir='ltr'>καλῶς</span> <span class='ocrx_word' id='word_1_532' title='bbox 877 4791 1096 4858; x_wconf 79' lang='grc' dir='ltr'>ἀλγεῖς·</span> <span class='ocrx_word' id='word_1_533' title='bbox 1148 4791 1255 4844; x_wconf 81' lang='grc' dir='ltr'>ἴσθι</span> <span class='ocrx_word' id='word_1_534' title='bbox 1301 4793 1356 4844; x_wconf 84' lang='grc' dir='ltr'>δὲ</span> <span class='ocrx_word' id='word_1_535' title='bbox 1400 4793 1481 4845; x_wconf 79' lang='grc' dir='ltr'>ὅτι</span> <span class='ocrx_word' id='word_1_536' title='bbox 1527 4795 1617 4845; x_wconf 74' lang='grc' dir='ltr'><strong>καὶ</strong></span> <span class='ocrx_word' id='word_1_537' title='bbox 1648 4794 1709 4846; x_wconf 85' lang='grc' dir='ltr'><strong>τὸ</strong></span> 
     </span>
    </p>
   </div>
   <div class='ocr_carea' id='block_1_78' title="bbox 166 4880 1709 4953">
    <p class='ocr_par' dir='ltr' id='par_1_78' title="bbox 166 4880 1709 4953">
     <span class='ocr_line' id='line_1_78' title="bbox 166 4880 1709 4953; baseline 0.003 -22"><span class='ocrx_word' id='word_1_538' title='bbox 166 4880 413 4949; x_wconf 74' lang='grc' dir='ltr'>ἡμέτερον</span> <span class='ocrx_word' id='word_1_539' title='bbox 467 4880 631 4948; x_wconf 80' lang='grc' dir='ltr'>ἄλγος</span> <span class='ocrx_word' id='word_1_540' title='bbox 694 4880 785 4932; x_wconf 75' lang='grc' dir='ltr'>ἐπὶ</span> <span class='ocrx_word' id='word_1_541' title='bbox 827 4883 893 4949; x_wconf 82' lang='grc' dir='ltr'>τῇ</span> <span class='ocrx_word' id='word_1_542' title='bbox 945 4883 1167 4950; x_wconf 82' lang='grc' dir='ltr'>τοιαύτῃ</span> <span class='ocrx_word' id='word_1_543' title='bbox 1216 4881 1561 4953; x_wconf 61' lang='grc' dir='ltr'>αἰχμαλωσίᾳ</span> <span class='ocrx_word' id='word_1_544' title='bbox 1603 4883 1709 4935; x_wconf 82' lang='grc' dir='ltr'><strong>τῶν</strong></span> 
     </span>
    </p>
   </div>
   <div class='ocr_carea' id='block_1_79' title="bbox 176 4967 1708 5041">
    <p class='ocr_par' dir='ltr' id='par_1_79' title="bbox 176 4967 1708 5041">
     <span class='ocr_line' id='line_1_79' title="bbox 176 4967 1708 5041; baseline 0.004 -24"><span class='ocrx_word' id='word_1_545' title='bbox 176 4967 490 5037; x_wconf 82' lang='grc' dir='ltr'>Ἐκκλησιῶν</span> <span class='ocrx_word' id='word_1_546' title='bbox 521 4969 613 5021; x_wconf 88' lang='grc' dir='ltr'><strong>τοῦ</strong></span> <span class='ocrx_word' id='word_1_547' title='bbox 654 4968 790 5021; x_wconf 89' lang='grc' dir='ltr'>Θεοῦ</span> <span class='ocrx_word' id='word_1_548' title='bbox 823 4970 954 5023; x_wconf 86' lang='grc' dir='ltr'>πολὺ</span> <span class='ocrx_word' id='word_1_549' title='bbox 987 4972 1315 5041; x_wconf 85' lang='grc' dir='ltr'>πικρότερον</span> <span class='ocrx_word' id='word_1_550' title='bbox 1344 4972 1435 5023; x_wconf 73' lang='grc' dir='ltr'><strong>καὶ</strong></span> <span class='ocrx_word' id='word_1_551' title='bbox 1477 4974 1708 5041; x_wconf 82' lang='grc' dir='ltr'>άνιαρώ-</span> 
     </span>
    </p>
   </div>
   <div class='ocr_carea' id='block_1_80' title="bbox 167 5059 1703 5135">
    <p class='ocr_par' dir='ltr' id='par_1_80' title="bbox 167 5059 1703 5135">
     <span class='ocr_line' id='line_1_80' title="bbox 167 5059 1703 5135; baseline 0.005 -26"><span class='ocrx_word' id='word_1_552' title='bbox 167 5074 325 5127; x_wconf 83' lang='grc' dir='ltr'>τερον.</span> <span class='ocrx_word' id='word_1_553' title='bbox 362 5060 521 5113; x_wconf 79' lang='grc' dir='ltr'>Ἀλλὰ</span> <span class='ocrx_word' id='word_1_554' title='bbox 560 5059 612 5113; x_wconf 88' lang='grc' dir='ltr'><strong>τί</strong></span> <span class='ocrx_word' id='word_1_555' title='bbox 646 5062 963 5131; x_wconf 80' lang='grc' dir='ltr'>ποιήσωμεν</span> <span class='ocrx_word' id='word_1_556' title='bbox 988 5079 1005 5129; x_wconf 83' lang='grc'>;</span> <span class='ocrx_word' id='word_1_557' title='bbox 1034 5063 1292 5133; x_wconf 83' lang='grc' dir='ltr'>τοιαύτης</span> <span class='ocrx_word' id='word_1_558' title='bbox 1337 5066 1583 5135; x_wconf 79' lang='grc' dir='ltr'>ἀνάγκης</span> <span class='ocrx_word' id='word_1_559' title='bbox 1617 5065 1703 5118; x_wconf 84' lang='grc' dir='ltr'><strong>διά</strong></span> 
     </span>
    </p>
   </div>
   <div class='ocr_carea' id='block_1_81' title="bbox 169 5139 1709 5226">
    <p class='ocr_par' dir='ltr' id='par_1_81' title="bbox 169 5139 1709 5226">
     <span class='ocr_line' id='line_1_81' title="bbox 169 5139 1709 5226; baseline 0.006 -29"><span class='ocrx_word' id='word_1_560' title='bbox 169 5151 252 5218; x_wconf 76' lang='grc' dir='ltr'><strong>τῆς</strong></span> <span class='ocrx_word' id='word_1_561' title='bbox 294 5150 441 5219; x_wconf 73' lang='grc' dir='ltr'>ἡμῶν</span> <span class='ocrx_word' id='word_1_562' title='bbox 480 5151 758 5220; x_wconf 81' lang='grc' dir='ltr'>ἁμαρτίας</span> <span class='ocrx_word' id='word_1_563' title='bbox 808 5153 1244 5222; x_wconf 78' lang='grc' dir='ltr'>καταλαὸούσης,</span> <span class='ocrx_word' id='word_1_564' title='bbox 1280 5154 1417 5206; x_wconf 81' lang='grc' dir='ltr'>ὥστε</span> <span class='ocrx_word' id='word_1_565' title='bbox 1472 5157 1575 5207; x_wconf 68' lang='grc' dir='ltr'>κᾶν</span> <span class='ocrx_word' id='word_1_566' title='bbox 1635 5139 1709 5226; x_wconf 69' lang='grc' dir='ltr'><strong>ξιὴ</strong></span> 
     </span>
    </p>
   </div>
   <div class='ocr_carea' id='block_1_82' title="bbox 170 5240 1710 5313">
    <p class='ocr_par' dir='ltr' id='par_1_82' title="bbox 170 5240 1710 5313">
     <span class='ocr_line' id='line_1_82' title="bbox 170 5240 1710 5313; baseline 0.004 -22"><span class='ocrx_word' id='word_1_567' title='bbox 170 5240 407 5312; x_wconf 79' lang='grc' dir='ltr'>θέλωμεν,</span> <span class='ocrx_word' id='word_1_568' title='bbox 457 5244 557 5311; x_wconf 77' lang='grc' dir='ltr'>τὴν</span> <span class='ocrx_word' id='word_1_569' title='bbox 604 5241 799 5312; x_wconf 82' lang='grc' dir='ltr'>ὀδύνην</span> <span class='ocrx_word' id='word_1_570' title='bbox 848 5243 1051 5312; x_wconf 83' lang='grc' dir='ltr'>ταύτην</span> <span class='ocrx_word' id='word_1_571' title='bbox 1104 5244 1420 5313; x_wconf 84' lang='grc' dir='ltr'>ύποίσομεν.</span> <span class='ocrx_word' id='word_1_572' title='bbox 1476 5248 1539 5296; x_wconf 84' lang='lat' dir='ltr'><strong>&quot;A</strong></span> <span class='ocrx_word' id='word_1_573' title='bbox 1580 5246 1635 5297; x_wconf 86' lang='grc' dir='ltr'>δὲ</span> <span class='ocrx_word' id='word_1_574' title='bbox 1682 5249 1710 5297; x_wconf 85' lang='grc' dir='ltr'><strong>ό</strong></span> 
     </span>
    </p>
   </div>
   <div class='ocr_carea' id='block_1_83' title="bbox 170 5333 1703 5404">
    <p class='ocr_par' dir='ltr' id='par_1_83' title="bbox 170 5333 1703 5404">
     <span class='ocr_line' id='line_1_83' title="bbox 170 5333 1703 5404; baseline 0.003 -21"><span class='ocrx_word' id='word_1_575' title='bbox 170 5333 532 5403; x_wconf 79' lang='grc' dir='ltr'>Καταφλὼρων</span> <span class='ocrx_word' id='word_1_576' title='bbox 579 5336 662 5397; x_wconf 82' lang='grc' dir='ltr'><strong>εἴς</strong></span> <span class='ocrx_word' id='word_1_577' title='bbox 719 5336 820 5404; x_wconf 83' lang='grc' dir='ltr'><strong>τὴν</strong></span> <span class='ocrx_word' id='word_1_578' title='bbox 874 5336 1026 5403; x_wconf 84' lang='grc' dir='ltr'>ὑμῶν</span> <span class='ocrx_word' id='word_1_579' title='bbox 1080 5336 1335 5404; x_wconf 79' lang='grc' dir='ltr'>ὁσιότητα</span> <span class='ocrx_word' id='word_1_580' title='bbox 1386 5334 1703 5399; x_wconf 76' lang='grc' dir='ltr'>ἐνεδείξατο,</span> 
     </span>
    </p>
   </div>
   <div class='ocr_carea' id='block_1_84' title="bbox 170 5425 1708 5497">
    <p class='ocr_par' dir='ltr' id='par_1_84' title="bbox 170 5425 1708 5497">
     <span class='ocr_line' id='line_1_84' title="bbox 170 5425 1708 5497; baseline 0.003 -24"><span class='ocrx_word' id='word_1_581' title='bbox 170 5425 319 5476; x_wconf 79' lang='grc' dir='ltr'>ταῦτα</span> <span class='ocrx_word' id='word_1_582' title='bbox 352 5427 399 5478; x_wconf 85' lang='grc' dir='ltr'><strong>εί</strong></span> <span class='ocrx_word' id='word_1_583' title='bbox 428 5426 522 5479; x_wconf 79' lang='grc' dir='ltr'><strong>καὶ</strong></span> <span class='ocrx_word' id='word_1_584' title='bbox 557 5425 799 5495; x_wconf 78' lang='grc' dir='ltr'>λυπηρὰ,</span> <span class='ocrx_word' id='word_1_585' title='bbox 846 5426 905 5477; x_wconf 79' lang='grc' dir='ltr'>οὲ</span> <span class='ocrx_word' id='word_1_586' title='bbox 938 5427 1039 5494; x_wconf 85' lang='grc' dir='ltr'>μὲν</span> <span class='ocrx_word' id='word_1_587' title='bbox 1070 5426 1341 5497; x_wconf 71' lang='grc' dir='ltr'>ὠφελήσει</span> <span class='ocrx_word' id='word_1_588' title='bbox 1392 5427 1580 5495; x_wconf 80' lang='grc' dir='ltr'>πράως</span> <span class='ocrx_word' id='word_1_589' title='bbox 1613 5428 1708 5480; x_wconf 70' lang='grc' dir='ltr'>καὶ</span> 
     </span>
    </p>
   </div>
   <div class='ocr_carea' id='block_1_85' title="bbox 176 5516 1711 5589">
    <p class='ocr_par' dir='ltr' id='par_1_85' title="bbox 176 5516 1711 5589">
     <span class='ocr_line' id='line_1_85' title="bbox 176 5516 1711 5589; baseline 0.002 -23"><span class='ocrx_word' id='word_1_590' title='bbox 176 5516 515 5589; x_wconf 75' lang='grc' dir='ltr'>μακροθύμως</span> <span class='ocrx_word' id='word_1_591' title='bbox 546 5518 645 5587; x_wconf 77' lang='grc' dir='ltr'><strong>τὴν</strong></span> <span class='ocrx_word' id='word_1_592' title='bbox 674 5519 938 5587; x_wconf 71' lang='grc' dir='ltr'>ἐπήρειαν</span> <span class='ocrx_word' id='word_1_593' title='bbox 965 5516 1217 5584; x_wconf 81' lang='grc' dir='ltr'>φέροντα,</span> <span class='ocrx_word' id='word_1_594' title='bbox 1257 5519 1464 5569; x_wconf 80' lang='grc' dir='ltr'>ἐκεῖνον</span> <span class='ocrx_word' id='word_1_595' title='bbox 1493 5516 1549 5569; x_wconf 80' lang='grc' dir='ltr'><strong>δὲ</strong></span> <span class='ocrx_word' id='word_1_596' title='bbox 1576 5518 1711 5569; x_wconf 75' lang='grc' dir='ltr'>πάνο</span> 
     </span>
    </p>
   </div>
   <div class='ocr_carea' id='block_1_86' title="bbox 174 5605 1705 5677">
    <p class='ocr_par' dir='ltr' id='par_1_86' title="bbox 174 5605 1705 5677">
     <span class='ocr_line' id='line_1_86' title="bbox 174 5605 1705 5677; baseline 0.002 -21"><span class='ocrx_word' id='word_1_597' title='bbox 174 5616 262 5665; x_wconf 70' lang='grc' dir='ltr'><strong>τως</strong></span> <span class='ocrx_word' id='word_1_598' title='bbox 289 5605 345 5657; x_wconf 82' lang='grc' dir='ltr'><strong>τὸ</strong></span> <span class='ocrx_word' id='word_1_599' title='bbox 380 5606 519 5660; x_wconf 85' lang='grc' dir='ltr'>θεῖον</span> <span class='ocrx_word' id='word_1_600' title='bbox 557 5608 652 5661; x_wconf 75' lang='grc' dir='ltr'>καὶ</span> <span class='ocrx_word' id='word_1_601' title='bbox 681 5607 1188 5677; x_wconf 75' lang='grc' dir='ltr'>άπροσωπόληπτον</span> <span class='ocrx_word' id='word_1_602' title='bbox 1223 5608 1398 5676; x_wconf 69' lang='grc' dir='ltr'>ἴομμα,</span> <span class='ocrx_word' id='word_1_603' title='bbox 1421 5610 1468 5659; x_wconf 77' lang='grc' dir='ltr'>εἰ</span> <span class='ocrx_word' id='word_1_604' title='bbox 1504 5610 1600 5659; x_wconf 77' lang='grc' dir='ltr'><strong>καὶ</strong></span> <span class='ocrx_word' id='word_1_605' title='bbox 1632 5608 1705 5677; x_wconf 83' lang='grc' dir='ltr'>μὴ</span> 
     </span>
    </p>
   </div>
   <div class='ocr_carea' id='block_1_87' title="bbox 179 5689 1703 5770">
    <p class='ocr_par' dir='ltr' id='par_1_87' title="bbox 179 5689 1703 5770">
     <span class='ocr_line' id='line_1_87' title="bbox 179 5689 1703 5770; baseline 0.009 -30"><span class='ocrx_word' id='word_1_606' title='bbox 179 5689 275 5757; x_wconf 84' lang='grc' dir='ltr'>νῦν,</span> <span class='ocrx_word' id='word_1_607' title='bbox 303 5696 410 5748; x_wconf 71' lang='grc' dir='ltr'>ἀλλ’</span> <span class='ocrx_word' id='word_1_608' title='bbox 446 5698 730 5752; x_wconf 75' lang='grc' dir='ltr'>ἐστιν⁴ὅτε</span> <span class='ocrx_word' id='word_1_609' title='bbox 783 5698 1055 5767; x_wconf 85' lang='grc' dir='ltr'>βλοσυρῶς</span> <span class='ocrx_word' id='word_1_610' title='bbox 1106 5700 1495 5767; x_wconf 76' lang='grc' dir='ltr'>ὑποὸλέψεται.</span> <span class='ocrx_word' id='word_1_611' title='bbox 1529 5700 1596 5753; x_wconf 80' lang='grc' dir='ltr'><strong>’Ὀ</strong></span> <span class='ocrx_word' id='word_1_612' title='bbox 1631 5701 1703 5770; x_wconf 78' lang='grc' dir='ltr'>μὴ</span> 
     </span>
    </p>
   </div>
   <div class='ocr_carea' id='block_1_88' title="bbox 181 5784 1705 5874">
    <p class='ocr_par' dir='ltr' id='par_1_88' title="bbox 181 5784 1705 5874">
     <span class='ocr_line' id='line_1_88' title="bbox 181 5784 1705 5874; baseline 0.021 -42"><span class='ocrx_word' id='word_1_613' title='bbox 181 5784 397 5850; x_wconf 80' lang='grc' dir='ltr'>γενέσθαι</span> <span class='ocrx_word' id='word_1_614' title='bbox 428 5789 501 5855; x_wconf 79' lang='grc' dir='ltr'>ὡς</span> <span class='ocrx_word' id='word_1_615' title='bbox 541 5790 832 5874; x_wconf 50' lang='grc' dir='ltr'><strong>ἀρχιερςῖθς</strong></span> <span class='ocrx_word' id='word_1_616' title='bbox 866 5791 956 5845; x_wconf 72' lang='grc' dir='ltr'><strong>τοῦ</strong></span> <span class='ocrx_word' id='word_1_617' title='bbox 1003 5791 1159 5874; x_wconf 59' lang='grc' dir='ltr'>Θεοῦ,</span> <span class='ocrx_word' id='word_1_618' title='bbox 1196 5792 1287 5847; x_wconf 61' lang='grc' dir='ltr'><strong>καὶ</strong></span> <span class='ocrx_word' id='word_1_619' title='bbox 1332 5793 1406 5857; x_wconf 70' lang='grc' dir='ltr'>ὡς</span> <span class='ocrx_word' id='word_1_620' title='bbox 1456 5794 1705 5864; x_wconf 76' lang='grc' dir='ltr'><strong>μεμαθτΓ</strong></span> 
     </span>
    </p>
   </div>
   <div class='ocr_carea' id='block_1_89' title="bbox 1742 4541 1793 4598">
    <p class='ocr_par' dir='ltr' id='par_1_89' title="bbox 1742 4541 1793 4598">
     <span class='ocr_line' id='line_1_89' title="bbox 1742 4541 1793 4598; baseline 0 0"><span class='ocrx_word' id='word_1_621' title='bbox 1742 4541 1793 4598; x_wconf 88' lang='lat' dir='ltr'><strong>D</strong></span> 
     </span>
    </p>
   </div>
   <div class='ocr_carea' id='block_1_90' title="bbox 1821 3288 3446 3365">
    <p class='ocr_par' dir='ltr' id='par_1_90' title="bbox 1821 3288 3446 3365">
     <span class='ocr_line' id='line_1_90' title="bbox 1821 3288 3446 3365; baseline 0.005 -24"><span class='ocrx_word' id='word_1_622' title='bbox 1821 3290 2011 3344; x_wconf 89' lang='lat' dir='ltr'><strong>solitas</strong></span> <span class='ocrx_word' id='word_1_623' title='bbox 2043 3289 2107 3342; x_wconf 88' lang='lat' dir='ltr'><strong>ad</strong></span> <span class='ocrx_word' id='word_1_624' title='bbox 2134 3288 2300 3342; x_wconf 88' lang='lat' dir='ltr'><strong>Deum</strong></span> <span class='ocrx_word' id='word_1_625' title='bbox 2326 3291 2556 3359; x_wconf 82' lang='lat' dir='ltr'><strong>gratias,</strong></span> <span class='ocrx_word' id='word_1_626' title='bbox 2586 3300 2640 3343; x_wconf 91' lang='lat' dir='ltr'><strong>et</strong></span> <span class='ocrx_word' id='word_1_627' title='bbox 2665 3306 2975 3360; x_wconf 84' lang='lat' dir='ltr'><strong>precamur,</strong></span> <span class='ocrx_word' id='word_1_628' title='bbox 3004 3294 3254 3363; x_wconf 75' lang='lat' dir='ltr'><strong>quamvis</strong></span> <span class='ocrx_word' id='word_1_629' title='bbox 3277 3311 3402 3365; x_wconf 87' lang='lat' dir='ltr'><strong>pcc-</strong></span> <span class='ocrx_word' id='word_1_630' title='bbox 3444 3312 3446 3315; x_wconf 93' lang='grc'>·</span> 
     </span>
    </p>
   </div>
   <div class='ocr_carea' id='block_1_91' title="bbox 1824 3380 3394 3456">
    <p class='ocr_par' dir='ltr' id='par_1_91' title="bbox 1824 3380 3394 3456">
     <span class='ocr_line' id='line_1_91' title="bbox 1824 3380 3394 3456; baseline 0.006 -25"><span class='ocrx_word' id='word_1_631' title='bbox 1824 3388 2058 3437; x_wconf 78' lang='lat' dir='ltr'><strong>calores.</strong></span> <span class='ocrx_word' id='word_1_632' title='bbox 2088 3389 2140 3432; x_wconf 90' lang='lat' dir='ltr'><strong>te</strong></span> <span class='ocrx_word' id='word_1_633' title='bbox 2171 3393 2294 3433; x_wconf 88' lang='lat' dir='ltr'><strong>esse</strong></span> <span class='ocrx_word' id='word_1_634' title='bbox 2320 3380 2469 3433; x_wconf 88' lang='lat' dir='ltr'><strong>omni</strong></span> <span class='ocrx_word' id='word_1_635' title='bbox 2497 3380 2822 3436; x_wconf 80' lang='lat' dir='ltr'><strong>adversitate</strong></span> <span class='ocrx_word' id='word_1_636' title='bbox 2854 3384 3214 3452; x_wconf 83' lang='lat' dir='ltr'><strong>superiorem,</strong></span> <span class='ocrx_word' id='word_1_637' title='bbox 3246 3403 3394 3456; x_wconf 70' lang='lat' dir='ltr'><strong>qm:-</strong></span> 
     </span>
    </p>
   </div>
   <div class='ocr_carea' id='block_1_92' title="bbox 1827 3470 3436 3545">
    <p class='ocr_par' dir='ltr' id='par_1_92' title="bbox 1827 3470 3436 3545">
     <span class='ocr_line' id='line_1_92' title="bbox 1827 3470 3436 3545; baseline 0.006 -21"><span class='ocrx_word' id='word_1_638' title='bbox 1827 3486 2043 3538; x_wconf 89' lang='lat' dir='ltr'><strong>cunque</strong></span> <span class='ocrx_word' id='word_1_639' title='bbox 2076 3480 2130 3523; x_wconf 87' lang='lat' dir='ltr'><strong>et</strong></span> <span class='ocrx_word' id='word_1_640' title='bbox 2185 3479 2235 3524; x_wconf 92' lang='lat' dir='ltr'><strong>te</strong></span> <span class='ocrx_word' id='word_1_641' title='bbox 2265 3470 2475 3541; x_wconf 72' lang='lat' dir='ltr'><strong>afﬂigit,</strong></span> <span class='ocrx_word' id='word_1_642' title='bbox 2506 3482 2560 3526; x_wconf 89' lang='lat' dir='ltr'><strong>et</strong></span> <span class='ocrx_word' id='word_1_643' title='bbox 2586 3484 2831 3528; x_wconf 83' lang='lat' dir='ltr'><strong>amantes</strong></span> <span class='ocrx_word' id='word_1_644' title='bbox 2862 3484 2913 3529; x_wconf 86' lang='lat' dir='ltr'><strong>te</strong></span> <span class='ocrx_word' id='word_1_645' title='bbox 2944 3477 2999 3529; x_wconf 79' lang='lat' dir='ltr'><strong>in</strong></span> <span class='ocrx_word' id='word_1_646' title='bbox 3025 3476 3397 3545; x_wconf 79' lang='lat' dir='ltr'><strong>‘alllietionern,</strong></span> <span class='ocrx_word' id='word_1_647' title='bbox 3428 3485 3436 3491; x_wconf 89' lang='lat'><strong>&#39;</strong></span> 
     </span>
    </p>
   </div>
   <div class='ocr_carea' id='block_1_93' title="bbox 1820 3559 3395 3639">
    <p class='ocr_par' dir='ltr' id='par_1_93' title="bbox 1820 3559 3395 3639">
     <span class='ocr_line' id='line_1_93' title="bbox 1820 3559 3395 3639; baseline 0.005 -26"><span class='ocrx_word' id='word_1_648' title='bbox 1820 3559 1965 3613; x_wconf 75' lang='lat' dir='ltr'><strong>{auia</strong></span> <span class='ocrx_word' id='word_1_649' title='bbox 2017 3571 2334 3629; x_wconf 75' lang='lat' dir='ltr'><strong>grassante,</strong></span> <span class='ocrx_word' id='word_1_650' title='bbox 2388 3562 2619 3617; x_wconf 81' lang='lat' dir='ltr'><strong>inducit.</strong></span> <span class='ocrx_word' id='word_1_651' title='bbox 2664 3562 2817 3629; x_wconf 83' lang='lat' dir='ltr'><strong>Quod</strong></span> <span class='ocrx_word' id='word_1_652' title='bbox 2867 3580 3047 3620; x_wconf 84' lang='lat' dir='ltr'><strong>autem</strong></span> <span class='ocrx_word' id='word_1_653' title='bbox 3104 3570 3395 3639; x_wconf 65' lang='lat' dir='ltr'><strong>scripsisti,</strong></span> 
     </span>
    </p>
   </div>
   <div class='ocr_carea' id='block_1_94' title="bbox 1820 3653 3395 3732">
    <p class='ocr_par' dir='ltr' id='par_1_94' title="bbox 1820 3653 3395 3732">
     <span class='ocr_line' id='line_1_94' title="bbox 1820 3653 3395 3732; baseline 0.007 -27"><span class='ocrx_word' id='word_1_654' title='bbox 1820 3653 2210 3707; x_wconf 86' lang='lat' dir='ltr'><strong>monasterium</strong></span> <span class='ocrx_word' id='word_1_655' title='bbox 2270 3654 2410 3708; x_wconf 89' lang='lat' dir='ltr'><strong>bene</strong></span> <span class='ocrx_word' id='word_1_656' title='bbox 2475 3656 2739 3722; x_wconf 86' lang='lat' dir='ltr'><strong>ordinari,</strong></span> <span class='ocrx_word' id='word_1_657' title='bbox 2809 3657 2913 3712; x_wconf 90' lang='lat' dir='ltr'><strong>boc</strong></span> <span class='ocrx_word' id='word_1_658' title='bbox 2965 3660 3122 3715; x_wconf 79' lang='lat' dir='ltr'><strong>nobis</strong></span> <span class='ocrx_word' id='word_1_659' title='bbox 3170 3676 3395 3732; x_wconf 85' lang='lat' dir='ltr'><strong>quoque</strong></span> 
     </span>
    </p>
   </div>
   <div class='ocr_carea' id='block_1_95' title="bbox 1822 3742 3395 3817">
    <p class='ocr_par' dir='ltr' id='par_1_95' title="bbox 1822 3742 3395 3817">
     <span class='ocr_line' id='line_1_95' title="bbox 1822 3742 3395 3817; baseline 0.008 -23"><span class='ocrx_word' id='word_1_660' title='bbox 1822 3742 1955 3797; x_wconf 88' lang='lat' dir='ltr'><strong>bene</strong></span> <span class='ocrx_word' id='word_1_661' title='bbox 1984 3744 2184 3797; x_wconf 87' lang='lat' dir='ltr'><strong>habere</strong></span> <span class='ocrx_word' id='word_1_662' title='bbox 2218 3744 2394 3798; x_wconf 83' lang='lat' dir='ltr'><strong>visum</strong></span> <span class='ocrx_word' id='word_1_663' title='bbox 2425 3754 2529 3809; x_wconf 89' lang='lat' dir='ltr'><strong>est,</strong></span> <span class='ocrx_word' id='word_1_664' title='bbox 2558 3746 2661 3799; x_wconf 91' lang='lat' dir='ltr'><strong>nisi</strong></span> <span class='ocrx_word' id='word_1_665' title='bbox 2689 3748 2832 3817; x_wconf 88' lang='lat' dir='ltr'><strong>quod</strong></span> <span class='ocrx_word' id='word_1_666' title='bbox 2868 3748 2957 3802; x_wconf 87' lang='lat' dir='ltr'><strong>alii</strong></span> <span class='ocrx_word' id='word_1_667' title='bbox 3004 3750 3222 3817; x_wconf 81' lang='lat' dir='ltr'><strong>quidem</strong></span> <span class='ocrx_word' id='word_1_668' title='bbox 3254 3755 3395 3807; x_wconf 76' lang='lat' dir='ltr'><strong>revi-</strong></span> 
     </span>
    </p>
   </div>
   <div class='ocr_carea' id='block_1_96' title="bbox 1833 3835 3396 3905">
    <p class='ocr_par' dir='ltr' id='par_1_96' title="bbox 1833 3835 3396 3905">
     <span class='ocr_line' id='line_1_96' title="bbox 1833 3835 3396 3905; baseline 0.008 -19"><span class='ocrx_word' id='word_1_669' title='bbox 1833 3835 2052 3887; x_wconf 83' lang='lat' dir='ltr'><strong>viscunt</strong></span> <span class='ocrx_word' id='word_1_670' title='bbox 2090 3850 2387 3905; x_wconf 82' lang='lat' dir='ltr'><strong>sermones</strong></span> <span class='ocrx_word' id='word_1_671' title='bbox 2438 3837 2530 3904; x_wconf 90' lang='lat' dir='ltr'><strong>qui</strong></span> <span class='ocrx_word' id='word_1_672' title='bbox 2560 3837 2627 3889; x_wconf 82' lang='lat' dir='ltr'><strong>ad</strong></span> <span class='ocrx_word' id='word_1_673' title='bbox 2680 3847 2892 3893; x_wconf 59' lang='lat' dir='ltr'><strong>vestras</strong></span> <span class='ocrx_word' id='word_1_674' title='bbox 2940 3855 3101 3895; x_wconf 81' lang='lat' dir='ltr'><strong>aures</strong></span> <span class='ocrx_word' id='word_1_675' title='bbox 3148 3845 3396 3898; x_wconf 82' lang='lat' dir='ltr'><strong>nondum</strong></span> 
     </span>
    </p>
   </div>
   <div class='ocr_carea' id='block_1_97' title="bbox 1821 3924 3386 4001">
    <p class='ocr_par' dir='ltr' id='par_1_97' title="bbox 1821 3924 3386 4001">
     <span class='ocr_line' id='line_1_97' title="bbox 1821 3924 3386 4001; baseline 0.006 -25"><span class='ocrx_word' id='word_1_676' title='bbox 1821 3933 2212 3991; x_wconf 78' lang='lat' dir='ltr'><strong>pervenerunt,</strong></span> <span class='ocrx_word' id='word_1_677' title='bbox 2247 3925 2625 3993; x_wconf 71' lang='lat' dir='ltr'><strong>etjurgiorum</strong></span> <span class='ocrx_word' id='word_1_678' title='bbox 2663 3924 2933 3981; x_wconf 79' lang='lat' dir='ltr'><strong>amatores</strong></span> <span class='ocrx_word' id='word_1_679' title='bbox 2958 3929 3136 3983; x_wconf 85' lang='lat' dir='ltr'><strong>adhuc</strong></span> <span class='ocrx_word' id='word_1_680' title='bbox 3164 3932 3235 3985; x_wconf 81' lang='lat' dir='ltr'><strong>ad</strong></span> <span class='ocrx_word' id='word_1_681' title='bbox 3259 3932 3386 4001; x_wconf 76' lang='lat' dir='ltr'><strong>jur-</strong></span> 
     </span>
    </p>
   </div>
   <div class='ocr_carea' id='block_1_98' title="bbox 1820 4014 3396 4086">
    <p class='ocr_par' dir='ltr' id='par_1_98' title="bbox 1820 4014 3396 4086">
     <span class='ocr_line' id='line_1_98' title="bbox 1820 4014 3396 4086; baseline 0.008 -21"><span class='ocrx_word' id='word_1_682' title='bbox 1820 4015 1905 4082; x_wconf 80' lang='lat' dir='ltr'><strong>gia</strong></span> <span class='ocrx_word' id='word_1_683' title='bbox 1940 4014 2202 4067; x_wconf 80' lang='lat' dir='ltr'><strong>excitant.</strong></span> <span class='ocrx_word' id='word_1_684' title='bbox 2240 4015 2570 4083; x_wconf 74' lang='lat' dir='ltr'><strong>Scr-ipsimus</strong></span> <span class='ocrx_word' id='word_1_685' title='bbox 2599 4025 2781 4070; x_wconf 80' lang='lat' dir='ltr'><strong>autem</strong></span> <span class='ocrx_word' id='word_1_686' title='bbox 2828 4018 2939 4086; x_wconf 81' lang='lat' dir='ltr'><strong>jam</strong></span> <span class='ocrx_word' id='word_1_687' title='bbox 2976 4029 3154 4085; x_wconf 83' lang='lat' dir='ltr'><strong>antea,</strong></span> <span class='ocrx_word' id='word_1_688' title='bbox 3198 4024 3396 4077; x_wconf 82' lang='lat' dir='ltr'><strong>scribi-</strong></span> 
     </span>
    </p>
   </div>
   <div class='ocr_carea' id='block_1_99' title="bbox 1820 4094 3391 4179">
    <p class='ocr_par' dir='ltr' id='par_1_99' title="bbox 1820 4094 3391 4179">
     <span class='ocr_line' id='line_1_99' title="bbox 1820 4094 3391 4179; baseline 0.008 -24"><span class='ocrx_word' id='word_1_689' title='bbox 1820 4118 1941 4156; x_wconf 90' lang='lat' dir='ltr'><strong>mus</strong></span> <span class='ocrx_word' id='word_1_690' title='bbox 1971 4118 2100 4157; x_wconf 82' lang='lat' dir='ltr'><strong>vero</strong></span> <span class='ocrx_word' id='word_1_691' title='bbox 2138 4113 2192 4157; x_wconf 91' lang='lat' dir='ltr'><strong>et</strong></span> <span class='ocrx_word' id='word_1_692' title='bbox 2220 4120 2363 4158; x_wconf 86' lang='lat' dir='ltr'><strong>nunc</strong></span> <span class='ocrx_word' id='word_1_693' title='bbox 2396 4121 2410 4157; x_wconf 89' lang='lat'><strong>:</strong></span> <span class='ocrx_word' id='word_1_694' title='bbox 2449 4105 2582 4160; x_wconf 84' lang='lat' dir='ltr'><strong>Veni</strong></span> <span class='ocrx_word' id='word_1_695' title='bbox 2644 4094 2842 4162; x_wconf 67' lang='lat' dir='ltr'><strong>ad‘nos</strong></span> <span class='ocrx_word' id='word_1_696' title='bbox 2875 4123 3014 4176; x_wconf 78' lang='lat' dir='ltr'><strong>quos</strong></span> <span class='ocrx_word' id='word_1_697' title='bbox 3051 4120 3173 4179; x_wconf 90' lang='lat' dir='ltr'><strong>post</strong></span> <span class='ocrx_word' id='word_1_698' title='bbox 3215 4115 3391 4171; x_wconf 74' lang='lat' dir='ltr'><strong>inedi-</strong></span> 
     </span>
    </p>
   </div>
   <div class='ocr_carea' id='block_1_100' title="bbox 1819 4196 3393 4265">
    <p class='ocr_par' dir='ltr' id='par_1_100' title="bbox 1819 4196 3393 4265">
     <span class='ocr_line' id='line_1_100' title="bbox 1819 4196 3393 4265; baseline 0.009 -18"><span class='ocrx_word' id='word_1_699' title='bbox 1819 4211 1942 4248; x_wconf 87' lang='lat' dir='ltr'><strong>eum</strong></span> <span class='ocrx_word' id='word_1_700' title='bbox 1994 4196 2175 4249; x_wconf 79' lang='lat' dir='ltr'><strong>forsan</strong></span> <span class='ocrx_word' id='word_1_701' title='bbox 2226 4196 2413 4250; x_wconf 69' lang='lat' dir='ltr'><strong>videre</strong></span> <span class='ocrx_word' id='word_1_702' title='bbox 2460 4202 2645 4251; x_wconf 84' lang='lat' dir='ltr'><strong>volens</strong></span> <span class='ocrx_word' id='word_1_703' title='bbox 2704 4214 2811 4252; x_wconf 86' lang='lat' dir='ltr'><strong>non</strong></span> <span class='ocrx_word' id='word_1_704' title='bbox 2843 4200 3073 4265; x_wconf 73' lang='lat' dir='ltr'><strong>videbis,</strong></span> <span class='ocrx_word' id='word_1_705' title='bbox 3108 4218 3229 4257; x_wconf 89' lang='lat' dir='ltr'><strong>cum</strong></span> <span class='ocrx_word' id='word_1_706' title='bbox 3271 4208 3393 4261; x_wconf 65' lang='lat' dir='ltr'><strong>vitia</strong></span> 
     </span>
    </p>
   </div>
   <div class='ocr_carea' id='block_1_101' title="bbox 1822 4288 3271 4360">
    <p class='ocr_par' dir='ltr' id='par_1_101' title="bbox 1822 4288 3271 4360">
     <span class='ocr_line' id='line_1_101' title="bbox 1822 4288 3271 4360; baseline 0.007 -21"><span class='ocrx_word' id='word_1_707' title='bbox 1822 4288 2107 4351; x_wconf 85' lang='lat' dir='ltr'><strong>terminus,</strong></span> <span class='ocrx_word' id='word_1_708' title='bbox 2141 4296 2405 4356; x_wconf 86' lang='lat' dir='ltr'><strong>quantum</strong></span> <span class='ocrx_word' id='word_1_709' title='bbox 2434 4289 2635 4342; x_wconf 81' lang='lat' dir='ltr'><strong>sentire</strong></span> <span class='ocrx_word' id='word_1_710' title='bbox 2665 4303 2911 4358; x_wconf 87' lang='lat' dir='ltr'><strong>possum,</strong></span> <span class='ocrx_word' id='word_1_711' title='bbox 2940 4291 3049 4360; x_wconf 84' lang='lat' dir='ltr'><strong>jam</strong></span> <span class='ocrx_word' id='word_1_712' title='bbox 3075 4294 3271 4349; x_wconf 72' lang='lat' dir='ltr'><strong>instet;</strong></span> 
     </span>
    </p>
   </div>
   <div class='ocr_carea' id='block_1_102' title="bbox 2252 4488 2944 4561">
    <p class='ocr_par' dir='ltr' id='par_1_102' title="bbox 2252 4488 2944 4561">
     <span class='ocr_line' id='line_1_102' title="bbox 2252 4488 2944 4561; baseline 0.004 -18"><span class='ocrx_word' id='word_1_713' title='bbox 2252 4489 2431 4545; x_wconf 81' lang='lat' dir='ltr'><strong>LVIII.</strong></span> <span class='ocrx_word' id='word_1_714' title='bbox 2474 4488 2648 4544; x_wconf 80' lang='lat' dir='ltr'><strong>Iconii</strong></span> <span class='ocrx_word' id='word_1_715' title='bbox 2685 4494 2944 4561; x_wconf 82' lang='lat' dir='ltr'><strong>episcopo.</strong></span> 
     </span>
    </p>
   </div>
   <div class='ocr_carea' id='block_1_103' title="bbox 1891 4600 3395 4672">
    <p class='ocr_par' dir='ltr' id='par_1_103' title="bbox 1891 4600 3395 4672">
     <span class='ocr_line' id='line_1_103' title="bbox 1891 4600 3395 4672; baseline 0.007 -17"><span class='ocrx_word' id='word_1_716' title='bbox 1891 4600 2139 4668; x_wconf 82' lang='lat' dir='ltr'><strong>Tributa,</strong></span> <span class='ocrx_word' id='word_1_717' title='bbox 2193 4600 2264 4656; x_wconf 86' lang='lat' dir='ltr'><strong>tili</strong></span> <span class='ocrx_word' id='word_1_718' title='bbox 2316 4602 2387 4656; x_wconf 91' lang='lat' dir='ltr'><strong>mi</strong></span> <span class='ocrx_word' id='word_1_719' title='bbox 2434 4614 2669 4666; x_wconf 87' lang='lat' dir='ltr'><strong>sacrate,</strong></span> <span class='ocrx_word' id='word_1_720' title='bbox 2724 4620 2843 4672; x_wconf 72' lang='lat' dir='ltr'><strong>qua:</strong></span> <span class='ocrx_word' id='word_1_721' title='bbox 2878 4606 2943 4658; x_wconf 91' lang='lat' dir='ltr'><strong>de</strong></span> <span class='ocrx_word' id='word_1_722' title='bbox 2988 4606 3239 4663; x_wconf 73' lang='lat' dir='ltr'><strong>Ecclesiis</strong></span> <span class='ocrx_word' id='word_1_723' title='bbox 3289 4609 3395 4665; x_wconf 77' lang='lat' dir='ltr'><strong>Dei</strong></span> 
     </span>
    </p>
   </div>
   <div class='ocr_carea' id='block_1_104' title="bbox 1816 4693 3387 4763">
    <p class='ocr_par' dir='ltr' id='par_1_104' title="bbox 1816 4693 3387 4763">
     <span class='ocr_line' id='line_1_104' title="bbox 1816 4693 3387 4763; baseline 0.008 -18"><span class='ocrx_word' id='word_1_724' title='bbox 1816 4694 1975 4759; x_wconf 84' lang='lat' dir='ltr'><strong>ﬁunt,</strong></span> <span class='ocrx_word' id='word_1_725' title='bbox 2032 4693 2276 4763; x_wconf 78' lang='lat' dir='ltr'><strong>aﬂligunt</strong></span> <span class='ocrx_word' id='word_1_726' title='bbox 2306 4704 2356 4748; x_wconf 89' lang='lat' dir='ltr'><strong>te</strong></span> <span class='ocrx_word' id='word_1_727' title='bbox 2377 4704 2431 4749; x_wconf 87' lang='lat' dir='ltr'><strong>et</strong></span> <span class='ocrx_word' id='word_1_728' title='bbox 2458 4694 2689 4757; x_wconf 84' lang='lat' dir='ltr'><strong>multum</strong></span> <span class='ocrx_word' id='word_1_729' title='bbox 2727 4696 2900 4750; x_wconf 86' lang='lat' dir='ltr'><strong>doles.</strong></span> <span class='ocrx_word' id='word_1_730' title='bbox 2947 4698 3096 4752; x_wconf 82' lang='lat' dir='ltr'><strong>Scito</strong></span> <span class='ocrx_word' id='word_1_731' title='bbox 3124 4710 3303 4755; x_wconf 86' lang='lat' dir='ltr'><strong>autem</strong></span> <span class='ocrx_word' id='word_1_732' title='bbox 3330 4717 3387 4757; x_wconf 91' lang='lat' dir='ltr'><strong>et</strong></span> 
     </span>
    </p>
   </div>
   <div class='ocr_carea' id='block_1_105' title="bbox 1813 4782 3397 4855">
    <p class='ocr_par' dir='ltr' id='par_1_105' title="bbox 1813 4782 3397 4855">
     <span class='ocr_line' id='line_1_105' title="bbox 1813 4782 3397 4855; baseline 0.008 -20"><span class='ocrx_word' id='word_1_733' title='bbox 1813 4793 2060 4838; x_wconf 88' lang='lat' dir='ltr'><strong>nostrum</strong></span> <span class='ocrx_word' id='word_1_734' title='bbox 2095 4784 2337 4837; x_wconf 90' lang='lat' dir='ltr'><strong>dolorem</strong></span> <span class='ocrx_word' id='word_1_735' title='bbox 2381 4784 2447 4837; x_wconf 90' lang='lat' dir='ltr'><strong>de</strong></span> <span class='ocrx_word' id='word_1_736' title='bbox 2480 4782 2569 4837; x_wconf 91' lang='lat' dir='ltr'><strong>tali</strong></span> <span class='ocrx_word' id='word_1_737' title='bbox 2602 4787 2863 4840; x_wconf 82' lang='lat' dir='ltr'><strong>servitute</strong></span> <span class='ocrx_word' id='word_1_738' title='bbox 2894 4786 3260 4843; x_wconf 88' lang='lat' dir='ltr'><strong>Ecclesiarum</strong></span> <span class='ocrx_word' id='word_1_739' title='bbox 3290 4795 3397 4855; x_wconf 86' lang='lat' dir='ltr'><strong>Dei</strong></span> 
     </span>
    </p>
   </div>
   <div class='ocr_carea' id='block_1_106' title="bbox 1814 4875 3383 4948">
    <p class='ocr_par' dir='ltr' id='par_1_106' title="bbox 1814 4875 3383 4948">
     <span class='ocr_line' id='line_1_106' title="bbox 1814 4875 3383 4948; baseline 0.005 -20"><span class='ocrx_word' id='word_1_740' title='bbox 1814 4876 1984 4929; x_wconf 87' lang='lat' dir='ltr'><strong>multo</strong></span> <span class='ocrx_word' id='word_1_741' title='bbox 2038 4875 2363 4928; x_wconf 86' lang='lat' dir='ltr'><strong>amarioretn</strong></span> <span class='ocrx_word' id='word_1_742' title='bbox 2413 4884 2468 4927; x_wconf 90' lang='lat' dir='ltr'><strong>et</strong></span> <span class='ocrx_word' id='word_1_743' title='bbox 2516 4877 2837 4932; x_wconf 88' lang='lat' dir='ltr'><strong>tristiorem.</strong></span> <span class='ocrx_word' id='word_1_744' title='bbox 2887 4877 2992 4932; x_wconf 88' lang='lat' dir='ltr'><strong>Sed</strong></span> <span class='ocrx_word' id='word_1_745' title='bbox 3045 4881 3171 4948; x_wconf 88' lang='lat' dir='ltr'><strong>quid</strong></span> <span class='ocrx_word' id='word_1_746' title='bbox 3214 4882 3383 4936; x_wconf 81' lang='lat' dir='ltr'><strong>facia-</strong></span> 
     </span>
    </p>
   </div>
   <div class='ocr_carea' id='block_1_107' title="bbox 1812 4963 3378 5033">
    <p class='ocr_par' dir='ltr' id='par_1_107' title="bbox 1812 4963 3378 5033">
     <span class='ocr_line' id='line_1_107' title="bbox 1812 4963 3378 5033; baseline 0.003 -16"><span class='ocrx_word' id='word_1_747' title='bbox 1812 4964 1975 5018; x_wconf 86' lang='lat' dir='ltr'><strong>mus?</strong></span> <span class='ocrx_word' id='word_1_748' title='bbox 2022 4977 2144 5016; x_wconf 90' lang='lat' dir='ltr'><strong>cum</strong></span> <span class='ocrx_word' id='word_1_749' title='bbox 2195 4964 2308 5016; x_wconf 62' lang='lat' dir='ltr'><strong>haec</strong></span> <span class='ocrx_word' id='word_1_750' title='bbox 2346 4963 2593 5031; x_wconf 80' lang='lat' dir='ltr'><strong>angustia</strong></span> <span class='ocrx_word' id='word_1_751' title='bbox 2642 4975 2860 5032; x_wconf 86' lang='lat' dir='ltr'><strong>propter</strong></span> <span class='ocrx_word' id='word_1_752' title='bbox 2941 4976 3157 5033; x_wconf 87' lang='lat' dir='ltr'><strong>peccata</strong></span> <span class='ocrx_word' id='word_1_753' title='bbox 3196 4979 3378 5021; x_wconf 83' lang='lat' dir='ltr'><strong>nostra</strong></span> 
     </span>
    </p>
   </div>
   <div class='ocr_carea' id='block_1_108' title="bbox 1813 5053 3381 5125">
    <p class='ocr_par' dir='ltr' id='par_1_108' title="bbox 1813 5053 3381 5125">
     <span class='ocr_line' id='line_1_108' title="bbox 1813 5053 3381 5125; baseline 0.002 -15"><span class='ocrx_word' id='word_1_754' title='bbox 1813 5054 2205 5125; x_wconf 72' lang='lat' dir='ltr'><strong>supervenerit,</strong></span> <span class='ocrx_word' id='word_1_755' title='bbox 2268 5055 2407 5107; x_wconf 89' lang='lat' dir='ltr'><strong>hanc</strong></span> <span class='ocrx_word' id='word_1_756' title='bbox 2449 5053 2820 5119; x_wconf 74' lang='lat' dir='ltr'><strong>alﬂictionem,</strong></span> <span class='ocrx_word' id='word_1_757' title='bbox 2873 5057 3083 5112; x_wconf 89' lang='lat' dir='ltr'><strong>etiamsi</strong></span> <span class='ocrx_word' id='word_1_758' title='bbox 3138 5060 3381 5115; x_wconf 84' lang='lat' dir='ltr'><strong>nolueri-</strong></span> 
     </span>
    </p>
   </div>
   <div class='ocr_carea' id='block_1_109' title="bbox 1813 5145 3377 5216">
    <p class='ocr_par' dir='ltr' id='par_1_109' title="bbox 1813 5145 3377 5216">
     <span class='ocr_line' id='line_1_109' title="bbox 1813 5145 3377 5216; baseline 0.003 -17"><span class='ocrx_word' id='word_1_759' title='bbox 1813 5162 1954 5212; x_wconf 91' lang='lat' dir='ltr'><strong>mus,</strong></span> <span class='ocrx_word' id='word_1_760' title='bbox 1991 5146 2405 5201; x_wconf 88' lang='lat' dir='ltr'><strong>sustinebimus.</strong></span> <span class='ocrx_word' id='word_1_761' title='bbox 2446 5145 2577 5210; x_wconf 80' lang='lat' dir='ltr'><strong>Qua:</strong></span> <span class='ocrx_word' id='word_1_762' title='bbox 2617 5158 2797 5200; x_wconf 87' lang='lat' dir='ltr'><strong>aulem</strong></span> <span class='ocrx_word' id='word_1_763' title='bbox 2829 5147 3158 5216; x_wconf 72' lang='lat' dir='ltr'><strong>Cataplilorn</strong></span> <span class='ocrx_word' id='word_1_764' title='bbox 3190 5162 3377 5204; x_wconf 87' lang='lat' dir='ltr'><strong>contra</strong></span> 
     </span>
    </p>
   </div>
   <div class='ocr_carea' id='block_1_110' title="bbox 1811 5237 3372 5305">
    <p class='ocr_par' dir='ltr' id='par_1_110' title="bbox 1811 5237 3372 5305">
     <span class='ocr_line' id='line_1_110' title="bbox 1811 5237 3372 5305; baseline 0.003 -14"><span class='ocrx_word' id='word_1_765' title='bbox 1811 5249 2048 5291; x_wconf 82' lang='lat' dir='ltr'><strong>vestram</strong></span> <span class='ocrx_word' id='word_1_766' title='bbox 2076 5238 2417 5290; x_wconf 86' lang='lat' dir='ltr'><strong>sanctitatem</strong></span> <span class='ocrx_word' id='word_1_767' title='bbox 2449 5237 2805 5300; x_wconf 81' lang='lat' dir='ltr'><strong>denuntiavit,</strong></span> <span class='ocrx_word' id='word_1_768' title='bbox 2830 5239 2963 5301; x_wconf 67' lang='lat' dir='ltr'><strong>haec,</strong></span> <span class='ocrx_word' id='word_1_769' title='bbox 2995 5241 3097 5293; x_wconf 74' lang='lat' dir='ltr'><strong>etsi</strong></span> <span class='ocrx_word' id='word_1_770' title='bbox 3122 5242 3372 5305; x_wconf 86' lang='lat' dir='ltr'><strong>dolenda,</strong></span> 
     </span>
    </p>
   </div>
   <div class='ocr_carea' id='block_1_111' title="bbox 1813 5327 3374 5397">
    <p class='ocr_par' dir='ltr' id='par_1_111' title="bbox 1813 5327 3374 5397">
     <span class='ocr_line' id='line_1_111' title="bbox 1813 5327 3374 5397; baseline 0.002 -16"><span class='ocrx_word' id='word_1_771' title='bbox 1813 5330 1866 5381; x_wconf 90' lang='lat' dir='ltr'><strong>in</strong></span> <span class='ocrx_word' id='word_1_772' title='bbox 1902 5338 2134 5381; x_wconf 86' lang='lat' dir='ltr'><strong>vestram</strong></span> <span class='ocrx_word' id='word_1_773' title='bbox 2170 5327 2389 5395; x_wconf 89' lang='lat' dir='ltr'><strong>quidem</strong></span> <span class='ocrx_word' id='word_1_774' title='bbox 2428 5327 2719 5380; x_wconf 86' lang='lat' dir='ltr'><strong>utilitatem</strong></span> <span class='ocrx_word' id='word_1_775' title='bbox 2752 5327 2970 5392; x_wconf 83' lang='lat' dir='ltr'><strong>cedent,</strong></span> <span class='ocrx_word' id='word_1_776' title='bbox 3002 5344 3126 5383; x_wconf 89' lang='lat' dir='ltr'><strong>cum</strong></span> <span class='ocrx_word' id='word_1_777' title='bbox 3164 5331 3374 5397; x_wconf 84' lang='lat' dir='ltr'><strong>placide</strong></span> 
     </span>
    </p>
   </div>
   <div class='ocr_carea' id='block_1_112' title="bbox 1810 5418 3374 5489">
    <p class='ocr_par' dir='ltr' id='par_1_112' title="bbox 1810 5418 3374 5489">
     <span class='ocr_line' id='line_1_112' title="bbox 1810 5418 3374 5489; baseline 0.001 -15"><span class='ocrx_word' id='word_1_778' title='bbox 1810 5431 1864 5474; x_wconf 91' lang='lat' dir='ltr'><strong>et</strong></span> <span class='ocrx_word' id='word_1_779' title='bbox 1892 5434 2085 5489; x_wconf 78' lang='lat' dir='ltr'><strong>magno</strong></span> <span class='ocrx_word' id='word_1_780' title='bbox 2114 5418 2298 5472; x_wconf 87' lang='lat' dir='ltr'><strong>animo</strong></span> <span class='ocrx_word' id='word_1_781' title='bbox 2331 5418 2586 5486; x_wconf 87' lang='lat' dir='ltr'><strong>injuriam</strong></span> <span class='ocrx_word' id='word_1_782' title='bbox 2619 5420 2973 5487; x_wconf 87' lang='lat' dir='ltr'><strong>pertuleritis.</strong></span> <span class='ocrx_word' id='word_1_783' title='bbox 3012 5419 3164 5473; x_wconf 89' lang='lat' dir='ltr'><strong>Ilunc</strong></span> <span class='ocrx_word' id='word_1_784' title='bbox 3191 5430 3374 5475; x_wconf 85' lang='lat' dir='ltr'><strong>autem</strong></span> 
     </span>
    </p>
   </div>
   <div class='ocr_carea' id='block_1_113' title="bbox 1810 5511 3374 5579">
    <p class='ocr_par' dir='ltr' id='par_1_113' title="bbox 1810 5511 3374 5579">
     <span class='ocr_line' id='line_1_113' title="bbox 1810 5511 3374 5579; baseline 0.001 -13"><span class='ocrx_word' id='word_1_785' title='bbox 1810 5512 1903 5566; x_wconf 87' lang='lat' dir='ltr'><strong>Dei</strong></span> <span class='ocrx_word' id='word_1_786' title='bbox 1954 5512 2145 5566; x_wconf 89' lang='lat' dir='ltr'><strong>oculus</strong></span> <span class='ocrx_word' id='word_1_787' title='bbox 2192 5511 2285 5579; x_wconf 82' lang='lat' dir='ltr'><strong>qui</strong></span> <span class='ocrx_word' id='word_1_788' title='bbox 2339 5526 2444 5563; x_wconf 90' lang='lat' dir='ltr'><strong>non</strong></span> <span class='ocrx_word' id='word_1_789' title='bbox 2494 5519 2576 5563; x_wconf 87' lang='lat' dir='ltr'><strong>est</strong></span> <span class='ocrx_word' id='word_1_790' title='bbox 2619 5527 2974 5579; x_wconf 81' lang='lat' dir='ltr'><strong>personarum</strong></span> <span class='ocrx_word' id='word_1_791' title='bbox 3010 5521 3282 5579; x_wconf 87' lang='lat' dir='ltr'><strong>acceptor,</strong></span> <span class='ocrx_word' id='word_1_792' title='bbox 3327 5516 3374 5567; x_wconf 90' lang='lat' dir='ltr'><strong>si</strong></span> 
     </span>
    </p>
   </div>
   <div class='ocr_carea' id='block_1_114' title="bbox 1808 5601 3376 5671">
    <p class='ocr_par' dir='ltr' id='par_1_114' title="bbox 1808 5601 3376 5671">
     <span class='ocr_line' id='line_1_114' title="bbox 1808 5601 3376 5671; baseline 0.001 -14"><span class='ocrx_word' id='word_1_793' title='bbox 1808 5621 1915 5661; x_wconf 89' lang='lat' dir='ltr'><strong>non</strong></span> <span class='ocrx_word' id='word_1_794' title='bbox 1962 5618 2128 5667; x_wconf 89' lang='lat' dir='ltr'><strong>nunc,</strong></span> <span class='ocrx_word' id='word_1_795' title='bbox 2166 5602 2355 5655; x_wconf 88' lang='lat' dir='ltr'><strong>saltem</strong></span> <span class='ocrx_word' id='word_1_796' title='bbox 2388 5601 2682 5669; x_wconf 88' lang='lat' dir='ltr'><strong>aliquando</strong></span> <span class='ocrx_word' id='word_1_797' title='bbox 2717 5603 2886 5657; x_wconf 88' lang='lat' dir='ltr'><strong>iratus</strong></span> <span class='ocrx_word' id='word_1_798' title='bbox 2928 5603 3174 5671; x_wconf 84' lang='lat' dir='ltr'><strong>aspiciet.</strong></span> <span class='ocrx_word' id='word_1_799' title='bbox 3216 5604 3376 5668; x_wconf 24' lang='lat' dir='ltr'><strong>Quod,</strong></span> 
     </span>
    </p>
   </div>
   <div class='ocr_carea' id='block_1_115' title="bbox 1809 5676 3371 5764">
    <p class='ocr_par' dir='ltr' id='par_1_115' title="bbox 1809 5676 3371 5764">
     <span class='ocr_line' id='line_1_115' title="bbox 1809 5676 3371 5764; baseline -0.001 -15"><span class='ocrx_word' id='word_1_800' title='bbox 1809 5676 1875 5749; x_wconf 71' lang='lat' dir='ltr'><strong>ne</strong></span> <span class='ocrx_word' id='word_1_801' title='bbox 1911 5698 2023 5761; x_wconf 85' lang='lat' dir='ltr'><strong>liat,</strong></span> <span class='ocrx_word' id='word_1_802' title='bbox 2070 5704 2124 5747; x_wconf 92' lang='lat' dir='ltr'><strong>tu</strong></span> <span class='ocrx_word' id='word_1_803' title='bbox 2174 5702 2427 5760; x_wconf 85' lang='lat' dir='ltr'><strong>tanquam</strong></span> <span class='ocrx_word' id='word_1_804' title='bbox 2482 5692 2570 5746; x_wconf 91' lang='lat' dir='ltr'><strong>Dei</strong></span> <span class='ocrx_word' id='word_1_805' title='bbox 2604 5693 2868 5762; x_wconf 80' lang='lat' dir='ltr'><strong>pontifex,</strong></span> <span class='ocrx_word' id='word_1_806' title='bbox 2915 5700 2970 5747; x_wconf 87' lang='lat' dir='ltr'><strong>et</strong></span> <span class='ocrx_word' id='word_1_807' title='bbox 3015 5695 3102 5764; x_wconf 91' lang='lat' dir='ltr'><strong>qui</strong></span> <span class='ocrx_word' id='word_1_808' title='bbox 3134 5694 3371 5748; x_wconf 79' lang='lat' dir='ltr'><strong>didicisti</strong></span> 
     </span>
    </p>
   </div>
   <div class='ocr_carea' id='block_1_116' title="bbox 1808 5786 3369 5860">
    <p class='ocr_par' dir='ltr' id='par_1_116' title="bbox 1808 5786 3369 5860">
     <span class='ocr_line' id='line_1_116' title="bbox 1808 5786 3369 5860; baseline -0.001 -17"><span class='ocrx_word' id='word_1_809' title='bbox 1808 5787 2262 5860; x_wconf 83' lang='lat' dir='ltr'><strong>persequentibus</strong></span> <span class='ocrx_word' id='word_1_810' title='bbox 2299 5786 2622 5844; x_wconf 87' lang='lat' dir='ltr'><strong>benedicere</strong></span> <span class='ocrx_word' id='word_1_811' title='bbox 2651 5794 2704 5842; x_wconf 88' lang='lat' dir='ltr'><strong>ct</strong></span> <span class='ocrx_word' id='word_1_812' title='bbox 2734 5800 2831 5855; x_wconf 74' lang='lat' dir='ltr'><strong>pro</strong></span> <span class='ocrx_word' id='word_1_813' title='bbox 2862 5788 3160 5846; x_wconf 89' lang='lat' dir='ltr'><strong>tortoribus</strong></span> <span class='ocrx_word' id='word_1_814' title='bbox 3189 5802 3369 5847; x_wconf 84' lang='lat' dir='ltr'><strong>orare.</strong></span> 
     </span>
    </p>
   </div>
  </div>
