4018 6468
646 401 753 467 259

1781 395 2095 458 NICOLAI
2134 394 2246 459 ΟΡ.
2290 393 2800 456 ΡΑΤΒῘΑΗΟΗᾹΞ

3772 392 3860 454 Ξθθ

642 525 754 568 tua
773 516 1140 582 congruenter
1168 522 1330 580 agens
1354 505 1563 573 virtuti,
1610 505 1909 576 deprecare:
1949 514 2004 560 et
2039 508 2208 561 exdra

2321 500 2424 564 κὼς
2468 504 2593 577 τοὺς
2648 500 2946 564 διώκοντας
2984 500 3248 570 εὐλογεῖν,
3276 519 3368 554 κα.
3402 500 3510 554 τῶν
3537 502 3864 572 ἐπηρεαζόν.

639 620 765 663 eum
796 605 891 676 qui
925 621 1015 662 res
1043 604 1312 659 humanas
1340 615 1497 673 aequa
1539 600 1695 656 lance
1723 600 2006 670 ponderat.
2055 597 2204 653 Vale.

1229 895 1364 953 LIX.
1403 896 1428 950 1
1435 908 1629 951 ncerto.

714 1035 843 1091 Mihi
873 1038 967 1105 qui
1001 1036 1117 1091 scio
1141 1044 1332 1089 vestra:
1361 1033 1730 1101 intelligentia:
1760 1034 1934 1092 zelum
1989 1033 2042 1088 in
2091 1049 2210 1089 om-

647 1130 828 1193 nibus,
864 1128 938 1180 lili
969 1126 1065 1194 mi,
1120 1125 1250 1180 illud
1285 1125 1592 1180 mirandum
1639 1125 1803 1193 venit,
1847 1125 2124 1197 quomodo
2154 1126 2207 1180 in

641 1218 897 1287 prasenti
935 1216 1237 1286 proposito,
1293 1217 1359 1270 de
1389 1231 1496 1286 quo
1523 1217 1763 1272 scribere
1793 1217 1947 1282 libet,
1996 1217 2211 1288 propri-

643 1325 737 1364 um
785 1324 888 1363 non
928 1308 1228 1364 servaverit
1278 1307 1522 1362 modum.
1567 1307 1673 1362 Sed
1722 1309 1909 1364 nescio
1960 1324 2030 1363 an
2070 1309 2216 1374 obli-,

645 1403 823 1464 t'ione,
862 1402 1046 1453 nescio
1075 1414 1144 1453 an
1176 1398 1280 1453 alia
1311 1399 1495 1468 aliqua
1525 1399 1849 1468 impediente
1898 1381 2083 1464 causa,
2122 1415 2212 1454 us-

642 1508 749 1563 que
779 1491 842 1545 ad
877 1503 1136 1561 praesens,
1186 1491 1378 1547 saltem
1407 1490 1554 1560 quod
1597 1492 1796 1556 sciam,
1844 1506 1954 1547 non
1990 1491 2212 1560 contigit

643 1593 704 1639 ut
737 1585 1111 1655 perficeretur.
1169 1584 1324 1650 Quod
1354 1584 1589 1638 maxime
1620 1584 1989 1641 necessariam
2025 1583 2215 1653 requi-

645 1678 716 1729 rit
750 1678 1181 1730 exsecutionem.
1245 1674 1380 1731 Dato
1426 1678 1572 1730 enim
1624 1677 1720 1729 tibi
1773 1676 1842 1729 ab
1887 1675 2213 1744 imperatore

644 1768 923 1831 mandato,
961 1779 1020 1820 ut
1049 1768 1203 1822 aiunt
1247 1767 1439 1821 saltem
1468 1767 1560 1837 qui
1594 1768 1645 1821 id
1678 1767 1883 1830 sciunt,
1934 1775 1994 1821 ut
2037 1766 2214 1820 consi-

2305 610 2415 646 των
2449 593 2872 665 ὑπερεῦχεσθαι,
2908 593 3033 660 ἄξια
3061 595 3164 663 τῆς
3199 594 3410 656 οἰκείας
3447 594 3626 655 ποιῶν
3653 594 3864 664 ἀρετῆς,

2310 686 2611 755 ὑπερεύχου
2638 686 2733 740 καὶ
2764 684 3055 756 παραιτοῦ,
3091 685 3179 739 τὸν
3220 685 3408 753 ζυγοῖς
3441 686 3868 756 ἀντιμετροῦντα

2309 776 2444 838 ῐτοις
2465 777 2548 851 τι
2572 776 2889 847 ἀνθρώπινα
2927 772 3251 847 πράγματα.
3291 778 3568 847 Ἔῤῥωαο.

2870 892 2997 947 ΝΘ’.
3056 891 3307 958 Ἀδήλῳ.

2379 1031 2452 1083 Τὸ
2479 1033 2535 1083 ὲν
2559 1030 2692 1083 πᾶσι
2733 1029 3017 1082 σπουδαῖον
3050 1028 3154 1098 τῆς
3187 1027 3342 1097 ὑμῶν
3383 1028 3662 1089 συνέσεως
3719 1029 3872 1081 είδότι

2311 1141 2425 1194 μοι,
2461 1124 2650 1176 τέκνον
2685 1121 2864 1191 ἡμῶν,
2899 1121 3200 1191 θαυμάζειν
3243 1120 3445 1192 ἐπῆλθε
3485 1121 3610 1184 πῶς
3658 1122 3754 1174 ἐπὶ
3784 1125 3875 1191 τῆς

2310 1215 2589 1285 παρούσης
2614 1215 2938 1278 ὑποθέσεως,
2967 1214 3096 1284 περὶ
3123 1207 3192 1284 ἦς
3223 1213 3586 1284 πωαγόμεθα
3619 1215 3871 1282 γράφειν,

2309 1309 2408 1380 τὴν
2432 1309 2636 1361 οἰκείαν
2665 1309 2764 1361 οῦκ
2786 1307 3016 1377 ἐφύλαξε
3042 1306 3213 1371 τάξιν.
3247 1307 3390 1361 Ἀλλ’
3411 1309 3510 1362 οὐκ
3535 1304 3662 1361 οῖδα
3689 1307 3872 1378 λήθης,

2311 1403 2410 1457 οὐκ
2440 1397 2554 1454 οῖδα
2590 1400 2754 1469 ἄλλης
2801 1401 2947 1462 τινος
2984 1401 3162 1463 αίτίας
3206 1400 3541 1469 κωλυούσης,
3585 1401 3756 1469 μέχρι
3788 1400 3875 1452 καὶ

2311 1494 2405 1546 τοῦ
2439 1494 2704 1564 παρόντος
2741 1493 2842 1548 ὅσα
2886 1509 2947 1560 γε
2981 1494 3126 1564 ἡμᾶς
3179 1493 3403 1554 εἰδέναι,
3447 1495 3547 1546 οὐκ
3599 1491 3878 1558 ἐξεγένετο

2311 1586 2734 1657 διαπραχθῆναι,
2786 1585 3274 1654 ὃάναγκαιοτάτην
3331 1584 3586 1655 ἐπιζητεῖ
3641 1584 3745 1654 τὴν
3794 1600 3877 1636 τε·

2312 1679 2549 1732 λείωσιν.
2579 1677 2874 1747 Βασιλικῆς
2898 1678 3007 1745 γὰρ
3039 1676 3330 1748 δεδομένης
3375 1694 3458 1730 σοι
3492 1674 3872 1745 προστάξεως,

2315 1771 2389 1835 ὥς
2417 1787 2479 1839 γε
2514 1769 2673 1838 φασὶν
2705 1771 2753 1825 oi
2784 1771 2939 1824 τοῦτο
2979 1770 3200 1833 ειδότες,
3230 1769 3636 1840 ἐπισκέψασθαι
3682 1771 3745 1822 τὸ
3776 1787 3876 1838 χωο

643 1860 862 1915 derares
895 1859 1075 1914 locum
1127 1875 1190 1915 ex
1223 1875 1333 1930 quo
1379 1861 1645 1933 inclytum
1680 1859 1774 1914 Dei
1806 1860 2068 1930 templum
2097 1857 2213 1912 fru-

2321 1867 2451 1937 ρίον,
2479 1865 2536 1929 ἐξ
2561 1860 2618 1918 οῦ
2638 1865 2666 1916 ὁ
2687 1862 3030 1935 περιώνυμος
3064 1863 3158 1916 τοῦ
3187 1862 3320 1916 Θεοῦ
3361 1863 3485 1925 ναὸς
3520 1868 3674 1916 σῖτον
3699 1863 3878 1931 μέλλει

649 1959 831 2006 menta
866 1951 968 2005 sibi
999 1965 1317 2020 comparare
1347 1953 1530 2020 debet,
1566 1961 1678 2006 tum
1707 1951 1773 2005 ad
1818 1950 2213 2006 confectionem

643 2048 803 2118 panis
829 2047 1013 2115 divino
1049 2045 1251 2116 Spiritu
1304 2045 1627 2104 sanctificati
1672 2058 1726 2101 et
1761 2060 1857 2100 eos
1905 2044 1995 2115 qui
2038 2044 2104 2098 de
2149 2058 2214 2096 eo

646 2137 979 2212 participant
1009 2137 1423 2206 sanctificantis,
1475 2147 1588 2193 tum
1618 2138 1783 2194 etiam
1825 2137 1892 2192 ad
1939 2143 2216 2190 sustenta-

649 2232 852 2284 tionem
886 2239 1086 2286 nostrm
1118 2231 1462 2299 humilitatis,
1514 2241 1568 2286 et
1596 2230 1821 2300 reliquae
1857 2226 2217 2284 multitudinis

649 2335 838 2376 eorum
895 2323 987 2391 qui
1042 2331 1201 2378 nocte
1253 2338 1315 2378 ac
1354 2325 1442 2378 die
1485 2325 1686 2392 templo
1735 2322 1830 2377 Dei
1881 2321 2214 2382 ministrant,

647 2413 837 2467 nescio
861 2414 1137 2483 quomodo
1154 2415 1353 2481 dicam,
1386 2429 1492 2469 non
1523 2415 1769 2469 studiose
1794 2415 2106 2467 mandatum
2126 2426 2219 2465 ex-

650 2507 986 2575 sequendum
1020 2507 1304 2561 curavisti.
1343 2506 1448 2561 Sed
1481 2515 1535 2559 tu
1573 2505 1794 2575 quidem
1831 2520 2049 2558 causam
2079 2504 2218 2557 scire

651 2600 854 2668 possis.
907 2599 1022 2653 Nos
1045 2608 1226 2654 autem
1259 2599 1572 2664 scribimus,
1625 2597 1700 2650 liii
1733 2597 1830 2662 mi,
1863 2606 1921 2649 ut
1950 2597 2053 2649 alia
2085 2610 2220 2664 qua—

647 2689 782 2743 libet
831 2689 998 2743 citius
1055 2705 1112 2742 re
1170 2691 1236 2743 de
1295 2690 1397 2743 hoc
1420 2689 1625 2743 referas
1667 2688 1752 2741 his
1784 2688 1874 2756 qui
1903 2688 2214 2740 mandatum

651 2780 939 2837 dederunt.
987 2779 1122 2835 Nam
1157 2779 1506 2850 Ecclesiaque
1555 2779 1650 2834 Dei
1689 2789 1745 2832 et
1785 2793 1908 2848 nos,
1951 2782 2214 2848 quantum

651 2861 845 2925 saltem
875 2873 940 2925 ad
991 2872 1184 2927 borum
1221 2872 1568 2926 commodum
1618 2886 1723 2924 non
1764 2871 1974 2925 modice
2005 2869 2216 2938 pericli-

651 2971 850 3022 tamur.
891 2963 1157 3018 Cmterutn
1194 2972 1375 3018 autem
1417 2963 1619 3028 valeas,
1666 2961 1914 3031 superior
1954 2961 2221 3013 constitu-

650 3062 738 3108 tus
769 3055 916 3108 omni
954 3055 1119 3110 malo.

934 3259 1043 3315 LX.
1086 3260 1383 3316 (Economo
1426 3235 1633 3332 Magne
1691 3263 1938 3317 ecclesiae.
2011 3311 2019 3321 .

726 3399 920 3454 Tenuit
955 3413 1053 3454 nos
1098 3413 1222 3468 spes
1255 3401 1367 3453 fore
1406 3407 1486 3465 ut,
1538 3398 1590 3451 in
1638 3399 1813 3453 sancti
1844 3374 2112 3468 propheta:
2142 3398 2220 3452 di-

653 3494 782 3547 vino
813 3491 972 3556 festo,
1026 3499 1119 3547 tua
1148 3491 1407 3546 sanctitas
1444 3491 1728 3546 nobiscum
1778 3500 2108 3552 versaretur,
2143 3499 2217 3551 et,

655 3595 717 3639 ut
749 3599 848 3654 par
875 3593 980 3646 est,
1012 3583 1066 3638 in
1100 3585 1398 3638 amicorum
1443 3583 1664 3647 unione,
1708 3583 1957 3637 suaviore
1985 3583 2217 3652 quodam

654 3685 799 3730 statu
836 3674 1146 3732 frueremur
1187 3674 1484 3743 praesertim
1530 3689 1652 3728 cum
1701 3682 1779 3728 tot
1827 3683 1880 3728 et
1925 3683 2082 3729 tautae
2114 3674 2222 3728 sint

656 3765 997 3826 calamitates
1026 3778 1149 3832 qua:
1177 3764 1334 3816 nobis
1360 3763 1700 3818 incumbunt.
1741 3764 2008 3830 Quoniam
2042 3775 2217 3818 autem

658 3859 911 3912 humana:
941 3870 1028 3909 res
1067 3853 1353 3911 mutabiles
1388 3863 1514 3909 sunt
1545 3862 1598 3910 et
1630 3854 1944 3920 indemnitas,
1977 3866 2221 3926 propter-

658 3963 830 4019 eaque
863 3961 961 4003 nos
993 3943 1182 4000 fefellit
1240 3960 1384 4014 spes,
1431 3955 1484 4000 et
1516 3960 1584 3999 ex
1625 3947 1932 4012 eventibus,
1992 3950 2222 4002 adventu

659 4039 866 4096 scilicet
899 4037 1317 4101 Saracenorum,
1352 4035 1547 4104 prodiit
1583 4037 2026 4111 impedimentum
2062 4055 2129 4094 ne
2168 4040 2221 4092 in

658 4129 915 4199 praesenti
941 4137 1031 4180 tua
1060 4127 1323 4182 sanctitas
1346 4125 1557 4191 afforet,
1582 4127 1736 4196 juxta
1761 4138 1995 4182 vestram
2025 4145 2222 4198 urgen-

661 4230 770 4276 tem
805 4219 1253 4287 postulationem,
1294 4230 1436 4282 aegre
1467 4217 1613 4281 licet,
1660 4218 2013 4272 concedimus
2045 4227 2223 4272 tamen

662 4309 988 4381 praeﬁnitum
1023 4319 1237 4376 tempus
1263 4307 1405 4377 quod
1451 4308 1726 4376 postulare
1763 4309 1859 4363 tibi
1905 4309 2080 4363 visum
2121 4319 2222 4364 est.

665 4400 924 4463 Tantum,
964 4400 1073 4463 Deo
1110 4399 1456 4467 pravaleute,
1493 4399 1670 4452 valere
1699 4413 1880 4468 perge,
1918 4407 1970 4452 et
2013 4401 2226 4467 quando

665 4488 760 4548 tibi
791 4490 1007 4545 libuerit
1031 4498 1082 4542 et
1113 4487 1254 4542 Deus
1284 4488 1533 4543 annuerit
1569 4490 1671 4542 iter
1702 4490 1768 4543 ad
1802 4505 1902 4543 nos
1933 4490 2223 4557 suscipere,

2317 1957 2655 2028 πορίζεσθαι,
2687 1956 2845 2010 τοῦτο
2881 1956 2979 2026 μὲν
3017 1957 3098 2018 εἰς
3132 1956 3398 2027 χορηγίαν
3440 1955 3533 2009 τοῦ
3570 1953 3876 2022 ἁγιαζομέ-

2317 2068 2406 2110 νου
2435 2045 2513 2122 τῷ
2551 2050 2679 2120 θείῳ
2726 2050 3004 2118 Πνεῦματι
3055 2052 3147 2101 καὶ
3188 2050 3312 2111 τοὺς
3358 2046 3878 2119 μεταλαμσάνοντας

2317 2144 2630 2211 ἀγιάξοντος
2673 2143 2862 2213 ἄρτου,
2897 2141 3051 2197 τοῦτο
3081 2142 3137 2196 δὲ
3183 2142 3278 2194 καὶ
3313 2143 3394 2206 είς
3435 2139 3746 2210 διατροφὴν
3787 2141 3878 2203 τῆς

2318 2236 2472 2306 ἡμῶν
2511 2236 2894 2306 ταπεινότητος
2923 2234 3017 2287 καὶ
3046 2234 3138 2286 τοῦ
3183 2232 3372 2287 λοιποῦ
3415 2232 3680 2300 πλήθους,
3722 2229 3771 2282 οἳ
3799 2245 3878 2278 νυ-

2318 2328 2441 2392 κτὸς
2471 2328 2565 2383 καὶ
2603 2329 2816 2398 ἡμέρας
2847 2327 3302 2398 εξυπηρετοῦνται
3333 2325 3412 2393 τῷ
3437 2323 3550 2393 ναῷ
3589 2323 3691 2377 τοῦ
3726 2321 3874 2383 Θεοῦ,

2318 2424 2417 2475 οὐκ
2451 2416 2566 2475 οἶδα
2595 2419 2712 2482 πῶς
2756 2421 2914 2480 εἴπω,
2946 2420 3043 2471 οὐκ
3077 2418 3228 2488 ἔσχες
3253 2418 3310 2469 ὲν
3333 2417 3533 2484 σπουδῇ
3566 2415 3666 2467 τοῦ
3710 2430 3876 2483 προσ-

2320 2515 2600 2585 τάγματος
2661 2514 2760 2582 τὴν
2815 2511 3197 2581 ἐκπλήρωσιν·
3231 2509 3368 2562 ἀλλά
3403 2510 3506 2579 τὴν
3550 2507 3673 2581 μὲν,
3708 2504 3876 2556 αἰτίαν

2318 2607 2477 2668 αὐτὸς
2517 2606 2581 2658 ἂν
2626 2603 2842 2674 εἰδείης.
2886 2603 3074 2670 Ἡμεῖς
3107 2601 3161 2654 δὲ
3204 2598 3490 2671 γράφομέν
3537 2614 3646 2659 σοι,
3693 2595 3876 2648 τέκνον

2320 2698 2498 2770 ἡμῶν,
2532 2697 2670 2751 ὥστε
2698 2696 2882 2764 τάχιον
2911 2693 3001 2746 τοῦ
3033 2691 3220 2746 λοιποῦ
3250 2693 3566 2759 ἀνενεγκεῖν
3598 2689 3736 2760 περὶ
3764 2687 3876 2738 τοὺ-

2318 2809 2409 2844 του
2440 2792 2551 2850 τοῖς
2596 2787 2850 2842 δεδωκόσι
2900 2784 2959 2837 τὸ
3002 2785 3352 2853 πρόσταγμα.
3385 2783 3493 2835 Καὶ
3553 2783 3666 2851 γὰρ
3732 2780 3876 2845 καὶὴ

2332 2880 2623 2950 Ἐκκλησία
2643 2876 2735 2930 τοῦ
2759 2876 2892 2929 Θεοῦ
2916 2876 3007 2927 καὶ
3041 2875 3222 2943 ἡμεῖς,
3249 2873 3350 2924 ὅσα
3389 2887 3451 2937 γε
3482 2870 3550 2923 τὰ
3584 2873 3670 2932 εἰς
3699 2867 3876 2937 χρείαν

2318 2975 2426 3028 τῶν
2465 2971 2642 3026 αὐτῶν
2689 2970 2749 3022 οὐ
2811 2957 3024 3038 μικρῶς
3075 2964 3494 3034 κινδυνεύομενο
3542 2961 3610 3015 τὰ
3651 2961 3700 3013 δ’
3753 2958 3877 3011 ἄλλα

2322 3065 2629 3140 ἐρρωμένος
2661 3063 2776 3131 εἴης
2809 3059 3080 3128 ὑπεράνω⁷
3108 3057 3446 3128 τηρούμενος
3490 3055 3679 3124 πάσης
3721 3051 3878 3106 κακός

2243 3192 2287 3246 c
2317 3176 2496 3232 τητος.

2410 3277 2482 3329 Ξ’.
2519 3271 2601 3338 Τῷ
2630 3271 2918 3336 οἰκονόμῳ
2944 3265 3050 3334 τῆς
3082 3261 3364 3332 Μεγάλης
3442 3259 3796 3328 ἐκκλησίας.

2402 3408 2643 3470 Ἐλπίδες
2676 3401 2819 3475 εἶχον
2857 3403 3004 3471 ἡμᾶς
3048 3402 3105 3453 ὲν
3134 3402 3200 3470 τῇ
3240 3397 3334 3452 τοῦ
3388 3396 3546 3466 ἁγίου
3600 3392 3875 3466 προφήτου

2321 3502 2442 3572 θείᾳ
2474 3501 2632 3569 ἑορτῇ
2665 3497 2760 3566 τὴν
2809 3495 2906 3564 σὴν
2951 3495 3205 3562 ὁσιότητα
3244 3487 3568 3542 συνέσεσθαι
3607 3488 3766 3556 ἡμῖν,
3796 3480 3880 3544 καὶ

2321 3595 2394 3656 ὣς
2443 3610 2505 3661 γε
2553 3589 2699 3650 εἰκὸς
2749 3587 2842 3640 ἐπὶ
2893 3585 3059 3654 φίλων
3107 3582 3298 3636 ὲνὼσει
3347 3579 3698 3648 γλυκυτέρας
3745 3572 3880 3630 τινὸς

2320 3686 2609 3747 διαθέσεως
2645 3680 2966 3742 ἀπόλαυσιν,
2995 3676 3091 3730 καὶ
3131 3675 3362 3744 μάλιστα
3396 3670 3669 3727 τοσούτων
3719 3667 3881 3720 όντων

2321 3775 2558 3847 ἀνιαρῶν
2588 3775 2695 3827 τῶν
2723 3770 3084 3840 ἐπικειμένων
3111 3769 3261 3837 ἡμῖν.
3287 3765 3442 3819 Ἐπεὶ
3467 3763 3523 3816 at
3559 3762 3628 3815 τὰ
3670 3755 3880 3827 ἀνθρὼο

2324 3886 2454 3922 πινα
2480 3868 2782 3937 πράγματα
2802 3863 2862 3918 τὸ
2890 3861 3241 3930 ἀστάθμητον
3272 3859 3383 3928 εχει
3415 3855 3589 3912 καὶτὸ
3607 3855 3877 3925 ἀόριστον,

2324 3961 2415 4013 καὶ
2452 3959 2540 4013 διὰ
2579 3958 2738 4011 τοῦτο
2789 3955 3057 4024 ἐψεύσατο
3091 3955 3238 4021 ἡμᾶς
3266 3953 3301 4021 ὴ
3324 3952 3499 4013 ἐλπὶς,
3531 3947 3626 4002 καὶ
3664 3947 3881 4012 κώλυμα

2323 4051 2568 4122 παρέστη
2599 4051 2661 4100 bc
2681 4047 2788 4099 τῶν
2817 4045 3260 4114 συμϐεϐηκότων,
3291 4043 3523 4110 λέγομεν
3546 4041 3610 4111 δὴ
3643 4041 3747 4110 τῆς
3778 4035 3880 4089 τῶν

2324 4141 2655 4212 Σαρακηνῶν
2711 4138 2967 4207 ἀφίξεως,
3013 4136 3089 4206 τῷ
3142 4135 3234 4188 νῦν
3287 4135 3387 4202 τὴν
3431 4131 3585 4202 ὑμῶν
3633 4132 3878 4198 ὁσιότητι

2325 4229 2746 4301 παραγενέσθαι,
2778 4230 2918 4282 κατά
2956 4228 3053 4298 τὴν
3088 4226 3241 4296 ὑμῶν
3272 4226 3552 4295 ἐξαίτησιν
3583 4219 3880 4290 ἀναγκαίαν

2326 4321 2506 4389 οὖσαν,
2538 4325 2586 4376 εί
2621 4324 2717 4376 καὶ⁹
2763 4302 3090 4388 λυπούμενοι
3134 4320 3283 4388 ὅμως
3319 4315 3758 4388 παραχωροῦμεν
3789 4311 3879 4378 τὴν

2327 4414 2421 4466 τοῦ
2495 4412 2688 4484 καιροῦ
2762 4410 3124 4479 προθεσμίαν,
3185 4407 3251 4478 ἢν
3309 4406 3592 4474 ἐξαιτῆσαι
3640 4406 3877 4471 διέγνως.

2327 4506 2503 4559 Μόνον
2546 4503 2678 4556 Θεοῦ
2721 4504 3080 4571 ὑπερέχοντος
3131 4498 3446 4569 ἐρρωμένος
3489 4496 3746 4560 διατέλει,
3795 4489 3878 4543 καὶ

665 4595 797 4639 tunc
848 4582 948 4636 iter
997 4581 1108 4633 list.
1169 4580 1485 4648 Logotltetze
1537 4581 1755 4650 quidem
1812 4582 2104 4636 commissa
2146 4590 2219 4634 est

2327 4597 2414 4649 ὅτε
2451 4612 2531 4648 σοι
2573 4595 2725 4663 φίλον
2766 4595 2858 4647 καὶ
2904 4593 3036 4655 Θεὸς
3089 4592 3387 4654 ὲπινεύσοι,
3432 4589 3744 4642 στείλασθαι
3790 4584 3878 4649 τὴν

665 4674 890 4746 epistola
925 4691 940 4727 :
976 4673 1104 4741 quid
1154 4683 1333 4726 autem
1383 4673 1591 4725 homini
1639 4683 1823 4725 actum
1882 4674 1954 4726 sit
1987 4672 2225 4725 nondum

667 4768 940 4822 novimus.
982 4763 1062 4819 Tu
1112 4764 1310 4828 valeas,
1362 4779 1460 4819 nec
1490 4765 1542 4818 in
1583 4765 1691 4820 tuis
1735 4765 1940 4820 sanctis
1978 4766 2227 4833 precibus

662 4857 1007 4916 obliviscaris
1039 4867 1240 4917 uosme
1276 4858 1621 4910 humilitatis.

1243 5161 1378 5216 LXI.
1419 5160 1646 5216 Incerto.

663 5325 670 5340 .
741 5274 1080 5340 Audivimus.
1125 5279 1196 5332 [ili
1246 5287 1452 5342 noster,
1507 5279 1690 5331 dolere
1752 5286 1804 5331 te
1852 5277 2005 5346 quasi
2046 5285 2228 5328 nostra

674 5375 954 5431 humilitas
1006 5374 1236 5441 aliquam
1289 5372 1424 5425 inte
1456 5370 1808 5424 offensionem
1867 5371 2076 5422 habeat.
2121 5366 2229 5419 Hoc

671 5479 874 5530 autem,
931 5466 1002 5519 fili
1041 5465 1138 5530 tui,
1197 5466 1311 5518 sive
1342 5465 1465 5532 quis
1513 5464 1735 5532 pertulit
1765 5464 1830 5515 ad
1884 5473 2005 5515 tuas
2049 5475 2229 5520 aures,

676 5563 905 5615 mendax
933 5567 1018 5614 est
1050 5573 1150 5612 nec
1175 5559 1456 5612 veritatem
1491 5565 1798 5618 reveretur;
1849 5555 1960 5609 sive
2010 5563 2063 5606 tu
2118 5554 2230 5621 ipse

678 5669 773 5723 pro
808 5654 1041 5706 ltumau'a
1090 5651 1407 5704 conditione
1440 5658 1628 5717 sponte
1650 5649 1958 5716 suspicatus
1989 5662 2067 5709 cs,
2111 5645 2225 5698 noli

672 5744 782 5811 3am
837 5742 889 5794 iu
919 5750 1011 5795 tuo
1068 5738 1417 5794 circumferre
1466 5749 1702 5806 pectore.
1770 5739 1884 5794 Scit
1941 5738 2082 5791 enim
2135 5738 2226 5805 qui

677 5835 842 5890 corda
888 5842 1160 5892 scrutatur
1211 5832 1389 5904 Deus,
1438 5829 1721 5906 ejusmodi
1783 5830 1862 5887 rei
1923 5831 2076 5888 nobis
2131 5845 2231 5886 nos

2330 4693 2465 4759 πρὸς
2495 4690 2641 4757 ἡμᾶς
2671 4687 2916 4756 πορείαν,
2958 4685 3080 4735 τότε
3126 4686 3159 4753 ὴ
3200 4684 3390 4751 πορεία
3431 4680 3681 4749 γινέσθω.
3714 4677 3802 4745 Τῷ
3829 4673 3876 4724 δὲ

2327 4780 2582 4849 λογοθέτῃ
2627 4776 2734 4830 τῶν
2784 4775 2994 4844 ἁγελῶν
3051 4775 3332 4842 ἀπεστάλη
3393 4774 3628 4841 γράμμα
3657 4786 3671 4799 °
3725 4769 3779 4821 τί
3824 4764 3874 4816 δὲ

2328 4875 2639 4942 πέπρακται
2683 4870 2761 4938 τῷ
2808 4867 3095 4936 ἀνθρώπῳ,
3124 4867 3274 4919 οῦπω
3311 4868 3403 4918 καὶ
3434 4866 3670 4933 σήμερον
3717 4863 3874 4932 ἔγνω-

2334 4982 2449 5034 μεν.
2488 4962 2827 5034 Ἐῥρωμένος
2856 4961 2984 5029 ἡμῖν
3016 4959 3152 5025 εἴης.
3191 4959 3280 5011 καὶ
3320 4958 3375 5007 ὲν
3424 4958 3540 5016 ταῖς
3572 4953 3748 5015 ὁσίαις
3793 4950 3873 5001 εὔ-

2331 5059 2450 5126 χαῖς
2483 5057 2556 5124 μὴ
2587 5054 2753 5123 λήθην
2779 5053 2915 5121 ἔχων
2943 5051 3042 5120 τῆς
3081 5049 3236 5119 ἡμῶν
3280 5048 3653 5117 μετριότητος.

2893 5161 3010 5216 EA'.
3077 5159 3328 5228 Ἀδήλφ.

2414 5280 2773 5350 Ἀκηκόαμεν,
2807 5277 2995 5328 τέκνον
3043 5274 3221 5343 ἡμῶν,
3255 5270 3538 5324 λυπεῖσθαί
3585 5287 3642 5323 σε
3681 5268 3757 5330 ὡς
3789 5265 3875 5332 τῆς

2333 5375 2488 5445 ἡμῶν
2519 5374 2898 5438 ταπεινότητος
2943 5364 3311 5434 ἀγανάκτησίν
3344 5381 3462 5415 τινα
3493 5362 3631 5415 κατὰ
3674 5360 3766 5413 σοῦ
3795 5371 3877 5426 φε-

2336 5468 2530 5538 ρούσης
2554 5481 2567 5495 °
2602 5465 2693 5517 καὶ
2725 5464 2910 5535 τοῦτο,
2937 5464 3124 5513 τέκνον
3152 5458 3324 5528 ἡμῶν,
3358 5458 3466 5509 εἴτε
3505 5453 3760 5528 τιςπρὸς
3791 5448 3875 5506 τὰς

2337 5561 2434 5621 σὰς
2466 5557 2797 5625 ἀπεκόμισεν
2841 5553 3026 5616 ἀκοὰς,
3054 5551 3291 5620 ψεύστης
3337 5550 3452 5600 ἐστὶ
3481 5548 3573 5600 καὶ
3606 5545 3678 5616 μὴ
3719 5539 3874 5610 τιμῶν

2335 5650 2428 5719 τὴν
2459 5646 2711 5717 ἀλήθειαν
2731 5663 2744 5674 ’
2776 5646 2880 5697 εἴτε
2916 5645 3072 5704 αὐτὸς
3118 5638 3203 5693 οἷα
3232 5641 3314 5692 τὰ·
3337 5639 3651 5710 ἀνθρώπινα
3678 5633 3872 5687 οἴκοθεν

2336 5743 2491 5795 τοῦτο
2521 5739 2807 5799 ὑπέλαῦες,
2841 5738 3034 5804 μηκέτι
3071 5734 3226 5788 τοῦτο
3263 5736 3318 5784 ὲν
3365 5735 3433 5802 τῇ
3483 5733 3550 5800 σῇ
3590 5728 3871 5800 περιφέρῃς

2341 5835 2556 5900 καρδίᾳ.
2600 5834 2767 5895 Αὐτὸς
2800 5829 2904 5899 γὰρ
2941 5830 3226 5882 ἐπίσταται
3253 5828 3279 5879 ὁ
3313 5826 3442 5888 Θεὸς
3480 5827 3507 5877 ὁ
3547 5826 3638 5886 τὰς
3668 5823 3870 5891 καρδίας
