4074 6440
252 383 327 445 ιω
957 378 962 384 '
1486 405 1494 416 ι
1622 353 2031 444 EPISTOLAE.

3129 328 3149 356 θ

3347 384 3454 446 26?.

249 489 460 562 ἐρευνῶν,
515 487 665 541 οὐδὲν
723 487 966 542 τοιοῦτον
1023 487 1235 553 ἑαυτοῖς
1292 488 1756 560 συγγινώσκομεν.

1875 489 2128 545 conscios
2156 504 2264 543 non
2301 503 2444 545 esse.
2493 476 2758 544 Novimus
2784 491 2932 545 enim
2963 490 3059 546 Dei
3090 491 3262 561 gratia
3299 507 3451 562 inag-

217 623 220 642 .
257 579 576 650 Ἐπιστάμεθα
603 580 711 650 γαρ
740 581 924 651 χάριτι
949 579 1084 634 Θεοῦ
1109 580 1201 634 καὶ
1228 581 1288 634 τὺ
1321 581 1420 652 τῆς
1444 582 1762 653 φρονήσεως

244 673 369 743 ὑμῶν
387 671 600 737 τέλειον,
633 670 730 724 καὶ
762 671 860 740 τὴν
896 670 1032 742 πρὸς
1064 672 1209 740 ἡμᾶς
1232 671 1597 742 ἀνυπόκριτον
1627 673 1766 740 ἀγά-

241 783 346 835 πην,
372 765 454 818 καὶ
490 762 586 833 τὴν
619 763 757 833 πρὸς
801 764 899 826 τὰς
933 760 1028 814 τοῦ
1057 762 1193 815 Θεοῦ
1223 762 1558 834 Ἐκκλησίας
1602 764 1765 817 εὐλά-

235 857 363 910 ϐειαν
408 857 466 924 ἣν
516 854 678 923 ἔχεις,
712 853 787 918 ὡς
834 853 1121 925 ἅνθρωπος
1169 853 1303 907 Θεὸν
1351 856 1447 909 καὶ
1477 853 1633 919 εἰδὼς
1669 857 1766 909 καλ⁸

232 948 399 1017 τιμῶν,
433 946 522 998 καὶ
555 927 864 1014 γινώσκων,
903 947 986 998 ὅτι
1037 947 1132 999 καὶ
1170 945 1230 998 τδ
1271 949 1436 1018 τιμᾷν
1486 947 1578 1001 τὸν
1634 948 1766 1000 Θεὸν

231 1041 326 1108 ἔχει
353 1036 541 1107 φρίκην
579 1037 728 1093 τινά.
763 1038 835 1089 Ού
879 1037 987 1107 γὰρ
1025 1038 1268 1108 οῖδαμεν,
1301 1041 1350 1092 εί
1391 1039 1560 1105 ἀξίως
1589 1040 1765 1110 τιμῶ-

232 1146 345 1200 μεν·
375 1131 428 1181 τὺ
459 1131 514 1182 δὲ
545 1130 929 1200 προσκρούειν,
960 1129 1112 1199 πόσῳ
1140 1130 1345 1200 μᾶλλον
1385 1131 1767 1201 φοϐερώτερόν

226 1227 327 1278 ἔστι
353 1225 436 1276 καὶ
475 1223 946 1294 φρικωδέστερονῐ
992 1223 1339 1294 Ἐρῤωμένον
1377 1242 1435 1276 σε
1465 1224 1762 1294 διαφυλάτο

222 1316 348 1368 τοιὸ
389 1315 608 1386 Κύριος,
651 1317 828 1387 πάσης
886 1315 1184 1380 κακώσεως
1220 1317 1314 1370 καὶ
1347 1318 1630 1388 ὁρωμένης
1672 1320 1766 1371 καὶ

223 1409 428 1479 ἀοράτου
456 1410 745 1479 ἀνώτερον.

609 1519 727 1578 EB’.
769 1522 969 1592 Πέτρῳ
996 1523 1337 1592 μονάζοντι.

294 1634 602 1688 Ἐσπούδασε
652 1637 751 1705 μὲν
784 1638 826 1703 ὁ
851 1635 910 1700 ἐξ
961 1637 1134 1707 ἀρχῆς
1168 1638 1267 1707 τῆς
1315 1638 1374 1690 ὲν
1422 1641 1613 1712 εἰρήνῃ
1660 1659 1759 1695 κα-

214 1726 504 1789 ταστάσεως
545 1726 646 1797 τῆς
681 1728 1025 1800 ἀνθρωπίνης
1047 1730 1190 1798 ζωῆς
1235 1731 1494 1801 πολέμιος
1527 1733 1596 1786 τὰ
1630 1750 1762 1788 συν-

215 1818 313 1889 ήθη
362 1820 528 1889 ἑαυτῷ
582 1819 1046 1891 πονηρεύσασθαι,
1135 1821 1226 1874 καὶ
1277 1824 1604 1894 διαταράξαι
1662 1825 1762 1897 τὴν

215 1910 360 1978 ὑμῶν
404 1911 550 1979 ίεράν
603 1910 877 1981 ποίμνηνο
929 1913 1023 1964 καὶ
1057 1911 1184 1974 ἴσως
1217 1912 1339 1965 οὐδὲ
1388 1913 1762 1984 προαιρέσεως

211 2002 333 2054 εντα
358 2002 600 2072 τοιαύτης
634 2001 724 2055 τὸν
757 2001 1041 2073 ἄνθρωπον
1072 2003 1300 2066 ἐκεῖνον,
1331 2003 1424 2056 τὸν
1469 2005 1756 2076 Ἱλαρίωνα

211 2095 364 2163 φημὶ,
407 2095 523 2157 ταῖς
571 2093 802 2156 οἰκείαις
861 2093 1134 2164 μεθοδίαις
1180 2095 1399 2166 ἐκίνησε
1456 2096 1758 2152 σκάνδαλον

209 2188 332 2255 ὑμῖν
369 2186 636 2254 γενέσθαι.
685 2188 876 2256 Ὅμως
946 2186 1001 2238 δὲ
1048 2187 1221 2256 ὁ-τὴν
1277 2190 1499 2259 εἰρήνην
1558 2189 1761 2261 κλῆρον

209 2275 505 2330 καταλιπὼν
551 2280 660 2340 τοῖς
709 2277 996 2341 ἀγαπῶσιν
1034 2276 1215 2340 αὑτὸν,
1256 2279 1366 2330 εἴτε
1407 2281 1757 2353 ἀνθρωπίνης

207 2369 542 2440 κουφότητος,
576 2369 688 2421 εἴτε
733 2369 1060 2438 δαιμονικῆς
1110 2368 1375 2440 ἐπηρείας
1425 2361 1507 2423 to
1537 2374 1772 2441 γεγονὸς

206 2459 454 2530 ὑπῆρξεν,
487 2462 670 2514 ἐκεῖνα
692 2459 957 2524 διέλυσεν,
991 2462 1118 2531 ὑμῖν
1145 2463 1200 2514 δὲ
1228 2464 1471 2533 παρέσχε
1511 2465 1570 2516 τὸ
1602 2467 1758 2535 εἰρη-

207 2549 392 2602 νεύειν.
438 2549 546 2601 Καὶ
579 2549 670 2601 ἐπὶ
708 2548 867 2602 τοῦτο
915 2549 1013 2619 μὲν
1052 2551 1210 2622 χάριν
1260 2553 1632 2623 ὁμολογοῦμεν
1679 2556 1756 2626 τῷ

205 2642 342 2711 ἁγίῳ
372 2641 503 2712 Θεῷ,
544 2643 674 2711 ὑμῖν
719 2642 774 2694 δὲ
804 2643 896 2694 καὶ
926 2646 1094 2712 χωρὶς
1125 2644 1232 2696 τῶν
1269 2647 1552 2715 ἡμετέρων
1585 2647 1758 2716 λόγων

203 2732 410 2797 εἰδόσιν,
454 2727 543 2786 οἷα
592 2732 656 2804 δὴ
693 2733 970 2803 Πνεύματι
1015 2733 1148 2786 Θεοῦ
1202 2736 1656 2805 κυδερνωμένοις,
1685 2739 1759 2802 ὡς

203 2820 313 2873 ἐστι
343 2822 452 2874 δέον
490 2822 893 2892 προσφέρεσθαι
919 2822 995 2892 τῷ
1050 2822 1341 2894 ἀνθρώπῳ,
1390 2826 1674 2897 γράφομεν
1723 2827 1757 2881 ἃ

201 2912 528 2982 γινώσκομεν
558 2913 653 2968 καὶ
689 2917 757 2985 τῇ
793 2917 859 2985 σῇ
891 2915 1131 2987 ὁσιότητι
1162 2918 1463 2986 πρέποντα,
1513 2921 1756 2992 κάκείνῳ

203 3008 433 3076 εωτήρια
473 3006 603 3062 ὁντα
643 3008 739 3061 καὶ
782 3008 1132 3078 συμφέροντα
1161 3009 1254 3063 τοῦ
1284 3012 1358 3080 μὴ
1401 2991 1591 3081 ὥσπερ
1649 2991 1756 3066 ἀπξ.

199 3096 521 3167 εξετωμένον
550 3099 713 3152 αὑτὸν
769 3098 936 3170 ἔχειν,
991 3100 1123 3171 μηδὲ
1171 3102 1269 3172 τῆς
1326 3106 1426 3173 σῆς
1477 3103 1756 3173 ἀλλότριον

1869 596 1996 635 nam
2055 591 2290 636 vestram
2373 582 2700 652 sapientiam
2781 590 2836 638 et
2913 592 3149 637 vestram
3208 585 3261 639 in
3351 601 3451 642 nos

1868 674 2136 728 sinceram
2169 672 2535 739 dilectionem,
2584 683 2637 728 et
2663 683 2920 743 quantam
2958 673 3011 728 in
3049 674 3141 729 Dei
3176 676 3451 730 Ecclesias

1867 762 2038 819 babes
2088 764 2430 833 religionem,
2493 774 2751 834 tanquam
2809 759 2975 820 homo
3028 765 3122 836 qui
3174 765 3344 821 Deum
3397 777 3450 822 et

1867 855 2150 924 cognoscit
2177 865 2225 910 et
2247 866 2561 922 reveretur,
2609 865 2664 912 et
2687 857 2792 911 scit
2835 855 2924 910 Dei
2959 857 3123 911 etiam
3176 857 3444 912 honorem

1871 961 1979 1001 non
2002 962 2123 1002 esse
2144 949 2263 1002 sine
2291 948 2475 1017 aliqua
2509 958 2691 1013 metu;
2719 949 3000 1003 nescimus
3026 953 3266 1005 eniman
3298 951 3446 1005 illum

1866 1032 2047 1093 debite
2096 1040 2451 1094 honoremus.
2493 1038 2648 1094 lllum
2705 1047 2887 1094 autem
2922 1039 3200 1111 on‘endere
3243 1050 3450 1111 quanto

1867 1131 2042 1201 magis
2096 1132 2596 1202 pertimescendum
2646 1141 2700 1185 et
2735 1110 3179 1187 formidandum!
3235 1110 3449 1189 Incolu-

1869 1237 2012 1276 mem
2074 1231 2125 1277 te
2173 1231 2356 1278 servet
2406 1222 2692 1288 Dominus,
2751 1222 2900 1278 omni
2953 1223 3100 1278 malo
3142 1224 3344 1280 visibili
3390 1235 3445 1280 et

1869 1312 2134 1369 invisibili
2167 1313 2530 1384 superiorem.

2225 1504 2230 1510 ³
2316 1518 2489 1590 LXII.
2519 1521 2680 1576 Petro
2717 1523 2984 1578 solitario.

1931 1633 2176 1689 Conatus
2206 1640 2288 1688 est
2319 1635 2538 1704 quidem
2569 1635 2662 1690 ille
2692 1635 2785 1706 qui
2823 1639 2892 1689 ab
2927 1636 3085 1691 initio
3118 1646 3204 1692 est
3233 1637 3448 1708 pacilici

1863 1734 2038 1779 status
2071 1726 2322 1780 humana:
2371 1725 2495 1781 vitae
2529 1725 2704 1784 hostis
2749 1727 2912 1783 solita
2965 1729 3108 1783 mala
3146 1743 3443 1799 peragere,

1864 1825 2218 1884 vestrumque
2267 1830 2488 1881 sacrum
2533 1832 2750 1888 gregem
2803 1819 3160 1889 perturbare;
3216 1830 3269 1876 et
3299 1821 3447 1875 hunc

1863 1906 1956 1975 qui
1992 1906 2131 1962 forte
2163 1921 2270 1961 non
2298 1915 2415 1962 erat
2469 1907 2782 1964 istiusmodi
2808 1909 3110 1966 voluntatis
3142 1911 3445 1977 hominem,

1864 1994 2197 2051 liilarionem
2252 1998 2515 2067 inquam.
2593 1999 2708 2055 suis
2771 1998 3059 2056 fraudibus
3109 1999 3325 2071 impulit
3385 2010 3470 2059 ut.

1864 2086 2182 2143 scandalum
2228 2089 2383 2145 vobis
2417 2089 2591 2145 ﬁeret.
2654 2092 2910 2146 Attamen
2961 2092 3052 2147 ille
3102 2094 3197 2162 qui
3255 2108 3442 2163 pacem

1862 2180 2085 2250 reliquit
2116 2181 2484 2236 limreditatem
2533 2182 2883 2254 diligentibus
2917 2197 2995 2250 se,
3025 2184 3142 2239 sive
3192 2184 3445 2240 humanae

1863 2273 2096 2330 levitatis
2130 2274 2246 2329 sive
2280 2272 2568 2328 diabolica-
2609 2273 2832 2329 malitia:
2865 2288 3005 2344 opus
3067 2276 3348 2348 superavit
3388 2284 3444 2332 et

1862 2363 2133 2428 dissolvit,
2167 2365 2433 2434 vobisque
2471 2365 2616 2419 dedit
2641 2365 2696 2419 in
2726 2380 2859 2434 pace
2889 2365 3106 2436 degere.
3147 2366 3210 2421 Et
3238 2367 3305 2421 de
3337 2366 3443 2422 hac

1864 2468 1922 2506 re
1955 2453 2157 2522 gratias
2194 2452 2303 2508 Deo
2337 2464 2526 2509 sancto
2555 2455 2916 2523 conﬁtemur;
2953 2445 3107 2512 vobis
3135 2467 3316 2512 autem
3343 2460 3442 2530 qui

1862 2545 2024 2599 etiam
2066 2545 2271 2614 absque
2321 2547 2668 2603 sermonibus
2716 2549 2921 2605 nostris
2948 2537 3128 2616 scitis,
3174 2553 3376 2622 ut‘qui
3407 2568 3436 2605 a

1865 2635 2071 2704 Spiritu
2108 2637 2200 2692 Dei
2230 2637 2527 2704 ducimini;
2577 2640 2853 2707 quomodo
2886 2651 3135 2709 oporteat
3171 2644 3226 2697 in
3261 2645 3440 2701 homi-

1861 2742 1983 2780 nem
2032 2743 2091 2782 se
2149 2743 2356 2798 gerere,
2404 2730 2696 2784 scribimus
2741 2746 2864 2801 qua:
2915 2733 3167 2788 novimus
3219 2745 3273 2790 et
3329 2746 3440 2791 tuae

1821 2861 1824 2866 .
1863 2817 2142 2874 sanctitati
2176 2833 2444 2887 congrua,
2474 2830 2527 2872 et
2553 2820 2630 2872 illi
2658 2820 2920 2876 salutaria
2949 2831 3004 2876 et
3031 2825 3207 2895 utilia,
3242 2843 3437 2898 nempe

1861 2918 1922 2962 ut
1951 2923 2074 2961 eum
2114 2921 2220 2961 non
2250 2917 2308 2961 ut
2336 2919 2652 2962 extraneum
2689 2911 2913 2978 habeas,
2968 2929 3147 2985 neque
3185 2925 3293 2972 tute
3325 2919 3441 2988 spi-

1861 3001 2038 3055 ritalis
2069 3000 2456 3056 benevolentiae
2497 3003 2773 3069 alienum;
2829 3005 2925 3059 sed
2967 3006 3118 3063 licet.
3145 3024 3268 3063 eum
3325 3027 3436 3067 non

1861 3092 2106 3162 permisit
2157 3107 2370 3148 morum
2419 3093 2832 3161 dissimilitudo,
2884 3106 2942 3150 ut
2978 3113 3121 3168 δεῦρο
3152 3099 3297 3156 litin
3335 3103 3438 3158 hu-

203 3191 567 3258 πνευματικῆς
593 3180 849 3261 σχέσεως.
886 3189 1026 3244 Ἀλλ’
1055 3196 1102 3246 εἰ
1143 3193 1238 3245 καὶ
1270 3194 1344 3263 μὴ
1379 3195 1756 3266 συνεχώρησεν

1863 3185 2043 3240 manis
2073 3186 2254 3251 rebus,
2293 3199 2522 3254 corpore
2567 3196 2884 3243 conversari
2939 3198 2994 3244 et
3018 3191 3312 3249 convivere
3342 3211 3439 3250 vo-

201 3279 354 3331 αύτὸν
396 3283 430 3351 ἡ
477 3280 574 3334 τοῦ
626 3281 826 3353 τρόπου
885 3283 1263 3355 ἀνομαλὸτης,
1326 3280 1416 3338 οἷα
1473 3286 1644 3340 πολλὰ
1688 3289 1756 3340 τὰ

201 3369 539 3440 ἀνθρώπινα,
602 3374 932 3442 σωματικῶς
997 3377 1236 3427 συνεῖναι
1297 3376 1392 3429 καὶ
1450 3377 1759 3445 συνδιάγειν

201 3459 354 3528 ὑμῖν,
399 3461 536 3526 τέως
587 3463 688 3535 τῆς
737 3468 1113 3537 πνευματικῆς
1171 3468 1424 3536 ἑνότητος
1486 3469 1562 3539 μὴ
1616 3466 1758 3523 εἶναι

201 3553 848 3621 κεχωρισμένονάὑτόν·
908 3555 1026 3608 ἀλλ’
1079 3558 1227 3618 ὅπως
1289 3559 1354 3610 ἂν
1495 3561 1597 3629 τὴν
1657 3562 1759 3630 σὴν

200 3643 464 3713 πατρικὴν
498 3640 820 3714 κηδεμονίαν
840 3645 1156 3712 διαϐαίνειν,
1197 3647 1291 3701 καὶ
1320 3649 1428 3702 τῶν
1458 3649 1567 3702 σῶν
1585 3667 1757 3720 προσ-

200 3734 364 3801 ευχῶν
392 3737 482 3788 καὶ
527 3734 931 3805 παραινέσεων,
973 3738 1041 3790 δι’
1069 3733 1144 3791 ὧν
1175 3739 1310 3808 πρὸς
1342 3742 1443 3809 τὴν
1475 3743 1753 3813 μακαρίαν

200 3827 286 3878 καὶ
319 3827 398 3888 είς
430 3826 573 3897 ζωὴν
597 3827 839 3895 ἄγουσαν
865 3826 982 3879 ὁδὸν
1026 3827 1440 3895 κατευθύνεται,
1478 3830 1552 3901 μὴ
1586 3833 1753 3901 ἀμοι-

200 3922 307 3988 ρεῖν
339 3921 521 3986 αὑτὸν,
560 3921 695 3992 μηδὲ
739 3921 1124 3990 ἀποκήρυκτον
1154 3920 1249 3974 τοῦ
1287 3921 1525 3990 μεγάλου
1559 3924 1752 3976 τούτου

1852 3278 2096 3351 ,biscum,
2143 3293 2251 3332 non
2304 3288 2483 3332 tamen
2539 3279 2745 3334 unione
2791 3281 3024 3348 spiritali
3077 3284 3437 3353 excludatur;

1861 3371 1954 3426 sed
1985 3371 2485 3441 quomo‘docunque
2519 3375 2611 3435 sit,
2647 3381 2793 3426 tuam
2828 3373 2935 3442 ipsi
2999 3385 3281 3444 paternam
3324 3376 3438 3430 sol-

1859 3464 2196 3518 licitudinem
2245 3462 2570 3528 transferas,
2621 3473 2673 3518 et
2730 3471 2951 3518 tuarum
2987 3480 3205 3534 precum
3239 3464 3437 3521 exhor-

1859 3559 2261 3627 tationumque,
2296 3573 2391 3627 per
2414 3573 2550 3626 quas
2577 3558 2644 3612 ad
2673 3558 2883 3612 beatam
2915 3567 2966 3614 et
2996 3575 3125 3628 quas.
3152 3560 3218 3614 ad
3257 3562 3423 3614 vitam

1863 3651 2016 3704 ducit
2061 3651 2205 3704 viam
2254 3650 2541 3720 dirigatur,
2592 3665 2662 3705 ne
2707 3659 2980 3707 exsortem
3032 3651 3186 3706 illum
3240 3652 3434 3719 facias,

1860 3758 2036 3811 neque
2086 3743 2232 3796 illius
2295 3758 2509 3813 magna:
2563 3743 2901 3797 haereditatis
2956 3755 3230 3813 expertem
3300 3761 3436 3799 con-

1859 3838 2076 3888 stituas.
2134 3832 2428 3887 Incolumis
2478 3833 2638 3887 nobis
2688 3835 2944 3896 serveris,
2982 3851 3190 3890 memor
3216 3837 3268 3893 iu
3320 3838 3437 3892 tuis

1861 3926 2068 3979 sanctis
2099 3924 2357 3992 precibus
2387 3935 2592 3978 nostra:
2621 3924 2971 3979 humilitatis.

198 4015 391 4086 κλήρου
419 4016 798 4071 καθίστασθαι.
835 4016 1176 4087 Ἐρῤωμένος
1220 4016 1352 4086 ἡμῖν
1421 4017 1775 4089 διαφυλάττῃ,
1818 4023 2167 4089 μεμνημένος
2216 4023 2273 4073 ἐν
2313 4024 2434 4085 ταῖς
2500 4021 2680 4086 ὁσίαις
2734 4024 2925 4094 εὐχαῖς
2973 4038 3074 4078 σου
3118 4018 3214 4088 τῆς
3268 4017 3431 4088 ἡμῶν

195 4112 594 4184 ταπεινότητος.

542 4231 659 4286 ΞΓ.
703 4231 1026 4300 Ἐπιφανὶῳ
1049 4228 1386 4301 μονάζυντι.

267 4349 492 4417 Ἐχειτι
523 4345 658 4415 πρὸς
691 4345 884 4415 ἡδονὴν
919 4348 1012 4398 καὶ
1043 4349 1077 4415 ἡ
1108 4345 1392 4415 σωματικὴ
1430 4343 1539 4397 τῶν
1582 4343 1751 4412 φίλων

201 4438 474 4509 συνομιλία
517 4441 584 4507 τῇ
651 4442 936 4508 σωματικῇ
1006 4439 1273 4508 συναφείᾳ
1332 4437 1567 4491 δοκοῦσα
1625 4438 1753 4498 τοὺς

2251 4220 2429 4276 LXIII.
2461 4221 2752 4290 Epiphanio
2775 4224 3033 4277 solitario.

1930 4344 2146 4412 Aliquid
2201 4340 2410 4396 confert
2442 4342 2506 4394 ad
2535 4340 2866 4412 voluptatem
2897 4343 3193 4411 corporalis
3221 4346 3431 4402 amico-

1861 4453 1980 4490 rum
2027 4434 2391 4497 conversatio,
2429 4435 2630 4502 quippe
2660 4449 2780 4502 ρυλε
2821 4434 3069 4489 videatur
3111 4437 3434 4508 conjunctos

202 4531 629 4600 συναπτομένους
689 4530 939 4599 ήδύνειν’
999 4529 1113 4582 ἀλλ’
1166 4529 1200 4598 ἥ
1255 4545 1318 4596 γε
1383 4528 1751 4596 πνευματικὴ,

1861 4529 2151 4582 delectare.
2193 4526 2298 4578 Sed
2366 4525 2630 4594 spiritalis
2677 4527 3044 4592 conversatio,
3099 4529 3170 4582 ﬁli
3225 4541 3431 4596 noster,

200 4625 376 4679 τέκνον
407 4624 580 4694 ἡμῶν,
613 4621 714 4676 κᾶν
804 4623 912 4674 τῶν
944 4621 1213 4692 σωμάτων
1241 4622 1566 4687 ἀπόστασις,
1588 4622 1751 4672 πλέον

200 4714 297 4771 οἶδε
324 4719 387 4772 τὸ
418 4718 513 4787 ἡδὺ
541 4715 809 4786 πηγάζειν
842 4717 897 4768 ὲν
914 4717 1031 4777 ταῖς
1061 4714 1309 4783 καρδίαις
1353 4713 1463 4766 τῶν
1500 4714 1619 4766 κατ’
1651 4713 1751 4767 αὑ·-

200 4809 288 4880 τὴν
358 4809 803 4876 συναπτομένων.
865 4807 1101 4876 Ἐχομεν
1164 4801 1257 4857 οὖν
1315 4804 1577 4872 ἀνελλιπῆ
1653 4802 1751 4872 τὴν

201 4903 505 4963 ἀπόλαυσιν,
552 4901 675 4953 ἐπεὶ
721 4901 902 4970 χάριτι
954 4898 1089 4952 Θεοῦ
1131 4899 1228 4951 καὶ
1263 4898 1536 4966 πνεύματι
1583 4897 1751 4965 ἐσμὲν

200 4993 476 5063 ὴνωμένοι,
530 4990 698 5061 μηδὲν
733 4989 842 5041 ἀπὸ
895 4990 994 5060 τῆς
1045 4986 1363 5057 σωματικῆς
1414 4984 1751 5045 διαστάσεως

201 5085 565 5156 ζημιούμενοι.
605 5081 838 5150 Τοιαύτη
864 5080 972 5152 γὰρ
1004 5083 1036 5149 ὴ
1064 5080 1157 5133 τοῦ
1195 5080 1505 5146 πνεύματος
1548 5077 1752 5146 σχέσις,

201 5178 285 5228 καὶ
318 5177 489 5237 οὕτως
538 5171 648 5227 οἶδε
708 5175 773 5242 τῇ
807 5175 946 5227 κατὰ
998 5173 1088 5226 τὸν
1145 5172 1270 5224 νοῦν
1317 5172 1582 5242 συναφείᾳ
1641 5172 1751 5232 τοῖς

205 5267 446 5339 καθαρῶς
479 5266 778 5336 ἡνωμένοις
828 5265 1168 5336 χαρίζεσθαι,
1197 5263 1337 5317 ὥστε
1374 5266 1422 5316 εἰ
1456 5265 1547 5315 καὶ
1587 5262 1750 5314 πολέ-

206 5373 312 5422 μιος
340 5359 368 5409 ὁ
393 5355 581 5424 καιρὸς
609 5355 676 5423 τῇ
709 5358 990 5422 σωματικῇ
1025 5354 1338 5422 ἀπήντησεν
1367 5352 1576 5421 ὁμιλίᾳ,
1597 5351 1750 5403 οὐδὲν

204 5445 463 5514 ζημιῶσαι
509 5446 827 5516 δεδύνηται·
871 5447 1089 5506 παντως
1130 5445 1186 5496 δὲ
1237 5445 1372 5496 Θεοῦ
1423 5446 1749 5514 βουλομένου

205 5539 523 5608 συνεσόμεθα
555 5539 648 5591 καὶ
676 5537 1004 5607 σωματικῶς
1048 5537 1320 5607 ἀλλήλοις,
1351 5539 1510 5590 ὁπότε
1561 5538 1750 5590 τούτου

206 5631 288 5698 τῆς
330 5633 480 5696 θείας
517 5631 711 5701 βουλῆς
754 5631 905 5682 ἔσται
966 5630 1167 5699 κρίσις.
1218 5632 1353 5701 Περὶ
1405 5631 1460 5683 δὲ
1497 5626 1570 5688 ὧν
1618 5633 1751 5700 ἡμῖν

210 5722 294 5786 μὲν
326 5725 515 5795 ἐδήλου
549 5725 610 5776 τὸ
652 5725 908 5792 γράμμα,
951 5725 979 5774 ὁ
1030 5722 1083 5774 δὲ
1137 5723 1486 5793 χαρτοφύλαξ
1542 5725 1605 5773 ὲκ
1659 5720 1749 5774 τοῦ

211 5817 324 5878 πρὸς
364 5815 525 5870 αὐτὸν
556 5813 1325 5885 ἀπεσταλμένου.γράμματος
1366 5813 1547 5869 λαϐὼν
1582 5815 1751 5883 ἀνήγ-

1855 4622 1981 4674 licet
2024 4633 2250 4686 corpora
2298 4633 2328 4670 a
2379 4633 2437 4670 se
2485 4617 2714 4670 invicem
2772 4617 2996 4683 distent,
3045 4635 3153 4673 non
3205 4622 3432 4675 minoris

1855 4711 2147 4778 voluptatis
2188 4708 2311 4762 fons
2344 4715 2428 4761 est
2459 4707 2721 4762 cordibus
2755 4724 2876 4777 qua:
2912 4724 3008 4778 per
3042 4725 3160 4764 eam
3186 4713 3435 4780 jungun~

1857 4814 1968 4857 tur.
1994 4801 2268 4854 Habemus
2299 4801 2465 4868 igitur
2494 4801 2710 4869 plenam
2760 4800 3118 4871 voluptatem,
3165 4818 3286 4856 cum
3338 4804 3432 4857 Dci

1855 4893 2026 4961 gratia
2065 4892 2227 4943 etiam
2276 4891 2468 4958 spiritu
2505 4893 2780 4957 uniamur,
2816 4893 3024 4946 nullum
3065 4907 3128 4945 ex
3156 4895 3434 4964 corporali

1856 4984 2199 5052 separatione
2233 4983 2623 5037 detrimentum
2656 4984 2829 5051 passi.
2867 4983 2943 5036 Ea
2974 4992 3056 5038 est
3085 4985 3232 5038 enim
3267 4987 3435 5055 spiri—-

1857 5086 1940 5129 tus
1973 5075 2192 5127 habitus
2221 5085 2273 5128 et
2303 5075 2462 5127 talem
2508 5075 2609 5128 scit
2640 5073 2872 5142 spiritali
2900 5073 3284 5143 conjunctione
3316 5077 3428 5131 sin-

1856 5182 1977 5221 cere
2011 5169 2178 5222 unitis
2203 5167 2599 5234 jucunditatem
2634 5175 2918 5237 praestare,
2950 5178 3012 5221 ut
3056 5169 3267 5224 etiamsi
3297 5169 3430 5224 belli

1859 5269 2068 5329 tempus
2112 5258 2545 5312 conversationis
2589 5256 2904 5312 facultatem
2957 5260 3172 5322 adimit,
3212 5261 3427 5316 nullum

1855 5353 2240 5406 detrimentum
2276 5350 2469 5405 aﬂ‘erre
2515 5353 2775 5419 potuerit.
2814 5351 2924 5406 Deo
2975 5362 3156 5408 autem
3187 5356 3428 5422 volente,

1855 5447 1989 5498 alter
2013 5461 2136 5498 cum
2162 5446 2334 5499 altero
2368 5447 2528 5498 etiam
2571 5448 2923 5515 corporaliter
2951 5448 3424 5510 conversabimur,

1855 5539 2070 5608 quando
2114 5539 2216 5592 hoc
2250 5539 2447 5592 divinae
2492 5537 2754 5593 voluntati
2791 5539 2971 5593 visum
3013 5538 3199 5594 fuerit.
3230 5538 3308 5592 De
3338 5538 3427 5594 bis

1855 5643 2034 5686 autem
2081 5647 2201 5701 quae
2248 5632 2631 5699 signiﬁcabant
2683 5632 2893 5697 litterae,
2938 5643 2991 5687 et
3027 5649 3147 5703 qua:
3202 5633 3425 5686 cbarto-

1855 5726 2051 5795 pltylax
2105 5740 2166 5778 ex
2218 5724 2359 5778 datis
2405 5724 2505 5778 sibi
2560 5723 2750 5778 litteris
2807 5726 3100 5791 nuntiavit,
3154 5726 3427 5793 separatio

1858 5817 2177 5873 necessario
2208 5817 2416 5884 prolata
2445 5826 2547 5872 est.
2600 5815 2826 5884 Reliqua
2860 5825 3038 5873 autem
3081 5816 3155 5872 ita
3195 5817 3323 5875 iisut
3365 5824 3424 5870 ut
