  <div class='ocr_page' id='page_1' title='image "/cluster/home/n/w/nwhite01/storage/ocr_20150623/111/hvd.32044010574143/142.png"; bbox 0 0 4074 6448; ppageno 0'>
   <div class='ocr_carea' id='block_1_1' title="bbox 218 389 1735 455">
    <p class='ocr_par' dir='ltr' id='par_1_1' title="bbox 218 389 1726 455">
     <span class='ocr_line' id='line_1_1' title="bbox 218 389 1726 455; baseline -0.004 0"><span class='ocrx_word' id='word_1_1' title='bbox 218 393 301 455; x_wconf 75' lang='grc'><strong>269</strong></span> <span class='ocrx_word' id='word_1_2' title='bbox 1110 395 1116 401; x_wconf 82' lang='grc'><em>’</em></span> <span class='ocrx_word' id='word_1_3' title='bbox 1179 447 1186 451; x_wconf 91' lang='lat'><strong><em>_</em></strong></span> <span class='ocrx_word' id='word_1_4' title='bbox 1610 389 1726 449; x_wconf 80' lang='lat' dir='ltr'><strong>EPl</strong></span> 
     </span>
    </p>
   </div>
   <div class='ocr_carea' id='block_1_2' title="bbox 1835 389 2068 455">
    <p class='ocr_par' dir='ltr' id='par_1_2' title="bbox 1835 390 2068 450">
     <span class='ocr_line' id='line_1_2' title="bbox 1835 390 2068 450; baseline -0.004 0"><span class='ocrx_word' id='word_1_5' title='bbox 1835 390 2013 450; x_wconf 55' lang='lat' dir='ltr'><strong>OLr’E.</strong></span> <span class='ocrx_word' id='word_1_6' title='bbox 2065 447 2068 449; x_wconf 16' lang='grc' dir='ltr'><strong>Α</strong></span> 
     </span>
    </p>
   </div>
   <div class='ocr_carea' id='block_1_3' title="bbox 3283 348 3451 453">
    <p class='ocr_par' dir='ltr' id='par_1_3' title="bbox 3283 348 3451 453">
     <span class='ocr_line' id='line_1_3' title="bbox 3283 348 3451 453; baseline -0.03 1"><span class='ocrx_word' id='word_1_7' title='bbox 3283 389 3385 453; x_wconf 75' lang='lat'><strong>270</strong></span> <span class='ocrx_word' id='word_1_8' title='bbox 3442 348 3451 356; x_wconf 69' lang='grc'><em>’</em></span> 
     </span>
    </p>
   </div>
   <div class='ocr_carea' id='block_1_4' title="bbox 221 505 1735 583">
    <p class='ocr_par' dir='ltr' id='par_1_4' title="bbox 221 505 1733 583">
     <span class='ocr_line' id='line_1_4' title="bbox 221 505 1733 583; baseline -0.022 -17"><span class='ocrx_word' id='word_1_9' title='bbox 221 514 408 583; x_wconf 73' lang='grc' dir='ltr'>κὶησίας</span> <span class='ocrx_word' id='word_1_10' title='bbox 435 509 564 573; x_wconf 59' lang='grc' dir='ltr'>υἱὸς,</span> <span class='ocrx_word' id='word_1_11' title='bbox 597 508 740 562; x_wconf 77' lang='grc' dir='ltr'>οὕτω</span> <span class='ocrx_word' id='word_1_12' title='bbox 786 505 1184 578; x_wconf 73' lang='grc' dir='ltr'>προθυμήθητι,</span> <span class='ocrx_word' id='word_1_13' title='bbox 1220 508 1314 558; x_wconf 67' lang='grc' dir='ltr'>καὶ</span> <span class='ocrx_word' id='word_1_14' title='bbox 1346 505 1421 576; x_wconf 70' lang='grc' dir='ltr'><strong>τῷ</strong></span> <span class='ocrx_word' id='word_1_15' title='bbox 1456 506 1588 576; x_wconf 57' lang='grc' dir='ltr'><strong>πρδς</strong></span> <span class='ocrx_word' id='word_1_16' title='bbox 1636 509 1733 575; x_wconf 56' lang='grc' dir='ltr'><strong>τὴν</strong></span> 
     </span>
    </p>
   </div>
   <div class='ocr_carea' id='block_1_5' title="bbox 1835 505 3385 583">
    <p class='ocr_par' dir='ltr' id='par_1_5' title="bbox 1837 507 3385 578">
     <span class='ocr_line' id='line_1_5' title="bbox 1837 507 3385 578; baseline 0.003 -18"><span class='ocrx_word' id='word_1_17' title='bbox 1837 507 2227 578; x_wconf 70' lang='lat' dir='ltr'><strong>archiepiscopi</strong></span> <span class='ocrx_word' id='word_1_18' title='bbox 2279 509 2331 564; x_wconf 91' lang='lat' dir='ltr'><strong>in</strong></span> <span class='ocrx_word' id='word_1_19' title='bbox 2390 527 2483 566; x_wconf 88' lang='lat' dir='ltr'><strong>sua</strong></span> <span class='ocrx_word' id='word_1_20' title='bbox 2540 513 2688 576; x_wconf 78' lang='lat' dir='ltr'><strong>sede,</strong></span> <span class='ocrx_word' id='word_1_21' title='bbox 2741 513 2898 566; x_wconf 80' lang='lat' dir='ltr'><strong>rebus</strong></span> <span class='ocrx_word' id='word_1_22' title='bbox 2947 514 3218 569; x_wconf 64' lang='lat' dir='ltr'><strong>Chazarix</strong></span> <span class='ocrx_word' id='word_1_23' title='bbox 3261 531 3385 570; x_wconf 89' lang='lat' dir='ltr'><strong>cum</strong></span> 
     </span>
    </p>
   </div>
   <div class='ocr_carea' id='block_1_6' title="bbox 218 592 1726 670">
    <p class='ocr_par' dir='ltr' id='par_1_6' title="bbox 218 592 1726 670">
     <span class='ocr_line' id='line_1_6' title="bbox 218 592 1726 670; baseline 0.001 -24"><span class='ocrx_word' id='word_1_24' title='bbox 218 600 456 670; x_wconf 79' lang='grc' dir='ltr'>Χαζαρίαν</span> <span class='ocrx_word' id='word_1_25' title='bbox 482 601 623 667; x_wconf 76' lang='grc' dir='ltr'><strong>ἔργῳ</strong></span> <span class='ocrx_word' id='word_1_26' title='bbox 651 595 1122 663; x_wconf 84' lang='grc' dir='ltr'>συναγωνίσασθαι</span> <span class='ocrx_word' id='word_1_27' title='bbox 1161 597 1252 646; x_wconf 73' lang='grc' dir='ltr'>καὶ</span> <span class='ocrx_word' id='word_1_28' title='bbox 1292 597 1358 664; x_wconf 78' lang='grc' dir='ltr'>τῇ</span> <span class='ocrx_word' id='word_1_29' title='bbox 1396 592 1726 649; x_wconf 78' lang='grc' dir='ltr'>καταστᾶσει</span> 
     </span>
    </p>
   </div>
   <div class='ocr_carea' id='block_1_7' title="bbox 215 685 1727 763">
    <p class='ocr_par' dir='ltr' id='par_1_7' title="bbox 215 685 1727 763">
     <span class='ocr_line' id='line_1_7' title="bbox 215 685 1727 763; baseline -0.003 -17"><span class='ocrx_word' id='word_1_30' title='bbox 215 695 289 746; x_wconf 72' lang='grc' dir='ltr'>καὶ</span> <span class='ocrx_word' id='word_1_31' title='bbox 315 691 561 761; x_wconf 82' lang='grc' dir='ltr'>ἐνιδρύσει</span> <span class='ocrx_word' id='word_1_32' title='bbox 593 687 687 742; x_wconf 82' lang='grc' dir='ltr'>τοῦ</span> <span class='ocrx_word' id='word_1_33' title='bbox 726 689 1157 763; x_wconf 87' lang='grc' dir='ltr'>ἀρχιεπισκόπου</span> <span class='ocrx_word' id='word_1_34' title='bbox 1202 685 1341 755; x_wconf 76' lang='grc' dir='ltr'>πρὸς</span> <span class='ocrx_word' id='word_1_35' title='bbox 1389 687 1480 740; x_wconf 64' lang='grc' dir='ltr'><strong>τὸν</strong></span> <span class='ocrx_word' id='word_1_36' title='bbox 1527 687 1727 745; x_wconf 78' lang='grc' dir='ltr'>οίκεῖον</span> 
     </span>
    </p>
   </div>
   <div class='ocr_carea' id='block_1_8' title="bbox 213 775 1724 850">
    <p class='ocr_par' dir='ltr' id='par_1_8' title="bbox 213 775 1724 850">
     <span class='ocr_line' id='line_1_8' title="bbox 213 775 1724 850; baseline -0.002 -17"><span class='ocrx_word' id='word_1_37' title='bbox 213 781 385 850; x_wconf 78' lang='grc' dir='ltr'><strong>θρόνον,</strong></span> <span class='ocrx_word' id='word_1_38' title='bbox 419 778 635 832; x_wconf 70' lang='grc' dir='ltr'>ἐπειδᾶν</span> <span class='ocrx_word' id='word_1_39' title='bbox 684 777 817 848; x_wconf 78' lang='grc' dir='ltr'>πρὸς</span> <span class='ocrx_word' id='word_1_40' title='bbox 876 776 973 846; x_wconf 79' lang='grc' dir='ltr'>τὴν</span> <span class='ocrx_word' id='word_1_41' title='bbox 1032 775 1312 844; x_wconf 81' lang='grc' dir='ltr'>Χαζαρίαν</span> <span class='ocrx_word' id='word_1_42' title='bbox 1350 777 1484 831; x_wconf 79' lang='grc' dir='ltr'>Θεοῦ</span> <span class='ocrx_word' id='word_1_43' title='bbox 1527 795 1724 847; x_wconf 82' lang='grc' dir='ltr'>συνερο</span> 
     </span>
    </p>
   </div>
   <div class='ocr_carea' id='block_1_9' title="bbox 1843 597 3384 668">
    <p class='ocr_par' dir='ltr' id='par_1_9' title="bbox 1843 597 3384 668">
     <span class='ocr_line' id='line_1_9' title="bbox 1843 597 3384 668; baseline 0.004 -18"><span class='ocrx_word' id='word_1_44' title='bbox 1843 597 1934 651; x_wconf 87' lang='lat' dir='ltr'><strong>Dei</strong></span> <span class='ocrx_word' id='word_1_45' title='bbox 1982 599 2185 651; x_wconf 75' lang='lat' dir='ltr'><strong>auxilio</strong></span> <span class='ocrx_word' id='word_1_46' title='bbox 2229 601 2499 668; x_wconf 74' lang='lat' dir='ltr'><strong>perfectis.</strong></span> <span class='ocrx_word' id='word_1_47' title='bbox 2543 603 2794 658; x_wconf 77' lang='lat' dir='ltr'><strong>Christus</strong></span> <span class='ocrx_word' id='word_1_48' title='bbox 2823 613 3000 657; x_wconf 89' lang='lat' dir='ltr'><strong>autem</strong></span> <span class='ocrx_word' id='word_1_49' title='bbox 3037 604 3174 659; x_wconf 79' lang='lat' dir='ltr'><strong>Dens</strong></span> <span class='ocrx_word' id='word_1_50' title='bbox 3204 617 3384 660; x_wconf 84' lang='lat' dir='ltr'><strong>noster</strong></span> 
     </span>
    </p>
   </div>
   <div class='ocr_carea' id='block_1_10' title="bbox 1808 689 3387 761">
    <p class='ocr_par' dir='ltr' id='par_1_10' title="bbox 1808 689 3387 761">
     <span class='ocr_line' id='line_1_10' title="bbox 1808 689 3387 761; baseline 0.004 -19"><span class='ocrx_word' id='word_1_51' title='bbox 1808 697 1893 750; x_wconf 48' lang='lat' dir='ltr'><strong>.ct</strong></span> <span class='ocrx_word' id='word_1_52' title='bbox 1921 696 1972 744; x_wconf 90' lang='lat' dir='ltr'><strong>te</strong></span> <span class='ocrx_word' id='word_1_53' title='bbox 1999 689 2068 743; x_wconf 86' lang='lat' dir='ltr'><strong>ibi</strong></span> <span class='ocrx_word' id='word_1_54' title='bbox 2109 691 2478 746; x_wconf 83' lang='lat' dir='ltr'><strong>honorabiletn</strong></span> <span class='ocrx_word' id='word_1_55' title='bbox 2523 696 2734 761; x_wconf 89' lang='lat' dir='ltr'><strong>reddat,</strong></span> <span class='ocrx_word' id='word_1_56' title='bbox 2781 708 2833 751; x_wconf 89' lang='lat' dir='ltr'><strong>et</strong></span> <span class='ocrx_word' id='word_1_57' title='bbox 2868 696 2976 750; x_wconf 92' lang='lat' dir='ltr'><strong>huc</strong></span> <span class='ocrx_word' id='word_1_58' title='bbox 3007 695 3101 749; x_wconf 85' lang='lat' dir='ltr'><strong>tibi</strong></span> <span class='ocrx_word' id='word_1_59' title='bbox 3130 697 3387 752; x_wconf 87' lang='lat' dir='ltr'><strong>concedat</strong></span> 
     </span>
    </p>
   </div>
   <div class='ocr_carea' id='block_1_11' title="bbox 1838 782 2445 838">
    <p class='ocr_par' dir='ltr' id='par_1_11' title="bbox 1838 782 2445 838">
     <span class='ocr_line' id='line_1_11' title="bbox 1838 782 2445 838; baseline 0.007 -4"><span class='ocrx_word' id='word_1_60' title='bbox 1838 796 1956 834; x_wconf 84' lang='lat' dir='ltr'><strong>cum</strong></span> <span class='ocrx_word' id='word_1_61' title='bbox 1985 782 2159 837; x_wconf 82' lang='lat' dir='ltr'><strong>salute</strong></span> <span class='ocrx_word' id='word_1_62' title='bbox 2188 783 2445 838; x_wconf 81' lang='lat' dir='ltr'><strong>reditum.</strong></span> 
     </span>
    </p>
   </div>
   <div class='ocr_carea' id='block_1_12' title="bbox 209 867 3390 952">
    <p class='ocr_par' dir='ltr' id='par_1_12' title="bbox 209 867 3390 952">
     <span class='ocr_line' id='line_1_12' title="bbox 209 867 3390 952; baseline 0.002 -29"><span class='ocrx_word' id='word_1_63' title='bbox 209 871 394 940; x_wconf 74' lang='grc' dir='ltr'>γοῦντος</span> <span class='ocrx_word' id='word_1_64' title='bbox 420 870 696 941; x_wconf 71' lang='grc' dir='ltr'>ἐκτελέσῃ.</span> <span class='ocrx_word' id='word_1_65' title='bbox 732 871 833 938; x_wconf 78' lang='grc' dir='ltr'><strong>Εῐη</strong></span> <span class='ocrx_word' id='word_1_66' title='bbox 867 869 924 920; x_wconf 82' lang='grc' dir='ltr'>δὲ</span> <span class='ocrx_word' id='word_1_67' title='bbox 952 867 1187 936; x_wconf 77' lang='grc' dir='ltr'>Χριστὸς</span> <span class='ocrx_word' id='word_1_68' title='bbox 1216 869 1243 920; x_wconf 88' lang='grc' dir='ltr'><strong>ό</strong></span> <span class='ocrx_word' id='word_1_69' title='bbox 1273 867 1404 931; x_wconf 82' lang='grc' dir='ltr'><strong>Θεὸς</strong></span> <span class='ocrx_word' id='word_1_70' title='bbox 1437 870 1594 939; x_wconf 76' lang='grc' dir='ltr'>ἡμῶν</span> <span class='ocrx_word' id='word_1_71' title='bbox 1654 871 1747 922; x_wconf 78' lang='grc' dir='ltr'><strong>καὶ</strong></span> <span class='ocrx_word' id='word_1_72' title='bbox 1814 871 2000 924; x_wconf 78' lang='grc' dir='ltr'><strong>αὐτόθι</strong></span> <span class='ocrx_word' id='word_1_73' title='bbox 2041 873 2326 944; x_wconf 74' lang='grc' dir='ltr'>εὐδόκιμον</span> <span class='ocrx_word' id='word_1_74' title='bbox 2357 892 2415 926; x_wconf 85' lang='grc' dir='ltr'><strong>σε</strong></span> <span class='ocrx_word' id='word_1_75' title='bbox 2445 874 2678 943; x_wconf 73' lang='grc' dir='ltr'>δεικνὺς,</span> <span class='ocrx_word' id='word_1_76' title='bbox 2743 881 2838 933; x_wconf 76' lang='grc' dir='ltr'>καὶ</span> <span class='ocrx_word' id='word_1_77' title='bbox 2888 881 2986 950; x_wconf 82' lang='grc' dir='ltr'>τὴν</span> <span class='ocrx_word' id='word_1_78' title='bbox 3038 880 3173 952; x_wconf 78' lang='grc' dir='ltr'>πρὸς</span> <span class='ocrx_word' id='word_1_79' title='bbox 3211 879 3278 933; x_wconf 79' lang='grc' dir='ltr'><strong>τὰ</strong></span> <span class='ocrx_word' id='word_1_80' title='bbox 3306 879 3390 931; x_wconf 77' lang='grc' dir='ltr'><strong>ὲν-</strong></span> 
     </span>
    </p>
   </div>
   <div class='ocr_carea' id='block_1_13' title="bbox 209 959 1944 1032">
    <p class='ocr_par' dir='ltr' id='par_1_13' title="bbox 209 959 1944 1032">
     <span class='ocr_line' id='line_1_13' title="bbox 209 959 1944 1032; baseline 0.001 -18"><span class='ocrx_word' id='word_1_81' title='bbox 209 963 350 1018; x_wconf 55' lang='lat' dir='ltr'><strong>mea;</strong></span> <span class='ocrx_word' id='word_1_82' title='bbox 405 961 754 1032; x_wconf 80' lang='grc' dir='ltr'>χαριζόμενὸς</span> <span class='ocrx_word' id='word_1_83' title='bbox 823 977 902 1011; x_wconf 81' lang='grc' dir='ltr'><strong>σοι</strong></span> <span class='ocrx_word' id='word_1_84' title='bbox 981 959 1118 1026; x_wconf 84' lang='grc' dir='ltr'>μετὰ</span> <span class='ocrx_word' id='word_1_85' title='bbox 1171 960 1442 1031; x_wconf 77' lang='grc' dir='ltr'><strong>σωτηρίας</strong></span> <span class='ocrx_word' id='word_1_86' title='bbox 1526 961 1879 1032; x_wconf 80' lang='grc' dir='ltr'>ἀνακομιδήν.</span> <span class='ocrx_word' id='word_1_87' title='bbox 1912 1014 1944 1025; x_wconf 83' lang='lat'>_</span> 
     </span>
    </p>
   </div>
   <div class='ocr_carea' id='block_1_14' title="bbox 291 1075 1624 1152">
    <p class='ocr_par' dir='ltr' id='par_1_14' title="bbox 291 1075 1624 1152">
     <span class='ocr_line' id='line_1_14' title="bbox 291 1075 1624 1152; baseline 0.004 -22"><span class='ocrx_word' id='word_1_88' title='bbox 291 1075 397 1133; x_wconf 86' lang='grc' dir='ltr'><strong>ΞΘ¹.</strong></span> <span class='ocrx_word' id='word_1_89' title='bbox 431 1081 604 1134; x_wconf 80' lang='grc' dir='ltr'>Δαϐίδ</span> <span class='ocrx_word' id='word_1_90' title='bbox 648 1083 1044 1150; x_wconf 74' lang='grc' dir='ltr'>Καμουλιανῷ</span> <span class='ocrx_word' id='word_1_91' title='bbox 1096 1083 1624 1152; x_wconf 75' lang='grc' dir='ltr'>πρωτοσπαθαρΙῳ.</span> 
     </span>
    </p>
   </div>
   <div class='ocr_carea' id='block_1_15' title="bbox 271 1189 1732 1266">
    <p class='ocr_par' dir='ltr' id='par_1_15' title="bbox 271 1189 1732 1266">
     <span class='ocr_line' id='line_1_15' title="bbox 271 1189 1732 1266; baseline 0.004 -25"><span class='ocrx_word' id='word_1_92' title='bbox 271 1190 327 1242; x_wconf 82' lang='grc' dir='ltr'><strong>Ἀ</strong></span> <span class='ocrx_word' id='word_1_93' title='bbox 355 1189 606 1259; x_wconf 74' lang='grc' dir='ltr'>ἔγραψας,</span> <span class='ocrx_word' id='word_1_94' title='bbox 639 1192 827 1245; x_wconf 79' lang='grc' dir='ltr'>τέκνον</span> <span class='ocrx_word' id='word_1_95' title='bbox 858 1195 1014 1266; x_wconf 74' lang='grc' dir='ltr'><strong>ἡμῶν</strong></span> <span class='ocrx_word' id='word_1_96' title='bbox 1045 1195 1422 1266; x_wconf 77' lang='grc' dir='ltr'><strong>ἠγαπημένον,</strong></span> <span class='ocrx_word' id='word_1_97' title='bbox 1448 1198 1577 1265; x_wconf 73' lang='grc' dir='ltr'>περὶ</span> <span class='ocrx_word' id='word_1_98' title='bbox 1605 1197 1732 1261; x_wconf 79' lang='grc' dir='ltr'>τῶν,</span> 
     </span>
    </p>
   </div>
   <div class='ocr_carea' id='block_1_16' title="bbox 210 1278 1735 1358">
    <p class='ocr_par' dir='ltr' id='par_1_16' title="bbox 210 1278 1735 1358">
     <span class='ocr_line' id='line_1_16' title="bbox 210 1278 1735 1358; baseline 0.003 -23"><span class='ocrx_word' id='word_1_99' title='bbox 210 1284 288 1336; x_wconf 77' lang='grc' dir='ltr'>οὐκ</span> <span class='ocrx_word' id='word_1_100' title='bbox 311 1278 417 1336; x_wconf 74' lang='grc' dir='ltr'>οἶδα</span> <span class='ocrx_word' id='word_1_101' title='bbox 457 1283 570 1346; x_wconf 82' lang='grc' dir='ltr'><strong>πῶς</strong></span> <span class='ocrx_word' id='word_1_102' title='bbox 605 1284 772 1350; x_wconf 86' lang='grc' dir='ltr'>εῐπω,</span> <span class='ocrx_word' id='word_1_103' title='bbox 835 1286 1001 1357; x_wconf 79' lang='grc' dir='ltr'>μανίᾳ</span> <span class='ocrx_word' id='word_1_104' title='bbox 1040 1287 1071 1356; x_wconf 77' lang='grc' dir='ltr'><strong>ἢ</strong></span> <span class='ocrx_word' id='word_1_105' title='bbox 1118 1286 1486 1356; x_wconf 85' lang='grc' dir='ltr'>μισανθρὼπῳ</span> <span class='ocrx_word' id='word_1_106' title='bbox 1527 1285 1735 1358; x_wconf 82' lang='grc' dir='ltr'>δαίμονι</span> 
     </span>
    </p>
   </div>
   <div class='ocr_carea' id='block_1_17' title="bbox 1989 1083 3235 1156">
    <p class='ocr_par' dir='ltr' id='par_1_17' title="bbox 1989 1083 3235 1156">
     <span class='ocr_line' id='line_1_17' title="bbox 1989 1083 3235 1156; baseline 0.006 -19"><span class='ocrx_word' id='word_1_107' title='bbox 1989 1083 2174 1138; x_wconf 72' lang='lat' dir='ltr'><strong>LXIX.</strong></span> <span class='ocrx_word' id='word_1_108' title='bbox 2209 1085 2402 1139; x_wconf 77' lang='lat' dir='ltr'><strong>Davidi</strong></span> <span class='ocrx_word' id='word_1_109' title='bbox 2436 1087 2750 1141; x_wconf 78' lang='lat' dir='ltr'><strong>Camuliano</strong></span> <span class='ocrx_word' id='word_1_110' title='bbox 2797 1092 3235 1156; x_wconf 76' lang='lat' dir='ltr'><strong>protospat/mrio.</strong></span> 
     </span>
    </p>
   </div>
   <div class='ocr_carea' id='block_1_18' title="bbox 1900 1194 3387 1266">
    <p class='ocr_par' dir='ltr' id='par_1_18' title="bbox 1900 1194 3387 1266">
     <span class='ocr_line' id='line_1_18' title="bbox 1900 1194 3387 1266; baseline 0.003 -18"><span class='ocrx_word' id='word_1_111' title='bbox 1900 1194 2033 1262; x_wconf 71' lang='lat' dir='ltr'><strong>Quae</strong></span> <span class='ocrx_word' id='word_1_112' title='bbox 2087 1195 2372 1264; x_wconf 82' lang='lat' dir='ltr'><strong>scripsisti,</strong></span> <span class='ocrx_word' id='word_1_113' title='bbox 2415 1195 2607 1250; x_wconf 89' lang='lat' dir='ltr'><strong>dilecte</strong></span> <span class='ocrx_word' id='word_1_114' title='bbox 2632 1195 2723 1261; x_wconf 87' lang='lat' dir='ltr'><strong>lili,</strong></span> <span class='ocrx_word' id='word_1_115' title='bbox 2748 1212 2811 1250; x_wconf 89' lang='lat' dir='ltr'><strong>oc</strong></span> <span class='ocrx_word' id='word_1_116' title='bbox 2845 1213 2908 1250; x_wconf 89' lang='lat' dir='ltr'><strong>us</strong></span> <span class='ocrx_word' id='word_1_117' title='bbox 2935 1200 3048 1266; x_wconf 86' lang='lat' dir='ltr'><strong>qui,</strong></span> <span class='ocrx_word' id='word_1_118' title='bbox 3095 1198 3280 1254; x_wconf 85' lang='lat' dir='ltr'><strong>nescio</strong></span> <span class='ocrx_word' id='word_1_119' title='bbox 3320 1213 3387 1253; x_wconf 88' lang='lat' dir='ltr'><strong>an</strong></span> 
     </span>
    </p>
   </div>
   <div class='ocr_carea' id='block_1_19' title="bbox 1831 1287 3389 1344">
    <p class='ocr_par' dir='ltr' id='par_1_19' title="bbox 1831 1287 3389 1344">
     <span class='ocr_line' id='line_1_19' title="bbox 1831 1287 3389 1344; baseline 0.002 -3"><span class='ocrx_word' id='word_1_120' title='bbox 1831 1287 2043 1342; x_wconf 89' lang='lat' dir='ltr'><strong>insania</strong></span> <span class='ocrx_word' id='word_1_121' title='bbox 2068 1287 2242 1341; x_wconf 91' lang='lat' dir='ltr'><strong>dicam</strong></span> <span class='ocrx_word' id='word_1_122' title='bbox 2266 1302 2334 1341; x_wconf 91' lang='lat' dir='ltr'><strong>an</strong></span> <span class='ocrx_word' id='word_1_123' title='bbox 2361 1288 2504 1342; x_wconf 81' lang='lat' dir='ltr'><strong>malo</strong></span> <span class='ocrx_word' id='word_1_124' title='bbox 2526 1289 2771 1343; x_wconf 66' lang='lat' dir='ltr'><strong>daemone</strong></span> <span class='ocrx_word' id='word_1_125' title='bbox 2798 1290 2863 1341; x_wconf 88' lang='lat' dir='ltr'><strong>ad</strong></span> <span class='ocrx_word' id='word_1_126' title='bbox 2887 1301 3039 1343; x_wconf 88' lang='lat' dir='ltr'><strong>actus</strong></span> <span class='ocrx_word' id='word_1_127' title='bbox 3062 1291 3389 1344; x_wconf 88' lang='lat' dir='ltr'><strong>inhumanos</strong></span> 
     </span>
    </p>
   </div>
   <div class='ocr_carea' id='block_1_20' title="bbox 210 1374 1735 1448">
    <p class='ocr_par' dir='ltr' id='par_1_20' title="bbox 210 1374 1735 1447">
     <span class='ocr_line' id='line_1_20' title="bbox 210 1374 1735 1447; baseline 0.003 -21"><span class='ocrx_word' id='word_1_128' title='bbox 210 1379 320 1444; x_wconf 81' lang='grc' dir='ltr'>πρὸς</span> <span class='ocrx_word' id='word_1_129' title='bbox 370 1374 462 1444; x_wconf 81' lang='grc' dir='ltr'>τὴν</span> <span class='ocrx_word' id='word_1_130' title='bbox 514 1375 880 1445; x_wconf 79' lang='grc' dir='ltr'><strong>ἀπάνθρωπον</strong></span> <span class='ocrx_word' id='word_1_131' title='bbox 914 1378 1110 1447; x_wconf 76' lang='grc' dir='ltr'>πρᾶξιν</span> <span class='ocrx_word' id='word_1_132' title='bbox 1175 1377 1606 1443; x_wconf 79' lang='grc' dir='ltr'>συνελαθέντων,</span> <span class='ocrx_word' id='word_1_133' title='bbox 1658 1379 1735 1442; x_wconf 76' lang='grc' dir='ltr'><strong>είς</strong></span> 
     </span>
    </p>
   </div>
   <div class='ocr_carea' id='block_1_21' title="bbox 1835 1374 3382 1448">
    <p class='ocr_par' dir='ltr' id='par_1_21' title="bbox 1835 1376 3382 1448">
     <span class='ocr_line' id='line_1_21' title="bbox 1835 1376 3382 1448; baseline 0.003 -19"><span class='ocrx_word' id='word_1_134' title='bbox 1835 1376 2054 1446; x_wconf 87' lang='lat' dir='ltr'><strong>impulsi</strong></span> <span class='ocrx_word' id='word_1_135' title='bbox 2103 1386 2252 1441; x_wconf 90' lang='lat' dir='ltr'><strong>sunt,</strong></span> <span class='ocrx_word' id='word_1_136' title='bbox 2317 1377 2384 1432; x_wconf 83' lang='lat' dir='ltr'><strong>ad</strong></span> <span class='ocrx_word' id='word_1_137' title='bbox 2438 1391 2598 1433; x_wconf 81' lang='lat' dir='ltr'><strong>aures</strong></span> <span class='ocrx_word' id='word_1_138' title='bbox 2647 1379 3024 1448; x_wconf 81' lang='lat' dir='ltr'><strong>imperatorias</strong></span> <span class='ocrx_word' id='word_1_139' title='bbox 3081 1388 3382 1442; x_wconf 82' lang='lat' dir='ltr'><strong>venerunt;</strong></span> 
     </span>
    </p>
   </div>
   <div class='ocr_carea' id='block_1_22' title="bbox 212 1463 1732 1536">
    <p class='ocr_par' dir='ltr' id='par_1_22' title="bbox 212 1463 1732 1536">
     <span class='ocr_line' id='line_1_22' title="bbox 212 1463 1732 1536; baseline 0.003 -22"><span class='ocrx_word' id='word_1_140' title='bbox 212 1463 483 1533; x_wconf 77' lang='grc' dir='ltr'><strong>ὑπόμνησιν</strong></span> <span class='ocrx_word' id='word_1_141' title='bbox 526 1463 619 1517; x_wconf 76' lang='grc' dir='ltr'>τοῦ</span> <span class='ocrx_word' id='word_1_142' title='bbox 656 1463 940 1534; x_wconf 75' lang='grc' dir='ltr'><strong>βασιλικοῦ</strong></span> <span class='ocrx_word' id='word_1_143' title='bbox 968 1465 1235 1535; x_wconf 80' lang='grc' dir='ltr'><strong>ἀνηνέχθη</strong></span> <span class='ocrx_word' id='word_1_144' title='bbox 1281 1465 1554 1536; x_wconf 78' lang='grc' dir='ltr'><strong>κράτους·</strong></span> <span class='ocrx_word' id='word_1_145' title='bbox 1589 1464 1732 1535; x_wconf 78' lang='grc' dir='ltr'>πλὴν</span> 
     </span>
    </p>
   </div>
   <div class='ocr_carea' id='block_1_23' title="bbox 210 1553 1733 1628">
    <p class='ocr_par' dir='ltr' id='par_1_23' title="bbox 210 1553 1733 1628">
     <span class='ocr_line' id='line_1_23' title="bbox 210 1553 1733 1628; baseline 0.001 -23"><span class='ocrx_word' id='word_1_146' title='bbox 210 1554 283 1605; x_wconf 80' lang='grc' dir='ltr'><strong>καὶ</strong></span> <span class='ocrx_word' id='word_1_147' title='bbox 326 1553 422 1624; x_wconf 81' lang='grc' dir='ltr'>πρὸ</span> <span class='ocrx_word' id='word_1_148' title='bbox 453 1554 548 1622; x_wconf 87' lang='grc' dir='ltr'>τῆς</span> <span class='ocrx_word' id='word_1_149' title='bbox 603 1556 878 1626; x_wconf 80' lang='grc' dir='ltr'>ἡμετέρας</span> <span class='ocrx_word' id='word_1_150' title='bbox 935 1555 1290 1628; x_wconf 80' lang='grc' dir='ltr'><strong>ὑπομνήσεως</strong></span> <span class='ocrx_word' id='word_1_151' title='bbox 1335 1556 1402 1610; x_wconf 88' lang='grc' dir='ltr'>δι’</span> <span class='ocrx_word' id='word_1_152' title='bbox 1455 1558 1733 1625; x_wconf 76' lang='grc' dir='ltr'>ἀναφορᾶς</span> 
     </span>
    </p>
   </div>
   <div class='ocr_carea' id='block_1_24' title="bbox 208 1645 1733 1718">
    <p class='ocr_par' dir='ltr' id='par_1_24' title="bbox 208 1645 1733 1718">
     <span class='ocr_line' id='line_1_24' title="bbox 208 1645 1733 1718; baseline 0.003 -23"><span class='ocrx_word' id='word_1_153' title='bbox 208 1645 337 1714; x_wconf 80' lang='grc' dir='ltr'>ὑμῶν</span> <span class='ocrx_word' id='word_1_154' title='bbox 381 1647 415 1717; x_wconf 75' lang='grc' dir='ltr'>η</span> <span class='ocrx_word' id='word_1_155' title='bbox 457 1646 564 1701; x_wconf 86' lang='grc' dir='ltr'>τῶν</span> <span class='ocrx_word' id='word_1_156' title='bbox 611 1647 967 1718; x_wconf 80' lang='grc' dir='ltr'><strong>πραχθέντων</strong></span> <span class='ocrx_word' id='word_1_157' title='bbox 1028 1649 1090 1702; x_wconf 85' lang='grc' dir='ltr'><strong>οὑ</strong></span> <span class='ocrx_word' id='word_1_158' title='bbox 1139 1649 1447 1705; x_wconf 83' lang='grc' dir='ltr'>διελάνθανε</span> <span class='ocrx_word' id='word_1_159' title='bbox 1509 1648 1733 1710; x_wconf 78' lang='grc' dir='ltr'><strong>τούτους</strong></span> 
     </span>
    </p>
   </div>
   <div class='ocr_carea' id='block_1_25' title="bbox 207 1737 1730 1812">
    <p class='ocr_par' dir='ltr' id='par_1_25' title="bbox 207 1737 1730 1812">
     <span class='ocr_line' id='line_1_25' title="bbox 207 1737 1730 1812; baseline 0.001 -22"><span class='ocrx_word' id='word_1_160' title='bbox 207 1737 396 1805; x_wconf 83' lang='grc' dir='ltr'>γνῶσις.</span> <span class='ocrx_word' id='word_1_161' title='bbox 443 1739 915 1811; x_wconf 80' lang='grc' dir='ltr'>Παρεκελεύσαντο</span> <span class='ocrx_word' id='word_1_162' title='bbox 948 1737 1040 1797; x_wconf 80' lang='grc' dir='ltr'>οὖν</span> <span class='ocrx_word' id='word_1_163' title='bbox 1065 1744 1129 1812; x_wconf 78' lang='grc' dir='ltr'>τῇ</span> <span class='ocrx_word' id='word_1_164' title='bbox 1166 1741 1556 1811; x_wconf 79' lang='grc' dir='ltr'>ὲντρεχεστάτῃ</span> <span class='ocrx_word' id='word_1_165' title='bbox 1603 1758 1730 1794; x_wconf 75' lang='grc' dir='ltr'>συν-</span> 
     </span>
    </p>
   </div>
   <div class='ocr_carea' id='block_1_26' title="bbox 207 1829 1734 1902">
    <p class='ocr_par' dir='ltr' id='par_1_26' title="bbox 207 1829 1734 1902">
     <span class='ocr_line' id='line_1_26' title="bbox 207 1829 1734 1902; baseline 0.001 -22"><span class='ocrx_word' id='word_1_166' title='bbox 207 1829 302 1880; x_wconf 70' lang='grc' dir='ltr'><strong>ἐσιι</strong></span> <span class='ocrx_word' id='word_1_167' title='bbox 341 1845 451 1893; x_wconf 85' lang='grc' dir='ltr'>σου,</span> <span class='ocrx_word' id='word_1_168' title='bbox 492 1829 566 1893; x_wconf 84' lang='grc' dir='ltr'>ὥς</span> <span class='ocrx_word' id='word_1_169' title='bbox 620 1847 682 1897; x_wconf 84' lang='grc' dir='ltr'><strong>γε</strong></span> <span class='ocrx_word' id='word_1_170' title='bbox 715 1831 1080 1902; x_wconf 72' lang='grc' dir='ltr'>ὑπολαμϐάνω</span> <span class='ocrx_word' id='word_1_171' title='bbox 1113 1833 1209 1884; x_wconf 81' lang='grc' dir='ltr'><strong>σὺν</strong></span> <span class='ocrx_word' id='word_1_172' title='bbox 1237 1831 1314 1900; x_wconf 83' lang='grc' dir='ltr'>τῷ</span> <span class='ocrx_word' id='word_1_173' title='bbox 1340 1831 1734 1900; x_wconf 83' lang='grc' dir='ltr'>θεοφιλεστάτῳ</span> 
     </span>
    </p>
   </div>
   <div class='ocr_carea' id='block_1_27' title="bbox 206 1915 1732 1992">
    <p class='ocr_par' dir='ltr' id='par_1_27' title="bbox 206 1915 1732 1992">
     <span class='ocr_line' id='line_1_27' title="bbox 206 1915 1732 1992; baseline 0.002 -20"><span class='ocrx_word' id='word_1_174' title='bbox 206 1920 288 1989; x_wconf 82' lang='grc' dir='ltr'>τῆς</span> <span class='ocrx_word' id='word_1_175' title='bbox 322 1921 536 1989; x_wconf 71' lang='grc' dir='ltr'>Ἐφέσου</span> <span class='ocrx_word' id='word_1_176' title='bbox 574 1915 986 1992; x_wconf 78' lang='grc' dir='ltr'>ἀρχιεπισκόπῳ</span> <span class='ocrx_word' id='word_1_177' title='bbox 1031 1921 1362 1990; x_wconf 83' lang='grc' dir='ltr'>ποιήσασθαι</span> <span class='ocrx_word' id='word_1_178' title='bbox 1397 1921 1496 1988; x_wconf 81' lang='grc' dir='ltr'>τὴν</span> <span class='ocrx_word' id='word_1_179' title='bbox 1528 1921 1732 1975; x_wconf 80' lang='grc' dir='ltr'>τούτων</span> 
     </span>
    </p>
   </div>
   <div class='ocr_carea' id='block_1_28' title="bbox 205 2013 1734 2084">
    <p class='ocr_par' dir='ltr' id='par_1_28' title="bbox 205 2013 1734 2084">
     <span class='ocr_line' id='line_1_28' title="bbox 205 2013 1734 2084; baseline 0.001 -21"><span class='ocrx_word' id='word_1_180' title='bbox 205 2013 481 2081; x_wconf 73' lang='grc' dir='ltr'><strong>ἐπίσκεψιν.</strong></span> <span class='ocrx_word' id='word_1_181' title='bbox 525 2013 686 2066; x_wconf 79' lang='grc' dir='ltr'>Ἀλλὰ</span> <span class='ocrx_word' id='word_1_182' title='bbox 732 2015 862 2083; x_wconf 80' lang='grc' dir='ltr'>περὶ</span> <span class='ocrx_word' id='word_1_183' title='bbox 905 2013 1005 2084; x_wconf 85' lang='grc' dir='ltr'><strong>μὲν</strong></span> <span class='ocrx_word' id='word_1_184' title='bbox 1053 2014 1257 2069; x_wconf 81' lang='grc' dir='ltr'>τούτων</span> <span class='ocrx_word' id='word_1_185' title='bbox 1300 2014 1491 2076; x_wconf 79' lang='grc' dir='ltr'>οὕτως.</span> <span class='ocrx_word' id='word_1_186' title='bbox 1539 2013 1734 2083; x_wconf 83' lang='grc' dir='ltr'>Ἥμεῖς</span> 
     </span>
    </p>
   </div>
   <div class='ocr_carea' id='block_1_29' title="bbox 201 2103 1730 2184">
    <p class='ocr_par' dir='ltr' id='par_1_29' title="bbox 201 2103 1730 2184">
     <span class='ocr_line' id='line_1_29' title="bbox 201 2103 1730 2184; baseline 0 -29"><span class='ocrx_word' id='word_1_187' title='bbox 201 2103 252 2156; x_wconf 65' lang='grc' dir='ltr'>δὲ</span> <span class='ocrx_word' id='word_1_188' title='bbox 278 2106 361 2155; x_wconf 77' lang='grc' dir='ltr'><strong>καὶ</strong></span> <span class='ocrx_word' id='word_1_189' title='bbox 389 2103 574 2174; x_wconf 74' lang='grc' dir='ltr'>πρώην</span> <span class='ocrx_word' id='word_1_190' title='bbox 599 2103 793 2168; x_wconf 77' lang='grc' dir='ltr'><strong>ἰδόντες</strong></span> <span class='ocrx_word' id='word_1_191' title='bbox 821 2105 918 2175; x_wconf 83' lang='grc' dir='ltr'><strong>τὴν</strong></span> <span class='ocrx_word' id='word_1_192' title='bbox 948 2105 1046 2174; x_wconf 79' lang='grc' dir='ltr'><strong>σὴν</strong></span> <span class='ocrx_word' id='word_1_193' title='bbox 1079 2106 1418 2184; x_wconf 69' lang='grc' dir='ltr'>τελειοτάτην</span> <span class='ocrx_word' id='word_1_194' title='bbox 1447 2105 1730 2174; x_wconf 81' lang='grc' dir='ltr'><strong>φρόνησιν,</strong></span> 
     </span>
    </p>
   </div>
   <div class='ocr_carea' id='block_1_30' title="bbox 204 2193 1734 2270">
    <p class='ocr_par' dir='ltr' id='par_1_30' title="bbox 204 2193 1734 2270">
     <span class='ocr_line' id='line_1_30' title="bbox 204 2193 1734 2270; baseline 0.001 -25"><span class='ocrx_word' id='word_1_195' title='bbox 204 2193 284 2246; x_wconf 82' lang='grc' dir='ltr'>καὶ</span> <span class='ocrx_word' id='word_1_196' title='bbox 309 2193 395 2246; x_wconf 73' lang='grc' dir='ltr'><strong>νῦν</strong></span> <span class='ocrx_word' id='word_1_197' title='bbox 427 2195 760 2270; x_wconf 77' lang='grc' dir='ltr'>αὐξάνουσαν</span> <span class='ocrx_word' id='word_1_198' title='bbox 788 2195 1002 2264; x_wconf 73' lang='grc' dir='ltr'>ἔχοντες</span> <span class='ocrx_word' id='word_1_199' title='bbox 1031 2196 1120 2249; x_wconf 74' lang='grc' dir='ltr'>διὰ</span> <span class='ocrx_word' id='word_1_200' title='bbox 1161 2195 1268 2249; x_wconf 86' lang='grc' dir='ltr'>τῶν</span> <span class='ocrx_word' id='word_1_201' title='bbox 1303 2196 1551 2267; x_wconf 81' lang='grc' dir='ltr'>πράξεων</span> <span class='ocrx_word' id='word_1_202' title='bbox 1580 2195 1734 2264; x_wconf 78' lang='grc' dir='ltr'>ὑμῶν</span> 
     </span>
    </p>
   </div>
   <div class='ocr_carea' id='block_1_31' title="bbox 200 2286 1731 2359">
    <p class='ocr_par' dir='ltr' id='par_1_31' title="bbox 200 2286 1731 2359">
     <span class='ocr_line' id='line_1_31' title="bbox 200 2286 1731 2359; baseline 0.001 -20"><span class='ocrx_word' id='word_1_203' title='bbox 200 2286 286 2355; x_wconf 78' lang='grc' dir='ltr'>τὴν</span> <span class='ocrx_word' id='word_1_204' title='bbox 311 2289 430 2358; x_wconf 76' lang='grc' dir='ltr'>περὶ</span> <span class='ocrx_word' id='word_1_205' title='bbox 451 2288 542 2341; x_wconf 79' lang='grc' dir='ltr'>σοῦ</span> <span class='ocrx_word' id='word_1_206' title='bbox 561 2288 780 2357; x_wconf 83' lang='grc' dir='ltr'>γνῶσιν,</span> <span class='ocrx_word' id='word_1_207' title='bbox 807 2289 1078 2359; x_wconf 79' lang='grc' dir='ltr'><strong>εὐχόμεθα</strong></span> <span class='ocrx_word' id='word_1_208' title='bbox 1107 2291 1158 2343; x_wconf 85' lang='grc' dir='ltr'><strong>εί</strong></span> <span class='ocrx_word' id='word_1_209' title='bbox 1189 2289 1280 2342; x_wconf 71' lang='grc' dir='ltr'><strong>καὶ</strong></span> <span class='ocrx_word' id='word_1_210' title='bbox 1303 2288 1616 2359; x_wconf 79' lang='grc' dir='ltr'>ἁμαρτωλοὶ</span> <span class='ocrx_word' id='word_1_211' title='bbox 1645 2288 1731 2341; x_wconf 75' lang='grc' dir='ltr'>διὰ</span> 
     </span>
    </p>
   </div>
   <div class='ocr_carea' id='block_1_32' title="bbox 201 2373 1761 2455">
    <p class='ocr_par' dir='ltr' id='par_1_32' title="bbox 201 2373 1761 2455">
     <span class='ocr_line' id='line_1_32' title="bbox 201 2373 1761 2455; baseline -0.001 -23"><span class='ocrx_word' id='word_1_212' title='bbox 201 2379 377 2441; x_wconf 80' lang='grc' dir='ltr'>παντός</span> <span class='ocrx_word' id='word_1_213' title='bbox 395 2395 451 2433; x_wconf 82' lang='grc' dir='ltr'><strong>σε</strong></span> <span class='ocrx_word' id='word_1_214' title='bbox 479 2381 544 2450; x_wconf 72' lang='grc' dir='ltr'>τῇ</span> <span class='ocrx_word' id='word_1_215' title='bbox 573 2379 667 2433; x_wconf 81' lang='grc' dir='ltr'>τοῦ</span> <span class='ocrx_word' id='word_1_216' title='bbox 699 2379 830 2432; x_wconf 83' lang='grc' dir='ltr'>Θεοῦ</span> <span class='ocrx_word' id='word_1_217' title='bbox 866 2379 1172 2450; x_wconf 82' lang='grc' dir='ltr'>όδηγεῐσθαι</span> <span class='ocrx_word' id='word_1_218' title='bbox 1204 2379 1352 2449; x_wconf 73' lang='grc' dir='ltr'>δεξιᾷ</span> <span class='ocrx_word' id='word_1_219' title='bbox 1383 2380 1440 2432; x_wconf 79' lang='grc' dir='ltr'>ἑν</span> <span class='ocrx_word' id='word_1_220' title='bbox 1466 2381 1629 2432; x_wconf 77' lang='grc' dir='ltr'>πᾶσιν</span> <span class='ocrx_word' id='word_1_221' title='bbox 1650 2373 1761 2455; x_wconf 37' lang='grc' dir='ltr'>οἷς,</span> 
     </span>
    </p>
   </div>
   <div class='ocr_carea' id='block_1_33' title="bbox 200 2469 1728 2543">
    <p class='ocr_par' dir='ltr' id='par_1_33' title="bbox 200 2469 1728 2543">
     <span class='ocr_line' id='line_1_33' title="bbox 200 2469 1728 2543; baseline -0.001 -20"><span class='ocrx_word' id='word_1_222' title='bbox 200 2470 407 2543; x_wconf 71' lang='grc' dir='ltr'>πορεύῃ,</span> <span class='ocrx_word' id='word_1_223' title='bbox 434 2472 531 2526; x_wconf 74' lang='grc' dir='ltr'><strong>καὶ</strong></span> <span class='ocrx_word' id='word_1_224' title='bbox 559 2472 664 2526; x_wconf 77' lang='grc' dir='ltr'><strong>ὑπὸ</strong></span> <span class='ocrx_word' id='word_1_225' title='bbox 691 2472 788 2542; x_wconf 83' lang='grc' dir='ltr'>τῆς</span> <span class='ocrx_word' id='word_1_226' title='bbox 819 2472 1026 2527; x_wconf 72' lang='grc' dir='ltr'>ἄνωθεν</span> <span class='ocrx_word' id='word_1_227' title='bbox 1070 2471 1164 2524; x_wconf 82' lang='grc' dir='ltr'>τοῦ</span> <span class='ocrx_word' id='word_1_228' title='bbox 1213 2472 1371 2540; x_wconf 77' lang='grc' dir='ltr'>ἁγίου</span> <span class='ocrx_word' id='word_1_229' title='bbox 1411 2469 1728 2539; x_wconf 82' lang='grc' dir='ltr'>Πνεύματος</span> 
     </span>
    </p>
   </div>
   <div class='ocr_carea' id='block_1_34' title="bbox 198 2560 1726 2634">
    <p class='ocr_par' dir='ltr' id='par_1_34' title="bbox 198 2560 1726 2634">
     <span class='ocr_line' id='line_1_34' title="bbox 198 2560 1726 2634; baseline -0.001 -21"><span class='ocrx_word' id='word_1_230' title='bbox 198 2563 458 2626; x_wconf 78' lang='grc' dir='ltr'>ίπιπνοίας</span> <span class='ocrx_word' id='word_1_231' title='bbox 486 2562 827 2634; x_wconf 82' lang='grc' dir='ltr'>κινούμενον,</span> <span class='ocrx_word' id='word_1_232' title='bbox 859 2564 1045 2617; x_wconf 68' lang='grc' dir='ltr'>ικεῖνα</span> <span class='ocrx_word' id='word_1_233' title='bbox 1070 2563 1160 2615; x_wconf 78' lang='grc' dir='ltr'>καὶ</span> <span class='ocrx_word' id='word_1_234' title='bbox 1182 2563 1400 2632; x_wconf 79' lang='grc' dir='ltr'>φρονεῖν</span> <span class='ocrx_word' id='word_1_235' title='bbox 1428 2561 1520 2613; x_wconf 75' lang='grc' dir='ltr'><strong>καὶ</strong></span> <span class='ocrx_word' id='word_1_236' title='bbox 1559 2560 1726 2629; x_wconf 80' lang='grc' dir='ltr'>πράτ-</span> 
     </span>
    </p>
   </div>
   <div class='ocr_carea' id='block_1_35' title="bbox 1835 1471 3380 1538">
    <p class='ocr_par' dir='ltr' id='par_1_35' title="bbox 1835 1471 3380 1538">
     <span class='ocr_line' id='line_1_35' title="bbox 1835 1471 3380 1538; baseline 0 -15"><span class='ocrx_word' id='word_1_237' title='bbox 1835 1477 2191 1538; x_wconf 71' lang='lat' dir='ltr'><strong>praeterquam</strong></span> <span class='ocrx_word' id='word_1_238' title='bbox 2237 1471 2473 1538; x_wconf 80' lang='lat' dir='ltr'><strong>quodet</strong></span> <span class='ocrx_word' id='word_1_239' title='bbox 2511 1481 2634 1523; x_wconf 81' lang='lat' dir='ltr'><strong>ante</strong></span> <span class='ocrx_word' id='word_1_240' title='bbox 2687 1482 2923 1525; x_wconf 90' lang='lat' dir='ltr'><strong>nostram</strong></span> <span class='ocrx_word' id='word_1_241' title='bbox 2957 1472 3380 1526; x_wconf 80' lang='lat' dir='ltr'><strong>admonitionem</strong></span> 
     </span>
    </p>
   </div>
   <div class='ocr_carea' id='block_1_36' title="bbox 1849 1548 3386 1628">
    <p class='ocr_par' dir='ltr' id='par_1_36' title="bbox 1849 1548 3386 1628">
     <span class='ocr_line' id='line_1_36' title="bbox 1849 1548 3386 1628; baseline 0.003 -18"><span class='ocrx_word' id='word_1_242' title='bbox 1849 1572 1945 1626; x_wconf 90' lang='lat' dir='ltr'><strong>per</strong></span> <span class='ocrx_word' id='word_1_243' title='bbox 1971 1568 2209 1611; x_wconf 79' lang='lat' dir='ltr'><strong>vestram</strong></span> <span class='ocrx_word' id='word_1_244' title='bbox 2260 1548 2656 1628; x_wconf 64' lang='lat' dir='ltr'><strong>expositionem</strong></span> <span class='ocrx_word' id='word_1_245' title='bbox 2691 1578 2795 1614; x_wconf 90' lang='lat' dir='ltr'><strong>non</strong></span> <span class='ocrx_word' id='word_1_246' title='bbox 2821 1576 2915 1616; x_wconf 90' lang='lat' dir='ltr'><strong>eos</strong></span> <span class='ocrx_word' id='word_1_247' title='bbox 2944 1562 3096 1616; x_wconf 89' lang='lat' dir='ltr'><strong>latuit</strong></span> <span class='ocrx_word' id='word_1_248' title='bbox 3123 1561 3386 1616; x_wconf 78' lang='lat' dir='ltr'><strong>factorum</strong></span> 
     </span>
    </p>
   </div>
   <div class='ocr_carea' id='block_1_37' title="bbox 1838 1648 3393 1724">
    <p class='ocr_par' dir='ltr' id='par_1_37' title="bbox 1838 1648 3393 1724">
     <span class='ocr_line' id='line_1_37' title="bbox 1838 1648 3393 1724; baseline 0.004 -24"><span class='ocrx_word' id='word_1_249' title='bbox 1838 1648 2050 1702; x_wconf 76' lang='lat' dir='ltr'><strong>no&#39;titia.</strong></span> <span class='ocrx_word' id='word_1_250' title='bbox 2081 1649 2475 1706; x_wconf 75' lang='lat' dir='ltr'><strong>Mandaverunt</strong></span> <span class='ocrx_word' id='word_1_251' title='bbox 2505 1653 2668 1721; x_wconf 78' lang='lat' dir='ltr'><strong>igitur</strong></span> <span class='ocrx_word' id='word_1_252' title='bbox 2702 1668 2928 1706; x_wconf 70' lang='lat' dir='ltr'><strong>summa:</strong></span> <span class='ocrx_word' id='word_1_253' title='bbox 2969 1663 3071 1707; x_wconf 65' lang='lat' dir='ltr'><strong>tuae</strong></span> <span class='ocrx_word' id='word_1_254' title='bbox 3114 1654 3393 1724; x_wconf 76' lang='lat' dir='ltr'><strong>sapientiae</strong></span> 
     </span>
    </p>
   </div>
   <div class='ocr_carea' id='block_1_38' title="bbox 1837 1741 3389 1814">
    <p class='ocr_par' dir='ltr' id='par_1_38' title="bbox 1837 1741 3389 1814">
     <span class='ocr_line' id='line_1_38' title="bbox 1837 1741 3389 1814; baseline 0.004 -20"><span class='ocrx_word' id='word_1_255' title='bbox 1837 1756 1962 1794; x_wconf 88' lang='lat' dir='ltr'><strong>cum</strong></span> <span class='ocrx_word' id='word_1_256' title='bbox 2009 1741 2099 1796; x_wconf 88' lang='lat' dir='ltr'><strong>Dei</strong></span> <span class='ocrx_word' id='word_1_257' title='bbox 2147 1744 2524 1798; x_wconf 85' lang='lat' dir='ltr'><strong>amantissimo</strong></span> <span class='ocrx_word' id='word_1_258' title='bbox 2573 1745 2771 1814; x_wconf 86' lang='lat' dir='ltr'><strong>Ephesi</strong></span> <span class='ocrx_word' id='word_1_259' title='bbox 2825 1747 3231 1814; x_wconf 75' lang='lat' dir='ltr'><strong>archiepiscopo</strong></span> <span class='ocrx_word' id='word_1_260' title='bbox 3274 1746 3389 1801; x_wconf 81' lang='lat' dir='ltr'><strong>ﬁeri</strong></span> 
     </span>
    </p>
   </div>
   <div class='ocr_carea' id='block_1_39' title="bbox 1761 1831 3394 1928">
    <p class='ocr_par' dir='ltr' id='par_1_39' title="bbox 1761 1831 3394 1928">
     <span class='ocr_line' id='line_1_39' title="bbox 1761 1831 3394 1928; baseline 0.004 -46"><span class='ocrx_word' id='word_1_261' title='bbox 1761 1869 1808 1928; x_wconf 71' lang='grc' dir='ltr'><strong>Β</strong></span> <span class='ocrx_word' id='word_1_262' title='bbox 1839 1831 2066 1883; x_wconf 86' lang='lat' dir='ltr'><strong>istorum</strong></span> <span class='ocrx_word' id='word_1_263' title='bbox 2114 1833 2598 1887; x_wconf 74' lang='lat' dir='ltr'><strong>exanimationem.</strong></span> <span class='ocrx_word' id='word_1_264' title='bbox 2640 1833 2743 1886; x_wconf 88' lang='lat' dir='ltr'><strong>Sed</strong></span> <span class='ocrx_word' id='word_1_265' title='bbox 2789 1834 2860 1887; x_wconf 88' lang='lat' dir='ltr'><strong>ita</strong></span> <span class='ocrx_word' id='word_1_266' title='bbox 2911 1836 2977 1890; x_wconf 87' lang='lat' dir='ltr'><strong>de</strong></span> <span class='ocrx_word' id='word_1_267' title='bbox 3024 1836 3126 1890; x_wconf 82' lang='lat' dir='ltr'><strong>liis.</strong></span> <span class='ocrx_word' id='word_1_268' title='bbox 3161 1835 3270 1891; x_wconf 72' lang='lat' dir='ltr'><strong>Nos</strong></span> <span class='ocrx_word' id='word_1_269' title='bbox 3299 1850 3394 1889; x_wconf 83' lang='lat' dir='ltr'><strong>au-</strong></span> 
     </span>
    </p>
   </div>
   <div class='ocr_carea' id='block_1_40' title="bbox 1839 1926 3394 1995">
    <p class='ocr_par' dir='ltr' id='par_1_40' title="bbox 1839 1926 3394 1995">
     <span class='ocr_line' id='line_1_40' title="bbox 1839 1926 3394 1995; baseline 0.003 -22"><span class='ocrx_word' id='word_1_270' title='bbox 1839 1931 1944 1974; x_wconf 90' lang='lat' dir='ltr'><strong>tem</strong></span> <span class='ocrx_word' id='word_1_271' title='bbox 1979 1930 2034 1975; x_wconf 84' lang='lat' dir='ltr'><strong>et</strong></span> <span class='ocrx_word' id='word_1_272' title='bbox 2067 1937 2238 1990; x_wconf 84' lang='lat' dir='ltr'><strong>nuper</strong></span> <span class='ocrx_word' id='word_1_273' title='bbox 2271 1933 2559 1992; x_wconf 86' lang='lat' dir='ltr'><strong>conspecta</strong></span> <span class='ocrx_word' id='word_1_274' title='bbox 2613 1935 2701 1978; x_wconf 85' lang='lat' dir='ltr'><strong>tua</strong></span> <span class='ocrx_word' id='word_1_275' title='bbox 2750 1926 2946 1978; x_wconf 83' lang='lat' dir='ltr'><strong>eximia</strong></span> <span class='ocrx_word' id='word_1_276' title='bbox 2996 1927 3301 1995; x_wconf 83' lang='lat' dir='ltr'><strong>prudentia,</strong></span> <span class='ocrx_word' id='word_1_277' title='bbox 3340 1937 3394 1980; x_wconf 80' lang='lat' dir='ltr'><strong>et</strong></span> 
     </span>
    </p>
   </div>
   <div class='ocr_carea' id='block_1_41' title="bbox 1841 2012 3392 2085">
    <p class='ocr_par' dir='ltr' id='par_1_41' title="bbox 1841 2012 3392 2085">
     <span class='ocr_line' id='line_1_41' title="bbox 1841 2012 3392 2085; baseline 0.003 -18"><span class='ocrx_word' id='word_1_278' title='bbox 1841 2020 1989 2067; x_wconf 81' lang='lat' dir='ltr'><strong>n‘tmc</strong></span> <span class='ocrx_word' id='word_1_279' title='bbox 2024 2025 2180 2069; x_wconf 88' lang='lat' dir='ltr'><strong>aucta</strong></span> <span class='ocrx_word' id='word_1_280' title='bbox 2217 2012 2270 2069; x_wconf 88' lang='lat' dir='ltr'><strong>in</strong></span> <span class='ocrx_word' id='word_1_281' title='bbox 2300 2015 2460 2070; x_wconf 90' lang='lat' dir='ltr'><strong>nobis</strong></span> <span class='ocrx_word' id='word_1_282' title='bbox 2488 2031 2586 2085; x_wconf 89' lang='lat' dir='ltr'><strong>per</strong></span> <span class='ocrx_word' id='word_1_283' title='bbox 2621 2025 2743 2071; x_wconf 89' lang='lat' dir='ltr'><strong>tuas</strong></span> <span class='ocrx_word' id='word_1_284' title='bbox 2774 2017 3016 2073; x_wconf 75' lang='lat' dir='ltr'><strong>actiones</strong></span> <span class='ocrx_word' id='word_1_285' title='bbox 3057 2020 3132 2072; x_wconf 90' lang='lat' dir='ltr'><strong>tui</strong></span> <span class='ocrx_word' id='word_1_286' title='bbox 3179 2019 3392 2082; x_wconf 88' lang='lat' dir='ltr'><strong>notitia,</strong></span> 
     </span>
    </p>
   </div>
   <div class='ocr_carea' id='block_1_42' title="bbox 1837 2106 3391 2176">
    <p class='ocr_par' dir='ltr' id='par_1_42' title="bbox 1837 2106 3391 2176">
     <span class='ocr_line' id='line_1_42' title="bbox 1837 2106 3391 2176; baseline 0.005 -21"><span class='ocrx_word' id='word_1_287' title='bbox 1837 2111 2146 2172; x_wconf 83' lang='lat' dir='ltr'><strong>precamur,</strong></span> <span class='ocrx_word' id='word_1_288' title='bbox 2183 2106 2308 2161; x_wconf 85' lang='lat' dir='ltr'><strong>licet</strong></span> <span class='ocrx_word' id='word_1_289' title='bbox 2355 2116 2690 2176; x_wconf 86' lang='lat' dir='ltr'><strong>peccatores,</strong></span> <span class='ocrx_word' id='word_1_290' title='bbox 2740 2119 2790 2162; x_wconf 86' lang='lat' dir='ltr'><strong>te</strong></span> <span class='ocrx_word' id='word_1_291' title='bbox 2835 2109 2927 2164; x_wconf 89' lang='lat' dir='ltr'><strong>Dei</strong></span> <span class='ocrx_word' id='word_1_292' title='bbox 2970 2111 3156 2164; x_wconf 80' lang='lat' dir='ltr'><strong>dextra</strong></span> <span class='ocrx_word' id='word_1_293' title='bbox 3202 2111 3391 2165; x_wconf 86' lang='lat' dir='ltr'><strong>deduci</strong></span> 
     </span>
    </p>
   </div>
   <div class='ocr_carea' id='block_1_43' title="bbox 1841 2196 3394 2273">
    <p class='ocr_par' dir='ltr' id='par_1_43' title="bbox 1841 2196 3394 2273">
     <span class='ocr_line' id='line_1_43' title="bbox 1841 2196 3394 2273; baseline 0.006 -25"><span class='ocrx_word' id='word_1_294' title='bbox 1841 2196 1892 2249; x_wconf 92' lang='lat' dir='ltr'><strong>in</strong></span> <span class='ocrx_word' id='word_1_295' title='bbox 1927 2196 2182 2252; x_wconf 88' lang='lat' dir='ltr'><strong>omnibus</strong></span> <span class='ocrx_word' id='word_1_296' title='bbox 2234 2199 2337 2253; x_wconf 81' lang='lat' dir='ltr'><strong>viis</strong></span> <span class='ocrx_word' id='word_1_297' title='bbox 2380 2200 2520 2263; x_wconf 87' lang='lat' dir='ltr'><strong>tuis,</strong></span> <span class='ocrx_word' id='word_1_298' title='bbox 2563 2209 2617 2255; x_wconf 89' lang='lat' dir='ltr'><strong>et</strong></span> <span class='ocrx_word' id='word_1_299' title='bbox 2666 2215 2903 2273; x_wconf 79' lang='lat' dir='ltr'><strong>superna</strong></span> <span class='ocrx_word' id='word_1_300' title='bbox 2953 2202 3126 2258; x_wconf 86' lang='lat' dir='ltr'><strong>sancti</strong></span> <span class='ocrx_word' id='word_1_301' title='bbox 3167 2201 3394 2273; x_wconf 88' lang='lat' dir='ltr'><strong>Spiritus</strong></span> 
     </span>
    </p>
   </div>
   <div class='ocr_carea' id='block_1_44' title="bbox 1839 2270 3396 2362">
    <p class='ocr_par' dir='ltr' id='par_1_44' title="bbox 1839 2270 3396 2362">
     <span class='ocr_line' id='line_1_44' title="bbox 1839 2270 3396 2362; baseline 0.003 -23"><span class='ocrx_word' id='word_1_302' title='bbox 1839 2285 2196 2355; x_wconf 75' lang='lat' dir='ltr'><strong>inspiratione</strong></span> <span class='ocrx_word' id='word_1_303' title='bbox 2246 2296 2455 2342; x_wconf 85' lang='lat' dir='ltr'><strong>motum</strong></span> <span class='ocrx_word' id='word_1_304' title='bbox 2496 2304 2561 2343; x_wconf 89' lang='lat' dir='ltr'><strong>ea</strong></span> <span class='ocrx_word' id='word_1_305' title='bbox 2610 2270 2853 2359; x_wconf 70' lang='lat' dir='ltr'><strong>cogitare</strong></span> <span class='ocrx_word' id='word_1_306' title='bbox 2893 2301 2947 2344; x_wconf 90' lang='lat' dir='ltr'><strong>et</strong></span> <span class='ocrx_word' id='word_1_307' title='bbox 2982 2305 3140 2361; x_wconf 80' lang='lat' dir='ltr'><strong>agere</strong></span> <span class='ocrx_word' id='word_1_308' title='bbox 3188 2270 3305 2362; x_wconf 73' lang='lat' dir='ltr'><strong>quae</strong></span> <span class='ocrx_word' id='word_1_309' title='bbox 3343 2301 3396 2345; x_wconf 86' lang='lat' dir='ltr'><strong>et</strong></span> 
     </span>
    </p>
   </div>
   <div class='ocr_carea' id='block_1_45' title="bbox 1838 2374 3392 2450">
    <p class='ocr_par' dir='ltr' id='par_1_45' title="bbox 1838 2374 3392 2450">
     <span class='ocr_line' id='line_1_45' title="bbox 1838 2374 3392 2450; baseline 0.004 -22"><span class='ocrx_word' id='word_1_310' title='bbox 1838 2374 1891 2428; x_wconf 93' lang='lat' dir='ltr'><strong>in</strong></span> <span class='ocrx_word' id='word_1_311' title='bbox 1940 2377 2189 2444; x_wconf 62' lang='lat' dir='ltr'><strong>praesenti</strong></span> <span class='ocrx_word' id='word_1_312' title='bbox 2221 2377 2328 2432; x_wconf 78' lang='lat' dir='ltr'><strong>vita</strong></span> <span class='ocrx_word' id='word_1_313' title='bbox 2399 2379 2548 2433; x_wconf 87' lang='lat' dir='ltr'><strong>omni</strong></span> <span class='ocrx_word' id='word_1_314' title='bbox 2581 2379 3000 2448; x_wconf 81' lang='lat' dir='ltr'><strong>reprehensione</strong></span> <span class='ocrx_word' id='word_1_315' title='bbox 3059 2382 3392 2450; x_wconf 83' lang='lat' dir='ltr'><strong>superiorem</strong></span> 
     </span>
    </p>
   </div>
   <div class='ocr_carea' id='block_1_46' title="bbox 1835 2468 3393 2543">
    <p class='ocr_par' dir='ltr' id='par_1_46' title="bbox 1835 2468 3393 2543">
     <span class='ocr_line' id='line_1_46' title="bbox 1835 2468 3393 2543; baseline 0.001 -20"><span class='ocrx_word' id='word_1_316' title='bbox 1835 2468 2200 2536; x_wconf 82' lang='lat' dir='ltr'><strong>constituant;</strong></span> <span class='ocrx_word' id='word_1_317' title='bbox 2261 2480 2311 2524; x_wconf 89' lang='lat' dir='ltr'><strong>et</strong></span> <span class='ocrx_word' id='word_1_318' title='bbox 2371 2471 2422 2522; x_wconf 91' lang='lat' dir='ltr'><strong>in</strong></span> <span class='ocrx_word' id='word_1_319' title='bbox 2482 2470 2663 2524; x_wconf 77' lang='lat' dir='ltr'><strong>futura</strong></span> <span class='ocrx_word' id='word_1_320' title='bbox 2718 2479 2974 2526; x_wconf 67' lang='lat' dir='ltr'><strong>aternam</strong></span> <span class='ocrx_word' id='word_1_321' title='bbox 3021 2473 3116 2527; x_wconf 84' lang='lat' dir='ltr'><strong>tibi</strong></span> <span class='ocrx_word' id='word_1_322' title='bbox 3169 2473 3393 2543; x_wconf 81' lang='lat' dir='ltr'><strong>gloriam</strong></span> 
     </span>
    </p>
   </div>
   <div class='ocr_carea' id='block_1_47' title="bbox 1834 2572 2166 2628">
    <p class='ocr_par' dir='ltr' id='par_1_47' title="bbox 1834 2572 2166 2628">
     <span class='ocr_line' id='line_1_47' title="bbox 1834 2572 2166 2628; baseline 0 -17"><span class='ocrx_word' id='word_1_323' title='bbox 1834 2572 2166 2628; x_wconf 84' lang='lat' dir='ltr'><strong>comparent.</strong></span> 
     </span>
    </p>
   </div>
   <div class='ocr_carea' id='block_1_48' title="bbox 199 2647 3397 2728">
    <p class='ocr_par' dir='ltr' id='par_1_48' title="bbox 199 2647 3397 2728">
     <span class='ocr_line' id='line_1_48' title="bbox 199 2647 3397 2728; baseline 0.002 -23"><span class='ocrx_word' id='word_1_324' title='bbox 199 2670 317 2720; x_wconf 79' lang='grc' dir='ltr'>τειν,</span> <span class='ocrx_word' id='word_1_325' title='bbox 344 2656 436 2708; x_wconf 83' lang='grc' dir='ltr'>ὃσα</span> <span class='ocrx_word' id='word_1_326' title='bbox 467 2655 582 2708; x_wconf 77' lang='grc' dir='ltr'>ικαὶ</span> <span class='ocrx_word' id='word_1_327' title='bbox 631 2655 692 2708; x_wconf 65' lang='grc' dir='ltr'>ἐν</span> <span class='ocrx_word' id='word_1_328' title='bbox 732 2657 796 2725; x_wconf 80' lang='grc' dir='ltr'>τῇ</span> <span class='ocrx_word' id='word_1_329' title='bbox 849 2651 1098 2724; x_wconf 71' lang='grc' dir='ltr'>παρούσῃ</span> <span class='ocrx_word' id='word_1_330' title='bbox 1135 2652 1248 2722; x_wconf 70' lang='grc' dir='ltr'>ζωῇ</span> <span class='ocrx_word' id='word_1_331' title='bbox 1299 2651 1497 2713; x_wconf 71' lang='grc' dir='ltr'>παντὸς</span> <span class='ocrx_word' id='word_1_332' title='bbox 1529 2651 1717 2727; x_wconf 76' lang='grc' dir='ltr'>μώμου</span> <span class='ocrx_word' id='word_1_333' title='bbox 1758 2647 2028 2719; x_wconf 76' lang='grc' dir='ltr'>ἀνώτερον</span> <span class='ocrx_word' id='word_1_334' title='bbox 2101 2650 2409 2723; x_wconf 63' lang='grc' dir='ltr'>καθίστησι,</span> <span class='ocrx_word' id='word_1_335' title='bbox 2453 2657 2543 2706; x_wconf 68' lang='grc' dir='ltr'><strong>καὶ</strong></span> <span class='ocrx_word' id='word_1_336' title='bbox 2577 2658 2633 2707; x_wconf 74' lang='grc' dir='ltr'><strong>ὲν</strong></span> <span class='ocrx_word' id='word_1_337' title='bbox 2678 2658 2742 2726; x_wconf 74' lang='grc' dir='ltr'>τῇ</span> <span class='ocrx_word' id='word_1_338' title='bbox 2811 2656 3081 2728; x_wconf 69' lang='grc' dir='ltr'>μελλούσῃ</span> <span class='ocrx_word' id='word_1_339' title='bbox 3123 2658 3397 2727; x_wconf 67' lang='grc' dir='ltr'>τὴνκαίω·</span> 
     </span>
    </p>
   </div>
   <div class='ocr_carea' id='block_1_49' title="bbox 199 2749 1008 2821">
    <p class='ocr_par' dir='ltr' id='par_1_49' title="bbox 199 2749 1008 2821">
     <span class='ocr_line' id='line_1_49' title="bbox 199 2749 1008 2821; baseline 0.002 -19"><span class='ocrx_word' id='word_1_340' title='bbox 199 2751 306 2803; x_wconf 82' lang='grc' dir='ltr'>νίαν</span> <span class='ocrx_word' id='word_1_341' title='bbox 336 2767 411 2803; x_wconf 88' lang='grc' dir='ltr'>σοι</span> <span class='ocrx_word' id='word_1_342' title='bbox 438 2749 690 2805; x_wconf 72' lang='grc' dir='ltr'>εὔκλειαν</span> <span class='ocrx_word' id='word_1_343' title='bbox 716 2752 1008 2821; x_wconf 77' lang='grc' dir='ltr'><strong>χαριεῖται.</strong></span> 
     </span>
    </p>
   </div>
   <div class='ocr_carea' id='block_1_50' title="bbox 327 2865 1591 2935">
    <p class='ocr_par' dir='ltr' id='par_1_50' title="bbox 327 2865 1591 2935">
     <span class='ocr_line' id='line_1_50' title="bbox 327 2865 1591 2935; baseline 0.001 -16"><span class='ocrx_word' id='word_1_344' title='bbox 327 2869 398 2919; x_wconf 86' lang='lat'><strong>0‘.</strong></span> <span class='ocrx_word' id='word_1_345' title='bbox 431 2865 606 2922; x_wconf 79' lang='grc' dir='ltr'><strong>Δαόὶό</strong></span> <span class='ocrx_word' id='word_1_346' title='bbox 644 2866 1036 2935; x_wconf 71' lang='grc' dir='ltr'><strong>Καμουλιανῷ</strong></span> <span class='ocrx_word' id='word_1_347' title='bbox 1066 2867 1591 2935; x_wconf 71' lang='grc' dir='ltr'>πρωτοσπαθαρίῳ.</span> 
     </span>
    </p>
   </div>
   <div class='ocr_carea' id='block_1_51' title="bbox 263 2977 1733 3050">
    <p class='ocr_par' dir='ltr' id='par_1_51' title="bbox 263 2977 1733 3050">
     <span class='ocr_line' id='line_1_51' title="bbox 263 2977 1733 3050; baseline -0.002 -16"><span class='ocrx_word' id='word_1_348' title='bbox 263 2982 326 3034; x_wconf 78' lang='grc' dir='ltr'><strong>Ἀ</strong></span> <span class='ocrx_word' id='word_1_349' title='bbox 349 2979 442 3048; x_wconf 86' lang='grc' dir='ltr'>μὲν</span> <span class='ocrx_word' id='word_1_350' title='bbox 463 2978 568 3032; x_wconf 69' lang='grc' dir='ltr'>ἔδει</span> <span class='ocrx_word' id='word_1_351' title='bbox 593 2978 728 3050; x_wconf 81' lang='grc' dir='ltr'>πρὸς</span> <span class='ocrx_word' id='word_1_352' title='bbox 751 2977 883 3031; x_wconf 76' lang='grc' dir='ltr'>Θεδν</span> <span class='ocrx_word' id='word_1_353' title='bbox 910 2979 1241 3046; x_wconf 79' lang='grc' dir='ltr'><strong>ἀνενεγκεῖν,</strong></span> <span class='ocrx_word' id='word_1_354' title='bbox 1273 2979 1355 3030; x_wconf 80' lang='grc' dir='ltr'><strong>ὅτι</strong></span> <span class='ocrx_word' id='word_1_355' title='bbox 1388 2981 1574 3032; x_wconf 80' lang='grc' dir='ltr'>τέκνου</span> <span class='ocrx_word' id='word_1_356' title='bbox 1597 2981 1733 3048; x_wconf 80' lang='grc' dir='ltr'>ἠγα-</span> 
     </span>
    </p>
   </div>
   <div class='ocr_carea' id='block_1_52' title="bbox 199 3069 1732 3141">
    <p class='ocr_par' dir='ltr' id='par_1_52' title="bbox 199 3069 1732 3141">
     <span class='ocr_line' id='line_1_52' title="bbox 199 3069 1732 3141; baseline 0.001 -18"><span class='ocrx_word' id='word_1_357' title='bbox 199 3071 420 3141; x_wconf 79' lang='grc' dir='ltr'>πημένον</span> <span class='ocrx_word' id='word_1_358' title='bbox 458 3070 745 3140; x_wconf 84' lang='grc' dir='ltr'>γράμμασι</span> <span class='ocrx_word' id='word_1_359' title='bbox 783 3071 909 3132; x_wconf 77' lang='grc' dir='ltr'>τοὺς</span> <span class='ocrx_word' id='word_1_360' title='bbox 940 3069 1249 3140; x_wconf 80' lang='grc' dir='ltr'>ὀφθαλμοὺς</span> <span class='ocrx_word' id='word_1_361' title='bbox 1299 3071 1455 3140; x_wconf 78' lang='grc' dir='ltr'>ἡμῶν</span> <span class='ocrx_word' id='word_1_362' title='bbox 1505 3071 1732 3125; x_wconf 74' lang='grc' dir='ltr'>ἐπεσάλ-</span> 
     </span>
    </p>
   </div>
   <div class='ocr_carea' id='block_1_53' title="bbox 2015 2856 3222 2936">
    <p class='ocr_par' dir='ltr' id='par_1_53' title="bbox 2015 2856 3222 2936">
     <span class='ocr_line' id='line_1_53' title="bbox 2015 2856 3222 2936; baseline 0.012 -27"><span class='ocrx_word' id='word_1_363' title='bbox 2015 2856 2173 2914; x_wconf 72' lang='lat' dir='ltr'><strong>LXX.</strong></span> <span class='ocrx_word' id='word_1_364' title='bbox 2211 2859 2397 2913; x_wconf 79' lang='lat' dir='ltr'><strong>Davidi</strong></span> <span class='ocrx_word' id='word_1_365' title='bbox 2425 2861 2740 2917; x_wconf 83' lang='lat' dir='ltr'><strong>Camuliano</strong></span> <span class='ocrx_word' id='word_1_366' title='bbox 2777 2871 3222 2936; x_wconf 77' lang='lat' dir='ltr'><strong>protospatliario.</strong></span> 
     </span>
    </p>
   </div>
   <div class='ocr_carea' id='block_1_54' title="bbox 1838 2971 3394 3050">
    <p class='ocr_par' dir='ltr' id='par_1_54' title="bbox 1838 2971 3394 3050">
     <span class='ocr_line' id='line_1_54' title="bbox 1838 2971 3394 3050; baseline 0.01 -25"><span class='ocrx_word' id='word_1_367' title='bbox 1838 3037 1845 3050; x_wconf 45' lang='lat'>.</span> <span class='ocrx_word' id='word_1_368' title='bbox 1909 2971 2038 3038; x_wconf 79' lang='lat' dir='ltr'><strong>Qua:</strong></span> <span class='ocrx_word' id='word_1_369' title='bbox 2073 2974 2138 3026; x_wconf 89' lang='lat' dir='ltr'><strong>ad</strong></span> <span class='ocrx_word' id='word_1_370' title='bbox 2191 2973 2353 3028; x_wconf 88' lang='lat' dir='ltr'><strong>Deum</strong></span> <span class='ocrx_word' id='word_1_371' title='bbox 2398 2975 2591 3030; x_wconf 74' lang='lat' dir='ltr'><strong>oll‘crre</strong></span> <span class='ocrx_word' id='word_1_372' title='bbox 2621 2981 2884 3046; x_wconf 86' lang='lat' dir='ltr'><strong>oportuit,</strong></span> <span class='ocrx_word' id='word_1_373' title='bbox 2930 2997 3051 3034; x_wconf 87' lang='lat' dir='ltr'><strong>cum</strong></span> <span class='ocrx_word' id='word_1_374' title='bbox 3094 2982 3186 3037; x_wconf 83' lang='lat' dir='ltr'><strong>lilii</strong></span> <span class='ocrx_word' id='word_1_375' title='bbox 3214 2984 3394 3041; x_wconf 86' lang='lat' dir='ltr'><strong>dilecti</strong></span> 
     </span>
    </p>
   </div>
   <div class='ocr_carea' id='block_1_55' title="bbox 1836 3062 3394 3142">
    <p class='ocr_par' dir='ltr' id='par_1_55' title="bbox 1836 3062 3394 3142">
     <span class='ocr_line' id='line_1_55' title="bbox 1836 3062 3394 3142; baseline 0.01 -28"><span class='ocrx_word' id='word_1_376' title='bbox 1836 3062 2034 3116; x_wconf 87' lang='lat' dir='ltr'><strong>litteris</strong></span> <span class='ocrx_word' id='word_1_377' title='bbox 2069 3063 2259 3118; x_wconf 90' lang='lat' dir='ltr'><strong>oculos</strong></span> <span class='ocrx_word' id='word_1_378' title='bbox 2299 3064 2603 3132; x_wconf 88' lang='lat' dir='ltr'><strong>iujecimus,</strong></span> <span class='ocrx_word' id='word_1_379' title='bbox 2649 3075 2705 3120; x_wconf 90' lang='lat' dir='ltr'><strong>et</strong></span> <span class='ocrx_word' id='word_1_380' title='bbox 2748 3068 2848 3122; x_wconf 87' lang='lat' dir='ltr'><strong>hac</strong></span> <span class='ocrx_word' id='word_1_381' title='bbox 2894 3069 3188 3138; x_wconf 81' lang='lat' dir='ltr'><strong>injectione</strong></span> <span class='ocrx_word' id='word_1_382' title='bbox 3239 3078 3394 3142; x_wconf 85' lang='lat' dir='ltr'><strong>quasi</strong></span> 
     </span>
    </p>
   </div>
   <div class='ocr_carea' id='block_1_56' title="bbox 165 3146 1735 3233">
    <p class='ocr_par' dir='ltr' id='par_1_56' title="bbox 165 3146 1735 3233">
     <span class='ocr_line' id='line_1_56' title="bbox 165 3146 1735 3233; baseline -0.001 -18"><span class='ocrx_word' id='word_1_383' title='bbox 165 3146 373 3233; x_wconf 68' lang='grc' dir='ltr'>’λομεν,</span> <span class='ocrx_word' id='word_1_384' title='bbox 409 3165 498 3216; x_wconf 68' lang='grc' dir='ltr'><strong>καὶ</strong></span> <span class='ocrx_word' id='word_1_385' title='bbox 541 3165 606 3232; x_wconf 79' lang='grc' dir='ltr'>τῇ</span> <span class='ocrx_word' id='word_1_386' title='bbox 659 3161 882 3231; x_wconf 71' lang='grc' dir='ltr'>επιῦολῇ</span> <span class='ocrx_word' id='word_1_387' title='bbox 925 3160 1097 3232; x_wconf 79' lang='grc' dir='ltr'>ταύτῃ</span> <span class='ocrx_word' id='word_1_388' title='bbox 1141 3161 1328 3230; x_wconf 82' lang='grc' dir='ltr'>ὥσπερ</span> <span class='ocrx_word' id='word_1_389' title='bbox 1358 3162 1414 3212; x_wconf 81' lang='grc' dir='ltr'><strong>ὲν</strong></span> <span class='ocrx_word' id='word_1_390' title='bbox 1443 3161 1735 3230; x_wconf 77' lang='grc' dir='ltr'><strong>ὀφθαλμοῖς</strong></span> 
     </span>
    </p>
   </div>
   <div class='ocr_carea' id='block_1_57' title="bbox 1835 3146 3393 3233">
    <p class='ocr_par' dir='ltr' id='par_1_57' title="bbox 1837 3155 3393 3226">
     <span class='ocr_line' id='line_1_57' title="bbox 1837 3155 3393 3226; baseline 0.006 -15"><span class='ocrx_word' id='word_1_391' title='bbox 1837 3156 1906 3211; x_wconf 89' lang='lat' dir='ltr'><strong>ob</strong></span> <span class='ocrx_word' id='word_1_392' title='bbox 1941 3155 2128 3210; x_wconf 91' lang='lat' dir='ltr'><strong>oculos</strong></span> <span class='ocrx_word' id='word_1_393' title='bbox 2171 3155 2370 3209; x_wconf 85' lang='lat' dir='ltr'><strong>habere</strong></span> <span class='ocrx_word' id='word_1_394' title='bbox 2415 3157 2585 3210; x_wconf 88' lang='lat' dir='ltr'><strong>lilium</strong></span> <span class='ocrx_word' id='word_1_395' title='bbox 2635 3159 2983 3226; x_wconf 85' lang='lat' dir='ltr'><strong>putabamus,</strong></span> <span class='ocrx_word' id='word_1_396' title='bbox 3029 3162 3209 3217; x_wconf 86' lang='lat' dir='ltr'><strong>oblata</strong></span> <span class='ocrx_word' id='word_1_397' title='bbox 3246 3177 3393 3220; x_wconf 87' lang='lat' dir='ltr'><strong>sunt.</strong></span> 
     </span>
    </p>
   </div>
   <div class='ocr_carea' id='block_1_58' title="bbox 200 3249 1737 3324">
    <p class='ocr_par' dir='ltr' id='par_1_58' title="bbox 200 3249 1737 3324">
     <span class='ocr_line' id='line_1_58' title="bbox 200 3249 1737 3324; baseline -0.003 -17"><span class='ocrx_word' id='word_1_398' title='bbox 200 3257 328 3324; x_wconf 74' lang='grc' dir='ltr'>ἔχειν</span> <span class='ocrx_word' id='word_1_399' title='bbox 378 3254 436 3306; x_wconf 84' lang='grc' dir='ltr'><strong>τὸ</strong></span> <span class='ocrx_word' id='word_1_400' title='bbox 486 3254 673 3307; x_wconf 81' lang='grc' dir='ltr'>τέκνον</span> <span class='ocrx_word' id='word_1_401' title='bbox 729 3252 1074 3322; x_wconf 76' lang='grc' dir='ltr'>ἐνομίζομεν,</span> <span class='ocrx_word' id='word_1_402' title='bbox 1120 3250 1410 3324; x_wconf 78' lang='grc' dir='ltr'>ἀνηνέχθη.</span> <span class='ocrx_word' id='word_1_403' title='bbox 1473 3253 1536 3304; x_wconf 77' lang='grc' dir='ltr'><strong>Ἀ</strong></span> <span class='ocrx_word' id='word_1_404' title='bbox 1586 3249 1737 3303; x_wconf 81' lang='grc' dir='ltr'>δὲτὸ</span> 
     </span>
    </p>
   </div>
   <div class='ocr_carea' id='block_1_59' title="bbox 199 3345 1738 3420">
    <p class='ocr_par' dir='ltr' id='par_1_59' title="bbox 199 3345 1738 3420">
     <span class='ocr_line' id='line_1_59' title="bbox 199 3345 1738 3420; baseline -0.002 -19"><span class='ocrx_word' id='word_1_405' title='bbox 199 3350 412 3420; x_wconf 74' lang='grc' dir='ltr'>γράμμα</span> <span class='ocrx_word' id='word_1_406' title='bbox 436 3349 562 3418; x_wconf 78' lang='grc' dir='ltr'>περὶ</span> <span class='ocrx_word' id='word_1_407' title='bbox 592 3347 700 3400; x_wconf 84' lang='grc' dir='ltr'>τῶν</span> <span class='ocrx_word' id='word_1_408' title='bbox 726 3348 823 3416; x_wconf 78' lang='grc' dir='ltr'><strong>τὴν</strong></span> <span class='ocrx_word' id='word_1_409' title='bbox 855 3346 1109 3415; x_wconf 84' lang='grc' dir='ltr'>γλῶσσαν</span> <span class='ocrx_word' id='word_1_410' title='bbox 1147 3345 1384 3399; x_wconf 84' lang='grc' dir='ltr'>εὐκόλων</span> <span class='ocrx_word' id='word_1_411' title='bbox 1411 3347 1489 3408; x_wconf 89' lang='grc' dir='ltr'><strong>είς</strong></span> <span class='ocrx_word' id='word_1_412' title='bbox 1519 3346 1738 3416; x_wconf 81' lang='grc' dir='ltr'>μνήμην</span> 
     </span>
    </p>
   </div>
   <div class='ocr_carea' id='block_1_60' title="bbox 197 3432 1736 3507">
    <p class='ocr_par' dir='ltr' id='par_1_60' title="bbox 197 3432 1736 3507">
     <span class='ocr_line' id='line_1_60' title="bbox 197 3432 1736 3507; baseline -0.005 -16"><span class='ocrx_word' id='word_1_413' title='bbox 197 3433 302 3507; x_wconf 75' lang='grc' dir='ltr'>ἦγε,</span> <span class='ocrx_word' id='word_1_414' title='bbox 339 3437 388 3490; x_wconf 91' lang='grc' dir='ltr'><strong>τί</strong></span> <span class='ocrx_word' id='word_1_415' title='bbox 420 3437 514 3502; x_wconf 79' lang='grc' dir='ltr'>δεῖ,</span> <span class='ocrx_word' id='word_1_416' title='bbox 544 3436 730 3490; x_wconf 79' lang='grc' dir='ltr'>τέκνον</span> <span class='ocrx_word' id='word_1_417' title='bbox 760 3452 884 3504; x_wconf 89' lang='grc' dir='ltr'>μου,</span> <span class='ocrx_word' id='word_1_418' title='bbox 913 3432 1132 3486; x_wconf 78' lang='grc' dir='ltr'>συνετὸν</span> <span class='ocrx_word' id='word_1_419' title='bbox 1153 3432 1283 3486; x_wconf 78' lang='grc' dir='ltr'>ὅντα</span> <span class='ocrx_word' id='word_1_420' title='bbox 1315 3450 1375 3484; x_wconf 91' lang='grc' dir='ltr'><strong>σε</strong></span> <span class='ocrx_word' id='word_1_421' title='bbox 1402 3432 1533 3485; x_wconf 81' lang='grc' dir='ltr'>Θεοῦ</span> <span class='ocrx_word' id='word_1_422' title='bbox 1558 3433 1736 3501; x_wconf 79' lang='grc' dir='ltr'>χάριτι</span> 
     </span>
    </p>
   </div>
   <div class='ocr_carea' id='block_1_61' title="bbox 197 3522 1735 3600">
    <p class='ocr_par' dir='ltr' id='par_1_61' title="bbox 197 3522 1735 3600">
     <span class='ocr_line' id='line_1_61' title="bbox 197 3522 1735 3600; baseline -0.007 -18"><span class='ocrx_word' id='word_1_423' title='bbox 197 3528 598 3600; x_wconf 62' lang='grc' dir='ltr'>πειρᾶσθαι,δι.ὶ</span> <span class='ocrx_word' id='word_1_424' title='bbox 641 3526 751 3580; x_wconf 84' lang='grc' dir='ltr'>τῶν</span> <span class='ocrx_word' id='word_1_425' title='bbox 796 3525 1082 3596; x_wconf 75' lang='grc' dir='ltr'>ἡμετέρων</span> <span class='ocrx_word' id='word_1_426' title='bbox 1112 3523 1316 3592; x_wconf 88' lang='grc' dir='ltr'>λόγων,</span> <span class='ocrx_word' id='word_1_427' title='bbox 1363 3523 1466 3580; x_wconf 60' lang='grc' dir='ltr'>τοῦ,</span> <span class='ocrx_word' id='word_1_428' title='bbox 1498 3522 1735 3575; x_wconf 78' lang='grc' dir='ltr'>τοιούτου</span> 
     </span>
    </p>
   </div>
   <div class='ocr_carea' id='block_1_62' title="bbox 197 3600 1738 3688">
    <p class='ocr_par' dir='ltr' id='par_1_62' title="bbox 197 3600 1738 3688">
     <span class='ocr_line' id='line_1_62' title="bbox 197 3600 1738 3688; baseline -0.005 -16"><span class='ocrx_word' id='word_1_429' title='bbox 197 3619 289 3672; x_wconf 83' lang='grc' dir='ltr'>τῶν</span> <span class='ocrx_word' id='word_1_430' title='bbox 323 3618 620 3688; x_wconf 79' lang='grc' dir='ltr'>ἀνθρώπων</span> <span class='ocrx_word' id='word_1_431' title='bbox 649 3600 856 3681; x_wconf 69' lang='grc' dir='ltr'>πάθους</span> <span class='ocrx_word' id='word_1_432' title='bbox 888 3615 1046 3684; x_wconf 72' lang='grc' dir='ltr'>ἄγειν</span> <span class='ocrx_word' id='word_1_433' title='bbox 1097 3615 1175 3679; x_wconf 77' lang='grc' dir='ltr'><strong>είς</strong></span> <span class='ocrx_word' id='word_1_434' title='bbox 1222 3615 1584 3683; x_wconf 76' lang='grc' dir='ltr'>κατανόησινς</span> <span class='ocrx_word' id='word_1_435' title='bbox 1616 3607 1738 3666; x_wconf 73' lang='grc' dir='ltr'>Οἶδα</span> 
     </span>
    </p>
   </div>
   <div class='ocr_carea' id='block_1_63' title="bbox 200 3699 1736 3782">
    <p class='ocr_par' dir='ltr' id='par_1_63' title="bbox 200 3699 1736 3782">
     <span class='ocr_line' id='line_1_63' title="bbox 200 3699 1736 3782; baseline -0.005 -18"><span class='ocrx_word' id='word_1_436' title='bbox 200 3711 291 3782; x_wconf 77' lang='grc' dir='ltr'>γὰρ</span> <span class='ocrx_word' id='word_1_437' title='bbox 314 3712 390 3763; x_wconf 83' lang='grc' dir='ltr'>ὅτι</span> <span class='ocrx_word' id='word_1_438' title='bbox 422 3710 570 3764; x_wconf 74' lang='grc' dir='ltr'>οὐδὲν</span> <span class='ocrx_word' id='word_1_439' title='bbox 595 3708 768 3772; x_wconf 81' lang='grc' dir='ltr'>οὕτως</span> <span class='ocrx_word' id='word_1_440' title='bbox 798 3708 894 3776; x_wconf 73' lang='grc' dir='ltr'>ἡδὺ</span> <span class='ocrx_word' id='word_1_441' title='bbox 926 3709 1037 3770; x_wconf 82' lang='grc' dir='ltr'>τοῖς</span> <span class='ocrx_word' id='word_1_442' title='bbox 1059 3706 1370 3776; x_wconf 52' lang='grc' dir='ltr'>ἀνθρώποις</span> <span class='ocrx_word' id='word_1_443' title='bbox 1399 3699 1509 3757; x_wconf 73' lang='grc' dir='ltr'>οἷον</span> <span class='ocrx_word' id='word_1_444' title='bbox 1535 3705 1593 3756; x_wconf 82' lang='grc' dir='ltr'><strong>τὸ</strong></span> <span class='ocrx_word' id='word_1_445' title='bbox 1622 3704 1736 3756; x_wconf 86' lang='grc' dir='ltr'>δια-</span> 
     </span>
    </p>
   </div>
   <div class='ocr_carea' id='block_1_64' title="bbox 201 3791 1734 3868">
    <p class='ocr_par' dir='ltr' id='par_1_64' title="bbox 201 3791 1734 3868">
     <span class='ocr_line' id='line_1_64' title="bbox 201 3791 1734 3868; baseline -0.006 -16"><span class='ocrx_word' id='word_1_446' title='bbox 201 3801 365 3868; x_wconf 73' lang='grc' dir='ltr'>σύρειν</span> <span class='ocrx_word' id='word_1_447' title='bbox 391 3799 457 3852; x_wconf 83' lang='grc' dir='ltr'>τὰ</span> <span class='ocrx_word' id='word_1_448' title='bbox 483 3799 590 3852; x_wconf 85' lang='grc' dir='ltr'>τῶν</span> <span class='ocrx_word' id='word_1_449' title='bbox 621 3795 846 3868; x_wconf 79' lang='grc' dir='ltr'>πλησίον</span> <span class='ocrx_word' id='word_1_450' title='bbox 885 3795 1182 3866; x_wconf 85' lang='grc' dir='ltr'>πράγματα</span> <span class='ocrx_word' id='word_1_451' title='bbox 1229 3794 1323 3847; x_wconf 76' lang='grc' dir='ltr'><strong>καὶ</strong></span> <span class='ocrx_word' id='word_1_452' title='bbox 1365 3792 1491 3855; x_wconf 81' lang='grc' dir='ltr'>τοὺς</span> <span class='ocrx_word' id='word_1_453' title='bbox 1524 3791 1734 3860; x_wconf 82' lang='grc' dir='ltr'>λόγους,</span> 
     </span>
    </p>
   </div>
   <div class='ocr_carea' id='block_1_65' title="bbox 208 3881 1736 3954">
    <p class='ocr_par' dir='ltr' id='par_1_65' title="bbox 208 3881 1736 3954">
     <span class='ocr_line' id='line_1_65' title="bbox 208 3881 1736 3954; baseline -0.008 -11"><span class='ocrx_word' id='word_1_454' title='bbox 208 3892 349 3944; x_wconf 77' lang='grc' dir='ltr'>ὁποῖα</span> <span class='ocrx_word' id='word_1_455' title='bbox 373 3905 498 3943; x_wconf 85' lang='grc' dir='ltr'>ποτε</span> <span class='ocrx_word' id='word_1_456' title='bbox 525 3890 589 3942; x_wconf 82' lang='grc' dir='ltr'>ἂν</span> <span class='ocrx_word' id='word_1_457' title='bbox 615 3881 736 3941; x_wconf 75' lang='grc' dir='ltr'><strong>ὦσι.</strong></span> <span class='ocrx_word' id='word_1_458' title='bbox 787 3886 894 3939; x_wconf 78' lang='grc' dir='ltr'><strong>Καὶ</strong></span> <span class='ocrx_word' id='word_1_459' title='bbox 935 3887 988 3938; x_wconf 81' lang='grc' dir='ltr'><strong>τί</strong></span> <span class='ocrx_word' id='word_1_460' title='bbox 1040 3883 1370 3954; x_wconf 78' lang='grc' dir='ltr'>θαυμαστὸν,</span> <span class='ocrx_word' id='word_1_461' title='bbox 1405 3883 1452 3935; x_wconf 88' lang='grc' dir='ltr'><strong>εί</strong></span> <span class='ocrx_word' id='word_1_462' title='bbox 1484 3881 1577 3935; x_wconf 73' lang='grc' dir='ltr'>καὶ</span> <span class='ocrx_word' id='word_1_463' title='bbox 1606 3881 1736 3950; x_wconf 79' lang='grc' dir='ltr'><strong>ἡμῖν</strong></span> 
     </span>
    </p>
   </div>
   <div class='ocr_carea' id='block_1_66' title="bbox 201 3973 1738 4051">
    <p class='ocr_par' dir='ltr' id='par_1_66' title="bbox 201 3973 1738 4051">
     <span class='ocr_line' id='line_1_66' title="bbox 201 3973 1738 4051; baseline -0.007 -18"><span class='ocrx_word' id='word_1_464' title='bbox 201 3981 465 4051; x_wconf 78' lang='grc' dir='ltr'>συμϐαίνει</span> <span class='ocrx_word' id='word_1_465' title='bbox 540 3981 604 4031; x_wconf 80' lang='grc' dir='ltr'>ἐκ</span> <span class='ocrx_word' id='word_1_466' title='bbox 662 3977 758 4030; x_wconf 81' lang='grc' dir='ltr'>τοῦ</span> <span class='ocrx_word' id='word_1_467' title='bbox 817 3977 1057 4030; x_wconf 78' lang='grc' dir='ltr'>τοιοῦτου</span> <span class='ocrx_word' id='word_1_468' title='bbox 1129 3975 1473 4044; x_wconf 73' lang='grc' dir='ltr'>ἀνθρωπίνου</span> <span class='ocrx_word' id='word_1_469' title='bbox 1531 3973 1738 4035; x_wconf 80' lang='grc' dir='ltr'>πάθους</span> 
     </span>
    </p>
   </div>
   <div class='ocr_carea' id='block_1_67' title="bbox 199 4062 1734 4137">
    <p class='ocr_par' dir='ltr' id='par_1_67' title="bbox 199 4062 1734 4137">
     <span class='ocr_line' id='line_1_67' title="bbox 199 4062 1734 4137; baseline -0.006 -16"><span class='ocrx_word' id='word_1_470' title='bbox 199 4069 616 4137; x_wconf 83' lang='grc' dir='ltr'>κακολογεῖσθαι;</span> <span class='ocrx_word' id='word_1_471' title='bbox 642 4067 803 4121; x_wconf 80' lang='grc' dir='ltr'>Ὥστε</span> <span class='ocrx_word' id='word_1_472' title='bbox 827 4068 953 4127; x_wconf 72' lang='grc' dir='ltr'>τοὺς</span> <span class='ocrx_word' id='word_1_473' title='bbox 973 4065 1402 4132; x_wconf 83' lang='grc' dir='ltr'>κακολογοῦντας</span> <span class='ocrx_word' id='word_1_474' title='bbox 1426 4062 1487 4117; x_wconf 70' lang='lat' dir='ltr'><strong>Ea</strong></span> <span class='ocrx_word' id='word_1_475' title='bbox 1507 4063 1734 4134; x_wconf 85' lang='grc' dir='ltr'>χαίρειν,</span> 
     </span>
    </p>
   </div>
   <div class='ocr_carea' id='block_1_68' title="bbox 198 4154 1738 4230">
    <p class='ocr_par' dir='ltr' id='par_1_68' title="bbox 198 4154 1738 4230">
     <span class='ocr_line' id='line_1_68' title="bbox 198 4154 1738 4230; baseline -0.005 -17"><span class='ocrx_word' id='word_1_476' title='bbox 198 4164 369 4217; x_wconf 78' lang='grc' dir='ltr'>τέκνον</span> <span class='ocrx_word' id='word_1_477' title='bbox 411 4161 558 4230; x_wconf 71' lang='grc' dir='ltr'>ἐμὸν,</span> <span class='ocrx_word' id='word_1_478' title='bbox 595 4161 660 4213; x_wconf 77' lang='grc' dir='ltr'>σὺ</span> <span class='ocrx_word' id='word_1_479' title='bbox 693 4160 750 4212; x_wconf 81' lang='grc' dir='ltr'>δὲ</span> <span class='ocrx_word' id='word_1_480' title='bbox 779 4159 875 4228; x_wconf 80' lang='grc' dir='ltr'>τῆς</span> <span class='ocrx_word' id='word_1_481' title='bbox 923 4157 1023 4227; x_wconf 78' lang='grc' dir='ltr'>σῆς</span> <span class='ocrx_word' id='word_1_482' title='bbox 1063 4156 1272 4226; x_wconf 82' lang='grc' dir='ltr'>ἀγαθῆς</span> <span class='ocrx_word' id='word_1_483' title='bbox 1319 4155 1441 4225; x_wconf 75' lang='grc' dir='ltr'>ἔχου</span> <span class='ocrx_word' id='word_1_484' title='bbox 1491 4154 1738 4223; x_wconf 87' lang='grc' dir='ltr'>συνειδή-</span> 
     </span>
    </p>
   </div>
   <div class='ocr_carea' id='block_1_69' title="bbox 199 4245 1735 4323">
    <p class='ocr_par' dir='ltr' id='par_1_69' title="bbox 199 4245 1735 4323">
     <span class='ocr_line' id='line_1_69' title="bbox 199 4245 1735 4323; baseline -0.006 -17"><span class='ocrx_word' id='word_1_485' title='bbox 199 4271 344 4319; x_wconf 78' lang='grc' dir='ltr'>σεως,</span> <span class='ocrx_word' id='word_1_486' title='bbox 389 4253 451 4323; x_wconf 71' lang='grc' dir='ltr'>ἦν</span> <span class='ocrx_word' id='word_1_487' title='bbox 505 4251 624 4320; x_wconf 85' lang='grc' dir='ltr'>Θεῷ</span> <span class='ocrx_word' id='word_1_488' title='bbox 667 4249 989 4314; x_wconf 73' lang='grc' dir='ltr'>σπουδάζεις</span> <span class='ocrx_word' id='word_1_489' title='bbox 1031 4251 1378 4318; x_wconf 82' lang='grc' dir='ltr'>παραστῆσαι</span> <span class='ocrx_word' id='word_1_490' title='bbox 1423 4245 1501 4316; x_wconf 81' lang='grc' dir='ltr'>τῷ</span> <span class='ocrx_word' id='word_1_491' title='bbox 1527 4248 1735 4315; x_wconf 81' lang='grc' dir='ltr'>ἀπροσ-</span> 
     </span>
    </p>
   </div>
   <div class='ocr_carea' id='block_1_70' title="bbox 200 4331 1734 4414">
    <p class='ocr_par' dir='ltr' id='par_1_70' title="bbox 200 4331 1734 4414">
     <span class='ocr_line' id='line_1_70' title="bbox 200 4331 1734 4414; baseline -0.007 -16"><span class='ocrx_word' id='word_1_492' title='bbox 200 4345 486 4414; x_wconf 71' lang='grc' dir='ltr'>ωπολήπτῳ</span> <span class='ocrx_word' id='word_1_493' title='bbox 504 4344 664 4411; x_wconf 87' lang='grc' dir='ltr'>κριτῇ</span> <span class='ocrx_word' id='word_1_494' title='bbox 694 4340 1030 4410; x_wconf 78' lang='grc' dir='ltr'>ἅδιάῆλητον·</span> <span class='ocrx_word' id='word_1_495' title='bbox 1055 4340 1176 4391; x_wconf 74' lang='grc' dir='ltr'>ἐπεὶ</span> <span class='ocrx_word' id='word_1_496' title='bbox 1201 4340 1266 4392; x_wconf 77' lang='grc' dir='ltr'>τά</span> <span class='ocrx_word' id='word_1_497' title='bbox 1285 4355 1345 4406; x_wconf 89' lang='grc' dir='ltr'><strong>γε</strong></span> <span class='ocrx_word' id='word_1_498' title='bbox 1369 4331 1502 4406; x_wconf 79' lang='grc' dir='ltr'>πρὸς</span> <span class='ocrx_word' id='word_1_499' title='bbox 1523 4335 1620 4391; x_wconf 85' lang='grc' dir='ltr'><strong>ἀνθ</strong></span> <span class='ocrx_word' id='word_1_500' title='bbox 1631 4338 1734 4406; x_wconf 83' lang='grc' dir='ltr'><strong>ρώ-</strong></span> 
     </span>
    </p>
   </div>
   <div class='ocr_carea' id='block_1_71' title="bbox 201 4427 1734 4500">
    <p class='ocr_par' dir='ltr' id='par_1_71' title="bbox 201 4427 1734 4500">
     <span class='ocr_line' id='line_1_71' title="bbox 201 4427 1734 4500; baseline -0.007 -11"><span class='ocrx_word' id='word_1_501' title='bbox 201 4452 319 4498; x_wconf 85' lang='grc' dir='ltr'>πους</span> <span class='ocrx_word' id='word_1_502' title='bbox 351 4433 520 4499; x_wconf 71' lang='grc' dir='ltr'>οὐδεὶς</span> <span class='ocrx_word' id='word_1_503' title='bbox 565 4432 708 4485; x_wconf 75' lang='grc' dir='ltr'>οὕτω</span> <span class='ocrx_word' id='word_1_504' title='bbox 746 4431 1219 4500; x_wconf 78' lang='grc' dir='ltr'>κατωχυρωμένος</span> <span class='ocrx_word' id='word_1_505' title='bbox 1251 4429 1398 4482; x_wconf 77' lang='grc' dir='ltr'>ἐστὶν</span> <span class='ocrx_word' id='word_1_506' title='bbox 1455 4427 1513 4491; x_wconf 83' lang='grc' dir='ltr'><strong>ὲξ</strong></span> <span class='ocrx_word' id='word_1_507' title='bbox 1569 4427 1734 4498; x_wconf 79' lang='grc' dir='ltr'>ὀρθῆς</span> 
     </span>
    </p>
   </div>
   <div class='ocr_carea' id='block_1_72' title="bbox 1838 3250 3395 3327">
    <p class='ocr_par' dir='ltr' id='par_1_72' title="bbox 1838 3250 3395 3327">
     <span class='ocr_line' id='line_1_72' title="bbox 1838 3250 3395 3327; baseline 0.008 -23"><span class='ocrx_word' id='word_1_508' title='bbox 1838 3250 1969 3317; x_wconf 78' lang='lat' dir='ltr'><strong>Quae</strong></span> <span class='ocrx_word' id='word_1_509' title='bbox 1995 3259 2174 3304; x_wconf 90' lang='lat' dir='ltr'><strong>autem</strong></span> <span class='ocrx_word' id='word_1_510' title='bbox 2205 3250 2400 3305; x_wconf 61' lang='lat' dir='ltr'><strong>litterae.</strong></span> <span class='ocrx_word' id='word_1_511' title='bbox 2432 3259 2540 3305; x_wconf 82' lang='lat' dir='ltr'><strong>tuae</strong></span> <span class='ocrx_word' id='word_1_512' title='bbox 2585 3253 2652 3307; x_wconf 89' lang='lat' dir='ltr'><strong>de</strong></span> <span class='ocrx_word' id='word_1_513' title='bbox 2696 3254 3016 3323; x_wconf 83' lang='lat' dir='ltr'><strong>loquacibus</strong></span> <span class='ocrx_word' id='word_1_514' title='bbox 3069 3274 3395 3327; x_wconf 87' lang='lat' dir='ltr'><strong>memorant,</strong></span> 
     </span>
    </p>
   </div>
   <div class='ocr_carea' id='block_1_73' title="bbox 1837 3340 3393 3414">
    <p class='ocr_par' dir='ltr' id='par_1_73' title="bbox 1837 3340 3393 3414">
     <span class='ocr_line' id='line_1_73' title="bbox 1837 3340 3393 3414; baseline 0.007 -21"><span class='ocrx_word' id='word_1_515' title='bbox 1837 3340 1965 3409; x_wconf 89' lang='lat' dir='ltr'><strong>quid</strong></span> <span class='ocrx_word' id='word_1_516' title='bbox 2001 3355 2139 3410; x_wconf 90' lang='lat' dir='ltr'><strong>opus</strong></span> <span class='ocrx_word' id='word_1_517' title='bbox 2185 3350 2266 3394; x_wconf 91' lang='lat' dir='ltr'><strong>est</strong></span> <span class='ocrx_word' id='word_1_518' title='bbox 2314 3350 2372 3395; x_wconf 91' lang='lat' dir='ltr'><strong>ut</strong></span> <span class='ocrx_word' id='word_1_519' title='bbox 2412 3343 2547 3396; x_wconf 88' lang='lat' dir='ltr'><strong>meis</strong></span> <span class='ocrx_word' id='word_1_520' title='bbox 2581 3345 2923 3401; x_wconf 71' lang='lat' dir='ltr'><strong>set-menibus</strong></span> <span class='ocrx_word' id='word_1_521' title='bbox 2953 3350 3275 3404; x_wconf 88' lang='lat' dir='ltr'><strong>contendam</strong></span> <span class='ocrx_word' id='word_1_522' title='bbox 3323 3363 3393 3414; x_wconf 86' lang='lat' dir='ltr'><strong>te,</strong></span> 
     </span>
    </p>
   </div>
   <div class='ocr_carea' id='block_1_74' title="bbox 1838 3432 3394 3509">
    <p class='ocr_par' dir='ltr' id='par_1_74' title="bbox 1838 3432 3394 3509">
     <span class='ocr_line' id='line_1_74' title="bbox 1838 3432 3394 3509; baseline 0.008 -24"><span class='ocrx_word' id='word_1_523' title='bbox 1838 3432 1929 3502; x_wconf 88' lang='lat' dir='ltr'><strong>qui</strong></span> <span class='ocrx_word' id='word_1_524' title='bbox 1959 3433 2053 3486; x_wconf 87' lang='lat' dir='ltr'><strong>Dei</strong></span> <span class='ocrx_word' id='word_1_525' title='bbox 2085 3433 2254 3503; x_wconf 70' lang='lat' dir='ltr'><strong>gratia</strong></span> <span class='ocrx_word' id='word_1_526' title='bbox 2284 3432 2592 3503; x_wconf 68' lang='lat' dir='ltr'><strong>intelligens</strong></span> <span class='ocrx_word' id='word_1_527' title='bbox 2619 3450 2697 3498; x_wconf 85' lang='lat' dir='ltr'><strong>es,</strong></span> <span class='ocrx_word' id='word_1_528' title='bbox 2722 3438 2786 3490; x_wconf 87' lang='lat' dir='ltr'><strong>ad</strong></span> <span class='ocrx_word' id='word_1_529' title='bbox 2815 3439 3061 3492; x_wconf 84' lang='lat' dir='ltr'><strong>notitiam</strong></span> <span class='ocrx_word' id='word_1_530' title='bbox 3097 3443 3394 3509; x_wconf 81' lang='lat' dir='ltr'><strong>perducere</strong></span> 
     </span>
    </p>
   </div>
   <div class='ocr_carea' id='block_1_75' title="bbox 1838 3521 3391 3588">
    <p class='ocr_par' dir='ltr' id='par_1_75' title="bbox 1838 3521 3391 3588">
     <span class='ocr_line' id='line_1_75' title="bbox 1838 3521 3391 3588; baseline 0.008 -12"><span class='ocrx_word' id='word_1_531' title='bbox 1838 3521 2148 3577; x_wconf 86' lang='lat' dir='ltr'><strong>istiusmodi</strong></span> <span class='ocrx_word' id='word_1_532' title='bbox 2197 3522 2475 3575; x_wconf 84' lang='lat' dir='ltr'><strong>hominum</strong></span> <span class='ocrx_word' id='word_1_533' title='bbox 2510 3522 2750 3579; x_wconf 85' lang='lat' dir='ltr'><strong>indolis?</strong></span> <span class='ocrx_word' id='word_1_534' title='bbox 2792 3526 2909 3582; x_wconf 87' lang='lat' dir='ltr'><strong>Scis</strong></span> <span class='ocrx_word' id='word_1_535' title='bbox 2941 3530 3084 3583; x_wconf 88' lang='lat' dir='ltr'><strong>enim</strong></span> <span class='ocrx_word' id='word_1_536' title='bbox 3117 3535 3246 3586; x_wconf 86' lang='lat' dir='ltr'><strong>nihil</strong></span> <span class='ocrx_word' id='word_1_537' title='bbox 3284 3547 3391 3588; x_wconf 87' lang='lat' dir='ltr'><strong>tam</strong></span> 
     </span>
    </p>
   </div>
   <div class='ocr_carea' id='block_1_76' title="bbox 1837 3612 3389 3684">
    <p class='ocr_par' dir='ltr' id='par_1_76' title="bbox 1837 3612 3389 3684">
     <span class='ocr_line' id='line_1_76' title="bbox 1837 3612 3389 3684; baseline 0.008 -19"><span class='ocrx_word' id='word_1_538' title='bbox 1837 3612 2147 3666; x_wconf 77' lang='lat' dir='ltr'><strong>hominibus</strong></span> <span class='ocrx_word' id='word_1_539' title='bbox 2198 3626 2364 3665; x_wconf 71' lang='lat' dir='ltr'><strong>suave</strong></span> <span class='ocrx_word' id='word_1_540' title='bbox 2413 3627 2574 3680; x_wconf 89' lang='lat' dir='ltr'><strong>quam</strong></span> <span class='ocrx_word' id='word_1_541' title='bbox 2626 3617 2862 3684; x_wconf 81' lang='lat' dir='ltr'><strong>proximi</strong></span> <span class='ocrx_word' id='word_1_542' title='bbox 2915 3628 3027 3673; x_wconf 87' lang='lat' dir='ltr'><strong>tum</strong></span> <span class='ocrx_word' id='word_1_543' title='bbox 3079 3633 3233 3678; x_wconf 88' lang='lat' dir='ltr'><strong>actus</strong></span> <span class='ocrx_word' id='word_1_544' title='bbox 3279 3637 3389 3679; x_wconf 91' lang='lat' dir='ltr'><strong>tum</strong></span> 
     </span>
    </p>
   </div>
   <div class='ocr_carea' id='block_1_77' title="bbox 1836 3702 3389 3783">
    <p class='ocr_par' dir='ltr' id='par_1_77' title="bbox 1836 3702 3389 3783">
     <span class='ocr_line' id='line_1_77' title="bbox 1836 3702 3389 3783; baseline 0.007 -26"><span class='ocrx_word' id='word_1_545' title='bbox 1836 3717 2138 3766; x_wconf 82' lang='lat' dir='ltr'><strong>sermones,</strong></span> <span class='ocrx_word' id='word_1_546' title='bbox 2180 3702 2588 3773; x_wconf 84' lang='lat' dir='ltr'><strong>qualescunque</strong></span> <span class='ocrx_word' id='word_1_547' title='bbox 2641 3705 2772 3772; x_wconf 88' lang='lat' dir='ltr'><strong>sint,</strong></span> <span class='ocrx_word' id='word_1_548' title='bbox 2833 3709 3092 3766; x_wconf 87' lang='lat' dir='ltr'><strong>lacerare.</strong></span> <span class='ocrx_word' id='word_1_549' title='bbox 3141 3711 3206 3766; x_wconf 76' lang='lat' dir='ltr'><strong>Et</strong></span> <span class='ocrx_word' id='word_1_550' title='bbox 3260 3718 3389 3783; x_wconf 91' lang='lat' dir='ltr'><strong>quid</strong></span> 
     </span>
    </p>
   </div>
   <div class='ocr_carea' id='block_1_78' title="bbox 1836 3793 3388 3868">
    <p class='ocr_par' dir='ltr' id='par_1_78' title="bbox 1836 3793 3388 3868">
     <span class='ocr_line' id='line_1_78' title="bbox 1836 3793 3388 3868; baseline 0.007 -21"><span class='ocrx_word' id='word_1_551' title='bbox 1836 3793 2055 3858; x_wconf 86' lang='lat' dir='ltr'><strong>mirum,</strong></span> <span class='ocrx_word' id='word_1_552' title='bbox 2084 3795 2128 3848; x_wconf 91' lang='lat' dir='ltr'><strong>si</strong></span> <span class='ocrx_word' id='word_1_553' title='bbox 2161 3803 2214 3848; x_wconf 88' lang='lat' dir='ltr'><strong>et</strong></span> <span class='ocrx_word' id='word_1_554' title='bbox 2238 3795 2395 3850; x_wconf 83' lang='lat' dir='ltr'><strong>nobis</strong></span> <span class='ocrx_word' id='word_1_555' title='bbox 2419 3797 2692 3866; x_wconf 79' lang='lat' dir='ltr'><strong>contingat</strong></span> <span class='ocrx_word' id='word_1_556' title='bbox 2719 3799 2871 3868; x_wconf 78' lang='lat' dir='ltr'><strong>juxta</strong></span> <span class='ocrx_word' id='word_1_557' title='bbox 2899 3803 3044 3856; x_wconf 91' lang='lat' dir='ltr'><strong>hunc</strong></span> <span class='ocrx_word' id='word_1_558' title='bbox 3093 3805 3388 3858; x_wconf 89' lang='lat' dir='ltr'><strong>humanum</strong></span> 
     </span>
    </p>
   </div>
   <div class='ocr_carea' id='block_1_79' title="bbox 1838 3884 3388 3957">
    <p class='ocr_par' dir='ltr' id='par_1_79' title="bbox 1838 3884 3388 3957">
     <span class='ocr_line' id='line_1_79' title="bbox 1838 3884 3388 3957; baseline 0.008 -21"><span class='ocrx_word' id='word_1_559' title='bbox 1838 3897 2044 3936; x_wconf 88' lang='lat' dir='ltr'><strong>morem</strong></span> <span class='ocrx_word' id='word_1_560' title='bbox 2079 3884 2370 3939; x_wconf 82' lang='lat' dir='ltr'><strong>maledici?</strong></span> <span class='ocrx_word' id='word_1_561' title='bbox 2412 3884 2613 3941; x_wconf 91' lang='lat' dir='ltr'><strong>Omitte</strong></span> <span class='ocrx_word' id='word_1_562' title='bbox 2650 3888 2814 3957; x_wconf 75' lang='lat' dir='ltr'><strong>igitur</strong></span> <span class='ocrx_word' id='word_1_563' title='bbox 2840 3891 3152 3957; x_wconf 81' lang='lat' dir='ltr'><strong>maledicos,</strong></span> <span class='ocrx_word' id='word_1_564' title='bbox 3187 3897 3257 3946; x_wconf 91' lang='lat' dir='ltr'><strong>mi</strong></span> <span class='ocrx_word' id='word_1_565' title='bbox 3294 3897 3388 3949; x_wconf 84' lang='lat' dir='ltr'><strong>tili.</strong></span> 
     </span>
    </p>
   </div>
   <div class='ocr_carea' id='block_1_80' title="bbox 1838 3972 3389 4056">
    <p class='ocr_par' dir='ltr' id='par_1_80' title="bbox 1838 3972 3389 4056">
     <span class='ocr_line' id='line_1_80' title="bbox 1838 3972 3389 4056; baseline 0.009 -29"><span class='ocrx_word' id='word_1_566' title='bbox 1838 3972 1918 4028; x_wconf 82' lang='lat' dir='ltr'><strong>Tu</strong></span> <span class='ocrx_word' id='word_1_567' title='bbox 1949 3989 2077 4029; x_wconf 77' lang='lat' dir='ltr'><strong>vero</strong></span> <span class='ocrx_word' id='word_1_568' title='bbox 2115 3975 2269 4029; x_wconf 70' lang='lat' dir='ltr'><strong>bona:</strong></span> <span class='ocrx_word' id='word_1_569' title='bbox 2293 3978 2639 4032; x_wconf 53' lang='lat' dir='ltr'><strong>conscientiae</strong></span> <span class='ocrx_word' id='word_1_570' title='bbox 2669 3981 2902 4046; x_wconf 71' lang='lat' dir='ltr'><strong>adliaere,</strong></span> <span class='ocrx_word' id='word_1_571' title='bbox 2937 3997 3097 4051; x_wconf 85' lang='lat' dir='ltr'><strong>quam</strong></span> <span class='ocrx_word' id='word_1_572' title='bbox 3142 3985 3268 4051; x_wconf 90' lang='lat' dir='ltr'><strong>Deo,</strong></span> <span class='ocrx_word' id='word_1_573' title='bbox 3298 3991 3389 4056; x_wconf 90' lang='lat' dir='ltr'><strong>qui</strong></span> 
     </span>
    </p>
   </div>
   <div class='ocr_carea' id='block_1_81' title="bbox 1839 4073 3390 4146">
    <p class='ocr_par' dir='ltr' id='par_1_81' title="bbox 1839 4073 3390 4146">
     <span class='ocr_line' id='line_1_81' title="bbox 1839 4073 3390 4146; baseline 0.008 -27"><span class='ocrx_word' id='word_1_574' title='bbox 1839 4081 1944 4119; x_wconf 90' lang='lat' dir='ltr'><strong>non</strong></span> <span class='ocrx_word' id='word_1_575' title='bbox 1977 4075 2058 4119; x_wconf 89' lang='lat' dir='ltr'><strong>est</strong></span> <span class='ocrx_word' id='word_1_576' title='bbox 2096 4081 2452 4134; x_wconf 66' lang='lat' dir='ltr'><strong>personarum</strong></span> <span class='ocrx_word' id='word_1_577' title='bbox 2492 4080 2743 4140; x_wconf 90' lang='lat' dir='ltr'><strong>acceptor</strong></span> <span class='ocrx_word' id='word_1_578' title='bbox 2775 4073 2965 4142; x_wconf 81' lang='lat' dir='ltr'><strong>judex,</strong></span> <span class='ocrx_word' id='word_1_579' title='bbox 3000 4075 3390 4146; x_wconf 87' lang='lat' dir='ltr'><strong>irreprchensi-</strong></span> 
     </span>
    </p>
   </div>
   <div class='ocr_carea' id='block_1_82' title="bbox 1836 4156 3391 4235">
    <p class='ocr_par' dir='ltr' id='par_1_82' title="bbox 1836 4156 3391 4235">
     <span class='ocr_line' id='line_1_82' title="bbox 1836 4156 3391 4235; baseline 0.008 -25"><span class='ocrx_word' id='word_1_580' title='bbox 1836 4157 1997 4210; x_wconf 88' lang='lat' dir='ltr'><strong>bilem</strong></span> <span class='ocrx_word' id='word_1_581' title='bbox 2052 4156 2292 4227; x_wconf 61' lang='lat' dir='ltr'><strong>praebere</strong></span> <span class='ocrx_word' id='word_1_582' title='bbox 2348 4164 2568 4227; x_wconf 86' lang='lat' dir='ltr'><strong>studes;</strong></span> <span class='ocrx_word' id='word_1_583' title='bbox 2618 4164 2906 4231; x_wconf 88' lang='lat' dir='ltr'><strong>quoniam,</strong></span> <span class='ocrx_word' id='word_1_584' title='bbox 2963 4182 3086 4235; x_wconf 81' lang='lat' dir='ltr'><strong>erga</strong></span> <span class='ocrx_word' id='word_1_585' title='bbox 3147 4169 3391 4223; x_wconf 88' lang='lat' dir='ltr'><strong>homines</strong></span> 
     </span>
    </p>
   </div>
   <div class='ocr_carea' id='block_1_83' title="bbox 1837 4250 3384 4313">
    <p class='ocr_par' dir='ltr' id='par_1_83' title="bbox 1837 4250 3384 4313">
     <span class='ocr_line' id='line_1_83' title="bbox 1837 4250 3384 4313; baseline 0.008 -14"><span class='ocrx_word' id='word_1_586' title='bbox 1837 4262 1996 4301; x_wconf 88' lang='lat' dir='ltr'><strong>nemo</strong></span> <span class='ocrx_word' id='word_1_587' title='bbox 2031 4259 2114 4302; x_wconf 86' lang='lat' dir='ltr'><strong>est</strong></span> <span class='ocrx_word' id='word_1_588' title='bbox 2147 4250 2217 4302; x_wconf 85' lang='lat' dir='ltr'><strong>ita</strong></span> <span class='ocrx_word' id='word_1_589' title='bbox 2254 4259 2398 4303; x_wconf 66' lang='lat' dir='ltr'><strong>recta</strong></span> <span class='ocrx_word' id='word_1_590' title='bbox 2443 4253 2776 4306; x_wconf 84' lang='lat' dir='ltr'><strong>conscientia</strong></span> <span class='ocrx_word' id='word_1_591' title='bbox 2823 4257 3066 4311; x_wconf 88' lang='lat' dir='ltr'><strong>munitus</strong></span> <span class='ocrx_word' id='word_1_592' title='bbox 3097 4265 3152 4309; x_wconf 94' lang='lat' dir='ltr'><strong>ut</strong></span> <span class='ocrx_word' id='word_1_593' title='bbox 3179 4258 3229 4310; x_wconf 92' lang='lat' dir='ltr'><strong>in</strong></span> <span class='ocrx_word' id='word_1_594' title='bbox 3262 4275 3384 4313; x_wconf 90' lang='lat' dir='ltr'><strong>eum</strong></span> 
     </span>
    </p>
   </div>
   <div class='ocr_carea' id='block_1_84' title="bbox 1839 4338 3386 4413">
    <p class='ocr_par' dir='ltr' id='par_1_84' title="bbox 1839 4338 3386 4413">
     <span class='ocr_line' id='line_1_84' title="bbox 1839 4338 3386 4413; baseline 0.006 -21"><span class='ocrx_word' id='word_1_595' title='bbox 1839 4338 1983 4392; x_wconf 85' lang='lat' dir='ltr'><strong>nulla</strong></span> <span class='ocrx_word' id='word_1_596' title='bbox 2005 4341 2227 4394; x_wconf 90' lang='lat' dir='ltr'><strong>omnino</strong></span> <span class='ocrx_word' id='word_1_597' title='bbox 2251 4343 2600 4409; x_wconf 87' lang='lat' dir='ltr'><strong>reprehensio</strong></span> <span class='ocrx_word' id='word_1_598' title='bbox 2633 4345 2939 4413; x_wconf 85' lang='lat' dir='ltr'><strong>objieiatur.</strong></span> <span class='ocrx_word' id='word_1_599' title='bbox 2964 4347 3178 4403; x_wconf 89' lang='lat' dir='ltr'><strong>Scimus</strong></span> <span class='ocrx_word' id='word_1_600' title='bbox 3209 4359 3386 4405; x_wconf 89' lang='lat' dir='ltr'><strong>autem</strong></span> 
     </span>
    </p>
   </div>
   <div class='ocr_carea' id='block_1_85' title="bbox 1837 4429 3386 4505">
    <p class='ocr_par' dir='ltr' id='par_1_85' title="bbox 1837 4429 3386 4505">
     <span class='ocr_line' id='line_1_85' title="bbox 1837 4429 3386 4505; baseline 0.005 -25"><span class='ocrx_word' id='word_1_601' title='bbox 1837 4435 1888 4480; x_wconf 83' lang='lat' dir='ltr'><strong>ct</strong></span> <span class='ocrx_word' id='word_1_602' title='bbox 1927 4443 2027 4481; x_wconf 87' lang='lat' dir='ltr'><strong>nos</strong></span> <span class='ocrx_word' id='word_1_603' title='bbox 2076 4439 2125 4481; x_wconf 90' lang='lat' dir='ltr'><strong>te</strong></span> <span class='ocrx_word' id='word_1_604' title='bbox 2171 4429 2388 4483; x_wconf 89' lang='lat' dir='ltr'><strong>labores</strong></span> <span class='ocrx_word' id='word_1_605' title='bbox 2425 4430 2659 4485; x_wconf 84' lang='lat' dir='ltr'><strong>subiisse</strong></span> <span class='ocrx_word' id='word_1_606' title='bbox 2704 4440 2756 4485; x_wconf 91' lang='lat' dir='ltr'><strong>et</strong></span> <span class='ocrx_word' id='word_1_607' title='bbox 2799 4448 2943 4486; x_wconf 91' lang='lat' dir='ltr'><strong>nunc</strong></span> <span class='ocrx_word' id='word_1_608' title='bbox 2992 4436 3260 4490; x_wconf 83' lang='lat' dir='ltr'><strong>sustinere</strong></span> <span class='ocrx_word' id='word_1_609' title='bbox 3295 4439 3386 4505; x_wconf 89' lang='lat' dir='ltr'><strong>qui</strong></span> 
     </span>
    </p>
   </div>
   <div class='ocr_carea' id='block_1_86' title="bbox 201 4502 1735 4606">
    <p class='ocr_par' dir='ltr' id='par_1_86' title="bbox 201 4518 1726 4606">
     <span class='ocr_line' id='line_1_86' title="bbox 201 4518 1726 4606; baseline -0.007 -26"><span class='ocrx_word' id='word_1_610' title='bbox 201 4530 552 4597; x_wconf 69' lang='grc' dir='ltr'>συνειδήσεως,</span> <span class='ocrx_word' id='word_1_611' title='bbox 595 4519 637 4592; x_wconf 84' lang='grc' dir='ltr'>ᾧ</span> <span class='ocrx_word' id='word_1_612' title='bbox 677 4525 752 4597; x_wconf 80' lang='grc' dir='ltr'><strong>μὴ</strong></span> <span class='ocrx_word' id='word_1_613' title='bbox 806 4522 1092 4606; x_wconf 56' lang='grc' dir='ltr'>πάντωςδ</span> <span class='ocrx_word' id='word_1_614' title='bbox 1140 4520 1330 4590; x_wconf 82' lang='grc' dir='ltr'>μῶμος</span> <span class='ocrx_word' id='word_1_615' title='bbox 1389 4520 1480 4572; x_wconf 85' lang='grc' dir='ltr'><strong>τὸν</strong></span> <span class='ocrx_word' id='word_1_616' title='bbox 1533 4518 1726 4587; x_wconf 77' lang='grc' dir='ltr'>πικρὸν</span> 
     </span>
    </p>
   </div>
   <div class='ocr_carea' id='block_1_87' title="bbox 1835 4502 3384 4606">
    <p class='ocr_par' dir='ltr' id='par_1_87' title="bbox 1835 4519 3384 4595">
     <span class='ocr_line' id='line_1_87' title="bbox 1835 4519 3384 4595; baseline 0.006 -25"><span class='ocrx_word' id='word_1_617' title='bbox 1835 4519 2040 4571; x_wconf 86' lang='lat' dir='ltr'><strong>nullum</strong></span> <span class='ocrx_word' id='word_1_618' title='bbox 2079 4519 2170 4572; x_wconf 89' lang='lat' dir='ltr'><strong>tibi</strong></span> <span class='ocrx_word' id='word_1_619' title='bbox 2196 4522 2263 4573; x_wconf 87' lang='lat' dir='ltr'><strong>ab</strong></span> <span class='ocrx_word' id='word_1_620' title='bbox 2293 4520 2608 4576; x_wconf 86' lang='lat' dir='ltr'><strong>hominibus</strong></span> <span class='ocrx_word' id='word_1_621' title='bbox 2633 4521 2864 4576; x_wconf 70' lang='lat' dir='ltr'><strong>fructum</strong></span> <span class='ocrx_word' id='word_1_622' title='bbox 2898 4540 3384 4595; x_wconf 82' lang='lat' dir='ltr'><strong>comparaverunt:</strong></span> 
     </span>
    </p>
   </div>
   <div class='ocr_carea' id='block_1_88' title="bbox 199 4606 1733 4690">
    <p class='ocr_par' dir='ltr' id='par_1_88' title="bbox 199 4606 1733 4690">
     <span class='ocr_line' id='line_1_88' title="bbox 199 4606 1733 4690; baseline -0.008 -17"><span class='ocrx_word' id='word_1_623' title='bbox 199 4621 447 4690; x_wconf 75' lang='grc' dir='ltr'>ὀφθαλμὸν</span> <span class='ocrx_word' id='word_1_624' title='bbox 496 4618 801 4672; x_wconf 80' lang='grc' dir='ltr'>ὲπιὸάλλει.</span> <span class='ocrx_word' id='word_1_625' title='bbox 842 4615 1076 4684; x_wconf 70' lang='grc' dir='ltr'>Οἴδαμεν</span> <span class='ocrx_word' id='word_1_626' title='bbox 1102 4612 1155 4664; x_wconf 80' lang='grc' dir='ltr'>δὲ</span> <span class='ocrx_word' id='word_1_627' title='bbox 1183 4613 1275 4664; x_wconf 71' lang='grc' dir='ltr'><strong>καὶ</strong></span> <span class='ocrx_word' id='word_1_628' title='bbox 1303 4606 1572 4679; x_wconf 78' lang='grc' dir='ltr'>ἡμεῖςὸτι</span> <span class='ocrx_word' id='word_1_629' title='bbox 1599 4609 1733 4678; x_wconf 81' lang='grc' dir='ltr'>πρό-</span> 
     </span>
    </p>
   </div>
   <div class='ocr_carea' id='block_1_89' title="bbox 201 4701 1734 4787">
    <p class='ocr_par' dir='ltr' id='par_1_89' title="bbox 201 4701 1734 4787">
     <span class='ocr_line' id='line_1_89' title="bbox 201 4701 1734 4787; baseline -0.007 -20"><span class='ocrx_word' id='word_1_630' title='bbox 201 4733 337 4787; x_wconf 84' lang='grc' dir='ltr'>τερον</span> <span class='ocrx_word' id='word_1_631' title='bbox 374 4720 560 4778; x_wconf 83' lang='grc' dir='ltr'>πόνους</span> <span class='ocrx_word' id='word_1_632' title='bbox 601 4713 840 4782; x_wconf 76' lang='grc' dir='ltr'>ὑπέστης</span> <span class='ocrx_word' id='word_1_633' title='bbox 864 4701 1085 4763; x_wconf 70' lang='grc' dir='ltr'>καὶνῦν</span> <span class='ocrx_word' id='word_1_634' title='bbox 1124 4709 1434 4778; x_wconf 75' lang='grc' dir='ltr'>ὑπομένεις,</span> <span class='ocrx_word' id='word_1_635' title='bbox 1473 4706 1624 4758; x_wconf 76' lang='grc' dir='ltr'>οὐδὲν</span> <span class='ocrx_word' id='word_1_636' title='bbox 1675 4703 1734 4768; x_wconf 72' lang='grc' dir='ltr'><strong>ἐξ</strong></span> 
     </span>
    </p>
   </div>
   <div class='ocr_carea' id='block_1_90' title="bbox 203 4796 1735 4878">
    <p class='ocr_par' dir='ltr' id='par_1_90' title="bbox 203 4796 1735 4878">
     <span class='ocr_line' id='line_1_90' title="bbox 203 4796 1735 4878; baseline -0.008 -18"><span class='ocrx_word' id='word_1_637' title='bbox 203 4808 480 4878; x_wconf 80' lang='grc' dir='ltr'>ἀνθρώπων</span> <span class='ocrx_word' id='word_1_638' title='bbox 507 4804 953 4877; x_wconf 80' lang='grc' dir='ltr'>προξενήσαντας</span> <span class='ocrx_word' id='word_1_639' title='bbox 994 4799 1220 4868; x_wconf 76' lang='grc' dir='ltr'>ὄφελοςο</span> <span class='ocrx_word' id='word_1_640' title='bbox 1255 4799 1347 4852; x_wconf 73' lang='grc' dir='ltr'><strong>καὶ</strong></span> <span class='ocrx_word' id='word_1_641' title='bbox 1394 4797 1523 4859; x_wconf 77' lang='grc' dir='ltr'>Θεὸς</span> <span class='ocrx_word' id='word_1_642' title='bbox 1572 4796 1735 4857; x_wconf 83' lang='grc' dir='ltr'>αὐτὸς</span> 
     </span>
    </p>
   </div>
   <div class='ocr_carea' id='block_1_91' title="bbox 207 4887 1734 4971">
    <p class='ocr_par' dir='ltr' id='par_1_91' title="bbox 207 4887 1734 4971">
     <span class='ocr_line' id='line_1_91' title="bbox 207 4887 1734 4971; baseline -0.011 -17"><span class='ocrx_word' id='word_1_643' title='bbox 207 4900 390 4971; x_wconf 79' lang='grc' dir='ltr'>μάρτυς</span> <span class='ocrx_word' id='word_1_644' title='bbox 426 4903 452 4953; x_wconf 89' lang='grc' dir='ltr'><strong>ό</strong></span> <span class='ocrx_word' id='word_1_645' title='bbox 483 4899 579 4962; x_wconf 81' lang='grc' dir='ltr'><strong>τὰς</strong></span> <span class='ocrx_word' id='word_1_646' title='bbox 604 4895 828 4966; x_wconf 79' lang='grc' dir='ltr'>καρδίας</span> <span class='ocrx_word' id='word_1_647' title='bbox 856 4891 1193 4947; x_wconf 82' lang='grc' dir='ltr'>ὑποπτεύων.</span> <span class='ocrx_word' id='word_1_648' title='bbox 1233 4887 1596 4957; x_wconf 78' lang='grc' dir='ltr'>Ἀλγυνόμεθα</span> <span class='ocrx_word' id='word_1_649' title='bbox 1635 4888 1734 4957; x_wconf 79' lang='grc' dir='ltr'>τὴν</span> 
     </span>
    </p>
   </div>
   <div class='ocr_carea' id='block_1_92' title="bbox 203 4978 1734 5061">
    <p class='ocr_par' dir='ltr' id='par_1_92' title="bbox 203 4978 1734 5061">
     <span class='ocr_line' id='line_1_92' title="bbox 203 4978 1734 5061; baseline -0.011 -15"><span class='ocrx_word' id='word_1_650' title='bbox 203 4990 374 5061; x_wconf 72' lang='grc' dir='ltr'>ψυχὴν,</span> <span class='ocrx_word' id='word_1_651' title='bbox 409 4990 539 5044; x_wconf 77' lang='grc' dir='ltr'>ἀλλὰ</span> <span class='ocrx_word' id='word_1_652' title='bbox 567 4989 620 5042; x_wconf 86' lang='grc' dir='ltr'>τί</span> <span class='ocrx_word' id='word_1_653' title='bbox 667 4988 731 5041; x_wconf 80' lang='grc' dir='ltr'><strong>ἄν</strong></span> <span class='ocrx_word' id='word_1_654' title='bbox 757 4993 839 5048; x_wconf 80' lang='grc' dir='ltr'><strong>τις</strong></span> <span class='ocrx_word' id='word_1_655' title='bbox 872 4985 1012 5038; x_wconf 78' lang='grc' dir='ltr'>εἴποι</span> <span class='ocrx_word' id='word_1_656' title='bbox 1044 4983 1173 5051; x_wconf 66' lang='grc' dir='ltr'><strong>περ)⁴</strong></span> <span class='ocrx_word' id='word_1_657' title='bbox 1215 4981 1322 5034; x_wconf 82' lang='grc' dir='ltr'><strong>τῶν</strong></span> <span class='ocrx_word' id='word_1_658' title='bbox 1374 4978 1734 5049; x_wconf 75' lang='grc' dir='ltr'>πεφυρμένων</span> 
     </span>
    </p>
   </div>
   <div class='ocr_carea' id='block_1_93' title="bbox 203 5072 1734 5154">
    <p class='ocr_par' dir='ltr' id='par_1_93' title="bbox 203 5072 1734 5154">
     <span class='ocr_line' id='line_1_93' title="bbox 203 5072 1734 5154; baseline -0.009 -19"><span class='ocrx_word' id='word_1_659' title='bbox 203 5084 283 5135; x_wconf 78' lang='grc' dir='ltr'>τοῦ</span> <span class='ocrx_word' id='word_1_660' title='bbox 312 5085 418 5153; x_wconf 78' lang='grc' dir='ltr'>βίου</span> <span class='ocrx_word' id='word_1_661' title='bbox 441 5082 808 5154; x_wconf 79' lang='grc' dir='ltr'>πραγμάτων,</span> <span class='ocrx_word' id='word_1_662' title='bbox 833 5078 968 5139; x_wconf 79' lang='grc' dir='ltr'>πλὴν</span> <span class='ocrx_word' id='word_1_663' title='bbox 1000 5078 1052 5129; x_wconf 74' lang='grc' dir='ltr'>εἴ</span> <span class='ocrx_word' id='word_1_664' title='bbox 1072 5093 1126 5128; x_wconf 91' lang='grc' dir='ltr'><strong>τι</strong></span> <span class='ocrx_word' id='word_1_665' title='bbox 1151 5076 1233 5128; x_wconf 82' lang='grc' dir='ltr'><strong>δεῖ</strong></span> <span class='ocrx_word' id='word_1_666' title='bbox 1257 5074 1391 5143; x_wconf 81' lang='grc' dir='ltr'>πρὸς</span> <span class='ocrx_word' id='word_1_667' title='bbox 1426 5072 1734 5142; x_wconf 85' lang='grc' dir='ltr'>κρείττονας</span> 
     </span>
    </p>
   </div>
   <div class='ocr_carea' id='block_1_94' title="bbox 205 5162 1733 5246">
    <p class='ocr_par' dir='ltr' id='par_1_94' title="bbox 205 5162 1733 5246">
     <span class='ocr_line' id='line_1_94' title="bbox 205 5162 1733 5246; baseline -0.007 -20"><span class='ocrx_word' id='word_1_668' title='bbox 205 5177 316 5246; x_wconf 72' lang='grc' dir='ltr'>ὸρᾷν</span> <span class='ocrx_word' id='word_1_669' title='bbox 362 5177 611 5239; x_wconf 77' lang='grc' dir='ltr'>ὲλπίδας;</span> <span class='ocrx_word' id='word_1_670' title='bbox 655 5175 859 5226; x_wconf 82' lang='grc' dir='ltr'>Ἐκεῖνο</span> <span class='ocrx_word' id='word_1_671' title='bbox 911 5168 1222 5238; x_wconf 70' lang='grc' dir='ltr'>ἐλπίζομεν,</span> <span class='ocrx_word' id='word_1_672' title='bbox 1282 5168 1360 5219; x_wconf 83' lang='grc' dir='ltr'><strong>ὅτι</strong></span> <span class='ocrx_word' id='word_1_673' title='bbox 1437 5166 1530 5218; x_wconf 73' lang='grc' dir='ltr'>καὶ</span> <span class='ocrx_word' id='word_1_674' title='bbox 1586 5165 1617 5233; x_wconf 83' lang='grc' dir='ltr'>η</span> <span class='ocrx_word' id='word_1_675' title='bbox 1668 5162 1733 5233; x_wconf 75' lang='grc' dir='ltr'><strong>σὴ</strong></span> 
     </span>
    </p>
   </div>
   <div class='ocr_carea' id='block_1_95' title="bbox 206 5256 1734 5339">
    <p class='ocr_par' dir='ltr' id='par_1_95' title="bbox 206 5256 1734 5339">
     <span class='ocr_line' id='line_1_95' title="bbox 206 5256 1734 5339; baseline -0.005 -22"><span class='ocrx_word' id='word_1_676' title='bbox 206 5268 352 5338; x_wconf 73' lang='grc' dir='ltr'>ἁρετὴ</span> <span class='ocrx_word' id='word_1_677' title='bbox 373 5270 464 5339; x_wconf 76' lang='grc' dir='ltr'>τῆς</span> <span class='ocrx_word' id='word_1_678' title='bbox 491 5266 847 5336; x_wconf 77' lang='grc' dir='ltr'>ὀφειλομένης</span> <span class='ocrx_word' id='word_1_679' title='bbox 888 5265 1023 5331; x_wconf 71' lang='grc' dir='ltr'>αὐτῇ</span> <span class='ocrx_word' id='word_1_680' title='bbox 1062 5260 1277 5332; x_wconf 73' lang='grc' dir='ltr'>μεθέξει</span> <span class='ocrx_word' id='word_1_681' title='bbox 1333 5259 1518 5328; x_wconf 76' lang='grc' dir='ltr'>τιμῆς.</span> <span class='ocrx_word' id='word_1_682' title='bbox 1577 5256 1734 5309; x_wconf 80' lang='grc' dir='ltr'>Ἀλλὰ</span> 
     </span>
    </p>
   </div>
   <div class='ocr_carea' id='block_1_96' title="bbox 208 5348 1733 5429">
    <p class='ocr_par' dir='ltr' id='par_1_96' title="bbox 208 5348 1733 5429">
     <span class='ocr_line' id='line_1_96' title="bbox 208 5348 1733 5429; baseline -0.006 -20"><span class='ocrx_word' id='word_1_683' title='bbox 208 5356 350 5411; x_wconf 73' lang='grc' dir='ltr'>ταῦτα</span> <span class='ocrx_word' id='word_1_684' title='bbox 388 5359 484 5429; x_wconf 72' lang='grc' dir='ltr'><strong>μὲν</strong></span> <span class='ocrx_word' id='word_1_685' title='bbox 516 5357 886 5428; x_wconf 76' lang='grc' dir='ltr'>περὶτούτων.</span> <span class='ocrx_word' id='word_1_686' title='bbox 927 5357 993 5408; x_wconf 77' lang='grc' dir='ltr'><strong>Ἀ</strong></span> <span class='ocrx_word' id='word_1_687' title='bbox 1022 5355 1075 5406; x_wconf 76' lang='grc' dir='ltr'>δὲ</span> <span class='ocrx_word' id='word_1_688' title='bbox 1107 5351 1429 5413; x_wconf 73' lang='grc' dir='ltr'>ἀπέστειλας</span> <span class='ocrx_word' id='word_1_689' title='bbox 1448 5350 1579 5420; x_wconf 74' lang='grc' dir='ltr'>ἡμῖν</span> <span class='ocrx_word' id='word_1_690' title='bbox 1607 5348 1733 5419; x_wconf 84' lang='grc' dir='ltr'>περὶ</span> 
     </span>
    </p>
   </div>
   <div class='ocr_carea' id='block_1_97' title="bbox 208 5435 1731 5516">
    <p class='ocr_par' dir='ltr' id='par_1_97' title="bbox 208 5435 1731 5516">
     <span class='ocr_line' id='line_1_97' title="bbox 208 5435 1731 5516; baseline -0.006 -16"><span class='ocrx_word' id='word_1_691' title='bbox 208 5448 297 5500; x_wconf 81' lang='grc' dir='ltr'>τῶν</span> <span class='ocrx_word' id='word_1_692' title='bbox 326 5452 398 5513; x_wconf 86' lang='grc' dir='ltr'><strong>είς</strong></span> <span class='ocrx_word' id='word_1_693' title='bbox 429 5449 691 5516; x_wconf 72' lang='grc' dir='ltr'>,ἐξέτασιν</span> <span class='ocrx_word' id='word_1_694' title='bbox 739 5445 1152 5514; x_wconf 78' lang='grc' dir='ltr'>ὐποὸληθέντων</span> <span class='ocrx_word' id='word_1_695' title='bbox 1173 5441 1508 5511; x_wconf 68' lang='grc' dir='ltr'><strong>¹ἀνθρώπων,</strong></span> <span class='ocrx_word' id='word_1_696' title='bbox 1544 5442 1626 5508; x_wconf 73' lang='grc' dir='ltr'><strong>ἐφ’</strong></span> <span class='ocrx_word' id='word_1_697' title='bbox 1653 5435 1731 5500; x_wconf 71' lang='grc' dir='ltr'>οἷς</span> 
     </span>
    </p>
   </div>
   <div class='ocr_carea' id='block_1_98' title="bbox 209 5531 1732 5610">
    <p class='ocr_par' dir='ltr' id='par_1_98' title="bbox 209 5531 1732 5610">
     <span class='ocr_line' id='line_1_98' title="bbox 209 5531 1732 5610; baseline -0.007 -19"><span class='ocrx_word' id='word_1_698' title='bbox 209 5541 365 5604; x_wconf 81' lang='grc' dir='ltr'>κακῶς</span> <span class='ocrx_word' id='word_1_699' title='bbox 388 5541 761 5610; x_wconf 70' lang='grc' dir='ltr'>διεπράξαντο,</span> <span class='ocrx_word' id='word_1_700' title='bbox 790 5538 964 5591; x_wconf 75' lang='grc' dir='ltr'>ταῦτα</span> <span class='ocrx_word' id='word_1_701' title='bbox 1002 5536 1136 5608; x_wconf 82' lang='grc' dir='ltr'>πρὸς</span> <span class='ocrx_word' id='word_1_702' title='bbox 1166 5537 1262 5605; x_wconf 75' lang='grc' dir='ltr'><strong>τὴν</strong></span> <span class='ocrx_word' id='word_1_703' title='bbox 1299 5531 1580 5604; x_wconf 78' lang='grc' dir='ltr'>βασιλικὴν</span> <span class='ocrx_word' id='word_1_704' title='bbox 1613 5531 1732 5583; x_wconf 69' lang='grc' dir='ltr'>ἐπί-ὲ</span> 
     </span>
    </p>
   </div>
   <div class='ocr_carea' id='block_1_99' title="bbox 211 5621 1730 5712">
    <p class='ocr_par' dir='ltr' id='par_1_99' title="bbox 211 5621 1730 5712">
     <span class='ocr_line' id='line_1_99' title="bbox 211 5621 1730 5712; baseline -0.005 -34"><span class='ocrx_word' id='word_1_705' title='bbox 211 5630 373 5697; x_wconf 71' lang='grc' dir='ltr'>σκεψιν</span> <span class='ocrx_word' id='word_1_706' title='bbox 426 5629 715 5700; x_wconf 83' lang='grc' dir='ltr'>προσῆλθε,</span> <span class='ocrx_word' id='word_1_707' title='bbox 759 5629 851 5680; x_wconf 74' lang='grc' dir='ltr'><strong>καὶ</strong></span> <span class='ocrx_word' id='word_1_708' title='bbox 881 5625 1058 5688; x_wconf 85' lang='grc' dir='ltr'>καθὼς</span> <span class='ocrx_word' id='word_1_709' title='bbox 1120 5623 1491 5691; x_wconf 64' lang='grc' dir='ltr'>ἐπεσκέψαντο</span> <span class='ocrx_word' id='word_1_710' title='bbox 1549 5622 1614 5712; x_wconf 72' lang='grc' dir='ltr'>τῇ</span> <span class='ocrx_word' id='word_1_711' title='bbox 1665 5621 1730 5689; x_wconf 77' lang='grc' dir='ltr'>σῇ</span> 
     </span>
    </p>
   </div>
   <div class='ocr_carea' id='block_1_100' title="bbox 211 5712 1734 5791">
    <p class='ocr_par' dir='ltr' id='par_1_100' title="bbox 211 5712 1734 5791">
     <span class='ocr_line' id='line_1_100' title="bbox 211 5712 1734 5791; baseline -0.001 -26"><span class='ocrx_word' id='word_1_712' title='bbox 211 5721 452 5791; x_wconf 75' lang='grc' dir='ltr'>τιμιότητι</span> <span class='ocrx_word' id='word_1_713' title='bbox 495 5719 903 5790; x_wconf 77' lang='grc' dir='ltr'>παρακέλευσιν</span> <span class='ocrx_word' id='word_1_714' title='bbox 959 5716 1286 5786; x_wconf 75' lang='grc' dir='ltr'>ἐποιήσαντο</span> <span class='ocrx_word' id='word_1_715' title='bbox 1314 5754 1326 5774; x_wconf 93' lang='lat'><strong>,</strong></span> <span class='ocrx_word' id='word_1_716' title='bbox 1361 5715 1509 5772; x_wconf 81' lang='grc' dir='ltr'>ὅπως</span> <span class='ocrx_word' id='word_1_717' title='bbox 1552 5712 1734 5780; x_wconf 82' lang='grc' dir='ltr'>δεήσει</span> 
     </span>
    </p>
   </div>
   <div class='ocr_carea' id='block_1_101' title="bbox 213 5803 1732 5880">
    <p class='ocr_par' dir='ltr' id='par_1_101' title="bbox 213 5803 1732 5880">
     <span class='ocr_line' id='line_1_101' title="bbox 213 5803 1732 5880; baseline -0.001 -24"><span class='ocrx_word' id='word_1_718' title='bbox 213 5810 289 5858; x_wconf 71' lang='grc' dir='ltr'>ιιιὶ</span> <span class='ocrx_word' id='word_1_719' title='bbox 330 5811 400 5863; x_wconf 74' lang='grc' dir='ltr'>ἔτι</span> <span class='ocrx_word' id='word_1_720' title='bbox 454 5812 521 5865; x_wconf 76' lang='grc' dir='ltr'>τὰ</span> <span class='ocrx_word' id='word_1_721' title='bbox 572 5811 696 5880; x_wconf 70' lang='grc' dir='ltr'>περὶ</span> <span class='ocrx_word' id='word_1_722' title='bbox 729 5811 834 5865; x_wconf 80' lang='grc' dir='ltr'><strong>τῶν</strong></span> <span class='ocrx_word' id='word_1_723' title='bbox 902 5809 1151 5877; x_wconf 72' lang='grc' dir='ltr'>ἀφρόνων</span> <span class='ocrx_word' id='word_1_724' title='bbox 1212 5805 1432 5858; x_wconf 77' lang='grc' dir='ltr'>ἐκείνων</span> <span class='ocrx_word' id='word_1_725' title='bbox 1494 5803 1732 5875; x_wconf 81' lang='grc' dir='ltr'>μετιέναι</span> 
     </span>
    </p>
   </div>
   <div class='ocr_carea' id='block_1_102' title="bbox 1836 4609 3389 4684">
    <p class='ocr_par' dir='ltr' id='par_1_102' title="bbox 1836 4609 3389 4684">
     <span class='ocr_line' id='line_1_102' title="bbox 1836 4609 3389 4684; baseline 0.008 -24"><span class='ocrx_word' id='word_1_726' title='bbox 1836 4618 1888 4660; x_wconf 86' lang='lat' dir='ltr'><strong>et</strong></span> <span class='ocrx_word' id='word_1_727' title='bbox 1921 4609 2063 4663; x_wconf 91' lang='lat' dir='ltr'><strong>Deus</strong></span> <span class='ocrx_word' id='word_1_728' title='bbox 2093 4611 2208 4678; x_wconf 87' lang='lat' dir='ltr'><strong>ipse</strong></span> <span class='ocrx_word' id='word_1_729' title='bbox 2253 4611 2409 4666; x_wconf 90' lang='lat' dir='ltr'><strong>testis</strong></span> <span class='ocrx_word' id='word_1_730' title='bbox 2449 4614 2541 4680; x_wconf 91' lang='lat' dir='ltr'><strong>qui</strong></span> <span class='ocrx_word' id='word_1_731' title='bbox 2586 4615 2748 4667; x_wconf 87' lang='lat' dir='ltr'><strong>corda</strong></span> <span class='ocrx_word' id='word_1_732' title='bbox 2798 4615 3034 4684; x_wconf 85' lang='lat' dir='ltr'><strong>inspicit.</strong></span> <span class='ocrx_word' id='word_1_733' title='bbox 3085 4619 3279 4671; x_wconf 79' lang='lat' dir='ltr'><strong>Animo</strong></span> <span class='ocrx_word' id='word_1_734' title='bbox 3325 4619 3389 4673; x_wconf 76' lang='lat' dir='ltr'><strong>de</strong></span> 
     </span>
    </p>
   </div>
   <div class='ocr_carea' id='block_1_103' title="bbox 1838 4693 3388 4773">
    <p class='ocr_par' dir='ltr' id='par_1_103' title="bbox 1838 4693 3388 4773">
     <span class='ocr_line' id='line_1_103' title="bbox 1838 4693 3388 4773; baseline 0.006 -22"><span class='ocrx_word' id='word_1_735' title='bbox 1838 4693 1940 4752; x_wconf 85' lang='lat' dir='ltr'><strong>hoc</strong></span> <span class='ocrx_word' id='word_1_736' title='bbox 1972 4699 2216 4753; x_wconf 86' lang='lat' dir='ltr'><strong>dolemus</strong></span> <span class='ocrx_word' id='word_1_737' title='bbox 2249 4717 2260 4753; x_wconf 91' lang='lat'><strong>:</strong></span> <span class='ocrx_word' id='word_1_738' title='bbox 2294 4703 2384 4754; x_wconf 87' lang='lat' dir='ltr'><strong>sed</strong></span> <span class='ocrx_word' id='word_1_739' title='bbox 2421 4702 2549 4770; x_wconf 88' lang='lat' dir='ltr'><strong>quid</strong></span> <span class='ocrx_word' id='word_1_740' title='bbox 2581 4703 2685 4757; x_wconf 90' lang='lat' dir='ltr'><strong>dici</strong></span> <span class='ocrx_word' id='word_1_741' title='bbox 2716 4716 2895 4773; x_wconf 87' lang='lat' dir='ltr'><strong>potest</strong></span> <span class='ocrx_word' id='word_1_742' title='bbox 2920 4708 2984 4760; x_wconf 91' lang='lat' dir='ltr'><strong>de</strong></span> <span class='ocrx_word' id='word_1_743' title='bbox 3017 4709 3242 4761; x_wconf 81' lang='lat' dir='ltr'><strong>turbatis</strong></span> <span class='ocrx_word' id='word_1_744' title='bbox 3271 4710 3388 4761; x_wconf 77' lang='lat' dir='ltr'><strong>vitae</strong></span> 
     </span>
    </p>
   </div>
   <div class='ocr_carea' id='block_1_104' title="bbox 1837 4791 3386 4852">
    <p class='ocr_par' dir='ltr' id='par_1_104' title="bbox 1837 4791 3386 4852">
     <span class='ocr_line' id='line_1_104' title="bbox 1837 4791 3386 4852; baseline 0.006 -9"><span class='ocrx_word' id='word_1_745' title='bbox 1837 4791 2021 4852; x_wconf 88' lang='lat' dir='ltr'><strong>rebus,</strong></span> <span class='ocrx_word' id='word_1_746' title='bbox 2071 4792 2177 4845; x_wconf 88' lang='lat' dir='ltr'><strong>nisi</strong></span> <span class='ocrx_word' id='word_1_747' title='bbox 2228 4792 2614 4846; x_wconf 89' lang='lat' dir='ltr'><strong>intendendum</strong></span> <span class='ocrx_word' id='word_1_748' title='bbox 2660 4811 2781 4848; x_wconf 90' lang='lat' dir='ltr'><strong>esse</strong></span> <span class='ocrx_word' id='word_1_749' title='bbox 2823 4797 2886 4848; x_wconf 90' lang='lat' dir='ltr'><strong>ad</strong></span> <span class='ocrx_word' id='word_1_750' title='bbox 2942 4798 3200 4850; x_wconf 86' lang='lat' dir='ltr'><strong>meliora?</strong></span> <span class='ocrx_word' id='word_1_751' title='bbox 3248 4796 3386 4852; x_wconf 72' lang='lat' dir='ltr'><strong>llluil</strong></span> 
     </span>
    </p>
   </div>
   <div class='ocr_carea' id='block_1_105' title="bbox 1837 4885 3390 4962">
    <p class='ocr_par' dir='ltr' id='par_1_105' title="bbox 1837 4885 3390 4962">
     <span class='ocr_line' id='line_1_105' title="bbox 1837 4885 3390 4962; baseline 0.004 -27"><span class='ocrx_word' id='word_1_752' title='bbox 1837 4897 2119 4951; x_wconf 86' lang='lat' dir='ltr'><strong>speramus</strong></span> <span class='ocrx_word' id='word_1_753' title='bbox 2163 4891 2312 4936; x_wconf 87' lang='lat' dir='ltr'><strong>tuam</strong></span> <span class='ocrx_word' id='word_1_754' title='bbox 2360 4885 2615 4938; x_wconf 82' lang='lat' dir='ltr'><strong>virtutem</strong></span> <span class='ocrx_word' id='word_1_755' title='bbox 2658 4887 2850 4939; x_wconf 73' lang='lat' dir='ltr'><strong>debitae</strong></span> <span class='ocrx_word' id='word_1_756' title='bbox 2895 4887 2994 4955; x_wconf 83' lang='lat' dir='ltr'><strong>ipsi</strong></span> <span class='ocrx_word' id='word_1_757' title='bbox 3026 4888 3209 4962; x_wconf 63' lang='lat' dir='ltr'><strong>gloriae</strong></span> <span class='ocrx_word' id='word_1_758' title='bbox 3242 4905 3390 4944; x_wconf 91' lang='lat' dir='ltr'><strong>com-</strong></span> 
     </span>
    </p>
   </div>
   <div class='ocr_carea' id='block_1_106' title="bbox 1835 4975 3386 5046">
    <p class='ocr_par' dir='ltr' id='par_1_106' title="bbox 1835 4975 3386 5046">
     <span class='ocr_line' id='line_1_106' title="bbox 1835 4975 3386 5046; baseline 0.003 -16"><span class='ocrx_word' id='word_1_759' title='bbox 1835 4986 2010 5046; x_wconf 86' lang='lat' dir='ltr'><strong>potem</strong></span> <span class='ocrx_word' id='word_1_760' title='bbox 2053 4977 2187 5031; x_wconf 82' lang='lat' dir='ltr'><strong>l‘ore.</strong></span> <span class='ocrx_word' id='word_1_761' title='bbox 2238 4975 2343 5031; x_wconf 90' lang='lat' dir='ltr'><strong>Sed</strong></span> <span class='ocrx_word' id='word_1_762' title='bbox 2391 4979 2502 5033; x_wconf 72' lang='lat' dir='ltr'><strong>haec</strong></span> <span class='ocrx_word' id='word_1_763' title='bbox 2549 4978 2616 5032; x_wconf 90' lang='lat' dir='ltr'><strong>de</strong></span> <span class='ocrx_word' id='word_1_764' title='bbox 2661 4980 2780 5034; x_wconf 78' lang='lat' dir='ltr'><strong>istis</strong></span> <span class='ocrx_word' id='word_1_765' title='bbox 2823 4980 3005 5034; x_wconf 90' lang='lat' dir='ltr'><strong>rebus.</strong></span> <span class='ocrx_word' id='word_1_766' title='bbox 3045 4980 3174 5046; x_wconf 64' lang='lat' dir='ltr'><strong>Quae</strong></span> <span class='ocrx_word' id='word_1_767' title='bbox 3211 4978 3386 5036; x_wconf 79' lang='lat' dir='ltr'><strong>autem</strong></span> 
     </span>
    </p>
   </div>
   <div class='ocr_carea' id='block_1_107' title="bbox 1837 5067 3386 5139">
    <p class='ocr_par' dir='ltr' id='par_1_107' title="bbox 1837 5067 3386 5139">
     <span class='ocr_line' id='line_1_107' title="bbox 1837 5067 3386 5139; baseline 0.003 -19"><span class='ocrx_word' id='word_1_768' title='bbox 1837 5067 1991 5121; x_wconf 90' lang='lat' dir='ltr'><strong>nobis</strong></span> <span class='ocrx_word' id='word_1_769' title='bbox 2020 5068 2287 5136; x_wconf 88' lang='lat' dir='ltr'><strong>scripsisti</strong></span> <span class='ocrx_word' id='word_1_770' title='bbox 2341 5070 2405 5121; x_wconf 90' lang='lat' dir='ltr'><strong>de</strong></span> <span class='ocrx_word' id='word_1_771' title='bbox 2462 5068 2770 5123; x_wconf 85' lang='lat' dir='ltr'><strong>hominibus</strong></span> <span class='ocrx_word' id='word_1_772' title='bbox 2805 5070 2893 5138; x_wconf 91' lang='lat' dir='ltr'><strong>qui</strong></span> <span class='ocrx_word' id='word_1_773' title='bbox 2927 5070 3160 5122; x_wconf 81' lang='lat' dir='ltr'><strong>examini</strong></span> <span class='ocrx_word' id='word_1_774' title='bbox 3204 5070 3386 5139; x_wconf 86' lang='lat' dir='ltr'><strong>subje-</strong></span> 
     </span>
    </p>
   </div>
   <div class='ocr_carea' id='block_1_108' title="bbox 1836 5161 3389 5228">
    <p class='ocr_par' dir='ltr' id='par_1_108' title="bbox 1836 5161 3389 5228">
     <span class='ocr_line' id='line_1_108' title="bbox 1836 5161 3389 5228; baseline 0.001 -14"><span class='ocrx_word' id='word_1_775' title='bbox 1836 5161 1905 5214; x_wconf 84' lang='lat' dir='ltr'><strong>cti</strong></span> <span class='ocrx_word' id='word_1_776' title='bbox 1941 5171 2089 5226; x_wconf 84' lang='lat' dir='ltr'><strong>sunt,</strong></span> <span class='ocrx_word' id='word_1_777' title='bbox 2129 5161 2197 5214; x_wconf 89' lang='lat' dir='ltr'><strong>ob</strong></span> <span class='ocrx_word' id='word_1_778' title='bbox 2238 5161 2568 5221; x_wconf 79' lang='lat' dir='ltr'><strong>malefacta,</strong></span> <span class='ocrx_word' id='word_1_779' title='bbox 2603 5162 2714 5214; x_wconf 69' lang='lat' dir='ltr'><strong>hmc</strong></span> <span class='ocrx_word' id='word_1_780' title='bbox 2746 5161 2809 5214; x_wconf 87' lang='lat' dir='ltr'><strong>ad</strong></span> <span class='ocrx_word' id='word_1_781' title='bbox 2849 5162 3255 5228; x_wconf 88' lang='lat' dir='ltr'><strong>imperatoriam</strong></span> <span class='ocrx_word' id='word_1_782' title='bbox 3304 5164 3389 5216; x_wconf 86' lang='lat' dir='ltr'><strong>in-</strong></span> 
     </span>
    </p>
   </div>
   <div class='ocr_carea' id='block_1_109' title="bbox 1835 5251 3388 5321">
    <p class='ocr_par' dir='ltr' id='par_1_109' title="bbox 1835 5251 3388 5321">
     <span class='ocr_line' id='line_1_109' title="bbox 1835 5251 3388 5321; baseline 0.001 -16"><span class='ocrx_word' id='word_1_783' title='bbox 1835 5251 2163 5321; x_wconf 88' lang='lat' dir='ltr'><strong>spectionem</strong></span> <span class='ocrx_word' id='word_1_784' title='bbox 2209 5260 2493 5312; x_wconf 83' lang='lat' dir='ltr'><strong>venerunt,</strong></span> <span class='ocrx_word' id='word_1_785' title='bbox 2535 5261 2586 5304; x_wconf 88' lang='lat' dir='ltr'><strong>et</strong></span> <span class='ocrx_word' id='word_1_786' title='bbox 2613 5251 2766 5320; x_wconf 81' lang='lat' dir='ltr'><strong>juxta</strong></span> <span class='ocrx_word' id='word_1_787' title='bbox 2799 5253 2939 5307; x_wconf 85' lang='lat' dir='ltr'><strong>hanc</strong></span> <span class='ocrx_word' id='word_1_788' title='bbox 2972 5253 3388 5320; x_wconf 87' lang='lat' dir='ltr'><strong>inspectionem,</strong></span> 
     </span>
    </p>
   </div>
   <div class='ocr_carea' id='block_1_110' title="bbox 1836 5342 3388 5412">
    <p class='ocr_par' dir='ltr' id='par_1_110' title="bbox 1836 5342 3388 5412">
     <span class='ocr_line' id='line_1_110' title="bbox 1836 5342 3388 5412; baseline 0.003 -18"><span class='ocrx_word' id='word_1_789' title='bbox 1836 5351 1943 5395; x_wconf 72' lang='lat' dir='ltr'><strong>tuze</strong></span> <span class='ocrx_word' id='word_1_790' title='bbox 1979 5351 2292 5396; x_wconf 72' lang='lat' dir='ltr'><strong>reverentiae</strong></span> <span class='ocrx_word' id='word_1_791' title='bbox 2332 5342 2642 5396; x_wconf 78' lang='lat' dir='ltr'><strong>mandatum</strong></span> <span class='ocrx_word' id='word_1_792' title='bbox 2694 5350 2778 5396; x_wconf 84' lang='lat' dir='ltr'><strong>est</strong></span> <span class='ocrx_word' id='word_1_793' title='bbox 2825 5345 3102 5412; x_wconf 87' lang='lat' dir='ltr'><strong>quomodo</strong></span> <span class='ocrx_word' id='word_1_794' title='bbox 3147 5353 3202 5399; x_wconf 89' lang='lat' dir='ltr'><strong>et</strong></span> <span class='ocrx_word' id='word_1_795' title='bbox 3246 5361 3388 5399; x_wconf 89' lang='lat' dir='ltr'><strong>nunc</strong></span> 
     </span>
    </p>
   </div>
   <div class='ocr_carea' id='block_1_111' title="bbox 1835 5434 3386 5503">
    <p class='ocr_par' dir='ltr' id='par_1_111' title="bbox 1835 5434 3386 5503">
     <span class='ocr_line' id='line_1_111' title="bbox 1835 5434 3386 5503; baseline 0.002 -15"><span class='ocrx_word' id='word_1_796' title='bbox 1835 5444 2080 5503; x_wconf 85' lang='lat' dir='ltr'><strong>oporteat</strong></span> <span class='ocrx_word' id='word_1_797' title='bbox 2112 5434 2253 5502; x_wconf 88' lang='lat' dir='ltr'><strong>quod</strong></span> <span class='ocrx_word' id='word_1_798' title='bbox 2282 5434 2346 5488; x_wconf 91' lang='lat' dir='ltr'><strong>ad</strong></span> <span class='ocrx_word' id='word_1_799' title='bbox 2382 5436 2479 5488; x_wconf 89' lang='lat' dir='ltr'><strong>hos</strong></span> <span class='ocrx_word' id='word_1_800' title='bbox 2511 5437 2733 5490; x_wconf 86' lang='lat' dir='ltr'><strong>insanos</strong></span> <span class='ocrx_word' id='word_1_801' title='bbox 2775 5437 3023 5492; x_wconf 84' lang='lat' dir='ltr'><strong>homines</strong></span> <span class='ocrx_word' id='word_1_802' title='bbox 3061 5439 3254 5493; x_wconf 87' lang='lat' dir='ltr'><strong>attinet</strong></span> <span class='ocrx_word' id='word_1_803' title='bbox 3299 5453 3386 5491; x_wconf 87' lang='lat' dir='ltr'><strong>re—</strong></span> 
     </span>
    </p>
   </div>
   <div class='ocr_carea' id='block_1_112' title="bbox 1837 5526 3385 5601">
    <p class='ocr_par' dir='ltr' id='par_1_112' title="bbox 1837 5526 3385 5601">
     <span class='ocr_line' id='line_1_112' title="bbox 1837 5526 3385 5601; baseline 0.003 -21"><span class='ocrx_word' id='word_1_804' title='bbox 1837 5529 2068 5580; x_wconf 88' lang='lat' dir='ltr'><strong>mittere.</strong></span> <span class='ocrx_word' id='word_1_805' title='bbox 2099 5526 2360 5580; x_wconf 84' lang='lat' dir='ltr'><strong>Caeterum</strong></span> <span class='ocrx_word' id='word_1_806' title='bbox 2394 5538 2496 5580; x_wconf 85' lang='lat' dir='ltr'><strong>tuae</strong></span> <span class='ocrx_word' id='word_1_807' title='bbox 2531 5536 2612 5580; x_wconf 88' lang='lat' dir='ltr'><strong>est</strong></span> <span class='ocrx_word' id='word_1_808' title='bbox 2641 5543 2867 5584; x_wconf 68' lang='lat' dir='ltr'><strong>sut‘nmae</strong></span> <span class='ocrx_word' id='word_1_809' title='bbox 2909 5530 3207 5599; x_wconf 57' lang='lat' dir='ltr'><strong>sapientia,</strong></span> <span class='ocrx_word' id='word_1_810' title='bbox 3239 5532 3385 5601; x_wconf 86' lang='lat' dir='ltr'><strong>quod</strong></span> 
     </span>
    </p>
   </div>
   <div class='ocr_carea' id='block_1_113' title="bbox 1835 5611 3388 5691">
    <p class='ocr_par' dir='ltr' id='par_1_113' title="bbox 1835 5611 3388 5691">
     <span class='ocr_line' id='line_1_113' title="bbox 1835 5611 3388 5691; baseline 0.002 -19"><span class='ocrx_word' id='word_1_811' title='bbox 1835 5619 2009 5673; x_wconf 85' lang='lat' dir='ltr'><strong>adhuc</strong></span> <span class='ocrx_word' id='word_1_812' title='bbox 2032 5619 2363 5687; x_wconf 73' lang='lat' dir='ltr'><strong>deestjustaa</strong></span> <span class='ocrx_word' id='word_1_813' title='bbox 2401 5619 2767 5684; x_wconf 88' lang='lat' dir='ltr'><strong>retributioni,</strong></span> <span class='ocrx_word' id='word_1_814' title='bbox 2812 5622 2894 5675; x_wconf 92' lang='lat' dir='ltr'><strong>his</strong></span> <span class='ocrx_word' id='word_1_815' title='bbox 2930 5623 3086 5676; x_wconf 86' lang='lat' dir='ltr'><strong>linem</strong></span> <span class='ocrx_word' id='word_1_816' title='bbox 3113 5611 3388 5691; x_wconf 79' lang='lat' dir='ltr'><strong>imponere</strong></span> 
     </span>
    </p>
   </div>
   <div class='ocr_carea' id='block_1_114' title="bbox 1835 5710 3388 5780">
    <p class='ocr_par' dir='ltr' id='par_1_114' title="bbox 1835 5710 3388 5780">
     <span class='ocr_line' id='line_1_114' title="bbox 1835 5710 3388 5780; baseline 0.003 -17"><span class='ocrx_word' id='word_1_817' title='bbox 1835 5712 1925 5780; x_wconf 89' lang='lat' dir='ltr'><strong>qui</strong></span> <span class='ocrx_word' id='word_1_818' title='bbox 1960 5713 2158 5766; x_wconf 86' lang='lat' dir='ltr'><strong>mentis</strong></span> <span class='ocrx_word' id='word_1_819' title='bbox 2185 5710 2420 5772; x_wconf 80' lang='lat' dir='ltr'><strong>defectu,</strong></span> <span class='ocrx_word' id='word_1_820' title='bbox 2445 5725 2512 5764; x_wconf 82' lang='lat' dir='ltr'><strong>ne</strong></span> <span class='ocrx_word' id='word_1_821' title='bbox 2540 5710 2715 5765; x_wconf 90' lang='lat' dir='ltr'><strong>dicam</strong></span> <span class='ocrx_word' id='word_1_822' title='bbox 2743 5715 2972 5777; x_wconf 89' lang='lat' dir='ltr'><strong>insania,</strong></span> <span class='ocrx_word' id='word_1_823' title='bbox 2991 5730 3112 5771; x_wconf 88' lang='lat' dir='ltr'><strong>reos</strong></span> <span class='ocrx_word' id='word_1_824' title='bbox 3136 5731 3190 5769; x_wconf 87' lang='lat' dir='ltr'><strong>se</strong></span> <span class='ocrx_word' id='word_1_825' title='bbox 3214 5717 3388 5769; x_wconf 85' lang='lat' dir='ltr'><strong>istius-</strong></span> 
     </span>
    </p>
   </div>
   <div class='ocr_carea' id='block_1_115' title="bbox 1837 5803 3388 5870">
    <p class='ocr_par' dir='ltr' id='par_1_115' title="bbox 1837 5803 3388 5870">
     <span class='ocr_line' id='line_1_115' title="bbox 1837 5803 3388 5870; baseline 0.003 -16"><span class='ocrx_word' id='word_1_826' title='bbox 1837 5803 1978 5854; x_wconf 87' lang='lat' dir='ltr'><strong>modi</strong></span> <span class='ocrx_word' id='word_1_827' title='bbox 2013 5803 2411 5857; x_wconf 85' lang='lat' dir='ltr'><strong>eonstituerunt</strong></span> <span class='ocrx_word' id='word_1_828' title='bbox 2442 5816 2634 5870; x_wconf 84' lang='lat' dir='ltr'><strong>poenae.</strong></span> <span class='ocrx_word' id='word_1_829' title='bbox 2678 5804 2748 5860; x_wconf 80' lang='lat' dir='ltr'><strong>De</strong></span> <span class='ocrx_word' id='word_1_830' title='bbox 2779 5816 2971 5861; x_wconf 68' lang='lat' dir='ltr'><strong>caetero</strong></span> <span class='ocrx_word' id='word_1_831' title='bbox 3005 5809 3304 5862; x_wconf 82' lang='lat' dir='ltr'><strong>incolumen</strong></span> <span class='ocrx_word' id='word_1_832' title='bbox 3341 5817 3388 5858; x_wconf 87' lang='lat' dir='ltr'><strong>te</strong></span> 
     </span>
    </p>
   </div>
  </div>
