4018 6482
155 377 240 439 399
1555 377 1957 437 EI'IS'I‘OI.:E.

3211 381 3318 446 330

152 490 389 560 ἀνώτερον
453 491 627 557 πάσης
652 488 826 556 λύπης
889 488 1151 541 διατελεῖν
1208 489 1520 550 ἐπιθέσεως·
1578 489 1673 540 καὶ

1780 489 2130 542 sanctissimo
2167 486 2272 541 Deo
2308 489 2372 542 de
2411 491 2508 543 hoc
2543 491 2742 560 gratias
2771 491 2996 556 egirnns,
3031 504 3078 543 et
3108 505 3325 545 oramus

149 584 212 650 τῷ
246 583 372 650 ἁγίῳ
421 580 538 649 Θεῷ
589 582 624 647 ἡ
671 580 762 630 ἐπὶ
800 578 956 630 τοῦτο
999 577 1319 648 εὐχαριστία
1365 578 1495 646 ἡμῖν
1533 578 1670 630 ἀπο-

1772 581 1997 632 omnino
2028 588 2086 633 ut
2113 580 2272 632 talem
2299 579 2362 631 de
2386 589 2434 632 te
2463 581 2708 633 nuntium
2739 593 2951 645 semper
2980 583 3321 646 accipiamus.

146 674 343 735 δέδοται,
374 673 464 723 καὶ
499 669 769 737 εὐχόμεθα
800 669 1031 721 πάντοτε
1060 667 1318 733 τοιαύτης
1347 684 1414 720 πε
1426 667 1478 734 pi
1517 667 1670 737 ὑμῶν

1780 666 2038 730 Quoniam
2111 680 2238 720 vero
2288 681 2469 720 rerum
2515 669 2772 736 angustia:
2830 683 2928 720 nos
2983 683 3086 718 non
3149 669 3330 722 sinunt

146 763 376 830 ἀγγελίας
406 759 694 828 τυγχάνειν
733 759 991 826 ἀγγέλου.
1037 758 1254 826 Ἐπειδὴ
1277 757 1335 810 δὲ
1387 757 1498 810 τῶν
1522 775 1662 828 πρα-

145 854 341 921 γμάτων
373 851 429 901 αί
483 849 832 919 περιστάσεις
867 849 969 900 οὐκ
998 846 1156 900 ἐῶσιν
1201 848 1346 916 ἡμᾶς
1391 849 1670 911 ἀναπνεῖν,

148 943 228 992 καὶ
253 939 320 1001 ὡς
353 942 410 991 ἐν
433 938 699 1001 τοιούτοις
729 936 1270 1007 περιστοιχιζόμενοι,
1298 937 1552 1006 δεόμεθα,
1575 937 1672 990 ἇν-

145 1030 331 1098 θρωποι
377 1031 622 1081 ταπεινοὶ
667 1029 842 1089 ὄντες,
872 1025 968 1078 καὶ
1014 1025 1114 1094 τῆς
1151 1027 1214 1078 ὲκ
1257 1025 1361 1078 τῶν
1407 1025 1673 1076 συνόντων

147 1119 459 1186 παρηγορίας
486 1115 656 1186 (οἶδας
684 1116 740 1167 δὲ
761 1117 842 1167 ὅτι
867 1115 1020 1168 οὐδὲν
1046 1113 1188 1166 οὓτω
1223 1115 1554 1184 παρηγορεῖ,
1597 1113 1672 1176 ὡς

147 1207 175 1274 ἡ
209 1207 306 1258 τῶν
340 1208 544 1260 τέκνων
590 1202 922 1272 συνομιλία),
958 1202 1293 1271 ἐϐουλόμεθα
1339 1204 1397 1256 ἐν
1446 1201 1675 1270 τοιούτῳ

145 1298 299 1368 καιρῷ
333 1298 426 1350 σὺν
456 1297 588 1365 ἡμῖν
623 1291 782 1348 εἶναι.
834 1295 893 1346 El
932 1294 1031 1361 μὲν
1059 1290 1154 1346 οὗν
1183 1293 1282 1345 οὐκ
1335 1292 1480 1344 εστιν
1509 1293 1675 1360 ἀναγ-

145 1389 376 1456 καιότερα
405 1387 471 1438 τὰ
498 1388 554 1438 ὲν
579 1388 689 1447 τοῖς
719 1384 907 1436 αὐτόθι
942 1384 1241 1454 πράγματα
1272 1383 1408 1451 πρὸς
1430 1382 1531 1453 τὴν
1573 1384 1675 1452 σὴν

143 1481 423 1546 ἐπίσχεσιν,
467 1477 780 1547 παραγενοῦ
825 1475 962 1545 πρὸς
993 1476 1164 1545 ἡμᾶς.
1222 1473 1284 1526 El
1324 1473 1368 1525 δ’
1421 1474 1538 1526 ἐστι
1589 1490 1674 1535 τις

142 1569 332 1636 ἀνάγκη
361 1569 727 1638 δυνατωτέρα,
775 1566 912 1630 τέως
946 1567 1081 1635 ἡμῖν
1111 1568 1230 1628 ταῖς
1263 1565 1439 1627 ὁσίαις
1483 1565 1673 1634 εὐχαῖς

1775 756 2064 826 respirare,
2119 767 2168 809 et
2201 757 2308 810 illis
2338 758 2490 826 quasi
2536 757 2695 810 εἰηΜὶ
2731 759 3057 824 indigemus,
3090 759 3332 812 homines

1776 848 1997 910 inlirmi,
2048 848 2421 901 assistentium
2459 850 2829 903 consolatione
2863 851 2996 917 (Scis
3036 854 3215 901 autem
3248 851 3334 900 ni-

1777 939 1849 991 hil
1884 940 1955 991 ita
1987 939 2258 992 consolari
2285 948 2340 992 ut
2369 941 2600 994 ﬁliorum
2634 939 3142 1017 conversationem),
3180 951 3335 1008 opta-

1776 1029 1970 1082 bamus
1996 1036 2054 1081 ut
2085 1028 2370 1083 nobiseum
2405 1045 2569 1084 esses.
2609 1031 2663 1084 Si
2700 1031 2862 1100 igitur
2893 1047 2998 1087 non
3033 1035 3337 1088 necessario

1780 1128 1831 1170 te
1862 1133 1950 1172 res
1987 1119 2108 1174 istic
2141 1120 2394 1184 retinent,
2428 1121 2544 1174 veni
2574 1123 2637 1174 ad
2671 1138 2788 1176 nos.
2838 1123 2893 1175 Si
2929 1135 3077 1194 urget
3105 1126 3336 1179 necessi-

1780 1219 1886 1270 tas.
1939 1207 2131 1262 saltem
2182 1218 2446 1277 quantum
2495 1211 2701 1277 poteris
2749 1213 2903 1266 nobis
2941 1215 3045 1267 tuis
3092 1215 3337 1281 precibus

1779 1296 1985 1350 adesto.
2029 1302 2106 1350 Ac
2136 1306 2224 1350 tua
2253 1297 2560 1366 praesentia,
2607 1299 2860 1368 quoniam
2889 1311 2995 1351 non
3045 1315 3188 1354 nune
3218 1317 3338 1368 per-

1779 1386 2031 1450 mittitur,
2064 1389 2156 1440 liet
2197 1389 2422 1442 omnino
2453 1391 2672 1459 quando
2707 1389 2848 1442 Deus
2879 1391 3125 1444 voluerit.
3171 1390 3340 1444 (la-te-

1775 1491 1896 1528 rum
1929 1491 2027 1544 pro
2069 1487 2158 1530 tua
2204 1477 2435 1532 sanitate
2483 1489 2605 1532 rota
2664 1478 2966 1542 fundimus,
3007 1490 3058 1535 et
3094 1481 3342 1548 cupimus

1776 1574 1836 1618 ut
1869 1574 2066 1620 nostra
2098 1567 2420 1622 humilitatis
2448 1569 2780 1624 memineris.

142 1662 468 1732 ὅσηδύναμις
519 1661 833 1723 συνίστασο,
881 1660 977 1713 καὶ
1021 1661 1054 1729 ἡ
1089 1658 1380 1729 παρουσία,
1426 1659 1550 1710 ἐπεὶ
1601 1657 1676 1728 μὴ
1718 1657 1814 1710 νῦν
1864 1661 2253 1729 συγχωρεῖται,
2327 1661 2544 1746 πάντως
2582 1643 2716 1716 ¹ὅταν
2755 1664 2882 1727 Θεὸς
2925 1667 3050 1734 διδῷ
3115 1671 3341 1739 γενήσε-

143 1769 235 1808 ται.
266 1754 342 1807 Τά
369 1752 412 1805 δ’
441 1751 574 1806 ἀλλα
602 1751 886 1823 ἐρρῶσθαι
918 1768 977 1804 σε
1007 1747 1372 1821 ἐπευχόμεθα,
1403 1749 1497 1802 καὶ
1528 1747 1843 1820 μεμνῆσθαι
1869 1749 1968 1818 τῆς
1997 1751 2156 1820 ήμῶν
2197 1753 2570 1822 μετριότητος.

535 1865 678 1919 PII'.
710 1866 934 1930 Νικήτᾳ
975 1862 1252 1933 Ἀθηνῶν.

201 1974 302 2029 Καὶ
339 1974 670 2044 κυϐερνήτης
699 1975 919 2044 ἄριστος
949 1972 1059 2027 τῶν
1101 1972 1468 2042 βαπτιζόντων
1499 1973 1670 2044 κυμά-

143 2084 231 2119 των
272 2066 372 2136 τὴν
425 2064 665 2118 ἔκκλισιν
718 2065 952 2117 ποιεῖται
982 2063 1072 2117 διὰ
1112 2063 1389 2133 προνοίας,
1415 2064 1530 2116 ἀλλ’
1559 2064 1680 2133 οὐχὶ

143 2157 260 2223 πρὸς
287 2156 474 2207 ἐκεῖνα
514 2153 830 2206 συνωθεϊται
859 2153 926 2206 δι’
969 2145 1045 2207 ὧν
1103 2153 1285 2221 μέλλει
1319 2152 1479 2206 πλέον
1514 2170 1680 2205 κατα-

143 2243 497 2308 ϐαπτίζεσθαι.
527 2243 636 2297 Καὶ
683 2243 863 2314 ἰατρὸς
895 2237 939 2311 ᾧ
974 2258 1036 2310 γε
1081 2241 1152 2294 δι’
1178 2241 1493 2312 ἐπιμελείας
1533 2244 1680 2296 ἐστὶν

141 2335 564 2404 ἡσωτηρίακτοῦ
609 2335 931 2404 κάμνοντος,
980 2334 1214 2403 σπουδὴν
1257 2333 1598 2404 ἀναδέχεται,
1630 2335 1677 2386 εἰ

147 2427 209 2496 μὴ
239 2425 461 2479 δυνατὸν
516 2425 790 2486 παντελῶς
843 2423 1213 2492 θεραπεῦσαι,
1270 2424 1404 2479 ἀλλά
1442 2442 1505 2492 γε
1543 2426 1678 2487 τέως

142 2519 422 2570 ἐλαττῶσαι
443 2517 504 2569 τὸ
530 2515 837 2584 διενοχλοῖη
884 2515 1228 2586 ἀρρώστημα
1251 2515 1520 2584 φάρμακα
1549 2533 1677 2568 συν-

141 2612 347 2664 τιθέναι.
386 2610 613 2674 Συνίεις,
650 2606 818 2677 οἶμαι,
851 2608 944 2658 τοῦ
975 2608 1263 2676 προοιμίου
1290 2608 1348 2658 τὺ
1386 2606 1632 2676 βούλημα
1661 2621 1674 2634 ’

143 2706 180 2753 εί
210 2705 282 2771 μὴ
336 2701 552 2764 ἑκόντες
603 2700 826 2762 ἐαυτοὺς
871 2701 935 2769 τῇ
983 2698 1176 2767 ἀγνοίᾳ
1213 2699 1584 2767 παρέσχομεν,
1619 2699 1675 2767 ,ἡ

143 2794 220 2844 τοῦ
245 2791 378 2843 Θεοῦ
420 2789 716 2859 Ἐκκλησία
761 2790 818 2842 ἐν
848 2789 1081 2858 τοσαύτῃ
1125 2788 1260 2858 ζάλῃ
1296 2789 1387 2840 καὶ
1416 2788 1677 2858 τρικυμία

145 2884 454 2951 καθέστηκε,
479 2881 575 2934 καὶ
606 2879 855 2943 τοσοῦτος
886 2880 1181 2949 καθ’ὴμῶν
1200 2878 1289 2930 διὰ
1315 2878 1422 2930 τῶν
1451 2878 1674 2942 ἔσωθεν,

145 2974 221 3025 καὶ
239 2973 324 3026 διά
353 2971 462 3025 τῶν
494 2970 691 3036 ἔξωθεν
732 2971 1001 3038 ἐγείρεται
1042 2967 1268 3034 κλύδων,
1307 2968 1381 3030 ὡς
1411 2969 1534 3021 καθ’
1550 2968 1678 3021 ἐκά-

147 3079 259 3132 στην
293 3063 526 3131 ἡμέραν,
565 3060 764 3128 μᾶλλον
796 3060 852 3112 δέ
904 3060 1077 3111 εἰπεῖν
1104 3058 1276 3130 ὥραν,
1311 3061 1409 3128 τὴν
1440 3059 1675 3128 παντελῆ

2176 1863 2356 1920 CXIII.
2391 1843 2935 1924 Niccta'IAt/rettt'ensi.

1803 2037 1812 2043 ν
1850 1974 2100 2044 Optimus
2135 1977 2370 2046 quisque
2401 1979 2732 2048 gubernator
2778 1966 3070 2050 prudenter
3109 1988 3345 2042 intume-

1781 2074 1996 2119 scentes
2027 2067 2161 2120 vitat
2189 2066 2413 2134 ﬂuctus,
2437 2078 2489 2124 et
2515 2069 2579 2124 ad
2619 2071 2739 2124 illos
2777 2059 2963 2126 navem
3005 2090 3107 2128 non
3141 2078 3340 2148 dirigit,

1780 2155 1980 2223 quibus
2033 2156 2250 2224 penitus
2295 2159 2662 2225 obrueretur;
2706 2162 2783 2215 sic
2833 2163 3076 2219 medicus
3108 2181 3343 2237 quoque.

1781 2246 1872 2313 qui
1909 2255 2025 2301 arte
2072 2262 2170 2302 sua
2218 2247 2564 2303 inﬁrmorum
2611 2266 2800 2304 curam
2836 2256 3084 2323 suscipit,
3121 2273 3339 2326 operam

1782 2335 2069 2403 impendit,
2119 2340 2219 2392 etsi
2276 2348 2608 2409 aegrotantes
2665 2341 2821 2410 plane
2871 2346 3095 2399 reddere
3123 2349 3340 2402 sanitati

1781 2441 1886 2478 non
1915 2428 2105 2493 possit,
2134 2429 2432 2483 remedium
2465 2431 2702 2494 adhibet,
2735 2440 2794 2486 ut
2820 2433 3102 2488 molestam
3135 2439 3344 2492 minuat

1782 2515 2172 2570 inﬁrmitatem.
2220 2515 2338 2571 Jam
2377 2519 2548 2582 vides,
2589 2520 2662 2572 uti
2710 2531 2858 2588 puto,
2910 2538 3019 2590 quo
3058 2528 3338 2579 exordium

1783 2606 1987 2660 tendat.
2021 2605 2081 2659 Ni
2109 2607 2357 2662 lubenter
2400 2611 2762 2677 nosmetipsos
2815 2613 3131 2681 ignorantiae
3163 2618 3339 2668 trada-

1781 2709 1923 2760 mus,
1958 2697 2139 2752 videre
2177 2706 2260 2751 est
2290 2699 2587 2752 Ecelcsiam
2629 2699 2720 2752 Dei
2751 2701 2804 2754 in
2837 2709 2983 2754 tanta
3023 2713 3339 2772 tempestate

1780 2787 2037 2854 positam,
2078 2789 2240 2842 tantis
2291 2790 2646 2860 undecunque
2690 2792 2996 2848 furentibus
3041 2796 3332 2852 ﬂuctibus:

1780 2885 1958 2932 tantas
2018 2879 2164 2932 enim
2234 2881 2376 2934 circa
2437 2897 2530 2936 vos
2613 2883 2847 2937 volvitur
2883 2886 3021 2939 intra
3078 2899 3131 2941 et
3181 2899 3332 2943 extra

1779 2969 2011 3023 excitata
2055 2984 2272 3040 vorago,
2322 2982 2381 3026 ut
2459 2987 2551 3042 per
2578 2974 2822 3044 singulos
2852 2976 2989 3039 dies,
3020 2978 3125 3030 imo
3145 2984 3334 3048 quavis

1778 3059 1911 3112 hora
1945 3075 2014 3116 ne
2045 3060 2292 3118 funditus
2328 3063 2708 3134 demergamur
2740 3067 2810 3120 sit
2844 3071 3210 3125 metuendum.
3235 3075 3331 3128 -Tu

147 3153 416 3204 κατάδυσιν
439 3152 677 3216 ἐλπίζειν
700 3167 715 3181 ·
747 3151 841 3204 καὶ
863 3151 926 3203 σὺ
952 3150 1284 3213 ἐπισκόπους
1304 3150 1410 3202 τῶν
1451 3150 1675 3221 Ἐκκλη-

1781 3157 1960 3206 autem
1999 3167 2064 3206 ex
2141 3154 2388 3209 ecclesiis
2433 3156 2714 3225 episcopos
2763 3160 2829 3213 ab
2871 3159 2978 3213 illis
3035 3163 3331 3229 ordinatos,

147 3244 260 3296 σιῶν
313 3243 556 3305 ἐλαύνεις
599 3243 720 3305 τοὺς
777 3241 869 3294 ὑπ’
915 3241 1139 3292 ἐκείνων
1180 3238 1674 3308 χειροτονηθέντας,

146 3333 221 3396 ιῦς
267 3334 416 3386 οὔπω
464 3333 568 3386 ὑπὸ
607 3332 938 3403 καθαίρεσιν
997 3332 1247 3401 προφανῆ
1306 3331 1670 3400 πεποιήμεθα.

148 3426 202 3477 Ἦ
230 3423 416 3493 λέληθέ
443 3442 465 3476 ε
494 3445 498 3449 ”
553 3416 626 3484 ὡς
659 3422 782 3476 οὔτε
822 3423 1020 3488 Σάϐας,
1053 3422 1081 3472 ὁ
1105 3421 1212 3489 πρὸ
1241 3420 1336 3474 σοῦ
1370 3422 1460 3474 τὸν
1488 3423 1675 3490 θρόνον

145 3515 319 3568 διέπων
344 3515 454 3566 τῶν
495 3512 757 3581 Ἀθηνῶν,
788 3511 909 3564 οὔτε
934 3529 1015 3574 τις
1046 3512 1230 3579 ἕτερος
1259 3512 1365 3563 τῶν
1389 3511 1674 3580 ὁμοταγῶν

145 3605 316 3674 ἐκείνῳ
350 3605 453 3656 ὑπὸ
473 3603 792 3672 καθαίρεσιν
819 3603 1030 3669 γέγονε,
1061 3603 1202 3671 πλὴν
1229 3603 1337 3656 τῶν
1355 3602 1675 3669 φθασάντων

145 3697 404 3766 τεσσάρων
429 3694 789 3763 καθῃρῆσθαι,
825 3693 918 3745 τοῦ
961 3710 1020 3745 τε
1055 3695 1363 3763 Δημητρίου
1392 3694 1556 3764 φημὶ,
1581 3698 1676 3747 καὶ

147 3785 384 3856 Γαϐριὴλ,
407 3785 500 3837 καὶ
542 3784 860 3854 Γρηγορίου,
916 3783 1010 3834 καὶ
1050 3785 1264 3851 Κοσμᾶ,
1305 3783 1362 3845 ὃς
1395 3786 1442 3835 εί
1473 3786 1566 3836 καὶ
1599 3785 1674 3852 μὴ

145 3877 218 3928 διὰ
243 3878 336 3946 τὴν
400 3875 570 3944 αὐτὴν
619 3875 798 3926 αίτίαν
851 3877 962 3934 τοῖς
992 3873 1172 3935 ἄλλοις
1217 3874 1415 3943 τρισὶν,
1443 3874 1582 3928 ἀλλά
1610 3891 1672 3941 γε

145 3965 218 4016 διὰ
271 3966 364 4028 τὰς
400 3967 460 4018 ἐν
506 3968 573 4034 τῇ
616 3964 801 4033 Ῥώμῃ
849 3963 1222 4031 ψευδολογίας,
1259 3965 1325 4031 τῇ
1357 3964 1673 4032 καθαιρέσει

147 4055 485 4125 ὑποϐέϐληται
509 4072 524 4121 ;
548 4055 730 4107 Πάντα
759 4052 934 4123 καιρῷ
975 4053 1088 4120 ίδίῳ
1131 4052 1462 4105 διευθύνεται
1482 4069 1496 4084 ο
1526 4053 1588 4105 τὸ
1615 4053 1672 4105 δέ

145 4147 275 4214 κιρά
325 4147 412 4199 τὸν
460 4146 808 4217 προσήκοντα
865 4143 1056 4211 καιρὸν
1114 4145 1423 4211 γινόμενον,
1487 4143 1674 4214 ὥσπερ

147 4237 313 4300 ἀτελές
334 4239 478 4290 ἐστι·
507 4237 566 4288 τὸ
593 4236 649 4288 δὲ
672 4235 857 4295 ἀτελὲς
883 4235 1094 4302 ἀνάγκη
1138 4235 1554 4302 ἀποστερεῖσθαι
1583 4235 1696 4289 καὶ.

147 4327 402 4398 διαμονῆς.
439 4327 588 4380 Ἔδει
638 4323 734 4379 οὖν
789 4342 846 4377 σε
881 4326 972 4377 τὸν
1013 4324 1202 4392 καιρὸν
1243 4327 1670 4394 κατανοήσαντα,

148 4418 352 4471 καὶτῶν
378 4418 719 4488 πραγμάτων
748 4417 846 4486 τὴν
878 4417 1214 4484 ἀνωμαλίαν,
1245 4417 1410 4485 μηδὲν
1444 4417 1673 4484 διαπρά-

1780 3254 1920 3307 quos
1969 3242 2212 3298 nondum
2267 3246 2480 3313 publice
2527 3249 2900 3316 deposuimus,
2959 3267 3193 3308 amores.
3253 3259 3331 3309 An

1779 3329 1919 3400 fugit
1947 3347 2018 3394 te,
2052 3348 2151 3386 nec
2177 3334 2395 3399 Sabam,
2433 3337 2523 3404 qui
2555 3345 2682 3392 ante
2722 3349 2773 3392 te
2817 3341 2996 3394 sedem
3032 3359 3332 3414 occupave-

1776 3431 1863 3475 rat
1891 3423 2328 3488 Atheniensium,
2363 3441 2460 3480 nec
2504 3429 2670 3482 alium
2721 3446 3048 3502 quemquam
3096 3451 3126 3490 ο
3170 3441 3332 3492 sociis

1778 3509 2084 3579 depositum
2138 3512 2307 3567 fuisse
2353 3524 2549 3583 prazter
2588 3527 2822 3585 quatuor
2872 3524 3190 3586 anteriores,
3232 3528 3328 3579 De-

1779 3603 2032 3654 metrium
2076 3604 2214 3664 dico,
2245 3603 2571 3671 Gabrieleni,
2611 3607 2930 3678 Gregorium
2963 3622 3015 3665 et
3046 3614 3328 3678 Cosmum,

1776 3691 1866 3757 qui
1899 3692 2117 3759 quidem
2146 3706 2252 3745 non
2287 3694 2357 3746 ob
2397 3695 2664 3757 eamdem,
2698 3712 2761 3750 ac
2812 3706 2921 3752 tres
2954 3701 3046 3752 alii
3088 3718 3328 3767 causam,

1777 3782 1868 3834 sed
1920 3791 2139 3850 propter
2188 3783 2487 3839 calumnias
2522 3783 2705 3840 Romae
2737 3801 3059 3858 propagatas
3119 3811 3147 3847 a
3205 3799 3329 3850 sede

1779 3878 2019 3925 remotus
2078 3882 2182 3926 est.
2237 3874 2424 3928 Omnia
2483 3885 2535 3927 et
2593 3877 2799 3944 singula
2860 3896 2958 3932 suo
3011 3885 3328 3940 ordinantur

1779 3969 2064 4028 tempore;
2121 3962 2381 4031 quidquid
2445 3975 2621 4020 autem
2694 3971 3028 4024 convenienti
3092 3985 3326 4043 tetnpote

1777 4059 2056 4118 peractum
2099 4067 2205 4106 non
2246 4053 2428 4116 fuerit,
2470 4057 2573 4108 erit
2622 4057 3036 4126 imperfectum;
3079 4063 3328 4132 imperfe~

1776 4152 1921 4195 ctum
1961 4152 2138 4195 autem
2187 4145 2494 4198 necessario
2543 4161 2650 4198 non
2705 4149 2886 4202 stabit.
2923 4152 3076 4215 Quod
3100 4154 3144 4207 si
3194 4164 3328 4208 tem-

1777 4245 1906 4300 pora
1949 4232 2307 4300 ponderasses
2342 4244 2394 4287 et
2433 4251 2611 4290 rerum
2647 4238 3013 4304 difﬁcultates.
3053 4259 3325 4312 nunquam

1780 4321 2000 4377 fecisses
2035 4339 2153 4390 qua:
2178 4326 2272 4378 abs
2305 4333 2355 4380 te
2392 4335 2519 4380 sunt
2547 4340 2782 4396 peracta.
2821 4331 3080 4399 Equidem
3114 4336 3326 4387 nescius

1779 4427 1922 4476 sum,
1958 4415 2232 4480 quomodo
2265 4416 2328 4468 ad
2359 4417 2445 4469 illa
2480 4419 2732 4473 incitatus
2763 4421 2943 4475 lueris.
2999 4422 3055 4476 Si
3105 4441 3207 4494 qua
3233 4428 3325 4481 tibi

152 4504 320 4566 ξασθαι
376 4504 484 4560 οἶόν
541 4523 620 4558 σοι
662 4507 1082 4574 διαπέπρακται.
1135 4505 1286 4583 ’βπεὶ
1335 4505 1391 4556 δὲ
1435 4507 1532 4556 οὐκ
1563 4501 1674 4558 οἴδα

1780 4518 1908 4556 cura
1931 4515 2012 4558 est
2034 4521 2098 4558 ne
2130 4507 2622 4574 ampliusturbetur
2654 4510 2913 4575 Ecclesia,
2945 4528 3117 4581 neque
3147 4526 3325 4569 nostra

149 4596 274 4658 ὅπως
297 4600 371 4660 είς
401 4596 559 4648 τοῦτο
612 4596 914 4664 προήχθης,
964 4595 1179 4656 πάντως
1227 4597 1277 4645 εἴ
1313 4597 1364 4645 τί
1401 4612 1481 4647 σοι
1523 4597 1671 4664 μέλει

152 4689 365 4757 περὶτοῦ
401 4689 475 4758 μὴ
496 4689 588 4740 ἐπὶ
617 4686 778 4738 πλέον
813 4685 1163 4754 χειμάζεσθαι
1196 4685 1293 4753 τὴν
1326 4686 1669 4753 Ἐκκλησίαν,

153 4782 372 4851 καὶπερὶ
396 4783 492 4849 τῆς
515 4779 673 4848 ἡμῶν
717 4779 1066 4847 μετριότητος
1108 4778 1204 4845 τῆς
1240 4777 1467 4829 καθόσον
1495 4780 1671 4846 ἐγχω-

155 4872 226 4934 ρεῖ
248 4873 492 4934 ἀνέσεως,
530 4871 628 4938 τὴν
650 4869 953 4938 ἐπισκοπὴν
982 4872 1010 4920 ὁ
1036 4870 1314 4937 ἄνθρωπος
1338 4869 1672 4934 ἁπολαυέτω,

155 4958 230 5006 καὶ
261 4959 552 5025 διαμενέτω
589 4957 691 5017 ἕως
726 4957 790 5008 ἂν
842 4957 914 5007 τὰ
947 4957 1216 5008 -δοκοῦντα
1272 4960 1335 5023 τῇ
1381 4957 1674 5026 Ἐκκλησία

155 5048 218 5105 εἰς
251 5049 409 5117 πέρας
437 5048 600 5111 ἔλθοι,
633 5047 724 5098 καὶ
755 5049 787 5114 ἡ
818 5047 943 5115 περὶ
987 5046 1094 5099 τῶν
1126 5050 1465 5098 πταισάντων
1505 5050 1674 5114 ἀμφι·

1757 4605 2003 4648 ’νοιοιυτ
2033 4596 2334 4662 humilitas,
2369 4599 2680 4668 episc0patu
2715 4600 2966 4670 fungatur
2997 4606 3076 4654 vir
3115 4614 3164 4656 et
3207 4621 3328 4672 per-

1782 4695 2015 4750 maneat,
2057 4686 2226 4740 donec
2273 4688 2465 4756 placita
2518 4688 2769 4743 Ecclesia:
2819 4691 3226 4745 manifestcntur
3276 4706 3327 4746 «ιι

1783 4777 2170 4828 malevolorum
2191 4777 2506 4846 disceptatio
2534 4778 2686 4832 cedat
2713 4780 2764 4831 in
2796 4779 3217 4842 damnationem,
3249 4788 3325 4836 vel

1786 4867 1947 4918 aliam
1982 4869 2390 4921 conversionem
2427 4869 2639 4922 habeat.
2671 4867 2842 4923 Jubeo
2866 4881 2913 4925 te
2946 4873 3120 4925 valere
3151 4876 3324 4928 anima

1777 4965 1827 5006 et
1860 4969 2107 5020 corpore,
2153 4964 2206 5007 et
2255 4956 2609 5010 humilitatem
2661 4967 2903 5012 nostram
2940 4963 3186 5028 precibus
3223 4966 3325 5013 lttls

1778 5047 2237 5097 commendamus.

154 5135 282 5188 ϐολία
307 5140 504 5210 ἐναργῆ
530 5139 936 5208 κατάκρισινῆ
1008 5138 1172 5207 ἀλλην
1240 5139 1360 5189 τινα
1402 5140 1620 5207 δέξηται
1690 5137 2027 5204 οἰκονομίαν.
2100 5137 2400 5205 Ἐρρῷσθαί
2465 5155 2522 5190 σε
2593 5139 2684 5191 καὶ
2772 5139 2913 5208 ψυχῇ
2976 5143 3069 5191 καὶ
3121 5143 3323 5211 σώματι

157 5228 487 5298 ὲπευχόμεθα,
531 5229 752 5297 καὶτῆς
801 5229 954 5298 ἡμῶν
997 5229 1391 5297 ὑπερεύχεσθαι
1450 5231 1819 5298 μετριότητος.

299 5344 428 5396 ΡΙΔ’.
468 5343 762 5407 Buccisqu
805 5344 1206 5410 μητροπολίτῃ
1238 5343 1513 5407 Χαυῖδίας.

227 5457 279 5507 'II
315 5461 402 5526 μὲν
437 5457 691 5518 ὑπόθεσις
742 5456 830 5507 τοῦ
892 5458 1212 5524 γράμματος
1256 5460 1527 5522 ἀναγκαία
1581 5460 1675 5525 μὲν

164 5545 223 5610 τῷ
253 5549 512 5611 κομίζοντι
548 5548 608 5596 τὸ
643 5547 892 5614 γράμμα.
923 5548 1017 5598 Διὰ
1041 5548 1195 5597 τοῦτο
1231 5551 1320 5597 καὶ
1351 5549 1675 5615 πληροῦντες

1494 5638 1514 5686 3
1549 5639 1679 5705 γρά-

171 5738 267 5784 υειν
299 5728 618 5792 ἕσχῄκαμεν.
670 5725 826 5790 Ἡμῖν
857 5725 910 5774 δὲ
946 5726 1064 5776 οὒτε
1123 5728 1382 5795 πρότερον
1414 5729 1533 5778 οὗτε
1588 5729 1678 5778 νῦν

376 5818 632 5878 PATnOL.
662 5821 772 5873 (ὶιι.
805 5818 902 5876 C.\'
919 5819 936 5873 l
951 5862 964 5876 .

167 5634 242 5698 τὴν
275 5637 438 5702 δέησιν
462 5634 622 5686 αὐτοῦ
657 5635 746 5683 καὶ
779 5635 872 5701 τὴν
905 5637 1004 5685 ὑπό
1045 5653 1158 5685 εσιν
1189 5636 1388 5702 ταύτην
1426 5638 1514 5686 τοῦ

2017 5340 2198 5396 CXIV.
2234 5342 2431 5395 Basilio
2469 5340 2701 5393 Cltaldr'a:
2727 5341 3087 5407 metropulrlm.

1845 5454 2018 5523 Hujus
2052 5457 2290 5522 epistola:
2313 5457 2537 5508 materia
2569 5453 2848 5505 tabellario
2874 5456 3178 5506 necessaria
3212 5467 3292 5510 est
3313 5473 3354 5519 ;.

1776 5548 1927 5613 cujus
1980 5548 2196 5614 quidem
2244 5547 2596 5614 postulationi
2629 5545 3022 5611 satisfacientes
3055 5546 3325 5600 scribendi

1779 5651 1964 5688 ansam
2023 5641 2330 5692 habuimus.
2385 5638 2607 5690 Materia
2661 5640 2771 5704 ipsa
2813 5648 2991 5690 autem
3042 5640 3196 5692 nobis
3232 5656 3329 5691 nec

1781 5738 1936 5782 antea
1974 5746 2070 5784 nec
2106 5733 2391 5784 liodiedum
2426 5730 2630 5782 videtur
2656 5727 2978 5780 necessaria.
3010 5727 3170 5782 Nobis
3188 5732 3328 5783 enim

2903 5817 2958 5874 Il
