4074 6458
570 311 676 375 335

1686 300 1992 361 NICOLAI
2034 299 2143 359 CP.
2184 294 2697 357 PATRIARCILE.

3669 290 3780 353 336

565 428 679 472 tum
724 416 917 486 capiat.
954 415 1159 468 Horum
1207 424 1467 467 numerus
1509 408 1696 480 utique
1728 424 1976 477 magnus.
2011 402 2116 459 Ila-

2240 402 2507 457 ποιοῦνται
2544 400 2639 454 τοῦ
2698 398 2796 469 τὴν
2845 396 2943 469 σὴν
2980 395 3303 466 Ἐκκλησίαν
3344 395 3516 467 ζημίᾳ
3550 399 3780 466 περιει-

573 507 737 561 bendi
799 506 1105 573 cupidinem
1183 504 1382 571 ubique
1438 509 1750 572 regnantem
1814 498 2124 567 conspicio;

566 597 706 653 inter
763 596 998 664 majores
1058 603 1113 648 et
1172 594 1411 646 minores
1444 588 1675 655 tdiﬂicile
1723 588 1985 657 reperias,
2034 587 2129 654 qui

567 690 723 744 istam
777 688 1025 741 relrwnet
1072 684 1397 754 cupidinem.
1449 681 1850 743 Verumtamen,
1910 680 1956 733 si
2000 678 2129 747 quid

567 778 869 832 istiusmodi
903 764 1162 837 evenerit,
1221 785 1274 829 tu
1315 788 1458 838 eam,
1506 786 1629 842 quat
1672 769 1936 826 sacerdoti
1982 782 2132 822 sum-

569 882 658 919 mo
716 866 1009 926 convenit,
1058 864 1468 932 intelligentiam
1525 872 1579 917 et
1627 860 1967 930 prudentiam
2035 856 2132 912 ad-

575 958 781 1016 hibeas,
814 969 881 1008 ne
909 954 1046 1008 forte
1074 954 1397 1022 injustitiam
1433 952 1768 1014 committas,
1804 949 2002 1019 autjus
2037 948 2130 1002 tibi

575 1060 678 1099 non
708 1046 945 1099 debitum
985 1046 1080 1097 tibi
1117 1043 1360 1098 vindices
1392 1052 1443 1097 et
1478 1042 1749 1112 legitimos
1792 1040 2132 1110 possidentes

573 1136 794 1204 spolies.
844 1135 952 1188 lmo
988 1150 1080 1204 per
1116 1134 1350 1203 teipsum
1401 1134 1486 1187 vel
1538 1147 1634 1201 per
1684 1133 1850 1185 alium
1903 1130 2130 1200 probum

572 1226 774 1279 astabis
840 1224 1091 1295 legitimis
1133 1224 1374 1278 lucorum
1421 1222 1719 1293 judicibus,
1749 1230 1802 1274 et
1829 1220 2045 1295 curabis
2076 1226 2136 1265 ut

573 1316 812 1369 damnati
850 1293 1103 1369 obediant
1137 1314 1420 1368 sententiae
1457 1308 1843 1380 justiimmﬂ-
1881 1293 1957 1348 1ιέ
1988 1297 2047 1350 ﬁl
2076 1307 2133 1352 ιιι

576 1404 776 1473 iniuste
824 1404 1181 1473 Pos.sidcntne_
1215 1416 1310 1434 μου
1361 1378 1534 1432 "mm
1588 1378 1817 1473 {mnoré’
1867 1385 2128 1473 advel?”

578 1468 859 1539 μέμ...ιώ
897 1481 1003 1519 non
1039 1468 1270 1535 possint,
1304 1474 1359 1521 et
1392 1481 1571 1531 nemo,
1612 1482 1730 1536 qua:
1770 1470 1980 1536 justitia
2012 1470 2130 1520 [ue-

576 1568 685 1619 rint
713 1564 952 1623 decreta,
988 1558 1083 1611 tibi
1136 1558 1312 1626 palam
1348 1560 1478 1613 vitio
1506 1566 1698 1613 vertat.
1734 1558 1858 1613 Hac
1897 1558 2129 1628 jampri-

572 1649 692 1700 dem
715 1647 808 1700 tibi
830 1648 1198 1702 commendata
1235 1662 1357 1700 cum
1397 1647 1870 1702 vehementissimo
1892 1647 2129 1702 rescribo

580 1738 797 1802 dolore;
858 1737 1001 1806 quod
1056 1739 1101 1790 si
1160 1737 1226 1790 de
1251 1737 1462 1791 dolente
1482 1748 1571 1792 tuo
1619 1738 1746 1803 quid
1770 1751 1927 1792 curas
1957 1745 2130 1806 patre,

575 1842 684 1879 non
719 1835 903 1894 postea
931 1827 982 1878 in
1021 1825 1213 1879 duram
1246 1841 1343 1880 nos
1369 1827 1821 1881 necessitudinem
1869 1826 1995 1879 talia
2040 1826 2137 1879 tibi

574 1914 852 1970 scribendi
886 1914 1167 1984 conjicias.
1204 1913 1280 1969 Te
1327 1917 1591 1970 valentem
1634 1923 1690 1969 et
1734 1915 1835 1970 sibi
1877 1916 1927 1969 in
1961 1915 2142 1970 omni-

584 2010 685 2059 bus
734 2006 1118 2075 obsequiosum
1179 2006 1450 2061 custodiat
1503 2006 1783 2060 Dominus.
1855 2006 2138 2061 Humilita-

576 2096 646 2147 tis
676 2103 856 2148 autem
893 2105 1087 2150 nostrae
1117 2111 1391 2163 nunquam
1449 2112 1552 2151 non
1604 2098 1656 2151 in
1715 2098 1965 2167 precibus
2029 2098 2140 2153 tuis

579 2198 783 2238 memor
812 2197 950 2241 CSIO.

2229 494 2361 546 λεῖν.
2403 490 2733 559 Ἐπίσταμαι
2772 488 2848 549 ὡς
2892 487 3075 540 πολλοὶ
3101 488 3369 540 τοιοῦτοι·
3419 487 3511 541 καὶ
3555 487 3663 556 γὰρ
3690 487 3786 540 διὰ

2232 582 2448 637 πάντων
2502 578 2612 649 δρῶ
2646 578 2952 649 κεχυμένην
3006 578 3103 647 τὴν
3129 578 3281 630 νόσον
3318 577 3419 651 τῆς
3450 576 3786 640 πλεονεξίας,

2231 674 2325 726 καὶ
2362 671 2587 722 σπάνιόν
2631 669 2779 720 ἐστιν
2816 666 2998 735 εὑρεῖν
3030 669 3124 717 καὶ
3154 665 3211 716 ὲν
3240 664 3449 732 μείζοσι
3475 666 3787 741 προσώποις

2231 765 2325 818 καὶ
2375 764 2434 815 ὲν
2490 756 2737 814 ἐλάττοσι
2791 756 2885 810 τὸν
2914 755 2987 827 μὴ
3032 755 3445 826 κεκρατημένον
3475 752 3554 820 τῷ
3599 748 3780 801 πάθει·

2232 854 2398 923 Πλὴν,
2429 852 2614 905 τέκνον
2636 849 2815 920 ἡμῶν,
2867 846 3087 901 ἐπειδάν
3129 861 3182 897 τι
3223 843 3469 897 τοιοῦτον
3505 830 3785 902 ἀνακύψῃ.

2230 946 2295 1013 τῇ
2326 941 2680 1014 προσηκούσῃ
2725 940 2936 993 συνέσει
2979 938 3074 991 καὶ
3115 923 3364 992 etii-aeth
3399 924 3464 991 τῇ
3498 924 3563 993 σῇ
3594 923 3785 992 ἀρχιει

2235 1034 2447 1104 ρωσύνῃ
2478 1032 2785 1101 προσφέρου
2806 1032 2918 1093 τοῖς
2946 1015 3354 1081 κωτιθεμένοις.
3377 1018 3472 1067 καὶ
3507 1014 3581 1082 μὴ
3620 1026 3786 1104 σπανῇ

2231 1103 2323 1179 τὸν
2350 1125 2605 1188 ἐκδικεῖν,
2632 1121 2765 1191 μηδι
2788 1122 2862 1169 to;
2891 1105 2951 1169 ἐξ
2977 1107 3276 1175 αὐτονόμου
3303 1105 3552 1169 ὲξουσίας
3570 1103 3787 1173 σεαυτῷ

2232 1234 2285 1269 τι
2320 1204 2739 1285 πίμπρασθαι,
2787 1199 2879 1251 καὶ⁵
2920 1198 3244 1268 ἀποστερεῖν
3278 1197 3407 1259 τοὺς
3455 1196 3791 1265 κατέχοντας

2231 1305 2293 1355 τι.
2315 1282 2644 1356 ζητούμενον
2665 1303 2677 1317 ·
2704 1287 2821 1340 ἀλλ’
2848 1288 2956 1340 είτε
3013 1287 3101 1340 διὰ
3138 1287 3391 1351 σεαυτοῦ,
3433 1288 3541 1340 sit:
3573 1285 3641 1337 δι’
3671 1282 3792 1337 ιτε-

2232 1394 2324 1447 ρου
2350 1378 2456 1430 τῶν
2488 1377 2810 1446 ἐπιτηδείων
2840 1379 3124 1448 προσιέναι
3150 1382 3263 1441 τοῖς
3284 1380 3423 1431 κατὰ
3448 1379 3609 1431 τόπον
3633 1376 3791 1431 δικά-

2229 1469 2343 1532 ζειν
2380 1467 2625 1538 λαχοῦσι,
2659 1470 2752 1521 καὶ
2777 1468 2851 1539 τῷ
2888 1470 3243 1540 ψηφιζομένῳ
3271 1470 3421 1540 παρά
3450 1470 3547 1539 τῆς
3572 1469 3789 1530 δικαίας

2230 1559 2461 1628 κρίσεως
2484 1561 2780 1629 ἀγαπητῶς
2801 1562 3082 1629 ἐμμένειν,
3112 1562 3197 1613 ῖνα
3242 1561 3335 1613 τοῦ
3367 1562 3460 1614 καὶ
3492 1562 3540 1613 οἱ
3568 1560 3791 1612 πλεονε-

2230 1649 2433 1712 κτικῶς
2454 1667 2506 1701 τι
2559 1653 2879 1719 κατέχοντες
2913 1651 3305 1720 ἀφαιρούμενοι
3335 1652 3428 1703 τοῦ
3460 1648 3791 1718 πλεονεκτή-

2164 1768 2206 1824 B
2236 1756 2401 1808 ματος
2460 1740 2534 1809 μὴ
2595 1739 2767 1809 ἔχοιεν
2808 1740 2949 1793 κατὰ
2999 1741 3093 1794 σοῦ
3138 1742 3449 1808 γογγύζειν,
3498 1742 3590 1792 καὶ
3620 1740 3702 1791 σοὶ
3726 1738 3795 1788 τὸ

2235 1831 2645 1899 περιγινόμενον
2712 1831 2861 1901 παρά
2933 1832 3035 1901 τῆς
3104 1832 3451 1902 δικαιοσύνης
3517 1831 3795 1900 μηδεμίαν

2236 1918 2471 1990 ἐπιφέρῃ
2499 1920 2726 1989 μέμψιν,
2756 1921 2877 1991 μηδ’
2916 1923 3019 1975 ὑπό
3043 1940 3186 1984 τινος
3220 1922 3571 1993 καταὸόησιν.
3606 1918 3798 1973 Ταῦτά

2239 2028 2343 2076 σοι,
2377 2011 2472 2065 καὶ
2504 2012 2665 2066 πάλιν
2697 2014 2861 2083 φημὶ,
2911 2014 3032 2068 λίαν
3076 2016 3395 2086 ἐγράψαμεν
3423 2013 3752 2083 ὀδυνώμενοι
3776 2028 3794 2043 ⁶

2239 2102 2330 2155 καὶ⁸
2354 2102 2471 2154 είτι
2504 2106 2633 2173 περὶ
2660 2106 2862 2174 πατρὸς
2891 2106 3225 2175 δδυνωμένου
3242 2104 3564 2175 φροντίζεις,
3595 2102 3799 2172 μηκέτι

2240 2192 2376 2264 πρὸς
2407 2194 2651 2264 ἀνάγκην
2695 2196 2841 2263 ἡμᾶς
2901 2197 3251 2267 καταστήσῃς
3288 2194 3516 2249 τοιαῦτά
3541 2210 3623 2246 σοι
3659 2190 3802 2261 γρά-

575 2291 715 2341 φειν.
752 2277 1096 2348 Ἐρρωμένον
1123 2295 1181 2330 σε
1232 2282 1259 2332 ό
1288 2280 1490 2349 Κύριος
1529 2280 1923 2349 διαφυλάξοιὲν
1961 2282 2128 2334 πᾶσιν
2160 2280 2469 2354 εὐαρέστως
2534 2282 2684 2353 αύτῷ
2710 2282 3038 2349 διαϐιοῦντα,
3072 2285 3165 2338 καὶ
3206 2283 3307 2353 τῆς
3342 2283 3502 2353 ἡμῶν
3568 2279 3803 2352 μετριό-

572 2384 733 2438 τητος
762 2371 1226 2441 ὀπερευχόμενον.

757 2461 983 2521 CXVIII.
1024 2489 1093 2503 -ά
1120 2463 1276 2517 Petro
1308 2464 1514 2518 Alaniw
1570 2464 1975 2533 archiepiscopo.

649 2553 873 2609 Vincqu
932 2554 1157 2624 spiritus
1208 2554 1528 2624 cenjunctos
1567 2555 1634 2609 ab
1679 2556 1912 2610 invicem
1947 2567 2144 2623 corpo-

2396 2463 2547 2516 PIH'.
2596 2461 2793 2532 Πέτρῳ
2842 2463 3294 2531 ἁρχιεπισκόπῳ
3334 2463 3625 2529 Ἀλανίας.

2308 2553 2419 2605 Οὐκ
2440 2548 2548 2605 οἵδε
2595 2553 2720 2616 τοὺς
2750 2553 3135 2622 πνευματικῶς
3169 2554 3478 2624 ἡνωμένους
3506 2559 3805 2627 σωματικὴ

584 2645 718 2699 ralis
745 2660 852 2699 non
896 2655 1115 2714 separat
1167 2646 1460 2711 distantia;
1502 2656 1555 2700 et
1600 2648 1645 2701 si
1690 2648 1821 2714 quid
1886 2646 2142 2715 paradoxi

2240 2642 2539 2705 ἀπόστασις
2588 2642 2831 2713 ἀλλήλων
2880 2642 3249 2713 διαχωρίζειν,
3289 2644 3428 2709 ἀλλ’,
3484 2647 3689 2715 είιχρή
3745 2664 3807 2699 τι

577 2737 865 2789 dicendum
916 2735 1082 2799 foret,
1111 2734 1430 2790 addereinus
1459 2751 1743 2805 corporum
1789 2736 2142 2806 disjunctione

2240 2736 2334 2786 καὶ
2376 2733 2679 2802 παράδοξον
2738 2734 2902 2802 ἐρεῖν,
2959 2735 2992 2802 ἡ
3046 2734 3155 2786 τῶν
3204 2734 3472 2802 σωμάτων
3524 2735 3809 2801 διάζευξις

577 2826 832 2893 majorem
886 2825 999 2878 licri
1044 2824 1326 2892 spirituum
1384 2824 1817 2887 uoionem,cum
1872 2836 2031 2876 omne
2079 2834 2142 2876 eo

2242 2826 2402 2879 πλέον
2428 2827 2524 2894 τὴν
2548 2826 2739 2879 ἕνωσιν
2767 2824 3158 2893 ἀπεργάζεται,
3184 2826 3330 2897 όλης,
3371 2827 3446 2889 ὡς
3477 2828 3669 2893 είπεῖν,
3696 2827 3809 2896 τῆς

578 2916 761 2968 tendat
804 2914 1041 2969 studium
1074 2954 1089 2979 ,
1138 2924 1195 2967 ut
1225 2913 1528 2967 arctissime
1574 2913 1785 2979 copulet
1833 2913 2047 2966 animos
2093 2925 2142 2977 ei

2243 2918 2482 2985 σχέσεως
2543 2920 2624 2979 είς
2676 2918 2774 2986 τὴν
2824 2916 2933 2969 τῶν
2979 2917 3166 2987 ψυχῶν
3209 2916 3502 2984 συνάφειαν
3545 2916 3810 2986 καθαρῶς

578 3018 864 3072 corporum
921 3003 1202 3057 unitorum
1256 3017 1403 3056 more
1447 3002 1686 3069 separari
1716 3016 1821 3054 non
1848 3001 2138 3070 permittat.

580 3096 732 3159 Quod
782 3097 943 3164 igitur
1005 3093 1323 3162 corporibus
1384 3092 1666 3157 distentus,
1728 3092 1969 3145 animum
2032 3092 2142 3143 noli

580 3189 847 3255 dejicere,
884 3186 991 3237 imo
1024 3194 1198 3237 tecum
1246 3194 1461 3253 reputes
1511 3184 1654 3252 quod
1685 3193 1840 3235 antea
1870 3182 2010 3247 dixi,
2046 3196 2146 3234 nos

578 3277 770 3344 spiritu
800 3276 968 3343 magis
995 3290 1117 3329 esse
1147 3275 1491 3343 conjunctos;
1542 3274 1661 3328 ideo
1708 3274 1803 3326 tibi
1832 3288 1892 3326 ca
1922 3274 2146 3326 tenenda

576 3377 659 3422 est
693 3367 859 3420 animi
907 3366 1181 3420 contentio
1234 3382 1336 3433 qua
1380 3378 1539 3418 rectas
1596 3363 1877 3417 cohibetur
1922 3361 2148 3414 rationis

580 3474 731 3512 lIStlS.
779 3457 882 3510 Pro
914 3456 1117 3509 viribus
1144 3456 1328 3531 obsta,
1358 3455 1451 3524 qui
1496 3456 1700 3508 donum
1741 3454 1908 3506 sancti
1943 3452 2148 3519 recepi-

582 3551 647 3602 sti
697 3548 955 3617 Spiritus,
992 3556 1044 3601 et
1100 3547 1419 3600 sacerdotali
1466 3548 1656 3614 plenus
1697 3545 2052 3598 exsultatione
2084 3542 2149 3595 ad

584 3640 864 3706 pristinam
897 3646 1128 3688 mentem
1165 3645 1418 3690 converte
1467 3635 1724 3705 gaudium
1763 3633 1908 3703 quod
1936 3631 2151 3684 Christo

580 3740 633 3782 et
687 3729 842 3781 nobis
900 3728 1195 3779 humilibus
1232 3718 1370 3794 ejus
1430 3726 1644 3779 ίιιιιιυιίε
1684 3732 1753 3792 ,ιιι
1812 3723 1877 3776 ad
1930 3722 2152 3790 gloriam

582 3829 742 3888 atque
777 3818 1061 3871 utilitatem
1101 3815 1304 3867 factum
1340 3826 1453 3877 est;
1486 3814 1651 3867 animi
1686 3812 1875 3866 deinde
1900 3825 2058 3864 curas
2101 3818 2154 3863 et

584 3910 779 3963 mentis
826 3906 1219 3961 sollicitudines
1292 3906 1447 3973 longe
1522 3903 1761 3969 abjicies.
1848 3901 1998 3970 Smpe
2054 3902 2151 3954 ho-

582 4004 791 4063 mines,
827 4000 1206 4052 terrenulucro
1246 3996 1473 4063 permoti
1520 4008 1731 4063 Inagna,
1762 3994 1950 4047 itinera
2000 3992 2155 4044 insti-

586 4103 762 4156 tuunt,
800 4093 999 4160 quique
1018 4089 1355 4158 parentibus,
1381 4087 1642 4141 uxoribus
1669 4099 1720 4139 et
1748 4086 1931 4138 liberis
1961 4084 2153 4140 orbati.

2174 3039 2214 3093 Β
2246 3005 2690 3075 περιισταμένης,
2746 3007 2837 3058 καὶ
2893 3005 2967 3076 μὴ
3014 3006 3301 3075 ἐθελούσης
3349 3005 3685 3076 μερίζεσθαι,
3714 3002 3812 3068 οἷς

2249 3096 2538 3152 ὑποϐάλλει
2582 3096 2691 3147 τῶν
2741 3098 3006 3165 σωμάτων
3044 3099 3076 3165 ὴ
3116 3098 3328 3158 ἒνωσις.
3358 3098 3433 3149 Οὐ
3464 3097 3640 3149 τοίνυν
3669 3097 3844 3149 ἀθυ-’

2248 3185 2370 3251 μεῖν
2394 3184 2564 3247 ἀξιον.
2596 3184 2676 3237 δτι
2700 3187 2808 3245 τοῖς
2830 3182 3041 3254 σώμασι
3075 3185 3463 3254 διεστήκαμεν,
3498 3186 3631 3239 ἀλλά
3663 3186 3815 3255 μᾶ).-

2246 3270 2335 3325 λον
2358 3272 2536 3339 εἰδὼς,
2566 3274 2700 3340 ὅπερ
2756 3273 2910 3343 ἔφην,
2943 3276 3024 3327 ὃτι
3067 3274 3225 3327 πλέον
3266 3274 3342 3343 τῷ
3375 3274 3643 3344 πνεύματι
3676 3292 3815 3328 συν-

2248 3364 2550 3433 απτόμεθα,
2580 3364 2905 3435 ὑψηλότερος
2928 3365 3089 3432 γενοῦ
3127 3382 3217 3435 μοι
3263 3367 3362 3435 τῆς
3396 3366 3605 3419 ἐκεῖθεν
3644 3382 3817 3435 περι-

2250 3455 2471 3524 σπώσης
2504 3456 2594 3507 τὸν
2627 3456 2885 3525 λογισμὸν
2923 3458 3274 3526 διοχλήσεως,
3306 3458 3524 3527 καὶτῆς
3555 3459 3748 3527 έγκεχε
3762 3477 3818 3510 ι·-

2252 3546 2512 3614 ρισμένης
2543 3538 2625 3599 σοι
2667 3549 2815 3615 παρά
2862 3547 2954 3600 τοῦ
3000 3548 3267 3614 παναγίου
3310 3548 3621 3617 Πνεύματος
3680 3548 3817 3607 ὅλος

2249 3632 2323 3686 ὢν
2360 3634 2655 3703 ἱερωτάτης
2680 3636 3065 3702 ¹ἀγαλλιάσεως
3092 3636 3325 3707 πλήρης,
3358 3639 3582 3706 ἀντέχου
3605 3653 3621 3667 ·
3665 3637 3817 3705 πρὸς

2250 3724 2465 3793 ἐκείνην
2512 3723 2607 3793 τὴν
2661 3723 2837 3794 ψυχὴν
2881 3726 3284 3795 περιστρέφων,
3327 3726 3422 3779 καὶ
3468 3727 3564 3796 τὴν
3595 3727 3819 3778 ἐκεῖθεν

2254 3813 2527 3881 φυομένην
2584 3814 2776 3883 ἡδονὴν
2828 3816 2906 3884 τῷ
2952 3817 3163 3885 Σωτῆρι
3199 3818 3414 3870 πάντων
3449 3817 3667 3886 Χριστῷ
3707 3819 3817 3871 καὶ

2252 3901 2385 3967 ἡμῖν
2420 3902 2531 3963 τοῖς
2587 3906 2886 3965 ταπεινοῖς,
2937 3905 3033 3956 καὶ
3094 3903 3194 3973 τὴν
3233 3906 3316 3955 σοὶ
3369 3906 3814 3973 προσγινομένην

2253 3989 2409 4053 δόξαν
2456 4006 2514 4041 τε
2544 3993 2640 4045 καὶ
2674 3992 2955 4059 ὠφέλειαν,
3006 3992 3179 4045 ὀπίσω
3204 3994 3366 4062 ῥίψας
3412 3994 3509 4061 τήν
3542 3992 3811 4059 ἀθυμίαν,

2256 4081 2350 4129 καὶ
2399 4079 2467 4130 τά
2516 4081 2726 4148 ἐκείνης
2782 4081 2916 4151 ἀηδῆ
2970 4082 3325 4149 ἔνοχλήματα.
3370 4082 3429 4133 EI
3472 4082 3581 4151 γὰρ
3618 4082 3817 4138 ἕνεκεν

586 4201 690 4237 non
724 4184 897 4237 solum
934 4182 1174 4232 animum
1224 4193 1330 4231 non
1361 4178 1677 4239 dimittunt,
1712 4175 1802 4229 sed
1832 4174 2142 4243 quandoque

2257 4168 2445 4234 γηῖνου
2469 4170 2688 4238 κέρδους
2712 4170 2926 4237 μακρὰς
2941 4169 3243 4237 ὁδοιπορίας
3278 4168 3616 4235 στελλόμενοι
3638 4168 3813 4233 τινὲς,

587 4278 829 4329 hilariter
855 4274 1162 4325 distantiam
1191 4288 1217 4323 a
1254 4271 1366 4323 suis
1399 4269 1835 4337 perferunt,quia
1868 4268 2001 4320 lucri
2037 4281 2142 4335 spes

2258 4258 2349 4317 καὶ
2376 4260 2597 4323 γονέων,
2618 4258 2706 4312 καὶ
2730 4259 3005 4325 γυναικὸς,
3041 4260 3135 4311 καὶ
3213 4260 3415 4310 παίδων
3468 4259 3811 4329 ἀποστερού-

585 4366 859 4419 tristitiam
899 4363 1164 4417 convertit
1200 4362 1250 4411 in
1276 4360 1528 4428 gaudium
1565 4374 1579 4423 ;
1612 4359 1739 4426 quid
1788 4372 1881 4411 eos
1911 4358 2142 4423 Cogitare

2258 4362 2431 4414 μενοι,
2456 4347 2513 4396 οὐ
2546 4348 2703 4414 μόνον
2730 4348 2827 4399 οὐκ
2866 4347 3187 4416 ἀθυμοῦσιν,
3223 4348 3358 4399 ἀλλά
3400 4350 3491 4400 καὶ
3526 4351 3817 4418 χαίροντες

588 4458 740 4510 decet
767 4496 781 4519 ,
807 4456 897 4522 qui
931 4461 1135 4505 tantum
1174 4450 1543 4517 adipisruntur
1567 4455 1860 4515 quaestum,
1892 4454 2142 4513 qnantum

2253 4436 2424 4487 ἐνίοτε
2466 4437 2816 4506 ἀναδέχονται
2862 4438 2959 4506 τὴν
2989 4440 3293 4502 διάστασιν,
3330 4438 3425 4507 τῆς
3458 4442 3521 4491 ἐκ
3550 4439 3643 4490 τοῦ
3678 4440 3815 4508 κέρ-

591 4550 689 4617 ipsi
725 4548 895 4615 angeli
934 4541 1272 4597 desiderent?
1318 4541 1467 4603 Quod
1509 4540 1551 4591 si
1585 4548 1776 4591 memet
1816 4536 2025 4589 videndi
2062 4550 2142 4588 cu-

2251 4528 2372 4588 δους
2390 4526 2597 4606 ἐλπίδος
2614 4528 2670 4578 τὸ
2693 4529 2901 4598 χαίρειν
2919 4531 3036 4580 ἀντὶ
3062 4528 3151 4579 τοῦ
3170 4529 3396 4595 ἀθυμεῖν
3422 4529 3814 4598 χαριζομένης,

592 4616 750 4709 pidus
779 4640 854 4691 sis
902 4645 953 4687 et
985 4635 1188 4686 fervido
1248 4631 1450 4683 visendi
1482 4629 1749 4682 desiderio
1798 4627 1983 4695 ﬂagret
2034 4626 2142 4678 ani-

2250 4621 2302 4671 τί
2332 4620 2408 4670 δεῖ
2436 4622 2649 4687 φρονεῖν
2680 4623 2803 4681 τοὺς
2831 4616 2941 4672 οἷον
2968 4620 3255 4687 μέλλοντας
3298 4623 3603 4688 κερδαίνειν
3639 4621 3673 4673 ἀ
3716 4625 3817 4673 καὶ

597 4750 715 4787 mus
742 4770 755 4795 ,
788 4740 838 4783 et
867 4727 1129 4796 imprimis
1182 4726 1225 4777 si
1268 4726 1366 4775 hoc
1420 4723 1548 4775 utile
1588 4723 1739 4773 nobis
1778 4720 1973 4781 fuerit,
2021 4730 2153 4769 con-

594 4824 747 4875 cedat
792 4819 1101 4871 misericors
1154 4813 1446 4875 Dominus;
1502 4813 1583 4864 sin
1644 4810 2002 4878 possessionis
2029 4823 2157 4874 gau-

594 4917 742 4976 dium
772 4919 992 4967 resecet,
1024 4920 1184 4973 atque
1214 4906 1360 4957 aliud
1400 4904 1596 4956 tribuat
1628 4902 1815 4954 melius
1837 4940 1851 4965 ,
1894 4901 2035 4953 illius
2061 4912 2158 4952 nos

596 5004 1037 5058 commendamus
1083 4996 1432 5062 benignitati,
1477 5010 1637 5063 quam
1693 5010 1788 5045 nec
1828 5002 2036 5059 tempus
2070 5005 2156 5043 sc-

598 5106 793 5165 parat,
843 5110 939 5145 nec
984 5092 1168 5151 locus,
1222 5104 1317 5139 nec
1378 5087 1480 5139 alia
1528 5100 1706 5138 rerum
1752 5083 2007 5143 conditio,
2051 5084 2157 5133 imo

602 5180 1061 5243 immarccssibilis
1085 5176 1528 5244 exspectantibus
1584 5181 1889 5225 reservatur
1954 5169 2153 5221 Iaztitia.

601 5276 751 5330 Adsit
788 5274 877 5326 tibi
908 5311 921 5334 ,
956 5272 1025 5321 mi
1058 5270 1125 5319 lili
1151 5309 1164 5331 ,
1208 5266 1364 5318 Pater
1412 5265 1673 5330 benignus
1717 5272 1767 5313 et
1811 5260 1950 5312 Deus
1983 5267 2162 5310 noster

602 5372 889 5433 perpetuo;
925 5371 971 5412 te
1002 5368 1280 5419 sustentet,
1309 5356 1398 5425 qui
1419 5354 1692 5422 cvangelio
1718 5352 1832 5419 ejus
1867 5348 2159 5407 inservias;

604 5468 715 5519 ipse
750 5451 939 5502 liberet
1001 5458 1048 5499 te
1098 5447 1327 5499 II'IbIIlIJ.‘
1366 5446 1599 5497 tenebris
1636 5454 1688 5493 ct
1737 5436 2156 5505 inexstinguibili

603 5554 771 5597 donet
806 5542 1100 5595 hilaritate.

2250 4709 2497 4774 ἀγγέλοις
2526 4710 2601 4769 είς
2628 4710 2941 4777 ἐπιθυμίαν,
2964 4712 3055 4762 καὶ
3088 4712 3251 4779 μόνης
3269 4711 3589 4765 καθίσταται
3628 4732 3776 4782 παρα
3796 4742 3819 4756 ο

2253 4798 2502 4865 κύψεως;
2555 4797 2691 4850 Ἀλλ’
2724 4800 2867 4860 εἰκὸς
2922 4800 3319 4868 ἐνθυμούμενον
3358 4801 3417 4852 τὸ
3454 4804 3527 4870 μὴ
3560 4802 3636 4854 ἔτι
3669 4804 3813 4873 πρὸς

2256 4887 2380 4938 θέαν
2411 4889 2745 4955 καταστῆναι
2778 4888 3048 4955 ἀλλήλοις,
3106 4890 3412 4940 κεντεῖσθαι
3440 4894 3535 4958 τὴν
3568 4892 3803 4958 καρδίαν

2259 4977 2360 5029 ὑπὸ
2392 4977 2483 5029 τοῦ
2520 4978 2719 5046 θερμοῦ
2769 4980 2901 5047 πρὸς
2951 4981 3094 5046 ἡμᾶς
3140 4980 3324 5041 πόθου,
3357 4980 3587 5047 μάλιστα
3618 4983 3720 5048 μὲν
3762 4983 3812 5033 εἰ

2259 5072 2351 5121 καί
2390 5069 2546 5120 τοῦτο
2580 5069 2867 5137 συμφέροι,
2915 5070 3137 5136 παρέξει
3170 5070 3196 5119 ό
3234 5070 3452 5135 ἀγαθός.
3490 5072 3547 5121 Ei
3589 5070 3642 5119 δὲ
3679 5071 3817 5123 ὑπο-

2258 5163 2502 5228 τεμείται
2547 5160 2643 5229 τὴν
2689 5161 2942 5229 τοιαύτην
2970 5162 3283 5222 ἀπόλαυσιν,
3324 5160 3437 5210 ἀλλ’
3462 5161 3580 5211 ἀντὶ
3606 5162 3815 5227 ταύτης

2260 5256 2551 5321 χαριεῖται,
2585 5255 2925 5319 πεποίθαμεν
2979 5257 3046 5322 τῇ
3095 5256 3301 5306 ἐκείνου
3348 5254 3677 5321 χρηστότητι
3714 5258 3816 5322 τὴν

2261 5344 2487 5411 ἀμείνω,
2545 5346 2609 5411 ἢν
2662 5344 2782 5396 οὔτε
2836 5346 3021 5413 χρόνος
3063 5346 3359 5412 διατέμνει,
3405 5345 3464 5396 οὐ
3496 5344 3679 5405 τόπος,
3712 5348 3814 5396 οὐκ

2259 5437 2392 5504 ἄλλη
2426 5454 2505 5495 τις
2561 5438 2876 5505 περίστασις
2917 5439 3131 5501 ἔξωθεν,
3170 5439 3283 5489 ἀλλ’
3331 5438 3416 5489 ἀεὶ
3476 5436 3814 5503 παραμένειν

2259 5531 2368 5589 τοῖς
2437 5528 2684 5581 συνοῦσιν
2726 5532 3037 5600 ἀμάραντον
3080 5531 3427 5599 παρεχομένη
3461 5532 3555 5598 τὴν
3587 5530 3809 5597 ἡδονήν.

619 5640 671 5692 Ὀ
716 5641 769 5691 δὲ
815 5636 1193 5705 φιλάνθρωπος
1242 5633 1397 5702 ἡμῶν
1447 5630 1629 5698 Πατὴρ
1682 5629 1771 5680 καὶ
1802 5627 1946 5697 ,Θεὸς
2016 5624 2199 5689 αὐτὸς,
2239 5625 2428 5675 τέκνον
2460 5624 2634 5691 ἡμῶν,
2693 5624 2865 5676 συνὼν
2937 5626 3275 5685 donantur;
3318 5628 3401 5695 εἴη
3436 5626 3527 5675 καὶ
3564 5638 3809 5675 σνναντι·
