4074 6452
640 371 747 433 343

1761 372 2067 434 NICOLAI
2107 376 2216 436 (ΣΡ.
2261 379 2763 439 PATRIAIiCHxE

3645 9 4031 88 Tum

3764 377 3863 441 344

643 499 691 533 m
704 497 794 534 ns:
816 479 976 534 modo
993 480 1133 535 cuitu
1155 480 1217 532 ad
1237 481 1553 548 angelorum
1580 483 1924 539 ascendimus
1941 486 2208 550 ordinem,

2337 488 2599 552 ύλαδείας
2631 489 2816 544 ἱκανόν
2844 491 2960 542 ἐστι
2994 487 3175 543 πίστιν
3225 487 3493 542 ἑπιθεῖναι
3531 489 3645 553 τοῖς
3670 487 3864 557 λόγοις,

644 571 804 624 modo
853 571 917 624 ad
960 572 1225 640 impuram
1263 572 1647 628 descendimus
1677 573 2068 630 daemoniorum
2113 589 2203 630 (θαι

644 673 868 714 tcrvam.
921 661 1009 715 llas
1064 662 1369 716 mortalium
1421 673 1552 718 sunt
1597 664 1846 730 miserim,
1888 666 1940 720 in
1985 666 2208 736 quibus,

647 766 791 805 nunc
844 752 994 805 inviti
1041 754 1357 808 carnalibus
1415 753 1746 811 inservimus
1794 757 2209 826 cupiditatibus,

652 855 796 892 nunc
827 840 1069 896 volentes
1103 843 1286 898 cordis
1311 843 1550 900 stimulis
1577 846 1866 914 agitamur.
1895 845 1974 901 Tu
2007 857 2210 913 autem,

647 945 680 980 ι)
730 931 892 984 homo
937 930 1055 996 Dei,
1099 933 1143 986 si
1171 931 1464 1001 judicium,
1507 935 1648 1004 quod
1682 935 1749 990 de
1783 935 1899 990 viro
1937 937 2216 1002 enunties,

2316 583 2486 652 χωρὶς
2526 581 2624 650 τῆς
2671 580 2779 633 τῶν
2811 581 3149 649 πραγμάτων
3198 579 3608 648 συνομολογίας.
3652 578 3714 631 Et
3763 578 3868 649 γὰρ

2319 670 2508 734 ἀπλῶς
2561 670 2628 722 τὰ
2671 662 2786 722 ὦτα
2831 672 2945 732 τοῖς
2997 668 3244 731 ἐπαίνοις
3272 667 3369 722 καὶ
3407 668 3531 731 ταῖς
3584 665 3871 735 λοιδορίαις

2320 761 2676 830 διανοίξομεν,
2730 759 2968 830 λήσομεν
3032 760 3278 822 ἑαυτοὺς,
3343 757 3392 810 εί
3453 756 3529 826 μὴ
3574 755 3635 808 τὸ
3678 757 3874 807 obuios

2320 851 2682 923 προσίσταται
2725 850 2984 934 συνειδὸς,
3036 849 3173 920 μηδὲ
3206 847 3435 934 ἑαυτοὺς
3489 844 3871 915 γινώσκοντες.

2330 940 2492 993 Ἀλλά
2547 939 2645 993 νῦν
2698 927 2795 1008 μὶν
2842 941 2922 1002 είς
2979 938 3078 1008 τὴν
3124 937 3237 991 τῶν
3288 927 3540 1014 ἀγγέλων
3587 935 3877 1004 ἀνάγοντες

647 1036 771 1074 cum
807 1022 1137 1078 conscientia
1171 1033 1262 1078 tua
1295 1028 1572 1097 congruit,
1606 1027 1908 1098 periculum
1940 1037 2023 1081 est
2061 1042 2130 1081 ne
2169 1037 2222 1082 te

2337 1032 2546 1094 εαυτοὺς
2573 1030 2744 1096 τάξιν,
2774 1029 2870 1084 νῦν
2917 1029 2976 1083 δὲ
3007 1030 3143 1095 πρὸς
3179 1027 3279 1093 τὴν
3320 1026 3529 1098 μιαρῶν
3578 1025 3870 1095 δαιμονίων

650 1124 700 1166 σει
739 1113 875 1168 alios
909 1114 1184 1184 decipias;
1237 1116 1374 1171 adde
1409 1117 1556 1187 quod
1596 1117 1860 1188 judicium
1890 1119 2135 1173 divinum
2171 1129 2222 1173 te

2337 1121 2801 1186 ιαταδιὸἀζοντες.
2833 1120 3070 1175 Τοιαῦτα
3104 1122 3220 1172 ἐστι
3269 1119 3337 1172 τὰ
3364 1117 3559 1188 οίκτρά
3599 1116 3708 1170 τῶν
3767 1115 3867 1169 ἀν-
3957 1145 3960 1151 ι

651 1216 853 1261 manet.

648 1295 741 1347 τοῦ
821 1297 1084 1366 σαρκικοῦ
1131 1299 1503 1368 φρονήματος,

2323 1212 2567 1284 θρὼπων
2596 1214 2743 1282 οῐμοι
2786 1213 2904 1276 πῶς
2949 1211 3088 1266 εἴπω
3125 1209 3235 1264 εἴτε
3284 1206 3733 1279 ἀκουσίωςήμῶν
3778 1205 3876 1261 ὑπὸ

1581 1298 1682 1352 εἴθ’
1753 1301 2025 1363 ἑκουσίως
2096 1301 2613 1372 καταδουλουμένων
2699 1303 2795 1355 καὶ
2869 1302 3220 1374 φρονήματος
3288 1297 3381 1351 καὶ
3449 1297 3881 1367 σπουδάσματος.

661 1388 821 1442 Ἀλλὰ
867 1390 928 1443 σύ
993 1407 1080 1458 γε,
1109 1385 1154 1444 ὧ
1192 1393 1456 1462 ἄνθρωπε.
1495 1393 1586 1445 τοῦ
1620 1393 1777 1458 Θεοῦ,
1831 1394 1989 1463 είπερ
2051 1394 2239 1449 ἄλλοτέ
2277 1411 2412 1450 ποτε
2457 1396 2554 1450 νῦν
2619 1397 2700 1466 τῷ
2727 1398 2947 1469 ἀκριϐεῖ
2992 1398 3262 1470 κριτηρίῳ
3327 1385 3430 1468 τῆς
3471 1393 3570 1466 σῆς
3615 1391 3883 1452 συνέσεως

649 1481 746 1547 τὴν
779 1481 904 1550 περὶ
936 1481 1030 1534 τοῦ
1067 1482 1256 1553 ἀνδρὸς
1295 1481 1706 1553 ἀμφισϐήτησιν
1753 1484 2063 1554 διαιτήσεις,
2117 1486 2215 1540 καὶ
2251 1487 2399 1556 ἡμᾶς
2435 1487 2529 1540 καὶ
2562 1488 2785 1541 σεαυτὸν
2854 1487 3158 1552 ἀπαλλάξαι
3222 1487 3384 1560 τυχὸν
3418 1485 3516 1557 μὲν
3543 1481 3884 1555 ἀνθρωπίνου

653 1570 866 1641 μώμου,
900 1571 1060 1641 τυχὸν
1100 1572 1156 1624 δὲ
1192 1573 1286 1627 καὶ
1316 1573 1502 1627 θεῖκοῦ
1532 1573 1948 1644 κατακρίματος
1971 1575 2329 1646 προνοὴθητι.
3191 1581 3202 1588 ’

1208 1687 1420 1745 CXXV.
1472 1688 1702 1744 Incerto.

2890 1689 3063 1747 PKL‘.
3103 1689 3342 1764 Ἀδτμφ.

725 1803 856 1869 Quae
879 1812 934 1858 et
965 1812 1170 1873 quanta
1212 1809 1450 1856 vestram
1486 1801 1783 1871 piissimam
1814 1802 2051 1857 animam
2088 1804 2224 1860 allii—

2400 1804 2516 1858 Οὐκ
2549 1803 2852 1879 ἀγνοοῦμεν
2881 1807 2982 1860 ὅσα
3008 1807 3108 1875 τὴν
3142 1805 3296 1878 ὐμῶν
3329 1804 3554 1877 θεοφιλῆ
3602 1803 3889 1876 συνέχοντα

653 1904 803 1962 gaut,
849 1895 992 1949 haud
1036 1895 1372 1964 ignoramus.
1414 1892 1517 1948 Sed
1560 1892 1688 1962 quid
1721 1892 2030 1948 faciendum
2077 1895 2222 1950 aliud

654 2001 816 2053 quam
856 1985 1122 2054 patienter
1150 1985 1293 2041 ferre
1328 1994 1382 2039 et
1406 1987 1708 2055 prudenter.
1731 1988 1962 2057 tempori
1995 1989 2226 2044 cedere?

655 2082 884 2146 Quando
906 2082 1050 2136 enim
1068 2097 1190 2136 cum
1216 2085 1380 2137 rebus
1400 2082 1704 2139 dimcilibus
1729 2084 1988 2155 temporis
2009 2099 2228 2154 quoque

653 2169 996 2224 diliicultates
1035 2171 1364 2242 junguntur,
1404 2173 1553 2228 nulla
1595 2175 1806 2230 ratione
1846 2189 2035 2245 pacem
2076 2190 2228 2230 com-

657 2276 859 2330 pones;
909 2278 1030 2332 quae
1073 2265 1259 2319 omnia
1308 2279 1336 2318 a
1389 2266 1662 2335 principio
1707 2267 1774 2322 ad
1822 2275 2010 2325 nostra
2057 2283 2230 2338 usque

657 2366 901 2422 tempora
932 2355 1134 2410 videris
1154 2357 1208 2410 itt
1233 2372 1414 2411 rerum
1431 2358 1902 2416 administratione
1929 2375 2229 2416 occurren-

657 2444 752 2498 tia.
791 2444 866 2497 Ita
892 2455 945 2499 et
970 2455 1052 2512 tu,
1093 2449 1165 2501 mi
1201 2448 1298 2512 fili,
1330 2448 1634 2504 obediendo
1662 2451 1940 2505 communi
1968 2460 2024 2506 et
2056 2466 2228 2507 sacu-

659 2536 754 2589 lari
792 2535 991 2599 ordini,
1024 2547 1287 2593 eventura
1320 2540 1592 2609 patienter
1623 2542 1889 2610 perferas,
1924 2557 1989 2598 ea
2019 2544 2231 2599 scilicet

658 2647 780 2699 qua:
816 2639 992 2686 astuta
1020 2633 1283 2702 temporis
1316 2634 1523 2689 malitia
1542 2635 1732 2705 gignit.
1769 2634 1978 2706 Itaque,
2017 2634 2233 2692 favente

660 2723 791 2789 Deo,
825 2724 972 2778 brevi
1007 2732 1272 2793 tempore,
1307 2739 1418 2793 quo
1444 2725 1558 2779 fleri
1586 2733 1764 2794 potest
1796 2725 1958 2781 modo
1990 2725 2081 2780 illa
2107 2740 2232 2781 cor-

659 2815 802 2883 riges
835 2832 849 2868 :
877 2827 1269 2886 praeposteram
1299 2830 1431 2870 vero
1462 2815 1603 2870 haud
1631 2817 1900 2885 suscipias
1930 2818 2231 2873 correctio-

660 2923 806 2970 nem,
838 2917 1059 2976 pr0pter
1088 2907 1377 2961 conamina
1425 2918 1480 2962 et
1510 2908 1946 2964 machinationes
1988 2909 2231 2973 illorum,

660 2997 750 3066 qui
778 2998 1035 3051 malitiam
1061 3006 1340 3065 sectantur
1360 3014 1427 3053 ne
1446 2998 1541 3052 tibi
1567 2999 1850 3053 molestias
1868 3014 2153 3070 compares
2182 3008 2234 3054 et

662 3090 824 3144 rebus
860 3090 913 3143 in
942 3090 1183 3144 deterius
1212 3089 1451 3144 abeundi
1507 3105 1696 3144 ansam
1739 3091 2004 3162 praebeas.
2037 3090 2114 3146 De
2151 3091 2234 3146 his

664 3181 727 3231 ad
782 3190 832 3233 te
883 3179 1176 3235 scribimus
1221 3182 1491 3242 materiis.
1541 3181 1876 3249 experientia
1925 3181 2126 3242 edocti.
2176 3191 2238 3236 ut

663 3268 911 3338 quaedam
944 3273 1130 3325 animo
1161 3279 1254 3324 tuo
1279 3269 1676 3326 consideranda
1705 3271 2110 3325 ministremus.
2142 3270 2240 3324 Dat

661 3375 841 3418 autem
874 3363 1020 3418 Deus
1066 3378 1248 3416 rerum
1297 3363 1350 3416 in
1401 3361 1598 3416 melius
1643 3362 2077 3422 conversionem.
2121 3376 2240 3431 qua:

665 3464 717 3506 te
749 3467 777 3505 a
811 3452 1091 3507 doloribus
1117 3451 1314 3506 liberet
1345 3461 1397 3505 et
1425 3451 1557 3520 ipsis
1588 3461 1855 3518 congruat
1881 3449 2150 3504 consiliis.

2327 1896 2500 1951 θλίϐει
2536 1896 2732 1968 ψυχήν.
2791 1897 2953 1953 Ἀλλά
2986 1899 3042 1952 τί
3096 1899 3179 1953 δεῖ
3230 1895 3494 1970 ποιεῖν,ἢ
3539 1899 3738 1969 πράως
3790 1897 3890 1966 φι.

2329 2005 2466 2058 ρειν,
2499 1990 2593 2042 καὶ
2615 1990 2737 2042 ὅσον
2762 1988 2988 2046 δυνατὸν
3009 1991 3288 2060 φρονίμως
3311 1991 3423 2054 τοῖς
3446 1991 3735 2061 πράγμασι
3759 2008 3888 2044 συν-

2328 2079 2712 2150 αρμόζεσθαις
2750 2082 2922 2138 Ὅταν
2965 2081 3080 2152 γὰρ
3151 2084 3451 2155 πράγματα
3502 2084 3713 2154 χαλεπά
3765 2083 3892 2136 ὅντα

2329 2171 2426 2224 καὶ
2455 2170 2556 2242 τὴν
2579 2171 2676 2224 τοῦ
2705 2171 2899 2242 καιροῦ
2929 2173 3307 2246 προσλάῶιται
3353 2175 3720 2243 χαλεπότητα,
3752 2175 3895 2244 ἀμή-

2331 2277 2492 2330 χανον
2521 2259 2582 2325 ιξ
2607 2261 2826 2331 ἑτοίμου
2852 2262 3188 2318 κατάστασιν
3231 2264 3372 2317 αὐτὰ
3404 2263 3754 2333 προσλαϐεῖν.
3784 2265 3892 2318 Καὶ

2331 2350 2490 2405 τοῦτο
2526 2353 2657 2416 ἴδοις
2683 2351 2750 2413 ἂν
2788 2353 2994 2408 ἀνωθεν
3028 2353 3122 2408 καὶ
3171 2355 3232 2420 ἐξ
3272 2355 3443 2426 ἀρχῆς
3486 2356 3580 2408 sta;
3614 2355 3781 2425 μέχρι
3803 2355 3894 2408 τοῦ

2335 2443 2430 2498 νῦν
2485 2443 2589 2516 6δῴ
2629 2444 2959 2500 καταϐαῖνον
2994 2448 3052 2500 ὲν
3105 2450 3226 2512 ταῖς
3271 2449 3570 2517 διοικήσεσι
3623 2448 3733 2503 ⁸.·ἷ›ν
3761 2466 3896 2520 πραο

2332 2535 2557 2605 γμάτων
2586 2532 3069 2604 γινόμενονᾼὪστε
3101 2539 3300 2604 καὶσὺ,
3338 2537 3530 2592 τέκνον
3562 2538 3897 2608 ἡμῶνιπει-

2334 2626 2561 2696 θόμενος
2595 2628 2658 2695 τῇ
2707 2629 2858 2697 κοινῇ
2908 2629 3007 2681 καὶ
3047 2632 3288 2699 κοσμικῇ
3337 2629 3510 2696 τάξει,
3562 2631 3755 2700 πράως
3803 2630 3898 2682 καὶ

2337 2715 2716 2787 μακροθύμως
2743 2719 3006 2789 καρτόρει
3044 2720 3114 2773 τὰ
3155 2722 3561 2790 συμπίπτοντα,
3613 2721 3818 2791 μᾶλλον
3841 2720 3897 2774 δὲ

2331 2810 2433 2862 ὅσα
2463 2809 2496 2879 ἡ
2525 2809 2874 2880 προλαϐοῦσα
2902 2811 2996 2864 τοῦ
3027 2811 3218 2881 χρόνου
3244 2813 3411 2866 κακία
3443 2812 3630 2878 κακῶς
3658 2811 3893 2882 διέθηκει

2335 2902 2429 2953 καὶ
2477 2900 2576 2954 σὺν
2612 2899 2733 2972 Θεῷ
2767 2902 2906 2956 κατὰ
2962 2901 3134 2974 βραχὺ
3181 2903 3271 2956 τὸν
3317 2903 3541 2957 δυνατὸν
3593 2903 3900 2973 ἀπανόρθου

2334 2993 2538 3062 τρόπον
2569 2993 2732 3057 αὐτὰ,
2761 2994 2856 3046 καὶ
2893 2993 2966 3064 μὴ
3009 2993 3204 3064 ἀθρόον
3240 2993 3561 3065 βουλόμενος
3603 2994 3704 3065 τὴν
3733 2995 3899 3048 ἐπαν-

2338 3084 2571 3154 όρθωσιν
2645 3083 2850 3148 δοῦναι,
2899 3085 3004 3138 ὑπὸ
3052 3087 3153 3152 τῆς
3205 3084 3590 3156 ἀντικειμένης
3635 3086 3746 3140 τῶν
3805 3085 3901 3156 τὴν

2291 3178 2309 3200 ‘
2342 3175 2608 3248 πονηρίαν
2649 3175 2946 3244 φιλούντων
3003 3175 3237 3246 σπουδῆς
3275 3193 3332 3230 τε
3359 3169 3456 3230 καὶ
3495 3176 3768 3248 μηχανῆς,
3809 3181 3904 3231 καὶ

2340 3268 2551 3339 σεαυτῷ
2599 3269 2776 3331 λύπας
2818 3269 3107 3338 προξενῇς,
3134 3268 3229 3322 καὶ
3267 3272 3380 3333 τοῖς
3414 3270 3739 3340 πράγμασιν
3782 3270 3904 3325 ἀντὶ

2339 3359 2611 3429 ὠφελείας
2638 3358 2892 3428 ἀφορμὴν
2924 3358 3169 3428 παρέχῃς
3199 3358 3291 3410 ἐπὶ
3322 3359 3391 3411 τὰ
3418 3361 3588 3430 χείρω
3619 3359 3891 3431 προϊέναι.

2351 3449 2513 3504 Ἀλλὰ
2569 3449 2741 3502 ταῦτα
2793 3447 3074 3518 γράφομεν
3131 3447 3192 3511 ἐξ
3239 3440 3314 3501 ὧν
3359 3459 3455 3501 και
3502 3450 3664 3518 ἡμεῖς
3703 3451 3898 3520 πεῖραν

663 3547 1016 3616 λαμσάνομεν
1071 3548 1170 3617 τὴν
1247 3547 1347 3618 σὴν
1413 3546 1927 3616 ὑπομιμνήσκοντες
1997 3545 2232 3598 σύνεσιν.
2279 3547 2409 3614 Δοίη
2443 3545 2499 3598 δὲ
2566 3544 2698 3606 Θεὸς
2733 3543 2827 3596 ἐπὶ
2867 3543 2928 3595 τὸ
2959 3543 3182 3612 ἄμεινον
3215 3543 3392 3596 πάντα
3463 3541 3905 3613 μετασκευασθῖγι

667 3657 774 3701 ναι,
805 3639 899 3692 καὶ
937 3639 1012 3702 ὡς
1043 3639 1109 3694 ἂν
1219 3639 1301 3692 σοί
1359 3655 1415 3691 τε
1465 3639 1670 3694 ἄλυπον
1708 3637 1800 3688 καὶ
1855 3640 1966 3702 τοῖς
2015 3640 2224 3694 ικείνου
2266 3641 2559 3711 εὐάρεστον
2585 3637 2869 3708 κρίμασιν.

666 3749 902 3810 CXXVI.
943 3751 1192 3826 lgttalio,
1245 3753 1363 3820 qui,
1396 3753 1660 3826 ‘magister
1705 3753 1902 3826 fa_ctus,
1947 3755 2002 3808 in
2051 3753 2244 3826 Magno

1005 3823 1147 3892 Agro
1180 3821 1526 3874 monasticam
1551 3824 1709 3875 vitam
1735 3823 1895 3893 degit.

740 3957 805 4012 Et
848 3971 993 4010 nunc
1040 3968 1095 4010 et
1136 3957 1290 4024 prius
1340 3970 1592 4025 magnam
1643 3972 1857 4025 semper
1904 3960 2244 4028 percepimus

2417 3754 2608 3822 PKQ”.
2647 3752 2914 3824 ἰγνατΙῳ
2937 3753 3248 3824 μςιγίστρῳ
3265 3753 3553 3824 γεγόνοτι,
3571 3714 3907 3824 perdomitis

2728 3823 2796 3877 δὲ
2830 3824 2900 3876 ἐν
2939 3822 3018 3888 τῷ
3055 3823 3522 3894 Μεγάλῳᾌτρῷ.

2417 3951 2526 4009 Κάι
2571 3956 2666 4016 νῦν
2693 3956 2786 4008 καὶ
2821 3956 3085 4026 πρότερον
3119 3957 3365 4027 μεγάλην
3400 3957 3699 4028 εὑρηκότες
3727 3958 3903 4027 παρά-

667 4050 1100 4105 consolationem
1144 4065 1208 4102 ex
1241 4047 1461 4112 litteris,
1490 4063 1628 4114 quas
1660 4048 1725 4101 ad
1767 4065 1865 4103 nos
1892 4059 2234 4118 peccatorum

2347 4048 2540 4117 κλησιν
2579 4050 2644 4099 εκ
2669 4047 2779 4099 τῶν
2804 4047 3147 4117 γραμμάτων
3179 4049 3279 4119 τῆς
3313 4047 3468 4119 ὑμῶν
3498 4050 3778 4118 ὁσιότητος
3801 4050 3908 4103 τῶν

669 4125 831 4198 causa
864 4142 1150 4196 tribulatos
1188 4139 1492 4195 reverentia
1521 4150 1696 4191 vestra
1729 4139 1898 4204 misit,
1928 4149 1981 4194 et
2006 4140 2116 4195 Deo
2140 4141 2234 4195 bo-

2345 4138 2433 4191 διά
2452 4139 2551 4200 τὰς
2579 4139 2852 4208 ἁμαρτίας
2887 4139 3044 4208 ἡμῶν
3103 4141 3439 4208 συνεχόντων
3489 4141 3660 4210 ἡμᾶς,
3693 4141 3908 4211 εὐχαρι-

666 4251 863 4291 norum
897 4237 1142 4289 omnium
1170 4234 1348 4287 datori
1385 4233 1589 4300 gratias
1624 4230 1932 4296 referimus,
1961 4234 2106 4301 quod
2148 4239 2234 4288 ve-

2349 4227 2506 4280 στίαν
2539 4229 2617 4294 τῷ
2654 4229 2837 4297 δοτῆρι
2881 4229 2988 4282 τῶν
3013 4229 3233 4296 ἀγαθῶν
3259 4229 3378 4298 Θεῷ
3405 4230 3818 4302 ἀνεπέμψαμεν,
3853 4231 3908 4295 δς

670 4342 826 4388 ram,
878 4326 1150 4380 sinceram
1206 4329 1261 4375 et
1307 4319 1648 4388 spiritualem
1701 4317 2022 4374 charitatem
2083 4319 2234 4374 nobis

2351 4321 2448 4391 τὴν
2471 4321 2688 4390 ἀληθῶς
2714 4321 2982 4392 εἱλικρινῆ
3015 4324 3109 4375 καὶ
3140 4324 3521 4393 πνευματικὴν
3549 4325 3769 4392 ἀγάπην
3798 4323 3907 4377 δια⁹

669 4418 985 4473 servaverit.
1037 4415 1296 4468 Homines
1341 4411 1487 4466 enim
1545 4411 1658 4466 fere
1724 4427 1916 4465 omnes
1960 4413 2234 4480 promissis

2353 4416 2653 4483 τετήρηκεν
2693 4416 2849 4483 ἡμῖν,
2893 4413 3079 4483 σχεδὸν
3118 4414 3336 4467 πάντων
3359 4416 3472 4468 ὅσοι
3507 4415 3711 4485 ταύτην
3738 4417 3907 4488 ἐπηγ-

669 4460 985 4473 senm-.."
1038 4460 1296 4468 --ν......--
1545 4460 1656 4466 η--
1730 4460 1914 4465 ..------_
1963 4460 2234 4480 r---_-_-~__

668 4511 783 4566 suis
827 4523 935 4563 non
989 4514 1280 4562 steterunt.
1320 4503 1475 4568 Quod
1509 4518 1637 4556 vero
1676 4502 1788 4571 jam
1827 4503 1959 4565 dixi,
2007 4504 2234 4573 teipsum

2353 4460 2607 4572 γέ).λδντο
2818 4460 2962 4574 ἡμᾶέ
2998 4507 3416 4576 κεκτῆσθαιτῆς
3469 4460 3906 4562 αύτῶνιέπιλάνο

669 4600 1012 4656 conservavit
1037 4599 1196 4652 nobis
1222 4597 1389 4660 Deus,
1423 4595 1517 4662 qui
1555 4606 1605 4648 et
1630 4593 2043 4664 perfectissimae
2072 4596 2246 4649 virtu-

670 4695 740 4749 tis
769 4691 1050 4761 exemplar
1081 4688 1388 4759 proposuit,
1426 4687 1587 4741 nobis
1628 4696 1813 4740 autem
1860 4701 2116 4755 magnum
2148 4688 2248 4740 tri-

671 4787 788 4839 buit
823 4785 1077 4839 solatium
1124 4784 1178 4836 in
1217 4781 1303 4836 his
1336 4796 1519 4836 rerum
1572 4781 1864 4850 angustiis.
1911 4782 2045 4846 Quae
2077 4797 2240 4850 porro

668 4878 734 4930 de
788 4875 1028 4931 Ecclesia
1085 4874 1176 4927 Dei
1219 4881 1570 4949 peramanter
1613 4872 1826 4935 tribuit,
1876 4874 2146 4942 sagaciter
2194 4883 2247 4927 et

669 4968 942 5036 .-leganter
973 4979 1391 5026 commemoras,
1419 4963 1536 5017 hac
1568 4963 1706 5017 scito
1737 4964 1897 5017 nobis
1921 4963 2244 5031 jamdudum

668 5061 722 5112 in
754 5059 893 5112 votis
920 5068 972 5112 et
1000 5058 1053 5111 in
1087 5057 1280 5125 emptis
1305 5071 1462 5120 esse;
1495 5065 1890 5121 verumtamen,
1920 5055 2007 5107 hic
2033 5069 2249 5124 quoque

675 5161 863 5202 contra
914 5166 996 5203 me
1031 5150 1324 5217 insurgunt
1364 5161 1582 5217 semper
1617 5155 1863 5214 peccata,
1903 5155 1958 5199 et
1988 5161 2016 5198 a
2052 5161 2249 5214 propo-

671 5243 776 5294 εἱιο
808 5243 1150 5296 aberramus.
1187 5240 1288 5305 Qui
1327 5240 1473 5293 enim
1510 5240 1562 5291 in
1596 5238 1896 5292 Ecclesiam
1933 5237 2024 5290 Dei
2055 5252 2246 5306 pecca-

671 5341 887 5396 verunt,
917 5331 1114 5384 nedum
1152 5330 1428 5400 propriam
1455 5329 1686 5383 deﬂeant
1716 5327 1994 5381 miseriam
2040 5335 2093 5380 et
2128 5341 2244 5379 nta-

675 5427 849 5477 lorttm
895 5423 1318 5492 profunditatem
1369 5421 1609 5476 sentiant
1656 5419 1725 5472 ob
1775 5417 2069 5473 Ecclesiam
2110 5417 2248 5470 male

675 5515 966 5583 proditam,
1010 5514 1221 5583 seipsos
1249 5514 1428 5582 potius
1457 5521 1686 5581 purgant
1706 5511 1916 5564 diversa
1945 5517 2248 5578 prmtexen-

678 5621 776 5668 lt‘S,
811 5619 863 5661 et
900 5623 1002 5660 noti
1043 5609 1218 5662 solum
1277 5606 1601 5660 humilitatis
1649 5602 1817 5655 colles
1864 5616 1970 5654 non
2022 5601 2247 5659 adeunt,

677 5703 768 5753 sed
794 5702 846 5753 in
875 5710 1085 5754 montes
1109 5701 1269 5754 etiam
1297 5697 1563 5766 superbiae
1586 5693 1904 5748 ascendunt.
1941 5693 2017 5746 illi
2044 5704 2246 5752 autem.

681 5809 769 5861 qm
824 5804 1038 5861 propter
1091 5794 1292 5847 bonum
1341 5789 1594 5844 Ecclesia:
1638 5796 1837 5841 stutum
1885 5785 2051 5838 multa
2102 5785 2246 5852 passi

2352 4596 2663 4660 θεινομένων
2692 4598 3050 4664 ἐπαγγελίας.
3091 4598 3228 4650 Ἀλλ’
3263 4600 3408 4669 ὅπερ
3439 4599 3596 4669 ἔφην,
3627 4602 3686 4654 σὲ
3722 4600 3906 4668 διεφύ-

2349 4687 2510 4753 λαξεν
2553 4687 2685 4756 ἡμῖν
2728 4688 2756 4738 δ
2801 4687 3022 4754 ἀγαθὸς,
3081 4689 3198 4754 ἅμα
3254 4688 3351 4757 μὲν
3412 4689 3508 4758 τὴν
3569 4691 3909 4758 τελειοτάτην

2350 4781 2553 4848 ἀρετὴν
2594 4781 2708 4844 τοῖς
2741 4781 3030 4849 μιμεῖσθαι
3067 4781 3136 4832 τὰ
3187 4781 3330 4833 καλά
3362 4781 3713 4850 βουλομένοις
3736 4782 3907 4849 παρὰ-

2349 4869 2548 4938 δειγμα
2612 4868 2914 4938 προτιθεὶς,
2982 4869 3096 4937 ἅμα
3151 4868 3207 4920 δὲ
3262 4869 3354 4921 καί
3391 4870 3524 4937 ἡμῖν
3579 4871 3638 4921 ὲν
3689 4867 3906 4936 τοιούτῳ

2351 4959 2531 5030 καιρῷ
2568 4960 2711 5029 μέγα
2754 4959 3104 5029 παραμύθιον
3140 4960 3536 5029 χαρισαμένης
3602 4960 3710 5012 τῶν
3763 4975 3900 5027 περιρ

2353 5051 2741 5121 στοιχισάντων
2779 5050 3074 5119 ὀδυνηρῶν.
3112 5052 3178 5102 ’Δ
3223 5049 3297 5118 δὲ,
3325 5052 3453 5119 περὶ
3483 5049 3584 5118 τῆς
3631 5049 3726 5103 τοῦ
3777 5047 3906 5102 Θεοῦ

2363 5141 2690 5210 Ἐκκλησίας
2751 5140 2930 5202 καλῶς
2979 5140 3072 5192 καὶ
3121 5140 3398 5209 φρονίμως
3463 5141 3556 5192 καὶ
3603 5140 3769 5204 ἀξίως
3811 5138 3906 5206 τῆς

2355 5235 2453 5301 σῆς
2507 5233 2796 5294 εὐλαϐείας
2863 5233 3208 5301 ὑπέμνησας,
3246 5231 3501 5299 ’γίνωσκε
3547 5229 3724 5284 ταῦτα
3783 5229 3908 5300 ἡμῖν

2351 5326 2437 5378 διά
2473 5325 2682 5394 πολλῆς
2715 5325 2951 5392 ὲφέσεως
2999 5323 3058 5387 ἐξ
3091 5324 3263 5393 ἀρχῆς
3299 5323 3395 5376 καὶ
3453 5321 3690 5391 σπουδῆς
3745 5321 3908 5388 ὑπείρ*

2352 5435 2488 5485 χειν.
2534 5417 2671 5468 Ἀλλ’
2704 5419 2778 5477 ὡς
2816 5416 2993 5467 ἔοικεν
3048 5417 3140 5467 καὶ
3190 5413 3426 5467 ἐνταῦθα
3453 5413 3594 5466 κατὰ
3621 5414 3907 5484 πρόσωπον

2352 5507 2765 5575 ἀνθισταμένων
2812 5524 2900 5574 μοι
2935 5505 3040 5558 τῶν
3073 5505 3377 5574 ἁμαρτιῶν,
3432 5505 3784 5573 διαμαρτάνω
3812 5501 3906 5568 τῆς

2353 5601 2678 5666 ἐπιθυμίας.
2721 5600 2842 5651 Τῶν
2907 5599 3004 5668 μὲν
3053 5599 3162 5667 γὰρ
3215 5597 3614 5667 ἡμαρτηκότων
3680 5598 3759 5657 είς
3813 5591 3906 5660 τὴν

2350 5690 2444 5742 τοῦ
2479 5689 2614 5741 Θεοῦ
2647 5691 2997 5755 Ἐκκλησίαν,
3045 5690 3163 5742 ἀντὶ
3224 5691 3320 5758 τῆς
3372 5689 3466 5738 ἐπὶ
3498 5687 3574 5756 τῷ
3611 5687 3902 5752 πταίσματι

2359 5781 2726 5848 κατανύξεως,
2759 5783 2850 5834 καὶ
2883 5783 2976 5850 τῆς
3012 5781 3114 5835 τῶν
3148 5782 3331 5836 κακῶν
3365 5778 3782 5849 συναισθήυεως,
3805 5776 3897 5828 ὅσα
