4074 6478
248 343 328 406 345
1616 347 2022 408 ΕΡῘΞΤΟΙηΕ.

3281 349 3382 411 3i6

240 453 318 521 τὴν
362 446 667 516 Ἐκκλησίαν
698 447 962 503 κατέλαδε
1002 452 1090 506 διὰ
1146 452 1240 506 τοῦ
1289 451 1577 522 προδοῦναι
1601 456 1728 508 τού·
1756 459 1849 519 As

1773 459 1803 516 Α
1833 466 1980 524 sunt,
2013 466 2067 512 et
2094 457 2377 526 patiuntur
2420 453 2575 510 dictae
2601 454 2825 511 rationis
2868 468 3029 509 causa
3057 455 3122 511 ad
3171 459 3382 513 miseri-

234 558 331 603 τους
369 540 454 607 τὴν
487 539 584 607 τῆς
610 538 938 609 Ἐκκλησίας
983 544 1338 608 κατάστασιν,
1389 544 1587 613 μᾶλλον
1647 547 1729 598 δι-

229 633 365 695 κιίως
396 629 663 700 νομίζουσι
689 632 1100 700 προτεινόντων,
1130 634 1224 686 καὶ
1267 633 1327 687 οὐ
1362 637 1522 704 μόνον
1550 637 1612 688 οὐ
1639 653 1727 688 ταο

224 721 573 788 πεινουμένων,
614 721 749 775 ἀλλά
780 725 875 776 καὶ
901 724 1076 792 ὀφρὺν
1106 725 1465 792 ἐπαιρόντων.
1492 729 1614 780 Τῶν
1669 728 1728 781 δέ

223 813 337 879 ὑπὲρ
375 811 469 878 τῆς
492 810 957 881 ἐκκλησιαστικῆς
984 812 1243 878 εὐταξίας
1283 815 1434 870 δεινά
1462 817 1729 871 πεπονθό-

221 919 324 964 των,
359 901 443 952 καὶ
482 900 656 965 ἄλλως
708 903 808 972 μὲν
859 903 1330 975 σκληρυνομένων,
1387 909 1618 978 μάλιστα
1669 909 1725 961 δὲ

219 991 273 1044 δι’
291 993 350 1063 ἢν
378 992 503 1062 ἔφην
534 995 716 1048 αἰτίαν
745 994 990 1062 εὐλόγως
1018 996 1416 1052 ἀποκλειόντων
1444 999 1629 1060 αὐτοῖς
1657 998 1726 1051 τά

219 1078 460 1152 σπλάγχνα
506 1085 610 1153 τῆς
653 1085 1019 1155 συμπαθείας,
1064 1088 1144 1151 είς
1200 1087 1440 1161 ἀπορίαν
1491 1088 1724 1158 έσχάτην

216 1172 505 1240 καθέστηκα,
534 1173 628 1226 καὶ
660 1175 862 1244 μεταξὺ
889 1176 1114 1230 ἐκείνων
1151 1193 1209 1228 τε
1235 1177 1334 1230 καὶ
1365 1177 1576 1230 τούτων
1612 1176 1720 1230 ῶσ-

215 1281 297 1333 περ
315 1265 367 1315 ἐν
393 1263 738 1336 ἀδιεξοδεύτῳ
778 1264 1006 1333 πελάγει
1035 1266 1386 1337 χειμάζομαι,
1437 1268 1572 1337 πρὸς
1634 1270 1722 1338 μά-

212 1372 288 1424 νην
309 1353 514 1424 ἀφορῶν
549 1355 648 1425 τὴν
677 1357 827 1410 θείαν
855 1357 1111 1427 πρόνοιάν
1157 1376 1214 1411 τε
1245 1360 1338 1414 καὶ
1370 1361 1717 1431 κυδέρνησιν,

212 1444 286 1497 καὶ
325 1441 412 1514 τὴν
468 1444 678 1498 ἐκεῖθεν
735 1446 1019 1516 ἀναμένων
1077 1447 1343 1519 βοήθειαν,
1393 1449 1487 1504 ἀτε
1538 1450 1718 1519 πάσης

210 1532 514 1602 ἀνθρωπίνης
541 1534 822 1604 περινοίας
852 1537 933 1599 είς
961 1539 1022 1590 τδ
1059 1536 1262 1608 ἄπορον
1285 1537 1712 1608 καθισταμένης,

211 1622 268 1674 τὸ
319 1623 417 1694 γὰρ
467 1625 788 1679 καταλιπεῖν
845 1628 976 1691 τοὺς
1022 1629 1280 1694 οἰκείους,
1314 1632 1407 1682 καὶ
1442 1627 1581 1697 μετά
1611 1629 1718 1682 τῶν

210 1713 320 1775 τέως
353 1715 597 1768 ἐναντίων
629 1707 906 1784 γενέσθαι,
938 1720 1244 1789 ἀμήχανονε
1304 1719 1400 1790 καὶ
1436 1719 1572 1788 μετὰ
1624 1717 1716 1771 τοῦ

1833 549 2074 603 cordiam
2102 549 2439 619 moveri§non
2460 557 2719 617 possunt;
2743 548 2822 603 sic
2845 547 3154 617 ingentibus
3167 564 3383 618 premor

1831 641 2117 710 angustiis,
2137 640 2238 694 hos
2263 639 2400 694 inter
2415 648 2468 694 et
2493 638 2613 692 illos
2633 638 2798 692 veluti
2818 640 2870 693 iu
2892 639 3383 710 procellosojaetor

1831 730 1990 797 mari,
2027 730 2092 784 ad
2130 729 2303 784 solam
2348 728 2582 783 divinam
2624 729 2862 782 intentus
2894 729 3296 784 Providentiam
3331 741 3385 786 et

1832 821 2276 892 gubernationem
2309 835 2708 890 supernumque
2743 819 2987 873 humanii
3009 821 3200 876 consili
3229 820 3386 886 plane

1831 911 1988 980 inops
2029 918 2284 979 exspecto
2337 908 2621 963 auxilium.
2658 909 2919 979 Proprios
2961 911 3104 964 enim
3145 912 3384 966 derelino

1829 1015 2000 1071 quere
2045 1009 2099 1054 et
2147 1001 2213 1055 ad
2248 1000 2588 1055 adversarios
2634 1003 2867 1056 transire
2912 1016 3017 1056 non
3059 1017 3378 1070 possumus;

1831 1092 1934 1146 etsi
1955 1105 2041 1145 res
2064 1089 2179 1145 ﬁeri
2210 1098 2412 1160 posset,
2441 1091 2664 1144 omnino
2687 1101 2860 1145 tamen
2886 1092 3179 1147 absurdum
3211 1093 3379 1160 foret;

1831 1178 1910 1234 illi
1951 1177 2096 1233 enim
2126 1177 2329 1232 nostris
2365 1191 2468 1232 non
2503 1177 2723 1231 aderent
2753 1178 2952 1243 verbis,
3000 1188 3054 1232 et
3092 1194 3217 1233 cum
3259 1179 3380 1234 aliis

1829 1270 2143 1326 societatem
2166 1268 2301 1322 inire
2323 1278 2657 1323 recusarent.
2681 1267 2820 1334 Quid
2844 1269 3009 1337 igitur
3032 1269 3382 1325 faciendum?

1831 1358 2046 1413 Sanctis
2070 1356 2320 1427 precibus
2349 1358 2544 1412 vestris
2570 1355 2868 1411 ferventius
2915 1355 3176 1412 intentius
3230 1357 3377 1410 illum

1827 1448 2108 1510 adeamus,
2151 1446 2244 1516 qui
2272 1437 2565 1502 Ecelesiam
2595 1462 2695 1502 suo
2726 1447 2990 1518 sanguine
3018 1447 3279 1509 fundavit.
3321 1457 3380 1501 ut

1827 1537 2187 1607 investigabili
2229 1537 2468 1593 scientia:
2510 1546 2565 1593 et
2613 1538 2892 1608 sapientiae
2949 1538 3034 1593 ria
3090 1555 3275 1594 omnes
3321 1539 3376 1592 in

1825 1643 1988 1680 unum
2032 1626 2340 1695 compellat.
2376 1625 2520 1681 idem
2573 1627 2721 1703 dare
2744 1636 2922 1697 potest
2951 1625 3116 1680 tantis
3155 1639 3186 1680 e
3223 1625 3377 1678 malis

1825 1716 2230 1780 liberationem,
2295 1726 2484 1771 contra
2539 1733 2659 1787 qua:
2699 1727 2921 1786 propter
2966 1713 3264 1771 certamina
3325 1721 3380 1767 et

207 1803 472 1872 ἀμηχάνου,
505 1806 786 1870 παντελῶς
833 1808 1054 1862 ἄτοπον.
1098 1810 1170 1862 Τὸ
1209 1809 1266 1863 δέ
1305 1809 1381 1880 μὴ
1435 1809 1717 1879 βούλεσθαι
1749 1799 1790 1852 Β

1531 1809 1717 1862 λεσθαι
1749 1799 1790 1852 Β
1822 1806 1967 1862 rixas
2000 1805 2183 1862 omnia
2204 1806 2485 1861 hominum
2516 1807 2755 1860 remedia
2791 1820 2929 1860 vana
2966 1805 3139 1860 video.

207 1893 338 1946 πάλιν
371 1891 585 1956 τούτους
641 1896 721 1966 τῷ
765 1897 1015 1974 ἡμετέρῳ
1075 1899 1356 1952 πείθεσθαι
1398 1898 1563 1969 λόγῳ,
1610 1898 1723 1967 τῆς.
1749 1896 1885 1967 πρὸς
1948 1895 2190 1961 ἐκείνους
2248 1896 2502 1966 ἀπείργει
2545 1896 2638 1949 καὶ
2705 1896 2779 1966 μὴ
2816 1895 3170 1980 βουλομένους
3195 1893 3379 1965 ἑνότη-

204 1994 292 2045 τος.
319 1982 378 2036 Τί
421 1982 513 2037 οὖν
562 1983 645 2038 δεῖ
678 1989 851 2039 ποιεῖν
885 2003 902 2054 ;
937 1990 1010 2040 Ἢ
1044 1991 1424 2061 ἐκτενέστερον
1470 1990 1563 2044 διὰ
1633 1990 1742 2042 τῶν
1778 1989 1937 2042 ὁσίων
1996 1988 2152 2057 ὑμῶν
2204 1988 2380 2056 εὐχῶν
2466 1987 2786 2054 δυσωπῆσαι
2851 1989 2944 2042 τδν
2992 1988 3085 2043 ἐπὶ
3128 1989 3208 2060 τῷ
3253 1990 3370 2059 ἰδίῳ

203 2073 362 2143 αἵματι
388 2075 486 2144 τὴν
505 2075 672 2128 αὑτοῦ
714 2077 1041 2148 Ἐκκλησίαν
1069 2079 1477 2149 θεμελιώσαντα
1543 2079 1875 2158 συμσιδάσςαι
1939 2079 2144 2139 πάντας
2168 2080 2235 2147 τῇ
2280 2077 2675 2150 ἀνεξιχνιάστῳ
2731 2077 2897 2132 αὑτοῦ
2942 2078 3038 2133 καὶ
3070 2080 3363 2153 ὑπερσόφῳ

205 2165 530 2227 συνέσει,’καὶ
559 2167 636 2228 ὡς
679 2168 842 2231 αὐτὸς
912 2169 1203 2224 ἐπίσταται
1261 2169 1358 2224 τοῦ
1429 2160 1685 2224 τοσοῦτου
1727 2167 1919 2227 ,κακοῦ
1979 2168 2078 2236 τὴν
2126 2167 2282 2222 λύσιν
2311 2171 2636 2240 παρασχεῖν,
2688 2168 2763 2232 ὡς
2807 2169 2876 2223 τά
2931 2184 2996 2237 γε
3051 2169 3374 2241 ἀνθρώπινα

203 2255 351 2306 πάντα
389 2252 497 2323 ὁρῶ
542 2253 827 2325 ἡττώμενα
872 2256 971 2326 τῆς
1008 2257 1188 2310 αὐτῶν
1231 2256 1560 2326 φιλονεικίας
1615 2255 1711 2308 καὶ
1747 2254 2140 2325 προαιρέσεως.
2537 2273 2543 2277 ·

256 2370 412 2426 ΡΚΖ⁹.
449 2365 658 2421 Λέοντι
696 2370 1008 2491 σπαθαῆίῳ
1057 2370 1154 2424 καί
1200 2369 1371 2440 κριτῇ
1407 2371 1724 2438 Παφλαγο-

883 2457 922 2491 ν
947 2457 1041 2491 ac.

883 2457 1041 2506 νίας.

264 2535 417 2590 Οὐδὲν
469 2533 612 2589 οὕτω
659 2533 832 2603 δῶρον
861 2533 960 2603 ἡδὺ
992 2535 1104 2597 τοῖς
1138 2532 1438 2602 ήνωμένοις
1475 2534 1541 2602 τῇ
1578 2531 1720 2584 κατά

205 2626 317 2679 Θεδν
345 2614 546 2696 ἀγάπῃ,
575 2627 761 2677 ὁποῖον
792 2624 853 2676 τὸ
885 2623 1011 2685 τοὺς
1043 2621 1375 2691 ἀγαπῶντας
1413 2620 1716 2690 ἀναμαθεῖν

198 2719 288 2770 τῶν
339 2716 714 2787 ἀγαπωμένων
763 2713 862 2785 τὴν
919 2714 1222 2786 εὐετηρίαν.
1278 2713 1464 2781 Τούτῳ
1520 2712 1584 2783 δὴ
1638 2710 1714 2780 τῷ

200 2809 437 2879 καλλίστῳ
491 2809 651 2878 δώρῳ
702 2806 796 2860 καὶ
833 2804 1103 2876 ήδυτάτῳ,
1138 2806 1234 2860 καὶ
1272 2804 1576 2875 ἡδύνθημεν
1619 2803 1714 2857 καὶ

199 2899 496 2968 ἡδυνόμεθα,
537 2902 631 2952 καὶ
693 2898 926 2968 δεόμεθα
954 2896 1050 2951 τοῦ
1098 2897 1233 2950 Θεοῦ
1292 2898 1562 2969 μηδέποτε
1615 2896 1714 2964 τὴν

201 2993 422 3061 τοιαύτην
451 2991 662 3062 σήδονὴν
715 2989 1013 3059 ἐπιλείψειν
1064 2991 1232 3059 ἡμᾶς.
1273 2989 1435 3043 Ἦδέα
1483 2988 1539 3040 δὲ
1584 2989 1713 3057 ημῖν

203 3084 274 3134 καὶ
299 3082 331 3136 ἀ
365 3082 696 3135 πλεονεκτῶν
731 3080 799 3134 τά
858 3079 1129 3151 προόἀτια
1185 3079 1335 3151 δῶρα
1367 3079 1709 3140 ἀπέστειλας,

1820 2365 2085 2423 CXXVII.
2139 2366 2300 2423 Leoni
2351 2369 2622 2437 spathario
2665 2379 2714 2423 et
2761 2369 3145 2440 Paphlagonia
3181 2369 3376 2439 iudici.

1887 2531 2270 2586 Dulcissimum
2316 2531 2368 2585 id
2417 2532 2633 2587 videtur
2674 2547 2876 2587 munus
2926 2533 3033 2587 illis
3063 2533 3380 2604 qui-divino

1815 2619 2101 2675 charitatis
2134 2618 2352 2674 vinculo
2372 2620 2698 2690 junguntur,
2744 2621 2903 2690 cujus
2931 2622 3089 2676 venia
3129 2632 3380 2676 amantes

1811 2721 2112 2766 amatorum
2149 2711 2458 2765 felicitatem
2501 2713 2706 2782 experti
2753 2721 2882 2768 sunt
2925 2713 3074 2770 :boc
3110 2715 3254 2768 enim
3299 2714 3380 2767 lo-

1783 2803 2061 2872 cupletati
2121 2818 2344 2858 munere
2387 2803 2754 2873 iucundamur
2810 2806 3044 2860 invicem
3104 2815 3159 2860 et
3210 2807 3375 2860 Deum

1811 2895 2188 2964 deprecamur,
2225 2911 2293 2949 ne
2321 2911 2557 2964 unquam
2615 2897 2704 2950 illa
2751 2913 2778 2951 a
2828 2897 2987 2952 nobis
3028 2897 3246 2950 recedat
3285 2896 3377 2964 ju-

1813 2985 2083 3040 cunditas.
2124 2986 2253 3052 Quae
2282 3001 2440 3055 porro
2476 2988 2845 3042 muniﬁcentia
2879 2987 3037 3041 nobis
3076 2987 3223 3041 misit
3256 3003 3377 3042 mu-

1815 3092 1943 3131 nera
1976 3078 2154 3140 ovilla,
2188 3076 2407 3131 fuerunt
2435 3093 2588 3146 aeque
2616 3077 2815 3132 dulcia.
2848 3078 3041 3132 Annon
3075 3078 3240 3132 nimia
3276 3078 3373 3133 tibi

201 3175 279 3226 καὶ
311 3173 474 3228 ταῦτα
504 3172 698 3244 κριτὴς
729 3170 804 3224 ὢν
861 3148 956 3225 καὶ
984 3170 1082 3239 τὴν
1138 3148 1453 3234 πλεονεξίαν
1487 3170 1716 3237 ὀφείλων
1746 3148 1787 3206 C

1766 3148 2031 3223 :videtur
2079 3168 2381 3239 benignitas
2427 3183 2557 3223 oves
2603 3169 2715 3223 fetu
2771 3169 2988 3234 orbari,
3038 3177 3098 3223 ut
3151 3184 3259 3223 non
3319 3179 3375 3221 tu

200 3263 405 3317 διώκειν.
447 3264 517 3316 Ἢ
541 3264 601 3316 οὺ
626 3263 773 3316 δοκεῖ
809 3278 891 3314 σοι
925 3261 1272 3315 πλεονεκτεῖν
1299 3261 1360 3314 τὸ
1387 3261 1514 3324 τοὺς
1546 3260 1715 3330 ἄρνας

201 3360 373 3426 τροφῆς
399 3355 746 3424 ἀποστερεῖν,
793 3333 880 3406 ἵνα
910 3352 984 3423 μὴ
1027 3353 1190 3422 μόνον
1228 3352 1293 3406 σὺ
1324 3354 1556 3424 τρυφᾷς,
1583 3351 1719 3404 ἀλλὰ

203 3447 276 3497 καὶ
319 3449 423 3509 τοῖς
473 3445 648 3514 φίλοις
691 3444 939 3514 παρέχῃς
977 3443 1288 3515 συντρυφᾷν
1323 3459 1338 3507 ;
1380 3442 1531 3510 Πλὴν
1584 3441 1720 3495 ἀλλά

206 3537 278 3590 σοῦ
294 3554 350 3605 γε
371 3539 554 3591 ἐνεκεν
585 3537 757 3606 ἡδέως
781 3534 1100 3605 ἐδεξάμεθα·
1138 3536 1202 3589 σὺ
1233 3535 1291 3588 δὲ
1316 3536 1416 3604 δρα
1450 3534 1598 3597 ὅπως
1620 3534 1716 3586 καὶ⁵

201 3630 280 3696 τὴν
309 3631 524 3682 ἐκείνων
565 3628 880 3692 πλεονεξίαν
910 3628 1306 3697 παραμυθήσῃ,
1353 3627 1443 3680 καὶ
1472 3627 1598 3689 τοὺς
1630 3624 1718 3692 φί-

201 3718 301 3781 λους
325 3723 431 3784 τοῖς
459 3719 720 3783 τοιούτοις
757 3718 951 3790 δώροις
984 3717 1062 3790 μὴ
1090 3718 1373 3789 διαλείπῃς
1403 3715 1718 3788 φιλοτιμού-

201 3827 356 3878 μενος.

509 3902 690 3956 ΡΚΗ’.
722 3899 1017 3965 Βασιλείᾳ)
1054 3899 1332 3964 Χαλδίας.

253 4016 352 4070 Καὶ
375 4016 474 4086 τῆς
504 4015 642 4084 πρὸς
674 4015 822 4085 ἡμᾶς
867 4013 1233 4083 συμπαθείας,
1274 4013 1343 4083 ἣν
1390 4011 1529 4065 ὥστε
1583 4011 1718 4081 μηδέ

197 4107 456 4162 θλίϐουσαν
491 4107 827 4174 ἀπαγγελίαν
857 4109 936 4170 είς
962 4107 1132 4169 ἀκοὰς
1160 4106 1320 4175 ήμῶν
1365 4104 1540 4159 ἐλθεῖν
1591 4104 1715 4158 έθου

197 4199 269 4253 διά
298 4201 565 4271 προνοίας,
598 4202 656 4253 ἐν
700 4199 922 4269 μεγάλῳ
969 4199 1123 4268 μέρει
1171 4198 1440 4266 ἀποδοχῆς
1489 4198 1718 4265 πεποιή-

201 4288 339 4355 μεθα,
378 4290 470 4343 καὶ
496 4289 595 4353 τάς
634 4289 900 4360 ὑμετέρας
931 4291 988 4342 δὲ
1035 4289 1353 4358 ἀλγηδόνας,
1403 4289 1471 4352 ἃς
1511 4284 1662 4353 οὗτος
1690 4289 1718 4342 ό

198 4379 367 4446 πικρὸς
421 4380 614 4450 καιρὸς
661 4380 756 4433 καὶ
823 4379 1040 4450 πλήρης
1097 4380 1235 4441 ὅλως
1304 4373 1412 4432 τῶν
1490 4377 1716 4448 θλίψεων

1821 3264 1971 3316 solus
2009 3262 2216 3316 deliciis
2235 3261 2442 3325 abluas,
2480 3262 2573 3316 sed
2605 3270 2660 3316 et
2702 3263 3003 3316 amicorum
3043 3260 3254 3315 deliciis
3297 3258 3379 3311 in-

1821 3354 2059 3408 servias?
2109 3353 2252 3423 quod
2290 3361 2470 3407 tamen
2515 3368 2623 3407 non
2661 3351 2871 3407 obstitit
2910 3351 3040 3420 quin
3080 3351 3158 3404 tui
3211 3365 3375 3404 causa

1820 3459 1940 3499 eum
1972 3447 2199 3499 maxima
2228 3445 2501 3514 voluptate
2530 3445 2934 3514 acceperimus;
2959 3441 3054 3496 tibi
3077 3449 3258 3495 autem
3295 3442 3379 3493 in-

1819 3535 2116 3603 quirendus
2169 3543 2252 3589 est
2304 3535 2533 3596 modus.
2603 3549 2710 3606 quo
2771 3533 3056 3589 avaritiam
3112 3541 3374 3599 contegas

1819 3636 1873 3690 et
1900 3626 2106 3683 amicos
2147 3627 2418 3684 similibus
2451 3626 2609 3683 donis
2654 3640 2932 3696 nunquam
2963 3623 3235 3695 percolere
3273 3621 3373 3676 de-

1819 3733 1993 3775 811128.

2142 3921 2427 3980 CXXVIII.
2467 3923 2668 3978 Basilio
2700 3920 3027 3978 Chaldiensi.

1889 4031 2046 4098 Quod
2105 4031 2336 4100 benigne
2377 4030 2552 4095 nobis,
2631 4020 2684 4084 et
2750 4029 3064 4099 priusquam
3134 4021 3370 4079 infausta

1821 4123 2008 4176 nuntia
2039 4121 2106 4175 ad
2146 4136 2307 4176 aures
2350 4129 2567 4176 nostras
2594 4129 2974 4189 pervenerant,
3010 4114 3370 4170 manifestasti

1825 4213 2080 4269 amicitia
2131 4212 2326 4266 indicia
2352 4225 2610 4281 perquam
2647 4219 2858 4280 gratum
2899 4208 3057 4263 nobis
3086 4205 3206 4260 fuit.
3234 4203 3369 4259 Cum

1821 4313 1999 4359 autem
2037 4313 2158 4357 tuos
2192 4303 2549 4357 adversitates
2595 4301 2905 4365 didicimus,
2937 4311 3078 4367 quos
3118 4296 3370 4350 acerbum

1821 4396 1924 4450 hoc
1944 4404 1997 4449 et
2017 4395 2192 4450 omnis
2223 4393 2435 4464 generis
2473 4390 2916 4446 tribulationibus
2945 4387 3200 4444 refertum
3237 4395 3342 4440 tem

196 4467 308 4535 ἡμῖν
357 4472 652 4542 ἐπεγείρει,
705 4471 764 4524 ἐν
817 4468 975 4541 ὀδύνῃ
1038 4470 1265 4539 καρδίας
1339 4469 1718 4539 μεμαθηκότες
1751 4481 1795 4536 ι)

1764 4482 1795 4536 D
1821 4503 1920 4556 pus
1936 4486 2203 4556 producit.
2221 4487 2272 4540 in
2291 4484 2469 4540 cordis
2487 4486 2797 4539 maestitiam
2819 4482 3122 4536 incidimus.
3139 4477 3226 4533 Uti
3245 4492 3373 4531 vero

197 4559 507 4630 ὑπέστημεν.
545 4562 654 4615 Καὶ
690 4561 856 4630 πολλῇ
915 4561 1271 4630 συσχεθέντες
1301 4560 1604 4631 ἀμηχανίᾳ,
1640 4561 1716 4623 ὡς

195 4653 242 4702 ἐν
279 4653 515 4723 ἀπόροις,
551 4653 766 4723 πρῶτον
796 4653 893 4723 μὲν
929 4651 1006 4720 τῷ
1047 4651 1306 4722 κηδεμόνι
1364 4653 1458 4705 καὶ
1508 4653 1717 4721 Σωτῆρι

198 4741 280 4808 τὴν
305 4744 481 4814 κοινὴν
510 4744 890 4811 ἀνηνέγκαμεν
926 4741 1174 4812 συνοχὴν,
1204 4741 1295 4794 καὶ
1328 4742 1488 4795 αὐτὸν
1523 4742 1715 4811 ἐξῃτη-

200 4835 408 4902 σάμεθα,
437 4835 468 4905 ἢ
510 4833 693 4887 δοῦναι
743 4833 853 4885 τῶν
899 4833 1232 4902 συνεχόντων
1268 4831 1366 4903 τὴν
1399 4831 1571 4896 λύσιν,
1605 4831 1636 4900 ἢ
1670 4832 1718 4882 εί

201 4927 260 4992 μη
290 4925 435 4978 τοῦτο
467 4921 727 4995 βούλοιτο,
756 4921 836 4987 οἷς
859 4923 1145 4976 ἐπίσταται
1171 4922 1522 4992 δικαιιῦμασι,
1545 4939 1718 4993 παρα-

200 5019 325 5083 σχεῖν
372 5018 650 5088 ὑπομονὴν
687 5018 871 5085 φέρειν
902 5016 1262 5085 εὐχαρίστως,
1296 5015 1436 5067 ὥστε
1473 5015 1547 5084 μὴ
1581 5014 1719 5082 μετὰ

201 5107 275 5159 τοῦ
309 5109 532 5179 πάσχειν
562 5104 650 5162 οἷα
680 5110 982 5176 πάσχομεν.
1011 5108 1107 5161 καὶ
1144 5108 1253 5159 τῶν
1302 5107 1398 5175 τῆς
1442 5107 1719 5175 ὑπομονῆς

202 5197 422 5253 ἐκπεσεῖν
477 5200 823 5254 ἀντιδόσεων.
871 5197 1034 5251 Ἀλλά
1063 5197 1240 5250 ταῦτα
1287 5198 1385 5266 μὲν
1434 5199 1570 5266 πρὸς
1627 5197 1715 5251 τὸν

201 5289 547 5359 φιλάνθρωπον
597 5289 896 5357 Δεσπότην·
954 5288 1146 5342 ἔπειτα
1182 5289 1238 5341 δὲ
1271 5289 1364 5340 καὶ
1412 5290 1534 5341 ὅσον
1588 5290 1719 5357 ἡμῖν

200 5377 390 5434 δυνατὸν
429 5384 492 5436 ἐκ
530 5383 629 5451 τῆς
662 5384 720 5434 ὲν
748 5380 939 5449 κόσμῳ
981 5381 1230 5449 βοηθείας
1265 5382 1448 5433 ἄνεσιν
1502 5363 1718 5449 ἐπινοή-

203 5472 363 5524 σασθαι
406 5475 552 5541 ὑμῖν,
607 5472 726 5524 οὐδὲ
773 5471 912 5540 αὕτη
959 5472 1016 5522 ἐν
1055 5471 1312 5541 ὀλιγωρίᾳ
1362 5472 1716 5542 ἀπέρριπται,

205 5560 292 5614 ἀλλ’
317 5566 628 5635 ᾐτησάμεθα
669 5565 745 5626 τῶ
774 5565 1061 5634 στρατηγῷ
1086 5565 1360 5633 γραφῆναι
1395 5565 1519 5626 τοὺς
1542 5565 1718 5616 ἐπιτι-

206 5649 427 5718 θ;μ.ένους
470 5661 588 5717 ταῖς
645 5657 736 5708 τοῦ
771 5655 904 5707 Θεοῦ
962 5654 1305 5723 Ἐκκλησίαις
1373 5655 1717 5706 ἀναστέλλειν

212 5744 285 5809 τῆς
315 5746 614 5813 ἐπιθέσεως,
644 5750 695 5800 αἱ
726 5748 777 5800 δὲ
801 5745 928 5814 τῶν,
952 5744 1025 5808 ὡς
1055 5746 1205 5817 ἔφης,
1228 5746 1514 5816 αἱρετικῶν
1547 5748 1720 5811 γλωσ-

1819 4577 2055 4631 solemus
2106 4574 2284 4628 facere
2309 4574 2362 4626 in
2402 4572 2686 4640 angustiis.
2711 4583 3054 4624 communem
3076 4579 3372 4620 aerumnam

1818 4667 1994 4736 primo
2051 4665 2339 4720 retulimus
2385 4662 2453 4716 ad
2506 4670 2870 4731 protectorem
2924 4666 2980 4714 et
3042 4656 3370 4710 Salvatorem

1818 4758 2082 4819 omnium,
2130 4757 2312 4826 ipsum
2342 4753 2696 4824 deprecantes
2739 4759 2798 4807 ut
2831 4765 2931 4806 nos
2985 4751 3029 4815 a1
3057 4747 3214 4801 malis
3241 4746 3374 4800 Iibe-

1823 4858 1925 4914 ret,
1965 4849 2071 4909 vel,
2105 4848 2148 4902 si
2173 4847 2356 4908 nollet,
2378 4846 2530 4914 juxta
2562 4844 2896 4914 beneplacita
2929 4849 2983 4896 et
3004 4838 3210 4908 judicia
3241 4852 3365 4900 sua,

1820 4938 2265 5010 patientiam,.ad
2304 4938 2444 4990 mala
2498 4952 2620 4990 cum
2667 4936 2961 5004 gratiarum
3013 4931 3224 4985 actione
3262 4918 3405 4996 pero'

1821 5032 2060 5092 ferenda.
2099 5031 2257 5084 nobis
2297 5030 2600 5095 tribueret;
2628 5043 2694 5082 ne
2718 5028 2900 5081 forsan
2951 5026 3075 5078 dum
3115 5023 3372 5092 patimur,

1819 5122 2089 5192 patientia:
2145 5121 2641 5175 remunerationem
2710 5117 3107 5172 amitteremus.
3175 5113 3376 5166 Deinde

1821 5222 1982 5283 prout
2012 5216 2291 5282 potuimus
2319 5211 2695 5266 remissionem
2725 5207 3014 5278 quamdam
3055 5220 3119 5258 ex
3151 5204 3374 5258 saecula-

1821 5304 1973 5357 ribus
2020 5303 2239 5357 auxiliis
2282 5316 2600 5369 comparare
2644 5299 2994 5360 intendimus,
3032 5294 3175 5349 haud
3223 5307 3373 5360 sperv

1823 5396 2096 5460 nendam,
2147 5396 2238 5449 sed
2284 5395 2516 5448 militum
2555 5392 2748 5447 ducem
2802 5387 3106 5460 rogavimus
3150 5396 3210 5441 ut
3256 5386 3372 5440 suis

1823 5489 2080 5541 scriberet
2140 5487 2400 5554 subjectis
2471 5495 2522 5540 et
2585 5484 2921 5556 superposita
2978 5479 3068 5534 Dei
3122 5478 3373 5533 Ecclesiis

1823 5574 2078 5628 auferret.
2110 5574 2182 5628 De
2217 5575 2485 5643 perversis
2516 5585 2692 5627 autem
2725 5572 3102 5626 haereticorum
3128 5569 3372 5637 Linguis.

1825 5667 1902 5719 uti
1955 5667 2202 5728 mandas,
2237 5681 2338 5718 non
2378 5674 2458 5718 est
2488 5664 2798 5724 dolendum,
2830 5662 2957 5730 quia
3003 5663 3160 5714 homo
3195 5658 3281 5710 Dei
3312 5672 3372 5713 ei

1825 5765 1874 5810 ct
1909 5754 1973 5808 ab
2009 5753 2160 5809 initio
2207 5754 2411 5823 legibus
2454 5753 2618 5821 ipsius
2669 5750 2857 5806 scdulo
2889 5749 3153 5806 obcdiisti.
3194 5749 3369 5815 Quare
