  <div class='ocr_page' id='page_1' title='image "/cluster/home/n/w/nwhite01/storage/ocr_20150623/111/hvd.32044010574143/183.png"; bbox 0 0 4074 6512; ppageno 0'>
   <div class='ocr_carea' id='block_1_1' title="bbox 674 366 774 429">
    <p class='ocr_par' dir='ltr' id='par_1_1' title="bbox 674 366 774 429">
     <span class='ocr_line' id='line_1_1' title="bbox 674 366 774 429; baseline 0.03 -3"><span class='ocrx_word' id='word_1_1' title='bbox 674 366 774 429; x_wconf 75' lang='grc'>351</span> 
     </span>
    </p>
   </div>
   <div class='ocr_carea' id='block_1_2' title="bbox 1779 384 2786 452">
    <p class='ocr_par' dir='ltr' id='par_1_2' title="bbox 1779 384 2786 452">
     <span class='ocr_line' id='line_1_2' title="bbox 1779 384 2786 452; baseline 0.011 -11"><span class='ocrx_word' id='word_1_2' title='bbox 1779 384 1826 441; x_wconf 86' lang='grc' dir='ltr'><strong>Ν</strong></span> <span class='ocrx_word' id='word_1_3' title='bbox 1836 384 2086 445; x_wconf 77' lang='lat' dir='ltr'>ICOLAI</span> <span class='ocrx_word' id='word_1_4' title='bbox 2124 388 2234 448; x_wconf 88' lang='lat' dir='ltr'><strong>CP.</strong></span> <span class='ocrx_word' id='word_1_5' title='bbox 2272 389 2786 452; x_wconf 71' lang='lat' dir='ltr'>PA&#39;l‘RIARCll/E</span> 
     </span>
    </p>
   </div>
   <div class='ocr_carea' id='block_1_3' title="bbox 3799 395 3900 457">
    <p class='ocr_par' dir='ltr' id='par_1_3' title="bbox 3799 395 3900 457">
     <span class='ocr_line' id='line_1_3' title="bbox 3799 395 3900 457; baseline 0 -1"><span class='ocrx_word' id='word_1_6' title='bbox 3799 395 3900 457; x_wconf 74' lang='lat'>352</span> 
     </span>
    </p>
   </div>
   <div class='ocr_carea' id='block_1_4' title="bbox 673 456 2249 573">
    <p class='ocr_par' dir='ltr' id='par_1_4' title="bbox 673 478 2244 561">
     <span class='ocr_line' id='line_1_4' title="bbox 673 478 2244 561; baseline 0.015 -34"><span class='ocrx_word' id='word_1_7' title='bbox 673 489 849 546; x_wconf 70' lang='lat' dir='ltr'><strong>ignem</strong></span> <span class='ocrx_word' id='word_1_8' title='bbox 934 478 1267 537; x_wconf 70' lang='lat' dir='ltr'>incedentes.</span> <span class='ocrx_word' id='word_1_9' title='bbox 1330 483 1455 539; x_wconf 67' lang='lat' dir='ltr'><strong>llaec</strong></span> <span class='ocrx_word' id='word_1_10' title='bbox 1507 487 1634 541; x_wconf 91' lang='lat' dir='ltr'>dum</span> <span class='ocrx_word' id='word_1_11' title='bbox 1700 499 1937 546; x_wconf 88' lang='lat' dir='ltr'><strong>mentem</strong></span> <span class='ocrx_word' id='word_1_12' title='bbox 1988 496 2244 561; x_wconf 89' lang='lat' dir='ltr'><strong>subeunt,</strong></span> 
     </span>
    </p>
   </div>
   <div class='ocr_carea' id='block_1_5' title="bbox 2351 456 3903 573">
    <p class='ocr_par' dir='ltr' id='par_1_5' title="bbox 2351 498 3903 573">
     <span class='ocr_line' id='line_1_5' title="bbox 2351 498 3903 573; baseline 0.003 -21"><span class='ocrx_word' id='word_1_13' title='bbox 2351 498 2441 552; x_wconf 81' lang='grc' dir='ltr'>καὶ</span> <span class='ocrx_word' id='word_1_14' title='bbox 2463 500 2756 569; x_wconf 82' lang='grc' dir='ltr'>,στομάτων</span> <span class='ocrx_word' id='word_1_15' title='bbox 2814 499 3017 569; x_wconf 84' lang='grc' dir='ltr'>Θηρίων</span> <span class='ocrx_word' id='word_1_16' title='bbox 3047 499 3179 553; x_wconf 86' lang='grc' dir='ltr'>Θεοῦ</span> <span class='ocrx_word' id='word_1_17' title='bbox 3231 501 3497 571; x_wconf 75' lang='grc' dir='ltr'>ῥυομένου</span> <span class='ocrx_word' id='word_1_18' title='bbox 3541 501 3903 573; x_wconf 79' lang='grc' dir='ltr'>θεράποντας.</span> 
     </span>
    </p>
   </div>
   <div class='ocr_carea' id='block_1_6' title="bbox 675 571 2238 643">
    <p class='ocr_par' dir='ltr' id='par_1_6' title="bbox 675 571 2238 643">
     <span class='ocr_line' id='line_1_6' title="bbox 675 571 2238 643; baseline 0.017 -26"><span class='ocrx_word' id='word_1_19' title='bbox 675 584 873 635; x_wconf 72' lang='lat' dir='ltr'><strong>magno</strong></span> <span class='ocrx_word' id='word_1_20' title='bbox 907 571 1035 624; x_wconf 88' lang='lat' dir='ltr'><strong>mihi</strong></span> <span class='ocrx_word' id='word_1_21' title='bbox 1064 581 1188 627; x_wconf 88' lang='lat' dir='ltr'><strong>sunt</strong></span> <span class='ocrx_word' id='word_1_22' title='bbox 1236 574 1434 630; x_wconf 80' lang='lat' dir='ltr'><strong>solatio</strong></span> <span class='ocrx_word' id='word_1_23' title='bbox 1457 584 1510 631; x_wconf 92' lang='lat' dir='ltr'>et</span> <span class='ocrx_word' id='word_1_24' title='bbox 1538 580 1779 635; x_wconf 87' lang='lat' dir='ltr'><strong>animum</strong></span> <span class='ocrx_word' id='word_1_25' title='bbox 1810 585 2063 641; x_wconf 89' lang='lat' dir='ltr'><strong>reddunt.</strong></span> <span class='ocrx_word' id='word_1_26' title='bbox 2115 585 2238 643; x_wconf 85' lang='lat' dir='ltr'><strong>llaec</strong></span> 
     </span>
    </p>
   </div>
   <div class='ocr_carea' id='block_1_7' title="bbox 671 661 2237 747">
    <p class='ocr_par' dir='ltr' id='par_1_7' title="bbox 671 661 2237 747">
     <span class='ocr_line' id='line_1_7' title="bbox 671 661 2237 747; baseline 0.015 -40"><span class='ocrx_word' id='word_1_27' title='bbox 671 672 765 711; x_wconf 75' lang='lat' dir='ltr'>vos</span> <span class='ocrx_word' id='word_1_28' title='bbox 794 674 1034 729; x_wconf 91' lang='lat' dir='ltr'><strong>quoque,</strong></span> <span class='ocrx_word' id='word_1_29' title='bbox 1084 661 1177 715; x_wconf 75' lang='lat' dir='ltr'><strong>lilii</strong></span> <span class='ocrx_word' id='word_1_30' title='bbox 1213 665 1339 726; x_wconf 88' lang='lat' dir='ltr'><strong>mei.</strong></span> <span class='ocrx_word' id='word_1_31' title='bbox 1370 667 1645 742; x_wconf 62' lang='lat' dir='ltr'><strong>vobiscum</strong></span> <span class='ocrx_word' id='word_1_32' title='bbox 1680 683 1930 738; x_wconf 90' lang='lat' dir='ltr'><strong>reputate</strong></span> <span class='ocrx_word' id='word_1_33' title='bbox 1969 692 1983 728; x_wconf 92' lang='lat'><strong>:</strong></span> <span class='ocrx_word' id='word_1_34' title='bbox 2040 675 2084 729; x_wconf 90' lang='lat' dir='ltr'>si</span> <span class='ocrx_word' id='word_1_35' title='bbox 2114 691 2237 747; x_wconf 75' lang='lat' dir='ltr'><strong>gra-</strong></span> 
     </span>
    </p>
   </div>
   <div class='ocr_carea' id='block_1_8' title="bbox 672 753 2234 835">
    <p class='ocr_par' dir='ltr' id='par_1_8' title="bbox 672 753 2234 835">
     <span class='ocr_line' id='line_1_8' title="bbox 672 753 2234 835; baseline 0.014 -33"><span class='ocrx_word' id='word_1_36' title='bbox 672 765 762 805; x_wconf 85' lang='lat' dir='ltr'>ves</span> <span class='ocrx_word' id='word_1_37' title='bbox 805 753 941 807; x_wconf 82' lang='lat' dir='ltr'><strong>forte</strong></span> <span class='ocrx_word' id='word_1_38' title='bbox 969 755 1257 811; x_wconf 88' lang='lat' dir='ltr'><strong>inciderint</strong></span> <span class='ocrx_word' id='word_1_39' title='bbox 1286 760 1635 827; x_wconf 84' lang='lat' dir='ltr'><strong>tcntationes,</strong></span> <span class='ocrx_word' id='word_1_40' title='bbox 1668 766 1733 818; x_wconf 83' lang='lat' dir='ltr'>ad</span> <span class='ocrx_word' id='word_1_41' title='bbox 1767 782 1915 835; x_wconf 84' lang='lat' dir='ltr'>spem</span> <span class='ocrx_word' id='word_1_42' title='bbox 1955 770 2234 824; x_wconf 84' lang='lat' dir='ltr'><strong>meliorem</strong></span> 
     </span>
    </p>
   </div>
   <div class='ocr_carea' id='block_1_9' title="bbox 669 842 2234 914">
    <p class='ocr_par' dir='ltr' id='par_1_9' title="bbox 669 842 2234 914">
     <span class='ocr_line' id='line_1_9' title="bbox 669 842 2234 914; baseline 0.013 -21"><span class='ocrx_word' id='word_1_43' title='bbox 669 842 833 896; x_wconf 89' lang='lat' dir='ltr'><strong>corda</strong></span> <span class='ocrx_word' id='word_1_44' title='bbox 876 843 1096 913; x_wconf 76' lang='lat' dir='ltr'><strong>erigite,</strong></span> <span class='ocrx_word' id='word_1_45' title='bbox 1157 848 1315 902; x_wconf 90' lang='lat' dir='ltr'><strong>sicuti</strong></span> <span class='ocrx_word' id='word_1_46' title='bbox 1346 854 1667 907; x_wconf 75' lang='lat' dir='ltr'><strong>sacerdotali</strong></span> <span class='ocrx_word' id='word_1_47' title='bbox 1701 857 1999 911; x_wconf 75' lang='lat' dir='ltr'><strong>conditioni</strong></span> <span class='ocrx_word' id='word_1_48' title='bbox 2043 869 2234 914; x_wconf 75' lang='lat' dir='ltr'><strong>vestrae</strong></span> 
     </span>
    </p>
   </div>
   <div class='ocr_carea' id='block_1_10' title="bbox 670 933 2230 1013">
    <p class='ocr_par' dir='ltr' id='par_1_10' title="bbox 670 933 2230 1013">
     <span class='ocr_line' id='line_1_10' title="bbox 670 933 2230 1013; baseline 0.013 -28"><span class='ocrx_word' id='word_1_49' title='bbox 670 933 963 1000; x_wconf 81' lang='lat' dir='ltr'><strong>convenit;</strong></span> <span class='ocrx_word' id='word_1_50' title='bbox 1016 936 1087 989; x_wconf 86' lang='lat' dir='ltr'>ita</span> <span class='ocrx_word' id='word_1_51' title='bbox 1145 938 1362 993; x_wconf 83' lang='lat' dir='ltr'><strong>fortiter</strong></span> <span class='ocrx_word' id='word_1_52' title='bbox 1436 942 1559 997; x_wconf 90' lang='lat' dir='ltr'><strong>illas</strong></span> <span class='ocrx_word' id='word_1_53' title='bbox 1608 946 1958 1013; x_wconf 85' lang='lat' dir='ltr'><strong>superabitis.</strong></span> <span class='ocrx_word' id='word_1_54' title='bbox 2035 947 2230 1005; x_wconf 82' lang='lat' dir='ltr'><strong>Multas</strong></span> 
     </span>
    </p>
   </div>
   <div class='ocr_carea' id='block_1_11' title="bbox 667 1024 2240 1106">
    <p class='ocr_par' dir='ltr' id='par_1_11' title="bbox 667 1024 2240 1106">
     <span class='ocr_line' id='line_1_11' title="bbox 667 1024 2240 1106; baseline 0.013 -32"><span class='ocrx_word' id='word_1_55' title='bbox 667 1024 814 1076; x_wconf 89' lang='lat' dir='ltr'><strong>enim</strong></span> <span class='ocrx_word' id='word_1_56' title='bbox 859 1040 924 1078; x_wconf 81' lang='lat' dir='ltr'>ex</span> <span class='ocrx_word' id='word_1_57' title='bbox 970 1025 1076 1080; x_wconf 89' lang='lat' dir='ltr'><strong>Deo</strong></span> <span class='ocrx_word' id='word_1_58' title='bbox 1106 1027 1371 1086; x_wconf 82' lang='lat' dir='ltr'><strong>habemus</strong></span> <span class='ocrx_word' id='word_1_59' title='bbox 1399 1034 1868 1101; x_wconf 84' lang='lat' dir='ltr'><strong>repromissiones,</strong></span> <span class='ocrx_word' id='word_1_60' title='bbox 1918 1037 2009 1106; x_wconf 90' lang='lat' dir='ltr'><strong>qui</strong></span> <span class='ocrx_word' id='word_1_61' title='bbox 2036 1040 2240 1104; x_wconf 38' lang='lat' dir='ltr'><strong>.oculos</strong></span> 
     </span>
    </p>
   </div>
   <div class='ocr_carea' id='block_1_12' title="bbox 668 1117 2240 1193">
    <p class='ocr_par' dir='ltr' id='par_1_12' title="bbox 668 1117 2240 1193">
     <span class='ocr_line' id='line_1_12' title="bbox 668 1117 2240 1193; baseline 0.011 -28"><span class='ocrx_word' id='word_1_62' title='bbox 668 1128 820 1177; x_wconf 87' lang='lat' dir='ltr'><strong>suos,</strong></span> <span class='ocrx_word' id='word_1_63' title='bbox 883 1117 957 1168; x_wconf 90' lang='lat' dir='ltr'>uti</span> <span class='ocrx_word' id='word_1_64' title='bbox 1010 1118 1247 1184; x_wconf 79' lang='lat' dir='ltr'><strong>conﬁdo,</strong></span> <span class='ocrx_word' id='word_1_65' title='bbox 1304 1130 1512 1176; x_wconf 83' lang='lat' dir='ltr'><strong>avertet</strong></span> <span class='ocrx_word' id='word_1_66' title='bbox 1562 1136 1590 1175; x_wconf 90' lang='lat' dir='ltr'>a</span> <span class='ocrx_word' id='word_1_67' title='bbox 1642 1126 1879 1192; x_wconf 82' lang='lat' dir='ltr'><strong>peccatis</strong></span> <span class='ocrx_word' id='word_1_68' title='bbox 1931 1126 2111 1193; x_wconf 86' lang='lat' dir='ltr'><strong>meis,</strong></span> <span class='ocrx_word' id='word_1_69' title='bbox 2173 1129 2240 1183; x_wconf 86' lang='lat' dir='ltr'>ad</span> 
     </span>
    </p>
   </div>
   <div class='ocr_carea' id='block_1_13' title="bbox 670 1204 2239 1285">
    <p class='ocr_par' dir='ltr' id='par_1_13' title="bbox 670 1204 2239 1285">
     <span class='ocr_line' id='line_1_13' title="bbox 670 1204 2239 1285; baseline 0.009 -29"><span class='ocrx_word' id='word_1_70' title='bbox 670 1204 831 1258; x_wconf 76' lang='lat' dir='ltr'><strong>ﬁnem</strong></span> <span class='ocrx_word' id='word_1_71' title='bbox 873 1221 1047 1276; x_wconf 88' lang='lat' dir='ltr'><strong>usque</strong></span> <span class='ocrx_word' id='word_1_72' title='bbox 1093 1223 1153 1264; x_wconf 91' lang='lat' dir='ltr'>se</span> <span class='ocrx_word' id='word_1_73' title='bbox 1203 1210 1502 1279; x_wconf 78' lang='lat' dir='ltr'><strong>benignum</strong></span> <span class='ocrx_word' id='word_1_74' title='bbox 1555 1224 1893 1268; x_wconf 77' lang='lat' dir='ltr'><strong>servatorem</strong></span> <span class='ocrx_word' id='word_1_75' title='bbox 1944 1217 2239 1285; x_wconf 67' lang='lat' dir='ltr'><strong>prmstabit,</strong></span> 
     </span>
    </p>
   </div>
   <div class='ocr_carea' id='block_1_14' title="bbox 668 1300 2243 1375">
    <p class='ocr_par' dir='ltr' id='par_1_14' title="bbox 668 1300 2243 1375">
     <span class='ocr_line' id='line_1_14' title="bbox 668 1300 2243 1375; baseline 0.009 -28"><span class='ocrx_word' id='word_1_76' title='bbox 668 1310 769 1349; x_wconf 88' lang='lat' dir='ltr'>nec</span> <span class='ocrx_word' id='word_1_77' title='bbox 830 1311 1069 1367; x_wconf 79' lang='lat' dir='ltr'><strong>unquam</strong></span> <span class='ocrx_word' id='word_1_78' title='bbox 1144 1300 1393 1355; x_wconf 80' lang='lat' dir='ltr'><strong>auxiliari</strong></span> <span class='ocrx_word' id='word_1_79' title='bbox 1476 1302 1734 1357; x_wconf 85' lang='lat' dir='ltr'><strong>cessabit.</strong></span> <span class='ocrx_word' id='word_1_80' title='bbox 1832 1305 1926 1359; x_wconf 88' lang='lat' dir='ltr'><strong>Sin</strong></span> <span class='ocrx_word' id='word_1_81' title='bbox 2006 1308 2243 1375; x_wconf 81' lang='lat' dir='ltr'><strong>peccatis</strong></span> 
     </span>
    </p>
   </div>
   <div class='ocr_carea' id='block_1_15' title="bbox 668 1386 2244 1467">
    <p class='ocr_par' dir='ltr' id='par_1_15' title="bbox 668 1386 2244 1467">
     <span class='ocr_line' id='line_1_15' title="bbox 668 1386 2244 1467; baseline 0.008 -28"><span class='ocrx_word' id='word_1_82' title='bbox 668 1386 805 1442; x_wconf 88' lang='lat' dir='ltr'><strong>meis</strong></span> <span class='ocrx_word' id='word_1_83' title='bbox 876 1389 1229 1445; x_wconf 83' lang='lat' dir='ltr'><strong>contristatus</strong></span> <span class='ocrx_word' id='word_1_84' title='bbox 1316 1394 1586 1462; x_wconf 82' lang='lat' dir='ltr'><strong>paulisper</strong></span> <span class='ocrx_word' id='word_1_85' title='bbox 1688 1396 1953 1467; x_wconf 75' lang='lat' dir='ltr'><strong>castigat,</strong></span> <span class='ocrx_word' id='word_1_86' title='bbox 2046 1399 2244 1452; x_wconf 87' lang='lat' dir='ltr'><strong>nihilo-</strong></span> 
     </span>
    </p>
   </div>
   <div class='ocr_carea' id='block_1_16' title="bbox 668 1474 2238 1556">
    <p class='ocr_par' dir='ltr' id='par_1_16' title="bbox 668 1474 2238 1556">
     <span class='ocr_line' id='line_1_16' title="bbox 668 1474 2238 1556; baseline 0.008 -27"><span class='ocrx_word' id='word_1_87' title='bbox 668 1479 846 1533; x_wconf 88' lang='lat' dir='ltr'><strong>minus</strong></span> <span class='ocrx_word' id='word_1_88' title='bbox 900 1494 1113 1536; x_wconf 89' lang='lat' dir='ltr'><strong>summa</strong></span> <span class='ocrx_word' id='word_1_89' title='bbox 1184 1484 1411 1553; x_wconf 87' lang='lat' dir='ltr'><strong>recipiet</strong></span> <span class='ocrx_word' id='word_1_90' title='bbox 1455 1474 1832 1556; x_wconf 82' lang='lat' dir='ltr'><strong>benignitate;</strong></span> <span class='ocrx_word' id='word_1_91' title='bbox 1901 1504 1999 1545; x_wconf 90' lang='lat' dir='ltr'>eos</span> <span class='ocrx_word' id='word_1_92' title='bbox 2058 1499 2238 1544; x_wconf 85' lang='lat' dir='ltr'><strong>autem</strong></span> 
     </span>
    </p>
   </div>
   <div class='ocr_carea' id='block_1_17' title="bbox 667 1564 2245 1651">
    <p class='ocr_par' dir='ltr' id='par_1_17' title="bbox 667 1564 2245 1651">
     <span class='ocr_line' id='line_1_17' title="bbox 667 1564 2245 1651; baseline 0.01 -32"><span class='ocrx_word' id='word_1_93' title='bbox 667 1569 762 1637; x_wconf 88' lang='lat' dir='ltr'>qui</span> <span class='ocrx_word' id='word_1_94' title='bbox 807 1564 1010 1626; x_wconf 84' lang='lat' dir='ltr'><strong>malitia</strong></span> <span class='ocrx_word' id='word_1_95' title='bbox 1065 1588 1161 1628; x_wconf 85' lang='lat' dir='ltr'>sua</span> <span class='ocrx_word' id='word_1_96' title='bbox 1212 1575 1339 1629; x_wconf 89' lang='lat' dir='ltr'><strong>elati</strong></span> <span class='ocrx_word' id='word_1_97' title='bbox 1379 1586 1525 1642; x_wconf 86' lang='lat' dir='ltr'><strong>sunt,</strong></span> <span class='ocrx_word' id='word_1_98' title='bbox 1575 1579 1747 1632; x_wconf 90' lang='lat' dir='ltr'><strong>multo</strong></span> <span class='ocrx_word' id='word_1_99' title='bbox 1799 1581 2008 1648; x_wconf 81' lang='lat' dir='ltr'><strong>majore</strong></span> <span class='ocrx_word' id='word_1_100' title='bbox 2050 1582 2245 1651; x_wconf 86' lang='lat' dir='ltr'><strong>plectet</strong></span> 
     </span>
    </p>
   </div>
   <div class='ocr_carea' id='block_1_18' title="bbox 667 1659 2244 1737">
    <p class='ocr_par' dir='ltr' id='par_1_18' title="bbox 667 1659 2244 1737">
     <span class='ocr_line' id='line_1_18' title="bbox 667 1659 2244 1737; baseline 0.013 -31"><span class='ocrx_word' id='word_1_101' title='bbox 667 1659 854 1712; x_wconf 76' lang='lat' dir='ltr'><strong>dolore</strong></span> <span class='ocrx_word' id='word_1_102' title='bbox 882 1671 935 1714; x_wconf 91' lang='lat' dir='ltr'>ct</span> <span class='ocrx_word' id='word_1_103' title='bbox 958 1663 1200 1726; x_wconf 84' lang='lat' dir='ltr'><strong>tristitia,</strong></span> <span class='ocrx_word' id='word_1_104' title='bbox 1234 1681 1397 1735; x_wconf 85' lang='lat' dir='ltr'><strong>quam</strong></span> <span class='ocrx_word' id='word_1_105' title='bbox 1435 1665 1727 1723; x_wconf 80' lang='lat' dir='ltr'><strong>ltodicdum</strong></span> <span class='ocrx_word' id='word_1_106' title='bbox 1762 1671 2067 1737; x_wconf 74' lang='lat' dir='ltr'><strong>gloriantur</strong></span> <span class='ocrx_word' id='word_1_107' title='bbox 2105 1673 2244 1726; x_wconf 69' lang='lat' dir='ltr'><strong>lasti-</strong></span> 
     </span>
    </p>
   </div>
   <div class='ocr_carea' id='block_1_19' title="bbox 668 1749 2246 1829">
    <p class='ocr_par' dir='ltr' id='par_1_19' title="bbox 668 1749 2246 1829">
     <span class='ocr_line' id='line_1_19' title="bbox 668 1749 2246 1829; baseline 0.008 -27"><span class='ocrx_word' id='word_1_108' title='bbox 668 1751 763 1809; x_wconf 71' lang='lat' dir='ltr'><strong>tia.</strong></span> <span class='ocrx_word' id='word_1_109' title='bbox 794 1749 983 1806; x_wconf 82' lang='lat' dir='ltr'><strong>Saluto</strong></span> <span class='ocrx_word' id='word_1_110' title='bbox 1015 1768 1110 1809; x_wconf 85' lang='lat' dir='ltr'><strong>vos</strong></span> <span class='ocrx_word' id='word_1_111' title='bbox 1133 1752 1185 1807; x_wconf 89' lang='lat' dir='ltr'>in</span> <span class='ocrx_word' id='word_1_112' title='bbox 1218 1750 1447 1819; x_wconf 79' lang='lat' dir='ltr'><strong>Domino</strong></span> <span class='ocrx_word' id='word_1_113' title='bbox 1477 1765 1531 1811; x_wconf 90' lang='lat' dir='ltr'>et</span> <span class='ocrx_word' id='word_1_114' title='bbox 1561 1759 1714 1827; x_wconf 89' lang='lat' dir='ltr'><strong>quasi</strong></span> <span class='ocrx_word' id='word_1_115' title='bbox 1736 1774 1976 1829; x_wconf 78' lang='lat' dir='ltr'><strong>prtesens</strong></span> <span class='ocrx_word' id='word_1_116' title='bbox 2010 1761 2246 1829; x_wconf 88' lang='lat' dir='ltr'><strong>comple—</strong></span> 
     </span>
    </p>
   </div>
   <div class='ocr_carea' id='block_1_20' title="bbox 668 1933 1273 1991">
    <p class='ocr_par' dir='ltr' id='par_1_20' title="bbox 668 1933 1273 1991">
     <span class='ocr_line' id='line_1_20' title="bbox 668 1933 1273 1991; baseline 0.015 -8"><span class='ocrx_word' id='word_1_117' title='bbox 668 1933 866 1988; x_wconf 86' lang='lat' dir='ltr'><strong>tnendo</strong></span> <span class='ocrx_word' id='word_1_118' title='bbox 891 1936 1273 1991; x_wconf 75' lang='lat' dir='ltr'><strong>humilitatem.</strong></span> 
     </span>
    </p>
   </div>
   <div class='ocr_carea' id='block_1_21' title="bbox 2336 592 3907 664">
    <p class='ocr_par' dir='ltr' id='par_1_21' title="bbox 2336 592 3907 664">
     <span class='ocr_line' id='line_1_21' title="bbox 2336 592 3907 664; baseline 0.001 -19"><span class='ocrx_word' id='word_1_119' title='bbox 2336 592 2427 645; x_wconf 55' lang='grc' dir='ltr'>καθ⁸</span> <span class='ocrx_word' id='word_1_120' title='bbox 2457 592 2686 661; x_wconf 80' lang='grc' dir='ltr'>καμίνου</span> <span class='ocrx_word' id='word_1_121' title='bbox 2720 593 2888 661; x_wconf 84' lang='grc' dir='ltr'>πυρὸς</span> <span class='ocrx_word' id='word_1_122' title='bbox 2947 592 3196 657; x_wconf 76' lang='grc' dir='ltr'>ἀϐλαϐεῖς</span> <span class='ocrx_word' id='word_1_123' title='bbox 3241 595 3577 664; x_wconf 81' lang='grc' dir='ltr'>τηρουμένου</span> <span class='ocrx_word' id='word_1_124' title='bbox 3639 594 3771 658; x_wconf 76' lang='grc' dir='ltr'>τοὺς</span> <span class='ocrx_word' id='word_1_125' title='bbox 3812 596 3907 664; x_wconf 64' lang='grc' dir='ltr'>τηρ</span> 
     </span>
    </p>
   </div>
   <div class='ocr_carea' id='block_1_22' title="bbox 2337 681 3903 761">
    <p class='ocr_par' dir='ltr' id='par_1_22' title="bbox 2337 681 3903 761">
     <span class='ocr_line' id='line_1_22' title="bbox 2337 681 3903 761; baseline 0.003 -28"><span class='ocrx_word' id='word_1_126' title='bbox 2337 681 2542 761; x_wconf 58' lang='grc' dir='ltr'>εαυτῶν</span> <span class='ocrx_word' id='word_1_127' title='bbox 2579 682 2849 751; x_wconf 77' lang='grc' dir='ltr'>σωτηρίαν</span> <span class='ocrx_word' id='word_1_128' title='bbox 2887 684 2953 753; x_wconf 76' lang='grc' dir='ltr'>τῇ</span> <span class='ocrx_word' id='word_1_129' title='bbox 2995 682 3203 751; x_wconf 80' lang='grc' dir='ltr'>ὑψίστῳ</span> <span class='ocrx_word' id='word_1_130' title='bbox 3251 683 3619 753; x_wconf 79' lang='grc' dir='ltr'>ἀναθεμένους</span> <span class='ocrx_word' id='word_1_131' title='bbox 3647 688 3903 754; x_wconf 78' lang='grc' dir='ltr'>προνοίᾳ.</span> 
     </span>
    </p>
   </div>
   <div class='ocr_carea' id='block_1_23' title="bbox 2337 770 3907 845">
    <p class='ocr_par' dir='ltr' id='par_1_23' title="bbox 2337 770 3907 845">
     <span class='ocr_line' id='line_1_23' title="bbox 2337 770 3907 845; baseline 0.001 -20"><span class='ocrx_word' id='word_1_132' title='bbox 2337 770 2519 826; x_wconf 88' lang='grc' dir='ltr'>Ταῦτά</span> <span class='ocrx_word' id='word_1_133' title='bbox 2554 790 2642 843; x_wconf 87' lang='grc' dir='ltr'>μοι</span> <span class='ocrx_word' id='word_1_134' title='bbox 2672 772 2892 825; x_wconf 73' lang='grc' dir='ltr'>ἐπιόντα</span> <span class='ocrx_word' id='word_1_135' title='bbox 2924 774 3000 836; x_wconf 86' lang='grc' dir='ltr'>είς</span> <span class='ocrx_word' id='word_1_136' title='bbox 3024 772 3168 838; x_wconf 83' lang='grc' dir='ltr'>νοῦν,</span> <span class='ocrx_word' id='word_1_137' title='bbox 3192 774 3401 843; x_wconf 78' lang='grc' dir='ltr'>μεγάλη</span> <span class='ocrx_word' id='word_1_138' title='bbox 3426 775 3796 845; x_wconf 82' lang='grc' dir='ltr'>παράκλησις,</span> <span class='ocrx_word' id='word_1_139' title='bbox 3817 777 3907 827; x_wconf 74' lang='grc' dir='ltr'>καὶ</span> 
     </span>
    </p>
   </div>
   <div class='ocr_carea' id='block_1_24' title="bbox 2335 865 3907 935">
    <p class='ocr_par' dir='ltr' id='par_1_24' title="bbox 2335 865 3907 935">
     <span class='ocr_line' id='line_1_24' title="bbox 2335 865 3907 935; baseline -0.001 -17"><span class='ocrx_word' id='word_1_140' title='bbox 2335 866 2434 933; x_wconf 85' lang='grc' dir='ltr'>τῆς</span> <span class='ocrx_word' id='word_1_141' title='bbox 2466 866 2704 935; x_wconf 80' lang='grc' dir='ltr'>ἀθυμίας</span> <span class='ocrx_word' id='word_1_142' title='bbox 2743 865 3042 934; x_wconf 78' lang='grc' dir='ltr'>ἀνάκτησις</span> <span class='ocrx_word' id='word_1_143' title='bbox 3082 866 3313 933; x_wconf 86' lang='grc' dir='ltr'>γίνεται.</span> <span class='ocrx_word' id='word_1_144' title='bbox 3346 866 3531 919; x_wconf 88' lang='grc' dir='ltr'>Ταῦτα</span> <span class='ocrx_word' id='word_1_145' title='bbox 3572 870 3666 919; x_wconf 81' lang='grc' dir='ltr'>καὶ</span> <span class='ocrx_word' id='word_1_146' title='bbox 3726 866 3907 933; x_wconf 82' lang='grc' dir='ltr'>ὑμεῖς,</span> 
     </span>
    </p>
   </div>
   <div class='ocr_carea' id='block_1_25' title="bbox 2336 950 4011 1025">
    <p class='ocr_par' dir='ltr' id='par_1_25' title="bbox 2336 950 4011 1025">
     <span class='ocr_line' id='line_1_25' title="bbox 2336 950 4011 1025; baseline -0.004 -18"><span class='ocrx_word' id='word_1_147' title='bbox 2336 955 2500 1008; x_wconf 76' lang='grc' dir='ltr'>τέκνα</span> <span class='ocrx_word' id='word_1_148' title='bbox 2531 954 2660 1025; x_wconf 82' lang='grc' dir='ltr'>ὲμά,</span> <span class='ocrx_word' id='word_1_149' title='bbox 2683 953 2802 1007; x_wconf 85' lang='grc' dir='ltr'>καθ’</span> <span class='ocrx_word' id='word_1_150' title='bbox 2835 955 3062 1016; x_wconf 71' lang='grc' dir='ltr'>ἑαυτοὺς</span> <span class='ocrx_word' id='word_1_151' title='bbox 3091 952 3448 1023; x_wconf 80' lang='grc' dir='ltr'>λογιζόμενοι,</span> <span class='ocrx_word' id='word_1_152' title='bbox 3492 955 3541 1005; x_wconf 84' lang='grc' dir='ltr'>εί</span> <span class='ocrx_word' id='word_1_153' title='bbox 3571 952 3663 1005; x_wconf 83' lang='grc' dir='ltr'>καὶ</span> <span class='ocrx_word' id='word_1_154' title='bbox 3719 950 3911 1020; x_wconf 84' lang='grc' dir='ltr'>βαρεῖς</span> <span class='ocrx_word' id='word_1_155' title='bbox 4010 986 4011 989; x_wconf 61' lang='grc' dir='ltr'>η</span> 
     </span>
    </p>
   </div>
   <div class='ocr_carea' id='block_1_26' title="bbox 2338 1040 3911 1115">
    <p class='ocr_par' dir='ltr' id='par_1_26' title="bbox 2338 1040 3911 1115">
     <span class='ocr_line' id='line_1_26' title="bbox 2338 1040 3911 1115; baseline -0.005 -17"><span class='ocrx_word' id='word_1_156' title='bbox 2338 1048 2386 1099; x_wconf 86' lang='lat' dir='ltr'>oi</span> <span class='ocrx_word' id='word_1_157' title='bbox 2426 1046 2764 1113; x_wconf 73' lang='grc' dir='ltr'>ἐπικείμενοι</span> <span class='ocrx_word' id='word_1_158' title='bbox 2794 1044 3089 1115; x_wconf 72' lang='grc' dir='ltr'>πειρασμοὶ</span> <span class='ocrx_word' id='word_1_159' title='bbox 3122 1045 3259 1114; x_wconf 84' lang='grc' dir='ltr'>μετά</span> <span class='ocrx_word' id='word_1_160' title='bbox 3306 1043 3404 1113; x_wconf 81' lang='grc' dir='ltr'>τῆς</span> <span class='ocrx_word' id='word_1_161' title='bbox 3437 1042 3726 1112; x_wconf 76' lang='grc' dir='ltr'>ἀμείνονος</span> <span class='ocrx_word' id='word_1_162' title='bbox 3760 1040 3911 1094; x_wconf 78' lang='grc' dir='ltr'>ἐλπί-</span> 
     </span>
    </p>
   </div>
   <div class='ocr_carea' id='block_1_27' title="bbox 2338 1133 3909 1205">
    <p class='ocr_par' dir='ltr' id='par_1_27' title="bbox 2338 1133 3909 1205">
     <span class='ocr_line' id='line_1_27' title="bbox 2338 1133 3909 1205; baseline -0.001 -18"><span class='ocrx_word' id='word_1_163' title='bbox 2338 1136 2426 1198; x_wconf 86' lang='grc' dir='ltr'>δος</span> <span class='ocrx_word' id='word_1_164' title='bbox 2471 1135 2797 1205; x_wconf 75' lang='grc' dir='ltr'>ὑψηλότερον</span> <span class='ocrx_word' id='word_1_165' title='bbox 2851 1135 2912 1187; x_wconf 78' lang='grc' dir='ltr'>τὸ</span> <span class='ocrx_word' id='word_1_166' title='bbox 2949 1134 3206 1205; x_wconf 85' lang='grc' dir='ltr'>φρόνημα</span> <span class='ocrx_word' id='word_1_167' title='bbox 3230 1133 3325 1188; x_wconf 75' lang='grc' dir='ltr'>καὶ</span> <span class='ocrx_word' id='word_1_168' title='bbox 3372 1136 3581 1203; x_wconf 74' lang='grc' dir='ltr'>πρέπον</span> <span class='ocrx_word' id='word_1_169' title='bbox 3645 1135 3714 1203; x_wconf 77' lang='grc' dir='ltr'>τῇ</span> <span class='ocrx_word' id='word_1_170' title='bbox 3752 1133 3909 1202; x_wconf 81' lang='grc' dir='ltr'>ὑμῶν</span> 
     </span>
    </p>
   </div>
   <div class='ocr_carea' id='block_1_28' title="bbox 2340 1223 3907 1295">
    <p class='ocr_par' dir='ltr' id='par_1_28' title="bbox 2340 1223 3907 1295">
     <span class='ocr_line' id='line_1_28' title="bbox 2340 1223 3907 1295; baseline 0 -18"><span class='ocrx_word' id='word_1_171' title='bbox 2340 1226 2697 1295; x_wconf 80' lang='grc' dir='ltr'>ἀρχιερατικῇ</span> <span class='ocrx_word' id='word_1_172' title='bbox 2754 1223 3073 1293; x_wconf 77' lang='grc' dir='ltr'>τελειότητιο</span> <span class='ocrx_word' id='word_1_173' title='bbox 3098 1224 3277 1293; x_wconf 83' lang='grc' dir='ltr'>πάσης</span> <span class='ocrx_word' id='word_1_174' title='bbox 3314 1223 3675 1293; x_wconf 76' lang='grc' dir='ltr'>στενοχωρίας</span> <span class='ocrx_word' id='word_1_175' title='bbox 3701 1223 3907 1294; x_wconf 82' lang='grc' dir='ltr'>φέρον-</span> 
     </span>
    </p>
   </div>
   <div class='ocr_carea' id='block_1_29' title="bbox 2341 1313 3909 1385">
    <p class='ocr_par' dir='ltr' id='par_1_29' title="bbox 2341 1313 3909 1385">
     <span class='ocr_line' id='line_1_29' title="bbox 2341 1313 3909 1385; baseline 0 -17"><span class='ocrx_word' id='word_1_176' title='bbox 2341 1334 2430 1377; x_wconf 90' lang='grc' dir='ltr'>τες</span> <span class='ocrx_word' id='word_1_177' title='bbox 2456 1315 2746 1369; x_wconf 82' lang='grc' dir='ltr'>διατελεῖτε</span> <span class='ocrx_word' id='word_1_178' title='bbox 2776 1332 2791 1347; x_wconf 77' lang='grc' dir='ltr'>ο</span> <span class='ocrx_word' id='word_1_179' title='bbox 2839 1314 3093 1374; x_wconf 73' lang='grc' dir='ltr'>πλείστας</span> <span class='ocrx_word' id='word_1_180' title='bbox 3126 1314 3321 1384; x_wconf 72' lang='grc' dir='ltr'>ἔχομεν</span> <span class='ocrx_word' id='word_1_181' title='bbox 3382 1313 3756 1385; x_wconf 83' lang='grc' dir='ltr'>πληροφορίας</span> <span class='ocrx_word' id='word_1_182' title='bbox 3811 1315 3909 1382; x_wconf 78' lang='grc' dir='ltr'>τῆς</span> 
     </span>
    </p>
   </div>
   <div class='ocr_carea' id='block_1_30' title="bbox 2343 1401 3908 1472">
    <p class='ocr_par' dir='ltr' id='par_1_30' title="bbox 2343 1401 3908 1472">
     <span class='ocr_line' id='line_1_30' title="bbox 2343 1401 3908 1472; baseline -0.002 -16"><span class='ocrx_word' id='word_1_183' title='bbox 2343 1402 2532 1471; x_wconf 82' lang='grc' dir='ltr'>θεῖκῆς</span> <span class='ocrx_word' id='word_1_184' title='bbox 2556 1401 2914 1472; x_wconf 86' lang='grc' dir='ltr'>ἀντιλήψεως,</span> <span class='ocrx_word' id='word_1_185' title='bbox 2947 1402 3042 1457; x_wconf 64' lang='grc' dir='ltr'>καὶ⁵</span> <span class='ocrx_word' id='word_1_186' title='bbox 3081 1402 3317 1455; x_wconf 81' lang='grc' dir='ltr'>πέποιθα</span> <span class='ocrx_word' id='word_1_187' title='bbox 3360 1401 3436 1465; x_wconf 86' lang='grc' dir='ltr'>ὡς</span> <span class='ocrx_word' id='word_1_188' title='bbox 3463 1402 3773 1471; x_wconf 81' lang='grc' dir='ltr'>παρόψεται</span> <span class='ocrx_word' id='word_1_189' title='bbox 3810 1401 3908 1471; x_wconf 66' lang='grc' dir='ltr'>μὲν</span> 
     </span>
    </p>
   </div>
   <div class='ocr_carea' id='block_1_31' title="bbox 2342 1488 3910 1561">
    <p class='ocr_par' dir='ltr' id='par_1_31' title="bbox 2342 1488 3910 1561">
     <span class='ocr_line' id='line_1_31' title="bbox 2342 1488 3910 1561; baseline 0.001 -20"><span class='ocrx_word' id='word_1_190' title='bbox 2342 1490 2442 1552; x_wconf 81' lang='grc' dir='ltr'>τὰς</span> <span class='ocrx_word' id='word_1_191' title='bbox 2489 1488 2629 1557; x_wconf 77' lang='grc' dir='ltr'>ἐμὰς</span> <span class='ocrx_word' id='word_1_192' title='bbox 2667 1489 2963 1559; x_wconf 80' lang='grc' dir='ltr'>ἁμαρτίας,</span> <span class='ocrx_word' id='word_1_193' title='bbox 3024 1490 3300 1561; x_wconf 81' lang='grc' dir='ltr'>διαρκέσει</span> <span class='ocrx_word' id='word_1_194' title='bbox 3346 1490 3404 1544; x_wconf 78' lang='grc' dir='ltr'>δὲ</span> <span class='ocrx_word' id='word_1_195' title='bbox 3456 1490 3620 1560; x_wconf 76' lang='grc' dir='ltr'>μέχρι</span> <span class='ocrx_word' id='word_1_196' title='bbox 3665 1490 3910 1552; x_wconf 82' lang='grc' dir='ltr'>τὲλουςό</span> 
     </span>
    </p>
   </div>
   <div class='ocr_carea' id='block_1_32' title="bbox 2342 1578 3911 1652">
    <p class='ocr_par' dir='ltr' id='par_1_32' title="bbox 2342 1578 3911 1652">
     <span class='ocr_line' id='line_1_32' title="bbox 2342 1578 3911 1652; baseline 0.001 -19"><span class='ocrx_word' id='word_1_197' title='bbox 2342 1578 2544 1647; x_wconf 84' lang='grc' dir='ltr'>ἀγαθὸς</span> <span class='ocrx_word' id='word_1_198' title='bbox 2576 1579 3125 1650; x_wconf 77' lang='grc' dir='ltr'>ἀντιλαμϐανόμενος,</span> <span class='ocrx_word' id='word_1_199' title='bbox 3162 1582 3256 1634; x_wconf 78' lang='grc' dir='ltr'>καὶ</span> <span class='ocrx_word' id='word_1_200' title='bbox 3289 1582 3349 1635; x_wconf 85' lang='grc' dir='ltr'>οὐ</span> <span class='ocrx_word' id='word_1_201' title='bbox 3394 1582 3640 1652; x_wconf 82' lang='grc' dir='ltr'>διατεμεί</span> <span class='ocrx_word' id='word_1_202' title='bbox 3660 1580 3761 1651; x_wconf 83' lang='grc' dir='ltr'>τὴν</span> <span class='ocrx_word' id='word_1_203' title='bbox 3792 1581 3911 1650; x_wconf 74' lang='grc' dir='ltr'>βοή·</span> 
     </span>
    </p>
   </div>
   <div class='ocr_carea' id='block_1_33' title="bbox 2345 1670 3908 1744">
    <p class='ocr_par' dir='ltr' id='par_1_33' title="bbox 2345 1670 3908 1744">
     <span class='ocr_line' id='line_1_33' title="bbox 2345 1670 3908 1744; baseline 0.001 -21"><span class='ocrx_word' id='word_1_204' title='bbox 2345 1670 2516 1725; x_wconf 87' lang='grc' dir='ltr'>θειαν.</span> <span class='ocrx_word' id='word_1_205' title='bbox 2560 1671 2622 1723; x_wconf 83' lang='grc' dir='ltr'>Εἰ</span> <span class='ocrx_word' id='word_1_206' title='bbox 2651 1672 2707 1722; x_wconf 87' lang='grc' dir='ltr'>δ’</span> <span class='ocrx_word' id='word_1_207' title='bbox 2734 1672 2841 1741; x_wconf 79' lang='grc' dir='ltr'>ἄρα</span> <span class='ocrx_word' id='word_1_208' title='bbox 2878 1673 3212 1744; x_wconf 81' lang='grc' dir='ltr'>δυσχεράνας</span> <span class='ocrx_word' id='word_1_209' title='bbox 3238 1674 3361 1737; x_wconf 80' lang='grc' dir='ltr'>ταῖς</span> <span class='ocrx_word' id='word_1_210' title='bbox 3400 1675 3560 1743; x_wconf 67' lang='grc' dir='ltr'>ἐμαῖς</span> <span class='ocrx_word' id='word_1_211' title='bbox 3608 1672 3908 1742; x_wconf 77' lang='grc' dir='ltr'>ἁμαρτίαις</span> 
     </span>
    </p>
   </div>
   <div class='ocr_carea' id='block_1_34' title="bbox 2351 1756 4011 1831">
    <p class='ocr_par' dir='ltr' id='par_1_34' title="bbox 2351 1756 4011 1831">
     <span class='ocr_line' id='line_1_34' title="bbox 2351 1756 4011 1831; baseline 0 -20"><span class='ocrx_word' id='word_1_212' title='bbox 2351 1758 2548 1830; x_wconf 78' lang='grc' dir='ltr'>μικρὸν</span> <span class='ocrx_word' id='word_1_213' title='bbox 2580 1758 2898 1825; x_wconf 86' lang='grc' dir='ltr'>ύπενδὼσει,</span> <span class='ocrx_word' id='word_1_214' title='bbox 2929 1760 3092 1830; x_wconf 78' lang='grc' dir='ltr'>τυχὸν</span> <span class='ocrx_word' id='word_1_215' title='bbox 3139 1761 3263 1831; x_wconf 76' lang='grc' dir='ltr'>ἐμοὶ</span> <span class='ocrx_word' id='word_1_216' title='bbox 3312 1761 3374 1813; x_wconf 80' lang='grc' dir='ltr'>τὸ</span> <span class='ocrx_word' id='word_1_217' title='bbox 3407 1759 3651 1814; x_wconf 62' lang='grc' dir='ltr'>ἐκποδὼν</span> <span class='ocrx_word' id='word_1_218' title='bbox 3693 1761 3905 1812; x_wconf 85' lang='grc' dir='ltr'>οίκονο-</span> <span class='ocrx_word' id='word_1_219' title='bbox 4010 1756 4011 1761; x_wconf 55' lang='grc'><em>“</em></span> 
     </span>
    </p>
   </div>
   <div class='ocr_carea' id='block_1_35' title="bbox 667 1839 2249 1921">
    <p class='ocr_par' dir='ltr' id='par_1_35' title="bbox 667 1839 2239 1917">
     <span class='ocr_line' id='line_1_35' title="bbox 667 1839 2239 1917; baseline 0.006 -23"><span class='ocrx_word' id='word_1_220' title='bbox 667 1850 785 1896; x_wconf 87' lang='lat' dir='ltr'><strong>ctor</strong></span> <span class='ocrx_word' id='word_1_221' title='bbox 830 1839 1065 1912; x_wconf 75' lang='lat' dir='ltr'><strong>spiritu,</strong></span> <span class='ocrx_word' id='word_1_222' title='bbox 1123 1856 1481 1917; x_wconf 81' lang='lat' dir='ltr'><strong>nostramque</strong></span> <span class='ocrx_word' id='word_1_223' title='bbox 1536 1850 1786 1917; x_wconf 87' lang='lat' dir='ltr'><strong>precibus</strong></span> <span class='ocrx_word' id='word_1_224' title='bbox 1842 1853 2040 1907; x_wconf 76' lang='lat' dir='ltr'><strong>vestris</strong></span> <span class='ocrx_word' id='word_1_225' title='bbox 2085 1866 2239 1904; x_wconf 83' lang='lat' dir='ltr'><strong>com-</strong></span> 
     </span>
    </p>
   </div>
   <div class='ocr_carea' id='block_1_36' title="bbox 2351 1839 3907 1921">
    <p class='ocr_par' dir='ltr' id='par_1_36' title="bbox 2351 1849 3907 1921">
     <span class='ocr_line' id='line_1_36' title="bbox 2351 1849 3907 1921; baseline -0.001 -20"><span class='ocrx_word' id='word_1_226' title='bbox 2351 1851 2510 1919; x_wconf 85' lang='grc' dir='ltr'>μήσει</span> <span class='ocrx_word' id='word_1_227' title='bbox 2539 1849 2812 1917; x_wconf 79' lang='grc' dir='ltr'>γενέσθαι,</span> <span class='ocrx_word' id='word_1_228' title='bbox 2844 1850 2999 1921; x_wconf 80' lang='grc' dir='ltr'>ὑμῶν</span> <span class='ocrx_word' id='word_1_229' title='bbox 3034 1852 3093 1905; x_wconf 78' lang='grc' dir='ltr'>δὲ</span> <span class='ocrx_word' id='word_1_230' title='bbox 3130 1852 3342 1911; x_wconf 85' lang='grc' dir='ltr'>πάντως</span> <span class='ocrx_word' id='word_1_231' title='bbox 3369 1849 3725 1917; x_wconf 76' lang='grc' dir='ltr'>ἀντιλήψεται</span> <span class='ocrx_word' id='word_1_232' title='bbox 3779 1865 3907 1900; x_wconf 61' lang='grc' dir='ltr'>συνη</span> 
     </span>
    </p>
   </div>
   <div class='ocr_carea' id='block_1_37' title="bbox 2344 1939 3906 2010">
    <p class='ocr_par' dir='ltr' id='par_1_37' title="bbox 2344 1939 3906 2010">
     <span class='ocr_line' id='line_1_37' title="bbox 2344 1939 3906 2010; baseline -0.003 -15"><span class='ocrx_word' id='word_1_233' title='bbox 2344 1941 2511 2010; x_wconf 85' lang='grc' dir='ltr'>ήθως,</span> <span class='ocrx_word' id='word_1_234' title='bbox 2544 1942 2638 1997; x_wconf 82' lang='grc' dir='ltr'>καὶ</span> <span class='ocrx_word' id='word_1_235' title='bbox 2686 1941 2849 2006; x_wconf 81' lang='grc' dir='ltr'>δείξει</span> <span class='ocrx_word' id='word_1_236' title='bbox 2880 1941 3005 2004; x_wconf 79' lang='grc' dir='ltr'>τοὺς</span> <span class='ocrx_word' id='word_1_237' title='bbox 3027 1941 3121 1993; x_wconf 71' lang='grc' dir='ltr'>ἐπὶ</span> <span class='ocrx_word' id='word_1_238' title='bbox 3149 1940 3454 2010; x_wconf 80' lang='grc' dir='ltr'>κακουργίᾳ</span> <span class='ocrx_word' id='word_1_239' title='bbox 3501 1939 3906 2009; x_wconf 81' lang='grc' dir='ltr'>ὠφρυωμένους</span> 
     </span>
    </p>
   </div>
   <div class='ocr_carea' id='block_1_38' title="bbox 668 2008 4011 2109">
    <p class='ocr_par' dir='ltr' id='par_1_38' title="bbox 668 2008 4011 2109">
     <span class='ocr_line' id='line_1_38' title="bbox 668 2008 4011 2109; baseline 0 -27"><span class='ocrx_word' id='word_1_240' title='bbox 668 2027 848 2098; x_wconf 79' lang='grc' dir='ltr'>πολλῷ</span> <span class='ocrx_word' id='word_1_241' title='bbox 880 2028 1040 2084; x_wconf 76' lang='grc' dir='ltr'>πλέον</span> <span class='ocrx_word' id='word_1_242' title='bbox 1073 2032 1106 2101; x_wconf 80' lang='grc' dir='ltr'><strong>ἢ</strong></span> <span class='ocrx_word' id='word_1_243' title='bbox 1145 2032 1268 2084; x_wconf 83' lang='grc' dir='ltr'>ὅσον</span> <span class='ocrx_word' id='word_1_244' title='bbox 1307 2032 1399 2085; x_wconf 76' lang='grc' dir='ltr'>ἐπὶ</span> <span class='ocrx_word' id='word_1_245' title='bbox 1428 2032 1601 2109; x_wconf 79' lang='grc' dir='ltr'>ταύτῃ</span> <span class='ocrx_word' id='word_1_246' title='bbox 1665 2032 1851 2098; x_wconf 62' lang='grc' dir='ltr'>ἔδοξαν</span> <span class='ocrx_word' id='word_1_247' title='bbox 1876 2033 2132 2104; x_wconf 84' lang='grc' dir='ltr'>ήσθῆναι,</span> <span class='ocrx_word' id='word_1_248' title='bbox 2175 2008 2674 2105; x_wconf 76' lang='grc' dir='ltr'>καὶλυπουμένους</span> <span class='ocrx_word' id='word_1_249' title='bbox 2736 2008 3743 2104; x_wconf 72' lang='grc' dir='ltr'>καὶσκυθρωπάζοντας.Ἀσπάζομαι</span> <span class='ocrx_word' id='word_1_250' title='bbox 3765 2031 3908 2100; x_wconf 78' lang='grc' dir='ltr'>ὑμᾶς</span> <span class='ocrx_word' id='word_1_251' title='bbox 4010 2046 4011 2051; x_wconf 79' lang='lat'>‘</span> 
     </span>
    </p>
   </div>
   <div class='ocr_carea' id='block_1_39' title="bbox 668 2114 3908 2197">
    <p class='ocr_par' dir='ltr' id='par_1_39' title="bbox 668 2114 3908 2197">
     <span class='ocr_line' id='line_1_39' title="bbox 668 2114 3908 2197; baseline 0.004 -32"><span class='ocrx_word' id='word_1_252' title='bbox 668 2116 727 2166; x_wconf 81' lang='grc' dir='ltr'>ὲν</span> <span class='ocrx_word' id='word_1_253' title='bbox 760 2114 972 2187; x_wconf 82' lang='grc' dir='ltr'>Κυρίῳ,</span> <span class='ocrx_word' id='word_1_254' title='bbox 1011 2119 1107 2171; x_wconf 78' lang='grc' dir='ltr'>καὶ</span> <span class='ocrx_word' id='word_1_255' title='bbox 1130 2118 1204 2183; x_wconf 86' lang='grc' dir='ltr'>ὡς</span> <span class='ocrx_word' id='word_1_256' title='bbox 1236 2121 1425 2193; x_wconf 86' lang='grc' dir='ltr'>παρὼν</span> <span class='ocrx_word' id='word_1_257' title='bbox 1453 2123 1553 2193; x_wconf 76' lang='grc' dir='ltr'>ήδη</span> <span class='ocrx_word' id='word_1_258' title='bbox 1577 2122 1652 2194; x_wconf 81' lang='grc' dir='ltr'>τῷ</span> <span class='ocrx_word' id='word_1_259' title='bbox 1675 2124 1956 2196; x_wconf 80' lang='grc' dir='ltr'>πνεύματι</span> <span class='ocrx_word' id='word_1_260' title='bbox 1994 2124 2355 2196; x_wconf 79' lang='grc' dir='ltr'>περιφύομαι,</span> <span class='ocrx_word' id='word_1_261' title='bbox 2396 2126 2618 2197; x_wconf 74' lang='grc' dir='ltr'>καὶτῆς</span> <span class='ocrx_word' id='word_1_262' title='bbox 2651 2126 2808 2196; x_wconf 77' lang='grc' dir='ltr'>ήμῶν</span> <span class='ocrx_word' id='word_1_263' title='bbox 2845 2125 3079 2180; x_wconf 85' lang='grc' dir='ltr'>δυσωπῶ</span> <span class='ocrx_word' id='word_1_264' title='bbox 3134 2123 3535 2195; x_wconf 77' lang='grc' dir='ltr'>ὑπερεύχεσθαι</span> <span class='ocrx_word' id='word_1_265' title='bbox 3589 2123 3908 2189; x_wconf 78' lang='grc' dir='ltr'>ταπεινότη-</span> 
     </span>
    </p>
   </div>
   <div class='ocr_carea' id='block_1_40' title="bbox 674 2223 788 2270">
    <p class='ocr_par' dir='ltr' id='par_1_40' title="bbox 674 2223 788 2270">
     <span class='ocr_line' id='line_1_40' title="bbox 674 2223 788 2270; baseline -0.009 -11"><span class='ocrx_word' id='word_1_266' title='bbox 674 2223 788 2270; x_wconf 75' lang='grc' dir='ltr'>τος.</span> 
     </span>
    </p>
   </div>
   <div class='ocr_carea' id='block_1_41' title="bbox 833 2344 2078 2425">
    <p class='ocr_par' dir='ltr' id='par_1_41' title="bbox 833 2344 2078 2425">
     <span class='ocr_line' id='line_1_41' title="bbox 833 2344 2078 2425; baseline 0.01 -26"><span class='ocrx_word' id='word_1_267' title='bbox 833 2344 1122 2402; x_wconf 76' lang='lat' dir='ltr'><strong>CXXXlll.</strong></span> <span class='ocrx_word' id='word_1_268' title='bbox 1155 2348 1315 2403; x_wconf 85' lang='lat' dir='ltr'><strong>Petro</strong></span> <span class='ocrx_word' id='word_1_269' title='bbox 1346 2350 1637 2406; x_wconf 85' lang='lat' dir='ltr'><strong>Alanorum</strong></span> <span class='ocrx_word' id='word_1_270' title='bbox 1669 2355 2078 2425; x_wconf 79' lang='lat' dir='ltr'><strong>archiepiscopo.</strong></span> 
     </span>
    </p>
   </div>
   <div class='ocr_carea' id='block_1_42' title="bbox 739 2478 2247 2550">
    <p class='ocr_par' dir='ltr' id='par_1_42' title="bbox 739 2478 2247 2550">
     <span class='ocr_line' id='line_1_42' title="bbox 739 2478 2247 2550; baseline 0.011 -19"><span class='ocrx_word' id='word_1_271' title='bbox 739 2478 989 2536; x_wconf 80' lang='lat' dir='ltr'><strong>Miscrias</strong></span> <span class='ocrx_word' id='word_1_272' title='bbox 1036 2484 1173 2550; x_wconf 76' lang='lat' dir='ltr'><strong>quds</strong></span> <span class='ocrx_word' id='word_1_273' title='bbox 1204 2498 1269 2538; x_wconf 80' lang='lat' dir='ltr'>ex</span> <span class='ocrx_word' id='word_1_274' title='bbox 1304 2484 1501 2541; x_wconf 88' lang='lat' dir='ltr'><strong>litteris</strong></span> <span class='ocrx_word' id='word_1_275' title='bbox 1533 2487 1640 2541; x_wconf 86' lang='lat' dir='ltr'><strong>tuis</strong></span> <span class='ocrx_word' id='word_1_276' title='bbox 1676 2488 1967 2544; x_wconf 82' lang='lat' dir='ltr'><strong>didicimus</strong></span> <span class='ocrx_word' id='word_1_277' title='bbox 1993 2499 2047 2545; x_wconf 89' lang='lat' dir='ltr'>et</span> <span class='ocrx_word' id='word_1_278' title='bbox 2068 2507 2247 2547; x_wconf 89' lang='lat' dir='ltr'><strong>rerum</strong></span> 
     </span>
    </p>
   </div>
   <div class='ocr_carea' id='block_1_43' title="bbox 673 2572 2248 2653">
    <p class='ocr_par' dir='ltr' id='par_1_43' title="bbox 673 2572 2248 2653">
     <span class='ocr_line' id='line_1_43' title="bbox 673 2572 2248 2653; baseline 0.008 -26"><span class='ocrx_word' id='word_1_279' title='bbox 673 2582 848 2629; x_wconf 91' lang='lat' dir='ltr'><strong>status</strong></span> <span class='ocrx_word' id='word_1_280' title='bbox 887 2575 980 2646; x_wconf 91' lang='lat' dir='ltr'>qui</span> <span class='ocrx_word' id='word_1_281' title='bbox 1036 2592 1181 2633; x_wconf 90' lang='lat' dir='ltr'><strong>nunc</strong></span> <span class='ocrx_word' id='word_1_282' title='bbox 1222 2572 1309 2633; x_wconf 88' lang='lat' dir='ltr'>est</span> <span class='ocrx_word' id='word_1_283' title='bbox 1358 2577 1549 2653; x_wconf 87' lang='lat' dir='ltr'><strong>dolore</strong></span> <span class='ocrx_word' id='word_1_284' title='bbox 1582 2582 1825 2638; x_wconf 91' lang='lat' dir='ltr'><strong>animum</strong></span> <span class='ocrx_word' id='word_1_285' title='bbox 1877 2592 2126 2640; x_wconf 89' lang='lat' dir='ltr'><strong>nostrum</strong></span> <span class='ocrx_word' id='word_1_286' title='bbox 2164 2587 2248 2641; x_wconf 76' lang='lat' dir='ltr'>af-</span> 
     </span>
    </p>
   </div>
   <div class='ocr_carea' id='block_1_44' title="bbox 673 2662 2251 2743">
    <p class='ocr_par' dir='ltr' id='par_1_44' title="bbox 673 2662 2251 2743">
     <span class='ocr_line' id='line_1_44' title="bbox 673 2662 2251 2743; baseline 0.011 -27"><span class='ocrx_word' id='word_1_287' title='bbox 673 2662 939 2730; x_wconf 75' lang='lat' dir='ltr'><strong>fecerunt,</strong></span> <span class='ocrx_word' id='word_1_288' title='bbox 988 2680 1094 2719; x_wconf 91' lang='lat' dir='ltr'>non</span> <span class='ocrx_word' id='word_1_289' title='bbox 1150 2676 1331 2724; x_wconf 89' lang='lat' dir='ltr'><strong>autem</strong></span> <span class='ocrx_word' id='word_1_290' title='bbox 1356 2670 1551 2727; x_wconf 82' lang='lat' dir='ltr'><strong>solatio</strong></span> <span class='ocrx_word' id='word_1_291' title='bbox 1585 2673 1809 2727; x_wconf 91' lang='lat' dir='ltr'><strong>omnino</strong></span> <span class='ocrx_word' id='word_1_292' title='bbox 1857 2675 2091 2743; x_wconf 83' lang='lat' dir='ltr'><strong>rejecto;</strong></span> <span class='ocrx_word' id='word_1_293' title='bbox 2137 2687 2251 2732; x_wconf 87' lang='lat' dir='ltr'><strong>ete-</strong></span> 
     </span>
    </p>
   </div>
   <div class='ocr_carea' id='block_1_45' title="bbox 671 2755 2254 2836">
    <p class='ocr_par' dir='ltr' id='par_1_45' title="bbox 671 2755 2254 2836">
     <span class='ocr_line' id='line_1_45' title="bbox 671 2755 2254 2836; baseline 0.009 -27"><span class='ocrx_word' id='word_1_294' title='bbox 671 2756 784 2809; x_wconf 89' lang='lat' dir='ltr'>nim</span> <span class='ocrx_word' id='word_1_295' title='bbox 838 2755 1220 2813; x_wconf 83' lang='lat' dir='ltr'><strong>alllictionibus</strong></span> <span class='ocrx_word' id='word_1_296' title='bbox 1285 2768 1340 2815; x_wconf 89' lang='lat' dir='ltr'>et</span> <span class='ocrx_word' id='word_1_297' title='bbox 1402 2762 1845 2820; x_wconf 87' lang='lat' dir='ltr'><strong>tribulationibus</strong></span> <span class='ocrx_word' id='word_1_298' title='bbox 1909 2782 2034 2836; x_wconf 87' lang='lat' dir='ltr'><strong>spes</strong></span> <span class='ocrx_word' id='word_1_299' title='bbox 2085 2769 2254 2823; x_wconf 84' lang='lat' dir='ltr'><strong>inter-</strong></span> 
     </span>
    </p>
   </div>
   <div class='ocr_carea' id='block_1_46' title="bbox 674 2845 2256 2923">
    <p class='ocr_par' dir='ltr' id='par_1_46' title="bbox 674 2845 2256 2923">
     <span class='ocr_line' id='line_1_46' title="bbox 674 2845 2256 2923; baseline 0.008 -22"><span class='ocrx_word' id='word_1_300' title='bbox 674 2845 841 2911; x_wconf 84' lang='lat' dir='ltr'><strong>cedit,</strong></span> <span class='ocrx_word' id='word_1_301' title='bbox 881 2846 948 2902; x_wconf 90' lang='lat' dir='ltr'>ad</span> <span class='ocrx_word' id='word_1_302' title='bbox 1003 2847 1248 2905; x_wconf 86' lang='lat' dir='ltr'><strong>intimam</strong></span> <span class='ocrx_word' id='word_1_303' title='bbox 1279 2850 1514 2906; x_wconf 83' lang='lat' dir='ltr'><strong>animam</strong></span> <span class='ocrx_word' id='word_1_304' title='bbox 1566 2864 1813 2923; x_wconf 82' lang='lat' dir='ltr'><strong>penetrat</strong></span> <span class='ocrx_word' id='word_1_305' title='bbox 1840 2864 1893 2910; x_wconf 91' lang='lat' dir='ltr'>et</span> <span class='ocrx_word' id='word_1_306' title='bbox 1921 2857 2100 2913; x_wconf 74' lang='lat' dir='ltr'><strong>verbis</strong></span> <span class='ocrx_word' id='word_1_307' title='bbox 2128 2874 2256 2913; x_wconf 86' lang='lat' dir='ltr'><strong>sua-</strong></span> 
     </span>
    </p>
   </div>
   <div class='ocr_carea' id='block_1_47' title="bbox 677 2936 2249 3015">
    <p class='ocr_par' dir='ltr' id='par_1_47' title="bbox 677 2936 2249 3015">
     <span class='ocr_line' id='line_1_47' title="bbox 677 2936 2249 3015; baseline 0.008 -26"><span class='ocrx_word' id='word_1_308' title='bbox 677 2936 871 2991; x_wconf 85' lang='lat' dir='ltr'><strong>silihus</strong></span> <span class='ocrx_word' id='word_1_309' title='bbox 924 2938 1277 2993; x_wconf 87' lang='lat' dir='ltr'><strong>acerbitatem</strong></span> <span class='ocrx_word' id='word_1_310' title='bbox 1331 2940 1543 2994; x_wconf 91' lang='lat' dir='ltr'><strong>adimit.</strong></span> <span class='ocrx_word' id='word_1_311' title='bbox 1602 2940 1803 2997; x_wconf 81' lang='lat' dir='ltr'><strong>Rerum</strong></span> <span class='ocrx_word' id='word_1_312' title='bbox 1868 2960 1972 2999; x_wconf 90' lang='lat' dir='ltr'>nos</span> <span class='ocrx_word' id='word_1_313' title='bbox 2028 2946 2249 3015; x_wconf 86' lang='lat' dir='ltr'><strong>quidem</strong></span> 
     </span>
    </p>
   </div>
   <div class='ocr_carea' id='block_1_48' title="bbox 2513 2354 3732 2440">
    <p class='ocr_par' dir='ltr' id='par_1_48' title="bbox 2513 2354 3732 2440">
     <span class='ocr_line' id='line_1_48' title="bbox 2513 2354 3732 2440; baseline -0.002 -30"><span class='ocrx_word' id='word_1_314' title='bbox 2513 2357 2658 2411; x_wconf 79' lang='lat' dir='ltr'>PM&quot;</span> <span class='ocrx_word' id='word_1_315' title='bbox 2713 2356 2910 2424; x_wconf 80' lang='grc' dir='ltr'>Πέτρῳ</span> <span class='ocrx_word' id='word_1_316' title='bbox 2942 2356 3403 2424; x_wconf 79' lang='grc' dir='ltr'>ἁρχιεπισκόπφ.</span> <span class='ocrx_word' id='word_1_317' title='bbox 3435 2354 3732 2440; x_wconf 61' lang='grc' dir='ltr'>’ᾼλανίαςκ</span> 
     </span>
    </p>
   </div>
   <div class='ocr_carea' id='block_1_49' title="bbox 2417 2476 3905 2561">
    <p class='ocr_par' dir='ltr' id='par_1_49' title="bbox 2417 2476 3905 2561">
     <span class='ocr_line' id='line_1_49' title="bbox 2417 2476 3905 2561; baseline -0.002 -18"><span class='ocrx_word' id='word_1_318' title='bbox 2417 2491 2497 2545; x_wconf 82' lang='grc' dir='ltr'>Τά</span> <span class='ocrx_word' id='word_1_319' title='bbox 2530 2492 2628 2560; x_wconf 84' lang='grc' dir='ltr'>μὲν</span> <span class='ocrx_word' id='word_1_320' title='bbox 2677 2490 2809 2543; x_wconf 80' lang='grc' dir='ltr'>ἄλλα</span> <span class='ocrx_word' id='word_1_321' title='bbox 2840 2491 2935 2543; x_wconf 88' lang='grc' dir='ltr'>τοῦ</span> <span class='ocrx_word' id='word_1_322' title='bbox 2981 2490 3323 2561; x_wconf 82' lang='grc' dir='ltr'>γράμματος,</span> <span class='ocrx_word' id='word_1_323' title='bbox 3375 2489 3457 2543; x_wconf 84' lang='grc' dir='ltr'>δι’</span> <span class='ocrx_word' id='word_1_324' title='bbox 3498 2485 3575 2543; x_wconf 82' lang='grc' dir='ltr'>ῶν</span> <span class='ocrx_word' id='word_1_325' title='bbox 3610 2488 3739 2551; x_wconf 82' lang='grc' dir='ltr'>τοὺς</span> <span class='ocrx_word' id='word_1_326' title='bbox 3788 2476 3905 2549; x_wconf 77' lang='grc' dir='ltr'>σοὺς</span> 
     </span>
    </p>
   </div>
   <div class='ocr_carea' id='block_1_50' title="bbox 2346 2578 4011 2655">
    <p class='ocr_par' dir='ltr' id='par_1_50' title="bbox 2346 2578 4011 2655">
     <span class='ocr_line' id='line_1_50' title="bbox 2346 2578 4011 2655; baseline 0.005 -28"><span class='ocrx_word' id='word_1_327' title='bbox 2346 2584 2437 2637; x_wconf 82' lang='grc' dir='ltr'>ἀνε</span> <span class='ocrx_word' id='word_1_328' title='bbox 2447 2583 2786 2651; x_wconf 80' lang='grc' dir='ltr'>μανθάνομεν</span> <span class='ocrx_word' id='word_1_329' title='bbox 2812 2582 3003 2643; x_wconf 82' lang='grc' dir='ltr'>πόνους</span> <span class='ocrx_word' id='word_1_330' title='bbox 3017 2581 3108 2633; x_wconf 76' lang='grc' dir='ltr'>καὶ</span> <span class='ocrx_word' id='word_1_331' title='bbox 3120 2580 3219 2648; x_wconf 79' lang='grc' dir='ltr'>τὴν</span> <span class='ocrx_word' id='word_1_332' title='bbox 3231 2578 3335 2632; x_wconf 86' lang='grc' dir='ltr'>τῶν</span> <span class='ocrx_word' id='word_1_333' title='bbox 3359 2580 3700 2649; x_wconf 81' lang='grc' dir='ltr'>πραγμάτων</span> <span class='ocrx_word' id='word_1_334' title='bbox 3725 2578 3907 2648; x_wconf 84' lang='grc' dir='ltr'>περίσ·</span> <span class='ocrx_word' id='word_1_335' title='bbox 4010 2636 4011 2655; x_wconf 24' lang='grc' dir='ltr'>γ</span> 
     </span>
    </p>
   </div>
   <div class='ocr_carea' id='block_1_51' title="bbox 2345 2669 4011 2740">
    <p class='ocr_par' dir='ltr' id='par_1_51' title="bbox 2345 2669 4011 2740">
     <span class='ocr_line' id='line_1_51' title="bbox 2345 2669 4011 2740; baseline -0.002 -15"><span class='ocrx_word' id='word_1_336' title='bbox 2345 2689 2522 2739; x_wconf 83' lang='grc' dir='ltr'>τασιν,</span> <span class='ocrx_word' id='word_1_337' title='bbox 2569 2671 2744 2740; x_wconf 80' lang='grc' dir='ltr'>λύπην</span> <span class='ocrx_word' id='word_1_338' title='bbox 2802 2672 2899 2740; x_wconf 78' lang='grc' dir='ltr'>μὲν</span> <span class='ocrx_word' id='word_1_339' title='bbox 2940 2672 3051 2733; x_wconf 80' lang='grc' dir='ltr'>τοῖς</span> <span class='ocrx_word' id='word_1_340' title='bbox 3096 2669 3228 2723; x_wconf 78' lang='grc' dir='ltr'>ὠσὶν</span> <span class='ocrx_word' id='word_1_341' title='bbox 3270 2670 3426 2739; x_wconf 81' lang='grc' dir='ltr'>ἡμῶν</span> <span class='ocrx_word' id='word_1_342' title='bbox 3470 2670 3708 2722; x_wconf 72' lang='grc' dir='ltr'>ἐνεποίει</span> <span class='ocrx_word' id='word_1_343' title='bbox 3741 2684 3907 2738; x_wconf 82' lang='grc' dir='ltr'>προσ·</span> <span class='ocrx_word' id='word_1_344' title='bbox 4010 2670 4011 2740; x_wconf 39' lang='grc' dir='ltr'>γ</span> 
     </span>
    </p>
   </div>
   <div class='ocr_carea' id='block_1_52' title="bbox 2346 2758 3901 2830">
    <p class='ocr_par' dir='ltr' id='par_1_52' title="bbox 2346 2758 3901 2830">
     <span class='ocr_line' id='line_1_52' title="bbox 2346 2758 3901 2830; baseline -0.004 -15"><span class='ocrx_word' id='word_1_345' title='bbox 2346 2764 2629 2827; x_wconf 86' lang='grc' dir='ltr'>πίπτοντα,</span> <span class='ocrx_word' id='word_1_346' title='bbox 2676 2761 2814 2830; x_wconf 80' lang='grc' dir='ltr'>πλὴν</span> <span class='ocrx_word' id='word_1_347' title='bbox 2847 2762 2943 2830; x_wconf 79' lang='grc' dir='ltr'>οὐχ</span> <span class='ocrx_word' id='word_1_348' title='bbox 2978 2758 3119 2813; x_wconf 75' lang='grc' dir='ltr'>οὕτω</span> <span class='ocrx_word' id='word_1_349' title='bbox 3153 2759 3400 2830; x_wconf 78' lang='grc' dir='ltr'>δριμεῖαν</span> <span class='ocrx_word' id='word_1_350' title='bbox 3429 2760 3551 2812; x_wconf 75' lang='grc' dir='ltr'>οὐδὲ</span> <span class='ocrx_word' id='word_1_351' title='bbox 3582 2759 3901 2830; x_wconf 87' lang='grc' dir='ltr'>παρακλήσ-</span> 
     </span>
    </p>
   </div>
   <div class='ocr_carea' id='block_1_53' title="bbox 2343 2848 3906 2927">
    <p class='ocr_par' dir='ltr' id='par_1_53' title="bbox 2343 2848 3906 2927">
     <span class='ocr_line' id='line_1_53' title="bbox 2343 2848 3906 2927; baseline -0.004 -22"><span class='ocrx_word' id='word_1_352' title='bbox 2343 2870 2446 2914; x_wconf 78' lang='grc' dir='ltr'>εως</span> <span class='ocrx_word' id='word_1_353' title='bbox 2502 2852 2832 2927; x_wconf 80' lang='grc' dir='ltr'>ἀποροῦσαν,</span> <span class='ocrx_word' id='word_1_354' title='bbox 2881 2852 3014 2904; x_wconf 87' lang='grc' dir='ltr'>διότι</span> <span class='ocrx_word' id='word_1_355' title='bbox 3055 2850 3235 2927; x_wconf 84' lang='grc' dir='ltr'>πάσης</span> <span class='ocrx_word' id='word_1_356' title='bbox 3294 2850 3386 2904; x_wconf 71' lang='grc' dir='ltr'>καὶ</span> <span class='ocrx_word' id='word_1_357' title='bbox 3440 2848 3765 2919; x_wconf 80' lang='grc' dir='ltr'>δυσχερείας</span> <span class='ocrx_word' id='word_1_358' title='bbox 3818 2848 3906 2901; x_wconf 78' lang='grc' dir='ltr'>καὶ</span> 
     </span>
    </p>
   </div>
   <div class='ocr_carea' id='block_1_54' title="bbox 2350 2935 3906 3013">
    <p class='ocr_par' dir='ltr' id='par_1_54' title="bbox 2350 2935 3906 3013">
     <span class='ocr_line' id='line_1_54' title="bbox 2350 2935 3906 3013; baseline -0.004 -15"><span class='ocrx_word' id='word_1_359' title='bbox 2350 2946 2580 3013; x_wconf 75' lang='grc' dir='ltr'>θλίψεως</span> <span class='ocrx_word' id='word_1_360' title='bbox 2602 2944 2757 3004; x_wconf 76' lang='grc' dir='ltr'>ἐλπὶς</span> <span class='ocrx_word' id='word_1_361' title='bbox 2801 2940 3166 3013; x_wconf 75' lang='grc' dir='ltr'>προλαϐοῦσα.</span> <span class='ocrx_word' id='word_1_362' title='bbox 3226 2943 3319 2994; x_wconf 81' lang='grc' dir='ltr'>καὶ</span> <span class='ocrx_word' id='word_1_363' title='bbox 3357 2935 3469 2993; x_wconf 73' lang='grc' dir='ltr'>οἷον</span> <span class='ocrx_word' id='word_1_364' title='bbox 3518 2939 3906 3009; x_wconf 79' lang='grc' dir='ltr'>ὲγγυμνάσασα</span> 
     </span>
    </p>
   </div>
   <div class='ocr_carea' id='block_1_55' title="bbox 676 3028 2249 3110">
    <p class='ocr_par' dir='ltr' id='par_1_55' title="bbox 676 3028 2249 3107">
     <span class='ocr_line' id='line_1_55' title="bbox 676 3028 2249 3107; baseline 0.006 -25"><span class='ocrx_word' id='word_1_365' title='bbox 676 3028 1049 3083; x_wconf 88' lang='lat' dir='ltr'><strong>conditionem</strong></span> <span class='ocrx_word' id='word_1_366' title='bbox 1112 3030 1177 3084; x_wconf 92' lang='lat' dir='ltr'>ad</span> <span class='ocrx_word' id='word_1_367' title='bbox 1234 3046 1395 3099; x_wconf 90' lang='lat' dir='ltr'><strong>quam</strong></span> <span class='ocrx_word' id='word_1_368' title='bbox 1432 3049 1463 3086; x_wconf 89' lang='lat' dir='ltr'>a</span> <span class='ocrx_word' id='word_1_369' title='bbox 1504 3033 1709 3100; x_wconf 89' lang='lat' dir='ltr'><strong>Spiritu</strong></span> <span class='ocrx_word' id='word_1_370' title='bbox 1744 3046 1936 3091; x_wconf 87' lang='lat' dir='ltr'><strong>sancto</strong></span> <span class='ocrx_word' id='word_1_371' title='bbox 1963 3046 2249 3107; x_wconf 84' lang='lat' dir='ltr'><strong>provectus</strong></span> 
     </span>
    </p>
   </div>
   <div class='ocr_carea' id='block_1_56' title="bbox 2351 3028 3905 3110">
    <p class='ocr_par' dir='ltr' id='par_1_56' title="bbox 2351 3029 3905 3110">
     <span class='ocr_line' id='line_1_56' title="bbox 2351 3029 3905 3110; baseline -0.005 -22"><span class='ocrx_word' id='word_1_372' title='bbox 2351 3037 2451 3105; x_wconf 77' lang='grc' dir='ltr'>τὴν</span> <span class='ocrx_word' id='word_1_373' title='bbox 2479 3034 2667 3110; x_wconf 26' lang='grc' dir='ltr'>ψυχὴν,</span> <span class='ocrx_word' id='word_1_374' title='bbox 2686 3037 2755 3104; x_wconf 69' lang='grc' dir='ltr'>τῇ</span> <span class='ocrx_word' id='word_1_375' title='bbox 2782 3031 2984 3101; x_wconf 75' lang='grc' dir='ltr'>ἑαυτῆς</span> <span class='ocrx_word' id='word_1_376' title='bbox 3011 3029 3199 3101; x_wconf 75' lang='grc' dir='ltr'>ὁμιλίᾳ</span> <span class='ocrx_word' id='word_1_377' title='bbox 3234 3033 3660 3101; x_wconf 70' lang='grc' dir='ltr'>πρωφαιρεῖται</span> <span class='ocrx_word' id='word_1_378' title='bbox 3689 3031 3755 3084; x_wconf 77' lang='grc' dir='ltr'>τὸ</span> <span class='ocrx_word' id='word_1_379' title='bbox 3780 3029 3905 3083; x_wconf 83' lang='grc' dir='ltr'>πολὺ</span> 
     </span>
    </p>
   </div>
   <div class='ocr_carea' id='block_1_57' title="bbox 675 3121 2249 3193">
    <p class='ocr_par' dir='ltr' id='par_1_57' title="bbox 675 3121 2249 3193">
     <span class='ocr_line' id='line_1_57' title="bbox 675 3121 2249 3193; baseline 0.006 -20"><span class='ocrx_word' id='word_1_380' title='bbox 675 3135 757 3183; x_wconf 85' lang='lat' dir='ltr'>es,</span> <span class='ocrx_word' id='word_1_381' title='bbox 791 3134 853 3173; x_wconf 82' lang='lat' dir='ltr'><strong>ex</strong></span> <span class='ocrx_word' id='word_1_382' title='bbox 885 3121 1049 3190; x_wconf 77' lang='lat' dir='ltr'><strong>longo</strong></span> <span class='ocrx_word' id='word_1_383' title='bbox 1084 3130 1331 3191; x_wconf 88' lang='lat' dir='ltr'><strong>tempore</strong></span> <span class='ocrx_word' id='word_1_384' title='bbox 1368 3131 1552 3178; x_wconf 89' lang='lat' dir='ltr'><strong>notam</strong></span> <span class='ocrx_word' id='word_1_385' title='bbox 1595 3125 1878 3193; x_wconf 85' lang='lat' dir='ltr'><strong>habentes,</strong></span> <span class='ocrx_word' id='word_1_386' title='bbox 1902 3143 2006 3182; x_wconf 91' lang='lat' dir='ltr'>nec</span> <span class='ocrx_word' id='word_1_387' title='bbox 2041 3128 2249 3182; x_wconf 80' lang='lat' dir='ltr'><strong>facilem</strong></span> 
     </span>
    </p>
   </div>
   <div class='ocr_carea' id='block_1_58' title="bbox 672 3211 2253 3281">
    <p class='ocr_par' dir='ltr' id='par_1_58' title="bbox 672 3211 2253 3281">
     <span class='ocr_line' id='line_1_58' title="bbox 672 3211 2253 3281; baseline 0.005 -16"><span class='ocrx_word' id='word_1_388' title='bbox 672 3211 984 3281; x_wconf 69' lang='lat' dir='ltr'><strong>iudicamus</strong></span> <span class='ocrx_word' id='word_1_389' title='bbox 1021 3228 1122 3268; x_wconf 86' lang='lat' dir='ltr'>nec</span> <span class='ocrx_word' id='word_1_390' title='bbox 1168 3213 1448 3270; x_wconf 87' lang='lat' dir='ltr'><strong>laboribus</strong></span> <span class='ocrx_word' id='word_1_391' title='bbox 1482 3215 1728 3270; x_wconf 89' lang='lat' dir='ltr'><strong>liberam.</strong></span> <span class='ocrx_word' id='word_1_392' title='bbox 1774 3218 1846 3272; x_wconf 82' lang='lat' dir='ltr'>Ex</span> <span class='ocrx_word' id='word_1_393' title='bbox 1882 3212 2080 3274; x_wconf 81' lang='lat' dir='ltr'><strong>litteris</strong></span> <span class='ocrx_word' id='word_1_394' title='bbox 2117 3220 2253 3273; x_wconf 83' lang='lat' dir='ltr'><strong>vidi-</strong></span> 
     </span>
    </p>
   </div>
   <div class='ocr_carea' id='block_1_59' title="bbox 677 3305 2251 3381">
    <p class='ocr_par' dir='ltr' id='par_1_59' title="bbox 677 3305 2251 3381">
     <span class='ocr_line' id='line_1_59' title="bbox 677 3305 2251 3381; baseline 0.006 -24"><span class='ocrx_word' id='word_1_395' title='bbox 677 3320 801 3358; x_wconf 82' lang='lat' dir='ltr'>mus</span> <span class='ocrx_word' id='word_1_396' title='bbox 832 3305 944 3360; x_wconf 89' lang='lat' dir='ltr'><strong>tuis</strong></span> <span class='ocrx_word' id='word_1_397' title='bbox 971 3321 1095 3375; x_wconf 59' lang='lat' dir='ltr'><strong>quae</strong></span> <span class='ocrx_word' id='word_1_398' title='bbox 1128 3305 1223 3361; x_wconf 87' lang='lat' dir='ltr'><strong>tibi</strong></span> <span class='ocrx_word' id='word_1_399' title='bbox 1258 3307 1594 3371; x_wconf 84' lang='lat' dir='ltr'><strong>acciderunt,</strong></span> <span class='ocrx_word' id='word_1_400' title='bbox 1635 3309 1819 3379; x_wconf 88' lang='lat' dir='ltr'><strong>ibique</strong></span> <span class='ocrx_word' id='word_1_401' title='bbox 1859 3310 1995 3365; x_wconf 87' lang='lat' dir='ltr'><strong>nihil</strong></span> <span class='ocrx_word' id='word_1_402' title='bbox 2026 3327 2251 3381; x_wconf 87' lang='lat' dir='ltr'><strong>perspe-</strong></span> 
     </span>
    </p>
   </div>
   <div class='ocr_carea' id='block_1_60' title="bbox 677 3394 2251 3463">
    <p class='ocr_par' dir='ltr' id='par_1_60' title="bbox 677 3394 2251 3463">
     <span class='ocr_line' id='line_1_60' title="bbox 677 3394 2251 3463; baseline 0.003 -14"><span class='ocrx_word' id='word_1_403' title='bbox 677 3394 857 3449; x_wconf 78' lang='lat' dir='ltr'><strong>ximus</strong></span> <span class='ocrx_word' id='word_1_404' title='bbox 913 3396 1297 3463; x_wconf 83' lang='lat' dir='ltr'><strong>improvisum,</strong></span> <span class='ocrx_word' id='word_1_405' title='bbox 1345 3398 1445 3451; x_wconf 87' lang='lat' dir='ltr'><strong>etsi</strong></span> <span class='ocrx_word' id='word_1_406' title='bbox 1500 3398 1683 3452; x_wconf 87' lang='lat' dir='ltr'><strong>tristes</strong></span> <span class='ocrx_word' id='word_1_407' title='bbox 1733 3403 1844 3453; x_wconf 79' lang='lat' dir='ltr'><strong>sint</strong></span> <span class='ocrx_word' id='word_1_408' title='bbox 1884 3414 2006 3461; x_wconf 85' lang='lat' dir='ltr'><strong>res;</strong></span> <span class='ocrx_word' id='word_1_409' title='bbox 2050 3402 2251 3455; x_wconf 88' lang='lat' dir='ltr'><strong>malum</strong></span> 
     </span>
    </p>
   </div>
   <div class='ocr_carea' id='block_1_61' title="bbox 676 3487 2293 3559">
    <p class='ocr_par' dir='ltr' id='par_1_61' title="bbox 676 3487 2293 3559">
     <span class='ocr_line' id='line_1_61' title="bbox 676 3487 2293 3559; baseline 0.003 -18"><span class='ocrx_word' id='word_1_410' title='bbox 676 3497 856 3542; x_wconf 87' lang='lat' dir='ltr'><strong>tamen</strong></span> <span class='ocrx_word' id='word_1_411' title='bbox 911 3487 1072 3542; x_wconf 87' lang='lat' dir='ltr'><strong>nobis</strong></span> <span class='ocrx_word' id='word_1_412' title='bbox 1121 3487 1336 3543; x_wconf 79' lang='lat' dir='ltr'><strong>videtur</strong></span> <span class='ocrx_word' id='word_1_413' title='bbox 1384 3488 1751 3558; x_wconf 69' lang='lat' dir='ltr'><strong>tolerandum,</strong></span> <span class='ocrx_word' id='word_1_414' title='bbox 1803 3490 1931 3558; x_wconf 87' lang='lat' dir='ltr'><strong>quia</strong></span> <span class='ocrx_word' id='word_1_415' title='bbox 1969 3489 2293 3559; x_wconf 12' lang='lat' dir='ltr'><strong>habiturus,</strong></span> 
     </span>
    </p>
   </div>
   <div class='ocr_carea' id='block_1_62' title="bbox 676 3578 2253 3649">
    <p class='ocr_par' dir='ltr' id='par_1_62' title="bbox 676 3578 2253 3649">
     <span class='ocr_line' id='line_1_62' title="bbox 676 3578 2253 3649; baseline 0.001 -16"><span class='ocrx_word' id='word_1_416' title='bbox 676 3594 740 3633; x_wconf 90' lang='lat' dir='ltr'>es</span> <span class='ocrx_word' id='word_1_417' title='bbox 769 3579 1209 3633; x_wconf 87' lang='lat' dir='ltr'><strong>retributionem.</strong></span> <span class='ocrx_word' id='word_1_418' title='bbox 1247 3578 1360 3633; x_wconf 77' lang='lat' dir='ltr'><strong>Hoc</strong></span> <span class='ocrx_word' id='word_1_419' title='bbox 1396 3590 1575 3635; x_wconf 87' lang='lat' dir='ltr'><strong>autem</strong></span> <span class='ocrx_word' id='word_1_420' title='bbox 1606 3580 1838 3633; x_wconf 87' lang='lat' dir='ltr'><strong>dicimus</strong></span> <span class='ocrx_word' id='word_1_421' title='bbox 1870 3594 1977 3635; x_wconf 90' lang='lat' dir='ltr'>non</span> <span class='ocrx_word' id='word_1_422' title='bbox 2026 3582 2092 3636; x_wconf 89' lang='lat' dir='ltr'>ad</span> <span class='ocrx_word' id='word_1_423' title='bbox 2122 3596 2253 3649; x_wconf 65' lang='lat' dir='ltr'><strong>prae—</strong></span> 
     </span>
    </p>
   </div>
   <div class='ocr_carea' id='block_1_63' title="bbox 680 3668 2255 3739">
    <p class='ocr_par' dir='ltr' id='par_1_63' title="bbox 680 3668 2255 3739">
     <span class='ocr_line' id='line_1_63' title="bbox 680 3668 2255 3739; baseline 0.002 -16"><span class='ocrx_word' id='word_1_424' title='bbox 680 3679 866 3724; x_wconf 82' lang='lat' dir='ltr'><strong>sentes</strong></span> <span class='ocrx_word' id='word_1_425' title='bbox 902 3669 1185 3725; x_wconf 84' lang='lat' dir='ltr'><strong>molestias</strong></span> <span class='ocrx_word' id='word_1_426' title='bbox 1212 3670 1581 3739; x_wconf 82' lang='lat' dir='ltr'><strong>denegandas.</strong></span> <span class='ocrx_word' id='word_1_427' title='bbox 1612 3668 1749 3723; x_wconf 89' lang='lat' dir='ltr'><strong>lllud</strong></span> <span class='ocrx_word' id='word_1_428' title='bbox 1778 3685 1905 3725; x_wconf 82' lang='lat' dir='ltr'><strong>vero</strong></span> <span class='ocrx_word' id='word_1_429' title='bbox 1930 3671 2087 3726; x_wconf 83' lang='lat' dir='ltr'><strong>nobis</strong></span> <span class='ocrx_word' id='word_1_430' title='bbox 2114 3674 2255 3726; x_wconf 82' lang='lat' dir='ltr'><strong>vide-</strong></span> 
     </span>
    </p>
   </div>
   <div class='ocr_carea' id='block_1_64' title="bbox 682 3760 2253 3832">
    <p class='ocr_par' dir='ltr' id='par_1_64' title="bbox 682 3760 2253 3832">
     <span class='ocr_line' id='line_1_64' title="bbox 682 3760 2253 3832; baseline 0 -16"><span class='ocrx_word' id='word_1_431' title='bbox 682 3771 769 3816; x_wconf 89' lang='lat' dir='ltr'>tur</span> <span class='ocrx_word' id='word_1_432' title='bbox 802 3760 1225 3830; x_wconf 79' lang='lat' dir='ltr'><strong>haudquaquam</strong></span> <span class='ocrx_word' id='word_1_433' title='bbox 1263 3761 1604 3815; x_wconf 89' lang='lat' dir='ltr'><strong>tolerandum</strong></span> <span class='ocrx_word' id='word_1_434' title='bbox 1638 3768 1694 3815; x_wconf 90' lang='lat' dir='ltr'>et</span> <span class='ocrx_word' id='word_1_435' title='bbox 1750 3760 2005 3815; x_wconf 86' lang='lat' dir='ltr'><strong>lethalem</strong></span> <span class='ocrx_word' id='word_1_436' title='bbox 2043 3762 2253 3832; x_wconf 82' lang='lat' dir='ltr'><strong>plagam</strong></span> 
     </span>
    </p>
   </div>
   <div class='ocr_carea' id='block_1_65' title="bbox 683 3850 2253 3921">
    <p class='ocr_par' dir='ltr' id='par_1_65' title="bbox 683 3850 2253 3921">
     <span class='ocr_line' id='line_1_65' title="bbox 683 3850 2253 3921; baseline 0.001 -16"><span class='ocrx_word' id='word_1_437' title='bbox 683 3850 898 3915; x_wconf 74' lang='lat' dir='ltr'><strong>inﬂixit,</strong></span> <span class='ocrx_word' id='word_1_438' title='bbox 931 3853 1075 3920; x_wconf 90' lang='lat' dir='ltr'><strong>quod</strong></span> <span class='ocrx_word' id='word_1_439' title='bbox 1108 3850 1436 3920; x_wconf 86' lang='lat' dir='ltr'><strong>suspicaris,</strong></span> <span class='ocrx_word' id='word_1_440' title='bbox 1476 3862 1533 3905; x_wconf 90' lang='lat' dir='ltr'>ut</span> <span class='ocrx_word' id='word_1_441' title='bbox 1578 3867 1674 3921; x_wconf 90' lang='lat' dir='ltr'>per</span> <span class='ocrx_word' id='word_1_442' title='bbox 1706 3852 1912 3907; x_wconf 88' lang='lat' dir='ltr'><strong>litteras</strong></span> <span class='ocrx_word' id='word_1_443' title='bbox 1933 3861 2054 3908; x_wconf 89' lang='lat' dir='ltr'><strong>tuas</strong></span> <span class='ocrx_word' id='word_1_444' title='bbox 2100 3868 2253 3907; x_wconf 82' lang='lat' dir='ltr'><strong>com-</strong></span> 
     </span>
    </p>
   </div>
   <div class='ocr_carea' id='block_1_66' title="bbox 684 3943 2247 4012">
    <p class='ocr_par' dir='ltr' id='par_1_66' title="bbox 684 3943 2247 4012">
     <span class='ocr_line' id='line_1_66' title="bbox 684 3943 2247 4012; baseline -0.001 -15"><span class='ocrx_word' id='word_1_445' title='bbox 684 3951 895 4012; x_wconf 88' lang='lat' dir='ltr'><strong>pertnm</strong></span> <span class='ocrx_word' id='word_1_446' title='bbox 922 3943 1211 4009; x_wconf 87' lang='lat' dir='ltr'><strong>habemus,</strong></span> <span class='ocrx_word' id='word_1_447' title='bbox 1249 3952 1300 3997; x_wconf 88' lang='lat' dir='ltr'>te</span> <span class='ocrx_word' id='word_1_448' title='bbox 1327 3943 1483 4011; x_wconf 82' lang='lat' dir='ltr'><strong>quasi</strong></span> <span class='ocrx_word' id='word_1_449' title='bbox 1515 3958 1578 3996; x_wconf 79' lang='lat' dir='ltr'><strong>ex</strong></span> <span class='ocrx_word' id='word_1_450' title='bbox 1611 3944 1774 3997; x_wconf 88' lang='lat' dir='ltr'><strong>corde</strong></span> <span class='ocrx_word' id='word_1_451' title='bbox 1805 3952 1991 3997; x_wconf 88' lang='lat' dir='ltr'><strong>nostro</strong></span> <span class='ocrx_word' id='word_1_452' title='bbox 2018 3944 2247 4012; x_wconf 79' lang='lat' dir='ltr'><strong>ejectum</strong></span> 
     </span>
    </p>
   </div>
   <div class='ocr_carea' id='block_1_67' title="bbox 682 4031 2251 4103">
    <p class='ocr_par' dir='ltr' id='par_1_67' title="bbox 682 4031 2251 4103">
     <span class='ocr_line' id='line_1_67' title="bbox 682 4031 2251 4103; baseline 0 -16"><span class='ocrx_word' id='word_1_453' title='bbox 682 4048 828 4088; x_wconf 85' lang='lat' dir='ltr'><strong>esse.</strong></span> <span class='ocrx_word' id='word_1_454' title='bbox 872 4032 1006 4087; x_wconf 88' lang='lat' dir='ltr'><strong>Illud</strong></span> <span class='ocrx_word' id='word_1_455' title='bbox 1052 4048 1330 4103; x_wconf 90' lang='lat' dir='ltr'><strong>nunquam</strong></span> <span class='ocrx_word' id='word_1_456' title='bbox 1367 4048 1432 4087; x_wconf 92' lang='lat' dir='ltr'>ne</span> <span class='ocrx_word' id='word_1_457' title='bbox 1491 4032 1560 4087; x_wconf 91' lang='lat' dir='ltr'>ab</span> <span class='ocrx_word' id='word_1_458' title='bbox 1607 4031 1843 4088; x_wconf 88' lang='lat' dir='ltr'><strong>inimicis</strong></span> <span class='ocrx_word' id='word_1_459' title='bbox 1888 4032 2105 4102; x_wconf 88' lang='lat' dir='ltr'><strong>quidem</strong></span> <span class='ocrx_word' id='word_1_460' title='bbox 2152 4048 2251 4087; x_wconf 92' lang='lat' dir='ltr'>nos</span> 
     </span>
    </p>
   </div>
   <div class='ocr_carea' id='block_1_68' title="bbox 686 4123 2251 4179">
    <p class='ocr_par' dir='ltr' id='par_1_68' title="bbox 686 4123 2251 4179">
     <span class='ocr_line' id='line_1_68' title="bbox 686 4123 2251 4179; baseline 0 -2"><span class='ocrx_word' id='word_1_461' title='bbox 686 4125 971 4178; x_wconf 85' lang='lat' dir='ltr'><strong>audituros</strong></span> <span class='ocrx_word' id='word_1_462' title='bbox 1013 4140 1134 4179; x_wconf 87' lang='lat' dir='ltr'><strong>esse</strong></span> <span class='ocrx_word' id='word_1_463' title='bbox 1188 4124 1596 4178; x_wconf 81' lang='lat' dir='ltr'><strong>coniidehamus</strong></span> <span class='ocrx_word' id='word_1_464' title='bbox 1649 4123 1847 4177; x_wconf 90' lang='lat' dir='ltr'><strong>nedum</strong></span> <span class='ocrx_word' id='word_1_465' title='bbox 1919 4138 1948 4176; x_wconf 88' lang='lat' dir='ltr'>a</span> <span class='ocrx_word' id='word_1_466' title='bbox 1991 4123 2113 4179; x_wconf 83' lang='lat' dir='ltr'><strong>ﬁliis</strong></span> <span class='ocrx_word' id='word_1_467' title='bbox 2158 4132 2251 4178; x_wconf 90' lang='lat' dir='ltr'>aut</span> 
     </span>
    </p>
   </div>
   <div class='ocr_carea' id='block_1_69' title="bbox 687 4215 2250 4286">
    <p class='ocr_par' dir='ltr' id='par_1_69' title="bbox 687 4215 2250 4286">
     <span class='ocr_line' id='line_1_69' title="bbox 687 4215 2250 4286; baseline -0.001 -14"><span class='ocrx_word' id='word_1_468' title='bbox 687 4218 905 4272; x_wconf 87' lang='lat' dir='ltr'><strong>amicis!</strong></span> <span class='ocrx_word' id='word_1_469' title='bbox 974 4216 1259 4283; x_wconf 87' lang='lat' dir='ltr'><strong>Quomodo</strong></span> <span class='ocrx_word' id='word_1_470' title='bbox 1300 4216 1445 4272; x_wconf 90' lang='lat' dir='ltr'><strong>enim</strong></span> <span class='ocrx_word' id='word_1_471' title='bbox 1510 4216 1613 4270; x_wconf 81' lang='lat' dir='ltr'><strong>nisi</strong></span> <span class='ocrx_word' id='word_1_472' title='bbox 1668 4216 1819 4284; x_wconf 77' lang='lat' dir='ltr'><strong>prius</strong></span> <span class='ocrx_word' id='word_1_473' title='bbox 1868 4215 1965 4270; x_wconf 88' lang='lat' dir='ltr'><strong>Dei</strong></span> <span class='ocrx_word' id='word_1_474' title='bbox 2052 4224 2105 4270; x_wconf 90' lang='lat' dir='ltr'>ct</span> <span class='ocrx_word' id='word_1_475' title='bbox 2152 4232 2250 4286; x_wconf 85' lang='lat' dir='ltr'><strong>po-</strong></span> 
     </span>
    </p>
   </div>
   <div class='ocr_carea' id='block_1_70' title="bbox 686 4298 2247 4375">
    <p class='ocr_par' dir='ltr' id='par_1_70' title="bbox 686 4298 2247 4375">
     <span class='ocr_line' id='line_1_70' title="bbox 686 4298 2247 4375; baseline -0.001 -15"><span class='ocrx_word' id='word_1_476' title='bbox 686 4307 794 4375; x_wconf 87' lang='lat' dir='ltr'><strong>puli</strong></span> <span class='ocrx_word' id='word_1_477' title='bbox 822 4308 1012 4361; x_wconf 87' lang='lat' dir='ltr'><strong>salutis</strong></span> <span class='ocrx_word' id='word_1_478' title='bbox 1039 4307 1263 4372; x_wconf 87' lang='lat' dir='ltr'><strong>oblitus,</strong></span> <span class='ocrx_word' id='word_1_479' title='bbox 1300 4305 1457 4375; x_wconf 76' lang='lat' dir='ltr'><strong>cuius</strong></span> <span class='ocrx_word' id='word_1_480' title='bbox 1501 4313 1559 4359; x_wconf 89' lang='lat' dir='ltr'>tu</span> <span class='ocrx_word' id='word_1_481' title='bbox 1583 4298 1913 4367; x_wconf 85' lang='lat' dir='ltr'><strong>constitutus</strong></span> <span class='ocrx_word' id='word_1_482' title='bbox 1938 4320 1997 4360; x_wconf 87' lang='lat' dir='ltr'>es</span> <span class='ocrx_word' id='word_1_483' title='bbox 2044 4308 2154 4360; x_wconf 79' lang='lat' dir='ltr'><strong>dux</strong></span> <span class='ocrx_word' id='word_1_484' title='bbox 2192 4314 2247 4360; x_wconf 91' lang='lat' dir='ltr'>et</span> 
     </span>
    </p>
   </div>
   <div class='ocr_carea' id='block_1_71' title="bbox 2354 3118 3908 3197">
    <p class='ocr_par' dir='ltr' id='par_1_71' title="bbox 2354 3118 3908 3197">
     <span class='ocr_line' id='line_1_71' title="bbox 2354 3118 3908 3197; baseline -0.008 -18"><span class='ocrx_word' id='word_1_485' title='bbox 2354 3126 2451 3197; x_wconf 77' lang='grc' dir='ltr'>τῆς</span> <span class='ocrx_word' id='word_1_486' title='bbox 2481 3122 3039 3196; x_wconf 71' lang='grc' dir='ltr'>βαρύτητος,ὲπειδὰν</span> <span class='ocrx_word' id='word_1_487' title='bbox 3090 3120 3370 3191; x_wconf 74' lang='grc' dir='ltr'>καταλάϐῃ</span> <span class='ocrx_word' id='word_1_488' title='bbox 3409 3120 3479 3173; x_wconf 77' lang='grc' dir='ltr'>τὰ</span> <span class='ocrx_word' id='word_1_489' title='bbox 3521 3119 3779 3190; x_wconf 81' lang='grc' dir='ltr'>δυσχερῆ.</span> <span class='ocrx_word' id='word_1_490' title='bbox 3806 3118 3908 3172; x_wconf 77' lang='grc' dir='ltr'>Καὶ</span> 
     </span>
    </p>
   </div>
   <div class='ocr_carea' id='block_1_72' title="bbox 2353 3206 3909 3285">
    <p class='ocr_par' dir='ltr' id='par_1_72' title="bbox 2353 3206 3909 3285">
     <span class='ocr_line' id='line_1_72' title="bbox 2353 3206 3909 3285; baseline -0.005 -17"><span class='ocrx_word' id='word_1_491' title='bbox 2353 3216 2515 3285; x_wconf 77' lang='grc' dir='ltr'>ἡμεῖς</span> <span class='ocrx_word' id='word_1_492' title='bbox 2563 3211 2657 3267; x_wconf 80' lang='grc' dir='ltr'>οὖν</span> <span class='ocrx_word' id='word_1_493' title='bbox 2692 3212 3001 3283; x_wconf 77' lang='grc' dir='ltr'>προειδότες</span> <span class='ocrx_word' id='word_1_494' title='bbox 3045 3209 3144 3281; x_wconf 82' lang='grc' dir='ltr'>τὴν</span> <span class='ocrx_word' id='word_1_495' title='bbox 3182 3210 3289 3263; x_wconf 88' lang='grc' dir='ltr'>τῶν</span> <span class='ocrx_word' id='word_1_496' title='bbox 3342 3210 3686 3280; x_wconf 80' lang='grc' dir='ltr'>πραγμάτων</span> <span class='ocrx_word' id='word_1_497' title='bbox 3750 3206 3909 3261; x_wconf 82' lang='grc' dir='ltr'>κατά-</span> 
     </span>
    </p>
   </div>
   <div class='ocr_carea' id='block_1_73' title="bbox 2354 3300 3910 3374">
    <p class='ocr_par' dir='ltr' id='par_1_73' title="bbox 2354 3300 3910 3374">
     <span class='ocr_line' id='line_1_73' title="bbox 2354 3300 3910 3374; baseline -0.007 -14"><span class='ocrx_word' id='word_1_498' title='bbox 2354 3314 2563 3372; x_wconf 83' lang='grc' dir='ltr'>στασιν,</span> <span class='ocrx_word' id='word_1_499' title='bbox 2593 3305 2675 3373; x_wconf 74' lang='grc' dir='ltr'>ἐφ’</span> <span class='ocrx_word' id='word_1_500' title='bbox 2702 3304 2768 3374; x_wconf 77' lang='grc' dir='ltr'>ἢν</span> <span class='ocrx_word' id='word_1_501' title='bbox 2798 3304 2901 3356; x_wconf 80' lang='grc' dir='ltr'>ὑπὸ</span> <span class='ocrx_word' id='word_1_502' title='bbox 2925 3302 3019 3355; x_wconf 90' lang='grc' dir='ltr'>τοῦ</span> <span class='ocrx_word' id='word_1_503' title='bbox 3040 3300 3305 3370; x_wconf 85' lang='grc' dir='ltr'>παναγίου</span> <span class='ocrx_word' id='word_1_504' title='bbox 3329 3300 3643 3371; x_wconf 86' lang='grc' dir='ltr'>Πνεύματος</span> <span class='ocrx_word' id='word_1_505' title='bbox 3666 3314 3910 3371; x_wconf 78' lang='grc' dir='ltr'>προεχειο</span> 
     </span>
    </p>
   </div>
   <div class='ocr_carea' id='block_1_74' title="bbox 2355 3389 3907 3470">
    <p class='ocr_par' dir='ltr' id='par_1_74' title="bbox 2355 3389 3907 3470">
     <span class='ocr_line' id='line_1_74' title="bbox 2355 3389 3907 3470; baseline -0.005 -20"><span class='ocrx_word' id='word_1_506' title='bbox 2355 3400 2563 3470; x_wconf 84' lang='grc' dir='ltr'>ρίσθης,</span> <span class='ocrx_word' id='word_1_507' title='bbox 2584 3397 2660 3459; x_wconf 85' lang='grc' dir='ltr'>ὡς</span> <span class='ocrx_word' id='word_1_508' title='bbox 2678 3396 2780 3455; x_wconf 82' lang='grc' dir='ltr'>οὐκ</span> <span class='ocrx_word' id='word_1_509' title='bbox 2805 3394 3046 3463; x_wconf 74' lang='grc' dir='ltr'>εὔλογος,</span> <span class='ocrx_word' id='word_1_510' title='bbox 3099 3392 3239 3446; x_wconf 68' lang='grc' dir='ltr'>οὐδὲ.</span> <span class='ocrx_word' id='word_1_511' title='bbox 3266 3392 3441 3469; x_wconf 81' lang='grc' dir='ltr'>πόνων</span> <span class='ocrx_word' id='word_1_512' title='bbox 3499 3389 3907 3461; x_wconf 73' lang='grc' dir='ltr'>ἀπηλλαγμένη.</span> 
     </span>
    </p>
   </div>
   <div class='ocr_carea' id='block_1_75' title="bbox 2352 3479 3908 3554">
    <p class='ocr_par' dir='ltr' id='par_1_75' title="bbox 2352 3479 3908 3554">
     <span class='ocr_line' id='line_1_75' title="bbox 2352 3479 3908 3554; baseline -0.009 -12"><span class='ocrx_word' id='word_1_513' title='bbox 2352 3489 2448 3542; x_wconf 89' lang='grc' dir='ltr'>νῦν</span> <span class='ocrx_word' id='word_1_514' title='bbox 2506 3484 2601 3540; x_wconf 85' lang='grc' dir='ltr'>τοῦ</span> <span class='ocrx_word' id='word_1_515' title='bbox 2668 3485 2765 3539; x_wconf 88' lang='grc' dir='ltr'>σοῦ</span> <span class='ocrx_word' id='word_1_516' title='bbox 2823 3487 3151 3554; x_wconf 82' lang='grc' dir='ltr'>γράμματος</span> <span class='ocrx_word' id='word_1_517' title='bbox 3203 3482 3627 3550; x_wconf 83' lang='grc' dir='ltr'>ἀναγγέλλοντος</span> <span class='ocrx_word' id='word_1_518' title='bbox 3680 3479 3752 3533; x_wconf 79' lang='grc' dir='ltr'>τὰ</span> <span class='ocrx_word' id='word_1_519' title='bbox 3791 3480 3908 3548; x_wconf 80' lang='grc' dir='ltr'>ὑμῖν</span> 
     </span>
    </p>
   </div>
   <div class='ocr_carea' id='block_1_76' title="bbox 2353 3568 3909 3643">
    <p class='ocr_par' dir='ltr' id='par_1_76' title="bbox 2353 3568 3909 3643">
     <span class='ocr_line' id='line_1_76' title="bbox 2353 3568 3909 3643; baseline -0.008 -10"><span class='ocrx_word' id='word_1_520' title='bbox 2353 3578 2718 3640; x_wconf 86' lang='grc' dir='ltr'>συναντῶντα,</span> <span class='ocrx_word' id='word_1_521' title='bbox 2778 3576 2838 3640; x_wconf 76' lang='grc' dir='ltr'><strong>ἐξ</strong></span> <span class='ocrx_word' id='word_1_522' title='bbox 2870 3570 2945 3629; x_wconf 83' lang='grc' dir='ltr'>ὦν</span> <span class='ocrx_word' id='word_1_523' title='bbox 2996 3575 3116 3627; x_wconf 79' lang='grc' dir='ltr'>οὐδὲ</span> <span class='ocrx_word' id='word_1_524' title='bbox 3152 3575 3283 3643; x_wconf 72' lang='grc' dir='ltr'>πρὶν</span> <span class='ocrx_word' id='word_1_525' title='bbox 3339 3571 3664 3640; x_wconf 66' lang='grc' dir='ltr'>ἠγνοοῦμεν,</span> <span class='ocrx_word' id='word_1_526' title='bbox 3728 3572 3777 3623; x_wconf 80' lang='grc' dir='ltr'>εί</span> <span class='ocrx_word' id='word_1_527' title='bbox 3825 3568 3909 3623; x_wconf 74' lang='grc' dir='ltr'>καὶ</span> 
     </span>
    </p>
   </div>
   <div class='ocr_carea' id='block_1_77' title="bbox 2352 3660 3903 3739">
    <p class='ocr_par' dir='ltr' id='par_1_77' title="bbox 2352 3660 3903 3739">
     <span class='ocr_line' id='line_1_77' title="bbox 2352 3660 3903 3739; baseline -0.007 -16"><span class='ocrx_word' id='word_1_528' title='bbox 2352 3668 2652 3739; x_wconf 80' lang='grc' dir='ltr'>ἀνιώμεθα,</span> <span class='ocrx_word' id='word_1_529' title='bbox 2677 3667 2817 3739; x_wconf 79' lang='grc' dir='ltr'>πλὴν</span> <span class='ocrx_word' id='word_1_530' title='bbox 2854 3665 2915 3720; x_wconf 77' lang='grc' dir='ltr'>τὸ</span> <span class='ocrx_word' id='word_1_531' title='bbox 2937 3667 3106 3729; x_wconf 88' lang='grc' dir='ltr'>πάθος</span> <span class='ocrx_word' id='word_1_532' title='bbox 3128 3663 3363 3734; x_wconf 80' lang='grc' dir='ltr'>φορητὸν</span> <span class='ocrx_word' id='word_1_533' title='bbox 3391 3662 3625 3733; x_wconf 82' lang='grc' dir='ltr'>μάλιστα</span> <span class='ocrx_word' id='word_1_534' title='bbox 3649 3661 3749 3715; x_wconf 83' lang='grc' dir='ltr'>καὶ</span> <span class='ocrx_word' id='word_1_535' title='bbox 3777 3660 3903 3729; x_wconf 79' lang='grc' dir='ltr'>πρὸς</span> 
     </span>
    </p>
   </div>
   <div class='ocr_carea' id='block_1_78' title="bbox 2351 3751 3908 3827">
    <p class='ocr_par' dir='ltr' id='par_1_78' title="bbox 2351 3751 3908 3827">
     <span class='ocr_line' id='line_1_78' title="bbox 2351 3751 3908 3827; baseline -0.008 -14"><span class='ocrx_word' id='word_1_536' title='bbox 2351 3762 2447 3824; x_wconf 74' lang='grc' dir='ltr'>τὰς</span> <span class='ocrx_word' id='word_1_537' title='bbox 2484 3760 2800 3823; x_wconf 80' lang='grc' dir='ltr'>ἀντιδόσεις,</span> <span class='ocrx_word' id='word_1_538' title='bbox 2826 3758 2903 3827; x_wconf 78' lang='grc' dir='ltr'>τῷ</span> <span class='ocrx_word' id='word_1_539' title='bbox 2932 3754 3179 3824; x_wconf 83' lang='grc' dir='ltr'>λογισμῷ</span> <span class='ocrx_word' id='word_1_540' title='bbox 3209 3753 3659 3823; x_wconf 78' lang='grc' dir='ltr'>ὑπερκύπτοντες</span> <span class='ocrx_word' id='word_1_541' title='bbox 3694 3754 3791 3807; x_wconf 71' lang='grc' dir='ltr'>καὶ</span> <span class='ocrx_word' id='word_1_542' title='bbox 3820 3751 3908 3821; x_wconf 77' lang='grc' dir='ltr'>τὴν</span> 
     </span>
    </p>
   </div>
   <div class='ocr_carea' id='block_1_79' title="bbox 2350 3847 3910 3916">
    <p class='ocr_par' dir='ltr' id='par_1_79' title="bbox 2350 3847 3910 3916">
     <span class='ocr_line' id='line_1_79' title="bbox 2350 3847 3910 3916; baseline -0.005 -13"><span class='ocrx_word' id='word_1_543' title='bbox 2350 3852 2556 3904; x_wconf 81' lang='grc' dir='ltr'>ἐκεῖθεν</span> <span class='ocrx_word' id='word_1_544' title='bbox 2585 3850 2907 3912; x_wconf 65' lang='grc' dir='ltr'>ἀπόλαυσιν,</span> <span class='ocrx_word' id='word_1_545' title='bbox 2938 3848 3060 3900; x_wconf 78' lang='grc' dir='ltr'>οὐδ’</span> <span class='ocrx_word' id='word_1_546' title='bbox 3084 3848 3209 3900; x_wconf 81' lang='grc' dir='ltr'>ὅσον</span> <span class='ocrx_word' id='word_1_547' title='bbox 3258 3847 3435 3899; x_wconf 75' lang='grc' dir='ltr'>εἰπεῖν</span> <span class='ocrx_word' id='word_1_548' title='bbox 3467 3849 3595 3909; x_wconf 78' lang='grc' dir='ltr'>τοὺς</span> <span class='ocrx_word' id='word_1_549' title='bbox 3643 3847 3910 3916; x_wconf 79' lang='grc' dir='ltr'>παρόντας</span> 
     </span>
    </p>
   </div>
   <div class='ocr_carea' id='block_1_80' title="bbox 2350 3936 3909 4011">
    <p class='ocr_par' dir='ltr' id='par_1_80' title="bbox 2350 3936 3909 4011">
     <span class='ocr_line' id='line_1_80' title="bbox 2350 3936 3909 4011; baseline -0.006 -16"><span class='ocrx_word' id='word_1_550' title='bbox 2350 3940 2811 4011; x_wconf 85' lang='grc' dir='ltr'>ἀποκρυπτούσας</span> <span class='ocrx_word' id='word_1_551' title='bbox 2862 3938 3302 4000; x_wconf 80' lang='grc' dir='ltr'>πόνους.Ἐκείνο</span> <span class='ocrx_word' id='word_1_552' title='bbox 3328 3937 3383 3990; x_wconf 68' lang='grc' dir='ltr'>δὲ</span> <span class='ocrx_word' id='word_1_553' title='bbox 3414 3937 3684 4007; x_wconf 74' lang='grc' dir='ltr'>ἀφόρητον</span> <span class='ocrx_word' id='word_1_554' title='bbox 3723 3936 3909 4008; x_wconf 60' lang='grc' dir='ltr'>ἐδόκει,</span> 
     </span>
    </p>
   </div>
   <div class='ocr_carea' id='block_1_81' title="bbox 2350 4028 3910 4102">
    <p class='ocr_par' dir='ltr' id='par_1_81' title="bbox 2350 4028 3910 4102">
     <span class='ocr_line' id='line_1_81' title="bbox 2350 4028 3910 4102; baseline -0.005 -16"><span class='ocrx_word' id='word_1_555' title='bbox 2350 4035 2444 4086; x_wconf 78' lang='grc' dir='ltr'>καὶ</span> <span class='ocrx_word' id='word_1_556' title='bbox 2475 4034 2573 4100; x_wconf 85' lang='grc' dir='ltr'>τὴν</span> <span class='ocrx_word' id='word_1_557' title='bbox 2605 4034 2820 4102; x_wconf 80' lang='grc' dir='ltr'>πληγὴν</span> <span class='ocrx_word' id='word_1_558' title='bbox 2856 4030 3078 4100; x_wconf 85' lang='grc' dir='ltr'>καιρίαν</span> <span class='ocrx_word' id='word_1_559' title='bbox 3109 4028 3274 4083; x_wconf 74' lang='grc' dir='ltr'>ἔδωκε</span> <span class='ocrx_word' id='word_1_560' title='bbox 3304 4029 3365 4081; x_wconf 83' lang='grc' dir='ltr'>τὺ</span> <span class='ocrx_word' id='word_1_561' title='bbox 3393 4028 3619 4083; x_wconf 85' lang='grc' dir='ltr'>τοιαῦτα</span> <span class='ocrx_word' id='word_1_562' title='bbox 3668 4028 3910 4094; x_wconf 79' lang='grc' dir='ltr'>ὑπολαμ-</span> 
     </span>
    </p>
   </div>
   <div class='ocr_carea' id='block_1_82' title="bbox 2350 4117 4011 4194">
    <p class='ocr_par' dir='ltr' id='par_1_82' title="bbox 2350 4117 4011 4194">
     <span class='ocr_line' id='line_1_82' title="bbox 2350 4117 4011 4194; baseline -0.007 -17"><span class='ocrx_word' id='word_1_563' title='bbox 2350 4125 2657 4187; x_wconf 79' lang='grc' dir='ltr'>6ἀνειν,καὶ</span> <span class='ocrx_word' id='word_1_564' title='bbox 2680 4124 2756 4194; x_wconf 82' lang='grc' dir='ltr'>μὴ</span> <span class='ocrx_word' id='word_1_565' title='bbox 2791 4124 2951 4192; x_wconf 82' lang='grc' dir='ltr'>μόνον</span> <span class='ocrx_word' id='word_1_566' title='bbox 2969 4120 3417 4187; x_wconf 77' lang='grc' dir='ltr'>ὑπολαϐεῖν,ἀλλά</span> <span class='ocrx_word' id='word_1_567' title='bbox 3434 4120 3530 4174; x_wconf 77' lang='grc' dir='ltr'>καὶ</span> <span class='ocrx_word' id='word_1_568' title='bbox 3553 4121 3798 4191; x_wconf 78' lang='grc' dir='ltr'>φανερὰν</span> <span class='ocrx_word' id='word_1_569' title='bbox 3823 4117 3910 4184; x_wconf 80' lang='grc' dir='ltr'>τὴν</span> <span class='ocrx_word' id='word_1_570' title='bbox 4010 4117 4011 4161; x_wconf 69' lang='lat'><strong>1</strong></span> 
     </span>
    </p>
   </div>
   <div class='ocr_carea' id='block_1_83' title="bbox 2347 4207 3910 4283">
    <p class='ocr_par' dir='ltr' id='par_1_83' title="bbox 2347 4207 3910 4283">
     <span class='ocr_line' id='line_1_83' title="bbox 2347 4207 3910 4283; baseline -0.006 -14"><span class='ocrx_word' id='word_1_571' title='bbox 2347 4214 2611 4283; x_wconf 81' lang='grc' dir='ltr'>ὑπόληψιν</span> <span class='ocrx_word' id='word_1_572' title='bbox 2643 4214 2999 4282; x_wconf 83' lang='grc' dir='ltr'>καταστῆσαι,</span> <span class='ocrx_word' id='word_1_573' title='bbox 3025 4213 3089 4264; x_wconf 86' lang='grc' dir='ltr'>δι’</span> <span class='ocrx_word' id='word_1_574' title='bbox 3107 4207 3180 4264; x_wconf 83' lang='grc' dir='ltr'>ὧν</span> <span class='ocrx_word' id='word_1_575' title='bbox 3206 4211 3470 4281; x_wconf 76' lang='grc' dir='ltr'>ἔγραψας,</span> <span class='ocrx_word' id='word_1_576' title='bbox 3499 4211 3574 4275; x_wconf 83' lang='grc' dir='ltr'>ὡς</span> <span class='ocrx_word' id='word_1_577' title='bbox 3601 4210 3910 4277; x_wconf 79' lang='grc' dir='ltr'>ὲκϐέὸλησαι</span> 
     </span>
    </p>
   </div>
   <div class='ocr_carea' id='block_1_84' title="bbox 2346 4299 4011 4376">
    <p class='ocr_par' dir='ltr' id='par_1_84' title="bbox 2346 4299 4011 4376">
     <span class='ocr_line' id='line_1_84' title="bbox 2346 4299 4011 4376; baseline -0.006 -18"><span class='ocrx_word' id='word_1_578' title='bbox 2346 4307 2443 4376; x_wconf 76' lang='grc' dir='ltr'>τῆς</span> <span class='ocrx_word' id='word_1_579' title='bbox 2473 4304 2632 4375; x_wconf 83' lang='grc' dir='ltr'>ήμῶν</span> <span class='ocrx_word' id='word_1_580' title='bbox 2664 4304 2910 4372; x_wconf 87' lang='grc' dir='ltr'>καρδίας,</span> <span class='ocrx_word' id='word_1_581' title='bbox 2938 4306 3031 4356; x_wconf 77' lang='grc' dir='ltr'>καὶ</span> <span class='ocrx_word' id='word_1_582' title='bbox 3061 4305 3093 4373; x_wconf 87' lang='grc' dir='ltr'>ή</span> <span class='ocrx_word' id='word_1_583' title='bbox 3127 4302 3195 4373; x_wconf 83' lang='grc' dir='ltr'><strong>σῆ</strong></span> <span class='ocrx_word' id='word_1_584' title='bbox 3228 4303 3472 4356; x_wconf 86' lang='grc' dir='ltr'>ἀπόλωλε</span> <span class='ocrx_word' id='word_1_585' title='bbox 3510 4304 3721 4373; x_wconf 88' lang='grc' dir='ltr'>μνήμη.</span> <span class='ocrx_word' id='word_1_586' title='bbox 3759 4299 3911 4355; x_wconf 83' lang='grc' dir='ltr'>Τοῦτο</span> <span class='ocrx_word' id='word_1_587' title='bbox 4010 4304 4011 4349; x_wconf 62' lang='lat' dir='ltr'>i</span> 
     </span>
    </p>
   </div>
   <div class='ocr_carea' id='block_1_85' title="bbox 685 4379 2249 4465">
    <p class='ocr_par' dir='ltr' id='par_1_85' title="bbox 685 4394 2246 4465">
     <span class='ocr_line' id='line_1_85' title="bbox 685 4394 2246 4465; baseline -0.001 -14"><span class='ocrx_word' id='word_1_588' title='bbox 685 4396 921 4451; x_wconf 61' lang='lat' dir='ltr'><strong>salvator</strong></span> <span class='ocrx_word' id='word_1_589' title='bbox 940 4437 956 4462; x_wconf 90' lang='lat'>,</span> <span class='ocrx_word' id='word_1_590' title='bbox 989 4397 1258 4451; x_wconf 79' lang='lat' dir='ltr'><strong>secundus</strong></span> <span class='ocrx_word' id='word_1_591' title='bbox 1288 4405 1462 4450; x_wconf 85' lang='lat' dir='ltr'><strong>tamen</strong></span> <span class='ocrx_word' id='word_1_592' title='bbox 1491 4411 1520 4450; x_wconf 91' lang='lat' dir='ltr'>a</span> <span class='ocrx_word' id='word_1_593' title='bbox 1539 4395 1717 4465; x_wconf 87' lang='lat' dir='ltr'><strong>primo</strong></span> <span class='ocrx_word' id='word_1_594' title='bbox 1751 4402 1939 4450; x_wconf 88' lang='lat' dir='ltr'><strong>nostro</strong></span> <span class='ocrx_word' id='word_1_595' title='bbox 1964 4394 2246 4450; x_wconf 86' lang='lat' dir='ltr'><strong>Salvatore</strong></span> 
     </span>
    </p>
   </div>
   <div class='ocr_carea' id='block_1_86' title="bbox 2351 4379 4011 4465">
    <p class='ocr_par' dir='ltr' id='par_1_86' title="bbox 2355 4379 4011 4464">
     <span class='ocr_line' id='line_1_86' title="bbox 2355 4379 4011 4464; baseline -0.004 -14"><span class='ocrx_word' id='word_1_596' title='bbox 2355 4397 2473 4451; x_wconf 73' lang='grc' dir='ltr'>οὐδὲ</span> <span class='ocrx_word' id='word_1_597' title='bbox 2523 4396 2629 4449; x_wconf 88' lang='grc' dir='ltr'>τῶν</span> <span class='ocrx_word' id='word_1_598' title='bbox 2668 4394 2878 4464; x_wconf 77' lang='grc' dir='ltr'>ἐχθρῶν</span> <span class='ocrx_word' id='word_1_599' title='bbox 2918 4394 3178 4461; x_wconf 88' lang='grc' dir='ltr'>λεγόντων</span> <span class='ocrx_word' id='word_1_600' title='bbox 3223 4392 3452 4447; x_wconf 83' lang='grc' dir='ltr'>ἀκοῦσαι</span> <span class='ocrx_word' id='word_1_601' title='bbox 3483 4394 3808 4464; x_wconf 67' lang='grc' dir='ltr'>ἠλπίσαμεν,</span> <span class='ocrx_word' id='word_1_602' title='bbox 3851 4379 3911 4459; x_wconf 72' lang='grc' dir='ltr'>μὴ</span> <span class='ocrx_word' id='word_1_603' title='bbox 4010 4424 4011 4429; x_wconf 61' lang='grc' dir='ltr'>η</span> 
     </span>
    </p>
   </div>
   <div class='ocr_carea' id='block_1_87' title="bbox 686 4479 2249 4556">
    <p class='ocr_par' dir='ltr' id='par_1_87' title="bbox 686 4485 2249 4556">
     <span class='ocr_line' id='line_1_87' title="bbox 686 4485 2249 4556; baseline 0.001 -16"><span class='ocrx_word' id='word_1_604' title='bbox 686 4494 740 4540; x_wconf 86' lang='lat' dir='ltr'>et</span> <span class='ocrx_word' id='word_1_605' title='bbox 775 4485 903 4549; x_wconf 87' lang='lat' dir='ltr'><strong>Deo,</strong></span> <span class='ocrx_word' id='word_1_606' title='bbox 929 4487 980 4539; x_wconf 93' lang='lat' dir='ltr'>in</span> <span class='ocrx_word' id='word_1_607' title='bbox 1014 4486 1169 4542; x_wconf 88' lang='lat' dir='ltr'><strong>istius</strong></span> <span class='ocrx_word' id='word_1_608' title='bbox 1190 4488 1332 4542; x_wconf 87' lang='lat' dir='ltr'><strong>modi</strong></span> <span class='ocrx_word' id='word_1_609' title='bbox 1372 4486 1738 4556; x_wconf 89' lang='lat' dir='ltr'><strong>suspicionem</strong></span> <span class='ocrx_word' id='word_1_610' title='bbox 1774 4487 2067 4542; x_wconf 73' lang='lat' dir='ltr'><strong>inciderit?</strong></span> <span class='ocrx_word' id='word_1_611' title='bbox 2118 4485 2249 4552; x_wconf 86' lang='lat' dir='ltr'><strong>Quid</strong></span> 
     </span>
    </p>
   </div>
   <div class='ocr_carea' id='block_1_88' title="bbox 2351 4479 3911 4556">
    <p class='ocr_par' dir='ltr' id='par_1_88' title="bbox 2364 4479 3911 4554">
     <span class='ocr_line' id='line_1_88' title="bbox 2364 4479 3911 4554; baseline -0.007 -13"><span class='ocrx_word' id='word_1_612' title='bbox 2364 4489 2445 4541; x_wconf 81' lang='grc' dir='ltr'>ὅτι</span> <span class='ocrx_word' id='word_1_613' title='bbox 2483 4503 2545 4554; x_wconf 90' lang='grc' dir='ltr'>γε</span> <span class='ocrx_word' id='word_1_614' title='bbox 2593 4486 2698 4540; x_wconf 85' lang='grc' dir='ltr'>τῶν</span> <span class='ocrx_word' id='word_1_615' title='bbox 2741 4486 2945 4538; x_wconf 83' lang='grc' dir='ltr'>τέκνων</span> <span class='ocrx_word' id='word_1_616' title='bbox 2993 4484 3025 4552; x_wconf 80' lang='grc' dir='ltr'><strong>ἢ</strong></span> <span class='ocrx_word' id='word_1_617' title='bbox 3068 4484 3175 4536; x_wconf 85' lang='grc' dir='ltr'>τῶν</span> <span class='ocrx_word' id='word_1_618' title='bbox 3222 4484 3395 4546; x_wconf 80' lang='grc' dir='ltr'>ἄλλως</span> <span class='ocrx_word' id='word_1_619' title='bbox 3433 4483 3751 4551; x_wconf 85' lang='grc' dir='ltr'>φιλούντων.</span> <span class='ocrx_word' id='word_1_620' title='bbox 3804 4479 3911 4538; x_wconf 69' lang='grc' dir='ltr'>Πῶς</span> 
     </span>
    </p>
   </div>
   <div class='ocr_carea' id='block_1_89' title="bbox 658 4567 2249 4647">
    <p class='ocr_par' dir='ltr' id='par_1_89' title="bbox 658 4572 2249 4647">
     <span class='ocr_line' id='line_1_89' title="bbox 658 4572 2249 4647; baseline 0.001 -20"><span class='ocrx_word' id='word_1_621' title='bbox 658 4572 831 4628; x_wconf 71' lang='lat' dir='ltr'><strong>&quot;enim</strong></span> <span class='ocrx_word' id='word_1_622' title='bbox 885 4576 1136 4631; x_wconf 80' lang='lat' dir='ltr'><strong>miseiius</strong></span> <span class='ocrx_word' id='word_1_623' title='bbox 1178 4578 1401 4647; x_wconf 70' lang='lat' dir='ltr'><strong>cogitari</strong></span> <span class='ocrx_word' id='word_1_624' title='bbox 1436 4588 1793 4647; x_wconf 89' lang='lat' dir='ltr'><strong>potestquam</strong></span> <span class='ocrx_word' id='word_1_625' title='bbox 1830 4578 2047 4633; x_wconf 81' lang='lat' dir='ltr'><strong>oblivisi</strong></span> <span class='ocrx_word' id='word_1_626' title='bbox 2085 4578 2176 4632; x_wconf 87' lang='lat' dir='ltr'><strong>Dei</strong></span> <span class='ocrx_word' id='word_1_627' title='bbox 2210 4589 2249 4631; x_wconf 79' lang='lat' dir='ltr'>et</span> 
     </span>
    </p>
   </div>
   <div class='ocr_carea' id='block_1_90' title="bbox 2351 4567 3910 4647">
    <p class='ocr_par' dir='ltr' id='par_1_90' title="bbox 2366 4567 3910 4647">
     <span class='ocr_line' id='line_1_90' title="bbox 2366 4567 3910 4647; baseline -0.003 -18"><span class='ocrx_word' id='word_1_628' title='bbox 2366 4576 2476 4647; x_wconf 86' lang='grc' dir='ltr'>γὰρ</span> <span class='ocrx_word' id='word_1_629' title='bbox 2501 4576 2549 4629; x_wconf 81' lang='grc' dir='ltr'>εί</span> <span class='ocrx_word' id='word_1_630' title='bbox 2599 4575 2673 4642; x_wconf 81' lang='grc' dir='ltr'>μὴ</span> <span class='ocrx_word' id='word_1_631' title='bbox 2702 4574 2967 4643; x_wconf 87' lang='grc' dir='ltr'>πρότερον</span> <span class='ocrx_word' id='word_1_632' title='bbox 3004 4571 3139 4625; x_wconf 78' lang='grc' dir='ltr'>Θεοῦ</span> <span class='ocrx_word' id='word_1_633' title='bbox 3176 4574 3397 4643; x_wconf 86' lang='grc' dir='ltr'>μνήμης</span> <span class='ocrx_word' id='word_1_634' title='bbox 3441 4572 3659 4642; x_wconf 77' lang='grc' dir='ltr'>ἔρημοι,</span> <span class='ocrx_word' id='word_1_635' title='bbox 3703 4570 3798 4625; x_wconf 67' lang='grc' dir='ltr'>καὶ</span> <span class='ocrx_word' id='word_1_636' title='bbox 3827 4567 3910 4634; x_wconf 82' lang='grc' dir='ltr'>τῆς</span> 
     </span>
    </p>
   </div>
   <div class='ocr_carea' id='block_1_91' title="bbox 691 4658 2249 4740">
    <p class='ocr_par' dir='ltr' id='par_1_91' title="bbox 691 4667 2249 4740">
     <span class='ocr_line' id='line_1_91' title="bbox 691 4667 2249 4740; baseline 0.001 -21"><span class='ocrx_word' id='word_1_637' title='bbox 691 4667 971 4720; x_wconf 86' lang='lat' dir='ltr'><strong>hominum</strong></span> <span class='ocrx_word' id='word_1_638' title='bbox 1020 4668 1389 4722; x_wconf 77' lang='lat' dir='ltr'><strong>conversionis</strong></span> <span class='ocrx_word' id='word_1_639' title='bbox 1417 4669 1483 4722; x_wconf 91' lang='lat' dir='ltr'>ad</span> <span class='ocrx_word' id='word_1_640' title='bbox 1532 4668 1681 4723; x_wconf 89' lang='lat' dir='ltr'><strong>illum</strong></span> <span class='ocrx_word' id='word_1_641' title='bbox 1744 4670 1837 4740; x_wconf 90' lang='lat' dir='ltr'>qui</span> <span class='ocrx_word' id='word_1_642' title='bbox 1878 4683 1979 4724; x_wconf 85' lang='lat' dir='ltr'>nos</span> <span class='ocrx_word' id='word_1_643' title='bbox 2012 4684 2041 4723; x_wconf 82' lang='lat' dir='ltr'>a</span> <span class='ocrx_word' id='word_1_644' title='bbox 2077 4678 2249 4739; x_wconf 87' lang='lat' dir='ltr'><strong>tyran-</strong></span> 
     </span>
    </p>
   </div>
   <div class='ocr_carea' id='block_1_92' title="bbox 2351 4658 3910 4740">
    <p class='ocr_par' dir='ltr' id='par_1_92' title="bbox 2367 4658 3910 4735">
     <span class='ocr_line' id='line_1_92' title="bbox 2367 4658 3910 4735; baseline -0.006 -16"><span class='ocrx_word' id='word_1_645' title='bbox 2367 4668 2455 4719; x_wconf 75' lang='grc' dir='ltr'>τοῦ</span> <span class='ocrx_word' id='word_1_646' title='bbox 2488 4665 2617 4719; x_wconf 88' lang='grc' dir='ltr'>λαοῦ</span> <span class='ocrx_word' id='word_1_647' title='bbox 2657 4666 2951 4735; x_wconf 88' lang='grc' dir='ltr'>σωτηρίας,</span> <span class='ocrx_word' id='word_1_648' title='bbox 3002 4658 3061 4718; x_wconf 73' lang='grc' dir='ltr'>οὗ</span> <span class='ocrx_word' id='word_1_649' title='bbox 3110 4665 3172 4716; x_wconf 85' lang='grc' dir='ltr'>σὺ</span> <span class='ocrx_word' id='word_1_650' title='bbox 3230 4664 3421 4732; x_wconf 83' lang='grc' dir='ltr'>ὁδηγὸς</span> <span class='ocrx_word' id='word_1_651' title='bbox 3464 4664 3775 4733; x_wconf 85' lang='grc' dir='ltr'>ἀπεστάλης</span> <span class='ocrx_word' id='word_1_652' title='bbox 3831 4658 3910 4711; x_wconf 75' lang='grc' dir='ltr'>καὶ</span> 
     </span>
    </p>
   </div>
   <div class='ocr_carea' id='block_1_93' title="bbox 694 4757 1598 4825">
    <p class='ocr_par' dir='ltr' id='par_1_93' title="bbox 694 4757 1598 4825">
     <span class='ocr_line' id='line_1_93' title="bbox 694 4757 1598 4825; baseline 0.002 -16"><span class='ocrx_word' id='word_1_653' title='bbox 694 4757 811 4811; x_wconf 86' lang='lat' dir='ltr'><strong>nica</strong></span> <span class='ocrx_word' id='word_1_654' title='bbox 849 4766 1113 4825; x_wconf 86' lang='lat' dir='ltr'><strong>potestate</strong></span> <span class='ocrx_word' id='word_1_655' title='bbox 1130 4759 1325 4812; x_wconf 88' lang='lat' dir='ltr'><strong>diaboli</strong></span> <span class='ocrx_word' id='word_1_656' title='bbox 1360 4758 1598 4813; x_wconf 87' lang='lat' dir='ltr'><strong>liberat?</strong></span> 
     </span>
    </p>
   </div>
   <div class='ocr_carea' id='block_1_94' title="bbox 688 4844 3906 4921">
    <p class='ocr_par' dir='ltr' id='par_1_94' title="bbox 688 4844 3906 4921">
     <span class='ocr_line' id='line_1_94' title="bbox 688 4844 3906 4921; baseline -0 -21"><span class='ocrx_word' id='word_1_657' title='bbox 688 4848 846 4900; x_wconf 83' lang='grc' dir='ltr'>τοῦτο</span> <span class='ocrx_word' id='word_1_658' title='bbox 911 4848 1097 4901; x_wconf 83' lang='grc' dir='ltr'>παθεῖν</span> <span class='ocrx_word' id='word_1_659' title='bbox 1154 4849 1299 4914; x_wconf 84' lang='grc' dir='ltr'>είκδς</span> <span class='ocrx_word' id='word_1_660' title='bbox 1358 4852 1449 4904; x_wconf 83' lang='grc' dir='ltr'>τὸν</span> <span class='ocrx_word' id='word_1_661' title='bbox 1509 4848 1879 4915; x_wconf 78' lang='grc' dir='ltr'>ύπονοοῦντα,.</span> <span class='ocrx_word' id='word_1_662' title='bbox 1940 4851 1999 4913; x_wconf 83' lang='grc' dir='ltr'>ὃς</span> <span class='ocrx_word' id='word_1_663' title='bbox 2047 4867 2131 4911; x_wconf 87' lang='grc' dir='ltr'>τις</span> <span class='ocrx_word' id='word_1_664' title='bbox 2168 4846 2391 4921; x_wconf 79' lang='grc' dir='ltr'>δ’ἂνῇ</span> <span class='ocrx_word' id='word_1_665' title='bbox 2448 4848 2945 4916; x_wconf 78' lang='grc' dir='ltr'>όύπολαμὸάνων;</span> <span class='ocrx_word' id='word_1_666' title='bbox 3011 4848 3135 4909; x_wconf 84' lang='grc' dir='ltr'>Πῶς</span> <span class='ocrx_word' id='word_1_667' title='bbox 3185 4849 3331 4917; x_wconf 77' lang='grc' dir='ltr'>ἡμᾶς</span> <span class='ocrx_word' id='word_1_668' title='bbox 3380 4848 3479 4900; x_wconf 82' lang='grc' dir='ltr'>ούκ</span> <span class='ocrx_word' id='word_1_669' title='bbox 3535 4849 3615 4908; x_wconf 87' lang='grc' dir='ltr'>είς</span> <span class='ocrx_word' id='word_1_670' title='bbox 3688 4844 3906 4916; x_wconf 71' lang='grc' dir='ltr'>ἐσχάτην</span> 
     </span>
    </p>
   </div>
   <div class='ocr_carea' id='block_1_95' title="bbox 691 4932 3904 5016">
    <p class='ocr_par' dir='ltr' id='par_1_95' title="bbox 691 4932 3904 5016">
     <span class='ocr_line' id='line_1_95' title="bbox 691 4932 3904 5016; baseline -0.001 -28"><span class='ocrx_word' id='word_1_671' title='bbox 691 4936 895 5004; x_wconf 77' lang='grc' dir='ltr'>ἀπάγει</span> <span class='ocrx_word' id='word_1_672' title='bbox 922 4941 1282 5010; x_wconf 68' lang='grc' dir='ltr'>κατηγορίαν,</span> <span class='ocrx_word' id='word_1_673' title='bbox 1362 4943 1457 4996; x_wconf 75' lang='grc' dir='ltr'>καὶ</span> <span class='ocrx_word' id='word_1_674' title='bbox 1509 4937 1575 5015; x_wconf 77' lang='grc' dir='ltr'>ἧς</span> <span class='ocrx_word' id='word_1_675' title='bbox 1628 4944 1727 4996; x_wconf 74' lang='grc' dir='ltr'>οὐκ</span> <span class='ocrx_word' id='word_1_676' title='bbox 1755 4945 1819 4997; x_wconf 83' lang='grc' dir='ltr'>ἂν</span> <span class='ocrx_word' id='word_1_677' title='bbox 1867 4960 1952 5007; x_wconf 88' lang='grc' dir='ltr'>τις</span> <span class='ocrx_word' id='word_1_678' title='bbox 2009 4944 2159 5014; x_wconf 78' lang='grc' dir='ltr'>εὖροι</span> <span class='ocrx_word' id='word_1_679' title='bbox 2226 4945 2568 5016; x_wconf 83' lang='grc' dir='ltr'>βαρυτέραν;</span> <span class='ocrx_word' id='word_1_680' title='bbox 2612 4944 2676 4995; x_wconf 88' lang='lat' dir='ltr'><strong>Ti</strong></span> <span class='ocrx_word' id='word_1_681' title='bbox 2723 4943 2829 5012; x_wconf 80' lang='grc' dir='ltr'>γὰρ</span> <span class='ocrx_word' id='word_1_682' title='bbox 2889 4940 3186 5013; x_wconf 85' lang='grc' dir='ltr'>βαρύτερον</span> <span class='ocrx_word' id='word_1_683' title='bbox 3250 4939 3344 4993; x_wconf 86' lang='grc' dir='ltr'>τοῦ</span> <span class='ocrx_word' id='word_1_684' title='bbox 3392 4940 3746 5010; x_wconf 82' lang='grc' dir='ltr'>ἀμνημονεῖν.</span> <span class='ocrx_word' id='word_1_685' title='bbox 3789 4932 3904 4990; x_wconf 78' lang='grc' dir='ltr'>Θεοῦ</span> 
     </span>
    </p>
   </div>
   <div class='ocr_carea' id='block_1_96' title="bbox 695 5024 3809 5111">
    <p class='ocr_par' dir='ltr' id='par_1_96' title="bbox 695 5024 3809 5111">
     <span class='ocr_line' id='line_1_96' title="bbox 695 5024 3809 5111; baseline -0.001 -24"><span class='ocrx_word' id='word_1_686' title='bbox 695 5034 786 5087; x_wconf 74' lang='grc' dir='ltr'>καὶ</span> <span class='ocrx_word' id='word_1_687' title='bbox 815 5033 911 5101; x_wconf 85' lang='grc' dir='ltr'>τῆς</span> <span class='ocrx_word' id='word_1_688' title='bbox 975 5034 1278 5104; x_wconf 83' lang='grc' dir='ltr'>ἀνθρώπων</span> <span class='ocrx_word' id='word_1_689' title='bbox 1347 5024 1681 5109; x_wconf 59' lang='grc' dir='ltr'>ἐπιστροφῆς</span> <span class='ocrx_word' id='word_1_690' title='bbox 1701 5041 1837 5111; x_wconf 77' lang='grc' dir='ltr'>πρὸς</span> <span class='ocrx_word' id='word_1_691' title='bbox 1884 5040 2068 5106; x_wconf 79' lang='grc' dir='ltr'>αὐτὸν,</span> <span class='ocrx_word' id='word_1_692' title='bbox 2104 5042 2197 5095; x_wconf 70' lang='grc' dir='ltr'>καὶ</span> <span class='ocrx_word' id='word_1_693' title='bbox 2220 5042 2314 5110; x_wconf 84' lang='grc' dir='ltr'>τῆς</span> <span class='ocrx_word' id='word_1_694' title='bbox 2354 5042 2417 5095; x_wconf 70' lang='grc' dir='ltr'>ἐκ</span> <span class='ocrx_word' id='word_1_695' title='bbox 2450 5041 2539 5093; x_wconf 86' lang='grc' dir='ltr'>τοῦ</span> <span class='ocrx_word' id='word_1_696' title='bbox 2569 5039 2815 5093; x_wconf 73' lang='grc' dir='ltr'>διαϐόλου</span> <span class='ocrx_word' id='word_1_697' title='bbox 2852 5035 3189 5107; x_wconf 84' lang='grc' dir='ltr'>τυραννικῆς</span> <span class='ocrx_word' id='word_1_698' title='bbox 3222 5036 3403 5105; x_wconf 75' lang='grc' dir='ltr'>χειρὸς</span> <span class='ocrx_word' id='word_1_699' title='bbox 3443 5036 3809 5105; x_wconf 86' lang='grc' dir='ltr'>ἀνακλήσεως.</span> 
     </span>
    </p>
   </div>
   <div class='ocr_carea' id='block_1_97' title="bbox 770 5127 2264 5198">
    <p class='ocr_par' dir='ltr' id='par_1_97' title="bbox 770 5127 2264 5198">
     <span class='ocr_line' id='line_1_97' title="bbox 770 5127 2264 5198; baseline 0.003 -18"><span class='ocrx_word' id='word_1_700' title='bbox 770 5127 950 5192; x_wconf 86' lang='lat' dir='ltr'><strong>Vides,</strong></span> <span class='ocrx_word' id='word_1_701' title='bbox 998 5127 1069 5180; x_wconf 91' lang='lat' dir='ltr'>mi</span> <span class='ocrx_word' id='word_1_702' title='bbox 1117 5129 1213 5193; x_wconf 79' lang='lat' dir='ltr'><strong>illi,</strong></span> <span class='ocrx_word' id='word_1_703' title='bbox 1264 5138 1469 5198; x_wconf 88' lang='lat' dir='ltr'><strong>quanto</strong></span> <span class='ocrx_word' id='word_1_704' title='bbox 1512 5146 1746 5185; x_wconf 67' lang='lat' dir='ltr'><strong>mturare</strong></span> <span class='ocrx_word' id='word_1_705' title='bbox 1780 5140 1889 5186; x_wconf 61' lang='lat' dir='ltr'><strong>tua;</strong></span> <span class='ocrx_word' id='word_1_706' title='bbox 1929 5133 2120 5188; x_wconf 74' lang='lat' dir='ltr'><strong>littera:</strong></span> <span class='ocrx_word' id='word_1_707' title='bbox 2146 5133 2264 5187; x_wconf 80' lang='lat' dir='ltr'><strong>alli-</strong></span> 
     </span>
    </p>
   </div>
   <div class='ocr_carea' id='block_1_98' title="bbox 696 5220 2263 5291">
    <p class='ocr_par' dir='ltr' id='par_1_98' title="bbox 696 5220 2263 5291">
     <span class='ocr_line' id='line_1_98' title="bbox 696 5220 2263 5291; baseline 0.002 -19"><span class='ocrx_word' id='word_1_708' title='bbox 696 5220 841 5272; x_wconf 84' lang='lat' dir='ltr'><strong>ciant</strong></span> <span class='ocrx_word' id='word_1_709' title='bbox 878 5234 989 5288; x_wconf 71' lang='lat' dir='ltr'><strong>prte</strong></span> <span class='ocrx_word' id='word_1_710' title='bbox 1034 5220 1291 5273; x_wconf 88' lang='lat' dir='ltr'><strong>onmibns</strong></span> <span class='ocrx_word' id='word_1_711' title='bbox 1335 5222 1493 5275; x_wconf 86' lang='lat' dir='ltr'><strong>malis</strong></span> <span class='ocrx_word' id='word_1_712' title='bbox 1528 5222 1749 5289; x_wconf 88' lang='lat' dir='ltr'><strong>quibus,</strong></span> <span class='ocrx_word' id='word_1_713' title='bbox 1785 5234 2132 5291; x_wconf 83' lang='lat' dir='ltr'><strong>peccatorum</strong></span> <span class='ocrx_word' id='word_1_714' title='bbox 2168 5240 2263 5277; x_wconf 86' lang='lat' dir='ltr'><strong>nn-</strong></span> 
     </span>
    </p>
   </div>
   <div class='ocr_carea' id='block_1_99' title="bbox 699 5298 2249 5383">
    <p class='ocr_par' dir='ltr' id='par_1_99' title="bbox 699 5312 2249 5383">
     <span class='ocr_line' id='line_1_99' title="bbox 699 5312 2249 5383; baseline 0 -17"><span class='ocrx_word' id='word_1_715' title='bbox 699 5320 933 5366; x_wconf 87' lang='lat' dir='ltr'><strong>strorum</strong></span> <span class='ocrx_word' id='word_1_716' title='bbox 985 5325 1172 5376; x_wconf 80' lang='lat' dir='ltr'><strong>causa,</strong></span> <span class='ocrx_word' id='word_1_717' title='bbox 1216 5312 1654 5367; x_wconf 88' lang='lat' dir='ltr'><strong>circumdamur?</strong></span> <span class='ocrx_word' id='word_1_718' title='bbox 1687 5314 1940 5368; x_wconf 88' lang='lat' dir='ltr'><strong>Attamen</strong></span> <span class='ocrx_word' id='word_1_719' title='bbox 1974 5315 2021 5368; x_wconf 90' lang='lat' dir='ltr'>si</span> <span class='ocrx_word' id='word_1_720' title='bbox 2053 5324 2249 5383; x_wconf 73' lang='lat' dir='ltr'><strong>tempus</strong></span> 
     </span>
    </p>
   </div>
   <div class='ocr_carea' id='block_1_100' title="bbox 2351 5298 3903 5383">
    <p class='ocr_par' dir='ltr' id='par_1_100' title="bbox 2373 5298 3903 5383">
     <span class='ocr_line' id='line_1_100' title="bbox 2373 5298 3903 5383; baseline -0.012 -16"><span class='ocrx_word' id='word_1_721' title='bbox 2373 5315 2506 5383; x_wconf 86' lang='grc' dir='ltr'>θηκε</span> <span class='ocrx_word' id='word_1_722' title='bbox 2528 5310 2804 5382; x_wconf 80' lang='grc' dir='ltr'>γράμμα;</span> <span class='ocrx_word' id='word_1_723' title='bbox 2848 5308 2956 5362; x_wconf 82' lang='grc' dir='ltr'>Καί</span> <span class='ocrx_word' id='word_1_724' title='bbox 2992 5326 3075 5361; x_wconf 87' lang='grc' dir='ltr'>τοι</span> <span class='ocrx_word' id='word_1_725' title='bbox 3131 5309 3267 5377; x_wconf 85' lang='grc' dir='ltr'>πρὸς</span> <span class='ocrx_word' id='word_1_726' title='bbox 3303 5308 3403 5376; x_wconf 77' lang='grc' dir='ltr'>τὴν</span> <span class='ocrx_word' id='word_1_727' title='bbox 3442 5307 3665 5376; x_wconf 87' lang='grc' dir='ltr'>πορείαν</span> <span class='ocrx_word' id='word_1_728' title='bbox 3717 5298 3903 5357; x_wconf 83' lang='grc' dir='ltr'>στελλό-</span> 
     </span>
    </p>
   </div>
   <div class='ocr_carea' id='block_1_101' title="bbox 700 5402 2263 5471">
    <p class='ocr_par' dir='ltr' id='par_1_101' title="bbox 700 5402 2263 5471">
     <span class='ocr_line' id='line_1_101' title="bbox 700 5402 2263 5471; baseline 0.003 -15"><span class='ocrx_word' id='word_1_729' title='bbox 700 5402 1002 5456; x_wconf 85' lang='lat' dir='ltr'><strong>recordaris</strong></span> <span class='ocrx_word' id='word_1_730' title='bbox 1051 5403 1195 5471; x_wconf 81' lang='lat' dir='ltr'><strong>quod</strong></span> <span class='ocrx_word' id='word_1_731' title='bbox 1239 5404 1521 5459; x_wconf 89' lang='lat' dir='ltr'><strong>nobiscum</strong></span> <span class='ocrx_word' id='word_1_732' title='bbox 1570 5410 1696 5458; x_wconf 84' lang='lat' dir='ltr'><strong>ante</strong></span> <span class='ocrx_word' id='word_1_733' title='bbox 1740 5405 1842 5459; x_wconf 87' lang='lat' dir='ltr'><strong>iter</strong></span> <span class='ocrx_word' id='word_1_734' title='bbox 1874 5416 2025 5460; x_wconf 84' lang='lat' dir='ltr'><strong>tuum</strong></span> <span class='ocrx_word' id='word_1_735' title='bbox 2056 5416 2263 5460; x_wconf 82' lang='lat' dir='ltr'><strong>transc—</strong></span> 
     </span>
    </p>
   </div>
   <div class='ocr_carea' id='block_1_102' title="bbox 702 5493 2267 5565">
    <p class='ocr_par' dir='ltr' id='par_1_102' title="bbox 702 5493 2267 5565">
     <span class='ocr_line' id='line_1_102' title="bbox 702 5493 2267 5565; baseline 0.003 -18"><span class='ocrx_word' id='word_1_736' title='bbox 702 5496 847 5563; x_wconf 78' lang='lat' dir='ltr'><strong>gisti,</strong></span> <span class='ocrx_word' id='word_1_737' title='bbox 881 5505 930 5550; x_wconf 85' lang='lat' dir='ltr'>te</span> <span class='ocrx_word' id='word_1_738' title='bbox 967 5495 1224 5549; x_wconf 75' lang='lat' dir='ltr'><strong>oblivioni</strong></span> <span class='ocrx_word' id='word_1_739' title='bbox 1278 5498 1464 5550; x_wconf 90' lang='lat' dir='ltr'><strong>datum</strong></span> <span class='ocrx_word' id='word_1_740' title='bbox 1513 5512 1633 5551; x_wconf 82' lang='lat' dir='ltr'><strong>esse</strong></span> <span class='ocrx_word' id='word_1_741' title='bbox 1683 5513 1959 5565; x_wconf 84' lang='lat' dir='ltr'><strong>nunquam</strong></span> <span class='ocrx_word' id='word_1_742' title='bbox 2003 5493 2267 5561; x_wconf 81' lang='lat' dir='ltr'><strong>invenies,</strong></span> 
     </span>
    </p>
   </div>
   <div class='ocr_carea' id='block_1_103' title="bbox 2371 4749 3947 4827">
    <p class='ocr_par' dir='ltr' id='par_1_103' title="bbox 2371 4749 3947 4827">
     <span class='ocr_line' id='line_1_103' title="bbox 2371 4749 3947 4827; baseline -0.009 -16"><span class='ocrx_word' id='word_1_743' title='bbox 2371 4758 2573 4827; x_wconf 78' lang='grc' dir='ltr'>σωτὴρ,</span> <span class='ocrx_word' id='word_1_744' title='bbox 2612 4757 2749 4827; x_wconf 88' lang='grc' dir='ltr'>μετά</span> <span class='ocrx_word' id='word_1_745' title='bbox 2770 4772 2831 4824; x_wconf 88' lang='grc' dir='ltr'>γε</span> <span class='ocrx_word' id='word_1_746' title='bbox 2858 4756 2949 4807; x_wconf 80' lang='grc' dir='ltr'>τὸν</span> <span class='ocrx_word' id='word_1_747' title='bbox 2978 4754 3193 4824; x_wconf 87' lang='grc' dir='ltr'>πρῶτον</span> <span class='ocrx_word' id='word_1_748' title='bbox 3218 4756 3373 4824; x_wconf 89' lang='grc' dir='ltr'>ήμῶν</span> <span class='ocrx_word' id='word_1_749' title='bbox 3396 4755 3621 4824; x_wconf 82' lang='grc' dir='ltr'>Σωτῆρα</span> <span class='ocrx_word' id='word_1_750' title='bbox 3648 4755 3749 4807; x_wconf 73' lang='grc' dir='ltr'>’καὶ</span> <span class='ocrx_word' id='word_1_751' title='bbox 3770 4749 3906 4808; x_wconf 71' lang='grc' dir='ltr'>Θεὸν,</span> <span class='ocrx_word' id='word_1_752' title='bbox 3946 4822 3947 4825; x_wconf 11' lang='grc' dir='ltr'>η</span> 
     </span>
    </p>
   </div>
   <div class='ocr_carea' id='block_1_104' title="bbox 2452 5115 4011 5202">
    <p class='ocr_par' dir='ltr' id='par_1_104' title="bbox 2452 5115 4011 5202">
     <span class='ocr_line' id='line_1_104' title="bbox 2452 5115 4011 5202; baseline -0.009 -17"><span class='ocrx_word' id='word_1_753' title='bbox 2452 5134 2635 5202; x_wconf 83' lang='grc' dir='ltr'>Ὁρᾷς,</span> <span class='ocrx_word' id='word_1_754' title='bbox 2670 5134 2883 5193; x_wconf 80' lang='grc' dir='ltr'>τέκνον,</span> <span class='ocrx_word' id='word_1_755' title='bbox 2913 5125 2999 5181; x_wconf 73' lang='grc' dir='ltr'>οἷα</span> <span class='ocrx_word' id='word_1_756' title='bbox 3029 5127 3445 5196; x_wconf 82' lang='grc' dir='ltr'>κεκακωμένους</span> <span class='ocrx_word' id='word_1_757' title='bbox 3473 5127 3621 5197; x_wconf 75' lang='grc' dir='ltr'>ἡμᾶς</span> <span class='ocrx_word' id='word_1_758' title='bbox 3671 5126 3764 5179; x_wconf 73' lang='grc' dir='ltr'>ἐπὶ</span> <span class='ocrx_word' id='word_1_759' title='bbox 3791 5115 3905 5175; x_wconf 60' lang='lat' dir='ltr'><strong>tris“</strong></span> <span class='ocrx_word' id='word_1_760' title='bbox 4010 5115 4011 5167; x_wconf 58' lang='grc' dir='ltr'><strong>ἶ</strong></span> 
     </span>
    </p>
   </div>
   <div class='ocr_carea' id='block_1_105' title="bbox 2368 5208 4011 5299">
    <p class='ocr_par' dir='ltr' id='par_1_105' title="bbox 2368 5208 4011 5299">
     <span class='ocr_line' id='line_1_105' title="bbox 2368 5208 4011 5299; baseline -0.01 -23"><span class='ocrx_word' id='word_1_761' title='bbox 2368 5225 2479 5284; x_wconf 78' lang='grc' dir='ltr'>τοῖς</span> <span class='ocrx_word' id='word_1_762' title='bbox 2511 5222 2596 5273; x_wconf 79' lang='grc' dir='ltr'>διὰ</span> <span class='ocrx_word' id='word_1_763' title='bbox 2647 5220 2746 5282; x_wconf 76' lang='grc' dir='ltr'>τὰς</span> <span class='ocrx_word' id='word_1_764' title='bbox 2781 5217 3055 5287; x_wconf 82' lang='grc' dir='ltr'>ἁμαρτίας</span> <span class='ocrx_word' id='word_1_765' title='bbox 3095 5218 3251 5287; x_wconf 79' lang='grc' dir='ltr'>ἡμῶν</span> <span class='ocrx_word' id='word_1_766' title='bbox 3280 5216 3564 5287; x_wconf 80' lang='grc' dir='ltr'>συνέχουσι</span> <span class='ocrx_word' id='word_1_767' title='bbox 3592 5214 3654 5268; x_wconf 84' lang='grc' dir='ltr'>τδ</span> <span class='ocrx_word' id='word_1_768' title='bbox 3702 5215 3787 5268; x_wconf 85' lang='grc' dir='ltr'>σδν</span> <span class='ocrx_word' id='word_1_769' title='bbox 3815 5208 3905 5299; x_wconf 66' lang='grc' dir='ltr'>διε⁴</span> 
     </span>
    </p>
   </div>
   <div class='ocr_carea' id='block_1_106' title="bbox 2374 5392 4011 5474">
    <p class='ocr_par' dir='ltr' id='par_1_106' title="bbox 2374 5392 4011 5474">
     <span class='ocr_line' id='line_1_106' title="bbox 2374 5392 4011 5474; baseline -0.009 -17"><span class='ocrx_word' id='word_1_770' title='bbox 2374 5422 2557 5474; x_wconf 80' lang='grc' dir='ltr'>μενος,</span> <span class='ocrx_word' id='word_1_771' title='bbox 2587 5404 2644 5455; x_wconf 87' lang='grc' dir='ltr'>ὲν</span> <span class='ocrx_word' id='word_1_772' title='bbox 2672 5396 2752 5464; x_wconf 72' lang='grc' dir='ltr'>οἷς</span> <span class='ocrx_word' id='word_1_773' title='bbox 2780 5392 3073 5461; x_wconf 77' lang='grc' dir='ltr'>κατέλιπες</span> <span class='ocrx_word' id='word_1_774' title='bbox 3108 5399 3254 5467; x_wconf 78' lang='grc' dir='ltr'>ἡμᾶς</span> <span class='ocrx_word' id='word_1_775' title='bbox 3299 5398 3397 5449; x_wconf 85' lang='grc' dir='ltr'>οὐκ</span> <span class='ocrx_word' id='word_1_776' title='bbox 3427 5400 3544 5451; x_wconf 78' lang='grc' dir='ltr'>ἔστι</span> <span class='ocrx_word' id='word_1_777' title='bbox 3587 5392 3901 5464; x_wconf 82' lang='grc' dir='ltr'>διανοηθῆναι</span> <span class='ocrx_word' id='word_1_778' title='bbox 4010 5430 4011 5437; x_wconf 58' lang='grc' dir='ltr'><strong>η</strong></span> 
     </span>
    </p>
   </div>
   <div class='ocr_carea' id='block_1_107' title="bbox 2375 5479 4011 5562">
    <p class='ocr_par' dir='ltr' id='par_1_107' title="bbox 2375 5479 4011 5562">
     <span class='ocr_line' id='line_1_107' title="bbox 2375 5479 4011 5562; baseline -0.008 -14"><span class='ocrx_word' id='word_1_779' title='bbox 2375 5496 2449 5559; x_wconf 79' lang='grc' dir='ltr'>ὡς</span> <span class='ocrx_word' id='word_1_780' title='bbox 2474 5493 2809 5562; x_wconf 79' lang='grc' dir='ltr'>ἐπιλέλησαι.</span> <span class='ocrx_word' id='word_1_781' title='bbox 2865 5489 2995 5543; x_wconf 61' lang='grc' dir='ltr'>Εἶτα</span> <span class='ocrx_word' id='word_1_782' title='bbox 3054 5490 3367 5545; x_wconf 80' lang='grc' dir='ltr'>καταλιπὼν</span> <span class='ocrx_word' id='word_1_783' title='bbox 3394 5492 3491 5542; x_wconf 81' lang='grc' dir='ltr'>ὅσα</span> <span class='ocrx_word' id='word_1_784' title='bbox 3524 5507 3586 5555; x_wconf 91' lang='grc' dir='ltr'>γε</span> <span class='ocrx_word' id='word_1_785' title='bbox 3612 5489 3680 5541; x_wconf 83' lang='grc' dir='ltr'>τὰ</span> <span class='ocrx_word' id='word_1_786' title='bbox 3721 5479 3903 5551; x_wconf 78' lang='grc' dir='ltr'>ἀνθρώ·</span> <span class='ocrx_word' id='word_1_787' title='bbox 4010 5534 4011 5551; x_wconf 29' lang='grc' dir='ltr'>γ</span> 
     </span>
    </p>
   </div>
   <div class='ocr_carea' id='block_1_108' title="bbox 705 5578 2249 5657">
    <p class='ocr_par' dir='ltr' id='par_1_108' title="bbox 705 5586 2249 5657">
     <span class='ocr_line' id='line_1_108' title="bbox 705 5586 2249 5657; baseline 0.002 -19"><span class='ocrx_word' id='word_1_788' title='bbox 705 5586 901 5641; x_wconf 83' lang='lat' dir='ltr'><strong>relictis</strong></span> <span class='ocrx_word' id='word_1_789' title='bbox 977 5588 1214 5641; x_wconf 87' lang='lat' dir='ltr'><strong>humano</strong></span> <span class='ocrx_word' id='word_1_790' title='bbox 1292 5604 1439 5643; x_wconf 85' lang='lat' dir='ltr'><strong>more</strong></span> <span class='ocrx_word' id='word_1_791' title='bbox 1514 5588 1739 5642; x_wconf 81' lang='lat' dir='ltr'><strong>infernis</strong></span> <span class='ocrx_word' id='word_1_792' title='bbox 1807 5599 1859 5643; x_wconf 83' lang='lat' dir='ltr'>et</span> <span class='ocrx_word' id='word_1_793' title='bbox 1915 5589 1993 5643; x_wconf 89' lang='lat' dir='ltr'>eis</span> <span class='ocrx_word' id='word_1_794' title='bbox 2045 5590 2136 5657; x_wconf 91' lang='lat' dir='ltr'>qui</span> <span class='ocrx_word' id='word_1_795' title='bbox 2201 5589 2249 5641; x_wconf 91' lang='lat' dir='ltr'>ib</span> 
     </span>
    </p>
   </div>
   <div class='ocr_carea' id='block_1_109' title="bbox 2351 5578 4011 5657">
    <p class='ocr_par' dir='ltr' id='par_1_109' title="bbox 2380 5578 4011 5652">
     <span class='ocr_line' id='line_1_109' title="bbox 2380 5578 4011 5652; baseline -0.012 -15"><span class='ocrx_word' id='word_1_796' title='bbox 2380 5601 2505 5637; x_wconf 85' lang='grc' dir='ltr'>πινα</span> <span class='ocrx_word' id='word_1_797' title='bbox 2555 5581 2952 5651; x_wconf 83' lang='grc' dir='ltr'>παροικοῦντας</span> <span class='ocrx_word' id='word_1_798' title='bbox 2983 5583 3041 5634; x_wconf 81' lang='grc' dir='ltr'>ὲν</span> <span class='ocrx_word' id='word_1_799' title='bbox 3088 5580 3164 5650; x_wconf 84' lang='grc' dir='ltr'>τῷ</span> <span class='ocrx_word' id='word_1_800' title='bbox 3198 5581 3319 5652; x_wconf 74' lang='grc' dir='ltr'>ᾅδῃ,</span> <span class='ocrx_word' id='word_1_801' title='bbox 3383 5580 3582 5649; x_wconf 79' lang='grc' dir='ltr'>μᾶλλον</span> <span class='ocrx_word' id='word_1_802' title='bbox 3619 5579 3672 5631; x_wconf 74' lang='grc' dir='ltr'>δὲ</span> <span class='ocrx_word' id='word_1_803' title='bbox 3705 5578 3791 5631; x_wconf 75' lang='grc' dir='ltr'>καὶ</span> <span class='ocrx_word' id='word_1_804' title='bbox 3813 5578 3901 5623; x_wconf 68' lang='grc' dir='ltr'>τῶν</span> <span class='ocrx_word' id='word_1_805' title='bbox 4010 5628 4011 5635; x_wconf 14' lang='grc' dir='ltr'>γ</span> 
     </span>
    </p>
   </div>
   <div class='ocr_carea' id='block_1_110' title="bbox 2379 5658 3898 5742">
    <p class='ocr_par' dir='ltr' id='par_1_110' title="bbox 2379 5658 3898 5742">
     <span class='ocr_line' id='line_1_110' title="bbox 2379 5658 3898 5742; baseline -0.007 -14"><span class='ocrx_word' id='word_1_806' title='bbox 2379 5678 2495 5728; x_wconf 77' lang='grc' dir='ltr'>ἐκεῖ</span> <span class='ocrx_word' id='word_1_807' title='bbox 2548 5672 2953 5742; x_wconf 67' lang='grc' dir='ltr'>*παροικούντων</span> <span class='ocrx_word' id='word_1_808' title='bbox 3012 5671 3385 5741; x_wconf 71' lang='grc' dir='ltr'>χαλεπώτερον</span> <span class='ocrx_word' id='word_1_809' title='bbox 3442 5669 3805 5738; x_wconf 82' lang='grc' dir='ltr'>διακειμένους</span> <span class='ocrx_word' id='word_1_810' title='bbox 3850 5658 3898 5709; x_wconf 66' lang='grc' dir='ltr'>θῦ</span> 
     </span>
    </p>
   </div>
   <div class='ocr_carea' id='block_1_111' title="bbox 2387 5754 3897 5837">
    <p class='ocr_par' dir='ltr' id='par_1_111' title="bbox 2387 5754 3897 5837">
     <span class='ocr_line' id='line_1_111' title="bbox 2387 5754 3897 5837; baseline -0.013 -18"><span class='ocrx_word' id='word_1_811' title='bbox 2387 5770 2491 5837; x_wconf 67' lang='grc' dir='ltr'>γὰρ</span> <span class='ocrx_word' id='word_1_812' title='bbox 2534 5766 2645 5817; x_wconf 66' lang='grc' dir='ltr'>εἰςτι</span> <span class='ocrx_word' id='word_1_813' title='bbox 2676 5762 2790 5816; x_wconf 62' lang='grc' dir='ltr'>ἀντ’</span> <span class='ocrx_word' id='word_1_814' title='bbox 2824 5761 2999 5817; x_wconf 56' lang='lat' dir='ltr'><strong>abuit)</strong></span> <span class='ocrx_word' id='word_1_815' title='bbox 3028 5764 3054 5814; x_wconf 84' lang='grc' dir='ltr'>ὁ</span> <span class='ocrx_word' id='word_1_816' title='bbox 3086 5762 3292 5830; x_wconf 33' lang='lat' dir='ltr'><strong>edito“</strong></span> <span class='ocrx_word' id='word_1_817' title='bbox 3328 5762 3383 5814; x_wconf 62' lang='grc' dir='ltr'>οὔ</span> <span class='ocrx_word' id='word_1_818' title='bbox 3407 5762 3657 5831; x_wconf 71' lang='grc' dir='ltr'>πόλεμος,</span> <span class='ocrx_word' id='word_1_819' title='bbox 3684 5758 3774 5813; x_wconf 70' lang='grc' dir='ltr'>οὐκ</span> <span class='ocrx_word' id='word_1_820' title='bbox 3800 5754 3897 5805; x_wconf 69' lang='grc' dir='ltr'>ἐπι-</span> 
     </span>
    </p>
   </div>
   <div class='ocr_carea' id='block_1_112' title="bbox 711 5676 2269 5746">
    <p class='ocr_par' dir='ltr' id='par_1_112' title="bbox 711 5676 2269 5746">
     <span class='ocr_line' id='line_1_112' title="bbox 711 5676 2269 5746; baseline 0.002 -16"><span class='ocrx_word' id='word_1_821' title='bbox 711 5676 946 5746; x_wconf 63' lang='lat' dir='ltr'><strong>pt&#39;jorem</strong></span> <span class='ocrx_word' id='word_1_822' title='bbox 1002 5680 1367 5735; x_wconf 79' lang='lat' dir='ltr'><strong>conditionem</strong></span> <span class='ocrx_word' id='word_1_823' title='bbox 1438 5681 1657 5735; x_wconf 87' lang='lat' dir='ltr'><strong>habent.</strong></span> <span class='ocrx_word' id='word_1_824' title='bbox 1716 5682 1795 5734; x_wconf 75' lang='lat' dir='ltr'>Ab</span> <span class='ocrx_word' id='word_1_825' title='bbox 1869 5682 1952 5735; x_wconf 84' lang='lat' dir='ltr'>his</span> <span class='ocrx_word' id='word_1_826' title='bbox 2029 5695 2269 5735; x_wconf 53' lang='lat' dir='ltr'><strong>recesse-</strong></span> 
     </span>
    </p>
   </div>
   <div class='ocr_carea' id='block_1_113' title="bbox 711 5771 2269 5839">
    <p class='ocr_par' dir='ltr' id='par_1_113' title="bbox 711 5771 2269 5839">
     <span class='ocr_line' id='line_1_113' title="bbox 711 5771 2269 5839; baseline 0.002 -16"><span class='ocrx_word' id='word_1_827' title='bbox 711 5779 829 5823; x_wconf 66' lang='lat' dir='ltr'><strong>runt</strong></span> <span class='ocrx_word' id='word_1_828' title='bbox 867 5771 1087 5839; x_wconf 84' lang='lat' dir='ltr'><strong>invidia,</strong></span> <span class='ocrx_word' id='word_1_829' title='bbox 1120 5772 1317 5829; x_wconf 75' lang='lat' dir='ltr'><strong>bellum</strong></span> <span class='ocrx_word' id='word_1_830' title='bbox 1382 5784 1429 5828; x_wconf 78' lang='lat' dir='ltr'>ct</span> <span class='ocrx_word' id='word_1_831' title='bbox 1473 5774 1679 5830; x_wconf 66' lang='grc' dir='ltr'>ἱιιείιιίιιῖ</span> <span class='ocrx_word' id='word_1_832' title='bbox 1717 5772 1914 5839; x_wconf 71' lang='lat' dir='ltr'><strong>quibus</strong></span> <span class='ocrx_word' id='word_1_833' title='bbox 1965 5791 2062 5828; x_wconf 80' lang='lat' dir='ltr'>nos</span> <span class='ocrx_word' id='word_1_834' title='bbox 2123 5772 2269 5826; x_wconf 81' lang='lat' dir='ltr'><strong>indc-</strong></span> 
     </span>
    </p>
   </div>
   <div class='ocr_carea' id='block_1_114' title="bbox 3812 6092 4012 6411">
    <p class='ocr_par' dir='ltr' id='par_1_114' title="bbox 3812 6092 4012 6411">
     <span class='ocr_line' id='line_1_114' title="bbox 3812 6092 4012 6411; baseline 0.01 -2"><span class='ocrx_word' id='word_1_835' title='bbox 3814 6122 4012 6411; x_wconf 52' lang='grc' dir='ltr'><em>Δ</em></span> 
     </span>
    </p>
   </div>
  </div>
