4074 6452
554 323 665 385 359

1655 310 1963 373 NICOLAI
2002 312 2114 374 CP.
2152 314 2663 376 ΡΑΤΒΙΑΒΟΗιΕ

3682 322 3785 384 360

552 432 790 486 maxime
832 440 1054 482 CXSCI‘IS
1095 425 1167 480 ita
1207 430 1268 478 ut
1318 422 1463 477 inter
1492 419 1749 475 virtutem
1789 431 2027 477 vestram
2058 432 2108 478 ΕΙ

2214 443 2306 489 τος
2328 411 2430 480 καὶ
2451 426 2757 488 ἐπιεικείας
2786 425 2995 497 καὶτῆς
3011 427 3097 481 διὰ
3119 428 3289 499 Χριστ
3309 427 3368 480 δν
3400 426 3787 491 ταπεινώσεως

550 528 805 593 pietatem
843 519 940 573 lilii
984 516 1181 582 nostri,
1215 514 1507 582 Patrisque
1552 512 1627 567 tui
1658 511 1866 567 domini
1915 513 2117 584 Euthy-

551 613 645 668 mii
685 609 893 664 zizania
940 608 1252 659 inserantur
1291 603 1477 673 qualia
1511 600 1839 658 valerrimus
1871 602 1961 657 ille
1987 617 2118 654 con-

550 703 752 760 suevit.
800 700 883 753 Ab
934 696 1094 750 initio
1127 697 1273 749 enim
1319 694 1490 748 Deum
1544 693 1685 747 inter
1733 702 1788 746 et
1832 699 2116 747 creaturas

551 794 812 847 malitiam
856 784 1292 842 interseminavit
1339 792 1502 851 atque
1530 782 1711 836 intulit
1764 781 2114 846 inimicitias,

550 895 608 939 et
652 887 860 935 secreto
904 876 1193 940 let-menta,
1248 874 1448 945 quibus
1497 881 1552 927 et
1582 872 1763 926 unitas
1811 873 1866 926 in
1902 870 2013 926 Deo
2063 880 2119 925 et

546 981 733 1026 nostra
786 968 1136 1038 perturbatur
1185 965 1445 1019 charitas.
1499 962 1578 1016 Tu
1633 973 1813 1017 autem
1859 976 1985 1016 eum
2038 962 2117 1041 sis

551 1063 715 1116 homo
746 1058 841 1113 Dei
886 1066 940 1112 et
972 1055 1219 1111 omnium
1270 1053 1481 1109 animos
1511 1051 1819 1107 demulcere
1856 1048 2114 1118 didicisti,

547 1151 600 1206 in
637 1164 703 1205 eo
737 1148 1007 1220 imprimis
1046 1147 1263 1201 labores
1295 1153 1355 1199 ut
1380 1142 1901 1213 Euthymium—lucri
1930 1141 2102 1198 facias

545 1251 598 1297 et
627 1257 821 1298 omnes
860 1239 954 1309 qui
999 1248 1128 1294 sunt
1176 1251 1300 1291 cum
1334 1236 1447 1296 illo,
1489 1248 1667 1304 neque
1713 1232 1983 1288 concedas
2014 1248 2117 1287 un-

546 1349 714 1405 quam
762 1341 823 1387 ut
858 1330 1120 1384 minimus
1153 1326 1429 1381 distantias
1476 1332 1531 1379 et
1583 1324 1946 1393 separationis
1982 1339 2118 1395 pra-

547 1437 726 1481 te-xtus
754 1423 954 1478 valeat.
986 1420 1063 1475 De
1093 1429 1291 1474 caetero
1332 1417 1414 1471 vir
1452 1416 1563 1471 iste
1593 1415 1763 1470 Deum
1812 1429 2005 1470 amans
2033 1424 2117 1471 est

544 1530 706 1589 atque
738 1517 1005 1571 virtutum
1039 1510 1222 1581 opifex
1258 1528 1273 1566 :
1306 1518 1593 1581 prepterea
1620 1508 1773 1563 omni
1804 1507 2111 1563 reverentia

542 1618 599 1666 et
650 1610 860 1663 honore
923 1605 1238 1667 habendus,
1303 1600 1571 1669 imprimis
1625 1600 1769 1670 quod
1824 1609 1949 1653 ante
2011 1611 2111 1653 vos

2218 517 2316 570 νῦν
2338 518 2431 570 ἐπὶ
2454 517 2617 572 πλέον
2639 518 3062 583 ἀντιποιεῖσθαι,
3093 518 3232 574 ὥστε
3260 518 3428 589 μηδὲν
3456 518 3658 588 μεταξὺ
3682 520 3781 589 τῆς

2219 607 2377 677 ὑμῶν
2406 607 2611 678 ἀρετῆς
2636 609 2733 661 καὶ
2760 609 2855 663 τοῦ
2903 609 3309 664 εὐλαϐεστάτου
3343 608 3461 662 υίοῦ
3492 611 3669 681 ημῶν,
3694 612 3785 663 καὶ

2221 697 2452 767 ἀδελφοῦ
2505 715 2601 751 σου
2660 699 2753 751 τοῦ
2815 698 2983 769 κυροῧ
3035 699 3309 769 Εὑθυμίου
3361 699 3655 769 δυνηθῆναι
3697 700 3786 752 τὸν

2217 787 2457 859 πονηρὸν
2482 788 2807 861 ἐπισπείραι
2854 791 3091 856 ζιζάνια,
3144 792 3278 861 μηδέ
3308 785 3397 845 οἷα
3440 791 3585 858 φιλεῖ
3620 791 3785 843 πολυ-

2220 878 2465 947 μήχανος
2495 878 2572 934 ὢν
2601 881 2682 945 είς
2714 881 2916 935 κακίαν
2948 882 3044 935 καὶ
3077 881 3172 935 ἀπ’
3207 882 3383 953 ἀρχῆς
3418 880 3621 951 μεταξὺ
3648 879 3784 933 Θεοῦ

2219 971 2316 1022 καὶ
2344 970 2440 1050 τοῦ
2472 970 2791 1041 πλάσματος
2819 974 2920 1041 τὴν
2958 972 3164 1043 ἔχθραν
3188 969 3537 1041 ἐκϐεϐληκὼς
3574 971 3711 1042 λάθῃ
3734 987 3789 1024 τι
3886 974 3889 977 ’

2220 1059 2668 1129 παρεισενεγκὼν
2720 1063 2820 1129 τῆς
2846 1062 2905 1114 ἐν
2941 1063 3132 1133 Κυρίῳ
3164 1062 3415 1132 ἐνότητος
3442 1061 3537 1114 καὶ
3565 1062 3787 1131 ἀγάπης

2226 1150 2382 1220 ὑμῶν
2416 1151 2753 1223 ἐναντίωμα·
2783 1152 2900 1206 ἀλλ’
2926 1150 3014 1207 οῐα
3057 1153 3190 1207 Θεοῦ
3231 1152 3521 1223 ἄνθρωπος
3570 1151 3789 1221 άληθῶς

2217 1241 2315 1293 καὶ
2345 1238 2503 1303 ειδὼς
2533 1240 2742 1303 πάντας
2791 1242 3121 1313 κερδαίνειν,
3172 1240 3317 1295 οὕτω
3348 1243 3477 1309 περὶ
3524 1240 3790 1305 πλείστην

2215 1329 2443 1402 γνώμην
2477 1330 2771 1398 άναλαὼῦ,
2794 1331 2935 1385 ὥστε
2965 1332 3219 1387 κάκεῖνον
3246 1332 3341 1385 καὶ
3373 1332 3499 1396 τοὺς
3527 1333 3623 1387 σὺν
3640 1332 3789 1403 αύτῷ

2216 1422 2499 1491 κερδάναι,
2534 1424 2631 1478 καὶ
2664 1424 2935 1495 μηδεμίαν
2968 1427 3027 1479 ἐν
3058 1426 3251 1496 μηδεν)⁵
3272 1427 3549 1499 πρόφασιν
3577 1443 3791 1496 παριμ-

2217 1514 2407 1565 πεσετν
2463 1512 2728 1585 διαφορᾶς
2774 1514 2874 1569 καὶ
2921 1515 3296 1580 διαστάσεως·
3354 1519 3448 1572 καὶ
3479 1517 3653 1580 άλλως
3689 1519 3790 1587 μὶν

2223 1605 2333 1673 γὰρ
2364 1606 2392 1657 ὀ
2421 1604 2560 1674 ἀνὴρ
2591 1605 2848 1676 θεοφιλὴς
2891 1607 2987 1660 καὶ
3040 1609 3249 1681 ἀρετῆς
3263 1609 3524 1679 ἐργάτης.
3572 1608 3685 1663 Καὶ
3706 1609 3791 1662 δεῖ

540 1700 763 1771 pietatis
806 1710 984 1767 praco
1022 1696 1078 1750 in
1128 1701 1289 1764 gente
1328 1693 1433 1746 ista
1484 1690 1722 1746 surrexit
1757 1698 1812 1745 et
1854 1689 2108 1744 doctrina

2221 1694 2319 1747 καὶ
2345 1694 2436 1748 διὰ
2449 1694 2612 1749 τοῦτο
2644 1696 2703 1749 ἐν
2738 1696 2891 1770 πάσῃ
2922 1698 3063 1752 αίδοί
3095 1700 3188 1754 καὶ
3214 1702 3347 1771 τιμῇ
3397 1700 3553 1768 ἄγειν
3585 1700 3751 1754 αὐτόν
3771 1718 3787 1732 ·

539 1758 749 1846 semina
781 1758 1038 1857 dispersit
1071 1758 1236 1854 auiae
1268 1784 1321 1838 in
1354 1783 1608 1852 praesenti
1648 1795 1745 1837 ceu
1782 1790 2108 1849 cooperator

2223 1788 2460 1859 μάλιστα
2490 1789 2549 1843 δέ
2583 1791 2665 1844 ὃτι
2698 1791 2792 1845 καὶ⁵
2826 1758 2933 1862 {pe
2966 1792 3117 1862 ὑμῶν
3146 1758 3458 1863 κήρύέτῆς
3490 1792 3783 1855 εὐσεϐείας

538 1887 742 1941 missus
764 1894 853 1940 est
880 1882 974 1952 qui
1003 1881 1230 1950 auspice
1260 1878 1369 1934 Deo
1399 1887 1454 1933 et
1483 1876 1697 1948 pondus
1728 1874 1964 1946 Spiritus
1990 1890 2113 1945 gra-

540 1980 614 2031 tia
662 1978 910 2030 laborum
959 1983 1263 2029 vestrorum
1304 1969 1560 2040 operibus
1611 1968 1727 2023 suis
1771 1968 2102 2023 sublevavit.

539 2066 899 2126 Gaudendum
949 2064 1115 2133 igitur
1161 2071 1217 2117 et
1264 2060 1333 2115 de
1383 2060 1468 2115 his
1508 2067 1688 2129 grates
1718 2060 1830 2113 Deo
1867 2058 2108 2128 agendae.

541 2159 741 2213 nedum
790 2156 1055 2211 crucieris
1114 2167 1291 2221 neque
1345 2149 1572 2218 patiaris
1632 2148 1763 2219 quid
1819 2149 2106 2213 charitate,

539 2250 846 2321 praesertim
874 2246 1141 2317 Spiritus,
1174 2244 1483 2315 indignum.

2216 1878 2295 1948 τῷ
2314 1878 2458 1933 ἔθνει
2504 1880 2717 1947 γέγονε,
2745 1880 2843 1935 καὶ
2878 1880 3041 1945 αὐτὸς
3067 1881 3161 1936 τδν
3213 1883 3415 1952 σπόρον
3462 1881 3792 1936 κατεϐάλετο

2217 1970 2313 2038 τῆς
2343 1969 2718 2035 διδασκαλίας,
2756 1972 2850 2024 καὶ
2886 1971 2983 2026 νῦν
3006 1972 3284 2027 ἐπὶτοῦτο
3322 1972 3608 2027 ἐστείλατο
3650 1970 3792 2042 πρὸς

2219 2061 2362 2131 ὑμᾶς
2395 2059 2490 2116 τοῦ
2516 2064 2857 2133 συνεργάτης
2888 2063 3144 2131 γενέσθαι
3189 2064 3287 2118 καὶ
3310 2065 3407 2120 σὺν
3455 2061 3576 2132 Θεῷ
3621 2060 3793 2131 φάναι

2212 2154 2279 2221 τῇ
2322 2152 2579 2223 κοινωνίᾳ
2606 2152 2707 2222 τῆς
2762 2154 3149 2223 πνευματικῆς
3192 2154 3456 2224 ἐργασίας
3483 2150 3793 2223 ἐπελαφρῦ-

2214 2243 2300 2297 ναί
2326 2260 2409 2297 σοι
2438 2244 2500 2299 τὸ
2525 2244 2693 2315 βάρος
2722 2245 2831 2299 τῶν
2858 2244 3059 2300 πόνων.
3117 2230 3343 2316 Χαίρειν
3368 2245 3460 2298 οὖν
3491 2245 3584 2298 ἐπὶ
3607 2244 3789 2309 τοῦτο,

537 2342 697 2413 χάριν
730 2339 1018 2410 ὁμολογεῖν
1047 2338 1167 2391 δίον
1220 2335 1360 2405 Θεῷ,
1401 2334 1523 2404 οὐχὶ
1545 2333 1609 2387 δέ
1637 2332 1955 2404 ἀνιαθῆναι,
1980 2332 2102 2386 οὐδὲ
2136 2336 2330 2390 παθεῖν
2382 2354 2437 2392 τι
2506 2337 2728 2402 ἀνάξιον
2780 2337 3001 2409 ἀγάπης
3046 2337 3283 2408 μάλιστα
3337 2340 3436 2408 τῆς
3464 2336 3559 2391 τοῦ
3617 2335 3790 2391 Πνεύ·

540 2450 738 2578 μαᾶἒό
791 2522 976 2579 scribo
1011 2536 1137 2601 non
1174 2534 1403 2593 sperans
1454 2528 1635 2577 tamen
1694 2536 1783 2578 res
1835 2520 1934 2575 tibi
1973 2520 2108 2576 tales

537 2623 832 2670 eventuras
868 2628 1018 2681 esse,
1059 2615 1155 2669 sed
1192 2622 1488 2679 versutam,
1522 2614 1741 2683 maligni
1780 2613 2107 2669 simultatem

536 2706 995 2773 perhorrescens;
1046 2704 1249 2760 ctenim
1292 2704 1455 2759 bonis
1503 2705 1690 2760 lavere
1739 2719 1848 2759 non
1911 2713 2111 2774 potest,

2284 2519 2487 2591 Γράφω
2543 2519 2721 2575 ταῦτα
2750 2522 2849 2591 οὐχ
2906 2521 3079 2585 οὕτως
3130 2519 3365 2585 ἐλπίζων
3406 2521 3791 2592 συμϐήσεσθαι

2212 2611 2281 2663 τὰ
2313 2611 2441 2680 περὶ
2480 2610 2564 2675 σέ,
2602 2612 2739 2665 ἀλλὰ
2761 2614 2861 2683 τὴν
2908 2610 3245 2682 πολύτροπον
3291 2609 3639 2680 ὑφορώμενος
3688 2610 3786 2665 τοῦ

2216 2699 2457 2773 πονηροῦ
2485 2701 2831 2771 δυσμένειαν,
2856 2706 2952 2754 καὶ
3002 2697 3112 2764 οἶος
3140 2702 3347 2764 ἐκεῖνος
3390 2702 3493 2754 οὐκ
3527 2700 3666 2772 ἔχων
3693 2702 3788 2755 ἐπὶ

541 2797 639 2851 sed
674 2805 995 2866 perpetuum
1036 2808 1161 2851 cum
1205 2796 1274 2850 iis
1325 2795 1527 2863 bellum
1577 2796 1717 2865 gerit
1762 2795 1925 2865 idque
1971 2810 2108 2849 nunc

2213 2792 2322 2854 τοῖς
2354 2790 2538 2853 καλοῖς
2572 2793 2822 2862 ἠρεμεῖν,
2854 2790 2996 2844 ἀλλὰ
3030 2790 3116 2844 διὰ
3152 2791 3353 2853 παντὸς
3378 2790 3565 2858 άγῶνα
3592 2791 3787 2845 ποιού-

539 2888 780 2942 masime
817 2903 944 2944 cum
992 2895 1205 2941 tantum
1253 2885 1318 2940 ad
1372 2886 1654 2940 hominum
1712 2885 1942 2940 salutem
1998 2884 2108 2940 ﬁeri

2214 2897 2373 2950 μενος
2403 2881 2497 2934 τοῦ
2528 2880 2875 2952 λυμήνασθαι
2907 2882 3128 2945 αὐτοῖς·
3190 2881 3425 2951 μαλίστα
3467 2882 3524 2935 δέ
3554 2883 3647 2935 ἐπὶ
3686 2881 3784 2934 τοῦ

540 2980 689 3035 videt
722 2998 736 3034 :
768 2979 836 3033 ab
893 2978 1051 3033 initio
1116 2976 1261 3032 enim
1309 2976 1515 3031 nullam
1568 2976 1761 3029 habuit
1806 2975 2108 3030 satietatem

2213 2969 2502 3040 παρόντος,
2538 2970 2729 3023 ηόπότε
2784 2971 3047 3026 τοσοῦτον
3112 2971 3447 3043 κατόρθωμα
3497 2970 3786 3040 γινόμενον

540 3073 823 3128 hominum
850 3085 1021 3141 genus
1051 3069 1105 3122 in
1134 3067 1493 3138 perditionem
1529 3064 1851 3135 projiciendi
1881 3081 1897 3131 ;
1930 3066 2108 3120 studio

2213 3060 2417 3131 καθορᾷ
2440 3060 2535 3115 καὶ
2562 3061 2839 3132 σωτηρίαν
2876 3063 2971 3116 τοῦ
3002 3062 3341 3133 πλάσματος,
3378 3064 3517 3132 ὅπερ
3556 3063 3772 3124 ἐκεῖνος

422 3148 425 3149 ⁷
540 3176 823 3232 nunquam
851 3129 1218 3215 "satisfactum
1268 3172 1391 3213 esse
1441 3129 1672 3226 putavit,
1718 3170 1821 3211 nec
1867 3129 2107 3223 unquam
2134 3129 2179 3191 ο

540 3254 674 3309 huic
724 3250 1026 3305 inimicitia:
1084 3250 1249 3305 linem
1307 3249 1570 3318 imponet.
1638 3246 1815 3315 Hujus
1863 3246 2109 3301 artiﬁciis

538 3343 793 3412 cognitis,
825 3341 900 3395 mi
941 3340 1041 3405 lili,
1071 3348 1127 3394 et
1151 3353 1247 3410 per
1282 3355 1406 3409 quae
1451 3339 1773 3409 scripsimus
1820 3347 1983 3407 atque
2016 3350 2109 3393 tua

542 3435 713 3504 ipsius
774 3430 1111 3501 experientia
1170 3431 1421 3492 edoctus,
1478 3428 1623 3484 illius
1678 3428 2108 3483 machinationes

542 3526 774 3592 videbis,
823 3526 1056 3595 teipsum
1107 3534 1291 3579 autem
1319 3523 1581 3578 honorem
1612 3521 1757 3592 apud
1790 3519 1957 3575 Deum
2007 3521 2106 3575 tibi

540 3624 889 3672 reservatum
909 3613 1180 3684 gustabis,
1229 3614 1371 3683 apud
1407 3611 1654 3667 homines
1704 3619 1885 3665 autem
1919 3625 2106 3679 aequos

538 3708 751 3776 judices
782 3706 1001 3759 virtutis
1032 3713 1087 3759 et
1117 3704 1281 3759 studii
1316 3702 1598 3767 indefessi,
1628 3701 1809 3772 justas
1852 3714 2107 3755 remune-

544 3806 754 3852 ratores
785 3795 907 3865 jure
932 3804 984 3850 et
1010 3794 1207 3848 merito
1232 3792 1498 3848 invenies.

2215 3152 2296 3214 είς
2318 3152 2599 3205 ἀπώλειαν
2643 3152 2703 3219 ἐξ
2733 3152 2911 3224 ἀρχῆς
2936 3154 3033 3207 καὶ
3065 3154 3226 3224 μέχρι
3250 3156 3346 3207 τοῦ
3367 3152 3462 3206 νῦν
3508 3152 3608 3205 οὐκ
3646 3150 3782 3221 ἔσχε
3881 3210 3885 3219 ,

2214 3241 2374 3313 κόρον
2417 3240 2664 3309 άνωθῶν,
2696 3242 2817 3296 οὐδέ
2850 3244 3053 3307 πάσαις
3100 3246 3315 3316 τέχναις
3348 3247 3440 3299 καὶ
3474 3247 3782 3315 περινοίαις

2214 3329 2305 3382 τὸν
2335 3330 2723 3402 μισάνθρωπον
2754 3330 2947 3385 τοῦτον
2979 3331 3180 3405 δρόμον
3214 3332 3518 3402 τιθέμενος.
3549 3334 3780 3398 Τούτου,

2214 3420 2403 3475 τέκνον
2432 3406 2608 3491 ἡμῶν,
2635 3422 2705 3475 τὰ
2747 3423 3101 3495 τεχνάσματα
3148 3424 3534 3493 ἐπιστάμενος,
3580 3426 3675 3478 καὶ
3704 3424 3780 3477 δι’

2216 3505 2291 3565 ὧν
2321 3513 2643 3585 ἐγράψαμεν
2670 3514 2856 3587 ὥσπερ
2892 3516 3430 3588 ὑπομιμνήσκοντες,
3476 3519 3569 3572 καὶ
3594 3518 3662 3571 δι’
3699 3514 3780 3572 ὧν

2210 3607 2373 3671 αὐτὸς
2396 3608 2784 3676 ἐπιγινώσκεις
2809 3612 2876 3681 τῇ
2908 3610 3064 3683 θεῖκῇ
3090 3610 3473 3681 ωναντιλήψει
3505 3609 3783 3679 δυναμού-

2218 3714 2404 3767 μενος,
2456 3699 2549 3751 τὸν
2610 3700 2710 3770 μὲν
2760 3700 2998 3772 ὀφλῆσαι
3050 3702 3267 3771 γέλωτα
3335 3702 3779 3771 παρασκεύασον,

2213 3793 2443 3849 σεαυτὸν
2492 3795 2550 3848 δέ
2592 3796 2762 3866 τιμῆς
2809 3796 2960 3861 άξιον
2990 3800 3086 3851 καὶ
3130 3798 3288 3868 δόξης
3328 3800 3477 3867 παρὰ
3508 3797 3642 3850 Θεοῦ
3676 3797 3779 3850 καὶ

541 3889 649 3942 τῶν
673 3888 765 3941 ἐπὶ
792 3888 907 3949 τοῖς
951 3883 1686 3953 τοιούτοιςηκατορθῶμασιν
1743 3885 2109 3954 ὀφειλομένων
2175 3888 2412 3941 ἐπαίνων
2443 3890 2539 3942 καὶ
2589 3890 2689 3960 τῆς
2755 3889 3143 3960 άνακηρύξεως
3204 3891 3353 3960 παρὰ
3383 3891 3489 3943 τῶν
3534 3890 3775 3947 ἐπαινεῖν

542 3980 760 4035 εἰδότων
782 3978 881 4047 τὴν
913 3976 1112 4047 ἀρετὴν
1163 3977 1261 4030 καὶ
1311 3975 1710 4045 ἀνακηρύττειν
1762 3976 1861 4044 τὴν
1905 3979 2110 4048 ταύτης
2144 3977 2526 4051 λαμπρότητα.

646 4085 932 4143 CXXXVI.
955 4084 1538 4223 ,διερΙιοιῖοηὶίὶείιαείί
1565 4092 1615 4139 et
1645 4083 2015 4150 Constantino,

1214 4171 1271 4208 ra
1299 4170 1347 4207 rt
1387 4171 1466 4207 us.

1214 4170 1466 4208 ταινιουε.

614 4248 831 4303 Homini
882 4245 1273 4301 conscientiam
1302 4283 1318 4309 ,
1363 4247 1600 4301 maxime
1662 4245 1905 4301 divinam
1955 4261 2111 4302 reve-

542 4340 704 4402 renti,
727 4338 982 4393 facillime
1004 4334 1292 4390 adhibetur
1315 4333 1448 4390 lides
1469 4334 1552 4388 vel
1576 4334 1693 4390 sine
1714 4336 2100 4405 jurejurando;

2205 4090 2389 4156 PAq”.
2458 4086 2773 4156 Στεφάνῳ,
2835 4090 3083 4165 litigandi
3149 4092 3248 4146 και
3316 4095 3773 4165 Κωνσταντίνῳ,

2830 4161 3135 4229 ἀδελφοῖς.

2289 4250 2583 4323 Ἀνθρώπῳ
2640 4250 2857 4305 σύνεσιν
2904 4252 3139 4321 τιμῶντι
3185 4253 3280 4307 καὶ
3330 4254 3564 4323 μάλιστα
3594 4254 3769 4321 θείαν,

2206 4344 2476 4414 εὐσταθὴς
2513 4345 2715 4416 τρόπος
2739 4345 2924 4399 δίδωσι
2965 4346 3026 4399 τδ
3060 4346 3436 4412 πιστεύεσθαι,
3469 4350 3566 4418 οὐχ
3598 4350 3630 4420 η
3658 4350 3770 4403 τῶν

544 4433 742 4487 multos
779 4431 944 4485 enim
979 4429 1138 4484 docet
1190 4427 1524 4497 experientia
1565 4425 1707 4482 datis
1751 4428 2097 4496 juramentis,

2213 4434 2386 4505 ὅρκων
2443 4435 2775 4505 παράληψις.
2821 4436 3059 4500 Πολλοὺς
3102 4436 3211 4507 γὰρ
3266 4438 3489 4508 ἤλεγξεν
3540 4442 3769 4511 ηπεῖρα

544 4538 734 4593 parum
765 4523 1013 4586 stetisse,
1048 4529 1211 4589 atque
1230 4520 1452 4587 decepta
1468 4518 1659 4572 ﬁducia
1684 4518 1913 4573 aliorum
1946 4518 2104 4573 ﬁdem

2213 4526 2353 4597 μετὰ
2405 4526 2516 4580 τῶν
2558 4527 2738 4598 ὀρκων
2786 4528 3003 4596 χείρους
3056 4527 3344 4595 ὀφθέντας,
3389 4528 3457 4582 δι’
3490 4524 3564 4585 ὧν
3612 4531 3770 4601 ἔσχον

545 4618 764 4684 penitus
797 4614 1069 4669 delerunt.
1123 4611 1233 4666 Nos
1263 4610 1507 4679 quidem,
1531 4611 1605 4663 mi
1637 4610 1733 4675 lili,
1775 4620 1824 4665 te
1859 4626 2103 4665 veracem

538 4708 847 4777 judicamns
925 4721 955 4759 a
1004 4719 1114 4774 quo
1194 4718 1471 4772 nunquam
1541 4702 1769 4772 decepti.
1848 4703 2107 4759 Novimus

544 4802 688 4853 enim
740 4812 923 4853 mores
995 4804 1120 4869 tuos
1168 4805 1221 4850 et
1287 4794 1394 4848 tuis
1464 4794 1641 4849 verbis
1706 4795 1879 4863 magis
1940 4796 2109 4849 conli-

542 4896 721 4951 dimus
768 4908 930 4961 quam
956 4892 1335 4960 plerorumque
1390 4886 1810 4954 assertionibus,
1855 4892 2104 4957 quamvis

545 5003 669 5041 cum
718 4982 1081 5052 jurejurando
1139 4983 1193 5035 in
1241 4980 1479 5033 medium
1537 4980 1778 5049 prolatis.
1822 4980 2009 5049 Itaque
2060 4980 2105 5034 si

545 5094 652 5131 non
687 5078 949 5137 fallimur,
977 5073 1181 5143 gratias
1214 5070 1502 5125 referimus
1535 5070 1643 5125 Deo
1676 5091 1689 5126 :
1721 5074 1803 5126 sin
1836 5088 1921 5126 res
1949 5073 2108 5125 aliter

546 5184 605 5222 se
646 5168 862 5230 habeat,
894 5163 1075 5217 omnia
1107 5164 1263 5231 longe
1288 5162 1639 5231 projiciantur
1660 5179 1759 5217 nec
1776 5163 1875 5217 nisi
1897 5164 1952 5216 in
1976 5177 2104 5231 pec-

546 5268 666 5312 cata
717 5273 835 5311 mea
887 5255 1242 5309 transferatur
1281 5256 1458 5324 culpa.
1510 5254 1665 5320 Quod
1722 5256 1914 5311 deinde
1959 5257 2106 5325 pacis

552 5349 881 5399 mentionem
913 5342 1067 5407 lacis,
1096 5344 1199 5398 hoc
1229 5343 1370 5407 dico,
1408 5359 1511 5397 non
1542 5344 1607 5397 ad
1638 5345 1731 5397 tibi
1770 5346 2105 5398 suadendum

550 5452 647 5489 nec
687 5437 907 5490 cuilibet
943 5435 1030 5488 alii
1063 5436 1153 5503 qui
1196 5449 1387 5503 pacem
1439 5436 1687 5503 amplecti
1725 5438 1869 5489 visus
1919 5436 2103 5499 fuerit,

552 5528 644 5581 sed
698 5526 938 5594 apertius
988 5526 1055 5579 ad
1104 5526 1252 5579 illum
1289 5527 1499 5595 loquar,
1557 5528 1645 5581 cui
1696 5528 1875 5580 omnia
1922 5529 2104 5580 cordis

551 5627 757 5672 secreta
790 5626 1005 5684 patent;
1041 5626 1246 5671 tantum
1274 5618 1417 5673 enim
1447 5620 1575 5673 mihi
1608 5619 1742 5672 inest
1777 5620 2101 5673 desiderium

555 5711 848 5765 l-Lcclcsiam
874 5708 965 5766 Dei
998 5725 1126 5780 pace
1148 5710 1414 5767 {ruentem
1436 5712 1673 5779 videndi,
1696 5724 1749 5767 ut
1771 5713 1813 5766 si
1837 5712 2104 5767 desiderio

2209 4618 2351 4671 κατὰ
2370 4618 2479 4671 τῶν
2510 4618 2918 4671 πιστευσάντων
2953 4619 3116 4672 πλέον
3158 4621 3237 4682 είς
3255 4622 3454 4675 κακίαν
3494 4622 3765 4686 ἐπιδείξι-

2210 4708 2355 4775 σθαι,
2384 4709 2418 4779 η
2448 4710 2496 4761 εί
2522 4709 2597 4779 μὴ
2627 4711 3054 4773 πεπιστευκότες
3103 4709 3384 4780 ὤφθησαν.
3427 4714 3615 4782 Ἡμεῖς
3647 4712 3764 4777 οὖν,

2206 4800 2399 4852 τέκνον
2430 4801 2608 4869 ἡμῶν,
2640 4801 2690 4852 εί
2726 4801 2798 4870 μὴ
2832 4784 3232 4872 ἐξηπατήμεθα
3272 4804 3370 4856 οὐκ
3400 4804 3466 4855 ἂν
3497 4804 3562 4873 δὴ
3598 4806 3766 4874 φαίην

2207 4892 2315 4946 τῶν
2343 4891 2635 4962 εὐσταθείᾳ
2674 4894 2875 4961 τρόπον
2906 4894 3322 4963 σεμνυνομένων
3361 4894 3561 4957 εἰδότες
3598 4896 3764 4964 ὑμᾶς,

2217 4985 2306 5037 ὅτε
2328 4987 2399 5035 τὰ
2429 4985 2667 5054 ὑμέτερα
2700 4984 3091 5053 ὲγινὼσκομεν,
3139 4986 3321 5055 ἐκείνῃ
3380 4986 3579 5053 μᾶλλον
3618 4987 3766 5039 τιθὲ-

2212 5080 2349 5146 μεθα
2378 5079 2443 5145 τῇ
2485 5075 2614 5145 περὶ
2652 5074 2805 5144 ὑμῶν
2860 5076 3147 5146 ὑπολήψει,
3177 5078 3209 5146 ἢ
3234 5079 3298 5147 τῇ
3334 5079 3397 5129 ἐκ
3443 5076 3551 5129 τῶν
3584 5079 3765 5147 ὅρκων

2208 5167 2623 5235 προϐαλλομένη
2659 5165 3002 5236 πληροφορίᾳ⁵
3023 5181 3036 5193 ·
3082 5169 3176 5219 καὶ
3204 5168 3253 5219 εί
3276 5168 3373 5236 μὲν
3405 5168 3503 5220 οὐκ
3546 5169 3765 5220 ἀπατῶ-

2211 5274 2309 5324 μεν
2330 5256 2404 5325 τῷ
2430 5254 2544 5324 Θεῷ
2570 5256 2747 5323 χάρις.
2809 5255 2869 5307 Εί
2908 5255 2951 5307 δ’
2975 5256 3148 5317 ἄλλως
3189 5254 3324 5325 ἔχει,
3351 5255 3467 5309 ἀλλ’
3520 5257 3762 5325 eaeaeae.

2209 5347 2369 5398 τοῦτο
2398 5348 2475 5408 είς
2505 5346 2723 5415 τρίϐους
2747 5346 3007 5410 ἀϐάτους,
3052 5348 3144 5399 καὶ
3172 5346 3345 5409 οὕτως
3392 5347 3563 5409 οὐδεὶς
3605 5348 3761 5411 ἄλλος

2207 5436 2303 5503 τὴν
2353 5436 2529 5485 αἰτίαν
2584 5434 2718 5499 ἔξει,
2758 5434 2875 5487 ἀλλ’
2927 5437 3008 5495 είς
3064 5434 3163 5496 τὰς
3216 5433 3353 5501 ἐμάς
3397 5434 3759 5503 ἀνυσθήσεται

2210 5528 2500 5595 ἁμαρτίας.
2546 5526 2694 5577 Ἐπεὶ
2720 5527 2775 5577 δὲ
2810 5527 3032 5597 εἰρήνης
3063 5526 3360 5595 ἐμνήσθης,
3387 5524 3562 5577 ἐκεῖνό
3594 5543 3755 5593 φημι,

2207 5618 2266 5667 οὑ
2296 5620 2352 5668 σὲ
2387 5617 2610 5681 πείθων,
2642 5618 2749 5669 οὐδ’
2786 5616 2943 5669 ἄλλον
2974 5616 3063 5667 τὸν
3093 5617 3145 5667 εἴ
3176 5633 3257 5676 τις
3301 5616 3446 5668 δοκεῖ
3474 5616 3756 5683 ὀνομάζειν

2209 5714 2448 5781 εἰρήνην,
2486 5711 2623 5767 ἀλλὰ
2652 5712 2785 5781 πρὸς
2811 5712 3015 5763 ἐκεῖνον
3060 5711 3267 5779 φανερὰ
3311 5711 3470 5775 λέγω,
3510 5702 3550 5773 ᾧ
3585 5708 3758 5760 xiv/:1
