4074 6482
268 330 363 391 365

1693 324 2095 384 EPIS'I‘OLIE.

3367 324 3471 386 306

272 457 366 507 μιν
385 439 536 510 φιλίᾳ
554 438 730 492 δοκεῖν
757 439 1141 502 συνάπτεσθαι,
1173 441 1237 510 τῇ
1258 438 1312 490 δὲ
1359 439 1494 490 κατὰ
1521 439 1612 506 τὴν
1633 437 1807 487 πίστιν

1911 452 2129 498 parvum
2191 435 2435 487 rm-nbuit
2486 445 2781 494 certamen,
2842 446 2984 484 nunc
3033 448 3126 500 per
3166 447 3470 493 sermones.

272 527 514 596 κοινωνίᾳ
567 527 886 582 διὶστασθαι.
932 528 1064 598 Περὶ
1096 522 1155 581 οὗ
1186 531 1277 581 καὶ
1300 529 1378 596 τῷ
1405 529 1676 598 ἡμετέρῳ,
1704 543 1805 593 φα-

273 619 447 686 μὲνδὴ
474 618 682 684 Φωτῂρ,
723 618 801 686 τῷ
848 619 1134 688 ἁγιωτάτῳ
1193 610 1588 689 πατριάρχηόὑ
1625 618 1816 686 μικρὸς

270 707 411 774 ἀγὼν
435 707 859 777 καταϐέϐληται,
889 709 1046 762 τοῦτο
1096 709 1196 777 μὲν
1219 709 1416 775 λόγοις,
1459 706 1614 759 τοῦτο
1641 708 1696 759 δὲ
1725 707 1818 760 καὶ

268 796 531 866 ἀποστολῇ
562 798 789 868 ἀνδρῶν,
815 800 862 850 εί
892 801 985 850 καὶ
1011 799 1120 850 τῶν
1143 800 1480 867 πραγμάτων
1509 796 1566 849 αἱ
1596 798 1819 868 περιπέ-

266 902 400 938 τειαι
435 887 527 939 ἐπὶ
559 888 618 940 τὸ
653 889 807 950 τέλος
827 888 1002 940 ἐλθεῖν
1026 889 1122 959 τὴν
1152 888 1386 959 σπουδὴν
1415 889 1773 944 ἀπεκώλυσαν
1800 905 1815 919 ’

265 975 480 1046 ἢτάχα,
509 978 645 1044 ὅπερ
671 981 765 1031 καὶ
810 979 1097 1048 προλαϐὼν
1146 980 1353 1032 ἄνωθεν
1404 977 1578 1044 εἷπον,
1627 979 1815 1033 τούτου

1917 543 2054 578 nunc
2078 541 2170 593 per
2205 527 2480 577 hominum
2506 525 2839 583 missionem.
2865 524 3116 590 quamvis
3142 523 3474 590 negotiorum

1917 616 2184 683 peripetia:
2224 614 2513 682 quominus
2563 611 2627 664 ad
2657 611 2812 664 ﬁnem
2857 613 3163 680 perveniret
3211 611 3324 677 ejus
3352 613 3476 664 dili-

1915 708 2092 774 gentia
2117 698 2514 773 impediverint.
2554 702 2646 756 νει
2678 702 2834 766 forte,
2855 703 2999 770 quod
3025 718 3187 772 supra
3208 704 3315 755 dixi
3343 718 3475 770 pra:-

1917 799 2164 858 veniens.
2226 799 2325 852 hoc
2380 797 2599 865 judiciis
2642 811 2759 864 qua:
2806 796 2952 849 novit
3003 796 3055 849 in
3124 797 3232 850 tuis
3284 796 3474 849 diebus

1917 888 2058 942 Deus
2088 898 2421 942 reservatum
2446 898 2549 947 est,
2571 900 2626 938 ιιι
2656 887 2759 941 hoc
2786 902 3004 956 quoque
3047 888 3187 940 dono
3216 887 3474 941 divinitus

1917 981 2212 1034 honoratus
2237 980 2573 1032 monstreris.

266 1047 523 1136 κρίμασιν
581 1064 662 1131 οἷς
721 1047 865 1122 οἶδεν
896 1071 1080 1133 όΘεὸς
1130 1072 1188 1124 ὲν
1236 1073 1357 1133 ταῖς
1414 1075 1534 1136 σαῖς
1574 1074 1808 1144 ἡμέραις
1835 1074 2226 1144 τετηρημένου,
2291 1073 2376 1123 ἴνα
2431 1070 2647 1140 δεαθῇς
2691 1071 2784 1122 καὶ
2812 1070 2981 1139 ταύτῃ
3007 1073 3069 1139 τῇ
3123 1072 3298 1140 δωρεᾷ
3357 1068 3476 1122 θεό-

266 1155 350 1209 θεν
382 1157 661 1228 φιλοτιμοῦ
670 1178 847 1231 μενος.
1414 1225 1417 1228 _

334 1251 434 1302 Δια
472 1250 644 1304 ταῦτα
696 1252 876 1330 καθὼς
934 1255 1041 1325 πρὸ
1093 1255 1322 1328 βραχέος
1356 1258 1591 1327 εἴρηται,
1631 1259 1822 1311 τέκνον

265 1339 416 1407 ἡμῶν
448 1340 843 1407 ποθεινότατον,
878 1345 958 1406 είς
984 1347 1239 1416 τοιαύτην
1291 1348 1502 1400 ἔννοιαν
1548 1348 1653 1400 ὑπὸ
1679 1348 1818 1400 Θεοῦ

265 1431 554 1496 καταστὰς,
575 1431 649 1502 μὴ
664 1433 904 1506 ἁναϐἁλῃ
914 1436 1004 1488 τὸν
1018 1437 1125 1489 ὑπὸ
1144 1437 1242 1508 τῆς
1264 1439 1364 1505 σῆς
1381 1440 1711 1508 τιμιότητος,
1724 1440 1817 1492 καὶ

263 1519 365 1571 τῶν
396 1521 496 1590 τῆς
540 1523 663 1576 καθ’
690 1524 832 1593 ὑμᾶς
879 1525 1204 1595 Ἐκκλησίας
1243 1530 1552 1599 προκρίτων
1588 1532 1667 1590 είς
1715 1531 1814 1597 τὴν

260 1610 513 1678 τοιαύτην
563 1614 970 1683 ἀρχιερωσύνην
1031 1619 1475 1688 μαρτυρούμενον
1506 1620 1839 1689 προϐεϐλῆ-⁴

264 1699 386 1752 σθαι
419 1702 509 1754 τοῦ
549 1705 886 1768 ἀποστεῖλαι,
913 1706 996 1758 ἴνα
1024 1710 1118 1760 καὶ
1135 1706 1283 1776 αὑτῷ
1317 1707 1534 1779 ὑπάρξῃ
1581 1711 1814 1778 προσλα-

263 1792 374 1844 ϐεῖν
406 1786 481 1847 ὧν
503 1795 564 1846 οὐ
604 1795 768 1864 θέμις
792 1797 944 1866 ἐνδεῆ
976 1796 1340 1864 γινώσκεσθαι
1361 1815 1375 1828 ο
1435 1799 1530 1851 καὶ
1559 1799 1686 1865 ὑμῖν
1718 1800 1814 1853 σὺν

263 1881 379 1951 Θεῷ
408 1884 574 1953 φάναι
604 1885 690 1939 διὰ
717 1886 816 1956 τῆς
840 1889 1050 1941 ἐκείνου
1083 1889 1475 1962 ἀρχιερατικῆς
1495 1892 1832 1954 ἐπιστασίας

261 1975 350 2024 καὶ
381 1975 578 2045 ἡπρδς
636 1976 764 2027 Θεὸν
816 1979 1085 2048 οἰκειότης
1139 1983 1450 2052 ἐγγένηται,
1502 1983 1656 2035 οὐδὲν
1705 1983 1813 2052 γὰρ

261 2063 538 2122 εὐσε¹είας
577 2065 710 2132 πρὸς
735 2065 793 2117 τὸ
826 2066 977 2118 Θεῖον
1004 2059 1315 2140 ἐγγύτερον,
1363 2076 1455 2123 καὶ
1491 2076 1523 2141 ἡ
1550 2073 1684 2141 πρὸς
1723 2073 1813 2124 τὸν

261 2151 482 2221 ὑψηλὸν,
513 2156 606 2207 καὶ
639 2158 810 2224 μέγαν
839 2159 997 2227 ἡμῶν
1035 2159 1256 2228 βασιλέα
1304 2161 1441 2213 κατὰ
1473 2163 1649 2214 πάντα
1694 2163 1809 2215 ὲνόο

258 2261 356 2312 της
383 2249 474 2298 καὶ
496 2248 745 2318 συνᾴδεια
777 2243 1214 2321 ἀσέραλιξομένη,
1241 2254 1429 2325 ὥσπερ
1458 2258 1526 2325 τῇ
1566 2256 1810 2326 ὑποταγῇ

260 2335 352 2386 καὶ
381 2340 445 2405 τῇ
483 2339 849 2406 σχέσει,,οὖτω
883 2343 977 2394 καὶ
1006 2346 1072 2412 τῇ
1105 2344 1215 2396 τῶν
1252 2344 1493 2399 εὐσεϐῶν
1529 2345 1814 2416 δογμάτων

261 2428 570 2514 συμφωνίᾳ.
604 2431 828 2493 Πάντως
857 2433 911 2484 δὲ
949 2434 1045 2484 οὐκ
1092 2434 1474 2514 ἀμφιϐάλλεις,
1495 2437 1571 2499 ὡς
1597 2439 1630 2505 ἠ
1653 2438 1812 2507 μέχρι

255 2516 351 2567 τοῦ
379 2517 476 2569 νῦν
507 2523 564 2571 ὲν
594 2523 657 2590 τῇ
691 2522 798 2574 τῶν
836 2524 1135 2592 Ἀρμενίων
1165 2527 1294 2593 περὶ
1316 2527 1411 2594 τῆς
1436 2511 1667 2587 πίστεως
1695 2527 1812 2579 δια-

257 2611 436 2675 φωνία
464 2612 598 2681 πρὸς
632 2616 728 2684 τὴν
752 2616 869 2668 καθ’
911 2618 1054 2686 ἡμᾶς
1084 2617 1244 2684 ἁγίαν
1272 2618 1366 2670 τοῦ
1405 2619 1543 2670 Θεοῦ
1585 2619 1813 2686 Ἐκκλη-

257 2701 379 2756 σίαν
409 2703 659 2773 ἀλλοτρία
681 2707 983 2778 καθέστηκε
1002 2708 1095 2760 τοῦ
1117 2708 1397 2779 όρθοδόξου
1433 2710 1809 2780 κηρύγματος,
1831 2738 1836 2742 ‘

255 2793 473 2862 καὶτῆς
508 2797 869 2866 ἀποστολικῆς
919 2800 1010 2850 καὶ
1058 2800 1206 2862 θείας
1254 2800 1622 2862 διδασκαλίας.
1682 2801 1810 2852 litat

253 2882 347 2934 οὖν
381 2885 536 2952 μέλει
566 2890 629 2956 τῇ
659 2891 724 2957 σῇ
756 2890 971 2941 συνέσει
999 2891 1092 2942 καὶ
1120 2893 1247 2960 περὶ
1277 2891 1502 2943 σεαυτοῦ
1545 2891 1639 2942 καὶ
1681 2893 1811 2959 περὶ

1993 1257 2302 1326 Propterea,
2337 1256 2473 1309 sicut
2499 1253 2657 1322 paulo
2685 1261 2808 1306 ante
2838 1250 3040 1304 dictum
3073 1262 3171 1312 est.
3203 1253 3480 1306 desidera-

1920 1349 2125 1405 tissime
2156 1348 2225 1401 ﬁli
2270 1359 2470 1412 noster,
2507 1347 2561 1400 in
2596 1346 2972 1400 talisententia
3006 1361 3034 1397 a
3062 1346 3167 1398 Deo
3189 1349 3478 1398 conﬁrma-

1919 1452 2021 1505 tus,
2044 1456 2110 1495 ne
2142 1441 2373 1507 rejieias,
2413 1453 2571 1507 quem
2600 1447 2689 1490 tua
2719 1436 3034 1491 excellentia
3071 1443 3124 1489 et
3157 1447 3344 1489 vestrm
3366 1435 3473 1488 Ee-

1910 1534 2091 1588 clesia:
2125 1529 2398 1601 praepositi
2430 1531 2652 1598 dignum
2689 1528 2956 1583 testiﬁcati
2990 1527 3220 1596 suntqui
3244 1528 3296 1581 in
3315 1527 3474 1580 talem

1910 1632 2320 1694 promoveretur
2369 1621 2756 1692 pontiﬁcatum,
2788 1633 2910 1672 enm
2943 1618 3173 1678 mittere,
3211 1627 3265 1669 ut
3287 1625 3340 1669 et
3373 1611 3472 1683 ipsi

1916 1699 2262 1786 contingatea
2284 1715 2520 1783 recipere
2539 1725 2770 1781 quorum
2789 1718 3056 1774 expertem
3078 1723 3199 1760 eum
3220 1707 3344 1760 sciri
3371 1723 3474 1759 non

1915 1823 2130 1879 aequum
2157 1818 2258 1871 est,
2285 1815 2336 1859 et
2364 1805 2540 1866 vobis,
2597 1801 2706 1854 Deo
2763 1802 3009 1871 juvante,
3062 1814 3156 1867 per
3186 1799 3302 1866 ejus
3345 1812 3474 1865 pon-

1918 1901 2183 1956 tiﬁcialem
2213 1896 2579 1967 praestantiam
2616 1893 2681 1945 ad
2712 1890 2988 1958 Deumque
3019 1887 3471 1957 propinquitatem

1915 1995 2180 2061 attingere
2240 1990 2393 2060 (nihil
2443 1986 2585 2041 enim
2634 1985 2803 2050 magis
2851 1981 3120 2034 Divinitati
3170 1981 3472 2049 proximum

1915 2099 2076 2153 quam
2108 2081 2323 2151 pietas),
2363 2094 2568 2132 necnon
2594 2087 2649 2131 et
2676 2076 2940 2128 ﬁrmatam
2977 2089 3095 2127 cum
3117 2074 3328 2125 excelso
3365 2088 3475 2124 ma-

1916 2190 2128 2242 gnoque
2158 2175 2478 2239 imperatore
2518 2177 2701 2221 nostro
2755 2167 3010 2219 unitatem
3047 2174 3099 2217 et
3139 2164 3472 2217 concordan-

1918 2267 2067 2328 tiam,
2113 2265 2292 2330 utjam
2326 2262 2689 2314 submissione
2733 2265 3006 2323 statuque,
3051 2257 3129 2308 sic
3156 2267 3208 2307 et
3260 2255 3470 2322 piorum

1913 2353 2222 2422 dogmatum
2263 2359 2549 2403 concentu.
2578 2349 2647 2400 At
2698 2363 2921 2415 prorsus
2977 2359 3080 2396 non
3105 2346 3312 2396 dubitas
3341 2345 3471 2411 quin

1916 2446 2055 2498 circa
2083 2443 2235 2495 ﬁdem
2251 2441 2586 2494 dissonantia
2605 2438 2861 2493 Ecclesiae
2880 2440 3279 2496 Armeniorum,
3305 2449 3473 2503 nsque

1914 2536 1977 2588 ad
2004 2536 2143 2589 diem
2179 2533 2517 2596 hodiernam,
2537 2548 2662 2585 cum
2686 2542 2871 2584 sancta
2897 2537 3077 2583 uestra
3104 2527 3191 2579 Dri
3211 2525 3468 2588 Ecclesia,

1914 2628 2086 2680 aliena
2118 2633 2223 2678 stet
2256 2625 2321 2676 ab
2343 2624 2639 2676 orthodoxa
2676 2621 3057 2690 praedicatione
3076 2618 3473 2686 apostolicaque

1914 2728 1960 2771 et
1993 2716 2174 2769 divina
2203 2714 2469 2767 doctrina.
2515 2711 2571 2766 Si
2599 2726 2727 2781 ergo
2759 2719 2866 2764 ture
2907 2711 3184 2778 sapientia:
3215 2721 3344 2761 cura
3390 2716 3474 2760 est

1912 2806 1977 2858 de
2006 2813 2094 2856 tua
2128 2803 2300 2872 ipsius
2330 2811 2383 2856 et
2416 2801 2594 2871 populi
2626 2802 2702 2853 tni
2726 2817 2846 2854 cum
2889 2802 3044 2854 nobis
3079 2801 3282 2853 unitate
3332 2807 3385 2852 et
3416 2798 3467 2851 in

1911 2895 2160 2947 omnibus
2191 2893 2499 2956 concordia,
2534 2907 2599 2944 ne
2636 2892 2794 2943 aliter
2845 2905 2993 2958 agas.
3046 2906 3216 2958 neque
3261 2904 3467 2941 moram

253 2971 347 3024 τοῦ
377 2975 576 3028 οἰκείου
608 2978 735 3030 λαοῦ
766 2979 862 3049 τῆς
901 2982 1029 3051 πρὸς
1059 2984 1208 3051 ἡμᾶς
1231 2981 1502 3045 ὲνὼσεως,
1538 2982 1632 3034 καὶ
1656 2981 1802 3034 κατὰ

1914 2980 2112 3034 aﬁeras
2145 2981 2208 3033 ad
2240 2995 2360 3033 eum
2390 2979 2812 3045 mittendnmqni
2847 2979 3006 3032 vestri
3048 2978 3314 3046 pnttliﬁris
3342 2978 3468 3028 titu-

254 3066 436 3120 πάντα
463 3073 802 3138 συμφωνίας,
832 3073 907 3144 μὴ
944 3074 1115 3137 ἄλλως
1166 3076 1420 3146 ποιήσῃς,
1453 3074 1586 3144 μηδὲ
1617 3073 1814 3143 βραδύ-

253 3169 351 3226 νῃς
379 3157 517 3225 πρὸς
540 3159 638 3228 τὴν
677 3161 977 3234 ἀποστολὴν
1008 3165 1101 3217 τοῦ
1134 3165 1416 3235 μέλλοντος
1448 3165 1810 3233 χρηματίσειν

253 3244 410 3319 ὑμῶν
438 3249 756 3325 ἀρχιερέως,
804 3253 968 3322 ψήξῳ
1013 3253 1105 3306 τοῦ
1141 3254 1409 3322 παναγίου
1469 3254 1806 3324 Πνεύματος,

252 3338 348 3390 καὶ
370 3339 470 3407 τὴν
490 3341 607 3393 καθ’
636 3343 778 3410 ὑμᾶς
812 3345 974 3411 ἁγίαν
1015 3345 1336 3415 Ἐκκλησίαν
1355 3351 1807 3416 κατακοσμήσειν.

265 3425 572 3498 Ἐρῤᾧσθαί
595 3448 652 3483 σε
680 3433 738 3484 ἐν
764 3434 949 3503 Κυρίῳ
983 3436 1350 3506 ἐπευχόμεθα,
1404 3435 1810 3507 φρουρούμενον

1919 3074 2030 3126 lunt
2059 3086 2271 3125 sumcre
2306 3070 2560 3139 suﬁ‘ragio
2579 3070 2906 3124 sanctissimi
2932 3067 3242 3136 Spiritnset
3271 3079 3470 3121 sanctae

1916 3173 2104 3218 vestrae
2131 3163 2383 3239 Ecclesiae
2413 3163 2577 3215 decus
2604 3176 2724 3215 esse
2763 3162 2940 3215 debet.
2992 3160 3066 3213 Te
3119 3165 3250 3213 bene
3296 3160 3469 3212 valere

1915 3256 1968 3308 in
2015 3254 2241 3308 Domino
2286 3268 2588 3322 precamur,
2629 3263 2682 3305 et
2707 3254 2884 3306 omnis
2927 3254 3135 3320 injuriae
3160 3263 3212 3304 et
3252 3267 3467 3320 aggres-

1916 3347 2102 3411 sionis,
2137 3354 2241 3398 tam
2275 3361 2304 3397 e
2344 3344 2638 3397 visibilibns
2676 3359 2837 3412 quam
2897 3343 3254 3395 invisibilibns
3299 3343 3470 3394 hosti-

1917 3433 2036 3494 bus.
2057 3444 2325 3487 servatum
2360 3444 2410 3487 et
2438 3433 2768 3502 superiorem
2803 3433 3051 3487 evadere.

251 3517 348 3566 καὶ
379 3518 772 3592 ὑπερκείμενον
797 3524 974 3595 πάσης
1007 3527 1265 3597 ἐπηρείας
1296 3529 1388 3580 καὶ
1418 3531 1808 3589 ἐναντιότητος,
1848 3527 1946 3592 ὅση
1972 3543 2029 3578 τε
2088 3525 2399 3596 ὁρωμένων,
2439 3525 2532 3577 καὶ
2586 3525 2684 3592 ὅση
2717 3526 2775 3588 ἐξ
2833 3528 3078 3597 ἀοράτων
3109 3525 3316 3596 ἐχθρῶν
3349 3525 3439 3574 ἐπι

249 3610 479 3665 τίθεται.

248 3725 387 3779 PM’.
422 3727 660 3794 Μιχαὴλ
708 3731 1031 3850 πατρικέῳη
1067 3732 1164 3783 καὶ
1218 3731 1525 3800 στρατηγῷ
1580 3734 1808 3784 8500a-

895 3839 910 3850 .
940 3817 1166 3850 Ονικηο.

895 3817 1166 3854 ,ιονικηίκ

895 3819 1068 3852 ,ιονικ
1153 3840 1166 3854 ι

321 3885 462 3955 Περὶ
488 3885 586 3957 τῆς
616 3886 948 3954 ὑποθέσεωη
988 3819 1368 3960 ἦτιξςγράφειν
1389 3893 1533 3960 ἡμᾶς
1559 3893 1693 3961 πρὸς
1723 3892 1800 3954 σὲ,

247 3978 440 4030 τέκνον
473 3979 627 4048 ἡμῶν
649 3981 1023 4050 ἠγαπημένον,
1053 3983 1444 4052 προετρέψατο,
1465 3982 1801 4052 πεπείσμεθα

248 4070 436 4122 ικεῖνα
491 4069 635 4141 παρὰ
664 4072 762 4142 τῆς
790 4075 889 4143 σῆς
940 4073 1130 4144 μαθεῖν
1167 4076 1413 4142 φιλοθέου
1454 4076 1653 4146 ψυχῆς.
1699 4076 1808 4127 ὅσα

253 4163 393 4229 μήτε
421 4160 556 4213 Θεοῦ
594 4164 967 4232 ἀγανάκτησιν
995 4168 1152 4229 κινεῖ,
1179 4167 1311 4236 μήτε
1343 4167 1437 4235 τὴν
1469 4167 1623 4235 ἡμῶν
1652 4167 1808 4218 λυπεί

251 4251 610 4320 μετριότητα,
669 4256 802 4322 μήτε
846 4255 936 4305 τὸν
996 4255 1182 4324 ἄνδρα,
1217 4256 1355 4324 ὑπὲρ
1403 4253 1463 4311 οὗ
1504 4258 1802 4329 γράφομεν,

247 4342 452 4402 ἀδίκως
492 4343 594 4394 ὑπὸ
618 4344 931 4414 κατάκριμα
959 4345 1159 4415 τίθησι.
1196 4347 1539 4418 Γινώσκομεν
1568 4350 1675 4417 γάρ
1709 4365 1801 4401 σου

2021 3719 2178 3774 CXL.
2218 3717 2465 3771 Michaeli
2498 3721 2720 3786 patricio
2745 3731 2791 3772 et
2841 3719 3220 3776 Thessalonica:
3251 3726 3392 3781 duci.

1979 3885 2337 3949 Conﬁdimus,
2374 3885 2445 3937 ﬁli
2488 3886 2858 3945 dilectissime.
2887 3903 2947 3940 ea
2978 3889 3028 3939 in
3062 3893 3304 3955 materia,
3343 3910 3464 3960 qna:

1911 3979 1978 4032 ad
2025 3979 2370 4032 scribendum
2421 3977 2706 4040 incitavit,
2763 3993 2864 4032 nos
2919 3981 2987 4031 ab
3039 3982 3216 4034 anima
3276 3992 3362 4035 tua
3408 3984 3460 4038 id

1912 4077 2185 4144 mutuatos
2214 4083 2357 4133 esse,
2384 4069 2526 4136 quod
2546 4083 2644 4121 nec
2673 4068 3092 4138 indignationem
3120 4071 3210 4125 Dei
3232 4085 3459 4138 moveat,

1915 4174 2090 4226 neque
2144 4166 2383 4211 nostram
2461 4161 2744 4211 contristet
2812 4160 3209 4224 humilitatem,
3284 4180 3461 4233 neque

1910 4250 2203 4315 hominem,
2239 4251 2305 4304 de
2334 4265 2441 4319 quo
2474 4251 2785 4314 scribimus,
2845 4252 2910 4304 ad
2970 4253 3224 4320 injustam
3261 4258 3461 4309 conde-

1906 4342 2232 4394 mirationem
2293 4340 2567 4409 perducat.
2613 4341 2879 4406 Quantam
2921 4342 3064 4395 enim
3125 4345 3175 4396 in
3202 4349 3457 4400 omnibus

248 4432 436 4499 χάριτι
471 4431 603 4484 Θεοῦ
628 4434 969 4504 τελειοτάτην
991 4439 1048 4488 ὲν
1070 4440 1234 4491 πᾶσιν
1262 4435 1425 4492 οὖσαν
1448 4441 1545 4508 τὴν
1570 4439 1800 4503 σύνεσιν,

1913 4434 2110 4486 habeas
2166 4420 2522 4500 integritatem
2576 4433 2823 4488 novimus
2847 4473 2860 4496 ,
2895 4449 3000 4503 qua
3038 4437 3136 4488 hoc
3177 4437 3226 4489 in
3261 4435 3460 4492 sacculo

247 4522 317 4573 δι’
360 4525 427 4593 ἢν
468 4524 523 4574 ἐν
552 4525 625 4594 τῷ
651 4526 874 4595 παρόντι
911 4529 1186 4595 περίδοξος
1229 4528 1412 4599 ὤφθης
1441 4529 1562 4600 βίῳ,
1595 4532 1684 4581 καὶ
1708 4529 1802 4581 σὺν

248 4616 426 4684 ταύτῃ
447 4620 511 4685 τῇ
546 4620 676 4687 τιμῇ
730 4619 1009 4690 ἐπιτεύξῃ,
1050 4622 1188 4691 ὅπερ
1239 4622 1532 4692 εὐχόμεθα,
1582 4622 1677 4674 καὶ
1708 4623 1836 4692 τῆς

246 4707 308 4758 οὐ
352 4710 513 4774 μόνον
562 4712 910 4780 προσκαίρως
972 4712 1380 4783 ὲπιμειδιὼσης,
1416 4713 1552 4765 ἀλλὰ
1583 4713 1804 4780 καὶτῆς

248 4801 486 4860 αἱωνίως
522 4802 916 4871 ,εὐφρανούσης
968 4820 1026 4854 σε
1077 4804 1254 4871 δόξης.
1305 4806 1557 4856 Μάνθανε
1579 4800 1671 4856 οὖν
1708 4805 1804 4873 τὴν

247 4889 508 4940 ὑπόθεσιν
541 4892 630 4941 καὶ
673 4891 829 4960 δήλου
864 4893 1014 4960 ἡμῖν,
1065 4892 1258 4961 δεσμὸν
1310 4892 1446 4961 ἔχων
1495 4895 1558 4945 ἐκ
1595 4894 1803 4959 Πατρὸς

247 4980 342 5029 καὶ
363 4977 498 5030 1⁸ἱοῦ
525 4981 614 5029 καὶ
638 4980 792 5044 ἁγίου
819 4980 1149 5049 [Ινεόματος.
1177 4982 1276 5033 ὅσα
1307 4980 1804 5051 συνεπιμαρτυροῦ-

248 5086 354 5121 om:
391 5071 487 5137 τὴν
523 5071 618 5138 σὴν
644 5070 819 5140 ἀληθῆ
861 5072 1062 5138 γνῶσιν
1102 5073 1233 5138 περὶ
1289 5071 1382 5123 τοῦ
1407 5072 1596 5141 ἀνδρὸς
1624 5070 1802 5137 ἐξεπί-

247 5175 468 5222 στασαι,
522 5164 615 5212 καὶ
673 5162 836 5229 μηδὲν
891 5163 1030 5231 μήτε
1084 5165 1220 5231 πρὸς
1275 5163 1432 5231 χάριν
1498 5163 1635 5230 μήτε
1666 5163 1800 5229 πρὸς

243 5250 560 5301 ἐναντίωσιν
591 5250 796 5319 ἔχοντα.
841 5251 1224 5321 Διαθρυλλοῦσί
1247 5269 1387 5314 τινες
1434 5253 1561 5319 περὶ
1591 5251 1798 5304 Παύλου

243 5341 338 5394 τοῦ
389 5341 802 5408 θεοςιλεστὰτου
858 5343 1100 5411 μοναχοῧ
1144 5345 1236 5394 καὶ
1288 5343 1682 5411 πρεσϐυτέρου,
1725 5342 1798 5404 ὡς

247 5433 404 5503 παρὰ
440 5435 533 5502 τῆς
564 5437 656 5503 σῆς
690 5435 958 5504 ἀκηκόασι
987 5434 1258 5502 γλώσσης,
1305 5436 1384 5486 ὅτι
1425 5450 1528 5502 περ
1567 5436 1703 5502 μετὰ
1742 5435 1799 5508 τὸ

245 5523 605 5577 ἐπανελέσθαι
628 5525 725 5593 τὴν
751 5525 1040 5594 μοναδικὴν
1069 5526 1336 5576 πολιτείαν
1363 5528 1426 5592 τῇ
1485 5541 1613 5575 ποτε
1647 5541 1797 5590 γενο-

248 5618 388 5687 μένῃ
454 5617 667 5684 συμϐἔῳ
727 5618 1044 5686 πεφώραται
1122 5615 1522 5683 συνενούμενος,
1584 5621 1672 5667 καὶ
1724 5615 1797 5684 μὴ

247 5707 487 5775 φυλάξας
522 5709 618 5776 τὴν
665 5709 720 5772 ἐξ
754 5709 922 5775 αὐτῆς
959 5709 1248 5776 γιιοειὲνην
1303 5707 1580 5758 διάστασιν
1634 5708 1796 5757 καθα.

1906 4525 2228 4578 honoratam
2266 4523 2417 4591 degis
2449 4524 2610 4576 vitam
2642 4533 2696 4576 ct
2727 4541 2849 4578 rum
2899 4541 3092 4596 magno
3121 4528 3348 4596 honore,
3381 4533 3455 4584 uti

1905 4628 2209 4682 precamur,
2237 4628 2340 4664 non
2372 4613 2541 4665 solam
2578 4627 2892 4680 praesentem
2939 4625 2989 4669 et
3037 4618 3455 4688 Subseqncntcm

1903 4703 2147 4772 obtinges
2178 4703 2424 4771 gloriam,
2480 4704 2572 4757 sed
2613 4714 2665 4757 et
2709 4721 3117 4772 permansuram
3161 4710 3211 4762 in
3251 4712 3452 4766 futuro.

1905 4795 2178 4848 Materiam
2215 4796 2376 4859 igitur
2427 4795 2628 4855 discas.
2664 4805 2716 4849 et
2757 4797 2848 4865 qui
2888 4801 3044 4852 nobis
3077 4801 3284 4854 vinculo
3325 4819 3455 4857 con-

1897 4887 2120 4954 junctns
2146 4902 2202 4940 es
2239 4888 2289 4938 in
2326 4885 2485 4940 Patre
2517 4895 2570 4940 et
2618 4887 2751 4941 Filio
2779 4900 2832 4943 et
2871 4902 3059 4944 sancto
3096 4891 3319 4961 Spiritu,
3360 4912 3455 4948 no-

1905 4987 2014 5030 tum
2061 4976 2226 5029 facias
2276 4979 2325 5028 in
2359 4989 2618 5046 quantum
2661 4979 2790 5032 dare
2843 4982 3019 5048 possis
3076 4990 3129 5035 et
3173 4987 3452 5039 reSciteris

1904 5085 2089 5122 verum
2119 5071 2183 5122 de
2228 5071 2441 5122 homine
2479 5071 2865 5135 testimtminm,
2898 5071 3135 5142 nihiique
3178 5091 3345 5145 neque
3375 5080 3450 5132 ira

1903 5179 2076 5229 neque
2128 5165 2306 5215 studio
2362 5160 2626 5229 proferas.
2672 5159 2902 5225 Quidam
2935 5165 2999 5217 de
3031 5167 3190 5220 l’aulo
3220 5173 3451 5223 maxime

1901 5253 1988 5320 pio
2022 5253 2288 5305 monacho
2324 5264 2375 5304 et
2401 5252 2711 5319 presbytero
2747 5264 2795 5304 te
2822 5254 3088 5306 dicentem
3126 5271 3184 5308 se
3234 5260 3451 5313 audisse.

1901 5350 2169 5402 asserunt,
2221 5343 2361 5406 quod
2422 5341 2529 5404 ille,
2586 5353 2705 5408 post
2751 5354 3055 5410 susceptam
3099 5351 3450 5401 monasticam

1902 5433 2087 5494 vitam,
2124 5432 2492 5501 deprehensus
2523 5431 2684 5485 fuerit
2727 5436 2775 5486 in
2833 5440 2980 5501 prius
3026 5447 3163 5490 notze
3212 5443 3452 5495 mulieris

1901 5527 2245 5587 connuercio,
2279 5525 2418 5592 quod
2457 5523 2648 5578 factam
2677 5539 2794 5576 cum
2824 5543 2884 5578 ea
2910 5531 3303 5594 separationem
3345 5550 3450 5585 non

1904 5615 2115 5667 sincere
2174 5618 2511 5680 servaverit,
2576 5634 2745 5684 neque
2800 5623 3080 5686 promissis
3145 5622 3250 5675 Deo
3311 5624 3447 5676 datr:

1904 5704 2004 5755 ﬁde
2032 5705 2130 5755 iter
2176 5706 2398 5757 steterit.
2446 5705 2562 5758 ||;rc
2620 5708 2758 5758 dicta
2816 5709 2902 5761 ubi
2945 5710 3007 5762 ad
3049 5727 3203 5764 anrcs
3242 5722 3446 5767 nostra:
