4018 6454
201 429 297 492 373

1643 432 2045 491 EPISTOLE.

3310 419 3417 489 373

202 540 428 611 ίδιωτείᾳ
479 542 651 611 λόγων
714 546 889 614 ψυχῆς
952 547 1177 616 ἄλγημα
1233 549 1489 617 σφοδρόν.
1551 547 1738 612 ’Λκοὴκι

1856 543 1980 595 bum
2015 543 2179 597 animi
2222 544 2461 598 dolorem
2515 545 2796 613 perspicit.
2844 545 3167 615 simpliciter
3211 542 3416 599 scribo.
3466 557 3469 560 '

198 632 506 702 ἠκούσαμεν
546 636 684 702 μετὰ
705 636 803 703 τὴν
839 637 933 690 τοῦ
961 638 1224 708 βασιλέως
1254 640 1312 705 ἐξ
1345 640 1500 708 ἡμῶν
1533 636 1746 706 ἀναχώ-

199 738 367 789 ρησιν,
403 723 475 785 ὡς
504 726 936 793 ἁρχιεπίσκοπον
975 729 1126 797 παρὰ
1156 730 1254 799 τῆς
1301 730 1462 798 ἡμῶν
1504 746 1748 798 χειροτο-

195 809 416 877 νηθέντα
444 816 828 884 ταπεινότητος
863 811 1036 887 (οὗτος
1065 819 1120 870 δέ
1145 822 1292 871 ἐστιν
1321 823 1348 872 ὁ
1373 820 1746 885 Νεαπόλεως),

194 900 495 965 ὲκδιώκετε,
530 906 624 956 καὶ
675 909 919 974 πέμπετε
973 909 1131 961 ἄλλον
1175 911 1231 961 ὃν
1284 913 1585 980 ὲσφράγισε
1654 913 1747 964 καὶ

194 988 567 1052 ἐξαπέστειλεν
597 995 731 1057 ἐκεῖ,
762 1000 788 1048 ό
813 1001 905 1050 καὶ
937 1001 1017 1061 είς
1042 1000 1141 1069 τὴν
1181 1003 1463 1071 ἡμετέραν
1511 1003 1620 1054 τῶν
1651 1020 1748 1057 τα-

194 1081 415 1141 πεινῶν,
467 1086 560 1137 καὶ
610 1086 826 1140 πάντων
884 1089 1188 1158 ἀνθρώπων
1256 1092 1746 1163 ἀμαρτωλοτέρων,

190 1168 332 1230 ὅμως
387 1171 443 1222 δὲ
494 1173 628 1234 οἵοις
675 1172 787 1227 οίδε
835 1175 1100 1244 κρίμασιν
1144 1181 1170 1231 ό
1199 1180 1550 1250 συναρμόσας
1601 1183 1749 1249 ἡμᾶς

191 1257 352 1328 ταύτῃ
395 1261 626 1326 Χριστός
657 1282 781 1332 μου,
806 1266 988 1330 καθὼς
1021 1268 1174 1321 αὐτοὶ
1203 1271 1518 1334 ἐπίστασθε,
1553 1273 1749 1340 είσπη-

189 1349 369 1416 δήσας.
405 1353 634 1407 Βλέπετε
662 1357 716 1409 τί
744 1361 968 1413 ποιεῖτε.
997 1361 1159 1432 Ὁρᾷς
1185 1364 1302 1425 πῶς
1336 1363 1482 1418 ἁπλᾶ
1511 1367 1707 1434 γράφω
1733 1384 1746 1398 ·

188 1442 356 1506 ἀθῶός
378 1448 882 1516 είμι-τῆςαίωνίου
947 1455 1245 1524 καταδίκης
1298 1457 1482 1524 ὑμῶν·
1542 1459 1748 1524 αἰωνίῳ

191 1533 288 1602 ‘rip
332 1538 701 1607 κατακρίματι
747 1542 838 1594 τὸν
884 1543 1041 1596 τοῦτο
1091 1545 1351 1599 ποιοῦντα
1393 1548 1669 1610 ὑποϐαλῶ,
1700 1550 1747 1599 εί

190 1628 276 1676 καὶ
309 1627 634 1697 ἁμαρτωλός
664 1633 801 1701 εἰμι,
838 1636 1130 1704 ἀρχιερεὺς
1159 1638 1232 1690 ὢν
1256 1639 1358 1706 τῆς
1391 1640 1482 1691 τοῦ
1507 1641 1744 1708 Χριστοῦ

199 1716 521 1786 Ἐκκλησίας
586 1723 680 1774 καὶ
746 1727 1138 1796 συναρμοσθεὶς
1199 1731 1336 1799 αὐτῇ
1397 1730 1458 1782 οὐ
1517 1731 1632 1802 βίᾳ,
1681 1732 1742 1782 οὐ

188 1806 538 1876 περιδρομαῖς
585 1806 766 1880 ἐμαῖς,
828 1818 886 1868 οὺ
941 1819 1143 1889 σπουδῇ
1208 1821 1544 1893 ἀνθρωπίνῃ,
1612 1822 1746 1874 ἀλλὰ

1856 634 2040 688 Fando
2071 634 2399 702 audivi,post
2429 637 2634 706 regisa
2668 637 2820 691 nobis
2857 639 3181 698 discussum,
3215 634 3418 690 archie-

1851 725 2129 794 piscopum
2162 725 2231 780 ab
2265 727 2566 781 humilitate
2595 737 2780 781 nostra
2815 729 3129 782 ordinatum
3190 725 3417 794 (Neapo-

1854 814 2077 866 litanum
2109 815 2253 884 dico)
2289 834 2317 868 a
2351 817 2504 871 vobis
2531 818 2820 888 expulsum
2856 819 3022 871 fuisse
3052 829 3104 868 et
3139 818 3306 870 alium
3350 813 3418 865 ab

1853 903 1969 970 ipso
1996 906 2266 975 signatum
2317 919 2371 961 et
2417 910 2604 963 eodem
2665 911 2890 963 missum
2932 925 3084 975 teque
3131 905 3414 961 excidisse.

1853 995 1994 1048 Idem
2027 999 2092 1049 ad
2131 1013 2227 1053 nos
2284 1000 2518 1054 humiles
2565 1001 2808 1070 con[ugit
2857 1000 3100 1053 omnium
3154 997 3417 1051 maximus

1853 1097 2165 1155 peccatores
2204 1110 2216 1144 :
2251 1103 2511 1156 attamen,
2552 1093 2752 1161 quibus
2798 1093 2913 1161 ipse
2946 1089 3227 1145 resciverit
3259 1086 3417 1143 Chli-

1851 1190 1967 1232 stus
1996 1181 2215 1248 judiciis
2261 1198 2314 1236 et
2355 1200 2382 1236 a
2411 1185 2565 1239 vobis
2611 1184 2753 1239 haud
2792 1184 2988 1252 ignotis
3016 1199 3142 1260 cum
3178 1178 3416 1232 Ecclesia

1853 1275 1945 1351 ἰΗέι
2006 1292 2105 1329 nos
2138 1279 2422 1347 conjunxit
2457 1291 2510 1334 ct
2571 1282 2937 1345 gubernacula
2971 1280 3182 1334 tribuit.
3231 1275 3420 1329 Vidi-te

1854 1366 1988 1434 quid
2014 1365 2265 1422 faciatis!
2301 1369 2382 1423 Me
2411 1371 2736 1440 simpliciter
2763 1371 3088 1426 scribentem
3121 1367 3419 1439 perspicis:

1853 1465 2072 1510 aeterna:
2148 1459 2521 1516 damnationis
2624 1471 2818 1515 vestra:
2903 1477 3023 1514 sum
3123 1463 3422 1523 innocens;

1850 1557 2054 1601 aeterno
2132 1559 2319 1604 tamen
2387 1554 2598 1622 judicio
2653 1555 2802 1608 illum
2859 1553 3092 1621 subjieio
3163 1562 3422 1618 tanquam

1851 1652 2024 1692 reum.
2063 1639 2212 1695 Licet
2244 1645 2386 1696 enim
2433 1655 2688 1713 peccator
2721 1646 2849 1711 sim,
2879 1645 3239 1699 nihilominus
3282 1657 3422 1711 pou.

1853 1727 1980 1782 tifex
2019 1730 2271 1785 Ecclesia:
2309 1731 2510 1787 Christi
2555 1736 2770 1798 incedo,
2804 1744 2857 1788 et
2889 1750 3014 1788 cum
3074 1734 3165 1786 illa
3199 1746 3309 1785 non
3349 1729 3426 1795 vi,

1854 1831 1961 1869 non
1995 1820 2318 1878 circuitibus
2368 1825 2526 1890 meis,
2577 1841 2686 1880 non
2743 1827 3027 1879 hominum
3068 1825 3265 1879 studiis
3296 1838 3430 1878 con-

187 1894 359 1960 ).όγοις
386 1895 466 1960 οἷς
497 1896 636 1953 οἶδεν
663 1902 690 1953 ὀ
721 1904 780 1955 τὸ
814 1905 969 1972 ἅγιον
1001 1903 1140 1977 αἷμα
1189 1909 1331 1978 ὑπὲρ
1362 1913 1532 1980 αὐτῆς
1562 1913 1732 1966 κενὼ-

1843 1904 2070 1972 junctus
2101 1925 2246 1972 sum,
2282 1914 2376 1966 sed
2423 1914 2490 1967 iis
2527 1914 2852 1976 rationibus,
2904 1929 3040 1983 quas
3086 1912 3299 1964 noverit
3329 1908 3424 1978 qui

186 2003 280 2050 σας
305 2004 320 2018 ⁸
367 1992 462 2042 καὶ
487 1992 563 2061 τῷ
581 1993 760 2066 ἀλύτῳ
786 1998 980 2069 ἐκείνῳ
1006 2001 1194 2072 δεσμῷ
1282 2005 1349 2057 ἂν
1368 2006 1750 2077 ὑποδαλοῦμεν

183 2078 300 2140 τοὺς
325 2079 483 2139 τοῦτο
544 2086 988 2157 ἐπιχειροῦντας,
1033 2095 1483 2162 παραστήσονται
1536 2097 1614 2167 τῷ
1651 2117 1748 2167 φο-

183 2166 324 2237 ϐερῷ
358 2170 588 2239 βήματι,
616 2178 706 2230 καὶ
737 2177 846 2246 ἐγὼ
875 2181 972 2233 σὺν
1007 2183 1211 2246 αὐτοῖς,
1251 2189 1347 2238 καὶ
1379 2190 1500 2240 τότε
1539 2166 1749 2256 γνωσό-

182 2259 318 2326 μεθα
349 2260 581 2316 ἐνώπιον
629 2266 810 2336 πάσης
862 2272 1066 2339 σαρκὸς
1099 2275 1192 2326 καὶ
1239 2276 1330 2326 τὸν
1373 2277 1502 2329 ἴδιον
1559 2279 1745 2347 ζῆλον,

181 2352 268 2401 καὶ
300 2351 361 2405 τὸ
384 2354 660 2425 φρόνημα,
687 2361 780 2411 καὶ
807 2361 906 2430 τὴν
952 2365 1263 2434 ἐντρέχειαν
1295 2370 1390 2420 καὶ
1427 2369 1532 2439 τὴν
1563 2371 1747 2435 φιλίαν

178 2447 263 2492 καὶ
299 2444 399 2507 τὰς
431 2446 633 2510 πολλὰς
665 2454 970 2521 περινοίας,
997 2455 1128 2508 ὅταν
1147 2459 1267 2520 ,πᾶν
1296 2459 1470 2526 στόμα
1497 2461 1742 2530 ὲμφράσ·

179 2549 357 2603 σηται,
390 2538 485 2589 καὶ
515 2539 744 2604 ἕκαστος
818 2545 956 2598 κατὰ
985 2550 1051 2599 τὰ
1101 2549 1279 2601 οἰκεῖα
1322 2549 1460 2620 ἔργα
1514 2550 1744 2620 λήψεται

173 2624 269 2694 τὴν
298 2628 673 2688 ἀνταπόδοσιν.

716 2746 894 2806 PMZ'.
939 2751 1191 2820 Ἀδήλῳ.

241 2853 351 2905 Καὶ
402 2857 572 2926 χωρὶς
614 2859 714 2929 τῆς
751 2866 1170 2936 προσπεσούσης
1214 2869 1519 2937 ὑποθέσεως
1550 2877 1581 2946 ή
1613 2881 1743 2947 περὶ
1815 2902 1820 2907 ·

173 2943 267 3012 τῆς
301 2946 455 3035 ὑμῶν
480 2949 753 3021 ὁσιότητος
801 2957 958 3023 φήμη
1006 2961 1125 3021 ταῖς
1153 2961 1342 3025 ἀκοαῖς
1392 2966 1547 3034 ήμῶν
1571 2943 1742 3035 "eos-

177 3054 331 3101 σασα,
360 3034 449 3092 οἷα
483 3043 628 3106 εἰκὸς
659 3045 1004 3120 ἐπιθυμητὴν
1035 3053 1204 3106 ἐποίει
1233 3055 1333 3125 τὴν
1359 3058 1474 3130 »σὴν
1493 3034 1736 3129 ὁμιλίαν,

173 3128 426 3198 ἄνθρωπε
466 3131 561 3186 τοῦ
602 3134 758 3193 Θεοῦ.
797 3139 949 3192 Ἐπεὶ
990 3143 1045 3195 δὲ
1084 3144 1179 3197 καὶ
1225 3145 1295 3199 τὰ
1320 3128 1740 3222 τῆς-παρούσης

1851 2007 2099 2052 sanctum
2130 2016 2297 2070 super
2328 2001 2470 2056 illam
2500 2003 2691 2058 effudit
2733 2005 3077 2074 sanguinem.
3110 2003 3218 2055 lloc
3256 1999 3431 2055 indis-

1849 2090 2065 2143 Solubili
2097 2093 2313 2148 vinculo
2349 2095 2651 2150 vinciemus
2684 2097 3075 2167 reosﬁstabttnt
3105 2105 3232 2150 ante
3265 2095 3432 2149 tribu-

1849 2181 1937 2234 nal
1989 2183 2251 2238 horribile
2297 2197 2351 2240 et
2397 2203 2520 2240 cum
2565 2187 2673 2241 illis
2703 2203 2848 2257 ego:
2889 2197 3018 2242 tunc
3057 2202 3242 2241 coram
3275 2186 3424 2240 omni

1847 2280 2095 2327 creatura
2128 2287 2530 2344 cognoscentur
2570 2290 2626 2332 et
2675 2294 2833 2332 mens
2880 2289 2934 2331 et
2981 2278 3342 2346 cogitationes
3371 2285 3425 2330 et

1846 2365 2109 2434 amicitiae;
2153 2377 2206 2421 et
2257 2370 2586 2432 simultates,
2636 2387 2758 2423 cum
2821 2372 3064 2424 omnium
3125 2386 3218 2423 ora
3269 2370 3424 2422 clau-

1845 2455 2041 2510 dentur
2091 2466 2145 2511 et
2195 2460 2575 2529 unusquisque
2625 2477 2848 2529 operum
2897 2477 3124 2515 suorum
3187 2460 3424 2515 retrith-

1847 2550 2047 2602 tionem
2086 2551 2341 2619 accipiet.

2367 2760 2621 2813 L'XLVII.
2667 2763 2896 2815 Incerto.

1916 2871 2029 2925 Etsi
2065 2889 2299 2939 praesens
2325 2875 2458 2926 data
2481 2890 2588 2928 non
2630 2874 2827 2930 fuisset
2890 2879 3133 2941 occasio,
3176 2882 3240 2934 de
3281 2895 3426 2935 reve.

1845 2962 2017 3013 rentia
2050 2969 2228 3016 tamen
2260 2974 2433 3018 vestra
2456 2964 2524 3042 ad
2554 2982 2717 3020 aures
2752 2978 2966 3023 nostras
2995 2986 3055 3022 ea
3098 2972 3208 3036 jam
3239 2987 3422 3040 perve-

1843 3052 2184 3117 neratfaina,
2235 3065 2293 3109 ut
2351 3060 2784 3114 conversationis
2829 3072 3021 3115 vestrae
3068 3064 3423 3128 desiderium,

1843 3157 1876 3194 ο
1934 3143 2097 3198 homo
2131 3143 2245 3208 Dei,
2277 3157 2509 3202 mentem
2542 3150 2804 3217 subierit;
2857 3168 2980 3205 cum
3041 3165 3219 3209 autem
3286 3173 3423 3227 prm-

175 3220 478 3311 ὐποθέσιως
504 3229 785 3298 συνῆλθεν,
814 3236 907 3286 καὶ
942 3233 1028 3288 διὰ
1072 3236 1277 3308 ταύτην
1315 3220 1392 3304 ὡς
1431 3220 1736 3310 ἀναγκαίαν

1843 3250 1969 3290 sens
2019 3239 2392 3304 supervenerit
2423 3242 2665 3307 occasio,
2717 3253 2768 3296 et
2825 3244 3042 3310 quidem
3091 3249 3420 3311 necessaria,

173 3307 354 3405 etiam,
393 3317 569 3370 καὶτὸ
602 3319 769 3389 μέρος
817 3326 1165 3396 χαριζόμενοι
1209 3307 1274 3400 τῇ
1316 3307 1580 3405 ὲπιθυμία
1605 3351 1617 3363 ·
1653 3337 1734 3387 ὅτι

177 3403 246 3472 μὴ
272 3404 486 3468 ἔξεστιν
521 3410 743 3479 ἑτέρως,
781 3413 890 3468 Mod
922 3433 1006 3468 σοι
1039 3415 1477 3490 προσομιλοῦμεν
1522 3403 1609 3478 διὰ
1639 3426 1732 3478 τοῦ

176 3496 518 3564 γράμματος.
555 3500 730 3554 Καλὸν
768 3504 868 3571 μιν
900 3508 994 3558 καὶ
1029 3507 1147 3577 Θεῷ
1186 3510 1422 3579 ἀρέσκον
1457 3513 1618 3583 ἔργον
1642 3518 1737 3567 καὶ

176 3585 417 3660 διενοήθη
452 3593 543 3644 καὶ
575 3593 940 3663 διεπράξατοό
962 3598 1213 3670 θεοφιλὴς
1242 3596 1396 3664 οὗτος
1429 3604 1733 3677 ἄνθρωπος,

174 3677 227 3741 ὃς
282 3679 412 3750 ἥκει
471 3683 654 3755 φέρων
697 3702 778 3741 σοι
836 3689 898 3742 τὸ
951 3691 1209 3762 γράμμα,
1232 3696 1324 3748 τὸν
1376 3699 1610 3764 σταυρὸν
1639 3699 1733 3752 τοῦ

174 3768 405 3840 Χριστοῦ
453 3775 750 3846 ἀράμενος,
783 3779 880 3832 κα)⁸
925 3782 1106 3836 πάντα
1140 3783 1313 3836 λιπὼν
1363 3789 1429 3839 τὰ
1455 3789 1514 3841 ιν
1543 3789 1733 3858 κόσμῳ

175 3862 264 3914 καὶ
311 3863 460 3928 ἄξιον
498 3865 573 3928 ὡς
603 3867 817 3936 ἀληθῶς
859 3874 956 3942 τῆς
997 3873 1161 3926 αὐτοῦ
1204 3876 1426 3946 ἀρετῆς.
1457 3878 1636 3942 Καλὸς
1676 3881 1734 3933 δὲ

175 3955 263 4007 καὶ
297 3957 456 4018 αὐτὸς
500 3959 690 4030 όδηγὸς
725 3963 873 4034 αὐτῷ
910 3966 1142 4032 γέγονας
1185 3969 1279 4020 καὶ
1319 3969 1420 4039 τῆς
1451 3971 1587 4041 πρὸς
1625 3987 1732 4024 σω-

173 4047 360 4114 τηρίαν
411 4050 530 4103 ὁδοῦ
563 4052 659 4104 ἀπ’
697 4054 873 4125 ἀρχῆς
921 4058 1013 4110 καὶ
1049 4059 1209 4130 μέχρι
1256 4061 1349 4113 τοῦ
1379 4061 1491 4125 νῦν,
1523 4065 1597 4123 ὡς
1626 4065 1731 4127 ,καὶ

174 4139 327 4208 αὐτὸς
357 4142 672 4214 εὐχαριστεῖ
701 4147 1114 4218 καθηγούμενος
1143 4150 1239 4204 καὶ
1266 4151 1480 4216 δεικνὺς
1506 4155 1594 4208 διὰ
1633 4155 1728 4208 τοῦ

173 4230 300 4292 ὅλως
360 4234 689 4306 ἐξηρτῆσθαι
738 4237 836 4306 τῆς
895 4241 992 4309 σῆς
1050 4242 1347 4312 ὁσιότητος,
1408 4246 1501 4299 καὶ
1563 4249 1729 4316 μηδὲν

176 4324 453 4393 ἀνέχεσθαι
486 4329 746 4397 πράττειν
777 4331 871 4382 σοῦ
909 4332 982 4401 μὴ
1024 4334 1361 4398 κελεύοντος,
1397 4337 1473 4399 ὡς
1502 4339 1729 4413 τοιούτῳ

177 4418 488 4500 περιέτυχεν
513 4420 742 4492 ἀλείπτῃ
769 4424 902 4490 πρὸς
929 4425 1054 4486 τοὺς
1079 4429 1488 4495 πνευματικοὺς
1511 4432 1728 4499 ἀγῶνας

173 4509 262 4577 οἴῳ
298 4511 510 4575 πάντως
542 4513 784 4582 ἐντυχεῖν
805 4514 1024 4584 ηὔχετο.
1063 4519 1174 4569 Καὶ
1212 4515 1280 4589 ἦν
1314 4519 1412 4588 μὲν
1454 4525 1724 4592 σωτήριον

180 4601 335 4670 μηδὲν
385 4605 694 4670 ἀπαντῆσαι
743 4605 890 4674 παρᾶ
946 4606 1040 4659 τοῦ
1096 4609 1273 4678 φθόνῳ
1303 4611 1390 4661 ἀεὶ
1441 4614 1584 4665 κατὰ
1628 4613 1726 4681 τῆς

178 4691 435 4761 σωτηρίας
471 4692 626 4761 ήμῶν
664 4697 990 4764 μαινομένου
1017 4698 1270 4766 δαίμονος
1309 4702 1568 4767 ἐναντίον,
1594 4705 1728 4773 μηδὲ

176 4786 358 4853 τραχὺ,
393 4784 522 4854 μηδὲ
554 4787 884 4855 προκόπτειν
909 4789 975 4840 τὰ
1000 4791 1209 4842 ἐκείνου
1241 4792 1558 4861 διαδήματα
1592 4798 1726 4862 πρὸς

177 4875 257 4926 τὸν
287 4875 385 4943 τῆς
414 4877 699 4944 ἀσκήσεως
744 4877 941 4947 δρόμον
980 4880 1260 4947 ἐμποιοῦν.
1300 4881 1455 4934 Οὕτω
1489 4885 1596 4950 γὰρ
1637 4887 1729 4938 καὶ

179 4963 324 5026 uino;
357 4965 694 5033 εὐχαριστῶν
734 4965 811 5032 τῷ
854 4965 972 5034 Θεῷ
1006 4969 1160 5036 ἡμῶν
1209 4971 1303 5022 καὶ
1343 4972 1556 5042 Σωτῆρι
1591 4993 1729 5045 καρ-

180 5055 337 5120 τερῶν
384 5056 625 5116 διετέλει,
664 5059 721 5108 ὲν
762 5049 804 5123 ᾧ
851 5055 948 5126 τὴν
984 5059 1156 5128 ἀρχὴν
1199 5063 1507 5132 κατήντησε
1558 5065 1726 5134 τόπῳ,

184 5147 263 5196 καὶ
295 5148 450 5208 αὐτὸς
482 5149 622 5215 ἔχων
653 5149 884 5216 ἐγγύθεν
930 5151 1022 5202 τὸν
1066 5152 1333 5221 μαθητὴν,
1364 5155 1448 5206 ἀεὶ
1497 5155 1563 5208 τὰ
1610 5159 1729 5206 ἐπι-

184 5233 424 5290 ϐάλλοντα
459 5237 840 5303 ὲξεπαίδευες..
871 5242 1024 5294 Ἑπεὶ
1053 5244 1131 5307 δὲ,
1185 5244 1258 5305 ῶς
1304 5264 1366 5314 γε
1400 5248 1532 5316 ἡμῖν
1559 5247 1728 5314 ἐγνώ-

188 5328 296 5396 σθη,
323 5329 439 5381 ἀντὶ
472 5333 736 5400 γαλήνης,
779 5334 898 5384 ἀντὶ
930 5334 1151 5402 λιμένος
1190 5336 1392 5400 εὐδίου,
1435 5340 1728 5408 τρικυμίαι

188 5421 268 5470 καὶ
298 5421 542 5483 κλύδονις
578 5423 724 5492 αὐτῷ
750 5425 1156 5492 ἐπανίστανται,
1189 5429 1280 5480 καὶ
1313 5429 1590 5500 ἄνθρωποι
1617 5431 1724 5484 είτε

190 5513 303 5580 παρ’
358 5515 562 5567 ἑαυτῶν
607 5518 834 5586 ἠρεμεῖν
865 5521 964 5572 οὐκ
1000 5520 1219 5585 είδότες,
1259 5523 1370 5574 εἴτε
1429 5523 1581 5591 παρὰ
1630 5522 1725 5575 τοῦ

188 5600 412 5669 δαίμονος
446 5609 820 5676 κεκινημένοι,
840 5609 931 5667 καὶ
966 5611 1177 5672 ἑαυτοῖς
1205 5614 1296 5662 καὶ
1322 5611 1494 5680 τούτῳ
1519 5611 1724 5681 βλάϐης

193 5693 413 5761 πρόξενοι
444 5698 700 5766 γίνονται,
735 5702 784 5754 τί
824 5702 903 5754 δεῖ
933 5705 1124 5771 ποιεῖν,
1155 5704 1186 5774 ἢ
1233 5705 1448 5775 πᾴντως
1489 5705 1720 5758 αὐτόθεν

254 5836 270 5863 ³
293 5832 464 5891 Matth.
499 5854 550 5890 ι.
581 5841 668 5896 25.

1844 3325 2116 3380 desiderio
2149 3324 2335 3403 nostro
2378 3329 2723 3397 induigemus
2756 3349 2769 3385 :
2805 3332 2960 3386 aliter
2998 3335 3142 3388 enim
3193 3351 3422 3391 convcr-

1841 3418 1946 3472 sari
1981 3426 2157 3472 tecum
2189 3435 2295 3473 non
2336 3420 2462 3474 licet
2508 3423 2610 3476 nisi
2650 3440 2744 3488 per
2768 3424 3054 3492 epistolas.
3108 3426 3315 3483 Bonum
3367 3443 3421 3484 et

1843 3508 1951 3562 Deo
1983 3521 2293 3581 pergratum
2327 3527 2465 3578 opus
2498 3514 2729 3568 intendit
2759 3514 2925 3570 homo
2967 3528 3020 3570 et
3052 3519 3296 3588 perfecit,
3325 3524 3419 3590 qui

1840 3603 1979 3656 hanc
2009 3603 2074 3656 ad
2107 3611 2157 3657 te
2187 3605 2470 3673 epistolam
2501 3605 2677 3660 delhrt
2704 3625 2716 3659 :
2746 3622 2962 3661 crucem
2997 3609 3195 3663 Christi
3229 3629 3418 3666 susce-

1837 3695 1913 3762 pit
1942 3702 1994 3748 et
2015 3693 2279 3748 tnundum
2306 3694 2595 3765 dereliquit
2625 3697 2807 3751 virtuti
2839 3699 2938 3752 soli
2997 3702 3266 3755 addictus.
3319 3701 3420 3753 Bu-

1837 3799 1940 3838 nns
1973 3793 2027 3836 tu
2062 3784 2177 3852 ipse
2214 3784 2312 3840 fias
2344 3784 2418 3838 illi
2466 3787 2767 3841 conductor
2802 3789 2854 3841 in
2889 3789 2970 3841 via
3003 3792 3214 3854 salutis,
3242 3795 3419 3861 qualis

1835 3875 2074 3930 abinitio
2106 3885 2160 3930 et
2181 3878 2246 3931 ad
2267 3892 2412 3931 nunc
2436 3893 2610 3946 usque
2639 3879 2779 3933 diem
2811 3882 3091 3946 exstitisti;
3125 3885 3256 3938 illec
3285 3902 3385 3939 con
3413 3916 3418 3920 -

1833 3980 1913 4024 tra
1945 3972 2024 4024 sic
2043 3971 2605 4040 adjutus,reverentize
2637 3983 2826 4027 vestra:
2849 3990 3074 4041 prorsus
3098 3978 3418 4040 adhaerebit,

1832 4061 1963 4114 nihil
1994 4061 2254 4132 suscipiet
2302 4062 2404 4116 nisi
2439 4072 2491 4116 ttt
2520 4064 2751 4131 iusseris
2784 4064 2994 4119 felicem
3035 4083 3092 4121 se
3142 4070 3420 4124 aestimans

1833 4153 1980 4221 quod
2037 4155 2202 4209 talem
2291 4157 2356 4207 ad
2411 4171 2622 4224 pugnas
2672 4157 2984 4226 spiritualcs
3037 4161 3265 4231 adeptus
3343 4167 3416 4219 sit

1831 4257 2212 4315 praeceptorem
2268 4248 2483 4316 qualem
2547 4249 2912 4303 desiderabat.
2974 4250 3105 4304 Nam
3182 4256 3409 4310 salutem

1830 4339 2091 4407 consequi
2123 4353 2230 4391 non
2261 4346 2440 4406 potest
2492 4348 2714 4406 pr0pter
2750 4339 3005 4392 invidiam
3066 4342 3289 4406 diaboli,
3318 4346 3410 4413 qui

1832 4442 2018 4483 contra
2053 4431 2281 4483 salutem
2333 4439 2577 4484 nostram
2617 4431 2767 4495 furit,
2805 4430 3151 4486 difficultates
3180 4437 3415 4489 suscitat

1831 4530 1884 4573 et
1925 4520 2202 4590 profectus
2237 4523 2288 4574 in
2350 4523 2607 4576 virtutum
2660 4525 2847 4576 semita
2901 4525 3142 4592 impedit.
3195 4527 3250 4579 In
3309 4544 3417 4597 quo

1838 4627 2016 4667 autem
2075 4615 2174 4668 fuit
2224 4614 2341 4668 loco
2389 4625 2444 4669 et
2485 4615 2850 4684 principatum
2896 4620 3236 4683 obtinuerat,
3289 4636 3412 4674 cum

1842 4705 2142 4773 gratiarum
2211 4705 2431 4758 actione
2485 4716 2537 4758 ct
2586 4710 2987 4774 perseverantia
3040 4725 3163 4778 erga
3221 4710 3414 4763 Salva-

1840 4807 2010 4850 torent
2043 4797 2208 4849 Deum
2277 4801 2650 4864 perseveravit
2682 4816 2695 4851 :
2733 4801 2875 4852 hunc
2939 4801 3259 4867 discipulum
3293 4819 3411 4855 cum

1838 4905 2001 4958 penes
2054 4898 2105 4942 te
2165 4890 2442 4952 habueris,
2475 4889 2852 4943 convenientia
2917 4892 3173 4945 docebas.
3242 4891 3406 4947 Nobis

1834 4983 1976 5035 enim
2017 4993 2200 5035 notum
2233 4990 2316 5035 est
2353 4982 2429 5034 illi
2466 4998 2563 5050 pro
2598 4984 2990 5052 tranquillitate
3025 4995 3076 5036 et
3102 4995 3256 5052 portu
3295 4995 3410 5038 llllu

1836 5082 2186 5141 tempestates
2207 5084 2258 5126 ct
2281 5074 2525 5128 turbines
2553 5090 2873 5141 exsurgere,
2900 5077 3014 5129 sive
3050 5078 3306 5130 tollantur
3340 5082 3409 5131 ab

1835 5165 2149 5218 hominibus
2181 5166 2272 5232 qui
2312 5164 2535 5233 pacifice
2568 5165 2748 5218 vivere
2777 5168 3046 5228 nesciunt,
3077 5168 3185 5218 sive
3216 5173 3410 5222 aman

1833 5257 2113 5318 dmuone;
2161 5254 2406 5323 profecto
2437 5266 2488 5306 et
2523 5253 2740 5307 sibimet
2787 5254 2920 5323 ipsis
2951 5267 2996 5307 et
3035 5257 3106 5307 illi
3145 5258 3405 5311 damnum

1833 5348 2028 5401 inferre
2089 5357 2318 5400 tentant.
2363 5345 2502 5411 Quid
2555 5345 2906 5401 faciendum?
2956 5347 3092 5399 Num
3142 5349 3411 5403 obstinate

1835 5441 2204 5494 reluctandum
2228 5441 2250 5492 ?
2272 5441 2370 5494 Ast
2416 5454 2517 5491 non
2554 5454 2759 5503 meum,
2786 5439 2880 5492 ειηί
2913 5439 3125 5510 Domini
3207 5459 3404 5504 prarce-

1831 5541 1981 5602 plum
2004 5544 2084 5585 est
2121 5551 2133 5585 :
2175 5531 2260 5585 σδί
2293 5547 2388 5585 vos
2416 5533 2468 5584 in
2503 5532 2603 5584 hac
2633 5513 2762 5583 urbe.
2794 5511 3209 5597 perseqnuiitttr,
3241 5533 3407 5599 iugitc

1834 5627 1885 5677 in
1922 5628 2081 5679 aliam
2115 5627 2190 5677 ’.ι
2257 5625 2356 5677 llic
2403 5635 2608 5689 autem,
2647 5624 2719 5674 nti
2770 5622 2921 5679 dicit.
2978 5623 3404 5690 persecutioman

1833 5735 1889 5770 er”
1932 5717 2034 5770 illis
2057 5715 2448 5784 cxpct'itttr,qtti
2483 5731 2666 5783 pacem
2703 5731 2808 5767 non
2848 5723 3114 5777 amant,et
3146 5728 3403 5780 persecu-
