4010 6518
198 356 288 420 385

198 468 384 522 ἀδικίαν
437 467 583 532 παρὰ
615 463 748 514 Θεοῦ
799 464 1054 526 ύποττάς,
1095 464 1234 517 οὕτω
1261 465 1448 532 φαίνου
1487 465 1730 532 κατηφὴς
1760 472 1802 523 Α

199 558 276 610 καὶ
306 545 729 621 σκυθρωπάζων.
788 554 895 604 Καὶ
929 555 1036 622 γὰρ
1072 555 1119 604 οἱ
1148 556 1420 622 κατηφείᾳ
1451 554 1542 604 καὶ
1592 570 1724 604 σκυο

197 648 484 716 θρωπότητι
556 643 1048 712 συγκατεχόμενοι,
1109 644 1326 705 πάντως
1383 644 1470 696 διὰ
1523 642 1726 709 ζημίας

194 739 324 796 τινας
359 736 451 786 καὶ
481 729 684 802 βλάὗας
729 733 796 784 τὰ
837 734 1056 784 τοιαῦτα
1087 735 1402 801 πάσχουσινζ
1437 735 1550 785 Οὐκ
1583 733 1725 784 ἔστιν

192 822 273 876 οὖν
296 825 540 893 φοϐερὸν,
581 825 815 875 δέσποτα
862 825 950 874 καὶ
997 825 1184 876 τέκνον
1218 842 1318 892 μου
1349 826 1722 892 ἠγαπημένον,

191 917 241 964 τὸ
263 916 496 982 νομίζειν
522 913 858 981 ἐζημιῶσθαι
911 915 1058 981 ἡμᾶς
1094 913 1196 964 ὑπὸ
1225 914 1357 965 Θεοῦ
1394 915 1486 968 καὶ
1523 915 1726 983 βλάϐην

189 1005 294 1056 τινὰ
327 1007 451 1072 παρ’
510 1003 674 1056 αὐτοῦ
723 1003 1031 1073 ὑπομεῖναι,
1069 1004 1160 1056 τοῦ
1187 1005 1500 1068 δοξάσαντός
1545 1022 1603 1057 σε
1636 1007 1728 1057 καὶ

191 1095 309 1163 πρὸς
342 1094 401 1144 τὺ
459 1093 590 1160 ὕψος
633 1093 732 1158 τῆς
785 1093 1058 1161 βασιλείας
1110 1095 1476 1162 ἀναγαγόντος
1504 1095 1727 1162 καὶτῆς

189 1183 531 1252 κληρονομίας
559 1184 722 1235 αἱ.τοῦ
757 1185 854 1252 τῆς
883 1185 1042 1252 ἁγίας
1082 1184 1345 1253 δεσπότην
1414 1187 1507 1238 καὶ
1542 1185 1726 1254 κύριον

188 1275 608 1342 καταστήσαντος
637 1292 652 1341 ;
689 1273 799 1344 Μὴ,
832 1260 1387 1344 παρακαλῶ,’μηκέτι
1417 1275 1724 1344 θρηνῶμεν,

190 1361 253 1430 μὴ
288 1359 637 1429 ὢυρὼμεθα,
692 1361 766 1431 μὴ
824 1360 922 1430 τὴν
978 1363 1278 1430 κατήφειαν
1305 1349 1722 1431 περιφέρωμεν·

188 1451 305 1502 ἀλλὰ
351 1451 550 1518 μᾶλλον
603 1451 1014 1520 εὐχαριστῶμεν
1075 1453 1165 1503 καὶ
1218 1453 1528 1519 δοξάζωμεν
1555 1454 1627 1514 ὡς
1670 1456 1724 1502 ἐν

187 1546 282 1604 τοῖς
337 1543 517 1604 ἄλλοις
560 1545 732 1606 πᾶσι,
765 1545 856 1596 καὶ
906 1545 961 1596 ὲν
1011 1544 1182 1614 τούτῳ
1215 1546 1303 1596 τὸν
1334 1544 1392 1608 ἐξ
1421 1546 1592 1613 ἀρχῆς
1634 1548 1724 1599 καὶ

188 1635 334 1701 μέχρι
366 1634 455 1685 τοῦ
508 1636 794 1703 παρόντος,
826 1636 914 1688 τὸν
958 1636 1046 1687 σὸν
1084 1636 1449 1704 φαιδρύναντα
1495 1636 1606 1703 βίον
1632 1640 1724 1689 καὶ

186 1724 602 1792 εὐεργετήσαντα
629 1741 642 1754 ⁸
675 1729 768 1778 καὶ
797 1727 875 1778 ἔτι
905 1728 1240 1794 πεποίθαμεν
1285 1730 1350 1796 τῇ
1383 1728 1547 1779 αὐτοῦ
1584 1731 1722 1793 ἀγα-

184 1812 351 1883 θότητι
415 1816 514 1878 τὰς
570 1817 886 1885 εὐεργεσίας
956 1818 1370 1888 ὲπαυξήσοντα,
1415 1818 1508 1868 ἐὰν
1567 1820 1722 1886 ἡμεῖς

1635 355 1750 411 El’i
1765 355 1864 410 S'l‘t
1885 355 2036 413 ιιΛζ.

3286 338 3384 403 386

1833 449 2024 516 stetur:
2062 461 2259 514 etenim
2295 460 2386 526 qui
2438 458 2611 510 tristia
2647 466 2700 509 et
2734 456 2899 508 animi
2939 455 3240 523 dejectione
3264 469 3380 521 pre-

1830 561 2070 613 muntur,
2104 563 2316 615 semper
2338 546 2724 598 detrimentum
2756 554 2806 597 et
2843 546 3039 595 damna
3077 541 3380 609 patiuntur.

1828 642 2024 694 Nonne
2049 654 2133 692 res
2159 637 2521 699 formidanda,
2543 655 2574 687 υ
2595 635 2812 687 domine
2828 644 2880 686 et
2904 633 2975 685 fili
3007 631 3379 694 dilectissime,

1827 732 1870 784 si
1904 740 2118 798 putares
2153 736 2203 780 te
2230 730 2485 778 damnum
2518 723 2788 792 quoddam
2826 738 2891 774 ex
2927 720 3033 773 Deo
3062 720 3261 772 habere
3291 719 3380 786 qui

1830 833 1876 873 te
1917 819 2257 886 gloriﬁcavit,
2306 816 2371 869 ad
2414 814 2683 883 fastigium
2719 813 2865 879 regni
2907 812 3080 863 evexit
3109 820 3161 863 et
3191 810 3241 861 in
3277 811 3384 860 Ine-

1833 910 2055 962 rcditate
2096 917 2280 961 sancta
2335 920 2433 958 sua
2473 904 2752 956 dominum
2817 911 2870 954 et
2933 901 3120 952 hermn
3181 899 3383 952 consti-

1829 1000 1972 1053 tuit?
2021 998 2117 1063 Ne,
2173 1013 2358 1065 qumso
2411 995 2640 1062 amplius
2677 993 3120 1061 ingemiseamus,
3169 1005 3267 1043 nec
3314 990 3379 1041 de

1827 1102 1968 1145 sorte
1998 1105 2313 1158 queramur,
2359 1103 2534 1155 neque
2569 1086 2842 1138 tristitiam
2888 1081 3339 1137 circutnl‘eramus
3370 1098 3382 1141 ;

1827 1183 1935 1235 imo
1960 1183 2158 1249 gratias
2191 1188 2242 1232 et
2275 1180 2500 1246 gloriam
2535 1177 2902 1228 retribuamus
2947 1175 2998 1225 in
3035 1175 3117 1226 his
3158 1174 3295 1225 Sit'lll
3333 1184 3386 1224 vi.

1827 1273 1878 1326 in
1897 1273 2020 1326 aliis
2044 1273 2170 1332 Deo,
2203 1272 2292 1338 qui
2318 1271 2384 1323 ah
2410 1269 2560 1322 initio
2587 1281 2757 1336 usque
2787 1265 2850 1318 ad
2879 1266 3019 1317 hunc
3045 1264 3184 1317 diem
3219 1268 3381 1315 vilam

1833 1373 1974 1416 tuam
2012 1361 2300 1415 illustravit
2350 1371 2402 1412 et
2440 1358 2715 1412 beneliciis
2749 1356 2991 1419 ornavit;
3044 1353 3383 1407 cunﬁdmnns

1827 1456 2002 1508 adlmc
2026 1454 2282 1508 beneﬁcia
2324 1453 2562 1505 bonitate
2596 1452 2762 1519 ipsius
2801 1450 2852 1501 in
2883 1463 2981 1501 nos
3012 1449 3263 1499 collatum
3297 1446 3383 1505 iii,

1827 1548 1871 1599 si
1889 1547 2372 1612 complacuerimus
2393 1543 2491 1611 ipsi
2510 1550 2563 1596 et
2585 1557 2680 1609 pro
2701 1542 2896 1593 viribus
2920 1538 3388 1592 coluerinms.llti-

1826 1651 1947 1688 nam
1968 1635 2212 1688 Christus
2233 1634 2371 1687 Deus
2390 1632 2683 1700 noster,qui
2711 1633 3072 1699 supereminet
3093 1629 3217 1681 huic
3235 1628 3384 1680 dolo-

1828 1726 1869 1778 ri
1925 1724 2278 1792 nmnibusque
2295 1723 2527 1776 luctibus
2547 1723 2683 1775 tristi
2706 1722 2827 1774 huic
2843 1723 2959 1773 vita:
2977 1719 3385 1779 inhaerentibus,

1830 1817 2191 1868 haereditate")
2225 1813 2404 1883 gaudii
2445 1824 2494 1867 et
2520 1813 2807 1866 hilaritatis
2843 1819 3054 1864 aeternae
3085 1825 3114 1862 c
3136 1809 3379 1860 incedat!

184 1907 482 1972 εὐαρεστεῖν
542 1907 707 1976 αὐτῷ,
772 1909 865 1960 καὶ
919 1909 1058 1961 κατὰ
1127 1908 1356 1976 δύναμιν
1393 1909 1457 1959 τὰ
1493 1913 1571 1970 εἰς
1645 1908 1937 1977 θεραπείαν
1960 1906 2217 1971 πράττειν
2285 1903 2702 1968 σπουδασωμεν.
2739 1901 2834 1966 Είη
2860 1901 2913 1951 δὲ
2951 1899 3180 1968 Χριστὸς
3217 1899 3388 1958 ὁθεὶς

184 1999 324 2067 ἡμῶν
379 1999 470 2051 καὶ
519 2000 721 2068 ταύτης
773 2000 1027 2070 ὑπεράνω
1063 2001 1162 2069 τῆς
1203 2001 1378 2069 λύπης
1427 2002 1594 2063 τιθεὶς
1635 2005 1728 2054 καὶ
1767 2001 1983 2052 πάντων
2039 1998 2319 2067 λυπηρῶν,
2371 1999 2471 2049 ὅσα
2545 1999 2608 2065 τῇ
2675 1996 2910 2065 ὀδυνηρᾷ
2944 1994 3114 2061 ταύτῃ
3149 2008 3389 2058 παρακοη

183 2091 374 2143 λουθείν
407 2089 511 2143 οἶδε
547 2091 682 2171 ζωῇ,
718 2094 813 2144 καὶ
845 2092 942 2155 τῆς
996 2095 1214 2145 αίωνίου
1271 2096 1441 2163 χαρᾶς
1470 2098 1561 2146 καὶ
1592 2095 1947 2164 φαιδρότητος
1980 2093 2351 2162 παρεχόμενος
2379 2092 2476 2161 τὴν
2508 2091 2891 2158 κληρονομίαν.

520 2202 685 2253 ΡΝΖἍ
744 2201 1044 2270 Δημητρίῳ
1108 2203 1380 2261 Κυζῖκοῦ.

244 2311 453 2378 Ὠσπερ
531 2307 594 2379 ἦν
657 2311 937 2379 προσῆκον
986 2311 1177 2363 τέκνου
1223 2313 1353 2381 ἡμῖν
1390 2313 1724 2378 ποθουμένου

181 2401 536 2467 ἀπιαμαθούσιν
559 2401 867 2468 εὐετηρίαν,
896 2401 1266 2471 ήόφειλομένη
1297 2403 1371 2472 τῷ
1392 2404 1507 2472 Θεῷ
1540 2407 1730 2473 ἀνηνέ-

181 2493 271 2561 χθη
297 2491 633 2561 εὐχαριστία.
672 2491 950 2560 Εὶχόμεθα
979 2493 1032 2544 δὲ
1066 2495 1158 2545 καὶ
1186 2493 1264 2545 ἔτι
1299 2496 1502 2555 παντὸς
1542 2495 1726 2546 λυπεῖν

180 2587 366 2644 εἰδότος
431 2584 829 2651 ὲναντιώματος
884 2584 1154 2652 ἀνώτερον
1193 2587 1588 2657 διατηρεῖσθαι,
1633 2591 1726 2640 καὶ

181 2675 306 2727 κατᾶ
400 2673 566 2742 μηδὲν
648 2673 744 2742 τὴν
832 2674 982 2741 ὑμῶν
1066 2674 1264 2743 ἀρετὴν

768 2763 1172 2832 ἀπείργεσθαι,
1251 2767 1364 2819 ἀλλ’
1453 2769 1720 2837 ὑπάρχειν

179 2857 254 2906 ἀεὶ
294 2855 430 2926 πρός
481 2871 538 2905 τε
567 2854 663 2925 τὴν
704 2855 850 2906 Θείαν
886 2856 1267 2925 εὐαρέστησιν,
1320 2860 1410 2909 καὶ
1441 2861 1574 2927 πρὸς
1630 2859 1742 2927 τὴν,

181 2944 264 2996 τοῦ
322 2949 574 3016 ποιμνίου
627 2948 942 3016 κατάρτισιν
968 2949 1378 3016 ἀνεμπόδιστον.
1427 2952 1490 3001 Ἀ
1521 2951 1574 3001 δὲ
1603 2951 1727 3020 περὶ

181 3041 275 3089 τῶν
310 3037 587 3107 κληρικῶν
647 3036 910 3105 ἔγραψας,
947 3037 1052 3089 τῶν
1091 3039 1188 3090 οὐκ
1215 3032 1329 3090 οἶδα
1358 3040 1472 3102 πῶς
1501 3042 1637 3092 εἴπω
1668 3041 1725 3104 ἐξ

181 3125 511 3193 ἀσυνεσίαςῆ
543 3128 876 3195 κακουργίας
922 3129 994 3196 μὴ
1025 3127 1394 3196 βουληθέντων
1423 3131 1728 3199 ἀπαντῆσαι

183 3218 231 3266 ὲν
260 3220 321 3284 τῇ
370 3215 650 3283 ὡρισμένῃ
707 3216 904 3284 κρίσει,
941 3215 1030 3270 διὰ
1075 3219 1132 3269 τὸ
1161 3219 1235 3287 μὴ
1260 3219 1407 3284 δόξαι
1438 3222 1582 3289 ἡμᾶς
1620 3216 1729 3274 οἷον

183 3305 364 3373 πικρία
396 3305 503 3356 τινὶ
569 3305 956 3372 ἀντιφέρεσθαι
1007 3306 1143 3376 πρὸς
1182 3310 1279 3376 τὴν
1307 3310 1509 3363 τούτων
1543 3313 1723 3380 πλημ-

186 3394 410 3461 μέλειαν,
466 3395 642 3457 καλῶς
687 3396 798 3463 ἔχει
859 3396 1029 3466 βραχύ
1081 3415 1131 3450 τι
1171 3382 1598 3469 προσυπομεῖναι
1635 3402 1726 3455 καὶ

183 3485 582 3554 προτρέψασθαι
640 3487 854 3550 αὐτοὺς,
908 3487 1086 3550 καθὼς
1118 3488 1212 3540 ἀπ’
1263 3492 1436 3560 ἀρχῆς
1478 3492 1722 3563 ὥρισται,

184 3578 262 3628 ἐπὶ
305 3576 398 3629 τοῦ
444 3580 608 3629 τόπου
658 3578 1088 3646 παραγενέσθαι,
1133 3578 1226 3632 καὶ
1259 3581 1332 3648 τῷ
1359 3581 1551 3650 δικαίῳ
1585 3584 1724 3651 λόγῳ

184 3668 519 3720 καταθέσθαι.
552 3669 610 3719 ΕΞ
642 3668 697 3719 δὲ
731 3667 804 3736 μὴ
833 3667 1124 3736 βούλοιντο,
1158 3670 1369 3722 ἀλλ’-ἑτι
1393 3675 1488 3740 τῆς
1520 3674 1723 3734 οἰκείας

184 3760 483 3826 ἀντέχονται
518 3760 907 3827 κακοτροπίας,
937 3763 1057 3810 τότε
1096 3760 1233 3829 ὅπερ
1262 3762 1519 3829 ἠξίωσας,
1552 3764 1721 3828 ἔσται,

184 3852 265 3898 καὶ
291 3848 523 3916 γράμμα
554 3851 683 3917 παρ’
731 3851 885 3918 ὴμῶν
937 3850 1402 3918 ὲκπεμφῦήσεται,
1439 3854 1577 3905 ὥστε
1633 3859 1725 3907 καὶ

185 3941 414 3989 ἀπόντων
437 3939 612 3990 αὐτῶν
648 3939 822 4007 πέρας
872 3940 1187 4002 ἐπιτεθῆναι
1221 3943 1328 4003 τοῖς
1360 3946 1721 4012 κεκριμένοις.

186 4029 282 4080 Καὶ
308 4032 456 4098 ἡμῖν,
491 4030 684 4097 ἁδελφὲ
731 4030 822 4082 καὶ
856 4032 1044 4083 τέκνον
1076 4032 1135 4082 τὸ
1183 4033 1410 4101 μάλιστα
1440 4037 1723 4104 ἠγαπημέ-

189 4137 262 4171 νον
294 4121 382 4171 κοὶ
409 4122 657 4188 ἀγαπῶν,
686 4123 752 4173 τὰ
790 4123 964 4190 μὲνὲκ
994 4124 1083 4174 τοῦ
1112 4125 1293 4192 γήρως
1323 4128 1413 4177 καὶ
1444 4127 1538 4194 τῆς
1571 4129 1725 4178 1095.-

185 4216 321 4274 νείας
364 4214 596 4284 όδδνηρά
647 4215 873 4283 ἐπέστη,
922 4215 995 4274 ὡς
1053 4218 1204 4267 οὐδὲν
1258 4218 1498 4282 ἔλαττον,
1535 4220 1619 4270 ἴνκ
1653 4222 1726 4290 μὴ

186 4303 316 4368 λέγω
378 4303 574 4372 μᾶλλον
636 4305 933 4357 ἐπίκειται.
977 4305 1038 4356 Ἥ
1067 4306 1122 4357 δὲ
1164 4307 1269 4357 τῶν
1303 4307 1475 4360 ἄλλων
1510 4310 1608 4360 ὅσα
1641 4312 1728 4362 διὰ

186 4396 272 4458 τὰς
302 4397 567 4465 ἁμαρτίας
599 4398 755 4464 ἡμῶν
788 4399 1183 4466 προστιθέμενα
1233 4402 1331 4469 τὴν
1374 4402 1556 4454 ἄθλιον
1585 4401 1726 4469 ζωὴν

187 4479 403 4550 δαπανᾷ,
454 4483 568 4544 πῶς
614 4484 787 4546 ἄλλως
837 4485 974 4537 εἴπω
1019 4487 1049 4554 ἢ
1109 4487 1290 4539 θεόθεν
1342 4491 1602 4552 κάκωσις,
1631 4494 1728 4560 οὐκ

187 4567 291 4622 οἶδα
341 4575 386 4625 εἰ
436 4573 509 4643 μὴ
537 4574 868 4642 προστασίας
898 4572 976 4637 οἷς
1005 4571 1112 4628 οἶδε
1148 4578 1381 4646 κρίμασι
1407 4580 1670 4649 λαχούσης
1703 4583 1729 4633 ό

187 4660 338 4724 τάξας
378 4665 450 4724 εἰς
497 4662 669 4714 ’τοῦτο
719 4663 870 4725 Θεὸς,
917 4666 1050 4717 ἀλλά
1091 4668 1182 4718 καὶ
1214 4668 1310 4734 τῆς
1342 4671 1400 4719 ὲν
1429 4670 1561 4732 ζῶσι
1611 4689 1729 4722 συν-

189 4753 515 4820 αναστροφῆς
543 4754 908 4822 προτρέπεται
950 4758 1134 4825 φέρειν
1156 4760 1324 4826 ἡμᾶς.
1371 4762 1480 4812 Οιζκ
1513 4763 1728 4814 ἐϐουλό-

193 4855 286 4906 μην
314 4840 404 4893 οὖν
437 4842 712 4906 εἰσελθεῖν,
747 4842 876 4893 ἀλλά
903 4845 1096 4911 μᾶλλον
1123 4849 1450 4918 πορρωτέρω
1477 4852 1568 4902 καὶ
1600 4854 1729 4919 προς

1378 2679 1458 2738 εἰς
1525 2679 1584 2727 το
1661 2679 1728 2729 τὰ

179 2767 342 2816 οἰκεῖα
418 2764 677 2833 πράττειν

2232 2201 2363 2258 CLV
2376 2201 2434 2255 ll.
2474 2202 2735 2254 Demetrio
2771 2199 3046 2268 Cyziceno.

1902 2319 1987 2374 Uti
2043 2318 2291 2378 decebat,
2345 2317 2528 2368 audita
2561 2316 2653 2367 lilii
2719 2313 3056 2367 dilectissimi
3099 2325 3389 2364 conserva-

1835 2409 2000 2470 tione,
2052 2407 2259 2461 debitas
2313 2405 2419 2459 Deo
2460 2406 2747 2458 retulimus
2777 2405 2995 2470 gratias,
3058 2410 3111 2455 et
3161 2401 3379 2466 insuper

1828 2512 2109 2567 precamur
2150 2506 2206 2548 ut
2268 2496 2335 2548 ab
2388 2495 2537 2547 omni
2587 2495 2875 2546 alllictione
2911 2488 3159 2544 servetur
3204 2493 3387 2542 salvus

1827 2601 1879 2640 et
1932 2588 2244 2649 incolumis,
2294 2601 2466 2653 neque
2497 2601 2734 2652 unquam
2771 2587 2937 2636 virtus
2970 2591 3142 2634 vestra
3176 2592 3393 2633 averta-

1831 2690 1917 2731 tur
1958 2680 2022 2730 ad
2058 2678 2274 2745 propria
2313 2676 2524 2742 negotia
2551 2713 2566 2739 ,
2600 2675 2692 2726 sed
2728 2684 2834 2726 tota
2867 2684 2911 2726 et
2946 2689 3157 2740 semper
3181 2672 3242 2723 ad
3275 2687 3391 2723 ser-

1827 2770 2016 2823 vitium
2078 2769 2168 2822 Dei
2207 2778 2365 2836 atquc
2407 2768 2470 2819 ad
2506 2769 2681 2834 gregis
2749 2767 2978 2818 salutem
3048 2765 3385 2816 intendatur.

1828 2862 1956 2928 Qua:
1991 2863 2053 2914 de
2084 2860 2297 2913 clericis
2338 2878 2364 2908 ιι
2392 2859 2580 2919 andas,
2617 2859 2801 2910 neseio
2840 2869 3016 2909 utrum
3079 2858 3385 2924 ignorantia

1828 2956 2085 3006 resistant
2115 2967 2179 3003 an
2223 2951 2423 3002 malitia
2495 2949 2700 3016 judicio
2754 2948 3025 3010 indicato;

1830 3060 1951 3096 nmr
2005 3052 2184 3096 autem
2241 3041 2405 3094 nimis
2451 3041 2641 3093 acerbe
2672 3054 2856 3092 eorum
2899 3037 3117 3107 insequi
3151 3051 3386 3098 errores,

1828 3133 2028 3186 bonum
2099 3141 2184 3186 est
2225 3140 2284 3184 ut
2333 3131 2607 3183 modicum
2665 3130 2842 3181 adhuc
2899 3137 3291 3195 exspectemus,
3339 3138 3390 3177 et

1828 3224 1967 3276 sicut
2019 3238 2045 3273 a
2077 3221 2342 3288 principio
2373 3221 2648 3271 detinitntn
2712 3227 2813 3280 est,
2872 3218 2990 3271 illos
3042 3218 3387 3270 adhorteniur

1829 3327 1886 3365 ut
1913 3315 2028 3366 loco
2066 3327 2124 3365 se
2159 3322 2371 3363 teneant
2398 3320 2449 3363 et
2484 3310 2639 3378 justo
2673 3309 2881 3376 judicio
2933 3323 2991 3362 se
3039 3309 3384 3362 submattant.

1828 3401 1882 3455 Si
1918 3403 2187 3454 uoluerint
2218 3412 2270 3455 et
2293 3401 2521 3468 propriis
2551 3401 2894 3468 perstiterint
2930 3399 3122 3469 agendi
3165 3399 3389 3451 rationi-

1828 3493 1948 3556 bus,
1994 3502 2120 3545 tunc
2177 3491 2268 3544 ﬁet
2311 3494 2453 3560 quod
2491 3492 2721 3558 requiris
2751 3510 2778 3542 :~
2799 3494 3078 3544 mittentur
3125 3490 3311 3542 litterze
3359 3506 3387 3542 a

1832 3585 1988 3638 nobis
2040 3584 2110 3635 ita
2149 3595 2207 3635 ut
2237 3583 2556 3636 absentibus
2585 3583 2689 3635 illis
2725 3582 2994 3652 judicium
3029 3583 3188 3633 tinent
3227 3599 3386 3635 suum

1825 3673 2045 3726 habeat.
2077 3671 2246 3726 Nobis
2270 3683 2478 3736 autem,
2516 3672 2685 3724 frater
2716 3681 2767 3724 et
2800 3672 2868 3723 illi
2910 3687 3165 3739 perquam
3194 3672 3390 3724 dilecte

1824 3776 1878 3822 et
1931 3765 2184 3832 diligens,
2255 3765 2550 3817 senectutis
2610 3772 2665 3816 et
2742 3762 3072 3816 inﬁrmitatis
3131 3763 3390 3816 molesda:

1827 3873 1933 3909 nun
1975 3855 2315 3908 tuedioeriter
2345 3855 2700 3918 incumbunt;
2740 3869 2857 3922 qua:
2882 3855 3074 3907 deinde
3101 3854 3320 3906 veniunt
3357 3868 3386 3905 a

1829 3947 2061 4015 peccatis
2086 3947 2697 4007 nostris,\'cxationibus
2725 3931 2886 3998 vitam
2922 3954 3161 3998 nostram
3194 3948 3386 4014 replet;

1828 4037 2009 4090 forsan
2047 4051 2263 4095 munus,
2302 4036 2446 4103 quod
2476 4037 2578 4088 sibi
2621 4035 3000 4102 notisjudiciis
3040 4036 3224 4090 tribuit
3251 4037 3390 4091 Deus

1829 4140 1882 4184 et
1923 4131 2060 4182 inter
2089 4129 2348 4181 homines
2389 4128 2730 4180 conversatio
2773 4127 2838 4180 ad
2877 4128 3040 4181 vitam
3070 4131 3390 4196 protrahen-

1828 4221 1949 4273 dam
1981 4219 2312 4272 conducunt.
2348 4217 2512 4286 Igitur
2562 4218 2736 4272 redire
2771 4220 3046 4282 nolumus,
3080 4219 3175 4272 sed
3219 4221 3389 4270 multo

1830 4312 2000 4377 magis
2034 4310 2321 4378 procedere
2355 4318 2407 4361 et
2470 4310 2536 4362 ad
2572 4310 2798 4362 insulam
2851 4310 3104 4380 navigare
3152 4314 3205 4362 in
3273 4312 3389 4362 ani-

1831 4417 1918 4453 tno
1950 4409 2068 4454 est:
2107 4411 2160 4453 et
2194 4402 2347 4453 nobis
2373 4401 2482 4467 jam
2519 4402 2750 4469 objicerc
2778 4418 2882 4456 non
2916 4403 3114 4470 poteris
3138 4419 3221 4454 me
3251 4405 3342 4455 cirt
3363 4420 3390 4454 a

1832 4489 2051 4543 fratrem
2073 4501 2124 4543 et
2156 4492 2320 4543 lilium
2349 4492 2734 4545 charissimum
2768 4493 3093 4546 decisionem
3127 4503 3387 4545 mutasse.

1835 4581 2129 4636 V'enietnus
2192 4584 2378 4650 igitur,
2453 4585 2909 4652 quemadmodum
2953 4584 3255 4646 mandasti;
3287 4583 3392 4635 Deo

1837 4672 2052 4724 volente
2114 4689 2214 4726 nos
2287 4675 2513 4726 invicem
2545 4675 2859 4732 ,videbimus
2916 4684 2969 4727 et
3016 4675 3069 4726 in
3114 4675 3390 4727 communi

1833 4763 2104 4830 colloquio
2149 4764 2571 4817 consiblalionem
2608 4766 2658 4816 in
2693 4765 2950 4817 terumnis
2986 4765 3322 4818 inveniemus
3359 4783 3371 4825 ς

1833 4865 1884 4906 et
1919 4856 2043 4907 side
2076 4873 2250 4908 rerum
2289 4856 2603 4908 diliieultate
2632 4857 3041 4910 deliberandum
3068 4867 3168 4919 est,
3213 4866 3388 4908 ltil'llllt

3097 2962 3160 2999 ne
3207 2946 3388 2996 Viden-

191 4931 276 4996 την
297 4933 450 4998 νῆσον
473 4936 712 4986 ἀπιέναι.
740 4934 846 5003 Τῆς
870 4934 921 4986 δὲ
953 4938 1124 5006 ὁρμῆς
1152 4940 1469 5008 ὲπεσχέθην,
1495 4942 1552 4991 οὐ
1572 4943 1727 5010 δυνη-

1835 4945 2168 5008 deliberabo,
2233 4947 2324 5013 qui
2392 4946 2523 4998 nihil
2582 4948 2807 5013 majoris
2870 4947 3149 4999 existimas
3205 4961 3390 5013 quam,

193 5021 291 5082 θεὶς
337 5024 550 5088 ἀξίωσιν
600 5027 826 5092 ἀδελφοῦ
887 5029 978 5078 καὶ
1013 5028 1205 5080 τέκνου
1259 5048 1348 5097 μοι
1394 5033 1727 5101 ποθουμένου

1842 5036 2065 5102 auspice
2093 5034 2222 5096 Deo,
2260 5037 2324 5087 de
2355 5037 2515 5088 rebus
2549 5036 2784 5090 honestis
2811 5037 3066 5104 cogitare.

194 5113 259 5170 εἰς
281 5114 447 5179 κρίσιν
477 5115 573 5182 τῆς
595 5115 732 5183 ἐμῆς
767 5117 1062 5184 ἀπορρῖψαι
1085 5118 1339 5186 δευτέραν
1368 5121 1693 5190 βουλήσεως.
1720 5124 2149 5192 Εἰσελευσόμεθα
2181 5126 2271 5176 οὖν
2299 5127 2371 5187 ὡς
2396 5128 2730 5190 ἐπέστειλας,
2756 5127 2867 5194 ἅμα
2892 5127 2986 5179 καὶ
3026 5128 3270 5195 ὀψόμενοι
3300 5125 3392 5175 κ>¹ι

195 5201 313 5253 Θεου
338 5204 579 5263 διδόντος.
613 5207 955 5275 παράκλησιν
987 5210 1078 5261 ἐπὶ
1105 5213 1214 5272 τοῖς
1256 5213 1541 5280 συνέχουσι
1578 5219 1641 5283 τῇ
1669 5220 1815 5284 κοινῇ
1849 5217 2126 5287 συνομιλία
2163 5218 2507 5286 εὑρήσοντες,
2538 5219 2629 5269 καὶ
2685 5218 2738 5267 εἴ
2771 5235 2831 5269 τι
2865 5218 2945 5270 δεῖ
2999 5219 3120 5287 περὶ
3158 5218 3252 5285 τῆς
3286 5221 3391 5270 τῶν

198 5298 511 5365 πραγμάτων
565 5298 927 5370 χαλεπότητος
972 5303 1054 5354 σοὶ
1093 5303 1170 5373 τῷ
1203 5306 1388 5373 χάριτι
1425 5308 1559 5358 θεοῦ
1621 5309 1783 5376 μηδὲν
1840 5311 2178 5378 προτιμῶντι
2230 5309 2324 5361 τοῦ
2387 5315 2602 5380 φρονεῖν
2633 5310 2807 5379 ὀρθῶς
2853 5308 3390 5376 ςυνδιασκεψόμεκαοε.

201 5408 354 5462 I’Nil'.
395 5417 819 5479 Κωνσταντίνῳ
881 5423 1293 5488 μητροπολίτῃ
1362 5424 1730 5488 Λαοδικείας.

271 5524 632 5595 Ἑλυπὴσαμεν
710 5530 806 5598 τὴν
861 5531 1013 5598 ὑμῶν
1092 5531 1348 5602 ὁσιότητά
1402 5535 1519 5604 οὐχὶ
1573 5538 1729 5590 τοῦτο

202 5605 390 5675 θέμενοι
450 5617 670 5678 σκοπὸν,
726 5618 798 5686 μὴ
859 5621 1088 5684 γένοιτο,
1142 5623 1248 5673 οὐδ’
1293 5623 1513 5675 ἄλλοθέν
1569 5627 1731 5677 ποθεν

206 5710 694 5775 παρακεκινημένοι,
728 5711 800 5776 μη
832 5710 985 5761 τοῦτο
1027 5711 1258 5778 λογίζου,
1311 5717 1494 5765 τέκνον
1547 5716 1725 5783 ἡμῶν,

1929 5423 2153 5478 CLVIII.
2207 5427 2554 5480 Constantino
2587 5424 2902 5480 Laodicensi
2935 5427 3297 5493 mctropolitm.

1901 5535 2282 5589 Reverentiam
2342 5548 2574 5590 vestram
2625 5537 3107 5599 Contristavimns,
3166 5541 3384 5591 minime

1830 5631 2089 5691 volentes,
2147 5630 2287 5681 absit
2341 5643 2369 5679 a
2429 5628 2623 5680 nobis!
2674 5634 2791 5679 'nec
2830 5629 2917 5680 ‘ab
2971 5629 3078 5680 alio
3137 5645 3385 5695 quopiam

1830 5719 2059 5780 incitati,
2097 5721 2253 5773 crede
2291 5721 2442 5787 mihi,
2479 5721 2573 5786 liii,
2609 5720 2718 5773 imo
2748 5729 2797 5774 te
2833 5721 3008 5790 ipsum
3053 5732 3102 5772 et
3146 5737 3243 5771 nos
3289 5719 3388 5771 do-
