4010 6518
206 465 303 531 393

1426 449 1523 510 DE
1561 447 1737 509 VITA
1778 439 2238 503 MONASTICA.

3337 426 3446 490 ’δεδι

208 582 402 650 πάσης,
429 575 569 631 άλλά
591 574 684 628 καὶ
721 573 834 638 τοῖς
864 566 1264 643 γραμματικὴν
1299 563 1394 618 καὶ
1418 561 1620 631 πολλὴν
1650 561 1769 612 πετο

1895 555 2184 608 itterarum
2219 562 2471 618 magnam
2509 546 2712 602 habent
2766 541 3186 614 experientiam,
3217 542 3451 597 habiles-

204 689 297 743 ραν
323 669 572 741 σχοῦσιν,
598 667 940 737 ἐμπράκτως
978 661 1097 716 οὖσι
1119 659 1226 712 τῶν
1252 654 1429 710 καλῶν
1458 654 1553 743 καὶ
1584 652 1765 743 πάσης

206 738 451 830 θεωρίας,
476 766 569 811 καὶ
591 756 753 826 ἔργον
777 754 1154 808 άδιάπαυστον
1176 745 1362 817 σχοῦσι
1385 741 1613 797 τοιαῦτα
1632 738 1768 830 γρά-

206 829 317 920 φειν
343 867 358 881 ⁶
392 850 487 904 καὶ
518 847 607 901 διά
655 845 818 899 τοῦτο
867 840 1129 896 ἔσπευδον
1156 838 1218 891 τδ
1257 837 1423 907 βάρος
1467 829 1769 902 ἀπορρίψαι

205 946 288 996 ἀπ’
324 939 591 1013 ἐμαυτοῦ,
622 938 697 1005 ὡς
725 937 968 1005 εῐρηται,
1005 930 1082 1002 μὴ
1104 929 1410 998 δυνάμενος
1441 924 1613 977 τοῦτο.
1654 921 1772 974 Ἐν-

206 1033 390 1087 τεῦθεν
412 1031 600 1084 λοιπὸν
641 1030 878 1101 ἄρξομαι
899 1025 999 1096 τὴν
1024 1021 1282 1077 ὑπόθεσιν
1304 1017 1530 1088 ταύτην,
1556 1013 1772 1084 ἀρωγὸν

212 1123 646 1194 προϐαλλόμενος
671 1121 772 1190 τῆς
805 1119 942 1190 ἐμῆς
968 1113 1278 1176 ἀσθενείας,
1315 1107 1608 1171 ἰδιωτείας,
1635 1104 1774 1174 μᾶλ-

206 1219 290 1270 λον
317 1217 378 1270 δὲ
423 1218 518 1268 καὶ
567 1199 769 1283 πολλῆς
801 1210 1114 1282 ἀγροικίας,
1145 1205 1239 1259 τὸν
1274 1205 1449 1270 Λόγον
1495 1197 1592 1252 τοῦ
1636 1194 1773 1250 Θεοῦ

206 1307 413 1377 Πατρδς
458 1306 551 1358 τὸν
594 1303 872 1371 Δεσπότην
910 1301 1149 1377 Χριστόν
1205 1312 1330 1367 μου,
1367 1289 1630 1354 ὡσαύτως
1679 1288 1775 1342 καὶ

203 1398 297 1468 τὴν
321 1376 328 1377 ί
349 1396 608 1450 θεοτόκον
661 1395 952 1447 δέσποιναν
991 1376 1233 1460 Μαρίαν,
1283 1383 1535 1445 καὶτοὺς
1585 1378 1776 1447 ἁγίους

205 1487 448 1550 ἃπαντας
509 1481 988 1554 προτκαλούμενος
1047 1476 1328 1550 πρέσϐεις,
1383 1472 1560 1544 ἀρχὴν
1622 1468 1775 1523 ἔνθεν

205 1577 541 1647 ποιούμενος,
573 1575 695 1628 ὅθεν
723 1571 986 1644 ἄρχεσθαι
1017 1569 1197 1640 θέμις.

271 1666 339 1734 β’.
392 1666 628 1736 ὀφείλει
667 1666 776 1726 πᾶς
824 1661 1156 1734 Χριστιανὸς
1187 1661 1281 1715 τὸν
1320 1655 1575 1728 θεμέλιον
1629 1654 1777 1725 ἔχειν

184 1760 302 1830 ,τὴν
333 1757 520 1811 πίστιν
549 1757 649 1827 τὴν
674 1753 968 1809 ἀνόθευτον
1000 1754 1064 1806 lx
1086 1749 1336 1821 καθαρᾶς
1367 1747 1615 1828 καρδίας,
1648 1745 1779 1813 ἀγά-

209 1869 312 1921 πην
338 1849 571 1920 τείπρὸς
600 1848 693 1901 τὸν
740 1845 874 1900 Θεὸν
900 1843 961 1908 ἐξ
1009 1842 1138 1912 ὅλης
1173 1842 1273 1911 τῆς
1312 1839 1517 1910 ἰσχύος,
1557 1839 1617 1903 ἔξ
1639 1839 1779 1912 ,ὅλης

205 1947 440 2007 διανοίας
469 1960 530 1996 τε
565 1942 659 1996 καὶ
696 1941 757 2006 ἑξ
779 1939 907 2010 ὅλης
939 1936 1119 2007 ψυχῆς
1139 1952 1154 1966 ·
1211 1934 1473 1996 ὡσαύτως
1510 1932 1606 1986 καλ⁵
1639 1931 1777 2000 πληο

207 2040 315 2091 σίον
369 2037 445 2097 ὡς
501 2035 692 2088 ἑαυτὸν
756 2031 930 2093 οὕτως
989 2029 1168 2100 ἔχειν·
1221 2045 1240 2079 ι
1289 2026 1377 2080 Ἐν
1419 2024 1648 2083 ταύταις
1679 2022 1776 2077 οὖν
1820 2083 1822 2085 ς

205 2132 322 2190 ταῖς
381 2127 621 2188 ἐντολαῖς
641 2164 655 2188 ,
693 2125 768 2188 ὡς
814 2124 918 2193 ἔφη
965 2124 994 2175 6
1037 2118 1335 2187 Δεσπότης,
1382 2116 1504 2179 ὂλος
1545 2118 1574 2169 6
1615 2115 1779 2184 νόμος

190 2222 491 2290 κρέμαται,
521 2217 616 2270 καὶ
644 2217 694 2268 oi.
743 2213 1017 2284 προφῆται
1060 2211 1261 2273 πάντες
1286 2224 1302 2239 ο
1337 2226 1357 2261 ι
1387 2237 1459 2251 -ι-
1492 2227 1510 2260 ι
1556 2208 1631 2261 Ού
1681 2222 1779 2286 eo.-
1832 2274 1851 2288 .

205 2307 433 2374 νεύσεις,
489 2306 553 2360 ού
600 2303 929 2376 μοιχεύσεις,
984 2301 1047 2355 ού
1073 2290 1779 2369 ψεῦδομαρτυρήσεις,άλλ’

207 2396 324 2450 οὐδὲ
347 2397 715 2467 έπιορκήσεις,
738 2391 951 2463 άληθῶς
973 2390 1032 2445 δὲ
1077 2389 1317 2460 όμόσεις,
1343 2386 1628 2450 ἀποδιδοὺς
1656 2390 1782 2448 τοὺς

205 2491 399 2560 ὅρκους
439 2506 532 2543 σου
568 2487 757 2558 Κυρίῳ
793 2485 871 2557 τῷ
925 2482 1044 2553 Θεῷ
1086 2498 1182 2535 σου
1204 2497 1220 2512 °
1249 2481 1367 2536 ἀλλ’
1412 2479 1534 2532 ούδὶ
1564 2478 1782 2548 κλέψεις

207 2581 344 2644 ὅλως
371 2597 434 2649 γε
472 2580 507 2650 ῆ
559 2579 652 2632 καὶ
693 2576 877 2640 ἁπλῶς
913 2573 1252 2645 πορνεύσεις.
1279 2588 1299 2623 ι
1361 2569 1546 2624 Ταῦτα
1594 2572 1622 2624 6
1674 2586 1781 2622 rra-

204 2671 348 2735 λαιδς
407 2670 562 2738 δόμος
607 2667 910 2721 ἐντέλλεται
941 2667 1034 2719 καὶ
1067 2665 1290 2734 γράφει.
1419 2738 1426 2741 ν

273 2770 346 2832 γ’.
390 2763 450 2816 '0
479 2762 534 2815 δὲ
567 2760 803 2830 Χριστὸς
831 2759 926 2813 καὶ
961 2756 1238 2827 Δεσπότης
1271 2754 1382 2810 τῶν
1411 2755 1574 2820 ὅλων,
1606 2756 1635 2808 6
1667 2754 1783 2807 [Ῑαο

207 2857 367 2918 λαιᾶς
388 2841 486 2907 καὶ
513 2854 613 2923 τῆς
659 2850 870 2920 Καινῆς
898 2850 1102 2920 Κύριος
1128 2847 1428 2918 Διαθήκης,
1474 2845 1660 2899 πλεῖον
1685 2843 1784 2915 τὴν

207 2949 500 3020 ἀκρίϐειαν
529 2947 675 3017 ἔχειν
711 2946 860 3015 ἡμᾶς
889 2943 1128 2997 διδάσκει
1158 2939 1217 2993 τὸ
1249 2941 1322 3010 μὴ
1361 2938 1590 3010 ὀμνύναι
1651 2937 1787 3008 άλη-

211 3039 320 3099 θῶς
347 3038 381 3108 ῆ
412 3053 536 3090 τινα
569 3038 732 3107 ὅρκον
759 3034 962 3101 λέγειν.
986 3031 1180 3086 Ἔσται
1199 3030 1257 3083 δὲ
1287 3029 1449 3100 μόνον
1469 3029 1535 3082 ’έν
1564 3028 1695 3099 ἡμῖν
1720 3027 1783 3079 τὸ

211 3128 349 3194 Ναὶ,
378 3129 490 3191 ναὶ,
521 3128 617 3180 καὶ
637 3125 700 3178 τδ
724 3123 822 3190 Dii,
855 3121 914 3175 οὗ
939 3137 953 3152 ο
989 3123 1050 3174 τὸ
1076 3113 1134 3175 δέ
1163 3135 1226 3189 γε
1275 3119 1482 3173 τούτων
1523 3117 1782 3188 περισσὸν

1868 660 1975 715 que
2009 652 2137 699 sunt
2167 641 2234 696 ad
2265 655 2429 696 omne
2456 639 2658 693 bonum
2689 649 3029 706 omnemque
3061 635 3361 701 theoriam,
3388 649 3453 688 ac

1871 734 2251 791 indesinenter.
2273 731 2410 786 talia
2444 727 2690 784 scribere
2717 727 2920 793 solent,
2951 726 3077 780 ideo
3093 740 3255 789 onus,
3281 725 3451 796 quod,

1873 836 1934 882 ut
1979 825 2115 890 dixi,
2158 832 2376 895 portare
2402 820 2719 890 nequibam,
2746 835 2774 873 a
2800 833 2889 873 me
2920 818 3190 889 repellére
3217 816 3450 871 nitebar.

1873 919 2151 974 Caeterum
2189 915 2303 986 jam
2346 928 2493 968 nunc
2528 911 2870 983 propositum
2903 910 3208 979 aggrediar,
3258 908 3312 962 in
3353 923 3457 961 au-

1877 1006 2068 1060 xilium
2099 1018 2234 1058 meae
2274 1002 2568 1057 debilitatis
2607 1001 2693 1054 vel
2731 1000 2920 1070 potius
2952 999 3277 1068 ignorantia:
3317 998 3460 1051 mu|«

1877 1107 2056 1168 tneque
2115 1095 2448 1151 rusticitatis
2513 1091 2757 1148 Verbum
2801 1091 2894 1147 Dei
2930 1090 3114 1150 Patris
3176 1089 3455 1145 Christum

1876 1193 2169 1249 Dominum
2207 1207 2389 1246 meum
2439 1187 2782 1254 accersiens,
2817 1188 3137 1258 pariterque
3168 1184 3457 1240 Dominam

1876 1284 2156 1355 deiparam
2192 1280 2421 1337 Mariam
2453 1289 2510 1335 et
2546 1293 2743 1337 omnes
2788 1284 3018 1334 sanctos
3049 1278 3328 1333 advocans
3356 1275 3458 1330 ad-

1869 1374 2084 1446 jutores
2111 1362 2275 1432 initio
2307 1370 2687 1442 undejustum
2722 1377 2844 1426 erat
2879 1368 3050 1440 incipi
3073 1370 3386 1440 desumpta.

1945 1651 2006 1717 2.
2039 1651 2208 1707 Debet
2263 1649 2444 1721 quivis
2496 1660 2838 1725 anristtanus
2871 1647 3076 1706 habere
3113 1665 3216 1720 pro
3271 1647 3439 1705 mnda

1881 1751 2068 1798 mento
2111 1744 2280 1798 [idem
2302 1742 2371 1798 de
2411 1741 2579 1801 corde
2609 1756 2749 1811 puro
2779 1741 3077 1807 sinceram,
3113 1739 3467 1795 charitatem-

1883 1849 1990 1905 quo
2016 1850 2146 1906 erga
2167 1833 2341 1891 Deum
2375 1849 2445 1891 ex
2476 1835 2604 1891 totis
2650 1835 2882 1902 viribus,
2915 1851 2980 1891 ex
3023 1843 3136 1890 tota
3164 1843 3368 1902 mente,
3400 1849 3467 1889 ex
3517 1853 3521 1857 ί

1884 1937 1994 1982 tcta
2019 1926 2228 1990 anima,
2254 1934 2308 1980 et
2327 1925 2644 1997 proximum
2671 1935 2931 1995 tanquam
2959 1925 3197 1995 seipsnm
3225 1925 3461 1979 habere:
3517 1931 3522 1935 '

1892 2036 1911 2070 ι
1949 2019 2008 2081 in
2035 2015 2123 2072 his
2154 2015 2300 2071 enim
2351 2015 2649 2080 mandatis,
2689 2024 2747 2070 ut
2791 2016 2870 2080 ait
2913 2013 3210 2080 Dominus,
3228 1997 3466 2068 tota'lex

1883 2106 2085 2178 pendet
2111 2115 2167 2171 et
2198 2120 2392 2162 omnes
2422 2105 2702 2177 prophetae
2737 2106 2791 2158 ιι
2829 2125 2848 2158 ι
2884 2135 2955 2145 —-
2989 2124 3008 2157 ι
3045 2103 3165 2160 Non
3199 2104 3418 2160 occides
3452 2122 3466 2169 ;
3529 2113 3540 2124 ‘

1882 2198 2002 2254 Non
2037 2198 2444 2274 mmphaberis;
2473 2196 2593 2253 Non
2627 2197 2827 2269 falsum
2860 2197 3011 2254 dices
3046 2198 3422 2254 testiinonium
3449 2215 3464 2259 ;

1883 2295 2000 2351 Non
2036 2295 2364 2367 periurabis,
2415 2294 2512 2351 sed
2548 2295 2765 2366 jurabis
2817 2296 2972 2366 juxta
3003 2298 3306 2360 veritatem,
3343 2295 3468 2349 red-

1883 2389 2021 2444 dens
2055 2389 2287 2444 Domino
2323 2388 2434 2444 Deo
2462 2399 2555 2442 tuo
2582 2387 2893 2458 jurainenta
2928 2397 3056 2452 tua;
3080 2387 3196 2440 Non
3238 2387 3467 2449 furtum,

1885 2493 2061 2548 neque
2090 2479 2255 2533 ullam
2284 2478 2511 2531 omnino
2542 2476 2968 2533 fornicationem
3011 2478 3180 2533 lacies
3203 2479 3248 2531 ³.
3287 2496 3307 2530 ι
3341 2476 3468 2532 Hanc

1886 2570 1973 2624 lex
2002 2570 2226 2640 antiqua
2254 2568 2410 2639 jubet
2437 2577 2491 2624 et
2519 2568 2847 2639 prescribit.

1966 2759 2024 2813 3.
2053 2757 2306 2825 Christus
2339 2764 2546 2821 autem,
2575 2756 2820 2811 omnium
2864 2756 3148 2819 Dominus,
3197 2772 3287 2812 cui
3316 2769 3472 2827 paret

1889 2848 2053 2903 Vetus
2078 2846 2405 2916 Novumque
2433 2846 2874 2911 Testamentum,
2899 2847 3168 2918 majorem
3194 2849 3467 2919 justitiam

1884 2936 2045 2992 nobis
2070 2936 2453 3002 exercendam,
2491 2951 2594 2991 nec
2628 2935 2930 3004 jurandum
2979 2954 3080 2994 nec
3110 2931 3278 2995 ullum
3309 2942 3470 3012 jura-

1885 3038 2129 3083 mentum
2171 3027 2484 3083 faciendum
2517 3028 2701 3082 docet.
2757 3028 2876 3082 Erit
2927 3039 3144 3086 tantum
3182 3033 3237 3087 in
3286 3035 3467 3098 nobis,

1887 3120 2006 3186 Est,
2027 3127 2133 3185 est,
2152 3126 2226 3184 et,
2258 3115 2398 3182 Non,
2434 3133 2582 3184 non;
2609 3118 2756 3187 quod
2786 3130 2966 3207 autem
2989 3121 3074 3176 his
3101 3124 3333 3193 amplius
3362 3137 3469 3190 est,

207 3222 326 3275 ιστι
346 3218 444 3273 τοῦ
485 3217 771 3271 διαϐόλου.-
800 3215 860 3268 '0
889 3214 999 3285 γάρ
1046 3210 1211 3282 νόμος
1241 3209 1468 3264 ικόλασε
1500 3209 1607 3263 τῶν
1637 3211 1784 3281 πρά-

1888 3225 1920 3265 a
1947 3210 2169 3292 diabolo
2196 3217 2302 3265 est.
2329 3207 2543 3264 Etenim
2569 3207 2681 3264 Lex
2714 3211 2992 3265 actionum
3029 3213 3194 3268 linem
3218 3217 3469 3287 corrigit,

211 3309 348 3375 ξεων
391 3307 454 3362 τδ
510 3306 688 3369 τέλος,
725 3304 842 3357 ἀλλ’
873 3306 902 3356 6
951 3302 1142 3373 Σωτὴρ
1201 3301 1363 3371 ἡμῶν
1414 3301 1651 3371 Χριστδς
1682 3299 1784 3363 τὰς

214 3398 383 3466 ἀρχάς
425 3395 628 3465 μᾶλλον
675 3394 862 3447 πλέον.
903 3410 922 3444 ι
980 3393 1038 3444 '0
1086 3389 1197 3461 γάρ
1243 3389 1520 3460 ιμϐλέψας
1564 3389 1786 3458 γυναικὶ

217 3489 348 3558 πρὸς
407 3489 469 3541 τὺ
530 3486 867 3556 ἐπιθυμῆσαι
949 3485 1052 3556 ήδη
1136 3482 1456 3552 ἐμοίχευσεν
1512 3482 1684 3552 αὐτὴν
1727 3483 1785 3533 ἐν

214 3583 281 3651 τῇ
323 3579 488 3633 αὐτοῦ
535 3578 752 3649 καρδίᾳ.
781 3595 800 3627 ι
877 3575 1056 3637 Ὀλως
1105 3573 1163 3626 δὶ
1207 3574 1282 3644 μὴ
1335 3574 1657 3640 ἀντιστῆναι
1706 3571 1786 3643 τῷ

217 3672 436 3745 πονηρῷ
484 3670 764 3725 διδάσκειν
805 3668 920 3723 ἀλλ’
958 3664 1406 3737 άγγαρενόμενόν
1441 3681 1562 3716 τινα
1603 3663 1785 3734 μίλιον

216 3765 293 3833 ἓν,
311 3765 408 3820 δύο
453 3763 692 3831 ὑπάγειν
741 3761 864 3831 μετ’
895 3757 1098 3812 αὺτοῦ-ο
1139 3756 1217 3826 μὴ
1269 3754 1574 3823 ἀντιλέγειν
1607 3755 1745 3815 ὅλως
1768 3769 1783 3784 ο
1815 3750 1817 3753 ’

215 3857 295 3928 τῷ
323 3856 622 3924 πλήσσοντι
649 3853 752 3920 τὴν
787 3850 972 3916 δεξιάν
1012 3846 1239 3915 σιαγόνα
1269 3844 1527 3916 ὀργίλως,
1561 3844 1787 3914 ἡμέρως

215 3963 278 4000 τε
321 3947 416 4000 καὶ
471 3943 763 4014 προσηνῶς
814 3940 910 3994 καὶ.
954 3939 1055 4011 τὴν
1102 3938 1293 4005 άλλην,
1330 3936 1633 4006 παρέχειν·
1693 3935 1786 3986 καὶ

217 4036 422 4102 άπλῶς,
473 4035 526 4088 si
551 4051 604 4087 τι
637 4028 732 4087 οὖν
758 4031 988 4093 ἕκαστος
1040 4027 1307 4099 πάσχοιεν
1357 4028 1422 4080 ὲκ
1457 4025 1549 4078 τοῦ
1593 4027 1794 4089 πέλας,-

221 4126 403 4196 ὖϐρεις
434 4125 575 4194 όμοῦ
602 4124 697 4178 καὶ
741 4123 1013 4191 μάστιγας
1038 4119 1333 4188 ὑπομένειν
1365 4117 1629 4186 γενναίως
1652 4133 1668 4149 ο
1709 4114 1788 4186 τῷ

223 4218 424 4272 θέλοντι
457 4215 713 4288 κριθῆναι
750 4213 806 4267 δὲ
839 4214 933 4266 καὶ
965 4209 1152 4264 λαϐεῖν
1194 4208 1289 4262 τὸν
1325 4209 1562 4278 χιτῶνα,
1604 4207 1787 4260 δοῦναι

221 4311 316 4362 καὶ
342 4309 401 4360 τὺ
431 4297 649 4378 ἱμάτιον
677 4305 708 4357 ό
741 4303 1022 4378 Δεσπότης
1052 4301 1264 4355 κελεύει
1285 4315 1298 4330 ⁸
1333 4300 1428 4352 καὶ
1458 4297 1512 4350 εί
1538 4317 1588 4351 τι
1624 4299 1788 4353 πάθοι

221 4400 406 4470 ιτερος
433 4377 603 4452 κακὸν
629 4398 694 4450 ὲκ
712 4395 804 4449 τοῦ
831 4377 1080 4465 πλησίον,
1105 4390 1224 4445 εἶτα
1248 4395 1340 4445 καὶ
1361 4391 1590 4462 ὀργισθῇ
1615 4390 1786 4459 αὐτῷ,

225 4495 348 4563 είκῇ
375 4489 621 4562 ὠργίσθη
654 4488 851 4554 τούτῳ.
882 4485 972 4556 Τῷ
1003 4483 1246 4539 αἰτοῦντί
1280 4501 1337 4536 σε
1385 4484 1585 4537 διδόναι
1617 4499 1789 4554 προσ·

1888 3289 2141 3357 Christus
2166 3310 2344 3356 autem
2378 3297 2629 3356 Salvator
2668 3312 2858 3357 noster
2884 3303 3056 3358 multo
3095 3307 3270 3376 magis
3308 3324 3474 3362 exor-

1885 3395 1997 3448 dia.
2032 3423 2103 3435 -—
2128 3393 2264 3448 Nam
2294 3411 2314 3444 ι
2359 3395 2452 3462 qui
2484 3394 2616 3447 vidit
2652 3394 2936 3449 mulierem
2966 3397 3032 3450 ad
3073 3401 3439 3469 concupiscet:

1884 3485 2014 3539 dum
2033 3499 2152 3538 eam
2179 3481 2292 3553 jam
2321 3484 2629 3538 mmchatus
2660 3493 2885 3540 estcum
2911 3486 3044 3541 eain
3077 3489 3242 3544 corde
3273 3493 3465 3547 suu'.»

1887 3576 2122 3632 Prorsus
2151 3591 2259 3631 non
2313 3579 2683 3632 resistendum
2745 3580 2889 3632 malo
2941 3581 3152 3647 docet‘,
3189 3583 3301 3638 imo
3346 3602 3470 3641 cum

1886 3681 1952 3722 eo
1989 3667 2081 3736 qui
2130 3665 2281 3721 mille
2313 3681 2512 3738 passus
2571 3669 2897 3738 angariavit,
2938 3668 3043 3723 alia
3073 3670 3184 3726 duo
3224 3674 3469 3730 subcun.

1885 3756 1954 3810 da
1975 3759 2018 3820 ',
2065 3757 2293 3812 omnino
2337 3772 2444 3812 non
2506 3759 3034 3828 contradicendum;
3087 3777 3200 3832 pra:
3237 3766 3315 3820 ira
3353 3783 3473 3823 ma-

1887 3848 2072 3903 xillam
2103 3850 2351 3904 dextram
2376 3850 2736 3919 percutiente,
2789 3852 3063 3908 submisse
3092 3865 3146 3909 et
3189 3872 3474 3915 mansuete

1887 3941 2235 4010 premendam
2267 3949 2340 3996 et.
2376 3941 2687 4003 alteram‘;
2722 3950 2777 3995 et
2822 3940 2868 3996 si
2905 3932 3030 4012 quis
3066 3946 3212 4000 aliud
3259 3952 3389 4018 quid
3441 3968 3472 4005 a

1889 4033 2199 4101 propinquo
2229 4032 2492 4101 patiatur,
2527 4032 2758 4102 injurias
2795 4048 2861 4088 ac
2924 4037 3153 4090 verbera
3206 4042 3474 4107 patienter

1890 4123 2170 4176 toleranda
2225 4122 2428 4177 volenti
2483 4123 2814 4177 contendere
2845 4123 3057 4192 judicio
3119 4134 3176 4180 et
3230 4131 3470 4185 tunicam

1890 4215 2107 4288 tollere,
2142 4218 2272 4269 dare
2303 4225 2358 4271 et
2390 4217 2614 4286 pallium
2652 4215 2918 4271 Dominus
2949 4218 3143 4286 jubet'
3169 4235 3183 4284 ;
3212 4222 3314 4276 etsi
3341 4225 3470 4291 quid

1891 4305 2019 4359 mali
2044 4320 2072 4358 a
2108 4305 2358 4374 proximo
2404 4305 2542 4358 alter
2594 4304 2902 4373 pertulerit,
2942 4305 3251 4375 deindeque
3283 4323 3473 4364 contra

1891 4398 2045 4452 illum
2078 4397 2392 4450 mstuav’erit
2418 4398 2520 4462 ira,
2546 4394 2748 4451 frustra
2774 4407 2964 4452 contra
2995 4399 3145 4451 illum
3180 4401 3250 4453 sit
3279 4401 3471 4467 iratus;

1895 4507 1924 4545 a
1957 4502 2007 4546 te
2035 4491 2264 4559 petenti,
2295 4489 2527 4543 libenter
2558 4491 2689 4544 dare
2723 4492 2949 4556 statuit;
2981 4500 3039 4545 et
3074 4507 3101 4543 a
3135 4500 3185 4544 te
3237 4497 3474 4547 mutuari

221 4586 402 4637 τάττει
429 4580 802 4654 ἀπραγμόνως
822 4594 838 4610 °
860 4579 955 4632 τὸν
982 4577 1205 4630 θέλοντα
1227 4575 1574 4628 δανείσασθαι
1635 4575 1785 4627 κενὸν

1901 4583 2194 4647 volentem,
2226 4596 2336 4635 non
2369 4582 2644 4636 remittere
2676 4597 2910 4637 vacuum
2934 4583 2974 4636 ⁸.
2998 4583 3227 4652 Diligere
3255 4594 3473 4640 nostros

229 4676 305 4746 μὴ
349 4674 735 4748 ἀποστρέφειν.
779 4671 1022 4740 ’Δγαπᾷν
1070 4670 1195 4730 τοὺς
1242 4669 1469 4739 ἐχθροὺς
1511 4667 1669 4738 ἡμῶν
1705 4669 1791 4719 ὲν-

226 4767 465 4841 τέλλεται
491 4766 567 4828 ὡς
614 4764 823 4834 φίλους,
855 4761 949 4815 καὶ
982 4760 1382 4830 ὑπερεύχεσθαι
1420 4759 1638 4812 πάντων
1681 4759 1790 4812 τῶν

230 4860 682 4930 ἐπηρεαζόντων·
753 4855 1182 4924 καταρωμένους
1252 4851 1530 4918 εὐλογεῖν,
1607 4851 1788 4914 καλῶς

233 4955 396 5004 ποιεῖν
429 4949 748 5020 μισοῦντας.
780 4949 891 5010 Καὶ
918 4947 1080 4999 πάλιν
1111 4947 1239 5014 περὶ
1276 4947 1584 5014 προσευχῆς
1614 4941 1790 5004 οὓτως

234 5045 370 5111 ἡμᾶς
416 5043 681 5105 διδάσκει,
737 5041 822 5092 ἵνα
857 5039 930 5109 μὴ
986 5037 1444 5108 προσευχώμεθα,
1495 5036 1685 5104 ὥσπερ
1732 5035 1783 5087 οἱ

232 5134 532 5205 ὑποκριταὶ,
563 5133 698 5204 μηδὲ
726 5132 846 5201 μεθ’
877 5129 1222 5200 ὑποκρίσεως
1248 5128 1345 5198 τὴν
1376 5128 1631 5198 νηστείαν
1663 5143 1784 5179 ποι-

231 5225 423 5292 οῦντες,
458 5229 552 5279 καὶ
598 5224 917 5294 σκυθρωποὶ
945 5224 1222 5291 γινόμενοι
1263 5221 1332 5274 τὰ
1364 5221 1633 5292 πρόσωπα
1664 5237 1786 5290 μει-

231 5317 425 5387 οὖντες,
473 5319 567 5372 τοῦ
618 5320 692 5388 μὴ
725 5318 817 5369 ἐπὶ
861 5317 962 5386 τῆς
1009 5316 1114 5385 γῆς
1147 5317 1278 5385 ἡμῖν
1332 5315 1640 5385 θησαυροὺς
1695 5313 1789 5383 θη-

236 5412 516 5482 σαυρίζειν.
544 5411 654 5478 Τῆς
687 5409 742 5462 δὲ
764 5403 997 5477 δεκέτης
1027 5409 1247 5476 ἐντολῆς
1277 5406 1448 5469 οὕτως
1473 5409 1615 5476 ἔχει’
1649 5406 1785 5458 Τινὰ

241 5500 310 5573 μὴ
351 5505 577 5574 κρίνειν,
612 5503 836 5571 ἔφησεν,
883 5502 967 5553 ἵνα
1024 5502 1098 5572 μὴ
1156 5503 1454 5574 κριθῶμεν.
1505 5497 1636 5554 Εἶτα
1692 5502 1786 5553 καὶ

236 5594 358 5660 πρὸς
402 5595 491 5646 τὸν
548 5593 770 5646 θέλοντα
820 5594 902 5655 εἰς
961 5593 1278 5664 τελειότητα
1331 5595 1532 5664 φθάσαι
1586 5593 1784 5648 πωλεῖν

307 5717 518 5772 'Matth.
554 5731 692 5784 xm,
724 5717 810 5770 60.
892 5717 1106 5776 'Exod.
1144 5738 1232 5784 xx,
1277 5721 1484 5788 l3~iG;
1518 5721 1674 5774 Deut.
1709 5738 1764 5785 ν,
1803 5721 1827 5774 1
1862 5737 2052 5789 seqq.;
2123 5722 2314 5773 Matth.
2351 5735 2402 5783 ν,
2438 5717 2507 5770 55
2543 5732 2696 5789 seqq.

241 5780 319 5838 59.
385 5780 688 5843 sum“;
753 5789 1047 5844 'lbltl.59.
1123 5780 1425 5848 πωπω.
1473 5780 1810 5848 ἐιυιιι.ιέι.

243 5850 322 5914 Ἡ.
391 5859 430 5891 ’³
453 5859 641 5914 Matth.
672 5874 764 5924 vn,
800 5861 853 5923 l,
887 5860 942 5918 2.

530 5955 796 6018 Ρλτιιοι..
844 5956 956 6017 Gn.
1006 5956 1159 6018 CXI.

1895 4673 2152 4728 inimicos
2200 4672 2354 4732 sicut,
2399 4672 2606 4726 amicos
2633 4673 2790 4744 jubet
2838 4681 2893 4726 et
2924 4687 3083 4726 orare
3130 4687 3228 4740 pro
3261 4677 3474 4728 cunctis

1895 4781 1996 4821 nos
2027 4766 2519 4835 persequentibus;
2573 4765 2901 4820 benedicere
2936 4765 3397 4821 maledicentibus
3423 4779 3476 4822 et

1892 4863 1960 4917 iis
1991 4863 2080 4922 qui
2115 4876 2217 4916 nos
2279 4862 2514 4915 oderunt
2555 4860 2938 4915 benefacere”.
3006 4860 3244 4915 Rursum
3299 4873 3350 4916 et
3406 4864 3473 4915 de

1894 4955 2142 5008 oratione
2176 4954 2258 5008 sic
2292 4969 2394 5008 nos
2435 4953 2647 5016 edocet,
2684 4962 2742 5006 ut
2775 4970 2882 5007 non
2921 4970 3145 5010 oremus
3196 4955 3340 5010 sicut
3377 4955 3476 5025 hy-

1895 5046 2138 5114 pocrita,
2198 5061 2375 5114 neque
2415 5059 2538 5098 cum
2592 5045 2870 5112 hypocrisi
2915 5047 3252 5116 jejunemus,
3292 5047 3476 5103 tristes

1897 5138 2024 5193 facti
2043 5180 2056 5204 ,
2091 5147 2333 5191 nostram
2363 5135 2752 5209 contrahentes
2781 5136 2977 5193 faciem
3001 5141 3081 5202 ‘°;
3111 5156 3289 5210 neque
3314 5155 3477 5210 super

1899 5241 2100 5285 terram
2137 5231 2425 5284 thesauros
2457 5227 2618 5283 nobis
2655 5229 3472 5288 thesaurizemus“.Decimum

1902 5339 2032 5376 vero
2073 5333 2442 5392 prmceptum,
2502 5319 2776 5376 neminem
2806 5319 3056 5387 judicare
3111 5339 3213 5377 nos
3265 5329 3470 5383 monet,

1900 5425 1955 5468 ut
1996 5431 2101 5468 non
2127 5413 2520 5483 judicemus".
2554 5411 2753 5465 Deinde
2781 5408 3052 5465 volentem
3085 5403 3472 5484 perfectionem

1902 5508 2197 5572 attingere,
2230 5504 2414 5557 omnia
2462 5516 2580 5571 quae
2617 5498 2860 5568 possidet
2908 5502 3141 5553 vendere
3193 5501 3369 5564 docet,
3422 5512 3476 5554 et

1899 5614 2020 5651 eum
2057 5597 2206 5650 omni
2235 5598 2351 5650 zelo
2384 5596 2514 5648 dare
2548 5592 2916 5664 pauperibur;
2964 5592 3269 5662 exindeque
3316 5593 3473 5648 habi-

2825 5715 2844 5744 ³
2877 5713 3008 5767 ibitl.
3039 5729 3094 5779 ν,
3127 5715 3216 5768 28.
3295 5714 3316 5745 ⁸
3341 5717 3473 5769 ibid.

1920 5784 2100 5847 sima.
2139 5793 2202 5845 ii
2233 5805 2387 5859 seqq.
2472 5790 2513 5820 ιο
2538 5784 2730 5844 Matth.
2767 5799 2842 5851 Vl,
2875 5784 2931 5852 5,
2969 5784 3070 5856 14.,
3138 5787 3177 5816 ιι
3205 5787 3337 5843 ibid.
3377 5787 3474 5841 i9-

2957 5949 3029 6008 13
