4176 6484
306 397 387 459 39³1

1511 381 1609 440 DE
1652 378 1825 439 VITA
1866 372 2073 435 MONA
2083 374 2167 431 ST
2178 372 2244 429 IC
2255 373 2290 427 Λ
2305 414 2317 428 .

3413 369 3517 429 398

364 512 431 568 ς’.
464 504 585 555 Τῶν
648 502 897 569 μοναχῶν
954 501 1031 561 δὲ,
1082 500 1153 560 ῶς
1198 496 1353 565 ἔφην,
1414 496 1570 556 ἄλλος
1618 494 1852 561 ὑπάρχει

2026 488 2077 540 6.
2114 484 2499 539 Monacborum
2529 497 2657 537 vero
2686 482 2822 536 sicut
2852 482 2983 545 dixi,
3018 481 3153 535 alius
3190 492 3267 535 cst
3306 475 3517 535 vivendi

306 598 424 667 βίος,
463 597 595 647 διότι
650 595 1039 663 ἀπηρνήσαντο
1080 592 1169 643 τὸν
1205 592 1379 642 πάντα
1436 588 1637 654 κόσμον
1681 579 1847 646 οὗτοι,

304 686 385 737 καὶ
420 685 635 753 ἔχουσιν
688 682 973 750 ἀκρίϐειαν
1015 680 1252 749 φοϐερὰν
1300 680 1393 729 καὶ
1436 674 1700 745 μεγάλην.
1745 674 1853 724 Καὶ

303 777 398 847 γὰρ
448 774 586 844 μετά
647 772 757 825 τῶν
816 772 1023 825 ἄνωθεν
1090 770 1410 841 γραφέντων
1504 765 1855 831 ὲνταλμάτων

306 868 514 919 πλείονα
540 867 639 934 τὴν
663 864 950 929 ἀκρίϐειαν
978 858 1478 931 προσαπαιτούνται
1500 852 1664 921 οὗτοι,
1696 856 1859 921 ἁκτη·

308 957 537 1029 μοσύνην
569 956 828 1023 παντελῆ,
860 954 1155 1024 παρθενίαν
1200 955 1278 1012 είς
1309 950 1498 1015 ἄκρον,
1530 946 1855 1014 ἐγκράτειάν

302 1067 355 1101 τε
383 1048 489 1101 τῶν
530 1046 721 1099 παθῶν
767 1044 900 1113 ὁμοῦ
933 1043 1163 1095 καὶτῶν
1202 1040 1529 1110 βρωμάτων,
1571 1036 1855 1104 αἰσθήσεις

300 1139 706 1209 χαλιναγωγείν,
742 1136 851 1188 τῶν
892 1134 1078 1187 κακῶν
1120 1150 1171 1184 τι
1203 1133 1277 1202 μὴ
1316 1131 1600 1199 πράττειν,
1639 1128 1852 1195 ὅρασιν,

296 1231 583 1297 δσφρησιν,
624 1227 793 1295 ἁφὴν,
836 1225 1024 1293 ἀκοὴν,
1068 1224 1164 1275 καὶ
1190 1222 1288 1291 τὴν
1328 1223 1515 1286 γεῦσιν
1540 1234 1555 1250 ο
1586 1218 1683 1286 τὴν
1719 1216 1859 1285 ψαλ-

304 1320 503 1390 μῳδίαν
528 1320 808 1372 ἄπαυστον
844 1316 940 1369 καὶ
970 1313 1169 1383 πολλὴν
1203 1312 1534 1381 ἀγρυπνίαν,
1569 1310 1859 1379 χαμευνεῖν

300 1411 389 1462 καὶ
434 1408 739 1477 ξηροσιτεῖν
785 1406 880 1459 καὶ
916 1405 1173 1457 ἀλουσίαν
1222 1401 1387 1470 ἔχειν.
1442 1398 1860 1453 Συνδιαιτᾶσθαι

301 1501 545 1567 γυναιξὶν
576 1499 609 1569 ἢ
653 1498 790 1557 ὅλως
822 1498 972 1565 σχεῖν
1030 1494 1214 1561 φιλίαν
1252 1492 1586 1562 ἀπαγορεύει
1626 1495 1655 1545 ὁ
1684 1490 1860 1544 κανὼν

299 1594 406 1653 τοῖς
447 1580 699 1658 μοναχοῖξ
744 1588 987 1649 τελείως,
1034 1587 1239 1657 μᾶλλον
1270 1584 1325 1638 δὲ
1364 1585 1459 1635 καὶ
1509 1583 1861 1653 προσομιλεῖν

299 1683 331 1750 ἢ
355 1682 490 1744 ὅλως
516 1679 843 1745 συνοδεύειν,
877 1679 1062 1732 παιδία
1086 1696 1144 1730 τε
1191 1679 1267 1747 μὴ
1298 1676 1621 1747 προσίεσθαι
1666 1675 1699 1745 ἢ
1726 1676 1860 1738 ὅλως

303 1771 640 1833 συνδυάζειν,
688 1768 1009 1822 καταλαλεῖν
1073 1768 1107 1835 ἢ
1152 1767 1430 1837 λοιδορεῖν,
1465 1766 1497 1836 ἢ
1535 1766 1669 1827 ὅλως
1697 1780 1864 1816 κατα-

300 1862 524 1927 κρίνειν,
560 1863 693 1912 πᾶσι
730 1862 944 1921 πιστοῖς
982 1855 1319 1911 κεκώλυταιο
1358 1857 1509 1923 πόσῳ
1554 1873 1617 1924 γε
1665 1854 1865 1925 μᾶλλον

298 1958 503 2015 τούτοις
530 1971 544 2019 ;
582 1953 895 2023 Ὄμνύναιῆ
922 1954 1235 2022 περιορκεῖν
1263 1951 1638 2018 ἀπηγόρευται
1668 1951 1865 2018 πάντη.

298 2043 698 2114 Φιλάργυρονῆ
752 2042 1015 2111 φίλαυτον
1062 2043 1123 2101 ού
1155 2041 1235 2093 δεῖ
1287 2040 1521 2109 μοναχὸν
1572 2036 1738 2091 εἶναι·
1774 2039 1867 2090 καὶ

302 2136 387 2198 ἶνα
415 2136 465 2187 τί
498 2133 796 2202 φιλολογῶν
830 2133 921 2186 τὸν
945 2132 1134 2202 καιρὸν
1165 2132 1470 2196 ἀναλίσκως
1502 2132 1563 2183 Εί
1590 2128 1867 2199 βασιλείας

295 2220 545 2289 οὐρανῶν
602 2221 880 2289 ἐπιτυχεῖν
925 2220 1152 2282 ἐθέλοις,
1190 2220 1433 2288 ἀπόσχου
1486 2220 1706 2273 πάντων
1757 2219 1867 2271 τῶν

300 2312 511 2375 κακῶν,
548 2314 641 2365 καὶ
672 2311 778 2365 τῶν
815 2313 997 2365 καλῶν
1028 2313 1255 2381 ἀντέχου
1283 2328 1297 2343 ο
1336 2312 1594 2365 ἀδύνατον
1629 2312 1737 2383 γὰρ
1767 2312 1865 2364 πέ-

300 2419 437 2469 φυκε
469 2404 565 2455 καὶ
588 2403 849 2473 δυσχερὲς
882 2404 964 2465 είς
1007 2404 1153 2467 ἅπαν
1180 2403 1463 2472 φιλήδονον
1494 2402 1805 2471 ὑπάρχοντα
1834 2403 1867 2472 ἦ

299 2493 575 2558 κενόδοξον
629 2494 766 2556 ὅλως
807 2495 1083 2563 ἐπιτυχεῖν
1130 2493 1232 2562 τῆς
1282 2492 1517 2564 ἀληθοῦς
1567 2493 1713 2562 ζωῆς
1768 2493 1870 2561 τῆς

298 2582 543 2639 αἰωνίου.

371 2672 438 2738 ζ’.
473 2673 583 2727 Καὶ.
627 2673 801 2729 ταῦτα
856 2673 953 2745 μέν
1010 2690 1093 2730 σοι
1137 2672 1353 2747 ἔγραψα
1397 2674 1463 2727 ἐκ
1507 2675 1613 2729 τῶν
1658 2673 1867 2727 πολλῶ-ν

300 2766 477 2833 ὀλίγα.
513 2766 583 2820 Σὺ
607 2767 716 2836 γὰρ
746 2767 1037 2820 ἐπίστασαι
1058 2768 1239 2829 καλῶς
1264 2769 1362 2837 τὴν
1388 2766 1524 2838 ἐμὴν
1555 2766 1864 2834 ἀγροικίαν.

301 2858 411 2911 Καὶ.
438 2858 548 2928 γάρ
585 2858 745 2910 πάλιν
794 2858 1088 2928 ἐπείγομαι
1128 2861 1206 2921 είς
1248 2860 1504 2912 ὑπόθεσιν
1549 2859 1737 2928 ἀλλην,
1772 2858 1867 2926 δη-

300 2945 596 3013 λοποιῆσαι
615 2947 874 3017 ἀμυδρῶς
901 2948 1017 3009 πῶς
1048 2947 1290 3016 ὀφείλεις
1315 2948 1541 3015 διάγειν,
1567 2950 1648 3010 εἷς
1676 2948 1865 3015 εὐχὴν,

300 3036 378 3096 είς
413 3037 742 3106 ἐγκράτειαν
762 3038 856 3089 καὶ
887 3038 1064 3107 ἀληθῆ
1108 3038 1384 3105 νηστείαν,
1433 3038 1512 3090 ἔτι
1543 3038 1599 3090 δὲ
1630 3038 1864 3103 δίαιταν,

299 3127 472 3196 φημὶ,
506 3127 692 3189 ἁπλῶς
722 3128 817 3181 τοῦ
850 3128 973 3181 ὅλου
996 3129 1211 3197 χρόνου,
1260 3129 1431 3199 ἀρχὴν
1455 3129 1550 3181 τοῦ
1588 3129 1745 3197 λόγου
1778 3128 1869 3181 θέ-

302 3237 465 3289 μενος
513 3221 593 3281 είς
642 3220 817 3293 ἀρχὴν
858 3222 957 3291 τῆς
1021 3220 1316 3273 ίνδείκτου’
1373 3220 1495 3273 ὅθεν
1554 3221 1648 3273 καὶ
1693 3219 1775 3272 δεῖ
1806 3236 1865 3271 σε

303 3308 551 3379 φυλακὴν
577 3309 721 3378 ἔχειν
749 3313 805 3363 ἐν
830 3312 896 3380 τῇ
941 3311 1183 3381 νηστείᾳ.
1216 3310 1307 3380 Μὴ
1339 3309 1595 3378 νηστείαν
1624 3310 1682 3363 δὲ
1712 3310 1869 3364 ποίαν

300 3402 447 3469 φημὶ
468 3402 577 3453 τῶν
600 3403 826 3470 ἡμερῶν
852 3402 960 3456 τῶν
978 3401 1091 3465 δύο,
1117 3402 1351 3470 τετράδα
1372 3403 1466 3454 καὶ
1493 3400 1872 3471 παρασκευὴν,

296 3491 376 3555 ὡς
397 3492 448 3543 οἱ
476 3493 719 3563 Πατέρες
738 3493 997 3561 ἔφασκον,
1030 3493 1229 3563 ίχθύων
1248 3510 1308 3545 τε
1330 3492 1658 3562 ἀπέχεσθαι,
1691 3491 1872 3545 ἐλαίου

265 3631 271 3644 ,
299 3600 362 3635 τι
395 3584 493 3635 καὶ
517 3582 684 3650 οἴνου,
711 3582 1053 3656 ξηροφαγίαν
1074 3584 1293 3647 λύοντες
1322 3583 1469 3649 ἅπαξ
1492 3585 1550 3637 ἐν
1577 3586 1640 3655 τῇ
1670 3583 1837 3654 ἐνάτῃ
1857 3597 1870 3613 ⁸

302 3674 444 3728 ἀλλά
481 3690 548 3743 γε
597 3676 662 3727 σὺ
693 3675 782 3747 ,ὡς
817 3675 1051 3745 ἀσθενὴς
1102 3674 1233 3745 οἴνῳ
1284 3674 1449 3745 ὀλίγῳ
1482 3676 1684 3746 χρήσῃ.
1720 3675 1782 3727 Εἰ
1817 3674 1875 3727 δὲ

302 3766 402 3820 καὶ
429 3765 626 3841 τούτου
654 3765 893 3838 δυνηθῇς
940 3766 1243 3835 ἀπέχεσθαι
1273 3766 1372 3841 τῂν
1394 3765 1611 3836 χρῆσιν,
1652 3764 1875 3817 πλείονα

305 3860 447 3928 σχῇς
483 3830 883 3926 Χὼφέλειανγντῆἰν
912 3830 1132 3926 ὲντολίγν
1166 3830 1572 3927 πληρέδσᾶξξοι
1598 3830 1741 3908 θεῖοι
1765 3854 1875 3926 γὰρ

303 3949 599 4002 ἀπόστολοι
637 3948 696 4001 ὲν
724 3948 951 4009 ταύταις
989 3950 1111 4010 ταῖς
1146 3948 1401 4019 ἡμέραις,
1432 3946 1567 4001 ἀλλά
1610 3963 1675 4015 γε
1710 3947 1804 3999 καὶ
1829 3946 1879 3998 οξ

304 4035 429 4109 μετ’
470 4037 671 4099 αὐτοὺς
722 4037 972 4105 θεοφόροι
1018 4037 1261 4107 Πατέρες
1302 4036 1591 4108 ἀκρίὸειαν
1635 4030 1879 4104 ὁρίζουσι

306 4130 551 4199 φοϐερὰν
598 4130 691 4181 καὶ
742 4130 1006 4198 μεγάλην,
1048 4130 1199 4198 ἄρτῳ
1228 4128 1340 4181 καὶ·
1372 4130 1519 4200 μόνῳ
1559 4127 1877 4200 τρέφεσθαι,

306 4224 395 4278 ἁλί
427 4239 489 4274 τε
524 4221 616 4274 καὶ
648 4221 923 4293 λαχάνοις,
954 4222 1134 4299 καὶτὸ
1168 4223 1317 4296 πόμα
1347 4238 1411 4290 γε
1442 4222 1702 4285 ὡσαύτως
1736 4219 1881 4292 ὕδωρ

304 4315 406 4368 καὶ
439 4314 603 4385 μόνον
632 4312 807 4379 ἔσται,
840 4314 889 4365 εί
918 4315 992 4383 μή
1030 4330 1131 4367 που
1162 4313 1229 4365 δι’
1258 4313 1546 4369 ἀσθένειάν
1568 4332 1649 4378 τις
1684 4314 1883 4367 ἀδυνά-

304 4425 415 4471 τως
448 4408 585 4476 ἔχει,
614 4407 742 4475 οῖνῳ
771 4406 937 4475 ὀλίγῳ
981 4405 1266 4475 χρώμενος
1291 4408 1379 4459 διὰ
1403 4406 1503 4477 τὴν
1546 4407 1881 4477 ἀρρωστίαν.

1958 580 2189 638 modus.
2243 578 2509 646 siquidem
2556 586 2720 628 totum
2774 576 2827 626 hi
2902 574 3154 627 mundum
3204 576 3516 641 repudiave-

1958 679 2106 731 runt,
2136 675 2188 719 et
2216 665 2507 717 verendam
2558 680 2620 717 ac
2668 677 2915 730 magnam
2967 664 3336 715 austeritatem
3369 678 3522 714 exon

1958 767 2100 812 cent.
2138 758 2339 809 Prmter
2364 756 2507 808 enim
2540 756 2793 807 mandata
2829 755 3057 820 desuper
3091 755 3311 821 Strl'ipin,
3352 754 3521 819 major

1960 852 2024 902 ab
2053 850 2182 917 ipsis
2215 846 2474 915 perfectio
2506 846 2830 914 rcquiretur,
2860 846 3175 898 unmimoda
3210 858 3521 913 paupertas.

1961 940 2241 1007 virginitas
2275 938 2503 1006 integra,
2539 936 2850 1005 passionum
2888 920 3385 1001 alimentorumque
3412 952 3526 986 meo

1964 1028 2190 1091 del'ﬂlif),
2226 1016 2485 1081 sensuum
2522 1026 3022 1089 refrenatio,visus,
3052 1024 3305 1088 olfactns,
3329 1034 3523 1077 tactus.

1961 1122 2178 1175 auditus
2210 1130 2263 1172 et
2310 1130 2523 1188 gustus,
2570 1136 2597 1171 a
2636 1120 2795 1172 malis
2855 1121 3142 1182 custodia;
3188 1117 3528 1170 incessabilis

1960 1210 2284 1278 psalmodia,
2326 1210 2519 1278 vigiliae
2563 1212 2765 1275 multae,
2799 1211 2947 1263 humi
2980 1210 3220 1271 cubatio,
3262 1209 3528 1276 xeropha-

1962 1300 2070 1370 gia,
2108 1315 2309 1370 corpus
2352 1301 2586 1364 illolum,
2614 1318 2734 1355 cum
2772 1303 3091 1356 mulieribus
3138 1302 3411 1356 eunvivari
3446 1301 3527 1353 vel

1963 1393 2184 1446 omnino
2217 1404 2397 1447 tenere
2436 1395 2730 1447 amicitiam
2773 1396 2953 1463 regula
2992 1393 3274 1447 monachis
3301 1407 3526 1461 prorsus

1963 1484 2257 1551 interdicit,
2321 1487 2518 1540 nedum
2578 1487 2945 1556 frequentare,
2980 1490 3062 1541 vel
3125 1488 3228 1540 iter
3281 1503 3401 1541 cum
3449 1486 3528 1539 eis

1965 1592 2147 1646 agere,
2189 1594 2495 1648 puerosque
2518 1580 2659 1647 apud
2696 1595 2754 1633 se
2791 1580 3136 1632 introducere
3178 1587 3271 1631 ant
3302 1578 3527 1631 omnino

1965 1670 2193 1738 singulis
2225 1685 2346 1723 cum
2382 1671 2612 1739 singulis
2661 1671 2894 1729 sociari,
2948 1670 3337 1731 contradicere,
3400 1685 3529 1721 con-

1969 1760 2152 1814 viciari
2186 1760 2265 1815 vel
2315 1762 2563 1815 censuris
2619 1761 2883 1815 lacessere
2918 1762 3246 1829 quibuslibet
3281 1762 3528 1814 lldelibus

1972 1838 2187 1907 velatur
2220 1870 2233 1906 :
2278 1863 2485 1922 quanto
2522 1855 2694 1922 magis
2732 1851 2884 1908 illis?
2929 1855 3125 1908 Jurare
3166 1855 3251 1908 vel
3285 1856 3531 1923 pejerare

1969 1943 2129 2009 plane
2160 1944 2499 2011 prohibetur.
2564 1946 2785 2014 Argenti
2831 1946 2912 1999 rel
2956 1947 3037 1999 sui
3090 1956 3358 1999 amantem
3412 1960 3534 1999 esse

1970 2034 2295 2087 monachum
2358 2050 2463 2087 non
2538 2036 2684 2087 licet.
2756 2036 2863 2091 Sed
2920 2038 3107 2105 utquid
3175 2036 3532 2092 discurrendo

1971 2134 2185 2194 tempus
2212 2127 2574 2181 consumam?
2606 2126 2661 2181 Si
2710 2144 2933 2197 regnum
2971 2131 3233 2183 caelorum
3290 2129 3537 2183 obtinere

1968 2218 2152 2285 cupis,
2183 2218 2251 2271 ab
2271 2220 2525 2276 omnibus
2558 2222 2715 2275 malis
2746 2221 2977 2282 abstine,
3007 2230 3057 2275 et
3089 2222 3305 2275 cunctis
3336 2222 3536 2277 inhaere

1969 2306 2146 2362 bonis.
2198 2306 2433 2364 Prorsus
2494 2311 2635 2364 enim
2687 2320 2773 2365 est
2818 2310 3029 2365 dimcile
3072 2310 3154 2365 vel
3206 2312 3537 2379 impossibile

1970 2399 2262 2467 voluptatis
2293 2408 2384 2455 aut
2416 2402 2599 2471 gloriae
2646 2402 2902 2471 cupidum
2936 2419 3117 2457 veram
3154 2412 3538 2475 ‘mtcrnamque

1973 2486 2134 2539 vitam
2161 2488 2413 2557 adipisci.

2044 2668 2247 2727 ’λαως
2309 2672 2524 2742 quidem
2557 2690 2619 2730 ex
2682 2676 2869 2731 multis
2921 2691 3094 2746 pauca
3151 2678 3245 2732 tibi
3294 2680 3537 2748 scripsi:

1947 2742 2089 2816 'scis
2113 2762 2259 2817 enim
2298 2780 2471 2820 meam
2506 2768 2930 2836 simplicitatem.
2980 2770 3247 2825 Praeterea
3279 2775 3342 2825 ad
3392 2775 3539 2828 aliud

1982 2852 2232 2921 impellor
2268 2859 2650 2923 propositum,
2717 2859 3113 2929 aliquantisper
3167 2862 3543 2919 demonstrare
3626 2874 3635 2883 '

1973 2944 2245 3009 quomodo
2265 2946 2429 2999 vitam
2457 2948 2742 3003 instituere
2760 2950 2981 3014 debeas,
3007 2952 3185 3021 quoad
3216 2955 3539 3019 orationem,

1974 3035 2429 3100 temperantiam,
2468 3052 2768 3106 verumque
2821 3039 3111 3108 jejunium,
3171 3051 3333 3113 atque
3378 3046 3539 3099 etiam

1894 3156 1939 3217 Ο
1971 3123 2214 3190 quolibet
2272 3132 2516 3194 tempore
2550 3128 2978 3195 observantiam,
3011 3132 3229 3189 initium
3272 3139 3544 3191 sermonm

1973 3228 2135 3269 orsus
2167 3216 2234 3269 de
2263 3216 2533 3285 principio
2572 3220 2924 3289 obligationis
2952 3239 2967 3276 :
2994 3226 3139 3277 unde
3175 3234 3227 3279 te
3267 3243 3450 3280 curam
3488 3231 3545 3285 in

1971 3300 2408 3374 jejunioponere
2449 3316 2683 3375 oportet,
2706 3324 2815 3363 non
2850 3311 2916 3365 de
2961 3304 3083 3366 boc’
3108 3313 3319 3382 jejunio
3352 3315 3544 3386 loquor

1976 3399 2208 3454 duarum
2261 3404 2498 3471 dierum,
2546 3416 2740 3477 quarta
2778 3420 2830 3462 et
2880 3425 3195 3479 parasceve,
3242 3424 3300 3467 ut
3354 3415 3547 3471 Patres

1975 3485 2250 3552 dicebant,
2312 3492 2556 3559 piscibus
2607 3495 2994 3551 abstinendum
3042 3516 3164 3554 esse
3203 3502 3434 3572 oleoque
3484 3521 3551 3557 ac

1977 3576 2126 3643 vino,
2155 3583 2539 3653 xerOpbagiam
2591 3586 2973 3653 permittentes
3004 3597 3171 3644 semel
3225 3592 3290 3647 ad
3325 3610 3548 3650 nonam.
3588 3596 3591 3599 “

1977 3668 2058 3723 Tu
2084 3680 2278 3737 tamen,
2311 3682 2367 3726 ut
2410 3675 2633 3741 debilis,
2669 3690 2843 3745 pauco
2894 3680 3022 3732 vino
3075 3684 3265 3737 uteris.
3317 3684 3371 3736 Si
3421 3702 3548 3739 vero

1977 3760 2136 3816 istius
2170 3764 2291 3817 usui
2355 3773 2507 3833 potes
2562 3769 2895 3832 renuntiare,
2930 3772 3188 3839 majorem
3240 3774 3547 3841 utilitatem,

1980 3862 2198 3908 servato
2236 3868 2543 3927 praecepto,
2581 3862 2871 3931 percipies.
2911 3863 3027 3919 Divi
3060 3866 3202 3920 enim
3235 3870 3465 3937 apostoli
3498 3874 3550 3925 in

1982 3943 2101 3998 istis
2152 3945 2364 4011 diebus,
2400 3958 2453 4002 et
2485 3958 2607 4018 post
2662 3953 2809 4019 ipsos
2850 3954 3183 4010 sanctissimi
3221 3957 3433 4023 Patres,
3494 3962 3551 4015 in

1983 4036 2086 4092 hoc
2147 4053 2400 4109 magnam
2459 4044 2945 4117 venerandamque
3036 4050 3420 4117 perfectionem
3483 4060 3575 4125 si-~

1983 4135 2153 4193 stunt,
2187 4132 2303 4186 solo
2341 4147 2480 4202 pane
2520 4150 2646 4190 cum
2702 4137 2819 4193 sale
2879 4140 3353 4213 leguminibusqne
3390 4151 3551 4209 vesci.

1986 4220 2239 4277 simiziter
2270 4239 2368 4293 pro
2396 4234 2524 4294 potu
2585 4228 2756 4283 solam
2805 4245 3003 4298 aquam
3040 4232 3262 4296 habere,
3296 4235 3398 4289 nisi
3431 4240 3556 4307 quis

1986 4322 2205 4381 propter
2244 4315 2573 4371 debilitatem
2627 4333 2734 4371 non
2780 4321 2985 4385 valeat;
3037 4321 3125 4376 hic
3179 4325 3323 4377 enim
3380 4338 3556 4393 pauco

1987 4400 2112 4455 vino
2152 4414 2373 4472 propter
2421 4405 2792 4460 inﬁrmitatem
2828 4417 3037 4463 utatur.
3091 4404 3318 4467 (laeteris
3349 4422 3552 4478 autem,

306 4493 430 4547 Τῶν
460 4494 518 4546 δὲ
548 4493 771 4558 λοιπῶν,
798 4494 871 4556 ὡς
892 4493 1165 4563 γέγραφα,
1190 4494 1432 4566 ἀπόσχου
1456 4494 1687 4566 πάμπαν
1715 4496 1871 4560 ὅλως,

1983 4501 2041 4546 ut
2064 4496 2281 4563 scripsi,
2313 4513 2543 4566 prorsus
2574 4501 2879 4575 abstineas,
2911 4504 3013 4556 nisi
3051 4520 3157 4573 qua
3184 4506 3431 4561 debilitas
3465 4519 3559 4561 aut

307 4585 358 4636 εί
388 4584 466 4655 μή
503 4582 605 4636 πού
636 4600 721 4647 τις
762 4583 1016 4639 ἀσθένεια
1049 4586 1331 4658 ἢάφορμὴ
1370 4588 1609 4652 ἐπέλθοι,
1643 4588 1759 4643 ἀλλ’
1786 4587 1879 4642 οὖν

306 4677 342 4746 ἡ
374 4677 473 4744 οὐχ
517 4675 590 4736 ὡς
622 4674 836 4745 ἔτυχεν,
882 4676 997 4729 ἀλλ’
1049 4677 1322 4745 ἀναγκαία
1354 4679 1520 4732 πάνυ.
1566 4679 1678 4733 Καὶ
1704 4679 1879 4733 ταῦτα

309 4769 566 4837 γέγραφα
594 4767 782 4829 ἁπλῶς
815 4768 945 4835 περὶ
977 4768 1173 4831 παντὸς
1205 4770 1301 4821 τοῦ
1331 4770 1547 4841 χρόνου.
1575 4770 1724 4842 Αὕτη
1756 4770 1812 4823 δὲ
1844 4772 1879 4841 ἡ

309 4858 573 4929 ἀκρίϐεια
604 4858 714 4912 τῶν
763 4860 1027 4928 νηστειῶν
1073 4860 1140 4930 ἢν
1186 4861 1405 4931 γράφω,
1435 4862 1495 4915 ού
1544 4862 1681 4933 πρὸς
1734 4864 1882 4933 ἡμᾶς

311 4954 441 5013 τοὺς
493 4952 763 5022 μοναχοὺς
818 4954 1267 5024 ὲγράφησανκαὶ
1326 4955 1508 5025 μόνον,
1559 4956 1692 5008 ἀλλά
1748 4957 1884 5028 πρὸς

313 5042 528 5104 πάντας
547 5045 675 5106 τοὺς
702 5044 929 5106 πιστοὺς
954 5046 1046 5097 καὶ
1079 5045 1317 5117 Χριστοῦ
1342 5046 1439 5117 τῆς
1470 5046 1709 5116 μερίδος.
1741 5046 1884 5111 Πρὸς

314 5136 466 5205 ἡμᾶς
494 5134 551 5186 δὲ
589 5136 716 5199 τοὺς
745 5140 1014 5207 μοναχοὺς
1048 5140 1095 5192 οί
1122 5141 1268 5205 ἆγιοι
1300 5139 1541 5206 Πατέρες
1576 5137 1887 5207 μονοσιτίαν

314 5226 617 5295 γράφουσιν
657 5226 804 5296 ἔχειν
834 5229 892 5280 τὸ
928 5230 1050 5283 καθ’
1080 5232 1317 5301 ἡμέραν,
1356 5229 1609 5282 Σάὸὅατα
1642 5230 1739 5280 καὶ
1775 5208 1889 5281 Κυ-

319 5322 484 5389 ριακῇ
508 5317 603 5371 τοῦ
632 5319 705 5389 μὴ
734 5321 1015 5391 νηστεύειν
1045 5324 1202 5387 ὅλως.
1234 5324 1348 5375 Νῦν
1382 5318 1475 5375 οὖν
1502 5322 1686 5374 λοιπὸν
1708 5320 1887 5391 ἀπάρ-

320 5410 481 5481 ξομαι
512 5412 607 5464 τοῦ
645 5414 879 5481 γράφειν
908 5410 1009 5468 ὧδε
1048 5416 1231 5469 πάλιν.

391 5502 462 5574 η’.
497 5505 607 5568 Τὰς
639 5505 833 5589 ἑορτάς
870 5507 935 5569 δις
968 5509 1199 5578 λέγομεν
1228 5508 1561 5571 Δεσποτικάς
1607 5508 1656 5560 oi
1695 5506 1893 5569 πάντες
1940 5488 1943 5489 ν

322 5595 417 5645 καὶ
448 5590 647 5664 λύομεν
680 5597 740 5648 ὲν
777 5597 947 5649 ἅπασι
984 5600 1061 5661 είς
1110 5598 1312 5668 βρῶσίν
1346 5616 1403 5651 τε
1441 5600 1535 5651 καὶ
1570 5598 1749 5651 πόσιν.
1784 5597 1894 5649 Καὶ

324 5686 664 5753 προ-τιθέσθω
716 5691 981 5760 πρότερον
1028 5691 1285 5762 γέννησις
1331 5692 1429 5761 τῆς
1482 5691 1759 5761 Παρθένου
1800 5695 1895 5742 καὶ

323 5779 583 5831 Θεοτόκου
616 5779 829 5849 ἀλὲηθῶς
858 5781 955 5850 τῆς
976 5784 1251 5850 πανάγνον
1276 5783 1569 5857 Δεσποίνης
1590 5798 1604 5813 ο
1638 5781 1896 5847 ὡσαύτως

1981 4583 2085 4637 alia
2114 4600 2304 4653 causa,
2347 4604 2456 4642 non
2502 4602 2678 4644 autem
2716 4592 3133 4663 qualiscunque,
3188 4596 3281 4649 sed
3328 4599 3555 4650 omnino

1983 4679 2311 4743 necessaria,
2350 4683 2721 4750 superveniat.
2759 4682 2887 4739 Haec
2915 4694 3095 4738 autem
3139 4686 3295 4754 plane
3324 4688 3389 4740 de
3420 4704 3559 4757 quo-

1984 4769 2114 4823 libet
2134 4779 2378 4839 tempore
2415 4774 2627 4843 scripsi.
2655 4774 2760 4829 Ista
2794 4792 2915 4830 vero
2935 4776 3268 4843 jejuniornm
3294 4780 3558 4847 perfectio

1986 4861 2052 4914 de
2072 4858 2173 4931 qua
2196 4863 2409 4932 loquor,
2443 4880 2546 4917 non
2582 4866 2645 4918 ad
2666 4882 2763 4919 nos
2782 4877 2987 4920 tantum
3005 4869 3303 4922 monachos
3332 4870 3556 4931 directa,

1988 4960 2075 5004 est
2115 4952 2209 5006 sed
2237 4954 2303 5007 ad
2330 4968 2522 5007 omnes
2551 4955 2752 5008 Christi
2783 4955 2987 5031 ﬁdeles.
3016 4957 3125 5011 Nos
3156 4968 3333 5011 autem
3374 4975 3565 5014 mena-

1994 5039 2130 5095 chos
2170 5042 2342 5096 sancti
2379 5044 2565 5097 Patres
2594 5044 2840 5099 scribunt
2899 5061 3062 5099 unam
3111 5047 3306 5101 habere
3350 5062 3561 5103 comam

1993 5134 2259 5200 quotidie,
2281 5149 2385 5188 non
2405 5134 2629 5190 Sautem
2660 5139 2871 5192 abbatis
2899 5147 2953 5192 et
2984 5136 3262 5193 Dominiea
3288 5138 3557 5209 jejunare.

1992 5226 2196 5279 Caetera
2227 5241 2371 5281 nunc
2398 5227 2648 5297 incipiam
2679 5229 2954 5284 memoria:
2984 5230 3214 5285 tradere.

2066 5505 2117 5557 8.
2152 5503 2494 5559 Festivitates
2530 5518 2669 5573 quas
2717 5519 2975 5559 vocamus
2994 5504 3324 5569 Dominieas,
3353 5518 3567 5573 semper

1998 5599 2063 5653 ad
2084 5614 2236 5653 esum
2304 5606 2357 5653 et
2395 5606 2582 5668 potum
2630 5598 2895 5653 habemus
2941 5598 3170 5651 solutas.
3210 5595 3566 5665 Prmpmiatur

1999 5692 2176 5763 primo
2209 5687 2476 5743 Nativitas
2507 5687 2749 5761 Virginis
2776 5698 2829 5743 et
2882 5704 3010 5742 vere
3045 5687 3308 5758 Deiparze,
3334 5691 3568 5743 sanctis-

2002 5785 2153 5841 sima:
2188 5780 2468 5849 Dentium;
2503 5782 2750 5838 similiter
2780 5782 2926 5836 illius
2962 5782 3028 5835 ad
3061 5782 3321 5843 templum
3358 5781 3568 5835 Domini
