4010 6474
200 361 298 425 401

1426 363 1525 424 DE
1563 362 1742 427 VITA
1778 357 2244 423 MONASTICA.

3336 353 3446 410 402

206 485 331 537 μου.
372 471 606 533 Ἐκεῖνος
637 471 746 539 γὰρ
776 469 1077 539 ιφθέγξατο
1105 471 1183 535 εἰς
1209 471 1306 526 ἕνα
1331 471 1536 526 τούτων
1558 473 1732 534 οὕτως
1758 486 1772 501 ·

1880 472 1944 528 ad
2006 472 2236 528 istorum
2291 481 2462 524 unum
2523 465 2798 521 clamabat
2839 480 2854 520 :
2889 461 3195 520 Venerandi
3250 459 3443 531 jejunii

202 560 264 612 El
318 562 414 614 καὶ
445 559 724 631 παρῆλθεν
763 563 792 614 ό
833 563 1022 632 καιρὸς
1050 564 1150 630 τῆς
1196 562 1466 633 παντίμου
1495 564 1769 635 νηστείας,

197 649 316 702 ἀλλ’
344 651 377 718 ἡ
420 649 589 717 αὐτῆς
623 642 862 717 ὠφέλεια
894 650 952 702 ὲν
982 651 1115 719 ἡμῖν
1143 650 1231 704 ἀεὶ
1259 648 1433 703 ἔστω·
1457 649 1584 703 ὅθεν
1614 648 1772 718 κάγώ

201 757 283 792 σοι
317 739 600 811 παραινῶν
627 734 730 794 ὧδέ
774 759 890 804 πως
924 744 1140 812 γράφω·
1170 743 1232 794 Εί
1263 743 1403 810 τάχα
1435 744 1530 796 καὶ
1565 743 1773 812 παρῆλ-

199 829 292 882 θεν
322 832 350 883 ὁ
395 831 494 899 τῆς
526 832 782 901 νηστείας
817 832 1028 902 χρόνος,
1060 832 1198 886 ἀλλὰ
1223 833 1320 904 τῆς
1355 834 1681 904 ἐγκρατείας
1709 851 1773 901 γε

196 920 554 990 παρέδραμεν
593 920 702 972 οὐδ’
729 915 887 986 ὅλως,
935 921 1031 974 καὶ
1059 921 1141 974 δεῖ
1182 939 1240 975 σε
1278 922 1486 993 ταύτην
1515 923 1775 991 ἀσφαλῶς

194 1010 272 1072 ὼς
293 1009 509 1078 τιθηνὸν
539 1009 786 1081 κατέχειν
807 1025 822 1040 ·
867 1013 971 1064 κᾶν
1000 1012 1183 1086 διέλθῃ
1219 1013 1251 1083 ἡ
1302 1014 1543 1084 ἑϐδομὰς
1567 1015 1668 1083 τῆς
1695 1013 1769 1067 δι’

157 1101 554 1170 ,ἀκινησίμοψ
607 1103 1052 1171 μονοπροσὼπως
1101 1105 1339 1173 φύλαττε
1387 1106 1621 1177 τετράδα
1676 1107 1772 1159 καὶ

197 1191 302 1262 τὴν
336 1191 522 1260 ἕκτην.
555 1192 738 1262 Τυροῦ
768 1193 978 1263 ἀπέχου
1007 1195 1102 1248 καὶ
1133 1195 1271 1262 ὠοῦ,
1302 1198 1399 1251 καὶ
1426 1198 1536 1250 τῶν
1566 1197 1772 1252 λοιπῶν

203 1283 429 1352 μηκέτι,
489 1281 605 1335 ἀλλ’
656 1282 748 1335 ἔσο
803 1283 898 1337 νῦν
949 1284 1239 1355 ἐλεύθερος
1273 1288 1339 1339 ἐν
1379 1285 1607 1349 ταύταις
1649 1287 1771 1349 ταῖς

198 1376 468 1446 ἡμέραις·
499 1375 727 1444 νηστεία
755 1375 865 1443 γάρ
895 1376 955 1460 (ςῦ
1003 1375 1313 1446 γέγραπται
1351 1376 1486 1452 οὐδὲ.
1520 1377 1773 1445 γονυκλι-

199 1468 319 1520 σία·
360 1466 570 1529 ταύτας
604 1467 714 1537 γὰρ
746 1468 845 1530 τάς
880 1469 1295 1537 πεντήκοντα,οἱ
1343 1467 1491 1538 ἅγιοι
1526 1469 1774 1539 Πατέρες

196 1558 626 1622 ἀνακυκλῶντες
690 1557 900 1627 ἔφησαν
962 1557 1176 1628 ἡμέραν
1236 1555 1375 1611 εἶναι
1438 1558 1585 1629 μίαν.
1635 1559 1772 1629 Περὶ

196 1651 404 1705 τούτων
445 1652 504 1706 δὲ
547 1651 735 1706 λοιπὸν
786 1652 1086 1720 ἀρκέσθητι
1133 1649 1386 1705 ἐνταῦθα.
1445 1653 1620 1719 ’Δγὼν
1664 1653 1772 1723 γάρ

199 1759 292 1811 μοι
319 1741 595 1796 ἐπίκειται
629 1742 790 1796 πάλιν
834 1740 1084 1794 ἐντεῦθεν
1119 1741 1299 1809 ἄλλος,
1330 1745 1387 1796 ai
1421 1743 1517 1795 δύο
1561 1744 1773 1795 Τεσσα-

198 1831 464 1898 ρακοσταὶ
496 1830 937 1899 κατελείφθησαν
990 1828 1163 1893 οὕτως
1185 1849 1198 1861 ο
1254 1832 1456 1899 μᾶλλον
1486 1832 1582 1885 καὶ
1613 1835 1646 1903 η
1680 1831 1773 1884 τὸν

195 1918 494 1986 αὕγουστον
523 1918 824 1988 τελουμένη
848 1920 1094 1988 νηστεία,
1124 1921 1190 1990 ἢν
1221 1921 1405 1975 πολλοὶ
1437 1923 1770 1991 ἁϐροδίαιτοι

194 2010 544 2062 διαϐάλλουσι
567 2010 800 2078 πάμπαν
833 2026 845 2040 ·
883 2013 980 2063 καὶ
1010 2029 1073 2062 πε
1085 2013 1137 2081 pl.
1163 2014 1374 2067 τούτων
1395 2015 1478 2068 δεῖ
1496 2018 1772 2081 εἰπεῖν’ὡς

194 2103 419 2156 δυνατὸν
469 2102 740 2171 ὑπάρχει·
791 2102 885 2155 καὶ
941 2090 1206 2174 πρότερον
1250 2106 1586 2177 δηλώσωμεν
1641 2111 1771 2179 περὶ

175 2195 306 2247 τῶν
352 2195 591 2264 Χριστοῦ
637 2194 863 2263 γεννῶν.
899 2196 1207 2265 Παράδοσιν
1256 2197 1525 2269 ἐλάϐομεν
1570 2201 1636 2252 ὲκ
1663 2201 1770 2255 τῶν

194 2285 434 2340 ἔκπαλαι
499 2287 708 2356 χρόνων
748 2288 805 2338 ὲν
838 2287 1009 2358 ταύτῃ
1058 2291 1121 2358 τῇ
1161 2294 1578 2362 τεσσαρακοστῇ
1614 2308 1773 2361 μονοο

193 2381 374 2435 σιτίαν
429 2380 597 2451 ἔχειν,
641 2382 756 2434 ἀλλ’
804 2382 914 2434 οὐδ’
969 2381 1167 2451 ίχθύων
1223 2384 1496 2439 ἅπτεσθαι
1543 2388 1600 2439 ἐν
1651 2389 1771 2450 ταῖς

190 2472 376 2544 τρισὶν
401 2472 662 2542 ἡμέραις,
697 2471 981 2538 δευτέραν,
1015 2461 1230 2541 τρίτην.
1265 2471 1425 2540 Λέγω
1445 2473 1508 2545 δὴ
1546 2475 1644 2527 σὺν
1675 2477 1772 2528 αὖ-

193 2569 310 2627 ταῖς
333 2565 430 2616 καὶ
455 2563 561 2632 ’τὴν
587 2569 646 2626 ε’,
674 2561 908 2629 τετράδα
932 2562 1025 2614 καὶ
1054 2562 1434 2632 παρασκευὴν,
1458 2565 1557 2625 οὐκ
1589 2564 1769 2618 ἔλαιον

193 2655 293 2711 οὐκ
318 2669 461 2708 οινον
487 2654 754 2724 Σαϐϐάτῳ
785 2655 880 2707 καὶ
917 2653 1165 2724 κυριακῇ
1199 2653 1501 2723 λαμϐάνειν
1531 2643 1766 2719 πάντως.

196 2749 306 2801 Καὶ
339 2747 458 2811 ἃλις
491 2745 591 2817 μὶν
631 2749 760 2816 περὶ
802 2745 972 2816 αὐτῆς
999 2759 1012 2774 ·
1044 2744 1105 2797 οὗ
1139 2745 1248 2816 γὰρ
1288 2746 1373 2799 δεῖ
1419 2745 1581 2799 πλέον
1631 2747 1771 2817 γρά-

195 2857 340 2910 φειν.

266 2930 361 2989 ια’.
411 2932 650 3003 ’Δνάγκη
681 2932 860 2985 τοίνυν
877 2930 1108 2984 διελθεῖν
1140 2930 1268 3002 περὶ
1292 2931 1401 2983 τῶν
1418 2930 1767 2984 τελευταίων.

198 3024 465 3095 Συνήθεια
508 3023 856 3094 κεκράτηκεν
887 3024 943 3074 ἐν
973 3024 1095 3085 ταῖς
1129 3012 1408 3091 νηστείαις
1438 3021 1666 3088 ταύταις
1689 3023 1770 3085 δὶς

195 3117 296 3185 τῆς
339 3115 556 3186 ἡμέρας
603 3115 826 3182 ἐσθίειν,
868 3115 969 3168 οὒκ
1001 3111 1099 3168 οἷδ’
1133 3113 1671 3184 ὃθενλαμϐάνοντες,
1694 3111 1774 3168 oi-

203 3225 299 3276 μαι
317 3208 374 3260 δὲ
402 3207 490 3260 διὰ
510 3205 602 3259 τὸν
633 3206 824 3275 καιρὸν
855 3205 986 3258 ὄντα
1003 3204 1256 3275 καυσώδη
1277 3205 1419 3260 τότε.
1459 3205 1599 3259 Ἀλλ’
1616 3207 1679 3258 οὐ
1705 3209 1768 3277 τῇ

202 3300 462 3371 συνηθείᾳ
482 3300 884 3370 δεῖπροσέχειν
913 3299 1060 3368 ἡμᾶς
1089 3298 1246 3363 ὅλως,
1291 3299 1410 3352 οὐδὲ
1439 3300 1502 3352 τὸ
1534 3300 1648 3364 πῶς
1676 3299 1769 3354 καὶ

201 3395 283 3447 διὰ
310 3394 361 3446 τί
388 3395 692 3462 πράττεται
718 3393 838 3444 τόδε
863 3391 1063 3457 >έγειν,
1091 3390 1205 3450 ἀλλ’
1233 3392 1463 3462 ἐρευνᾷν
1492 3394 1587 3446 καὶ
1616 3394 1768 3464 ἀκρι-

202 3484 325 3537 ϐοῦν
373 3483 499 3546 τοὺς
533 3483 724 3550 λόγους
779 3481 886 3535 τῶν
928 3483 1190 3551 Πατέρων
1228 3480 1326 3536 καὶ
1362 3484 1488 3546 τοὺς
1527 3488 1771 3548 κανόνας

202 3576 301 3628 τῶν
361 3575 546 3644 σοφῶν
583 3577 677 3628 καὶ
732 3573 894 3626 θείων
921 3572 1258 3638 ἀποστόλων,
1313 3574 1379 3626 δι’
1406 3568 1498 3627 ’ὧν
1539 3577 1634 3629 καὶ
1681 3576 1773 3628 τὸν

205 3665 467 3734 ἡμέτερον
495 3664 669 3727 οὕτως
703 3664 815 3733 βίον
846 3662 1153 3734 ῥυθμίζειν.
1183 3663 1373 3733 Ὅμως
1403 3665 1453 3717 εί
1482 3664 1580 3735 τὴν
1614 3665 1776 3735 ἀκρί-

203 3757 349 3808 ϐειαν
401 3757 495 3807 καὶ
551 3755 758 3807 τούτων
809 3755 955 3823 ἔχειν
1006 3753 1200 3818 θέλεις,
1253 3755 1490 3824 ζήτησον
1547 3753 1775 3808 δπισθεν

208 3845 399 3914 μικρὸν
427 3845 486 3896 ἐν
516 3846 582 3913 τῇ
633 3844 742 3896 τῶν
779 3843 1018 3913 Χριστοῦ
1046 3843 1275 3912 γεννῶν,
1317 3845 1478 3898 κάκεῖ
1522 3845 1777 3916 εὑρήσεις

204 3935 231 3986 δ
264 3938 469 4006 ζητεῖς,
505 3935 600 3988 κὰὶ
637 3937 775 4004 ὅπερ
809 3934 1010 4003 βούλει,
1043 3937 1276 4004 πρᾶττε.

275 4034 358 4103 ιβ’.
403 4021 668 4086 Ἐνταῦθα
707 4031 1016 4101 ἐϐουλόμην
1049 4029 1144 4083 νῦν
1177 4028 1533 4084 καταπαῦσαι
1563 4031 1654 4083 τὸν
1686 4031 1773 4083 λό-
1833 4055 1843 4064 ·

206 4142 317 4192 γον,
349 4126 484 4179 ἀλλὰ
511 4125 602 4194 βία
639 4142 730 4194 μοι
763 4123 1028 4192 πρόσεστι
1063 4123 1236 4191 μικρά
1277 4140 1399 4176 τινα
1431 4121 1772 4192 προσθεῖναι.

205 4220 423 4271 Δὲδοικα
457 4219 516 4272 δὲ
570 4217 646 4286 μὴ
682 4217 940 4286 φορτικὸς
991 4215 1251 4285 φανῶμαί
1299 4230 1382 4268 σοι
1419 4218 1477 4267 ὲν
1521 4214 1771 4276 τούτοις·

207 4310 552 4379 γονυκλισίας
582 4310 661 4362 δεῖ
688 4311 866 4363 ποιεῖν
898 4309 1077 4363 πάντα
1111 4307 1202 4360 τὸν
1235 4308 1428 4377 χρόνον
1450 4307 1591 4372 ὅλον,
1626 4307 1674 4359 εί
1702 4308 1774 4378 μή

210 4419 310 4455 που
342 4404 492 4474 τύχοι
527 4405 688 4473 ἑορτὴ
721 4403 977 4471 νηστείας
1006 4401 1081 4471 μὴ
1129 4399 1414 4470 παρούσης
1448 4401 1507 4452 ὲν
1608 4401 1777 4468 ἀργία

1875 574 2086 630 tempus
2113 562 2215 618 etsi
2237 558 2520 632 prmteriit,
2553 557 2700 613 illius
2738 557 2944 612 utilitas
2965 555 3018 609 in
3042 553 3203 608 nobis
3225 567 3444 623 semper

1873 663 2111 710 maneat.
2139 653 2291 709 Unde
2307 661 2362 708 et
2380 667 2480 724 ego
2509 649 2762 727 similiter
2783 649 3079 704 adhortans
3101 645 3195 702 tibi
3224 648 3401 702 scribo
3428 665 3440 700 :

1874 749 1920 802 si
1979 744 2117 800 forte
2151 745 2416 814 praeteriit
2474 741 2676 814 Μυηῆ
2732 747 2984 809 tempus,
3043 748 3282 794 attamen
3335 743 3443 790 non

1874 837 2103 891 omnino
2129 834 2500 906 temperantia
2529 831 2750 888 transiit
2805 847 2819 886 :
2866 831 3008 885 hanc
3037 839 3089 884 te
3135 842 3350 897 semper
3388 837 3449 881 ut

1875 927 2140 982 nutricem
2199 933 2418 996 oportet
2465 936 2811 979 conservare.
2865 920 2981 975 Etsi
3065 919 3199 973 abiit
3234 917 3446 972 hebdo-

1875 1017 2034 1072 mada
2074 1017 2266 1087 jejuuii
2310 1016 2364 1070 in
2403 1014 2661 1071 absoluto
2715 1013 2830 1068 otio
2875 1009 3238 1066 nihilominus
3285 1022 3446 1080 quar-

1877 1115 1983 1160 tam
2050 1115 2103 1160 et
2157 1113 2364 1160 sextam
2419 1105 2565 1162 diem
2611 1101 2825 1160 custodi
2872 1119 2887 1155 :
2958 1115 2989 1153 a
3044 1112 3204 1154 caseo
3245 1105 3450 1179 erovo

1875 1199 2106 1263 abstine,
2133 1211 2231 1252 nec
2265 1205 2445 1253 tamen
2492 1210 2522 1252 ι
2549 1196 2798 1262 ceteris;
2830 1208 2952 1248 nam
3012 1192 3066 1247 in
3094 1264 3099 1269 1
3124 1190 3210 1246 his
3257 1188 3450 1244 diebus

1875 1290 2011 1345 liber
2065 1299 2206 1344 esto.
2262 1289 2378 1343 Non
2461 1289 2606 1343 enim
2667 1285 2936 1357 jejunium
2994 1299 3090 1337 nec
3148 1279 3451 1351 genuﬂexio

1875 1382 2245 1452 praescribitur
2282 1397 2296 1435 :
2339 1380 2460 1436 illas
2521 1379 2666 1434 enim
2719 1373 3278 1447 quinquaginta'dies
3306 1410 3321 1434 ,
3396 1370 3474 1428 in.

1876 1474 2063 1528 orbem
2115 1472 2476 1535 reducentes,
2509 1470 2685 1525 sancti
2741 1465 2929 1524 Patres
2981 1483 3145 1522 unam
3201 1463 3432 1519 dixerim

1874 1551 1997 1621 esse
2021 1565 2163 1620 diem
2204 1581 2218 1619 ε
2255 1573 2512 1620 caeterum
2567 1577 2733 1634 super
2762 1561 2848 1617 his
2878 1561 3012 1616 satis
3029 1561 3142 1628 jam
3182 1558 3446 1613 diximus.

1876 1642 2035 1714 Aliud
2074 1659 2218 1714 enim
2245 1657 2585 1728 propositum
2631 1671 2717 1710 me
2749 1663 2951 1716 manet,
2989 1654 3110 1707 dua:
3138 1650 3454 1722 Quadrage-

1877 1747 2029 1800 sima:
2063 1761 2184 1814 qua:
2236 1747 2316 1801 sic
2355 1743 2487 1798 mihi
2519 1742 2863 1813 superfuere,
2901 1741 3207 1809 praesertim
3267 1749 3452 1792 autem

1879 1848 2260 1896 consecratum
2293 1839 2346 1892 in
2399 1845 2633 1909 augusto
2671 1835 2966 1905 jejunium,
3001 1834 3144 1900 quod
3179 1832 3332 1884 multi
3360 1829 3456 1884 de-

1879 1932 2041 1987 licate
2091 1932 2335 1986 viventes
2388 1944 2618 2000 prorsus
2693 1927 2973 1998 rejieiunt.
3030 1927 3103 1979 De
3155 1923 3240 1977 his
3288 1921 3454 1976 etiam

1877 2020 2106 2076 faettllas
2188 2021 2534 2076 attribuenda
2588 2021 2745 2074 et‘it.‘
2803 2016 3046 2070 Primum
3128 2015 3195 2069 de
3251 2012 3453 2068 Christi

1875 2110 2161 2168 Natalibus
2187 2112 2715 2182 argumentabimur.
2755 2108 2832 2162 Ex
2872 2109 3066 2177 priscis
3113 2105 3454 2175 temporibus

1833 2187 1848 2198 ’
1877 2202 2219 2257 traditionem
2246 2202 2562 2272 accepimus
2594 2203 2652 2254 in
2687 2201 2786 2253 hac
2811 2195 3249 2265 Quadragesima
3287 2209 3454 2248 unam

1879 2291 2080 2345 habere
2107 2305 2343 2354 coenam,
2402 2292 2647 2360 piscibus
2680 2305 2786 2342 non
2822 2286 2964 2340 vesci
3001 2285 3084 2339 his
3130 2284 3307 2338 tribus
3337 2283 3455 2338 die-

1879 2382 1979 2437 bus
2009 2421 2023 2444 ,
2053 2383 2292 2437 secunda
2317 2423 2330 2444 ,
2368 2383 2528 2436 tertia
2589 2390 2643 2434 et
2695 2380 2923 2450 quinta;
2961 2378 3162 2447 quibus
3217 2375 3456 2445 adjungo

1877 2483 2152 2542 quartam,
2197 2458 2518 2541 sextamqite
2546 2473 2732 2537 diem;
2780 2470 2959 2525 oleum
3007 2477 3061 2523 et
3097 2469 3281 2523 vinum
3321 2466 3492 2521 Sab»

1877 2567 2006 2619 halo
2062 2573 2116 2619 et
2145 2564 2427 2628 Dominiea
2474 2578 2702 2633 prorsus
2767 2579 2874 2616 non
2940 2575 3178 2617 sumere.
3234 2560 3310 2615 De
3351 2561 3457 2614 hac

1880 2664 2063 2710 autem
2097 2653 2273 2710 satis:
2306 2654 2442 2708 nihil
2474 2653 2619 2708 enim
2645 2653 2759 2722 jam
2785 2651 3136 2708 scribendum
3191 2659 3379 2706 restat.

1951 2940 2042 2996 Η.
2093 2935 2331 2994 Necesse
2382 2937 2548 3008 igitur
2595 2945 2680 2991 est
2732 2936 2797 2990 ad
2839 2946 3138 2990 extremam
3203 2935 3457 2990 devenire

1889 3027 2398 3098 Quadragesimam.
2432 3027 2488 3082 In
2522 3027 2608 3082 his
2662 3025 2889 3094 jejuniis
2927 3039 3047 3078 mos
3096 3025 3328 3078 invaluit
3372 3025 3456 3078 bis

1800 3148 1842 3205 α
1881 3121 1937 3176 in
1983 3121 2073 3176 die
2132 3121 2410 3184 vescendi,
2452 3135 2615 3188 quem
2655 3121 2798 3173 unde
2853 3119 3190 3189 sumpserint
3251 3120 3456 3185 nescio,

1881 3225 2012 3286 puto
2044 3215 2173 3286 quia
2220 3225 2350 3270 tunc
2398 3222 2613 3284 tempus
2663 3213 2944 3268 fervidum
3006 3223 3109 3268 est.
3143 3211 3248 3268 Sed
3299 3215 3458 3268 nobis

1883 3321 2109 3376 prorsus
2141 3320 2248 3359 non
2296 3313 2381 3360 est
2430 3302 2820 3358 ‘eonsuetudini
2877 3301 3303 3367 attendendum,
3359 3319 3458 3355 nee

1879 3397 2156 3466 quomodo
2198 3406 2297 3450 aut-
2348 3411 2449 3449 cur
2503 3393 2646 3449 istud
2699 3401 2893 3462 agatur
2947 3391 3260 3456 dicendum,
3319 3391 3458 3447 bene

1882 3502 2010 3542 vero
2037 3486 2395 3542 scrutandum
2435 3500 2498 3540 ac
2526 3487 2943 3555 disquirenduin
2997 3485 3322 3537 documenta
3356 3484 3459 3537 Pa-

1882 3589 2049 3643 trum,
2078 3593 2285 3634 neenon
2332 3577 2640 3646 sapientum
2673 3577 3035 3643 divorumque
3077 3575 3453 3643 apostolorum

1882 3667 2364 3736 canones,quibus
2395 3667 2501 3721 vita
2550 3674 2737 3722 nostra
2780 3665 3115 3720 instituenda
3153 3675 3254 3722 est.
3304 3667 3459 3721 Atta-

1885 3777 2007 3817 men
2052 3761 2098 3816 si
2149 3762 2228 3815 vis
2277 3761 2492 3814 illorum
2543 3761 2741 3813 habere
2785 3769 3096 3814 accuratam
3157 3761 3458 3821 notionem,

1885 3853 2103 3922 require
2131 3853 2295 3920 paulo
2319 3851 2571 3920 superius
2604 3851 2657 3905 in
2691 3852 2904 3922 jejunio
2942 3852 3144 3906 Christi
3170 3853 3470 3913 natalium,~

1884 3945 2066 4014 ibique
2089 3947 2233 4015 quod
2258 3946 2457 4013 qumris
2484 3944 2748 4009 invenies,
2789 3955 2843 3999 et
2873 3946 3014 4015 quod
3052 3945 3131 3998 vis
3158 3961 3276 4015 age.

1953 4038 2040 4091 12.
2075 4036 2174 4092 Hic
2202 4037 2448 4091 volebam
2485 4037 2641 4091 [inire
2673 4039 3013 4099 sermonem,‘
3039 4038 3130 4092 sed
3160 4036 3460 4092 necem-itas

1883 4143 1969 4182 me
1989 4130 2134 4196 cogit
2169 4144 2341 4198 pauca
2407 4128 2834 4198 superadjicere.
2867 4129 3058 4182 Timeo
3100 4143 3228 4182 vero
3264 4143 3330 4182 ne
3361 4128 3456 4183 tibi

1884 4219 2070 4274 videar
2099 4219 2151 4272 itt
2179 4218 2298 4274 istis
2338 4234 2630 4273 onerosus.
2657 4219 2818 4272 Omni
2852 4206 3094 4287 tempore
3120 4217 3459 4286 genutlexio—

1873 4327 1982 4381 nes
2038 4299 2249 4379 oportet
2307 4311 2505 4376 facere,
2569 4309 2670 4365 nisi
2708 4311 3084 4379 .superxeniat
3149 4309 3456 4371 festivitas,

1887 4410 2096 4458 senmto
2115 4402 2343 4472 jejunio,
2378 4417 2483 4471 qua
2544 4405 2604 4456 tit
2648 4403 2916 4457 horarum
2954 4403 3244 4471 operisque
3275 4415 3459 4455 cessa-
3527 4417 3534 4430 ι

209 4494 409 4561 γίνεται
442 4496 563 4548 τῶν
589 4494 749 4566 ὡρῶν
785 4495 879 4548 καὶ
921 4493 1011 4546 τοῦ
1061 4492 1248 4563 ἔργου.
1281 4492 1373 4563 Μὴ
1407 4492 1655 4562 φοϐηθῇς
1686 4495 1774 4545 τὸν

1888 4497 1984 4549 tio.
2019 4495 2315 4550 Nnmerum
2366 4509 2431 4548 ne
2491 4494 2775 4558 formides,
2826 4495 3190 4562 paucissimus
3239 4500 3364 4546 est:
3405 4493 3457 4545 in

166 4607 172 4614 ·
210 4585 456 4655 ἀριθμὸν,
503 4585 783 4650 ὀλιγοστὸς
819 4585 1079 4656 ὑπάρχει.
1110 4585 1332 4636 Δώδεκα
1363 4584 1578 4653 μέλλεις
1623 4583 1776 4655 ἀριθ-

215 4679 331 4746 μεῖν
365 4680 426 4732 iv
445 4681 565 4742 ταῖς
596 4679 774 4740 λιταῖς
813 4677 1048 4748 ἡμέραις
1068 4692 1083 4707 ·
1114 4676 1211 4738 τας
1246 4675 1300 4727 δέ
1349 4693 1413 4744 γε
1441 4693 1778 4745 τεσσαρακο-

216 4768 340 4842 ora;
370 4756 631 4840 ψηφίζειν
672 4770 973 4823 δεκαπέντε
1038 4771 1096 4821 ἐν
1125 4771 1191 4838 τῇ
1223 4767 1332 4820 τῶν
1374 4768 1615 4836 Χριστοῦ
1655 4785 1778 4836 γεν-

213 4858 316 4911 νῶν
345 4863 435 4913 καὶ
479 4862 589 4914 τῶν
623 4861 717 4913 δύο
753 4861 956 4913 λοιπῶν
1004 4876 1108 4912 σοι.
1142 4859 1253 4927 Τὴν
1295 4859 1338 4910 δ’
1375 4859 1542 4928 ἄλλην
1575 4876 1776 4912 τεσσα-

219 4955 480 5020 ρακοστὴν
509 4949 578 5024 ἧς
603 4956 636 5023 η
671 4953 863 5023 κλῆσις
905 4952 1115 5020 μεγάλη
1163 4950 1544 5014 διπλασιάζειν
1572 4937 1776 5013 ταύτας

216 5060 302 5109 γε,
332 5042 488 5114 εἴπερ
521 5046 616 5098 καὶ
635 5046 737 5096 οὐκ
759 5043 1034 5107 ὀκλάζεις.
1060 5045 1121 5096 Ei
1154 5044 1209 5096 δὲ
1241 5043 1380 5112 βαρύ
1411 5059 1494 5095 σοι
1524 5042 1777 5109 φαίνεται

217 5134 309 5184 τοῦ
355 5139 665 5206 ἐκμετρεῖν,
699 5137 800 5189 κᾶν
828 5136 926 5195 τὰς
971 5135 1144 5188 είκοσι
1191 5134 1464 5205 τέσσαρας
1492 5133 1778 5204 πλήρωσον

220 5225 336 5293 δίχα
375 5229 556 5296 λόγουι.
596 5229 671 5280 Οὐ
723 5231 827 5297 μὴν
872 5227 1081 5298 διπαξῆ
1135 5228 1388 5297 δεύτερον
1426 5228 1525 5296 τῆς
1564 5227 1778 5296 ἡμέρας

221 5318 479 5382 τελέσεις·
519 5320 633 5374 ἀλλ’
671 5319 1021 5395 ὼςοὲδίδαξεν
1051 5321 1198 5389 ἡμᾶς
1232 5319 1396 5372 Δαϐὶδ
1428 5322 1455 5392 δ
1491 5318 1778 5387 θεοπάτιιιρ

224 5408 350 5460 θέον
382 5412 547 5463 αἰνεῖν
578 5412 950 5481 προτρέπεται
1001 5412 1229 5474 ἑπτάκις
1263 5412 1361 5481 τῆς
1392 5412 1622 5481 ἡμέρας.
1658 5411 1780 5478 Ψηυ

227 5498 375 5564 spica;
402 5502 492 5554 οὖν
540 5503 616 5564 ὡς
649 5505 904 5572 νουνεχὴς
951 5505 1202 5572 εὑρήσεις
1245 5504 1382 5573 ὅπερ
1432 5504 1595 5568 λέγω.
1647 5502 1779 5554 ’Λπὸ

229 5593 392 5658 φωτὸς
421 5595 756 5664 ἀπάρξομαι,
796 5598 890 5646 καὶ
921 5597 1064 5664 λήξω
1109 5599 1185 5658 εἰς
1213 5597 1272 5647 τὸ
1320 5596 1542 5656 σκότος·
1581 5594 1777 5664 ὄρθρος

230 5683 320 5736 καὶ
345 5685 523 5756 πρώτη
550 5689 708 5756 τρίτη
736 5704 792 5738 τε
823 5688 957 5758 ἕκτη
992 5693 1084 5742 καὶ
1112 5691 1298 5760 ἐνάτη,
1330 5689 1616 5759 ἐςπερινὸν
1648 5688 1779 5741 ἀπό-

230 5771 428 5830 δειπνον
460 5780 556 5834 σὺν
587 5780 662 5848 τῷ
697 5783 1055 5847 μεσονυκῖίῳ.

1883 4589 2076 4643 diebus
2129 4576 2482 4656 simplicibus
2531 4586 2820 4640 duodecim
2881 4598 3174 4638 numerare
3251 4583 3459 4647 debes,

1882 4678 2198 4749 quindecim
2252 4687 2430 4731 autem
2500 4677 2555 4730 in
2599 4676 3070 4751 Quadragesimis,
3144 4676 3196 4729 in
3249 4675 3458 4744 jejunio

1884 4771 2089 4825 Christi
2112 4769 2376 4825 natalium
2408 4778 2462 4822 et
2487 4769 2723 4822 duorum
2756 4782 2877 4839 quae
2915 4767 3011 4821 tibi
3040 4775 3354 4836 supersunt.
3402 4770 3456 4820 In

1883 4864 1989 4918 hac
2034 4872 2215 4917 autem
2261 4861 2366 4914 alia
2416 4859 2867 4928 Quadragesima,
2924 4857 3087 4925 cujus
3135 4866 3217 4910 est
3264 4871 3455 4923 magna

1881 4954 2200 5021 destinatio,
2224 4955 2348 5009 illas
2369 4953 2650 5021 duplicare
2695 4949 2883 5014 d'ebcs,
2936 4951 3036 5004 etsi
3076 4964 3180 5002 non
3225 4949 3455 5018 genibus

1882 5045 2034 5100 ﬂexis
2066 5061 2310 5100 maneas.
2352 5044 2418 5098 Et
2448 5045 2492 5098 si
2540 5044 2632 5096 tibi
2667 5043 2918 5096 videatur
2949 5041 3127 5111 gravis
3177 5051 3454 5108 computa-

1883 5139 1980 5201 tio,
2015 5153 2107 5192 eas
2156 5136 2347 5206 viginti
2383 5144 2617 5205 quatuor
2645 5133 2884 5203 azlimple
2935 5135 3050 5187 sine
3081 5134 3448 5196 haesitatione;

1881 5244 1988 5283 non
2056 5220 2241 5282 tamen
2271 5227 2436 5282 semel
2480 5235 2572 5278 aut
2623 5226 2708 5279 bis
2742 5226 2794 5278 in
2847 5226 2932 5278 die
2985 5224 3317 5292 complebis;
3356 5225 3450 5277 sed

1879 5323 2032 5390 juxta
2061 5320 2207 5390 quod
2260 5318 2579 5372 nostdoeuit
2621 5318 2876 5386 Deipater
2911 5315 3076 5368 David
3132 5317 3223 5384 qui
3278 5315 3444 5367 Deum

1883 5413 2099 5464 laudare
2135 5411 2330 5479 septies
2359 5409 2408 5462 in
2447 5410 2589 5463 diem
2626 5409 2891 5461 hortatur.
2926 5405 3192 5460 Jutlienns
3233 5415 3288 5457 ut
3323 5420 3444 5471 pru-

1883 5504 2037 5565 dens,
2083 5501 2327 5554 invenies
2384 5499 2527 5568 quod
2568 5497 2688 5551 dico
2739 5517 2752 5552 :
2800 5498 2843 5548 Α
2895 5498 3014 5549 luce
3069 5494 3347 5562 incipiam,
3397 5504 3449 5545 et

1884 5608 2181 5664 prosequar
2235 5608 2406 5662 usque
2464 5593 2528 5645 :ttl
2581 5592 2828 5644 tenebras
2868 5631 2878 5642 .
2917 5605 3109 5644 aurora
3141 5630 3154 5649 ,
3217 5601 3386 5652 prima
3431 5626 3443 5640 .

1887 5689 2063 5750 tertia,
2091 5699 2259 5751 sexta,
2304 5703 2466 5751 nona,
2496 5699 2717 5754 vespera
2757 5694 2876 5755 post
2917 5697 3124 5739 caenum
3173 5689 3222 5732 ct
3271 5679 3435 5731 mouit

1886 5795 2008 5832 IIUX.
