4176 6446
590 294 693 359 403

589 514 640 556 et
704 506 803 557 hoc
861 510 1132 574 posterius
1184 509 1491 563 elucidasse
1557 527 1641 564 me
1712 527 1779 565 uc
1820 511 2147 565 crirnincris.

588 596 751 646 Istam
788 594 1007 649 intendo
1040 598 1429 652 hebdomadam
1457 609 1581 654 ante
1599 616 1816 655 carnem
1859 601 2149 654 tollendam

582 698 748 749 qnam
812 688 1264 753 cognominamus
1338 689 1626 741 Arteiborii
1704 690 2147 743 hebdomadam:

589 774 830 843 plerique
887 794 1093 831 morem
1132 781 1369 848 jucunde
1423 782 1680 850 epulandi
1738 789 2147 845 contraxerunt,

590 868 728 918 male
758 876 1010 935 putantes
1043 863 1182 937 quod
1222 872 1480 925 mundani
1508 888 1725 926 carnem
1752 887 1985 934 sumere,
2010 872 2152 925 sicut

590 960 840 1012 monachi
880 977 1118 1025 caseum,
1155 974 1406 1030 possunt,
1458 974 1511 1017 et
1559 964 1629 1017 ita
1662 963 1941 1017 facientes.
1994 963 2049 1016 Si
2088 964 2152 1018 de

588 1050 731 1102 tribu
768 1053 983 1116 quidem
1018 1049 1399 1108 Armeniorum
1450 1056 1839 1109 descenderent
1876 1056 2154 1109 bmresim-

585 1156 690 1204 que
738 1141 1025 1196 Arteiborii
1082 1154 1372 1211 tenerent,
1427 1147 1562 1201 bene
1620 1147 1859 1200 facerent
1933 1161 2149 1199 onmem

584 1231 855 1287 solventes
915 1236 1274 1302 suspicionem
1320 1238 1461 1306 ;qui
1517 1248 1697 1291 autem
1752 1240 1817 1291 ab
1875 1239 1989 1291 avis
2025 1247 2152 1292 sunt

586 1322 769 1377 ﬁdeles
801 1324 1109 1389 orthodoxi,
1136 1326 1334 1381 frustra
1367 1329 1492 1397 quid
1526 1339 1826 1397 przetexunt
1876 1331 2150 1384 solventes

581 1415 872 1483 jejunium.
900 1416 977 1470 Illi
1017 1420 1161 1471 enim
1212 1430 1319 1472 tota
1349 1422 1683 1476 hebdomada
1723 1423 1992 1493 jejunant,
2036 1422 2151 1478 solo

585 1520 723 1572 pane
753 1522 876 1558 cum
919 1522 1056 1575 aqua
1088 1509 1310 1576 saleque
1346 1520 1630 1565 vescentes
1668 1528 1681 1564 :
1720 1528 1818 1567 nos
1860 1521 2039 1566 autem
2084 1513 2151 1565 ab

591 1598 704 1662 ipsa
756 1598 997 1651 secunda
1030 1599 1117 1652 die
1150 1600 1433 1654 solvimus.
1467 1600 1581 1655 Hoc
1620 1603 1737 1670 ipso
1764 1614 2016 1657 caeterum
2053 1618 2150 1656 nos

584 1703 707 1740 cum
740 1688 858 1742 istis
889 1704 996 1742 non
1028 1692 1432 1746 communicare
1462 1692 1800 1749 ostendimus
1826 1710 1840 1759 ;
1865 1702 1918 1749 et
1938 1693 2146 1748 frustra

585 1779 925 1843 pt'azteudunt
956 1780 1008 1832 hi
1057 1779 1449 1845 Arteiborium,

654 1965 741 2019 Μ.
784 1964 917 2019 Cum
964 1977 1142 2019 autem
1188 1982 1288 2020 nos
1343 1966 1587 2036 qumdam
1642 1971 1864 2039 parvula
1922 1971 2150 2041 quaestio

583 2058 777 2120 latuit,
830 2059 895 2111 ad
958 2074 1073 2113 eam
1156 2059 1557 2112 dilueidandarn
1624 2060 1712 2116 hic
1769 2063 1949 2116 venio.
1987 2064 2141 2118 Casei

583 2150 917 2203 hcbdomada
971 2151 1147 2204 soluta
1206 2160 1428 2217 manet,
1484 2167 1604 2205 cum
1682 2163 1873 2222 quarta
1932 2170 2144 2209 necnon

580 2251 731 2296 sexta
797 2243 906 2297 die.
976 2243 1041 2296 Et
1085 2242 1229 2297 unde
1289 2243 1430 2308 hoc,
1490 2243 1672 2298 forsan
1723 2245 1868 2300 dicet
1916 2246 2145 2314 aliquis.

584 2336 784 2389 factum
848 2345 930 2391 est
982 2338 1375 2391 manifestum?
1432 2338 1714 2403 Jacobitac,
1762 2339 1902 2391 sicut
1934 2338 2146 2399 dicunt,

583 2428 725 2478 hanc
758 2427 1152 2481 hebdomadam
1188 2438 1246 2483 ut
1276 2436 1679 2485 sacrosanctam
1716 2444 1777 2483 ac
1801 2429 2145 2497 purissimam

580 2516 877 2581 celebrant,
906 2520 1023 2572 solo
1053 2534 1193 2587 pane
1222 2530 1274 2575 et
1297 2536 1436 2590 aqua
1464 2529 1676 2575 utentes
1710 2538 1723 2573 :
1749 2509 1805 2574 et
1848 2521 1971 2575 ideo
2022 2536 2149 2576 vere

582 2611 915 2665 honerahilis
990 2610 1358 2681 Nicephorus,
1410 2612 1956 2681 Constantinopoleos
2028 2628 2146 2666 ma-

583 2717 724 2769 gnus
759 2700 1018 2769 pontifex,
1038 2703 1121 2755 his
1146 2702 1337 2757 diebus
1359 2702 1611 2764 solvendi.
1636 2702 1896 2757 canonice
1922 2702 2147 2756 tradidit

581 2812 763 2861 usum,
808 2796 887 2849 ‘ad
946 2792 1237 2848 evertenda
1273 2794 1525 2860 dogmata
1578 2793 1807 2846 duarum
1842 2792 2144 2859 haereseon,

577 2887 789 2952 Jacnbi,
850 2888 1069 2955 inquam
1106 2924 1122 2949 ,
1185 2892 1239 2939 et
1274 2883 1696 2950 Quadritarum.
1748 2882 1955 2937 Exinde
2000 2883 2148 2938 venit

582 2978 1044 3033 monasteriorum
1073 2975 1428 3042 consuetudo,
1465 2976 1615 3030 finita
1651 2976 1797 3029 nona
1836 2976 2148 3045 hymnoque

1320 302 1623 361 NICOLAI
1665 306 1770 363 Cl‘.
1808 300 2318 362 I‘ATllIARCH/E
2342 302 2437 361 DE
2469 302 2645 361 VITA
2676 303 3125 363 MONASTICA.

659 417 743 469 15.
777 415 953 470 Unum
986 433 1148 486 porro
1202 420 1417 473 tandem
1462 424 1712 491 adjiciam
1754 422 2147 485 necessarium,
2176 418 2229 477 Α

2177 1758 2224 1816 Β

2327 420 2415 486 ιγ’.
2455 422 2576 473 Ἔτι
2624 421 2919 491 προσθήσω
2950 415 3042 473 οῦν
3071 417 3256 472 λοιπὸν
3287 418 3383 471 σὺν
3411 418 3622 482 τούτοις
3647 420 3819 487 ἀναγο

2257 512 2434 573 καῖον,
2487 512 2580 562 καὶ
2629 514 2702 580 μὴ
2759 510 2997 580 μεμφθῶ
3048 511 3123 571 ὡς
3168 508 3396 578 ὕστερον
3446 508 3603 560 τοῦτο
3633 508 3819 561 διασαο

2254 602 2595 669 φήσας.’“Ἡν
2647 600 2913 669 ἑϐδομάδα
2955 600 3097 665 λέγω
3126 600 3217 652 οῦν
3249 600 3347 669 τὴν
3400 600 3506 669 πρὸ
3551 600 3647 668 τῆς
3681 602 3819 651 ἀπο-

2256 692 2439 760 κρέου,
2470 692 2569 761 τὴν
2602 693 2695 745 καὶ
2726 692 3134 760 ἐπονομάζομεν
3159 691 3257 761 τὴν
3282 690 3376 743 τοῦ
3414 691 3817 759 Ἀρτζιϐουρίου

2255 784 2573 836 οἱπλεῖστοι
2623 784 2741 845 ἔθος
2774 784 2967 837 ἔλαϐον
3004 784 3171 845 ἀδεῶς
3215 782 3505 835 καταλύειν
3531 800 3543 811 ο
3585 782 3818 850 τετράδα

2256 876 2348 927 καὶ
2382 876 2738 945 παρασκευὴν
2763 878 2810 929 οἱ
2842 877 3098 945 κοσμικοὶ
3121 875 3182 927 τὸ
3209 876 3397 943 κρέας.
3432 873 3694 933 ὡσαύτως
3725 873 3817 925 καὶ

2254 966 2303 1016 oi
2340 966 2583 1033 μοναχοὶ-
2612 965 2777 1033 τυροῦ
2824 966 3281 1034 μεταλαμϐάνειν,
3336 962 3523 1025 κακῶς
3575 960 3819 1022 νοοῦντες

2254 1056 2468 1125 ἀληθῶς
2500 1058 2591 1109 καὶ¹
2622 1058 2951 1125 πράττοντες
2977 1057 3198 1125 ὁμοίως.
3232 1056 3296 1110 Εἰ
3334 1056 3432 1125 μὲν
3473 1055 3645 1123 φυλῆς
3686 1072 3820 1109 κατ·-

2254 1150 2478 1217 άγονται
2526 1150 2590 1200 ὲκ
2629 1149 2730 1216 τῆς
2768 1148 2877 1201 τῶν
2929 1147 3251 1218 Ἀρμενίων,
3284 1148 3378 1200 καὶ
3424 1142 3567 1215 εἶχον
3600 1147 3693 1199 καὶ
3722 1146 3819 1216 τὴν

2252 1240 2464 1309 αἳρεσιν
2492 1238 2589 1306 τὴν
2608 1238 2701 1295 τοῦ
2734 1238 3163 1309 ’Λρτζιϐουρίου,
3204 1237 3384 1301 καλῶς
3426 1238 3640 1290 ποιοῦσι
3670 1238 3822 1290 λύον-

2253 1349 2343 1393 τες
2368 1331 2589 1385 ἆπασαν
2618 1331 2854 1399 ὑποψίαν
2874 1347 2886 1359 ·
2912 1331 2959 1383 εί
2982 1330 3041 1384 δί
3077 1331 3259 1402 πιστοὶ
3286 1330 3557 1402 ὀρθόδοξοί
3585 1334 3691 1383 είσι
3725 1332 3821 1384 καὶ

2256 1424 2318 1474 ὲκ
2354 1422 2656 1491 προγόνων,
2692 1394 2771 1482 είς
2803 1420 2979 1488 μάτην
3007 1394 3443 1489 προφασίζονται·
3468 1420 3686 1482 λύοντες
3720 1422 3819 1490 τὴν

2253 1512 2526 1580 νηστείαν.
2582 1513 2811 1564 Ἐκεῖνοι
2844 1512 2952 1581 γὰρ
2984 1509 3338 1581 νηστεύουσιν
3377 1512 3504 1579 ὅλην
3539 1512 3639 1581 τὴν
3668 1512 3821 1565 ἐϐδο-

2256 1603 2421 1672 μάδα,
2452 1604 2602 1673 ἄρτῳ
2637 1603 2784 1672 μόνῳ
2804 1602 3149 1672 τρεφόμενοι,
3179 1602 3330 1655 ῦδατι
3357 1602 3514 1654 ἂλατί
3534 1620 3623 1655 τε·
3658 1606 3821 1671 ἡμεῖς

2255 1694 2309 1746 δὲ
2340 1694 2683 1763 καταλύομεν
2735 1692 2831 1747 ἀπ’
2863 1694 3032 1761 αὐτῆς
3078 1694 3178 1763 τῆς
3206 1694 3485 1763 δευτέρας.
3520 1694 3721 1747 Λοιπὸν
3753 1696 3820 1746 ἐκ

2253 1786 2443 1838 τούτου
2501 1786 2789 1853 δείκνυμεν
2838 1788 2909 1855 μὴ
2947 1786 3337 1849 κοινωνοῦντες
3368 1787 3665 1849 τοιούτοιςο
3725 1789 3820 1839 καὶ

2255 1879 2431 1946 μάτην
2456 1878 2885 1946 προφασίζονται
2914 1874 3058 1933 οὗτοι
3090 1879 3180 1930 τὸν
3225 1877 3280 1929 Ἀ
3293 1878 3656 1947 ρτζιϐούριον.

2324 1971 2403 2024 ιδ’.
2450 1970 2605 2022 Ἐπεὶ
2645 1970 2702 2023 δὲ
2746 1971 2939 2024 ἔλαθεν
2984 1974 3131 2041 ἡμᾶς
3176 1970 3433 2034 ὑπόθεσις
3491 1972 3667 2041 μικρά
3711 1989 3819 2035 τις,
3894 1998 3898 2001 ν

2250 2064 2579 2132 διασαφῆσαι
2630 2063 2858 2131 ἔρχομαι
2907 2065 3001 2115 καὶ
3050 2064 3179 2132 περὶ
3221 2064 3422 2133 ταύτης
3472 2062 3663 2125 οὕτως.
3709 2065 3823 2131 Τῆς

2250 2155 2476 2223 τυρινῆς
2508 2154 2541 2221 ἡ
2580 2152 2815 2220 ἑϐδομὰς
2844 2151 3118 2221 λελυμένη
3142 2153 3399 2223 ὑπάρχει,
3426 2154 3520 2207 καὶ
3548 2155 3581 2223 ή
3623 2155 3822 2222 τετρὰς

2250 2245 2357 2297 τῶν
2387 2243 2629 2314 ἡμερῶν,
2663 2243 2925 2306 ὡσαύτως
2956 2244 3051 2297 καὶ
3089 2246 3121 2313 ἡ
3170 2244 3326 2313 ἕκτη.
3365 2244 3479 2298 Καὶ
3525 2245 3689 2298 πόθεν
3718 2244 3819 2312 δῆ-

2252 2336 2341 2387 λον
2370 2337 2614 2403 πέφυκεν
2644 2334 2824 2398 τοῦτο,
2872 2335 2998 2404 εῐπῃ
3043 2333 3126 2397 τις
3166 2335 3334 2401 factu;
3380 2335 3710 2400 Ἰακωϐῖται,
3742 2334 3822 2397 ὦς

2252 2443 2407 2493 φασι,
2430 2424 2543 2495 τὴν
2562 2424 2832 2494 ἑϐδομάδα
2856 2430 3059 2496 ταύτην
3085 2426 3342 2493 ὁλόαγνον
3365 2424 3696 2494 φυλάσσουσι
3725 2427 3821 2478 καὶ

2252 2518 2498 2587 καθαρὰν
2544 2516 2786 2579 τελείως,
2829 2516 2996 2586 ἄρτου
3039 2515 3202 2585 μόνου
3236 2504 3523 2586 γευόμενοι
3566 2517 3658 2569 καὶ
3684 2517 3820 2571 ὓδα-

2249 2628 2341 2673 τος
2367 2609 2571 2681 ὁμοίως
2593 2625 2608 2639 ο
2637 2610 2731 2661 καὶ
2758 2608 2847 2661 διὰ
2879 2608 3039 2661 τοῦτο
3070 2610 3098 2660 ὁ
3127 2607 3290 2669 καλὸς
3314 2610 3391 2678 τῷ
3416 2609 3529 2661 δντι
3565 2610 3819 2679 Νικηφόο

2255 2722 2343 2774 ρος
2366 2705 2392 2756 ὁ
2427 2700 3049 2763 Κωνιπταντινουπόλεως
3087 2702 3115 2753 ό
3147 2700 3324 2769 μέγας
3364 2700 3625 2771 ίεράρχης
3653 2717 3821 2753 κανο-

2252 2791 2416 2855 νικῶς
2445 2791 2733 2861 παρέδωκε
2764 2791 2856 2844 τοῦ
2889 2791 3179 2843 καταλύειν
3209 2790 3456 2855 ταύταις,
3486 2791 3822 2862 ἀνατρέπων

2250 2888 2317 2939 τὰ
2347 2883 2595 2955 δόγματα
2615 2882 2878 2952 αἱρέσεων
2904 2882 3012 2935 τῶν
3030 2882 3145 2945 δύο,
3167 2882 3261 2936 τοῦ
3301 2883 3565 2937 Ἰακώϐου
3590 2900 3650 2935 τε
3672 2884 3820 2953 φημὶ

2254 2976 2350 3029 σὺν
2382 2974 2475 3030 καὶ
2518 2977 2630 3038 τοῖς
2670 2971 3039 3045 Τετραδίταις.
3068 2968 3237 3053 Ὅθεν
3257 2974 3325 3029 τὰ
3360 2977 3696 3045 μοναστήρια
3724 2976 3821 3028 οῦ-

578 3083 815 3137 \esperte
844 3066 1010 3129 dicto,
1050 3076 1175 3119 tunc
1202 3066 1418 3146 demum
1447 3066 1512 3119 ad
1542 3078 1885 3119 communem
1908 3077 2147 3118 mensam

2251 3086 2362 3133 τως
2403 3064 2618 3139 ἔχουσιν
2666 3067 2810 3133 ἔθος,
2856 3068 2955 3138 τὴν
3002 3067 3233 3142 ὲννάτην
3278 3066 3671 3137 πληρώσαντες
3722 3069 3820 3123 καὶ

578 3165 643 3217 ad
679 3176 831 3216 esum
860 3158 1025 3224 casei,
1055 3158 1281 3227 piscium
1309 3168 1361 3212 et
1386 3165 1571 3227 potum
1598 3157 1709 3210 vini
1741 3156 2092 3211 conveniendi
2130 3171 2147 3221 ;

579 3268 683 3307 nos
752 3266 881 3305 vero
939 3250 1084 3318 quod
1118 3247 1335 3319 quidem
1365 3248 1627 3319 scriptum
1661 3248 1985 3311 invenimus,
2019 3246 2152 3299 scri-

581 3346 794 3415 psimus
832 3358 846 3396 :
878 3343 923 3397 si
962 3341 1085 3412 quis
1125 3350 1303 3394 autem
1332 3356 1437 3395 non
1460 3339 1654 3409 recipit
1694 3354 1793 3393 nec
1816 3338 1988 3392 credit
2024 3328 2148 3401 ista,

498 3466 501 3469 ι
577 3440 719 3491 sicut
756 3436 870 3489 vult
924 3444 977 3487 et
1034 3433 1175 3487 sicut
1233 3432 1308 3486 illi
1366 3433 1564 3502 placet,
1623 3430 1801 3486 abeat.
1876 3428 2147 3499 Adjiciam

580 3530 934 3584 tameualiuil
1006 3527 1150 3581 circa
1202 3508 1437 3579 alteram
1491 3521 1917 3586 hebdomadam,
1982 3536 2145 3603 quam

579 3622 821 3679 omnium
864 3622 1187 3690 Sanctorum
1242 3618 1691 3688 cognominamus
1738 3630 1900 3684 quam
1927 3614 2147 3685 quidam

580 3719 723 3781 mala
768 3718 1080 3787 cenjectura
1143 3715 1412 3783 planaque
1478 3711 1808 3780 ignorantia,
1871 3726 1981 3765 non
2027 3701 2193 3767 esse‘

580 3812 814 3866 solutam
841 3809 1191 3881 existimant.
1226 3792 1351 3858 Divi.
1377 3800 1522 3857 enim
1570 3803 1804 3873 apostoli
1832 3812 1887 3857 et
1927 3804 2149 3874 legisla-

580 3916 723 3956 tores
754 3900 993 3953 omnium
1030 3913 1145 3951 eam
1180 3912 1301 3951 esse
1358 3895 1591 3950 solutam
1638 3895 2004 3965 scripserunt.
2038 3893 2145 3952 Sed

581 3998 719 4047 forte
755 3991 1145 4047 Gnosticorum
1200 3988 1397 4055 aliquis
1448 3987 1784 4041 contradieet
1817 4026 1832 4051 ,
1886 3986 1977 4042 ubi
2039 3989 2145 4045 hoc

581 4081 999 4137 memoraverint
1051 4078 1301 4149 discipuli
1339 4077 1520 4143 verbi,
1554 4070 1894 4146 deposcens;
1956 4080 2145 4135 sedulo

582 4185 855 4231 scrutetur
884 4181 937 4226 et
964 4172 1067 4225 hoc
1101 4179 1250 4224 certe
1280 4167 1519 4222 inveniet
1551 4184 1565 4222 :
1599 4183 1707 4221 non
1735 4183 1962 4237 possum
1993 4170 2141 4224 enim

580 4276 776 4321 cuncta
812 4266 1095 4336 speciatim
1127 4261 1424 4331 explicare.
1458 4258 1562 4325 Qui
1621 4274 1749 4315 vero
1805 4260 2141 4331 Scri’pturam

580 4362 808 4431 impigre
836 4366 1175 4423 scrutantur,
1218 4352 1513 4425 perfectam
1539 4370 1605 4410 ex
1650 4368 1712 4410 ea
1741 4356 2139 4411 convictionem

576 4455 889 4525 acquirunt.

654 4739 738 4792 15.
776 4734 902 4789 [huc
957 4732 1122 4803 igitur
1179 4730 1322 4784 inter
1354 4730 1530 4784 multa
1568 4719 1665 4783 tibi
1700 4744 1873 4800 pauca
1921 4730 2138 4801 scripsi.

587 4828 871 4884 Testilicor
918 4833 1097 4879 autem
1126 4831 1194 4901 et.
1236 4821 1520 4877 certiorem
1575 4832 1626 4878 te
1672 4823 1812 4886 volo,
1871 4825 2041 4893 quod,
2092 4823 2140 4879 si

582 4922 771 4975 talium
801 4917 1035 4971 videaris
1071 4922 1279 4977 custos,
1308 4914 1618 4968 cautionem
1649 4915 1956 4983 interpono,
1997 4924 2142 4970 stare

579 5013 646 5067 ad
676 5013 952 5065 dexteram
981 5007 1303 5073 Salvatoris,
1336 5016 1391 5061 et
1449 5022 1571 5063 cum
1604 5008 1723 5078 ipso
1764 5024 1980 5078 unaque
2013 5023 2139 5063 cum

580 5104 834 5157 omnibus
887 5098 1138 5160 sanctis,
1199 5096 1519 5155 baereditare
1573 5115 1796 5173 regnum
1864 5099 2137 5154 .caalorum

580 5206 947 5259 aeternamque
1004 5190 1167 5243 vitam
1258 5190 1519 5249 obtinere.
1576 5192 1712 5247 Ecce
1764 5208 1929 5261 ergo,
2013 5191 2135 5259 fili,

578 5288 896 5359 petitionem
948 5294 1090 5336 tuam
1159 5298 1258 5352 pro
1327 5283 1534 5339 viribus
1592 5295 1646 5341 et
1702 5286 1958 5341 facultate
2019 5280 2167 5341 mea

578 5377 843 5446 complevi
870 5393 883 5428 :
912 5384 964 5427 tu
1021 5377 1129 5428 scis
1160 5378 1305 5430 enim
1354 5391 1440 5430 me
1467 5392 1692 5445 prorsus
1735 5379 2052 5433 illiteratum
2084 5387 2137 5432 et

580 5472 645 5523 :ud
704 5469 830 5522 talia
868 5465 1174 5519 scribenda
1220 5467 1381 5536 plane
1432 5468 1644 5523 rudem.
1704 5468 1760 5523 Si
1792 5470 1935 5539 quod
1980 5469 2135 5538 juxta

580 5563 727 5613 \ircs
756 5560 833 5621 tit,
872 5555 982 5609 Deo
1018 5565 1230 5625 gratum
1268 5568 1375 5622 est,
1439 5560 1625 5629 accipe
1656 5569 1707 5614 et
1758 5571 1813 5614 tu
1876 5569 2132 5630 tanquam

578 5652 792 5718 bonum.
815 5648 989 5704 solam
1023 5650 1399 5705 intentionem.
1431 5651 1529 5708 Hic
1580 5654 1795 5709 tandem
1854 5655 2133 5724 proposito

580 5742 923 5812 sermonique
984 5740 1142 5799 ﬁnem
1202 5743 1532 5815 imponinus.
1596 5747 1650 5803 Si
1693 5748 1785 5803 tibi
1849 5748 1954 5803 sint
2021 5749 2133 5803 lucc.

2254 3160 2421 3231 ὕμνον
2452 3160 2551 3228 τῆς
2585 3160 2845 3230 ἑσπέρας,
2880 3157 3052 3223 οὕτως
3083 3158 3422 3229 εἰσέρχονται
3448 3158 3632 3212 λοιπὸν
3660 3162 3720 3212 ἔν
3750 3160 3821 3229 τῇ

2251 3248 2406 3324 κοινῇ
2442 3252 2911 3323 τραπέζῃ,“τυροῦ
2959 3251 3471 3321 μεταλαμϐάνοντες
3519 3233 3721 3321 ίχθύων
3756 3268 3821 3304 τε

2252 3343 2350 3399 καὶ
2396 3340 2568 3399 οῐνου.
2596 3344 2708 3398 Καὶ
2746 3344 2907 3414 ἡμεῖς
2956 3344 3056 3415 μὲν
3090 3342 3412 3415 ὲγράψαμεν
3453 3340 3530 3405 ὡς
3574 3339 3826 3410 εὕρομεν

2250 3427 2543 3508 ἐγγράφως
2570 3451 2587 3469 ο
2628 3437 2675 3509 εἰ
2723 3436 2780 3489 δέ
2825 3453 2911 3498 τις
2956 3434 3018 3509 ού
3069 3434 3355 3504 προσίεται
3400 3432 3520 3485 οὐδὲ
3570 3430 3823 3485 πιστεύει

2248 3506 2441 3594 ταῦτα,
2467 3506 2544 3592 ὥς
2581 3506 2724 3582 θέλει
2772 3526 2865 3581 καὶ
2914 3506 2994 3589 ὡς
3037 3524 3310 3595 βούλεται,
3365 3522 3538 3587 οὕτως
3577 3523 3685 3601 ut
3716 3540 3818 3576 πο-

2253 3616 2515 3692 ρευέσθω.
2562 3617 2862 3692 Προσθήσω
2893 3618 3070 3673 τοίνυν
3118 3615 3308 3689 ἕτερον
3339 3615 3408 3669 δι’
3455 3615 3621 3686 ἄλλην
3662 3613 3822 3668 ἑϐδοο

2251 3714 2415 3784 μάδα,
2444 3714 2510 3784 ἢν
2543 3713 2638 3765 καὶ
2678 3708 3093 3781 ἐπονομάζομεν
3133 3708 3232 3778 τὴν
3282 3707 3405 3775 τῶν
3436 3698 3639 3776 ’Δγίων
3679 3707 3816 3760 πάνυ

2246 3822 2356 3859 των
2379 3819 2398 3836 ⁶
2454 3803 2601 3866 τινὲς
2648 3801 3127 3873 ὑπολαμϐάνοντες
3178 3799 3258 3870 μὴ’
3303 3795 3446 3853 εἶναι
3490 3796 3815 3870 λελυμᾲην,

2248 3899 2435 3963 κακῶς
2468 3896 2904 3961 ὑποτοπάζοντες
2934 3896 3030 3947 καὶ
3059 3894 3194 3957 ὅλως
3217 3891 3562 3961 ἀγνοοῦντες.
3592 3892 3656 3945 0i
3680 3892 3820 3945 θεῖοι

2247 3994 2356 4065 γὰρ
2378 3982 2678 4046 ἀπόστολοι
2706 3988 2801 4042 καὶ
2833 3986 3121 4059 νομοθέται
3154 3984 3370 4039 πάντων
3398 3985 3495 4038 καὶ
3528 3984 3656 4054 περὶ
3678 3986 3814 4038 ταύ-

2243 4103 2343 4156 της
2376 4082 2624 4156 ἔγραψαν
2657 4082 2753 4135 τοῦ
2804 4076 2946 4135 εἶναι
2994 4078 3317 4150 λελυμένην.
3366 4076 3506 4130 Ἀλλ’
3547 4076 3677 4136 ἴσως
3721 4079 3814 4131 ἀν·

2256 4178 2602 4250 τιφθὲγξοιτό
2626 4193 2710 4240 τις
2737 4173 2846 4228 τῶν
2884 4170 3367 4242 γνωστικωτέρων,
3408 4170 3504 4225 καὶ
3539 4169 3649 4223 Ποῦ
3681 4170 3812 4222 ταύ-

2247 4290 2345 4343 της
2360 4270 2711 4341 ἐμνήσθησαν
2738 4269 2788 4323 οί
2813 4265 3053 4337 μαθηταὶ
3080 4266 3173 4319 τοῦ
3196 4264 3368 4333 Λόγου
3392 4280 3409 4330 ;
3444 4264 3813 4334 Ἐρευνησάτο·

2248 4362 2494 4435 ἀκριϐῶς
2532 4362 2628 4415 καὶ
2657 4360 2875 4422 πάντως
2916 4356 3052 4429 εὕρῃ
3084 4356 3245 4409 τοῦτο
3272 4371 3286 4385 '
3320 4354 3569 4413 ἀδυνατῶ
3611 4353 3720 4425 γὰρ
3759 4356 3813 4410 ἐν

2175 4428 2223 4485 D
2253 4428 2436 4525 λε
2466 4454 2643 4509 πάντα
2670 4450 3067 4536 ἀναδιδάσκειν..
3098 4450 3163 4504 Οἱ
3188 4448 3245 4504 at
3275 4447 3703 4519 φιλοπονώτερον
3715 4450 3811 4517 τὴν

2255 4549 2481 4620 Γραφὴν
2527 4542 2854 4617 ἐρευνῶντες
2896 4540 3271 4614 πληροφορίαν
3330 4539 3588 4595 λαϐοῦσιν
3625 4539 3684 4605 ἐξ
3712 4542 3808 4594 αύυ

2253 4644 2352 4712 τῆς
2377 4642 2479 4712 τὴν
2510 4639 2746 4693 τελείαν.

2326 4738 2408 4789 ιε’.
2440 4718 2627 4786 Ταῦτά
2652 4748 2734 4784 σοι
2753 4728 2930 4789 τοίνυν
2953 4727 3168 4797 ἔγραψα
3190 4727 3252 4779 ἐκ
3279 4728 3387 4780 τῶν
3410 4726 3618 4780 πολλῶν
3637 4727 3793 4796 ὀλίγα

2266 4823 2406 4877 Ἀλλ’
2437 4822 2530 4877 οῦν
2574 4820 3017 4893 διαμαρτύρομαι
3054 4822 3147 4873 καὶ
3182 4819 3388 4888 βεϐαιῶ
3436 4836 3517 4873 σοι
3546 4821 3725 4885 τοῦτο,
3764 4821 3809 4873 εὖ

2251 4898 2457 4971 τούτων
2487 4914 2667 4985 φύλαξ
2707 4930 2768 4965 τε
2798 4914 2995 4982 φανῇς,
3028 4911 3312 4981 ἐγγυῶμαι
3349 4929 3431 4965 σοι
3460 4912 3654 4977 ταῦτα,
3688 4912 3808 4965 στάν

2253 5025 2389 5072 σεως
2413 5009 2513 5078 τῆς
2542 5010 2605 5060 ὲκ
2627 5006 2816 5070 δεξιῶν
2848 5003 2943 5059 τοῦ
2968 5003 3227 5075 Σωτῆρος
3267 5006 3449 5073 τυχεῖν
3478 5021 3558 5067 σε,
3592 5004 3686 5057 καὶ
3717 5006 3810 5058 σὺν

2252 5099 2400 5169 αὐτῷ
2455 5099 2813 5168 κληρονομεῖν
2843 5096 2960 5157 καὶ,
2993 5095 3125 5150 πᾶσι
3173 5096 3286 5156 τοῖς
3312 5095 3489 5162 ἁγίοις
3538 5095 3809 5165 βασιλείαν

2248 5190 2358 5243 τῶν
2406 5187 2654 5258 οὐρανῶν
2694 5187 2787 5240 καὶ
2838 5186 2984 5256 ζωὴν
3041 5186 3142 5253 τὴν
3201 5186 3411 5255 ἀγήρω.
3454 5186 3584 5240 Ἰδοὺ
3633 5186 3809 5238 τοίνυν

2250 5280 2592 5350 πεπλήρωκα
2634 5275 2732 5347 τὴν
2784 5278 2999 5348 αῖτησίν
3044 5292 3165 5340 σου,
3216 5276 3425 5339 τέκνον,
3466 5275 3542 5338 ὡς
3592 5274 3809 5341 ἐφικτὸν

2248 5371 2459 5442 ὑπῆρχέ
2518 5386 2608 5439 μοι
2650 5370 2741 5422 καὶ
2791 5367 3073 5437 δυνάμεως
3124 5363 3290 5437 εἶχον.
3340 5367 3413 5419 Σὺ
3470 5367 3578 5436 γὰρ
3629 5365 3807 5429 καλῶς

2240 5464 2538 5518 ἐπίστασαι
2562 5462 2623 5515 τὸ
2656 5461 2889 5530 πάμπαν
2922 5458 3159 5529 ἄμουσόν
3195 5476 3296 5527 μου
3329 5458 3423 5510 καὶ
3444 5459 3579 5519 ὅλως
3615 5458 3803 5510 ίδιωτι-

2245 5556 2341 5609 κὺν
2374 5555 2509 5623 πρὸς
2540 5554 2601 5608 τὸ
2640 5553 2866 5607 τοιαῦτα
2899 5552 3154 5624 γράφειν.
3187 5552 3247 5603 Εἰ
3276 5551 3333 5603 δὲ
3382 5550 3444 5602 τὺ
3474 5550 3615 5602 κατὰ
3651 5549 3803 5601 δύνα-
3870 5612 3871 5617 η

2246 5669 2338 5722 μιν
2367 5651 2518 5721 φίλον
2543 5649 2661 5721 Θεῷ
2691 5651 2951 5721 ὑπάρχει,
2973 5645 3122 5710 δέξαι
3151 5644 3246 5699 καὶ
3280 5646 3342 5697 σὺ
3383 5644 3456 5707 ὼς
3478 5642 3682 5712 ἀγαθὸν
3704 5644 3802 5710 τὴν

2243 5747 2560 5818 προαίρεσιν
2615 5746 2802 5816 μόνην.
2859 5742 3121 5797 Ἐνταῦθα
3167 5740 3433 5809 σταίημεν
3473 5736 3655 5791 λοιπὸν
3704 5736 3796 5789 τοῦ
