4176 6450
302 354 401 419 409

1416 359 1880 416 FRAGMENTA
1922 358 2351 417 IllSTOltICA.

3405 345 3507 408 illi

363 464 665 528 Bevé6txto;
699 466 885 528 πάπας
920 465 996 536 τῷ
1018 466 1163 532 γένει
1197 465 1464 535 Ῥωμαῖος
1493 466 1848 517 ὲπισκοπεύει

2024 465 2347 519 Benedictus
2389 478 2522 532 papa
2579 479 2774 532 genere
2814 463 3097 518 Romanus
3135 448 3505 527 pontiﬁcatum

297 557 515 628 χρόνους
545 556 616 623 γ’,
654 556 833 625 μῆνας
875 556 920 625 β’
942 574 954 586 ’
992 558 1082 610 καὶ
1109 557 1246 625 μετὰ
1266 558 1364 626 τὴν
1393 555 1648 626 τελευτὴν
1682 556 1843 610 αὑτοῦ

296 647 565 718 χηρεύειή
607 647 900 715 Ἐκκλησία
951 647 1236 714 Ῥωμαίων
1261 647 1476 716 ἡμέρας
1503 652 1576 710 ς’,
1621 687 1624 689 ,

361 740 511 793 Λέων
532 739 748 809 ἡμέρας
797 737 848 809 μ’
874 756 888 770 ’
914 738 1098 792 τοῦτον
1144 740 1200 792 δὲ
1234 739 1373 808 μετὰ
1403 739 1500 801 τὰς
1553 739 1848 809 εἰρημένας

297 831 500 899 ἡμέρας
529 830 638 884 ἀπὸ
683 831 782 900 τῆς
811 832 1015 897 τάξεως
1041 831 1207 885 αὐτοῦ
1241 831 1612 900 Χριστοφόρος
1655 831 1682 882 ὁ
1715 845 1848 898 πρε-

296 921 550 990 σϐύτερος
595 920 760 976 αὐτοῦ
832 924 1194 990 ἀπωσάμενος
1242 908 1321 984 είς
1367 921 1610 989 φυλακὴν
1663 919 1845 984 ἔϐαλε,

294 1015 382 1066 καὶ
413 1013 588 1076 οὕτως
623 1015 839 1083 ἥρπασε
873 1016 974 1086 τὴν
1022 1015 1333 1083 προεδρίαν.
1384 1013 1543 1065 Ἀλλὰ
1574 1013 1666 1064 καὶ
1696 1007 1847 1071 οὗτος

294 1107 427 1173 μετά
461 1105 506 1170 ζ’
533 1109 705 1175 μῆνας
731 1108 829 1173 τῆς
879 1107 1052 1176 ἀρχῆς
1095 1106 1198 1158 ὑπὸ
1238 1105 1463 1176 Σεργίου
1507 1102 1720 1172 ἐξώσθη
1753 1100 1846 1154 τοῦ

292 1195 502 1266 Θρόνου,
535 1199 630 1250 καὶ
664 1199 742 1262 εἰς
769 1197 1015 1267 φυλακὴν
1048 1196 1424 1267 παραδίδοται.

354 1288 730 1358 Χριστοφόρος
765 1289 942 1358 μῆνας
977 1288 1023 1352 ζ’
1047 1306 1062 1320 ·
1097 1284 1250 1352 οὗτος
1291 1288 1348 1341 δὲ
1393 1286 1488 1340 τοῦ
1525 1286 1737 1355 θρόνου,
1772 1285 1847 1348 ὡς

287 1379 521 1449 εἴρηται,
548 1380 825 1444 ἀπωσθεὶς
857 1381 1046 1448 γέγονε
1079 1381 1309 1452 μοναχός
1338 1381 1434 1450 (⁸5).

353 1570 583 1639 Σέργιος
627 1570 656 1622 6
692 1566 936 1622 καθελὼν
963 1565 1335 1638 Χριστοφόρον
1385 1565 1542 1635 ἄρχει
1579 1563 1677 1633 τῆς
1721 1560 1847 1616 Ἐκ-

287 1663 515 1732 κλησίας
549 1661 798 1732 (χρόνους
844 1657 909 1730 ζ’)
949 1660 1125 1728 μῆνας
1163 1663 1231 1724 γ’,
1277 1657 1488 1726 ἡμέρας
1522 1653 1650 1719 κς’⁶
1694 1651 1851 1722 ἐσχό-

286 1755 414 1806 λασε
444 1753 504 1806 δὲ
530 1754 620 1806 καὶ
661 1751 689 1804 6
723 1751 910 1821 θρόνος
949 1748 1164 1819 ἡμέρας
1194 1752 1292 1801 κε’.
1329 1745 1533 1797 Τούτου
1572 1743 1648 1812 τῷ
1670 1739 1849 1810 καιρῷ

284 1844 620 1916 ήικκλησεα
669 1843 762 1896 τοῦ
808 1838 1122 1910 Λατεράνου
1163 1836 1427 1907 διεφθάρη
1459 1876 1474 1901 ,
1542 1835 1610 1905 ἣν
1665 1836 1848 1888 πᾶσαν

283 1940 390 1994 ἀπὸ
421 1937 684 2007 θεμελίων
719 1935 746 1987 ό
776 1921 1068 2005 εἰρημένος
1109 1932 1327 1984 ἁνανεοῖ
1371 1929 1578 1990 πάπας.
1624 1921 1793 1988 Οὗτος
1822 1925 1850 1977 6

284 2031 512 2100 Σέργιος
558 2027 803 2088 διάκονος
849 2023 926 2077 ὢν
971 2018 1138 2076 πάλαι
1180 2022 1295 2074 καὶ
1343 2019 1618 2084 ἐπίδοξος,
1669 2016 1762 2070 ἐπὶ
1791 2015 1850 2069 τὸ

285 2118 710 2190 ἀρχιερατεῦσαι
749 2114 992 2184 Ῥώμης,
1029 2113 1133 2166 ὑπὸ
1170 2111 1452 2183 Φορμόσου
1502 2107 1849 2179 ἐκκρούεται,

285 2210 729 2280 ἀντεισαχθέντος
754 2191 986 2263 ἑκείνουζ
1021 2198 1179 2260 Μετᾶ
1208 2205 1309 2274 τὴν
1331 2203 1595 2270 ’τελευτὴν
1619 2201 1850 2266 ἐκείνου,

283 2306 378 2361 τοῦ
423 2287 799 2374 Χριστοφόρου
832 2300 927 2363 τδν
966 2299 1156 2372 θρόνον
1201 2298 1478 2362 λαϐόντος,
1529 2291 1682 2359 οὗτος
1712 2297 1850 2350 ἀπέ-

283 2399 493 2468 δραμεν
526 2397 606 2459 είς
633 2394 760 2457 τοὺς
789 2386 1096 2463 Φράγγους,
1124 2391 1219 2446 καὶ
1253 2393 1321 2462 τῇ
1362 2388 1588 2460 βοηθείᾳ
1629 2389 1852 2460 ἐκείνων

284 2487 605 2562 όχυρωθεὶς,
663 2488 757 2542 καὶ
793 2485 889 2541 τοῦ
925 2485 1118 2556 θρόνου
1146 2483 1590 2554 -ὲπειλημμένος,
1621 2483 1711 2536 τὸν
1753 2482 1853 2552 μὲν

286 2583 660 2656 Χριστοφόρον
691 2580 870 2646 ζῶντα
914 2580 1008 2633 τοῦ
1036 2577 1227 2649 θρόνου
1259 2575 1589 2644 καταγαγὼν
1638 2575 1852 2645 φυλακῇ

287 2676 690 2747 παραδίδωσιν·
757 2673 1100 2744 ἀμυνόμενος
1146 2671 1213 2725 δὲ’
1272 2671 1368 2723 καὶ
1414 2671 1693 2741 Φόρμοσον
1751 2666 1852 2736 ήδη

283 2766 715 2836 τετελευτηκότα
756 2765 854 2834 τῆς
900 2762 1068 2816 πάλαι
1113 2761 1434 2831 διαφθορᾶς,
1471 2758 1566 2812 καὶ
1623 2757 1854 2810 ἐκδικῶν

289 2861 483 2915 ἑαυτὸν
511 2861 605 2930 τῆς
634 2859 981 2920 ἐκπτώσεως,
1014 2858 1197 2924 ἐξάγει
1231 2857 1326 2909 τοῦ
1355 2855 1526 2923 τάφου
1551 2854 1851 2924 Φόρμοσον,

292 2958 386 3010 καὶ
421 2958 481 3008 ιν
513 2955 686 3026 θρόνῳ
727 2951 986 3025 ἱερατικῷ
1017 2950 1307 3023 ίερατικῶς
1343 2948 1687 3016 ἐνδεδυμένον
1716 2948 1854 2999 dmo-

291 3048 685 3118 κεφαλισθῆναι
713 3041 1036 3115 προσέταξε,
1067 3044 1161 3096 καὶ
1196 3043 1276 3104 εἰς
1307 3042 1398 3094 τὸν
1433 3039 1654 3110 Τίϐεριν
1684 3039 1854 3108 ἀπορο

1947 555 2191 610 cxercuit
2237 569 2407 607 annos
2465 563 2574 606 tres
2606 567 2838 616 menses,
2896 552 3068 614 duos;
3126 558 3182 604 et
3230 556 3350 617 post
3396 549 3510 611 eius

1950 642 2176 701 mortem
2217 645 2427 698 vacavit
2461 642 2828 697 Romanorum
2865 639 3104 695 Ecclesia
3150 639 3342 693 diebus
3393 652 3506 688 sev.

2018 739 2126 797 Leo
2158 738 2276 790 dies
2322 736 2684 804 quadraginta
2745 732 3023 804 regnavit;
3081 742 3133 785 et
3179 741 3300 801 post
3335 732 3510 784 ἁίοιος

1947 831 2064 885 dies
2099 829 2248 881 illum
2272 842 2301 880 a
2332 819 2594 896 dignitate
2617 825 3045 892 Christophurus
3073 822 3195 889 ejus
3226 823 3509 890 presbyter

1948 930 2204 969 amovens
2235 915 2288 968 in
2317 914 2624 968 custodiam
2653 910 2880 980 injecit,
2900 920 2953 965 et
2992 912 3062 966 ita
3106 910 3505 979 prrcsidentiam

1947 1007 2148 1074 rapuit.
2218 1005 2322 1060 Sed
2377 1005 2480 1059 iste
2539 1012 2662 1072 post
2723 1015 2942 1055 menses
2997 1010 3200 1069 septem
3268 1000 3415 1068 regni
3479 1017 3505 1047 ιι

1952 1095 2140 1166 Sergio
2197 1086 2393 1150 throno
2450 1081 2704 1163 depulsus
2756 1100 2839 1145 est
2892 1099 2947 1144 et
3001 1089 3054 1144 iu
3103 1103 3375 1144 carcerein
3427 1089 3478 1140 iu

1948 1187 2154 1242 clusus.
2319 1179 2322 1182 ’
2535 1173 2542 1180 ’
2760 1181 2762 1183 ’

2023 1278 2451 1348 Christophorus
2511 1276 2788 1332 mensibus
2842 1283 3087 1342 septem;
3155 1271 3245 1325 ille
3324 1281 3504 1322 autem

1950 1369 2169 1434 throno,
2229 1377 2287 1422 ut
2339 1369 2542 1423 dictum
2589 1376 2698 1434 est,
2756 1367 3017 1436 depulsus
3083 1363 3386 1417 monachus
3431 1362 3507 1414 fa-

1951 1470 2072 1515 ειυς
2104 1468 2210 1514 081.

2021 1565 2244 1636 Sergius
2286 1565 2685 1634 Christophoro
2737 1563 3036 1618 succedens
3089 1562 3359 1632 gubernat
3410 1560 3514 1614 Ee-

1950 1655 2168 1710 clesiam
2211 1654 2403 1724 (annos
2441 1653 2668 1722 septem)
2719 1667 2938 1707 menses
2987 1662 3120 1712 tres,
3170 1651 3287 1704 dies
3324 1666 3414 1704 sex
3460 1661 3514 1703 et

1953 1747 2164 1817 viginti.
2207 1746 2428 1800 Vacavit
2479 1754 2659 1798 autem
2715 1744 2873 1799 sedes
2920 1744 3114 1797 diebus
3164 1744 3408 1812 quinque
3460 1752 3512 1795 et

1951 1838 2163 1909 viginti.
2199 1838 2358 1892 Illius
2383 1847 2624 1906 tempore
2674 1835 2901 1890 ecclesia
2948 1833 3202 1888 Laterani
3236 1835 3508 1888 destructa

1951 1940 2056 1993 est,
2093 1945 2254 2000 quam
2290 1937 2457 1983 totam
2506 1943 2535 1981 a
2580 1927 2949 1981 fundamentis
2973 1926 3150 1980 dictus
3189 1925 3330 1993 Papa
3364 1938 3514 1976 reno-

1951 2018 2115 2073 vavit.
2177 2019 2282 2072 Iste
2329 2018 2550 2084 Sergius
2605 2018 2869 2071 diaconus
2916 2030 3039 2070 cum
3089 2022 3231 2070 esset
3280 2015 3407 2067 olim
3462 2023 3517 2066 et

1950 2110 2204 2173 illustris,
2238 2109 2304 2163 ad
2336 2107 2690 2162 obtinendum
2721 2107 3024 2161 Romanum
3054 2104 3452 2173 pontiﬁcatum,
3486 2119 3514 2155 τι

1951 2198 2215 2254 Formoso
2259 2206 2586 2260 removetur,
2646 2196 2764 2265 ipso
2811 2197 2989 2251 locum
3047 2196 3166 2264 ejus
3211 2195 3513 2247 subeunte.

1952 2290 2081 2346 Post
2102 2300 2335 2344 mortem
2369 2289 2644 2352 Formosi,
2691 2286 3088 2354 Christophoro
3132 2287 3388 2339 thronum
3421 2299 3518 2337 oc-

1951 2392 2226 2452 cupantc,
2283 2382 2384 2436 iste
2444 2382 2670 2436 secessit
2726 2381 2792 2435 ad
2848 2378 3140 2440 Francos,
3195 2389 3248 2432 et
3315 2377 3518 2430 auxilio

1951 2476 2139 2529 eorum
2186 2474 2402 2542 adjutus
2432 2480 2486 2527 et
2531 2472 2728 2526 throno
2777 2466 3004 2540 potit‘tls,
3058 2469 3517 2538 Cliristophorum

1953 2564 2169 2633 quidem
2234 2563 2416 2616 vivum
2468 2577 2500 2617 e
2557 2563 2754 2616 throno
2807 2561 3071 2629 dejiciens
3130 2560 3182 2612 in
3244 2573 3518 2612 carcerem

1955 2654 2226 2718 includit;
2263 2653 2586 2708 Formosum
2615 2664 2796 2708 autem
2818 2652 2930 2721 jam
2968 2661 3238 2704 mortuum
3273 2649 3340 2704 de
3369 2651 3523 2704 clade

1954 2762 2117 2816 quam
2163 2746 2292 2799 olim
2329 2745 2570 2799 subierat
2602 2744 2859 2814 puniens,
2917 2754 2969 2798 et
3021 2744 3200 2812 ipsum
3245 2744 3316 2796 ob
3363 2757 3520 2796 suam

1955 2838 2328 2907 expulsionem
2379 2837 2776 2897 condemnatis,
2814 2851 2844 2888 e
2891 2834 3145 2903 sepulcro
3195 2832 3517 2886 Formosum

1955 2928 2196 2986 extrahit
2223 2938 2278 2983 et
2309 2927 2362 2980 in
2418 2928 2618 2982 throno
2660 2924 2958 2994 pontiﬁcali
3001 2924 3260 2978 vestitum
3301 2920 3522 2987 pontiﬁ-

1955 3011 2146 3083 caliter
2176 3019 2350 3088 capite
2391 3017 2631 3073 truncari
2659 3017 2825 3085 jussit
2847 3025 2900 3070 et
2930 3016 2984 3068 in
3029 3013 3272 3068 Tiberim
3307 3011 3523 3082 projici,

287 3106 536 3217 ptrpﬁvqt,
573 3106 666 3192 καὶ
720 3106 900 3200 πασας
950 3106 1049 3198 τὰς
1093 3134 1190 3188 ὑπ’
1236 3133 1403 3185 αὑτοῦ
1447 3106 1853 3199 καθεσταμένας

1961 3126 2262 3182 omnesque
2313 3110 2382 3165 ab
2433 3124 2500 3164 eo
2545 3109 2874 3164 constitutas
2915 3107 3207 3175 dignitates
3258 3106 3522 3158 amoveri.

287 3232 473 3296 τάξεις
501 3228 903 3299 ἀποϐληθῆναι.
934 3227 1168 3295 Λέγεται
1195 3225 1253 3279 δὶ
1289 3225 1408 3295 μετ’
1434 3226 1493 3277 οὐ
1531 3224 1664 3298 πολὺ
1699 3222 1853 3292 παρὰ

288 3326 488 3380 ἀλιέων
546 3321 848 3394 εὑρημένον
891 3320 1193 3390 Φόρμοσον,
1233 3321 1326 3370 καὶ
1366 3317 1424 3368 ἐν
1469 3318 1533 3385 τῇ
1588 3315 1856 3386 ἐκκλησίᾳ

287 3418 382 3473 τοῦ
413 3415 690 3489 μακαρίου
737 3413 946 3482 Πέτρου
975 3409 1222 3473 τιθέντα,
1255 3408 1489 3479 ὀφθῆναι
1531 3407 1748 3469 εἰκόνας
1776 3424 1858 3459 τι-

287 3514 394 3567 νῶν
437 3512 613 3579 ἁγίων
640 3504 1051 3580 προσκυνούσας
1084 3504 1176 3556 καὶ
1210 3501 1445 3571 ἐντίμως
1474 3499 1854 3569 ὑπαγορευού-

291 3620 390 3668 σας
424 3602 616 3666 αὑτὸν,
637 3596 741 3653 καῖ
758 3592 920 3659 τοῦτο
949 3595 1108 3663 δῆλον
1138 3591 1352 3655 πολλοῖς
1385 3591 1598 3660 γέγονε.

361 3693 518 3748 Μετὰ
570 3691 795 3760 Σέργιον
852 3687 1203 3746 Ἀναστάσιος
1257 3679 1669 3753 ἀρχιερατεύει,
1701 3680 1858 3747 γένος

295 3783 392 3852 μὲν
431 3780 723 3849 Ῥωμαῖος,
777 3778 972 3847 κρατεῖ
1012 3775 1070 3828 δὲ
1116 3773 1219 3849 τῆς,
1260 3770 1586 3840 Ἐκκλησίας
1633 3770 1859 3840 χρόνους

292 3847 384 3923 δύο
413 3870 509 3924 καὶ
542 3847 720 3938 μῆνας
760 3865 872 3928 δύο,
907 3861 1023 3918 εἶτα
1064 3847 1323 3932 τελευτᾷ·
1362 3860 1585 3932 χηρεύει
1617 3860 1672 3912 δὲ
1708 3859 1802 3912 καὶ
1831 3859 1859 3910 6

294 3965 479 4035 θρόνος
509 3962 721 4032 ἡμέρας
752 3959 835 4026 ἓξ.
1650 3939 1652 3941 ί

227 4071 230 4074 '
362 4054 520 4112 Μετὰ
562 4051 917 4105 Ἀναστάσιον
969 4047 1197 4109 Λοῦνδος
1251 4047 1397 4115 γένει
1442 4043 1712 4112 Ῥωμαῖος
1763 4043 1857 4097 καὶ

295 4148 452 4210 αὺτδς
478 4143 922 4210 ’πάπας-γίνεται
958 4141 1132 4212 μῆνας
1163 4139 1221 4203 ἒξ
1246 4156 1260 4171 ο
1311 4137 1562 4207 σχολάζει
1606 4135 1788 4189 δὲκκαὶ
1821 4136 1854 4206 ἡ

307 4238 604 4310 Ἐκκλησία
638 4235 850 4307 ἡμέρας
877 4231 990 4297 κς’.

363 4331 522 4386 Μετὰ
565 4326 755 4380 τοῦτον
794 4321 1176 4396 ἀρχιερατεύει
1220 4321 1469 4388 Ἰωάννης
1516 4321 1741 4390 χρόνους
1765 4324 1854 4386 ιγ’,

301 4419 473 4489 μῆνας
501 4415 565 4488 β’,
590 4415 801 4485 ἡμέρας
842 4413 889 4482 γ’
901 4453 914 4467 .
957 4409 1120 4474 Οὗτος
1151 4413 1266 4474 υἱὸς
1306 4411 1531 4480 Σεργίου
1574 4411 1730 4463 πάπα
1765 4411 1858 4462 καὶ

1961 3204 2168 3260 Dicitur
2193 3219 2323 3260 vero
2355 3218 2461 3258 non
2497 3202 2669 3256 multo
2704 3208 2826 3269 post
2865 3215 2894 3253 ιι
2931 3198 3294 3269 piscatoribus
3324 3197 3519 3250 inven-

1956 3305 2071 3351 tum
2094 3292 2415 3348 Formosum
2441 3302 2491 3345 et
2516 3291 2567 3343 in
2598 3290 2828 3343 ecclesia
2874 3287 3024 3341 beati
3053 3285 3198 3340 Petri
3218 3284 3521 3353 depositum

1957 3401 2099 3450 esse,
2147 3391 2280 3439 tunc
2306 3384 2449 3438 visas
2482 3397 2602 3438 esse
2644 3381 2908 3449 imagines
2940 3379 3248 3447 aliquorum
3303 3386 3522 3431 sanetu-

1959 3494 2079 3532 rum
2111 3478 2401 3531 adorantes
2447 3475 2598 3529 illum
2632 3485 2684 3527 et
2719 3488 2840 3526 cum
2889 3473 3099 3526 honore
3141 3470 3482 3537 alloquentes
3509 3505 3522 3526 ,

1959 3580 2010 3625 et
2043 3571 2143 3622 hoc
2173 3581 2358 3622 coram
2391 3566 2573 3619 multis
2601 3564 2870 3618 evenisse.
3453 3623 3458 3627 ξ

2031 3659 2162 3714 Post
2203 3659 2450 3728 Sergium
2503 3656 2822 3710 Anastasius
2874 3667 3147 3708 summum
3191 3649 3524 3719 pontiﬁcium

1959 3753 2186 3830 adeptus
2235 3760 2335 3816 est,
2383 3763 2580 3818 genere
2614 3748 2916 3808 ltomanns,
2954 3744 3204 3813 regitque
3230 3741 3523 3795 Ecclesiam

1962 3861 2135 3902 annos
2197 3845 2357 3907 duos,
2406 3852 2458 3897 et
2509 3856 2725 3895 menses
2789 3839 2961 3903 duos;
3010 3837 3207 3891 deinde
3270 3835 3526 3891 moritur,

1960 3952 2118 3995 vacat
2147 3947 2326 3993 autem
2359 3937 2592 3990 thronus
2623 3933 2815 3988 diebus
2850 3947 2967 3986 sex.

2031 4031 2160 4087 Post
2189 4030 2542 4084 Anastasium
2582 4027 2806 4081 Lundus
2848 4037 3046 4094 genere
3082 4021 3363 4076 Romanus
3393 4035 3524 4088 papa

1963 4129 2019 4180 tit
2061 4124 2339 4179 mensibus
2369 4138 2487 4183 sex,
2519 4129 2676 4174 vacat
2705 4131 2830 4177 vero
2867 4114 3105 4170 Ecclesia
3137 4113 3327 4168 diebus
3356 4127 3445 4167 sex
3479 4123 3530 4165 et

1962 4217 2173 4288 viginti.

2031 4318 2164 4372 Post
2211 4332 2334 4384 eum
2387 4313 2760 4385 pontiﬁcatum
2812 4319 3029 4365 exercet
3071 4305 3308 4361 Joannes
3355 4320 3529 4357 annos

1966 4412 2265 4472 tredecim,
2334 4422 2547 4463 menses
2604 4405 2742 4459 duos
2786 4411 2840 4456 et
2882 4402 2999 4455 dies
3043 4411 3174 4455 tres.
3211 4397 3330 4452 iste
3387 4395 3530 4449 ﬁlius

298 4487 591 4572 ἐπίσκοπος
637 4506 930 4575 Ῥαϐέννης
959 4506 1033 4568 ὠς
1060 4505 1160 4573 μέν
1181 4522 1263 4557 τοι
1290 4505 1571 4574 ὲπιϐήτωρ
1600 4503 1699 4572 τῆς
1740 4503 1853 4555 Ἐκ-

1968 4503 2140 4572 Sergii
2197 4516 2346 4570 papae
2384 4509 2438 4552 et
2489 4497 2777 4567 episcopus
2822 4492 3116 4554 Ravennae,
3169 4501 3227 4544 ut
3274 4487 3531 4542 Ecclesia:

301 4603 527 4672 κλησίας
575 4599 782 4652 ἐκεῖθεν
828 4597 921 4650 καὶ
950 4596 1058 4649 ἀπὸ
1105 4595 1304 4657 παντὸς
1347 4593 1439 4646 τοῦ
1488 4593 1617 4646 λαοῦ
1659 4591 1765 4645 τοῦ
1801 4594 1857 4646 ἐν

312 4695 570 4768 Ῥαϐέννῃ
603 4688 941 4745 ἐκϐάλλεται.
974 4688 1175 4742 Τούτου
1205 4690 1268 4757 τῇ
1319 4687 1479 4756 βουλῇ
1515 4687 1608 4739 καὶ
1639 4689 1704 4756 τῇ
1734 4686 1859 4755 βοη-

304 4790 420 4859 θείᾳ
462 4788 511 4840 οἱ
568 4782 876 4854 ὶλαρακηνο)⁸
917 4783 964 4833 οἱ
1021 4780 1368 4849 κυριεύοντες
1416 4777 1644 4840 Ἰταλίας
1694 4778 1860 4845 ἐγγὺς

314 4881 531 4950 Ῥώμης
577 4877 860 4948 ἥττηνται.
909 4868 1044 4925 Εἶτα
1090 4871 1249 4933 αὐτὸς
1284 4872 1311 4923 6
1356 4871 1546 4931 πάπας
1607 4869 1861 4937 Ἰωάννης

307 4972 440 5041 μετὰ
490 4969 824 5037 Μαρκίωνος⁴
876 4963 1191 5032 Ἀλϐερίκου
1249 4963 1582 5023 εἰσελθόντες
1631 4963 1709 5025 εἰς
1763 4961 1861 5029 τὴν

313 5063 600 5119 Ἀπουλίαν
634 5059 774 5113 κατὰ
821 5056 1149 5127 Σαρακηνῶν
1201 5056 1350 5125 παρὰ
1389 5055 1732 5125 Γαριλιανὸν,
1768 5056 1862 5106 καὶ

305 5157 704 5228 συμϐάλλοντες
735 5153 848 5215 τοῖς
892 5151 1225 5219 Σαρακηνοῖς
1270 5148 1526 5218 ἐνίκησαν
1570 5149 1664 5200 καὶ
1703 5148 1862 5200 πάλιν

304 5249 495 5311 αὐτοὺς
530 5244 670 5298 κατὰ
703 5243 925 5313 κράτος.
958 5237 1087 5293 Εἶτα
1119 5240 1456 5302 εἰσελθόντες
1482 5239 1539 5290 ἐν
1573 5242 1636 5308 τῇ
1673 5239 1861 5307 Ῥώμῃ

305 5343 448 5412 rapi
479 5337 677 5398 παντὸς
726 5334 821 5390 τοῦ
852 5333 981 5388 λαοῦ
1017 5334 1073 5384 ὲν
1100 5333 1246 5402 χαρᾷ
1293 5333 1387 5384 καὶ
1422 5335 1554 5401 τιμῇ
1605 5331 1862 5400 προσεδέ-

308 5432 540 5500 χθησανσ
593 5427 710 5480 ἀλλ’
754 5425 987 5489 ,ὕστερον
1022 5424 1319 5490 διαφωνίας
1374 5422 1758 5490 ὲπισυμϐἀσης
1805 5425 1862 5474 ἐν

309 5524 650 5593 ἀμφοτέροις,
682 5521 710 5572 ό
750 5517 1016 5585 Μαρκίων
1055 5515 1336 5578 ἐξωθεῖται
1372 5517 1466 5584 τῆς
1507 5516 1733 5577 πόλεως,
1772 5516 1863 5566 καὶ

311 5613 612 5670 εαστέλλιόν
655 5627 706 5661 τι
753 5609 925 5681 (ονομα
954 5609 1124 5674 Ὄρτα
1175 5611 1473 5680 κρατήσας,
1518 5609 1633 5659 ἐκεῖ
1671 5608 1863 5660 ἑαυτὸν

1968 4597 2132 4664 hujus
2181 4601 2473 4662 usurpator
2503 4582 2569 4643 ab
2610 4587 2760 4642 omni
2803 4581 3147 4640 Ravennen‘si
3176 4581 3330 4649 plebe
3375 4579 3526 4643 ejici-

1967 4697 2077 4743 tur.
2135 4685 2265 4755 Ejus
2327 4682 2556 4738 consilio
2599 4691 2654 4734 et
2699 4694 2800 4748 ope
2854 4676 3110 4731 Saraceni
3180 4673 3272 4740 qui
3327 4670 3528 4723 Italiam

1967 4777 2286 4834 obtinebant
2351 4775 2496 4828 circa
2561 4770 2790 4826 Romam
2855 4767 3050 4822 devicti
3112 4774 3260 4820 sunt.
3332 4761 3532 4814 Deinde

1964 4873 2080 4942 ipse
2112 4885 2246 4939 papa
2288 4866 2525 4922 Joannes
2570 4875 2625 4919 et
2655 4863 2895 4917 marchio
2947 4859 3225 4913 Albericus
3263 4854 3531 4906 intranti's

1966 4966 2018 5018 in
2051 4962 2302 5032 Apuliam
2337 4969 2526 5014 contra
2560 4957 2868 5011 Saracenos
2896 4951 3049 5022 juxta
3078 4947 3446 5004 Carihanurn,
3479 4956 3532 4997 ct

1966 5072 2089 5112 cum
2125 5055 2208 5109 eis
2241 5068 2431 5106 manus
2459 5053 2862 5104 committentes
2889 5046 3084 5097 iterum
3110 5055 3204 5093 eos
3234 5037 3362 5090 totis
3404 5051 3524 5088 cum

1964 5148 2177 5204 viribus
2233 5145 2510 5200 fuderunt.
2567 5141 2762 5194 Postea
2810 5125 3038 5190 Romam
3111 5132 3400 5185 redeuntes
3462 5125 3530 5176 ab

1965 5241 2112 5295 omni
2160 5239 2359 5308 populo
2415 5237 2466 5288 in
2518 5234 2712 5304 gaudio
2743 5239 2797 5284 et
2842 5229 3052 5280 honore
3105 5220 3315 5289 excepti
3364 5227 3529 5286 sunt;

1968 5332 2058 5388 sed
2102 5329 2298 5385 deinde
2330 5327 2598 5381 discordia
2637 5324 2775 5376 inter
2812 5320 2934 5373 illos
2980 5324 3252 5386 surgente,
3286 5309 3529 5363 marchio

1969 5425 2036 5477 ab
2069 5425 2202 5477 urbe
2231 5421 2541 5490 expellitur,
2567 5427 2619 5472 et
2645 5414 2867 5470 castello
2888 5412 3016 5465 Orta
3047 5406 3265 5460 nomine
3301 5404 3528 5471 potitus,

1971 5518 2076 5570 illic
2114 5532 2170 5569 se
2213 5515 2436 5576 detinet,
2491 5511 2655 5564 mittit
2696 5517 2874 5560 autem
2913 5505 3112 5569 legatos
3152 5499 3216 5551 ad
3257 5496 3525 5559 llungrns.

1969 5617 2026 5661 ιιι
2061 5606 2280 5660 veniant
2327 5612 2381 5656 ct
2429 5600 2739 5670 possideant
2771 5597 3140 5647 Romanorum
3188 5597 3396 5645 terras;
3436 5579 3528 5648 qui

374 5772 445 5843 (ὃ)
471 5768 768 5842 Utramque
806 5770 1173 5827 narrationem
1204 5769 1268 5825 de
1300 5784 1514 5827 carcere
1543 5776 1595 5824 et
1624 5733 1688 5822 de
1724 5763 2049 5820 mouachatu
2115 5755 2490 5826 Clll'istopltori
2521 5752 2681 5810 refert
2717 5751 2875 5805 etiam
2913 5745 3235 5804 BCl‘tlul'dus.
