4010 6470
173 333 264 398 413

1259 348 1342 409 ΙΝ
1383 351 1832 412 PROPIIETAS
1880 357 2250 420 MINORES.

3279 357 3383 423 414

171 449 249 501 καὶ
279 445 349 513 τῷ
378 445 491 499 ὄντι
530 447 705 502 είπεῖν
732 449 936 518 νοερῶς
978 453 1397 525 ἐπιτραπέντες,
1432 458 1527 510 καὶ
1576 462 1691 528 ὁρι-

1808 476 2031 530 superne
2057 466 2233 520 edocti
2261 477 2313 521 et
2351 470 2551 538 reipsa‘
2581 473 2859 542 sapienter
2908 473 3056 541 loqui
3104 475 3382 528 conliden-

168 538 356 597 σθέντςς
383 538 515 608 πρὸς
552 540 709 602 Θεοῦ,
749 542 920 594 ταῦτα
952 546 1031 607 εἰς
1067 545 1343 619 προῦπτον
1380 539 1701 620 λευκότερον

164 627 564 696 ἐσαῳηνὶσαμεν.
603 632 666 683 Ol
698 631 804 702 γὰρ
832 633 938 703 πρὸ
959 636 1114 704 ἡμῶν
1147 638 1410 692 θειότατοι
1455 642 1546 694 καὶ
1581 643 1700 695 θεο-

164 719 298 788 φόροι
329 720 585 790 Πατέρες,
641 724 698 774 ὲν
731 727 1035 795 καταλήψει
1094 729 1245 782 ταῦτ’
1296 731 1546 802 ἔχοντες,
1604 737 1700 804 οὐχ

163 810 352 862 ἅπαντα
395 809 828 880 διηρμήνευσαν,
880 816 1027 872 ἐστιν
1088 823 1284 886 εἰπεῖν,
1328 825 1472 893 qam
1515 825 1604 878 διὰ
1640 827 1700 879 τὸ

164 900 482 969 πολυπληθὲς
525 905 636 956 τῶν
681 907 966 976 νοημάτων
1000 912 1068 964 τὰ
1095 914 1264 966 πολλὰ
1300 918 1696 984 παρεάςαντες,

165 992 283 1062 ήὸτι
312 993 428 1045 Θεία
483 1013 569 1058 τις
612 997 704 1049 καὶ
730 1000 868 1068 πρὸς
887 1001 948 1054 τὸ
977 1004 1152 1074 τέρμα
1179 1007 1330 1059 τοῦδε
1365 1009 1459 1060 τοῦ
1493 1012 1697 1077 κόσμου

162 1085 482 1154 ταμιεύσασα
535 1091 808 1159 τετήρηκε
861 1092 982 1147 θεία
1034 1098 1214 1166 χάρις,
1272 1099 1358 1152 διὰ
1406 1101 1467 1151 τὸ
1500 1103 1700 1155 καὶτὰ

163 1173 265 1226 καθ’
294 1175 433 1244 ἡμᾶς
457 1177 555 1246 ήδη
588 1180 760 1249 πέρας
810 1181 974 1250 ἔχειν,
1009 1187 1105 1238 καὶ
1153 1188 1288 1256 πρὸς
1321 1190 1492 1243 αίῶνα
1524 1192 1700 1245 νεύειν

162 1267 239 1317 τδν
260 1268 638 1337 ἐπερχόμενον.
669 1272 802 1349 Οὐδὲ
831 1275 939 1346 γὰρ
969 1277 1088 1348 είκῇ
1138 1278 1229 1331 τὸν
1261 1282 1491 1349 τυχόντα
1539 1284 1699 1338 πόνον

162 1358 241 1409 καὶ
262 1358 449 1428 ίδρῶτα
505 1363 654 1415 τόνδε
689 1345 791 1416 τὸν.
809 1345 1133 1440 ὀνησιφόρον
1154 1345 1591 1444 κατεὸαλόμεθα,
1620 1379 1700 1441 είς

160 1450 280 1519 ἀέρα
309 1453 463 1521 μόνον
485 1455 577 1509 τὸν
607 1458 730 1512 νοῦν
753 1461 1022 1530 δέροντες.

218 1542 276 1611 β’.
309 1544 442 1598 Ἀλλ’
461 1548 651 1620 ἐπειδὴ
670 1553 932 1622 ἑωρῶμεν
949 1555 1072 1619 τοὺς
1090 1557 1402 1628 ἀλιτηρῖους
1419 1559 1701 1630 Ἐϐραίους

164 1636 282 1700 pud
305 1638 568 1700 τοσαύτας
595 1645 841 1707 παιδείας
871 1646 966 1700 καὶ
1007 1648 1399 1715 ἑξωκείλαντας
1428 1652 1520 1704 τοῦ
1562 1654 1702 1720 ἁγα-

160 1726 260 1790 θοῦ,
293 1732 382 1781 καὶ
403 1730 484 1783 ἔτι
511 1733 941 1803 τληπαθοῦντας,
970 1745 1064 1793 καὶ
1098 1741 1239 1794 πάνυ
1273 1759 1334 1810 γε
1369 1744 1703 1822 κερτομοῦν-

155 1834 258 1882 τας.
316 1821 723 1895 ἀθυροστόμους
774 1847 833 1882 τε
879 1831 1326 1902 βρενθυομένους,
1368 1840 1460 1890 καὶ
1503 1838 1557 1889 εἴ
1597 1854 1699 1891 που

153 1909 344 1978 τὺχοιεν
372 1915 496 1978 τοὺς
542 1917 937 1989 ἀμλεστέρους
993 1926 1400 1995 φενακίζοντας,
1445 1931 1539 1983 καὶ
1589 1932 1700 1983 δει-

155 2002 245 2062 νῶς
280 2003 749 2078 διατεινομένους,
801 2017 897 2065 καὶ
953 2017 1369 2085 ἀντιλέγοντας,
1427 2022 1502 2084 ὡς
1549 2021 1701 2075 οὔπω

154 2092 260 2144 κατ’
287 2097 480 2159 αὐτοὺς
531 2100 559 2150 ὁ
583 2103 820 2172 Χριστὸς
849 2099 976 2174 ἧκε,
1020 2111 1480 2179 προσδεχομένους
1515 2131 1573 2165 τε
1607 2114 1700 2167 καί

153 2188 573 2256 καραδοκοῦντας
612 2196 692 2257 εἰς
727 2196 934 2264 μάταια
977 2198 1070 2252 τὸν
1121 2201 1490 2272 Ἀντίχριστον
1517 2206 1701 2268 αὐτοῖς

150 2278 350 2334 ἔσεσθαι
378 2283 437 2352 τὸ
472 2283 666 2359 δοκοῦν
693 2287 784 2340 τὸν
838 2289 1074 2359 δυσσεϐῆ
1122 2295 1214 2346 καὶ
1263 2297 1496 2350 πλάνον·
1531 2298 1700 2352 πολλὰ

149 2368 199 2424 δὲ
226 2373 309 2426 καὶ
359 2374 496 2427 ἄλλα
548 2356 830 2448 δεινότερα
875 2382 1016 2434 κατὰ
1061 2356 1158 2453 τῆς
1209 2386 1513 2456 ἀμωμήτου
1544 2389 1703 2460 ήμῶν

150 2463 246 2517 τῶν
265 2465 603 2538 Χριστιανῶν
625 2471 860 2534 πίστεως
884 2473 1221 2545 βλασφήμως
1254 2480 1700 2551 ὲρεσχελοῦντας,

149 2555 233 2609 καὶ
281 2559 360 2619 είς
410 2561 576 2620 κενὰς
626 2560 850 2624 ἐλπίδας
905 2567 1204 2635 κεχηνότας
1251 2569 1378 2632 τοὺς
1434 2570 1700 2641 ἄφρονας,

149 2647 281 2701 ἀλλὰ·
318 2651 412 2703 καὶ
478 2652 587 2705 τῶν
646 2655 768 2708 κατ’
807 2656 1007 2720 αὐτοὺς
1049 2659 1262 2713 ὰσεϋῶν
1311 2663 1602 2732 α’ίρετικῶν
1634 2666 1700 2720 τὰ

151 2738 430 2810 βλάσφημα
471 2743 716 2813 στόματα
746 2746 862 2815 μετ’
884 2748 1067 2802 αὐτῶν
1096 2750 1203 2804 τῶν
1227 2754 1428 2823 ὁμοίων
1464 2758 1530 2826 τῇ
1564 2757 1700 2812 θεοῦ

152 2834 427 2906 συνεργείᾳ
452 2837 730 2905 ἐμφράξαι
758 2837 1093 2908 βουλόμενοι,
1127 2843 1222 2895 καῖ
1241 2843 1431 2913 δεῖξαι,
1452 2847 1548 2901 καὶ
1581 2852 1702 2902 πεῖ·-

151 2937 250 2985 σαι,
293 2923 366 2986 ὡς
397 2922 504 2997 ἧκε
553 2927 788 2998 Χριστὸς
835 2931 932 2983 καὶ
979 2923 1148 2986 ἔπαθε
1183 2939 1524 3008 σαρκοφ”όρος
1551 2941 1701 3007 γενό-

153 3031 316 3081 μενος,
346 3019 438 3070 καὶ
470 3019 700 3090 τέθνηκε
740 3023 832 3075 καὶ
854 3026 1079 3098 ἀνέστη,
1113 3027 1208 3081 καὶ
1248 3026 1526 3103 ἀνελήφθη
1552 3023 1699 3104 ,πρὸς

150 3108 234 3159 τὸν
259 3109 478 3181 Πατέρα
521 3114 602 3177 είς
652 3115 914 3185 οὐρανοὺς
965 3120 1109 3190 μετὰ
1135 3121 1410 3190 σώματος,
1446 3107 1541 3179 καὶ
1581 3126 1700 3198 ἥξει

150 3201 297 3255 πάλιν
324 3200 355 3256 ὅ
380 3204 544 3268 αὐτὸς
575 3205 650 3268 ὡς
686 3205 1037 3280 θεάνθρωπος
1065 3202 1149 3264 ὧν
1193 3215 1331 3283 μετὰ
1355 3217 1455 3285 τῆς
1488 3216 1702 3289 ἀφθάρ·

148 3307 241 3345 του
277 3297 478 3367 capiet;
532 3299 704 3353 αὑτοῦ
731 3318 746 3332 ·
778 3302 879 3355 ’καὶ
940 3301 1022 3357 ὅτι
1059 3298 1218 3369 οὗτός
1248 3309 1420 3362 -εστιν
1450 3309 1478 3361 ὅ
1519 3310 1650 3375 Θεὸς
1675 3311 1704 3364 ὁ

150 3376 323 3452 ἀΐδιος.
383 3381 566 3446 ταῦτα
643 3394 820 3462 δεῖξαί
889 3397 1202 3470 βουλόμενοι
1256 3403 1342 3466 είς
1410 3405 1704 3457 κατάλυσιν

149 3481 248 3536 τῶν
305 3485 542 3549 ἅσεθῶν,
597 3489 692 3542 καὶ
749 3492 830 3554 είς
883 3493 1224 3547 ἀνα’καίνισιν
1282 3495 1391 3548 τῶν
1439 3491 1700 3564 εὐσεὸὦν,

149 3571 217 3634 tb‘;
258 3575 320 3628 ἐν·
389 3578 700 3648 προφήταις
755 3579 1060 3650 ὁμοφώνως
1116 3585 1458 3656 δηλούμενα,
1533 3588 1704 3643 ταῦτα

148 3663 499 3738 διεξήλθομεν,
534 3664 646 3724 πᾶν
695 3663 873 3743 νόημα
922 3676 1022 3746 τῆς
1070 3669 1231 3747 ἁγίας
1285 3679 1510 3748 Γραφῆς
1563 3683 1704 3735 κατὰ

151 3757 347 3813 παῦλον
410 3762 502 3814 τὸν
555 3765 730 3832 μέγαν
776 3766 1073 3821 ἀπόστολον
1143 3769 1232 3821 ἐπ’
1286 3770 1520 3843 ὠφελείᾳ
1595 3774 1704 3826 τῶν

150 3847 438 3904 ἀκουόντων
482 3844 772 3924 εἰρημένον
802 3858 880 3918 εἰς
913 3857 1144 3927 Χριστὸν
1179 3860 1701 3930 αἰχμαλωτίζοντες.

216 3941 280 4010 γ’.
306 3937 419 4000 Καί
441 3963 532 4016 μοι
554 3948 645 4001 τὸν
681 3949 804 4002 νὀῦν
827 3951 1066 4015 εὐσεϐῶς
1099 3951 1431 4024 ὲπιστήσατε
1461 3957 1576 4010 ὅσοι
1605 3960 1702 4028 τῆς

155 4025 418 4109 μακαρίας
463 4039 611 4111 ζωῆς
664 4044 722 4095 ἐν
777 4044 992 4114 μεθέξει
1049 4042 1305 4114 γενέσθαι
1359 4050 1602 4120 ἐφίεσθε,
1635 4025 1701 4106 ἵν’

153 4126 287 4199 ἴδητε
340 4131 457 4196 πῶς
510 4127 655 4187 οἶδεν
693 4136 751 4188 ὲν
794 4134 1008 4207 ὀργάνῳ
1033 4139 1306 4210 ’πενιχρῷ
1325 4141 1567 4212 ταπεινῷ
1611 4144 1704 4197 καὶ

154 4219 361 4292 σμικρῷ
386 4223 414 4274 ό
441 4222 576 4287 Θεὸς
628 4223 811 4278 λαλεῖν
841 4227 910 4280 τὰ
955 4227 1118 4280 αὑτοῦ
1139 4243 1153 4256 ⁸
1209 4229 1398 4299 μηδεὶς
1426 4230 1703 4301 ἀντίλογος

153 4305 301 4378 (στω,
350 4309 727 4387 φιλόχριστοι·
779 4318 878 4388 οὐχ
938 4318 1210 4391 ἡμέτερον
1253 4321 1314 4375 τὸ
1363 4323 1568 4395 δρᾶμα,
1608 4326 1703 4380 τοῦ

155 4395 278 4456 Θεοῦ
310 4404 417 4476 γὰρ
449 4405 482 4475 ή
525 4401 707 4476 χάρις,
735 4408 823 4461 ἵνα
855 4403 1002 4482 δείξῃ
1048 4399 1130 4463 ὅτι
1181 4412 1250 4465 τὰ
1305 4409 1704 4486 ἐξουθενημένα

1804 566 1907 619 tes,
1938 567 1990 610 et
2035 574 2096 611 ex
2133 558 2242 614 Deo
2269 561 2610 629 definientes,
2653 565 2763 618 hwc
2796 558 2847 620 in
2883 566 3244 635 limpidiorem
3269 570 3384 622 cla-

1802 647 2013 702 ritatem
2052 653 2458 719 proposuimus.
2497 655 2599 720 Qui
2633 658 2776 709 enim
2821 667 2945 711 ante
2980 674 3080 712 nos
3143 660 3384 717 Sanctis-

1802 739 1922 792 simi
1986 749 2039 793 et
2073 740 2240 795 divini
2285 742 2690 803 Patrcshorum
2728 749 3143 816 intelligentiam
3182 752 3387 804 habue-

1803 835 1949 890 runt,
1984 843 2088 880 non
2131 832 2317 884 omnia
2353 832 2693 902 interpretati
2731 847 2881 903 sunt,
2926 838 2976 890 id
3008 849 3109 897 est.
3141 840 3222 892 vel
3257 840 3384 906 quia

1801 917 2191 969 sententiarum
2257 921 2656 976 multitudinem
2715 927 3034 995 plerumque
3085 929 3385 995 przrtcrmi-

1801 1018 2011 1071 serunt,
2081 1009 2163 1063 vel
2223 1013 2353 1080 quia
2401 1015 2587 1069 divina
2652 1020 2898 1086 quadam
2944 1019 2998 1072 in
3051 1020 3234 1083 mundi
3266 1019 3382 1086 ejus

1801 1098 2090 1150 terminum
2128 1114 2399 1169 seponens
2435 1104 2609 1174 gratia
2659 1109 3000 1173 reservavit,
3053 1108 3216 1163 rebus
3263 1125 3388 1176 qua:

1801 1184 1944 1240 circa
1972 1202 2071 1242 nos
2101 1201 2228 1245 sunt
2258 1194 2417 1246 linem
2464 1211 2591 1250 mox
2640 1197 2990 1262 habentibus,
3042 1207 3094 1253 et
3125 1200 3190 1252 ad
3235 1201 3383 1252 l'utu-

1802 1292 1919 1362 rum
1968 1281 2221 1336 sarculum
2254 1286 2623 1343 tendentibus.
2663 1288 2780 1344 Non
2819 1292 2962 1344 enim
3012 1302 3212 1346 temere
3245 1309 3383 1362 prae-

1803 1355 2010 1424 sentem
2055 1373 2294 1428 laborem
2328 1387 2381 1430 et
2426 1379 2655 1434 sudores
2713 1382 2847 1436 istos
2891 1385 3156 1439 salutares
3188 1399 3380 1438 susce-

1803 1461 2000 1531 pimus,
2034 1464 2089 1518 in
2119 1481 2297 1521 aerem
2338 1478 2544 1522 tantum
2596 1483 2826 1527 mentem
2864 1475 3213 1542 dissipantes.

1871 1554 1925 1606 2.
1963 1554 2066 1609 Sed
2097 1559 2354 1624 quoniam
2389 1562 2626 1617 vidimus
2683 1563 2920 1618 nefarios
2973 1564 3231 1620 llehrieos
3262 1577 3382 1637 post

1806 1639 1912 1696 tam
1940 1645 2138 1700 multas
2174 1649 2564 1716 castigationes
2595 1667 2863 1708 aversosa
2899 1655 3063 1719 bono,
3098 1658 3228 1710 etin
3267 1657 3380 1725 ipsa

1803 1735 1978 1790 adhuc
2005 1752 2164 1805 pmna
2202 1740 2435 1794 multum
2489 1742 2841 1803 insultantes.
2890 1745 3186 1814 linguaque
3219 1745 3382 1798 eiii-e-

1736 1806 1776 1871 Β
1808 1838 1930 1880 nuta
1965 1829 2362 1897 superbientes,
2403 1841 2456 1885 et
2489 1834 2534 1886 si
2576 1834 2667 1902 qui
2705 1835 3052 1888 occurreriut
3087 1836 3386 1888 modestio-

1811 1932 1898 1972 res
1954 1921 2304 1988 pertinaciter
2357 1923 2683 1988 ohstinatos,
2716 1928 3178 1990 contradicentes,
3227 1928 3385 1997 quasi

1808 2013 2046 2066 nondum
2076 2015 2331 2071 Christus
2388 2020 2529 2086 apud
2580 2019 2703 2073 illos
2751 2021 2979 2086 venerit,
3008 2031 3288 2088 sperantes
3335 2030 3387 2073 et

1806 2116 2185 2175 exspectantes
2217 2111 2268 2161 in
2315 2122 2514 2164 vanum
2560 2112 2956 2168 Autichristum
2995 2115 3104 2168 illis
3142 2115 3384 2169 futurum

1808 2211 1952 2258 esse,
1981 2213 2088 2265 quo
2116 2199 2386 2254 videbitur
2412 2202 2612 2271 impius
2644 2216 2696 2258 et
2725 2206 2953 2258 mendax
2993 2223 3007 2270 ;
3044 2206 3209 2260 multa
3241 2224 3388 2276 quo—

1808 2301 1913 2358 que
1947 2291 2052 2344 alia
2079 2293 2316 2345 truciora
2352 2293 2406 2346 in
2455 2305 2699 2350 nostram
2741 2295 3177 2351 Christianorum
3206 2298 3390 2352 incor-

1809 2391 2020 2452 ruptam
2067 2384 2223 2439 [idem
2270 2401 2400 2458 cum.
2451 2387 2808 2457 blaspltemiis
2860 2391 3198 2463 cavillantes,
3246 2394 3388 2446 etin

1808 2478 1958 2545 spem
1989 2477 2205 2530 inanem
2238 2486 2297 2532 ut
2327 2479 2525 2533 stultOs
2555 2479 2793 2546 hiantes,
2822 2483 3074 2536 volumus
3100 2486 3390 2553 impiorum

1809 2568 1950 2620 inter
1981 2567 2102 2622 illos
2135 2576 2190 2622 et
2215 2571 2600 2626 haereticorum
2621 2573 3064 2643 blasphemantia
3099 2590 3193 2629 ora
3226 2577 3391 2644 ipsis-

1810 2668 1918 2711 inet
1961 2658 2240 2715 similibus
2271 2662 2588 2719 rationibus
2607 2662 2719 2719 Deo
2753 2665 3049 2736 adiuvante
3076 2667 3389 2733 occludere,

1809 2752 2095 2807 ostendere
2124 2761 2179 2805 et
2209 2755 2556 2827 persuadere,
2603 2755 2882 2812 Christum
2944 2761 3056 2830 jam
3092 2762 3308 2816 venisse
3338 2772 3393 2816 et

1809 2853 2040 2910 passum
2060 2857 2182 2898 esse
2213 2845 2264 2898 in
2297 2860 2462 2901 carne
2512 2848 2740 2914 factum,
2797 2843 3076 2906 mortuum
3122 2869 3280 2919 esse,
3309 2871 3390 2909 re-

1809 2935 2137 2999 surrexisse,
2203 2937 2517 2994 ascendisse
2576 2941 2644 2995 ad
2702 2939 2917 2996 Patrem
2967 2945 3019 2996 in
3051 2945 3219 3000 caelos
3262 2962 3390 3000 cum

1809 3038 2036 3093 corpore
2090 3040 2213 3090 suo,
2261 3037 2318 3082 et
2371 3040 2662 3086 venturum
2701 3049 2826 3089 esse
2883 3035 3078 3089 iterum
3133 3039 3386 3091 eumdem

1810 3115 1980 3171 Deum
2033 3118 2194 3173 simul
2249 3129 2304 3174 et
2337 3122 2614 3178 hominem
2671 3139 2794 3180 cum
2847 3132 2946 3182 sua
2986 3129 3390 3198 incorruptibili

1809 3223 1995 3275 carne,
2022 3219 2075 3264 et
2104 3211 2253 3266 hunc
2299 3211 2470 3267 Deum
2514 3230 2637 3271 esse
2689 3229 2952 3284 aaternum
2986 3235 2999 3273 :
3030 3221 3146 3275 han:
3197 3231 3389 3278 osten-

1808 3299 1944 3355 dere
1976 3300 2222 3356 volentes
2256 3303 2310 3356 in
2337 3303 2774 3381 destructionem
2819 3310 3108 3379 impiorum
3150 3321 3204 3366 et
3226 3329 3393 3367 reno-

1805 3392 2078 3446 vati'onem
2119 3394 2355 3462 piorum,
2381 3405 2438 3451 ut
2467 3395 2611 3467 apud
2648 3401 2948 3471 prophetas
2984 3404 3229 3457 unanimi
3257 3419 3394 3456 con-

1804 3497 1970 3540 sensu
2008 3485 2379 3544 manifestata.
2417 3487 2545 3546 Ilaec
2572 3496 2955 3562 exposuimus,
2995 3509 3216 3548 omnem
3257 3511 3391 3550 san-

1805 3587 1907 3632 ctae
1953 3578 2255 3648 Scriptura
2307 3584 2636 3639 sententiam
2655 3586 2818 3657 juxta
2869 3587 3096 3643 Paulum
3133 3605 3390 3661 magnum

1806 3670 2132 3740 Apostolum
2167 3672 2208 3736 ',
2249 3673 2317 3728 a'd
2371 3677 2664 3735 utilitatem
2724 3679 3063 3735 audientium
3122 3681 3390 3747 prolatam

1815 3763 1871 3817 in
1906 3765 2183 3821 Christum
2209 3767 2570 3836 captivantes.

1875 3955 1928 4008 5.
1951 3952 2275 4026 Mihifigitur
2288 3963 2522 4011 mentem
2546 3957 2632 4027 pie
2655 3958 2926 4025 adhibete,
2943 3960 3395 4033 qtiotquotbeatae

1805 4047 1928 4101 vitae
1951 4056 2235 4103 consortes
2262 4049 2376 4103 ﬁeri
2405 4050 2628 4120 cupitis,
2671 4060 2731 4106 ut
2755 4053 2982 4110 videatis
3012 4059 3288 4126 quomodo
3321 4060 3377 4112 in

1806 4150 2016 4209 organo
2037 4139 2224 4206 debili,
2258 4141 2447 4197 humili
2479 4152 2535 4198 et
2559 4159 2729 4215 parvo
2757 4146 2980 4201 sciverit
3002 4146 3144 4204 Deus
3163 4165 3260 4206 sua
3281 4151 3396 4205 elo-

1807 4236 1899 4302 qui
1937 4249 1951 4298 ;
1984 4229 2167 4287 nullus
2222 4235 2585 4301 contradicat,
2650 4233 2859 4292 Christi
2920 4240 3243 4316 amatores;
3282 4259 3396 4299 non

1806 4335 2055 4381 nostrum
2082 4320 2163 4382 est
2201 4341 2381 4396 Opus;
2417 4325 2528 4392 Dei,
2551 4330 2699 4384 enim
2740 4332 2913 4401 gratia
2937 4341 3047 4398 est,
3108 4341 3169 4388 ut
3201 4343 3394 4390 osten-

1805 4412 1968 4475 datur
1996 4421 2420 4490 contemptibitia
2437 4430 2490 4475 et
2508 4420 2734 4478 humilia
2754 4439 2786 4481 a
2830 4422 2940 4480 Deo
2975 4426 3152 4483 electa
3180 4441 3302 4483 esse
3323 4427 3394 4481 ad

156 4493 244 4547 καὶ
294 4495 360 4548 τὰ
412 4498 647 4588 ταπεινὰ
675 4498 955 4565 ἐξελέξατο
997 4504 1026 4556 ὁ
1066 4501 1220 4570 Θεδς,
1250 4504 1339 4558 ἵνα
1365 4509 1701 4581 καταισχύνῃ

1808 4507 2253 4569 confundendum
2287 4511 2451 4582 fortia
2481 4517 2525 4570 ⁸.
2554 4513 2659 4582 Qui
2690 4517 2840 4573 enim
2886 4532 2987 4590 ego
3015 4533 3162 4582 sum.
3190 4535 3402 4589 parvus

157 4584 219 4638 τὰ
246 4585 454 4661 ισχυρὰ.
496 4579 593 4675 Τίς
639 4590 748 4663 γὰρ
802 4589 914 4661 ἐγὼ
951 4597 979 4647 ο
1023 4597 1219 4666 μικρὸς
1247 4597 1337 4651 καὶ
1370 4601 1583 4670 πτωχὸς
1606 4579 1702 4658 καί

1811 4611 1866 4663 et
1921 4603 2204 4662 mendicus
2239 4615 2294 4662 et
2322 4616 2575 4674 peccator
2602 4608 2789 4674 homo,
2829 4619 2888 4688 υ)
2909 4610 3098 4667 eadem
3123 4612 3177 4667 in
3212 4623 3394 4668 mente

156 4672 459 4750 ἁμαρτωλὸς
501 4673 809 4754 ἅνθρωπος,
846 4686 932 4739 ἵνα
975 4688 1043 4741 τὰ
1086 4688 1227 4742 αὐτὰ
1265 4691 1346 4754 είς
1378 4691 1504 4745 νοῦν
1527 4693 1710 4748 λαϐὼν

158 4771 258 4832 τοῖς
301 4772 437 4844 ἐμοῦ
493 4774 765 4846 ἐξείποιμι
813 4779 1156 4846 κρείττοσιν;
1213 4769 1338 4837 ὅθεν
1373 4785 1584 4838 εἰσεσθε
1617 4788 1712 4858 καὶ

159 4857 316 4931 αὖθις,
364 4867 465 4921 οὐκ
501 4867 560 4931 εξ
596 4869 752 4938 ipsa,
807 4870 943 4924 ἀλλά
975 4872 1110 4926 Θεοῦ
1155 4874 1215 4927 τδ
1262 4874 1454 4946 δῶρον.
1489 4878 1580 4947 Μὴ
1619 4857 1713 4932 συν

161 4954 237 5008 δτι
263 4958 317 5010 τὸ
349 4957 595 5023 statim
627 4963 722 5013 καὶ
747 4961 807 5014 οὐ
833 4963 1008 5035 πάντη
1064 4965 1410 5036 καταληπτὸν
1442 4968 1542 5039 τήν
1574 4971 1714 5040 ἁγα-

162 5045 249 5115 θήν
270 5051 467 5120 ταύτην
498 5052 705 5126 είδησίν
727 5069 810 5116 τις
846 5055 1210 5128 ἐκμυκτηρὲεῐ
1228 5075 1241 5088 °
1261 5049 1395 5113 Θεοῦ
1446 5063 1553 5130 γάρ
1581 5064 1696 5117 ἐστι

166 5139 308 5205 μόνου
353 5146 416 5198 τὸ
466 5146 575 5198 πᾶν
619 5146 932 5212 ἀπταίστως
1007 5151 1547 5221 καταλαμϐάνεσθαι.
1613 5156 1706 5210 Διὸ

163 5227 392 5302 δυσωπῶ,
455 5238 757 5309 σκοπητὲον
801 5238 941 5292 ἔστω
991 5243 1102 5304 τοῖς
1132 5243 1421 5312 φιλοθέοις,
1469 5246 1542 5317 μὴ
1589 5251 1704 5312 τοῖς

167 5318 405 5388 ἐναντίοις
427 5343 478 5380 τι
509 5328 616 5380 τῶν
644 5329 823 5382 καλῶν
847 5322 1140 5402 προέσθαι,
1173 5335 1307 5390 ἀλλὰ
1359 5339 1621 5409 νουνεχῶς
1646 5357 1705 5392 τε

168 5405 249 5467 καὶ
281 5418 713 5490 ὲπιστημονικῶς
745 5424 802 5476 ἐν
835 5426 1090 5498 ἀκριῦεία
1122 5428 1296 5483 ταῦτα
1341 5405 1703 5502 διαλέγεσθαι,

173 5506 236 5576 μὴ
291 5512 687 5582 παροδευτικῶς
740 5517 873 5585 μηδὲ
935 5519 1276 5587 φιλονείκως,
1339 5527 1430 5594 ἀφ’
1475 5517 1536 5582 οὗ
1583 5529 1705 5582 οὐδὲ

171 5593 426 5673 λυσιτελής
463 5605 494 5676 ή
523 5605 784 5674 ὠφέλεια,
817 5609 952 5663 ἀλλᾶ
982 5612 1241 5680 φιλοθέως
1283 5617 1373 5671 καὶ
1405 5635 1706 5691 πνευματι-

244 5763 256 5793 ¹
286 5763 304 5820 Ι
333 5766 470 5823 Tim.
509 5781 586 5835 Ill,
621 5769 706 5823 16.
786 5773 804 5802 ³
837 5768 1005 5827 lCor.
1043 5788 1079 5838 ι,
1108 5774 1196 5828 27.

1810 4693 2149 4770 perspiciens
2173 4699 2495 4757 melioribus
2539 4717 2628 4757 me
2671 4704 2966 4760 enarrem?
2993 4703 3175 4772 Quare
3205 4704 3396 4760 sciatis

1810 4793 2031 4858 iterum,
2085 4793 2137 4848 id
2189 4808 2297 4848 non
2342 4809 2406 4848 ex
2448 4809 2534 4849 me
2562 4811 2707 4863 esse,
2765 4797 2859 4852 sed
2898 4797 2992 4853 Dei
3053 4797 3284 4853 donum.
3315 4797 3395 4853 Ne

1812 4881 1979 4956 igitur
2007 4894 2234 4956 propter
2258 4881 2531 4940 defectum
2562 4896 2661 4942 aut
2689 4887 3153 4953 insuﬂicientiam,
3188 4889 3392 4943 bonam

1817 4978 1960 5032 hanc
2008 4973 2317 5032 doctrinam
2359 4979 2559 5049 aliquis
2593 4981 2859 5036 irrideat:
2894 4980 2988 5036 Dei
3033 4981 3179 5036 enim
3220 4981 3394 5036 solius

1814 5077 1897 5124 est
1954 5079 2125 5124 totum
2170 5069 2526 5126 infallihiliter
2572 5072 3057 5141 comprehendere.
3110 5071 3233 5127 Ideo
3264 5087 3394 5140 rogo

1814 5172 1872 5216 ut
1900 5161 2023 5216 talis
2061 5162 2134 5215 sit
2169 5158 2260 5216 Dei
2315 5163 2511 5220 amicis
2547 5179 2771 5233 scopus,
2797 5181 2863 5219 ne
2895 5165 3045 5219 velut
3091 5163 3390 5218 adversarii

1816 5253 2210 5321 aliquid.boni
2258 5254 2696 5325 prmtermittant,
2752 5259 2845 5312 sed
2876 5267 2936 5311 ut
2991 5257 3284 5326 prudenter
3337 5262 3392 5307 et

1815 5347 2093 5415 sapienter
2125 5361 2249 5400 eum
2276 5333 2553 5417 diligentia
2598 5346 2715 5402 haec
2746 5355 3020 5413 tractent;
3063 5361 3169 5399 non
3193 5359 3394 5415 prope-

1814 5436 1988 5493 rando
2048 5455 2225 5510 neque
2291 5440 2635 5507 aemulando,
2696 5441 2840 5496 unde
2905 5440 3054 5495 nulla
3128 5438 3394 5493 salutaris

1817 5530 2025 5587 utilitas
2068 5532 2264 5595 oritur,
2313 5531 2407 5586 sed
2448 5547 2574 5586 cum
2614 5531 2708 5587 Dei
2752 5544 2938 5586 amore
2967 5539 3020 5586 et
3078 5529 3388 5600 in‘Spiritu

1815 5638 1942 5679 cum
1967 5624 2231 5681 modestia
2256 5625 2371 5684 haec
2397 5626 2645 5698 accipite,
2672 5633 2725 5683 et
2749 5624 3046 5696 explorate,
3077 5635 3135 5681 ut
3162 5637 3257 5679 vos
3283 5634 3390 5676 tua-
