4010 6478
647 352 754 414 415

1383 351 1672 416 ΒΑειιιι
1715 350 2091 417 NEOPATR.
2128 354 2247 417 ΕΡ.
2286 355 2368 416 IN
2408 351 2856 417 PROPHETAS
2881 351 3063 414 ΜΙΝ.

3754 345 3840 407 liii

637 463 727 530 jus
773 461 988 515 lucrum
1040 457 1303 525 eﬂiciatis,
1349 469 1404 523 et
1447 459 1544 532 qui
1608 459 1873 516 docentur
1918 461 2196 516 meliorem

2307 463 2409 527 κῶς
2439 464 2504 517 ἐν
2534 463 2804 535 ἐπιεικείᾳ
2849 459 3024 516 ταῦτα
3046 454 3460 526 διαλαμϐάνετε,
3506 453 3603 508 καὶ
3655 453 3844 522 διεξέρ-

642 551 932 604 utilitatem
953 549 1270 620 percipiant.
1288 547 1446 606 Certe
1467 549 1700 606 multum
1722 550 1989 620 imprimis
2013 567 2198 606 curam

641 639 898 692 eximiam
933 640 1251 696 adhibentes
1275 680 1290 705 ,
1317 649 1372 695 et
1413 654 1537 711 qua
1564 656 1631 697 ex
1674 655 1734 696 so
1777 642 2201 713 interpretabilia

639 737 769 783 sunt
796 730 936 797 apud
982 731 1274 801 prophetas
1304 747 1334 786 a
1381 729 1492 788 Deo
1525 731 1848 803 impiatos,
1876 743 1931 789 et
1959 750 2081 803 qua:
2113 751 2204 792 oc-

639 821 859 876 casione
905 836 1082 877 rerum
1128 825 1496 894 quarumlibet
1558 825 1834 882 intellectu
1873 825 2018 901 facili
2058 829 2200 884 dicta

637 902 799 963 verba
839 910 891 963 in
950 909 1304 968 fundamento
1356 929 1500 978 esse,
1545 927 1604 969 ut
1656 917 1862 985 decet,
1917 919 2200 976 sinamus:

639 1015 759 1067 qua:
813 1015 944 1054 vero
992 1010 1121 1057 sunt
1175 1003 1408 1059 dillicilis
1459 1006 1854 1076 intelligentiae,
1909 1011 2204 1081 multisque

636 1090 872 1146 obscura
905 1100 958 1147 et
985 1108 1174 1162 parum
1199 1095 1509 1165 explanata,
1539 1099 1701 1152 etiam
1724 1108 1904 1155 autem
1928 1111 1983 1156 et
2005 1112 2205 1172 myste-

638 1180 719 1234 ria
756 1198 876 1250 qua:
910 1182 1138 1239 tendunt
1168 1188 1235 1239 ad
1262 1184 1498 1242 divinam
1524 1188 1722 1245 Christi
1754 1193 2200 1261 incarnationem,

643 1281 698 1325 ut
719 1287 907 1327 eorum
932 1274 1310 1331 obscuriurum
1337 1277 1743 1350 intelligentiam
1782 1283 2201 1349 illustraremus,

643 1363 1103 1432 multipliciteret
1154 1364 1342 1422 multis
1375 1371 1552 1425 modis
1604 1372 1658 1426 in
1713 1373 1803 1428 illa
1865 1377 2202 1444 explananda

639 1453 816 1508 solum
866 1455 1236 1523 incubuimus,
1301 1461 1592 1517 multarum
1643 1463 2033 1522 sententiarum
2095 1469 2202 1524 vim

640 1555 1018 1615 congerentes,
1040 1559 1092 1603 et
1110 1550 1164 1603 in
1191 1555 1663 1609 conﬁrmationem
1690 1557 1961 1619 dictorum
1985 1569 2204 1630 prOpter

643 1635 943 1692 invidentes
988 1649 1042 1693 et
1072 1641 1274 1696 invidia
1323 1646 1786 1713 contradicentes,
1821 1651 2133 1705 testimonia
2173 1667 2204 1706 e

639 1727 825 1781 multis
862 1741 1142 1801 assumpta
1190 1733 1530 1802 adducimus,
1568 1739 1836 1795 stabilitas
1877 1751 1931 1795 et
1973 1743 2058 1811 pie
2107 1743 2205 1798 ob-

2301 552 2478 623 χεσθε,
2504 553 2584 616 είς
2611 552 2674 605 τὸ
2702 552 2796 605 καὶ
2820 551 2964 621 ὁμᾶς
2991 566 3042 602 τι
3073 547 3233 601 πλέον
3260 545 3563 612 κερδανεῖν,
3595 545 3694 596 καὶ
3734 545 3843 604 τοὺς

2285 644 2775 713 ’μαθητευομένους
2828 640 3007 704 καλῶς
3045 639 3391 708 ὡφελεῖσθαι.
3459 635 3682 706 Ἀμέλει
3737 636 3847 703 περὶ

2301 733 2498 789 πολλοῦ
2530 735 2762 803 μάλιστα
2794 733 3025 803 σπουδὴν
3057 731 3267 800 ἀγαθὴν
3303 729 3603 798 τιθέμενοι,
3631 729 3736 779 ὅσα
3766 727 3849 793 μὲν

2279 826 2715 897 αὐθερμήνευτα
2744 828 2856 887 τοῖς
2885 823 3159 893 θεοσόφοις
3188 820 3492 891 προφήταις
3513 835 3526 848 ·
3555 820 3661 870 ὅσα
3693 816 3750 868 δὲ
3783 817 3851 869 εἰς

2301 934 2462 971 τινων
2493 918 2679 979 ἁπλῶς
2737 915 3078 987 πραγμάτων
3109 913 3237 965 ὄντα
3286 910 3553 979 εῦληπτον
3590 908 3854 975 πρόφασιν

2305 1012 2523 1080 ῥήματα
2550 1007 2627 1078 τῷ
2655 1007 2890 1078 θεμελίῳ
2942 1002 3082 1061 εἶναι
3124 1004 3199 1068 ῶς
3253 1002 3548 1072 προσῆκεν,
3585 1000 3857 1066 ἱάσαμεν·

2303 1102 2402 1155 ὅσα
2430 1101 2487 1155 δὲ
2511 1103 2587 1164 είς
2620 1098 2928 1169 ἀσυμφανῆς
2964 1097 3064 1168 τὴν
3099 1097 3409 1166 διάγνωσιν,
3458 1094 3550 1148 καὶ
3582 1095 3703 1154 τοῖς
3737 1092 3860 1144 πολ-

2303 1193 2414 1254 λοῖς
2429 1191 2636 1263 ἀσαφῆ.
2664 1193 2760 1246 καὶ
2775 1189 3164 1261 δυστέκμαρτα
3187 1188 3333 1252 δντα,
3361 1188 3440 1241 ἔτι
3461 1186 3516 1240 δὲ
3537 1191 3636 1239 καὶ
3663 1187 3746 1248 εἰς
3772 1183 3864 1252 τὴν

2306 1281 2444 1335 κατᾶ
2473 1283 2650 1352 σάρκα
2683 1280 2834 1334 θείαν
2877 1279 3192 1348 οἰκονομίαν
3227 1277 3461 1348 Χριστοῦ
3516 1275 3861 1349 συντείνοντα

2309 1377 2600 1445 μυστήρια,
2623 1373 2716 1428 ἆτε
2737 1373 2804 1443 δὴ
2840 1373 2935 1427 an
2963 1374 3072 1425 τῶν
3107 1370 3492 1441 λαφυροτίρωυ
3526 1370 3626 1438 τὴν
3659 1369 3866 1421 ἔννοιαν

2307 1466 2727 1537 ἐμφανίζοντες,
2769 1463 3087 1536 πολυμερῶς
3139 1480 3197 1516 τε
3262 1464 3358 1516 καὶ
3400 1462 3765 1534 πολυτρόπως
3814 1461 3864 1512 ἑν

2307 1562 2432 1628 τῇδε
2460 1557 2794 1632 διασαφῆσαι
2826 1557 2984 1625 μόνον
3028 1555 3284 1625 ὶθέμεθα,
3335 1553 3546 1607 πολλῶν
3577 1551 3864 1622 νοημάτων

2308 1651 2658 1722 ἀθροίσαντες
2691 1649 2942 1718 δύναμιν,
2983 1649 3076 1703 καὶ
3124 1651 3205 1711 εἰς
3235 1645 3526 1718 βεϐαίωσιν
3552 1646 3665 1698 τῶν
3686 1644 3868 1697 λαλου-

2311 1743 2501 1816 μένων
2539 1741 2627 1793 διὰ
2682 1739 2912 1802 πολλοὺς
2950 1740 3078 1801 τοὺς
3111 1738 3502 1808 βασκαίνοντας
3535 1735 3636 1790 καὶ
3666 1735 3871 1789 ἀντιλέ-

641 1818 884 1875 iirmatas
910 1822 1388 1894 interpretationes
1418 1830 1759 1895 colligentes,
1801 1843 1856 1886 et
1885 1849 1947 1887 ex
1977 1835 2202 1904 antiquo

2307 1833 2496 1901 γοντας
2520 1832 2721 1913 φθόνῳ,
2744 1832 2842 1894 τάς
2882 1833 2947 1884 ἐκ
2972 1829 3183 1883 πολλῶν
3208 1828 3511 1900 μαρτυρίας
3535 1826 3871 1897 χρησάμενοι

640 1911 844 1978 Moyse,
886 1915 992 1969 lilio
1031 1916 1196 1983 Nave,
1232 1919 1356 1984 Job,
1406 1920 1573 1975 David
1611 1933 1666 1977 et
1713 1924 2024 1991 Salomone,
2059 1937 2112 1982 et
2141 1943 2206 1983 ex

640 2007 955 2072 apostolicis
991 2019 1044 2064 et
1090 2012 1420 2081 evangelicis
1466 2017 1703 2072 oraculis
1734 2016 2023 2074 concordia
2055 2021 2207 2075 testi-

639 2101 821 2154 monia
856 2103 1219 2171 proferentes.

2313 1926 2770 1997 προτεθείκαμεν,
2793 1923 3191 1996 ὲρηρεισμίνας
3219 1923 3313 1976 καὶ
3329 1920 3568 1984 εὐσεϐῶς
3591 1919 3870 1991 ἡδρασμέ-

2311 2033 2407 2079 νας
2434 2018 2531 2079 τὰς
2562 2014 2860 2087 ἑρμηνείας
2909 2013 3292 2078 συντάξαντες.
3326 2012 3390 2065 ἐκ
3417 2029 3478 2064 τε
3516 2010 3611 2064 τοῦ
3641 2010 3870 2062 παλαιοῦ

2309 2111 2586 2171 Μωῦσέως
2611 2124 2671 2161 τε
2702 2107 2797 2161 καὶ
2823 2105 2916 2160 τοῦ
2950 2107 3106 2174 Ναυῆ
3136 2105 3315 2175 γόνου,
3357 2104 3475 2156 Ίώϐ
3503 2121 3584 2166 τε,
3625 2102 3798 2156 Δαϐίδ
3821 2118 3872 2154 τε

641 2187 734 2240 καὶ
768 2189 1128 2258 Σολομῶντος,
1165 2196 1536 2251 ἀποστολικῶν
1560 2215 1618 2252 τε
1640 2200 1737 2252 καὶ
1767 2199 2140 2268 εὐαγγελικῶν
2164 2201 2552 2269 θεσπισμάτων
2576 2200 2676 2262 τάς
2724 2199 3048 2267 συμφώνους
3085 2196 3370 2266 ὁμολογίας
3423 2195 3869 2265 παρατιθέμενοι·

710 2279 764 2333 4.
799 2279 946 2335 lianc
976 2284 1139 2351 igitur
1167 2287 1338 2341 aciem
1371 2289 1654 2356 habentes,
1687 2303 1764 2357 et,
1801 2303 1858 2346 ut
1894 2294 2076 2349 verius
2113 2293 2200 2348 di-

639 2384 782 2434 cam,
814 2372 955 2428 hanc
983 2375 1381 2443 defensionem,
1406 2398 1473 2436 ne
1498 2383 1807 2450 timeamus,
1835 2386 2199 2441 dilectissimi.

639 2462 861 2519 auribus
894 2464 1183 2535 impiorum
1219 2471 1467 2526 intonare
1492 2512 1507 2536 ,
1539 2489 1727 2528 eorum
1757 2477 2042 2531 stultitiam
2073 2493 2203 2531 con—

641 2551 953 2640 fundamus,
979 2567 1034 2614 et
1062 2561 1302 2616 nitamur
1332 2577 1429 2620 eos
1483 2569 1755 2622 monendo
1800 2570 1973 2638 magis
2001 2570 2202 2640 alloqui

641 2656 696 2702 ct
725 2648 790 2701 ad
822 2636 1102 2706 Christum
1141 2653 1431 2710 adducere.
1480 2656 1555 2710 Ita
1589 2659 1735 2712 enim
1767 2661 1859 2730 qui
1895 2636 2207 2719 innumeras

643 2731 831 2807 gentes
863 2740 916 2795 in
967 2745 1283 2798 servitutem
1321 2747 1569 2817 redigunt
1622 2752 1828 2805 strenui
1866 2753 2084 2817 milites,
2121 2754 2203 2807 in-

639 2833 955 2887 strumentis
981 2834 1190 2891 bellicis
1207 2846 1260 2890 et
1281 2837 1474 2906 gladiis
1492 2840 1697 2903 nsi,eos
1719 2842 1936 2910 quidem
1961 2844 2204 2912 capiunt,

638 2928 693 2973 ct
717 2923 887 2991 spolia
922 2937 1198 2983 sumentes
1233 2930 1470 2998 praemiis
1525 2943 1878 2996 exornantur,
1904 2935 2205 3002 subjectos-

2376 2291 2416 2347 δ’
2425 2333 2437 2347 .
2470 2291 2737 2344 Τοσοῦτον
2757 2287 2850 2344 οὖν
2886 2288 3102 2359 ἔχοντες
3133 2287 3532 2374 συνασπισμὸν,
3567 2286 3776 2356 μᾶλλον
3824 2287 3873 2339 δὲ

2307 2383 2537 2453 τάληθὲς
2570 2384 2746 2435 είπεῐν
2769 2378 3206 2452 ὑπερασπισμὺν,
3259 2378 3334 2448 μὴ
3359 2379 3714 2447 ὀκνήσωμεν,
3757 2379 3873 2445 ἀγασ

2309 2473 2501 2546 πητοὶ,
2528 2473 2636 2528 τῶν
2661 2472 2872 2539 ἀσεϐῶν
2926 2471 3355 2542 καταϐροντῆσαι
3413 2468 3480 2522 τὰ
3505 2463 3621 2521 ὦτα
3655 2486 3671 2499 ·
3703 2469 3872 2537 πάσης

2310 2562 2563 2630 εὐηθείας
2596 2561 2775 2614 αὐτῶν
2829 2560 3206 2628 καταγνῶμεν,
3258 2557 3349 2612 καὶ
3398 2557 3736 2628 σπεύσωμεν
3763 2575 3874 2611 νου-

2312 2654 2671 2722 θετικώτερον
2695 2653 2890 2715 αὐτοὺς
2917 2651 3212 2716 διαλαϐειν,
3257 2649 3349 2703 καὶ
3388 2653 3470 2713 είς
3497 2651 3742 2721 Χριστὸν
3761 2652 3872 2703 επι-

2312 2744 2645 2799 σπάσασθαι.
2667 2743 2822 2796 Οὕτω
2855 2743 2961 2814 γὰρ
2987 2744 3036 2796 οί
3063 2743 3553 2813 αἰχμαλωτίζοντες
3584 2742 3720 2812 ἔθνη
3757 2741 3871 2796 ἀλό-

2310 2850 2469 2902 γιστα
2519 2834 2755 2903 ἀνδρεῖοι
2791 2836 3090 2904 στρατηγοὶ
3126 2834 3299 2898 ὄντες,
3346 2834 3599 2904 ὀργάνοις
3626 2836 3871 2902 ἀμυντη-

2313 2924 2444 2992 ρίοις
2470 2926 2564 2978 καὶ
2591 2923 2771 2994 ξίφεσι
2815 2925 3108 2996 χρώμενοι,
3147 2924 3240 2977 καὶ
3272 2923 3366 2986 οὓς
3412 2925 3510 2994 μὲν
3547 2925 3878 2995 λαφυραγω-

640 3026 747 3079 quc
797 3014 897 3067 sibi
962 3027 1243 3074 servantes
1284 3021 1353 3074 ad
1397 3035 1576 3090 regem
1643 3023 1848 3077 ducunt
1873 3038 1923 3078 et
1951 3025 2204 3082 laudibus

2309 3013 2554 3083 γοῦντες,
2582 3015 2752 3069 σκύλα
2765 3033 2823 3068 τε
2845 3015 3208 3085 λαμϐάνοντες
3233 3015 3358 3078 τοὺς
3387 3016 3576 3079 δλϐους
3603 3017 3875 3070 ὲπικτῶν·

644 3101 1020 3170 honorantur;
1054 3108 1404 3168 adva'sanun
1427 3122 1609 3167 autem
1635 3155 1648 3178 ,
1681 3116 1762 3169 vel
1786 3132 1926 3171 sane
1954 3125 2006 3172 et
2040 3120 2204 3187 perti-

640 3194 846 3247 naciter
876 3207 1177 3265 pugnantes
1211 3200 1322 3256 cito
1353 3201 1660 3260 destruunt.
1689 3207 1833 3261 Idem
1871 3219 1923 3263 ct
1967 3225 2063 3264 nos
2095 3205 2203 3277 jam

642 3282 928 3354 faciemus,
953 3290 1155 3346 bellum
1177 3293 1466 3362 spiritttak
1484 3294 1538 3350 ln
1573 3299 1914 3355 adversarios
1931 3318 2202 3371 geremus.

642 3371 912 3429 Habemus
943 3395 1091 3435 arma
1110 3395 1217 3437 tere
1240 3383 1426 3440 divino
1451 3385 1734 3455 fabricata,
1760 3392 2031 3446 sexdecim
2079 3409 2205 3448 san-

645 3474 729 3514 cla
810 3465 1173 3523 instrumenta
1238 3469 1425 3529 bellica
1493 3490 1687 3546 prteter
1737 3482 1883 3536 mille
1964 3484 2204 3555 clypeos,

641 3562 816 3618 scuta,
852 3558 1080 3626 gladios,
1113 3559 1356 3631 lan'eeas,
1399 3570 1628 3638 sagittas
1665 3581 1718 3624 et
1766 3574 1906 3639 tela,
1941 3586 1994 3629 et
2020 3587 2206 3642 contra

649 3645 771 3699 illos
819 3648 1067 3714 pluribus
1115 3654 1236 3706 aliis
1279 3665 1517 3724 utemur,
1573 3661 1840 3729 imprimis
1885 3675 1964 3719 ter
1999 3667 2207 3736 fulgen-

643 3745 750 3789 tem
799 3746 852 3791 et
885 3742 1096 3796 unicam
1147 3745 1321 3800 lucem
1367 3748 1418 3801 in
1472 3753 1730 3806 auxilium
1778 3756 2056 3823 habentes,
2088 3760 2206 3816 illos

638 3829 884 3899 captivus
917 3847 1170 3902 agemus:
1216 3855 1352 3908 quos
1384 3841 1598 3910 quidem
1636 3846 1766 3898 mihi
1814 3850 1997 3903 animo
2032 3850 2207 3921 subji-

637 3922 844 3977 eicntvs
872 3938 929 3978 sc
962 3927 1278 3998 viderimus,
1316 3933 1402 3985 his
1432 3948 1738 4001 pareamus,
1781 3954 1953 4008 neque
1998 3956 2092 4010 per
2118 3955 2206 3996 ar-

639 4015 941 4076 rogantiam
973 4020 1369 4084 proculcemns,
1401 4037 1432 4074 ο
1463 4022 1761 4079 fortissime
1792 4025 1882 4081 Dei
1911 4031 2204 4095 exercitus;

640 4103 732 4154 sed
771 4106 1049 4172 rapiamus
1089 4109 1248 4163 vitam
1283 4113 1477 4168 animm
1519 4115 1777 4172 dantibus
1814 4121 2012 4184 verbis,
2059 4130 2111 4177 et
2139 4123 2205 4176 ad

639 4192 836 4247 Christi
872 4198 1252 4253 universorum
1299 4203 1460 4273 Regis
1489 4207 1656 4274 pedes
1693 4198 2079 4264 suhinittamus
2105 4253 2117 4275 ,
2148 4223 2206 4267 ut

639 4287 704 4338 ab
729 4301 795 4339 co
823 4289 1266 4359 limioriliccmur,
1294 4307 1348 4350 et
1373 4297 1514 4352 ineo
1534 4299 1824 4353 salvemur.
1848 4304 1993 4366 Quos
2020 4313 2198 4358 autem

639 4387 1001 4444 I'Cllllgllalltl‘s
1045 4381 1376 4447 viderimus,
1436 4403 1614 4459 neque
1667 4391 1803 4444 bene
1868 4393 2198 4457 obedientes,

637 4467 1014 4534 desit-namus,
1051 4476 1323 4532 caui-imus
1378 4495 1492 4542 eos,
1545 4492 1602 4535 ut
1653 4481 1975 4539 Madianitas
2023 4487 2205 4540 divino

642 4557 878 4625 Spiritus
898 4566 1093 4631 gladio.
1125 4565 1374 4625 Nitamur
1395 4587 1522 4642 ergo
1547 4586 1809 4640 quantum
1841 4579 1891 4629 in
1920 4579 2074 4632 nobis
2099 4591 2199 4645 est,

639 4649 999 4716 dilectissimi,
1049 4673 1240 4726 capere
1266 4660 1349 4728 pie
1401 4663 1633 4729 prazdam
1694 4665 2208 4732 Deojuenndam'et

642 4752 850 4808 gratam
889 4748 1098 4804 animas
1133 4767 1318 4805 eorum
1373 4755 1464 4821 qui
1526 4756 1825 4812 salvantur.
1874 4758 1970 4812 Sin
2024 4773 2205 4813 autem

641 4833 690 4887 id
723 4836 792 4888 ab
825 4838 943 4893 aliis
983 4852 1038 4894 ut
1081 4842 1480 4899 infructuosum
1510 4848 1825 4916 despicitur,
1858 4862 1910 4903 et
1937 4867 2040 4904 non
2079 4868 2219 4920 pos--

639 4927 794 4980 siliile
825 4940 908 4983 cst
951 4946 1143 5000 capere
1175 4935 1374 5004 aliquid
1417 4954 1482 4993 ex
1535 4940 1616 4994 liis
1644 4941 1734 5008 qui
1785 4941 1978 4997 nolunt
2010 4945 2058 4996 in
2097 4942 2204 4998 Deo

644 5019 863 5084 salvari,
897 5035 1134 5079 attamen
1173 5044 1270 5081 nos
1304 5030 1450 5096 ipsos
1480 5045 1868 5087 conservemus
1904 5035 1953 5086 in
1983 5035 2086 5088 ﬁde
2116 5035 2201 5088 di-

643 5115 764 5165 vina
794 5113 1078 5181 loquendo,
1101 5128 1152 5172 et
1187 5121 1271 5187 pit:
1305 5132 1356 5174 et
1388 5124 1588 5176 utiliter
1614 5126 1879 5187 vivamus,
1918 5136 1974 5179 ut
2005 5138 2202 5180 aeterna

644 5203 782 5253 bona
831 5205 1196 5272 adipiscamur
1237 5211 1287 5262 in
1325 5197 1546 5267 Christo
1573 5213 1701 5268 Jesu
1735 5216 1959 5270 Domino
1995 5226 2200 5272 nostro.

646 5289 811 5345 llabet
843 5305 1022 5349 autem
1058 5300 1134 5351 sic
1160 5303 1446 5370 expositio.
1477 5304 1712 5359 'l‘extura
1738 5307 1916 5361 omnis
1948 5322 2069 5361 cum
2122 5309 2206 5361 iu-

646 5387 1022 5450 turpretatione
1070 5391 1128 5442 «il
1173 5411 1184 5446 :
1231 5411 1247 5443 ι
1298 5395 1359 5448 Et
1404 5396 1540 5450 dixit
1597 5397 1860 5454 Dominus
1917 5399 1980 5452 ad
2027 5398 2201 5455 Osce:
2249 5394 2260 5410 ’

647 5474 811 5528 Sume
843 5481 934 5552 tibi
967 5484 1245 5538 mulierem
1282 5487 1323 5549 ³,
1364 5506 1379 5538 i
1413 5501 1521 5542 etc.

2309 3124 2419 3169 ται,
2454 3109 2579 3169 τοὺς
2617 3107 3031 3170 ὑποκύπτοντας
3076 3109 3162 3176 ἐφ’
3200 3109 3427 3170 ἑαυτοὺς
3473 3109 3874 3178 λαμϐάνοντες,

2309 3203 2499 3267 ἄγουσι
2533 3200 2610 3270 τῷ
2635 3200 2863 3270 βασιλεῖ,
2891 3202 2985 3255 καὶ
3008 3202 3282 3262 ἐπαινετοὶ
3308 3200 3682 3271 καθεστήκασι
3711 3215 3727 3232 ο
3755 3201 3872 3262 τοὺς

2310 3292 2762 3353 ἀντιστατοῦντας
2807 3292 2886 3356 δὲ,
2919 3290 2952 3361 ἢ
2988 3292 3083 3344 καὶ
3111 3291 3313 3352 ,κακῶς
3344 3292 3435 3342 καὶ
3474 3289 3665 3353 δεινῶς
3706 3307 3872 3359 μαχο-

2312 3384 2508 3452 μένους
2569 3384 2763 3436 Θᾶττον
2822 3381 3191 3456 ἀναιροῦντες.
3220 3379 3390 3434 Τοῦτο
3429 3384 3523 3436 καὶ
3568 3382 3738 3451 ἡμεῖς
3778 3382 3870 3450 ἥδη

2311 3476 2631 3544 ποιήσομεν,
2688 3473 2924 3544 πόλεμον
2980 3471 3355 3541 πνευματικὸν
3421 3473 3532 3535 τοῖς
3576 3472 3872 3532 ἀντιδίκοις

2308 3566 2711 3636 ἐπιδειξόμεθα.
2746 3565 2981 3637 Ἐχομεν
3015 3568 3081 3621 τά
3134 3569 3272 3620 ὅπλα
3301 3566 3368 3618 τὰ
3392 3565 3786 3634 θεοχάλκευτα,
3819 3566 3872 3629 ἒξ

2309 3661 2403 3713 καὶ
2447 3659 2575 3713 δέκα
2619 3661 2748 3726 ἅγια
2775 3641 3088 3730 ἀμυντήρια
3119 3661 3259 3730 ὑπὲρ
3309 3659 3574 3730 μυριάδας
3609 3659 3870 3720 ἀσπίδας.

2307 3750 2401 3802 καὶ
2431 3747 2654 3819 θυρεοὺς
2704 3748 2958 3816 φάσγανά
3004 3765 3063 3801 τε
3116 3751 3208 3802 καὶ
3236 3749 3436 3818 δόρατα
3479 3749 3568 3800 καὶ
3609 3747 3744 3812 τόξα
3786 3747 3873 3800 καὶ

2309 3839 2469 3911 βέλη⁶
2496 3841 2589 3892 καὶ
2648 3837 2783 3910 πρὸς
2839 3840 3036 3900 αὐτοὺς
3073 3839 3166 3892 καὶ
3206 3838 3384 3902 ἄλλοις
3426 3838 3638 3890 πλείοσι
3669 3838 3872 3908 χρησόο

2311 3932 2453 4003 μεθα
2474 3949 2486 3962 ⁶
2517 3933 2714 4002 μᾶλλον
2761 3933 2815 3985 δὲ
2851 3932 2913 3984 τὸ
2941 3931 3246 4002 τριλαμπὲς
3276 3933 3368 3984 καὶ
3401 3932 3611 3983 ἑνιαῖον
3637 3931 3760 3999 φῶς
3794 3933 3871 3992 είς

2311 4026 2626 4095 συμμαχίαν
2685 4025 2920 4095 ἔχοντες,
2980 4024 3178 4088 αὐτοὺς
3235 4023 3730 4095 προνομεύσομεν·
3781 4021 3870 4084 οὓς

2312 4119 2407 4188 μὲν
2433 4115 2801 4186 ἡπιογνῶμως
2829 4115 3215 4186 ὑποκύψαντας
3265 4116 3491 4184 ἴδοιμεν,
3527 4113 3868 4184 φεισὼμιθα.

2314 4211 2385 4280 μὴ
2411 4210 2689 4279 ἀνελῶμεν
2739 4210 3001 4281 ἀκρασίᾳ,
3037 4208 3080 4261 ὦ
3122 4209 3498 4278 ἀνδρειότατον
3538 4209 3683 4260 θεῖον
3709 4206 3870 4275 στρά-

2311 4320 2482 4372 τευμα
2503 4320 2516 4334 ο
2545 4302 2798 4372 λάϐωμεν
2828 4302 2884 4355 δὲ
2912 4301 3381 4370 ζωοψυχοσώμως,
3423 4302 3517 4354 καὶ
3545 4301 3771 4370 Χριστῷ
3797 4300 3870 4370 τῷ

2308 4393 2643 4462 παμϐασιλεῖ
2674 4393 2890 4463 ἀξωμεν
2923 4392 3026 4444 ὑπὸ
3049 4392 3233 4460 πόδας,
3269 4393 3356 4445 ἵνα
3394 4391 3486 4462 καὶ
3525 4392 3871 4460 δοξασθῶμεν

2306 4484 2398 4536 ὑπ’
2431 4483 2618 4546 αὑτοῦ,
2647 4485 2740 4536 καὶ
2778 4484 2865 4534 ἐπ’
2889 4482 3036 4553 αὑτῷ
3070 4483 3463 4549 σωθησώμεθα.
3497 4483 3599 4543 Οὓς
3629 4481 3686 4534 δὲ
3722 4485 3870 4534 ἀντι-

2309 4577 2616 4645 μαχοῦντας
2654 4575 2876 4643 ἴδοιμεν,
2914 4574 3110 4644 καὶμὴ
3159 4574 3482 4638 ὑπείχοντας
3507 4573 3709 4636 καλῶς,
3745 4573 3864 4625 ἀνέ-

2306 4667 2506 4737 λωμεν,
2536 4665 2861 4735 πατάξωμεν
2901 4666 3116 4726 αὐτοὺς,
3141 4666 3213 4727 ὠς
3233 4667 3322 4719 καὶ
3351 4668 3474 4728 τοὺς
3508 4665 3867 4726 Μαδιαναίους

2308 4763 2372 4828 τῇ
2417 4759 2536 4827 θείᾳ
2578 4758 2896 4828 παραξιφίδι
2942 4756 3034 4808 τοῦ
3085 4757 3415 4826 Πνεύματος.
3470 4757 3866 4826 Σπουδάσωμεν

2308 4852 2400 4904 οὖν
2462 4853 2521 4904 τὸ
2592 4852 2810 4920 μᾶλλον,
2874 4849 3167 4918 ἀγαπητοὶ,
3243 4849 3334 4902 τοῦ
3384 4848 3645 4918 θηρεῦσαι
3687 4851 3861 4919 θήραν

2309 4942 2548 5004 εὐσεϐῶς
2591 4941 2667 5010 τῷ
2716 4939 2834 5008 Θεῷ
2890 4939 3178 5010 εὐάρεστον
3201 4939 3296 4992 καὶ
3336 4939 3596 5008 ἐράσμιον
3626 4941 3724 5001 τὰς
3757 4938 3862 4990 τῶν

2311 5037 2630 5104 σωζομένων
2660 5035 2855 5103 ψυχάς.
2891 5035 2950 5086 Ei
2982 5035 3037 5088 δέ
3083 5051 3140 5102 γε
3165 5033 3321 5084 τοῦτο
3351 5033 3658 5097 ἀλυσιτελὲς
3681 5033 3862 5094 ἀλλοις

2306 5129 2578 5198 παροφθῇ,
2641 5132 2732 5179 καὶ
2778 5129 2875 5196 οὺχ
2930 5121 3037 5179 οἷόν
3087 5126 3146 5178 τέ
3189 5128 3300 5177 ἐστι
3331 5126 3513 5180 λαϐεῖν
3555 5145 3606 5179 τι
3647 5127 3754 5180 τῶν
3789 5127 3860 5194 μὴ

2306 5221 2646 5290 βουλομένων
2700 5216 2968 5279 σώζεσθαι
3015 5218 3105 5269 ἐπὶ
3159 5216 3277 5287 Θεῷ
3303 5235 3315 5248 ο
3347 5218 3450 5270 κᾶν
3480 5219 3705 5280 ἑαυτοὺς
3732 5216 3860 5282 γοῦν

2308 5313 2734 5381 συντηρήσωμεν
2771 5314 2836 5381 τῇ
2870 5309 2988 5380 θείᾳ
3045 5309 3219 5360 πίστει
3261 5311 3618 5378 φραξάμενοι,
3649 5307 3739 5361 καὶ
3771 5307 3859 5358 eo.

2309 5405 2479 5464 σεὸῶς
2518 5405 2608 5454 καὶ
2664 5404 2913 5473 χρηστῶς
2976 5401 3443 5470 πολιτευσώμεθα,
3481 5402 3567 5452 ἵνα
3607 5403 3700 5452 καὶ
3751 5397 3856 5449 τῶν

2308 5492 2534 5543 αἰωνίων
2581 5493 2799 5559 ἀγαθῶν
2828 5491 3171 5558 ὲπιτύλωμεν
3217 5494 3272 5538 δν
3317 5491 3536 5562 Χριστῷ
3581 5488 3752 5560 Ἰηροῦ
3782 5487 3855 5556 τῷ

645 5571 835 5641 Κυρίῳ
857 5574 1030 5642 ἡμῶν,
1078 5581 1229 5649 Ἔχει
1270 5583 1324 5635 δὲ
1377 5584 1550 5648 οὓτως
1596 5586 1904 5656 ἠδήλωσις,
1959 5589 2030 5642 Τὸ
2104 5589 2234 5651 ὖ-εος
2278 5590 2419 5640 ἅπαν
2471 5588 2606 5656 μετὰ
2649 5586 2940 5658 ἑρμηνείας
2977 5585 3083 5654 μα’.
3122 5606 3137 5638 t
3207 5589 3313 5641 Καὶ
3351 5583 3469 5639 εἶπε
3503 5585 3701 5656 Κύριος
3727 5581 3855 5653 πρὸς

657 5667 816 5737 Ὤσηέ
844 5682 857 5697 ·
891 5669 1034 5720 Λάϐε
1065 5677 1267 5745 σεαυτῷ
1294 5681 1542 5745 γυναῖκα,
1578 5698 1596 5731 ι
1637 5699 1688 5733 κ.
1720 5699 1768 5734 τ.
1803 5681 1852 5735 λ.

721 5790 739 5820 ³
771 5791 907 5845 Osce
940 5808 972 5848 ι,
1010 5794 1064 5844 2.
