4176 6504
126 98 344 158 "VT"
363 98 394 110 ’”

246 411 322 474 421

1360 408 1454 467 DE
1498 407 1854 467 CONCILIO
1896 406 2197 465 NlCzliNO
2243 407 2284 464 l.

3353 399 3452 464 422

242 526 380 591 τειλε,
432 522 587 593 δίκην
633 522 966 591 Ἑωσφόρου,
1005 524 1416 586 Κωνσταντῖνος
1456 525 1483 576 ό
1526 525 1774 592 φιλοχρι-

1882 531 2112 576 exortus
2175 531 2256 575 est
2319 519 2523 573 Christi
2588 520 3004 575 amantissimus
3067 517 3453 573 Constantinus

239 619 478 682 στότατος,
512 620 540 670 ό
579 617 676 683 τῆς
712 615 1000 684 ὀρθοδόξου
1054 616 1329 678 πολιτείας
1378 618 1637 686 ἀρχηγὸς,
1678 619 1769 669 καὶ

237 711 315 777 τῆς
351 706 574 775 ἀμώμου
631 707 869 768 πίστεως
922 707 1228 768 πρόϐολος·
1288 709 1346 769 ὃς
1402 707 1518 776 ἅμα
1570 708 1648 776 τῷ
1701 706 1771 759 τὰ

238 799 460 866 σκῆπτρα
499 799 572 849 ἐκ
613 798 720 849 τῶν
776 798 1075 866 Ἐσπερίων
1130 799 1224 849 ἐπὶ
1278 798 1378 869 τὴν
1430 798 1547 850 "Em
1601 814 1770 868 μετα-

235 891 450 958 ποιῆσαι,
484 889 561 955 τῷ
616 887 746 957 θείῳ
789 890 930 956 φωτὶ
957 889 1058 959 τὴν
1098 889 1279 958 ψυχὴν
1323 889 1768 958 καταυγάζεταν

234 982 308 1033 καὶ
340 983 398 1050 τῇ
439 979 688 1049 εὐσεϐείᾳ
719 982 819 1049 τὴν
864 981 1106 1034 διάνοιαν
1141 981 1510 1050 ἀλειψάμενος
1551 982 1768 1050 πρῶτον

231 1072 388 1139 ἀγῶνα
442 1074 576 1140 πρὸς
622 1072 713 1123 τὸν
758 1071 1003 1124 διάϐολον
1053 1071 1389 1124 ἀποδύεται’
1438 1074 1535 1125 καὶ
1585 1073 1769 1142 τίθησι

229 1164 348 1213 κατὰ
368 1159 528 1213 τόπον
565 1161 906 1231 Χριστιανῶν
953 1160 1266 1230 ἐλευθερίας
1314 1162 1731 1230 προγράμματα
1758 1178 1771 1193 ο

227 1252 326 1307 λύει
368 1254 463 1320 τὴν
508 1253 573 1304 ἐκ
605 1252 714 1304 τῶν
749 1253 968 1320 ἀνόμων
1017 1256 1128 1313 τοῖς
1163 1259 1380 1314 πιστοῖς
1413 1255 1770 1324 ἐνσκήψασαν

227 1343 504 1410 κατήφειαν
528 1358 541 1373 ⁸
570 1343 898 1396 καταϐάλλει
926 1343 1036 1394 τῶν
1060 1343 1296 1395 εἰδώλων
1323 1345 1391 1396 τὰ
1417 1343 1733 1412 σεϐάσματα
1752 1362 1767 1375 ·

225 1424 523 1500 θριαμϐεῦει
547 1432 639 1485 τοῦ
667 1432 892 1501 ψεύδους
919 1435 980 1485 τὸ
1001 1434 1351 1504 ἀνύπαρκτον
1377 1449 1391 1464 °
1424 1438 1651 1504 φανεροῖ
1673 1437 1772 1503 τῆς

224 1522 459 1590 ἀληθείας
495 1523 556 1575 τὸ
589 1523 887 1592 κήρυγμα·
923 1525 1247 1592 μεταδίδωσι
1275 1525 1442 1594 τιμῆς
1487 1530 1582 1578 καὶ
1631 1529 1773 1598 ποιρο

225 1615 399 1683 ρησίας
444 1618 558 1676 τοῖς
600 1616 923 1684 τετιμηκόσι
952 1616 1047 1668 τὸν
1080 1616 1286 1685 Κύριον
1311 1631 1325 1647 ·
1358 1618 1771 1688 ἀναρρώννυται

145 1729 149 1732 ·
225 1704 435 1773 σώματα
471 1705 677 1757 πιστῶν
725 1706 1091 1774 κεκακωμένα
1144 1710 1267 1770 ταῖς
1309 1709 1532 1778 μάστιξι
1557 1726 1571 1740 ⁸
1610 1728 1771 1780 στρε-

221 1795 398 1848 ϐλώσει
431 1796 524 1848 καὶ
559 1794 794 1867 ἐξορίαις
834 1797 1230 1852 ὑποϐάλλονται
1287 1801 1337 1852 οί
1381 1804 1772 1871 προσκείμενοι

216 1885 435 1956 δαίμοσι.
463 1887 571 1940 Καὶ
592 1883 660 1958 ἦν
687 1889 813 1941 ίδεῖν
838 1889 947 1942 τῶν
981 1907 1040 1942 τε
1073 1890 1282 1943 πιστῶν
1305 1893 1370 1946 ἐκ
1401 1892 1494 1945 τοῦ
1523 1894 1767 1963 διωγμοῦ

217 1977 300 2047 τὴν
335 1979 631 2049 ἀνάκλησιν
656 2020 671 2045 ,
709 1982 804 2033 καὶ
836 1980 945 2035 τῶν
975 1983 1040 2035 ἐκ
1069 1985 1170 2051 τῆς
1193 1983 1520 2070 δαιμονικῆς
1559 1986 1770 2055 πλάνης

215 2071 300 2140 τὴν
326 2070 614 2141 ἀνὰνηψιν,
647 2073 842 2141 ὁμοίαν
872 2075 1139 2145 ἀγγελικῇ
1164 2077 1526 2147 χοροστασίᾳ,
1547 2077 1770 2130 πάντων

217 2161 266 2213 ἐν
295 2163 579 2240 παρρησία
608 2164 1039 2231 δοξολογούντων
1064 2168 1154 2219 τὸν
1187 2169 1414 2239 Κύριον.

281 2350 538 2422 Ἐχαιρεν
580 2346 677 2403 οὖν
708 2352 737 2403 ὁ
767 2350 1090 2413 πιστότατος
1123 2350 1377 2420 βασιλεὺς
1410 2352 1506 2404 ἐπὶ
1537 2355 1604 2422 τῇ
1633 2353 1768 2406 καθ-

205 2442 416 2513 .ημέραν
487 2441 775 2512 προσθήκῃ
809 2442 919 2494 τῶν
961 2442 1331 2511 Χριστιανῶν,
1377 2442 1674 2508 συμϐαλὼν
1715 2446 1774 2498 ἐν

214 2534 273 2601 τῇ
305 2532 515 2603 διανοίᾳ
545 2532 710 2585 αὑτοῦ
761 2532 910 2594 Θείας
941 2529 1082 2585 εἶναι
1112 2535 1172 2584 τὸ
1195 2534 1303 2585 πᾶν
1336 2533 1641 2603 ἐνεργείας,
1671 2534 1773 2604 τῆς

191 2624 263 2688 ,ἐν
283 2623 450 2693 ὀλίγῳ
503 2625 561 2676 τὸ
621 2623 864 2693 ὑπήκοον
889 2623 1041 2692 αὑτῷ
1093 2623 1230 2692 πρὸς
1275 2624 1375 2694 τὴν
1425 2624 1522 2677 τοῦ
1559 2625 1770 2695 Κυρίου

223 2714 391 2783 Ἰησοῦ
428 2715 669 2785 Χριστοῦ
722 2715 1101 2785 ἐλκυσαμένης
1149 2716 1468 2784 ἐπίγνωσιν.
1504 2712 1630 2769 Οἴον
1663 2716 1773 2787 γὰρ

211 2809 423 2860 κάκεῖνο
455 2809 570 2870 τοῖς
602 2807 844 2876 φθάσασι
885 2809 1229 2878 συνέδραμε;
1267 2809 1390 2862 Τῶν
1433 2809 1542 2879 γὰρ
1583 2825 1772 2880 παραο

212 2899 475 2970 κειμένων
524 2898 713 2964 ἐθνῶν,
759 2898 856 2951 ἆτε
903 2900 973 2952 τὰ
1032 2900 1274 2953 σπονδῶν
1321 2899 1434 2971 [γρ.
1467 2901 1772 2970 ἁσπόνδων,

213 2991 280 3044 vel
309 3006 373 3044 ea:
401 2990 528 3060 Lip.
553 2993 620 3045 τὰ
649 2990 894 3066 σπονδῶν
926 2991 1002 3062 μὴ
1039 2989 1303 3062 ἐχόντων]
1329 2996 1441 3056 τοῖς
1468 2995 1576 3063 πρὸ
1604 2980 1769 3046 αῦτοῦ

209 3081 490 3151 βασιλεῦσι
538 3081 1015 3151 ἐπανισταμένων,
1046 3084 1142 3135 καὶ
1174 3083 1282 3135 τῶν
1314 3085 1596 3153 ἐμφυλίων
1643 3085 1775 3148 στάτ

1877 619 2190 686 imperator,
2225 614 2542 667 orthodoxa:
2598 613 2911 680 reipublicae
2950 621 3143 664 auctor
3200 626 3262 662 ac
3307 610 3441 679 prin-

1876 725 2004 777 ceps
2039 708 2138 778 (‘2),
2174 718 2226 760 et
2264 706 2554 774 inculpata:
2590 704 2709 757 lldei
2763 710 3137 773 propugnator
3174 720 3185 754 :
3223 703 3268 753 is
3298 702 3454 754 simul

1875 812 2037 869 atque
2071 809 2283 868 sceptra
2319 815 2384 851 ex
2416 798 2715 852 Occidente
2761 798 2814 849 in
2851 793 3132 850 Orienteni
3161 795 3455 859 transtulit,

1876 893 2056 948 divina
2136 893 2258 945 luce
2328 892 2512 944 animo
2579 888 2963 958 perfunditur;
3042 889 3457 955 instructusque

1875 988 2109 1055 pietate,
2174 985 2407 1052 primum
2477 983 2741 1034 adversus
2829 979 3104 1033 diabolum
3175 989 3454 1031 certamen

1876 1077 2128 1140 instituit,
2157 1086 2316 1142 atque
2343 1073 2558 1142 publica
2593 1088 2690 1138 pro
2714 1069 3155 1124 Christianorum
3180 1068 3453 1131 libertate,

1876 1171 2049 1224 edicta
2087 1168 2360 1238 proponit.
2392 1166 2566 1231 Quam
2610 1162 2762 1232 impii
2795 1163 3106 1216 molestiam
3138 1160 3456 1236 ingerebant

1881 1260 2174 1325 ﬁdelibus,
2250 1259 2506 1328 depellit;
2590 1254 2824 1310 destruit
2879 1253 3146 1307 idolorum
3209 1250 3453 1316 cultum;

1877 1355 2094 1408 inanem
2156 1351 2279 1406 falsi
2335 1349 2752 1405 consistentiam
2781 1346 2858 1416 (5)
2899 1343 3170 1405 traducit;
3214 1341 3457 1396 veritatis

1874 1442 2318 1514 praedicationem
2366 1442 2420 1494 in
2479 1439 2656 1507 palam
2717 1432 2880 1502 facit;
2946 1450 3040 1490 eos
3090 1435 3180 1503 qui
3226 1433 3457 1488 Domino

1877 1533 2595 1603 lronoremimpendissent,
2629 1531 2838 1583 honore
2874 1543 2939 1582 ac
2982 1526 3240 1580 libertate
3270 1524 3454 1578 allicit.

1851 1624 2276 1688 'lnstaurantur,
2328 1639 2392 1679 ac
2433 1625 2580 1678 vires
2628 1622 2901 1690 recipiunt
2949 1620 3091 1672 male
3135 1616 3455 1672 verberibus

1878 1718 2198 1773 atlectorum
2252 1717 2488 1769 ﬁdelium
2538 1729 2768 1782 corpora
2804 1712 3088 1766 tormentis
3140 1711 3217 1780 (4)
3275 1717 3328 1762 et
3358 1722 3453 1763 ex-

1878 1811 2016 1866 siliis
2080 1810 2474 1878 subjiciuntur,
2515 1808 2606 1876 qui
2659 1807 2999 1860 daemonibus
3055 1796 3234 1858 devoti
3265 1802 3449 1855 adhzc-

1876 1910 2058 1955 rerent
2087 1919 2100 1955 :
2138 1915 2201 1954 ac
2235 1901 2420 1954 videre
2463 1909 2602 1962 erat,
2629 1914 2752 1953 cum
2789 1898 2972 1951 lideles
3015 1912 3041 1950 a
3074 1895 3454 1965 persecutione

1872 1991 2074 2046 liberos
2107 1990 2266 2049 etlici.
2313 1998 2422 2043 tum
2450 2005 2568 2053 eos,
2607 1990 2700 2057 qui
2728 2003 2916 2042 errore
2941 1988 3249 2040 dmmonum
3285 1984 3456 2052 impli-

1871 2086 1975 2139 cati
2003 2084 2254 2146 l'uissent,
2283 2084 2349 2137 ad
2383 2083 2592 2152 frugem
2631 2082 2910 2136 meliorem
2947 2080 3180 2133 reverti:
3220 2092 3340 2147 qua:
3369 2091 3454 2129 res

1873 2177 2131 2245 angelicae
2177 2176 2390 2230 choreae
2419 2176 2660 2259 Speciem
2696 2173 2992 2242 quamdam
3027 2169 3283 2239 prailerre
3313 2168 3456 2238 vide-

1872 2267 2054 2331 batur,
2088 2281 2212 2320 cum
2246 2267 2415 2320 Deum
2454 2279 2646 2318 omnes
2675 2264 2844 2318 libere
2883 2263 3274 2332 glmiticarent.

1944 2357 2130 2425 Itaque
2181 2357 2463 2410 laetabatur
2517 2355 2870 2409 ﬁdelissimus
2926 2355 3220 2420 imperator
3266 2351 3451 2421 quoti-
3519 2340 3529 2344 ”

1873 2445 2038 2500 diano
2095 2445 2533 2498 Christianorum
2592 2454 2910 2514 augmento,
2945 2457 3128 2496 secum
3169 2442 3455 2496 animorc-

1873 2546 2096 2605 putans,
2137 2537 2189 2589 id
2222 2544 2394 2589 totum
2428 2537 2627 2590 divinas
2658 2533 2999 2604 operationis
3045 2550 3187 2592 esse.
3231 2541 3352 2602 qua:
3379 2533 3456 2586 sic

1873 2631 2361 2700 exiguotempore,
2406 2629 2681 2696 subjectos
2731 2629 2798 2681 ad
2840 2627 3053 2681 Domini
3089 2625 3217 2680 Jesu
3251 2626 3454 2678 Christi

1873 2722 2205 2789 agnitionem
2259 2721 2540 2775 traxisset.
2601 2720 2813 2773 Etenim
2873 2718 3002 2786 quid
3057 2716 3325 2783 ejusmodi
3388 2716 3456 2769 iis

1873 2815 2146 2879 convenit,
2193 2815 2284 2882 qui
2335 2814 2777 2882 pr:ecesserunt?
2828 2812 2967 2865 Cum
3025 2810 3168 2865 enim
3213 2809 3456 2862 ﬁnitima:

1875 2913 2084 2976 gentes,
2116 2905 2259 2958 velut
2280 2904 2519 2973 perﬁdaa,
2555 2903 2820 2957 adversus
2854 2904 3065 2972 priores
3095 2903 3455 2969 imperatores

1875 2998 2072 3053 crebro
2112 2996 2458 3058 rebellarent,
2495 3011 2593 3049 nec
2622 2995 2959 3048 seditionum
2991 2993 3231 3048 civilium
3262 2989 3457 3052 tumul-

1875 3098 1986 3153 tus,
2022 3090 2248 3143 alternis
2300 3089 2561 3153 ca-dibus,
2599 3087 2843 3154 requiem
2909 3087 3076 3138 ullam
3125 3083 3454 3153 prtehet'ent,

213 3191 344 3228 σεων
392 3176 520 3238 ταῖς
564 3173 982 3245 ἁλληλοφονίαις
1016 3176 1090 3246 μὴ
1142 3177 1536 3246 παρεχομένων
1583 3179 1772 3247 αὐτοῖς

1879 3181 1970 3234 ubi
2008 3197 2134 3234 mox
2174 3178 2570 3234 Constantinus
2625 3193 2719 3247 per
2770 3176 3072 3230 Salvatoris
3123 3172 3293 3228 nostri
3328 3173 3456 3228 Jesu

211 3265 303 3334 τὴν
331 3267 664 3331 ἀνάπαυσιν,
698 3267 862 3336 ήνῐκα
906 3267 1315 3329 Κωνσταντίνος
1345 3268 1434 3320 διὰ
1459 3267 1554 3320 τοῦ
1583 3271 1773 3340 Σωτῆ-

213 3376 300 3429 ρος
352 3353 514 3431 ὴμῶν
574 3359 813 3430 Χριστοῦ
881 3362 943 3412 τὸ
993 3362 1090 3429 τῆς
1149 3361 1426 3429 βασιλείας
1486 3363 1774 3429 ἀνεδέξατο

209 3455 432 3524 κράτος,
478 3455 643 3516 εὐθὺς
699 3455 775 3516 ῶς
815 3457 878 3506 ἐκ
916 3455 1368 3523 προστάγματος,
1410 3457 1503 3507 καὶ
1545 3457 1613 3509 τὰ
1663 3456 1774 3509 τῶν

206 3546 373 3600 ἐθνῶν
402 3547 556 3599 δεινὰ
586 3547 964 3613 κατελώφησε,
999 3546 1094 3598 καὶ
1129 3545 1190 3597 τὸ
1213 3547 1454 3614 ὑπήκοον
1477 3531 1578 3614 τὴν
1619 3548 1776 3617 είρή-

212 3652 302 3706 νην
340 3639 655 3706 ἠσπάσατο.
689 3637 748 3688 ’0
779 3635 835 3688 δὲ
865 3634 1159 3705 μισόκαλος
1188 3635 1384 3705 ἐχθρὸς
1415 3637 1537 3689 οὐδὲ
1567 3642 1774 3705 ταύτην

212 3728 405 3797 ἢνεγκε
440 3729 542 3799 τὴν
567 3729 662 3780 ἐπὶ
705 3727 774 3780 τὰ
815 3726 1102 3797 κρείττονα
1154 3727 1262 3778 τῶν
1308 3727 1616 3797 ἀνθρώπων
1651 3729 1772 3781 ἐπί-

212 3835 442 3886 γνωσιν·
484 3819 600 3872 ἀλλ’
633 3818 823 3886 ὥσπερ
878 3818 1045 3871 πάλαι
1091 3817 1171 3888 τῷ
1226 3803 1643 3891 πρωτοπλαστῳ
1674 3820 1772 3890 τῆς

210 3914 410 3968 ἀπόνου
473 3913 620 3981 ζωῆς
667 3911 1012 3982 διεφθόνησε,
1059 3913 1154 3965 καὶ
1199 3912 1291 3966 διὰ
1345 3914 1438 3965 τοῦ
1487 3914 1669 3982 δφεως
1706 3917 1773 3984 τῇ

212 4008 342 4077 ἀκοῇ
375 4009 478 4076 τὴν
516 4006 805 4076 παρακοήν
839 4005 940 4072 τῆς
983 4004 1205 4073 ἐντολῆς
1236 4005 1551 4076 ἐνέσπειρεν
1577 4046 1592 4070 ,
1631 4007 1778 4059 οὕτω

215 4099 304 4151 καὶ
329 4100 457 4151 τότε
488 4097 828 4167 σπαραχθεὶς
862 4099 958 4150 ἐπὶ
983 4100 1048 4166 τῇ
1078 4096 1186 4150 τῶν
1229 4097 1287 4161 ἐξ
1318 4099 1777 4168 εἰδωλολατρείας

214 4190 343 4258 πρὸς
390 4189 528 4242 Θεὸν
577 4191 911 4258 ἐπιστροφῇ,
969 4188 1177 4258 ἐγείρει
1226 4188 1444 4256 πνεῦμα
1500 4189 1778 4254 Πύθωνος.

219 4282 433 4351 Ἄρειος
459 4280 516 4332 δέ
537 4275 605 4351 ἦν
641 4274 795 4342 οὗτος
820 4296 837 4309 ·
875 4280 1204 4348 Χριστιανὸς
1229 4281 1346 4351 ,μὲν
1374 4283 1474 4349 τὴν
1506 4298 1780 4352 προσηγο-

218 4372 361 4440 ρίαν,
401 4371 606 4439 καὶτῷ
637 4368 1018 4438 πρεσϐυτερίῳ
1060 4368 1163 4436 τῆς
1205 4368 1604 4438 Ἀλεξανδρέων
1650 4371 1778 4424 Ἐκ-

220 4463 445 4534 κλησίας
477 4461 934 4529 καταλεγόμενοςο
963 4461 1064 4527 τήν
1102 4476 1161 4511 τε
1190 4460 1300 4511 τῶν
1329 4459 1491 4512 θείων
1521 4460 1778 4531 Γραφῶν,

1876 3270 2083 3326 Christi
2120 3273 2352 3340 gratiam
2406 3270 2699 3338 imperium
2751 3271 3012 3335 suscepit,
3071 3282 3168 3322 ceu
3208 3267 3458 3336 jussione

1875 3362 2082 3424 divina,
2137 3371 2250 3413 tum
2293 3360 2434 3414 mala
2463 3367 2771 3423 cessarunt,
2800 3358 2845 3412 si
2884 3374 2987 3426 qua
3034 3369 3190 3411 erant
3224 3374 3252 3410 a
3285 3357 3459 3424 genti-

1875 3451 2000 3512 bus.
2039 3451 2349 3519 subditique
2397 3449 2583 3519 populi
2619 3463 2808 3516 pacem
2845 3448 3082 3516 amplexi
3114 3457 3262 3501 sunt.
3289 3445 3455 3500 Crete-

1875 3555 1996 3595 rum
2048 3540 2176 3593 boni
2212 3554 2338 3592 osor
2388 3537 2584 3599 hostis,
2614 3552 2789 3604 neque
2844 3552 2964 3588 cam
3003 3536 3284 3588 hominum
3332 3550 3458 3605 pro-

1874 3631 2177 3686 vectionem
2227 3630 2291 3682 ad
2347 3630 2626 3681 meliorem
2660 3628 3028 3696 cognitionem
3064 3626 3206 3680 ferre
3235 3627 3454 3694 potuit;

1876 3725 2006 3792 quin
2045 3723 2065 3752 ²
2100 3723 2231 3787 imo,
2269 3721 2414 3774 velut
2464 3719 2592 3772 olim
2653 3720 2893 3786 primum
2950 3719 3171 3771 condito
3240 3718 3458 3772 homini

1874 3825 2042 3877 vitam
2096 3823 2343 3877 laborum
2399 3823 2671 3876 vacuitate
2701 3819 2920 3874 felicem
2975 3819 3195 3888 invidit,
3229 3820 3460 3894 ejusque

1874 3927 1972 3982 per
2010 3921 2343 3980 serpentem,
2375 3921 2434 3964 ut
2480 3926 2550 3964 ne
2598 3919 2869 3978 praecepto
2917 3910 3184 3972 obediret,
3229 3911 3459 3964 auribus

1879 4007 2072 4059 insevit
2094 4008 2157 4071 _';
2193 4009 2274 4058 sic
2317 4020 2534 4073 quoque
2563 4019 2657 4072 per
2691 4004 2739 4056 id
2778 4013 3015 4081 tempu's,
3045 4004 3457 4058 idololatrarum

1878 4102 1942 4153 ad
1976 4099 2144 4150 Deum
2167 4097 2525 4150 conversione
2556 4096 2922 4157 exulceratus,
2949 4094 3179 4148 suscitat
3207 4097 3458 4164 spiritum

1877 4191 2163 4262 Pythonis.
2239 4187 2367 4243 Fuit
2424 4188 2471 4242 is
2532 4187 2696 4240 Arius
2751 4200 2766 4238 :
2825 4186 3170 4240 Christianus
3236 4186 3457 4256 quidem

1879 4283 2131 4348 nomine,
2199 4296 2262 4336 ac
2331 4278 2588 4334 Ecclesia:
2664 4277 3054 4332 Alexandrina:
3124 4279 3460 4348 presbyteris

1879 4376 2151 4438 allectus;
2206 4373 2296 4427 cui
2362 4371 2775 4439 Scripturarum
2831 4370 3140 4424 divinarum
3172 4372 3460 4439 ainterpre-

1881 4466 2015 4521 talio
2089 4465 2284 4519 fuisset
2338 4465 2614 4530 mandata,
2686 4471 2850 4531 atque
2895 4461 3100 4514 utinam
3169 4477 3278 4515 non
3325 4461 3461 4516 fuis-
3534 4445 3540 4454 ’

219 4556 286 4618 ὡς
337 4557 445 4608 οὐκ
487 4553 712 4622 ὄφελον,
769 4552 1200 4621 πεπιστευμένος
1249 4553 1560 4620 ὑφήγησιν·
1623 4571 1776 4606 κενο-

1887 4567 2008 4623 set,
2046 4557 2194 4612 inani
2225 4557 2386 4609 homo
2434 4551 2621 4626 gloria
2653 4593 2668 4619 ,
2712 4568 2778 4608 ac
2827 4553 3093 4619 avaritia,
3146 4554 3315 4622 patris
3376 4556 3460 4607 sui

220 4645 364 4718 δοξίᾳ
400 4663 460 4697 τε
507 4646 604 4697 καὶ
653 4643 1010 4713 φιλαργυρίᾳ,
1039 4645 1153 4705 τοῖς
1201 4644 1386 4705 ὅπλοις
1431 4645 1524 4697 τοῦ
1574 4646 1783 4715 πατρὸς

221 4738 383 4791 αὑτοῦ
423 4735 522 4790 τοῦ
563 4735 839 4799 διαϐόλου,
891 4736 1258 4806 κατεχόμενος
1285 4751 1299 4766 ο
1333 4736 1390 4798 ὃς
1449 4735 1786 4807 θεασάμενος

220 4831 290 4896 ὡς
322 4830 467 4901 μετὰ
502 4829 708 4898 Πέτρον
741 4829 835 4880 τὸν
868 4827 925 4880 ἐν
960 4829 1200 4899 μάρτυσι
1240 4830 1536 4900 νικηφόρον
1561 4868 1576 4894 ,
1608 4829 1702 4881 καὶ
1727 4830 1784 4881 ἐν

310 4949 330 4978 ³
369 4945 512 5002 Gen.
531 4960 614 5008 ιιι,
645 4945 698 4998 5.

1883 4650 2087 4705 diaboli
2113 4649 2302 4714 armis,
2343 4662 2656 4717 possessus.
2698 4646 2835 4700 Cum
2887 4660 3054 4714 porro
3088 4654 3213 4708 post
3239 4644 3459 4698 Petrum
3522 4665 3524 4668 ν

1885 4742 2027 4795 inter
2065 4751 2334 4810 martyres
2390 4739 2626 4794 victoria
2677 4737 2973 4803 illustrem,
3007 4751 3072 4792 ac
3105 4736 3247 4792 inter
3282 4729 3461 4806 ponti-

1887 4830 2017 4884 lices
2056 4836 2376 4884 consertum
2425 4826 2714 4898 apostolis,
2762 4825 3150 4897 Achillamque
3175 4826 3297 4896 ejus
3338 4834 3461 4884 sucé

1478 5038 1577 5099 Fr.
1621 5038 1983 5102 Combeﬁsii
2018 5047 2202 5101 notae.

291 5162 368 5231 (Ξ)
445 5159 766 5215 Ortliodoxa:
823 5157 1124 5231 reipublicae
1178 5170 1364 5212 auctor
1425 5176 1485 5212 ac
1526 5163 1792 5228 princeps.

226 5230 381 5288 Velut
413 5233 507 5300 qui
536 5233 743 5299 primus
778 5230 1332 5300 resChristianorum
1363 5245 1425 5282 ac.
1453 5233 1795 5285 orthodoxa-

410 5299 743 5370 provexerit,
777 5307 834 5351 ut
868 5299 978 5364 jam
1033 5300 1340 5366 respublica
1389 5300 1695 5354 Christiana
1733 5318 1796 5355 ac

229 5320 366 5364 rum,

231 5373 553 5430 orthodoxa,
585 5371 752 5421 libera
789 5369 1072 5437 religione,
1106 5385 1169 5421 ac
1213 5373 1546 5436 compressis
1578 5372 1788 5424 errori-

235 5446 350 5502 lius,
401 5448 588 5509 posset
624 5440 750 5491 dici.
785 5436 1012 5504 interpr.
1049 5437 1259 5505 Lipom.
1327 5437 1643 5492 Orthodoxw
1666 5443 1786 5494 vita

235 5513 456 5562 instituti
488 5511 741 5576 princeps,
768 5509 910 5576 quod
935 5523 1042 5559 non
1072 5509 1290 5574 placuit.

298 5582 372 5649 (5)
414 5580 637 5632 Ιηαιιεηι
691 5579 813 5646 falsi
857 5579 1269 5649 consistendum.
1314 5577 1523 5647 Quippe
1559 5582 1784 5635 menda-

235 5647 368 5703 cium
407 5649 770 5703 inconsistens
815 5657 918 5700 est.
951 5649 1168 5701 Absone
1208 5647 1488 5716 Lipomani
1531 5651 1692 5703 inter.
1725 5652 1782 5703 τὸ

235 5721 569 5790 ἀνύπαρκτον
592 5720 658 5771 ad
689 5733 921 5790 sequens
947 5719 1222 5790 κήρυγμα
1257 5721 1421 5773 rel'ert
1464 5737 1476 5772 :
1506 5721 1638 5785 Qua:
1662 5738 1784 5774 con-

238 5788 538 5846 sistere'non
572 5800 795 5856 poterat,
828 5788 976 5856 allicit
1014 5790 1350 5860 manifestam
1390 5792 1619 5846 raritatis
1645 5808 1782 5861 prmo

1899 5163 2239 5216 dicationem.
2270 5162 2436 5215 Plane
2463 5159 2814 5222 consistebat,
2856 5166 2984 5212 ante
3004 5156 3348 5213 Constantini
3383 5156 3462 5212 l‘e-

1899 5235 2024 5288 licia
2059 5238 2325 5303 tempora,
2382 5248 2484 5286 nec
2513 5232 2704 5303 majori
2764 5244 3001 5303 unquam
3049 5232 3262 5303 vigore
3296 5244 3458 5296 quam

1900 5307 2004 5358 sub
2036 5298 2421 5358 deceésorihus
2468 5298 2737 5370 tyrannis,
2787 5298 3101 5370 praedicatio
3141 5298 3460 5352 Christiana:

1895 5376 2163 5437 veritatis,
2195 5390 2257 5426 ac
2278 5369 2542 5443 κήρυγμα
2567 5384 2846 5443 nunquam
2877 5369 3246 5443 ὰνῦπαρκτον.

1973 5445 2049 5514 (4)
2094 5437 2405 5507 Tormentis.
2436 5437 2890 5509 'Exaggeratione
2943 5437 3188 5514 dictum,
3215 5453 3329 5514 _nec
3393 5437 3460 5491 ad

1899 5507 2248 5569 Coinétantini
2311 5507 2653 5565 referendum
2706 5519 2996 5578 tempora,
3054 5507 3322 5576 siquidem
3377 5519 3466 5561 est

1893 5600 2073 5640 sermo
2099 5588 2163 5639 de
2197 5584 2454 5644 ethnicis,
2488 5583 2688 5650 quibus
2723 5581 2934 5633 interim
2963 5580 3194 5650 multum
3226 5585 3462 5650 eratpur

1893 5656 2141 5708 nefandis
2169 5657 2338 5708 sacris
2360 5648 2799 5720 prohiberentur,
2822 5649 3208 5703 clauderentur
3234 5648 3455 5719 templa,

1892 5726 2007 5781 sive
2038 5727 2226 5793 etiam,
2261 5739 2385 5780 cum
2422 5738 2509 5778 res
2542 5723 2771 5786 terebat,
2804 5721 3240 5775 destruerentur.
