4176 6444
627 344 731 404 4⁸23

1787 342 2163 402 GREGOllll
2206 343 2682 405 PRESBYTERI

3749 347 3859 408 ιρι

627 472 944 519 cessarem,
1010 454 1377 509 Alexandrum
1440 457 1667 513 vidisset
1735 459 1875 512 inter
1936 458 2193 527 praesules

2302 459 2644 529 ἀρχιερεῦσιν
2676 459 3028 512 ίσαπόστολον
3054 501 3067 523 ,
3113 461 3206 513 καὶ
3244 462 3494 532 Ἀχιλλᾶν
3525 462 3615 518 τὸν
3654 466 3857 518 τούτου

630 549 1021 610 castissimum,
1062 556 1457 616 strenuumque
1489 549 1913 618 apostolicorum
1963 549 2188 618 dogma—

627 653 741 694 tum
806 638 1174 699 defensorem,
1240 625 1499 699 Ecclesia:
1552 639 1933 693 Alexandrinm
1982 655 2190 707 prtepo—

626 734 816 795 silum,
847 739 1104 799 tanquam
1143 738 1446 785 venenatus
1474 745 1720 800 serpens,
1745 735 1889 800 quod
1925 733 1975 788 in
2014 732 2195 787 cordis

627 822 748 890 ejus
779 821 1143 890 penetralibus
1174 820 1373 874 latebat
1400 821 1552 876 virus
1608 824 1869 877 evomuit.
1897 821 2186 877 Enimvero

634 929 741 967 non
776 921 989 982 poterat
1049 912 1312 966 adversus
1353 912 1721 967 Alexandrum
1772 913 1951 983 ipsum
1988 913 2196 982 impor-

630 1015 761 1058 tuna
793 1017 851 1058 se
893 1003 1184 1057 insolentia
1245 1002 1458 1056 ell'erre.
1507 1003 1714 1056 Etenim
1755 1001 2065 1060 Alexander
2089 1003 2198 1058 vita

629 1116 693 1155 ac
724 1100 970 1155 moribus
1001 1097 1492 1168 irreprehensibilis
1538 1107 1674 1161 erat,
1719 1109 1882 1168 atque
1931 1098 2000 1153 ab
2049 1097 2200 1153 omni

631 1195 913 1249 abstinens
965 1192 1131 1256 malo,
1157 1197 1316 1262 juxta
1379 1192 1596 1246 Domini
1657 1195 1724 1248 de
1771 1191 1912 1247 Jobo
1940 1193 2197 1253 testimo-

633 1287 781 1338 nium
837 1286 877 1337 ³.
942 1283 1214 1348 Quidnam
1279 1296 1410 1352 ergo
1485 1281 1834 1337 machinatur
1892 1281 2199 1336 scelestus?

630 1379 796 1430 Arma
837 1385 992 1445 parat
1044 1376 1307 1429 adversus
1361 1372 1483 1428 viri'
1526 1373 1698 1428 sancti
1739 1373 2062 1434 doctrinam,
2101 1386 2197 1427 seu

2295 547 2557 618 διάδοχον,
2598 549 2947 620 Ἀλέξανδρος
2976 555 3001 604 ό
3027 552 3083 603 ὲν
3113 553 3397 622 προέδροις
3433 555 3731 622 πάναγνος,
3757 556 3856 609 καὶ

2295 641 2402 692 τῶν
2431 641 2806 694 ἀποστολικῶν
2831 642 3118 710 δογμάτων
3163 645 3502 715 ὑπέρμαχος,
3533 647 3634 718 τῆς
3687 647 3789 701 Δλε
3804 647 3860 713 ξ-

2294 733 2532 802 ανδρέων
2596 733 2832 804 προέστη
2893 736 3243 804 Ἐκκλησίας,
3285 737 3474 806 ὥσπερ
3525 756 3610 801 τις
3654 739 3862 803 ίοὸόλος

2295 821 2514 891 δράκων
2564 823 2658 874 τὸν
2709 822 3113 894 ὲνδομυχοῦντα
3163 829 3230 896 τῇ
3293 829 3492 898 καρδίᾳ.
3545 828 3714 882 αὑτοῦ
3757 829 3886 900 τῆς-

2297 914 2604 984 βασκανίας
2651 915 2899 983 ὲξέμεσε.
2963 918 3072 970 Καὶ
3137 919 3278 972 κατά
3340 919 3690 992 Ἀλεξάνδρου
3740 924 3864 992 μὲν,

2299 1007 2398 1076 οὐχ
2443 1001 2552 1069 οἶός
2605 1024 2664 1058 τε
2713 1003 2780 1077 ἦν
2829 1008 3197 1061 αὑθαδιάσαιο
3243 1010 3519 1076 ἀνάλωτος
3568 1011 3678 1084 γὰρ
3722 1015 3869 1066 κατᾶ

2298 1095 2392 1148 τὸν
2424 1095 2535 1164 βίον
2563 1095 2979 1168 όἊλέξανδρος,
3014 1100 3108 1150 καὶ
3141 1099 3325 1169 πάσης
3354 1101 3550 1163 κακίας
3573 1101 3864 1171 ἀμέτοχος,

2301 1189 2443 1242 κατά
2474 1189 2572 1258 τὴν
2601 1189 2713 1243 ,τοῦ
2757 1188 2876 1241 Ἰὼϐ
2909 1189 3012 1241 ὑπὸ
3053 1190 3148 1242 τοῦ
3183 1192 3388 1260 Κυρίου
3442 1192 3771 1262 μαρτυρίαν.
3799 1194 3868 1246 Τί

2302 1279 2396 1333 οῦν
2429 1280 2456 1330 ό
2478 1279 2772 1350 ἀλητήριος
2827 1282 3180 1350 μηχανᾶταις
3221 1281 3379 1334 Κατά
3416 1281 3524 1334 τῶν
3577 1281 3885 1359 δογμάτων.

2300 1371 2394 1425 τοῦ
2434 1373 2583 1426 ὁσίου
2623 1371 2933 1436 ὀπλίζεται,
2969 1373 3045 1434 ὡς
3088 1373 3179 1426 διὰ
3224 1373 3434 1427 τούτων
3472 1373 3642 1428 αὐτοῦ
3691 1375 3866 1429 καθα·

629 1483 738 1536 qua
789 1467 1074 1520 invadendi
1126 1475 1335 1535 pateret
1401 1465 1626 1520 aditus:
1663 1465 1867 1533 sicque,
1904 1482 1923 1515 ε
1954 1462 2108 1532 ponit
2138 1476 2200 1516 os

2304 1463 2573 1533 ψόμενος’
2621 1464 2718 1517 καὶ
2750 1461 2915 1519 οὕτω
2955 1482 2975 1516 ε
3007 1461 3223 1532 τίθησιν
3276 1465 3357 1524 είς
3401 1464 3494 1517 τὸν
3539 1465 3868 1535 οῦρανδντὺ

635 1574 795 1612 suum
831 1559 885 1632 in
925 1563 1150 1619 caelum,
1199 1569 1251 1612 et
1282 1557 1525 1626 loquitur
1560 1555 1898 1625 iniquitatem
1939 1555 2200 1608 adversus

2305 1555 2479 1626 στόμα
2499 1552 2686 1618 αὑτοῦ,
2705 1553 2802 1607 καὶ
2827 1552 2982 1608 λαλεῖ
3002 1552 3146 1607 κατά
3170 1551 3262 1605 τοῦ
3295 1545 3553 1623 Ὑψίστου
3580 1552 3863 1608 ἀδικίανδ

632 1648 971 1703 Altissimum
995 1652 1036 1702 δ.
1065 1667 1084 1699 ι
1113 1648 1246 1702 Nam
1272 1663 1396 1701 cum
1429 1656 1650 1702 sanctus
1679 1645 1979 1700 Alexander
2004 1641 2200 1696 Filium

2304 1645 2413 1700 Τοῦ
2443 1648 2552 1716 γὰρ
2575 1645 2722 1700 όσίου
2764 1644 3120 1714 Ἀλεξάνδρου
3149 1645 3414 1714 ὁμότιμον
3441 1643 3536 1697 καὶ
3575 1642 3868 1712 ὁμοοὺσιον

636 1737 1018 1800 conﬁteretur,
1051 1738 1259 1792 honore
1309 1735 1457 1790 Patri
1509 1735 1793 1805 aequalem,
1851 1749 1913 1790 ac
1959 1734 2199 1803 ejusdem

2310 1735 2405 1789 τὸν
2441 1735 2571 1788 Υίὸν
2619 1734 2697 1804 τῷ
2750 1734 2930 1804 Πατρὶ
2967 1732 3491 1802 καθομολογοῦντος,
3523 1731 3787 1802 ἄντικρυς
3836 1733 3880 1786 6-

635 1833 904 1896 essentias,
939 1846 1004 1884 ex
1055 1830 1284 1884 adverso
1336 1838 1518 1884 mente
1563 1838 1754 1898 captus
1785 1828 1968 1910 Arius,
1996 1826 2198 1880 Filium

2315 1802 2692 1904 φρενοϐλαϐὴς
2723 1802 2940 1898 ’Δρει-ος
2983 1827 3189 1895 κτίσμα
3231 1827 3326 1879 καὶ
3379 1826 3588 1897 ποίημα
3621 1824 3711 1878 τὸν
3737 1824 3871 1878 Υίὸν

637 1929 944 1974 creaturam
1008 1934 1071 1972 ac
1124 1919 1387 1972 facturam
1445 1919 1631 1986 nugari
1681 1918 1982 1994 cmpit:ac
2033 1917 2202 1971 fuisse

633 2010 854 2079 quando
875 2025 977 2063 non
1003 2015 1137 2073 erat,
1162 2018 1213 2062 et
1231 2023 1350 2076 qua:
1372 2018 1498 2061 sunt
1516 2008 1601 2061 his
1630 2010 1800 2078 magis
1825 2008 2010 2076 impia,
2039 2007 2201 2075 digna

638 2099 873 2169 profecto
892 2113 1013 2167 quae
1030 2097 1288 2152 oblivioni
1310 2099 1636 2150 mandentur
1660 2105 1713 2150 et
1734 2106 1937 2150 aeterno
1961 2095 2199 2150 silentio.

709 2189 909 2243 Videns
965 2204 1095 2257 ergo
1142 2187 1363 2242 divinus
1424 2187 1766 2253 Alexander,
1821 2188 2024 2241 malum
2098 2187 2204 2241 hoc

638 2284 809 2334 instar
864 2279 1039 2334 morbi
1092 2281 1239 2334 sacri
1295 2280 1589 2348 depascere
1640 2279 1943 2351 (siquidem
1996 2280 2204 2334 vicinas

638 2372 956 2440 Aﬂgyptum,
986 2369 1459 2440 Thebaidemque,
1492 2379 1546 2426 et
1586 2369 1810 2441 Libyam
1866 2369 2201 2440 invaserat),

639 2464 844 2517 veritus
901 2477 969 2517 ne
1023 2463 1338 2517 universum
1373 2463 1672 2532 corriperet
1720 2462 1954 2517 lldelium
1983 2478 2203 2532 corpus,

640 2561 762 2622 post
811 2552 1009 2606 multas
1073 2567 1258 2606 coram
1318 2552 1648 2607 monitiones
1700 2552 1924 2607 ell‘eratn
1978 2563 2205 2622 paterne

639 2642 938 2708 adhibitas,
973 2651 1094 2711 post
1134 2642 1313 2697 varias
1341 2658 1406 2696 ex
1441 2641 1745 2712 Scripturis
1775 2645 1975 2699 divinis
2004 2645 2205 2714 proba-

642 2734 841 2798 tiones,
869 2732 1075 2801 quibus
1107 2731 1279 2787 Vetus
1307 2735 1512 2802 pariter
1546 2749 1610 2791 ac
1636 2732 1846 2789 Novum
1879 2736 2200 2790 Testamen-

609 2823 751 2876 ‘tum
786 2823 1048 2888 abundat,
1074 2823 1255 2878 sciens
1281 2824 1504 2894 impium
1537 2827 1741 2880 erroris
1775 2826 2004 2896 caligine
2030 2827 2206 2882 adhuc

641 2912 1002 2982 implicatum,
1036 2913 1104 2967 ad
1138 2912 1432 2966 Dominum
1483 2911 1668 2968 Iesum
1701 2915 2001 2980 Christum,
2043 2931 2202 2986 quem

637 3004 728 3058 ille
756 3003 1022 3058 alliciebat
1045 3005 1404 3070 contumelia,
1433 3007 1698 3076 conlugit,
1725 3023 1834 3078 quo
1865 3008 1912 3063 is
1939 3007 2205 3064 Christia-

2303 1919 2646 1991 ὲληρώδησε’
2696 1921 2790 1973 καὶ
2841 1921 2923 1972 ὃτι
2973 1915 3042 1990 ἦν
3087 1918 3218 1972 ποτε
3254 1919 3343 1970 ὅτε
3382 1917 3481 1970 οὐκ
3531 1912 3619 1986 ἦν,
3654 1918 3746 1969 καὶ
3799 1917 3870 1971 τὰ

2302 1997 2511 2067 τούτων
2534 2015 2894 2084 ἀσεϐέστερα,
2935 2013 3081 2082 ᾇπερ
3115 2011 3329 2082 σιωπῆς
3378 2011 3677 2075 δντωςκαὶ
3697 2009 3872 2081 λήθης

2304 2101 2486 2173 βυθῶν
2515 2106 2654 2158 είσιν
2690 2104 2839 2169 ἄξια.
2918 2091 2924 2098 ’

2391 2195 2534 2250 Ἰδὼν
2593 2192 2686 2249 οὖν
2751 2195 3104 2267 Ἀλέξανδρος
3155 2199 3184 2252 6
3236 2197 3526 2259 θεσπέσιος
3577 2199 3653 2259 ὡς
3707 2194 3870 2266 δίκην

2308 2293 2458 2365 ἱερᾶς
2492 2291 2646 2345 νόσου
2681 2289 3002 2360 ἐπινέμεται
3038 2290 3101 2343 τὸ
3148 2291 3350 2345 κακόν·
3397 2289 3573 2362 ἥψατο
3621 2288 3732 2360 γὰρ
3775 2289 3874 2342 Al-

2305 2383 2514 2452 γύπτου
2547 2383 2641 2436 καὶ
2695 2382 2960 2452 Θηϐαΐδος
3028 2384 3122 2438 καὶ
3172 2382 3380 2452 Λιϐύης
3438 2383 3546 2436 τῶν
3601 2382 3866 2452 ιναγχοςο

2306 2477 2400 2529 καὶ
2428 2475 2683 2538 δεδοικὼς
2723 2475 2796 2545 μὴ
2834 2473 2929 2528 τοῦ
2964 2475 3168 2536 παντὸς
3209 2475 3321 2531 τῶν
3353 2475 3562 2529 πιστῶν
3604 2475 3876 2546 περιδρά-

2307 2567 2463 2637 ξηται
2510 2567 2782 2636 σώματος,
2819 2567 2958 2634 μετὰ
3000 2565 3203 2630 πολλὰς
3234 2568 3337 2630 τὰς
3381 2566 3524 2622 κατά
3578 2567 3874 2638 πρόσωπον

2307 2659 2687 2729 παραινέσεις,
2741 2657 2807 2720 ἃς
2849 2657 2928 2727 τῷ
2985 2657 3261 2729 ἀτιθάσσῳ
3316 2659 3598 2730 πατρικῶς
3660 2658 3875 2735 προσῄ-

2305 2767 2446 2820 γαγε
2469 2792 2484 2817 ,
2515 2751 2655 2821 μετὰ
2691 2749 2968 2811 ποικίλους
3010 2749 3140 2813 τοὺς
3178 2750 3267 2804 διά
3301 2750 3410 2804 τῶν
3439 2750 3602 2804 θείων
3633 2751 3874 2824 Γραφῶν

2305 2839 2563 2909 ἐλέγχους
2592 2832 2675 2902 οἷς
2701 2838 2736 2908 ἡ
2767 2855 2827 2892 τε
2887 2838 3103 2891 Παλαιὰ
3133 2838 3168 2908 ἦ
3193 2854 3250 2891 τε
3285 2837 3460 2909 Καινὴ
3491 2837 3872 2910 ἐναϐρύνεται·

2306 2933 2472 3002 γνοὺς
2501 2932 2596 2986 τὸν
2629 2931 2802 3001 ἀσεϐῆ
2843 2931 2926 2984 ἔτι
2970 2930 3048 3000 τῷ
3079 2934 3178 3002 τῆς
3217 2931 3426 3001 πλάνης
3465 2930 3614 3002 ζόφῳ
3643 2933 3874 3004 κατεχό-

2311 3041 2492 3096 μενον,
2528 3025 2622 3078 ἐπὶ
2647 3024 2740 3078 τὸν
2787 3023 2997 3094 Ἰησοῦν
3028 3023 3266 3094 Χριστὸν
3334 3024 3426 3077 τὸν
3476 3024 3626 3096 παρά
3660 3026 3872 3079 ἐκείνου

611 3112 724 3150 uuae
758 3097 833 3151 rei
866 3097 1128 3151 adversus
1162 3096 1383 3167 impiam
1418 3099 1755 3153 molitionem
1783 3101 1985 3155 auxilio
2009 3109 2155 3155 esset
2183 3116 2199 3154 :

2309 3114 2661 3187 ὑϐριζόμενον
2693 3115 3067 3183 καταφεύγει,
3120 3113 3316 3184 βοηθὸν
3361 3114 3522 3168 αὑτὸν
3564 3114 3644 3186 τῷ
3699 3115 3871 3187 κοινῷ

634 3189 866 3258 jejunio,
902 3188 1127 3258 vigiliis,
1159 3203 1224 3242 ac
1276 3189 1532 3259 lacrymis
1578 3204 1702 3244 eum
1734 3190 1945 3244 invocat
1993 3190 2200 3260 adjuto-

2304 3205 2556 3276 γενέσθαι
2587 3205 2730 3260 κατά
2780 3206 2880 3276 τῆς
2907 3205 3176 3275 θεομάχου
3207 3208 3576 3278 ἐγχειρήσεως
3599 3223 3614 3238 ο
3645 3211 3873 3280 νηστείᾳ

642 3295 797 3343 rem,
856 3280 948 3349 qui
1013 3279 1291 3350 inspector
1358 3289 1441 3334 est
1493 3281 1757 3335 veritatis.
1823 3280 2022 3336 Verum
2079 3296 2202 3335 cum

641 3369 842 3436 impius
877 3369 1049 3437 magis
1089 3368 1409 3423 ederaretur
1470 3379 1522 3424 et
1580 3369 1974 3436 eﬂervesceret,
2015 3380 2206 3426 evocat

645 3459 955 3514 Alexander
988 3459 1415 3533 pluresl‘uturos
1439 3463 1668 3530 periculi
1696 3463 1895 3527 socios,
1914 3463 2205 3532 dirigitque

645 3551 856 3602 litteras
908 3549 974 3602 ad
1033 3549 1320 3618 episcopos
1377 3563 1474 3618 per
1514 3564 1579 3603 ea
1634 3552 1954 3605 constitutos
1981 3552 2116 3611 loca.
2143 3565 2206 3605 ac

644 3639 990 3709 prodigiosos
1017 3639 1200 3693 cordis
1237 3638 1350 3721 Arii
1389 3638 1531 3694 fetus
1559 3640 1819 3695 adversus
1848 3642 2203 3696 orthodoxam

643 3731 823 3795 tidem,
858 3731 1167 3785 denuntiat.
1219 3729 1610 3798 Quamobrem,
1659 3735 1947 3801 prmmunit
1985 3735 2202 3803 quidem

641 3835 830 3874 eorum
872 3829 1054 3888 aures,
1125 3829 1186 3875 ut
1256 3836 1325 3876 ne
1374 3823 1467 3893 qni
1513 3823 1580 3878 ab
1634 3823 1787 3878 hiatu
1851 3841 2041 3880 sensus
2089 3825 2204 3881 Arii

640 3913 862 3965 sinistre
898 3913 1312 3982 arriperentur;
1366 3914 1557 3968 incitat
1609 3931 1758 3979 vero,
1815 3927 1872 3971 ut
1926 3919 2203 3972 communi

641 4001 870 4055 consilio
932 4003 1069 4056 citra
1125 4018 1334 4057 moram
1387 4005 1454 4060 de
1507 4005 1589 4060 his
1633 4009 1894 4077 Optimum
1922 4008 2203 4063 dominum

640 4094 925 4147 certiorem
972 4093 1235 4149 lacerent.
1269 4095 1369 4150 Ubi
1400 4113 1566 4166 porro
1619 4099 1792 4153 victor
1838 4100 1924 4154 ille
1974 4101 2204 4171 inclytus

640 4189 754 4240 haec
785 4189 1389 4257 rescivissel,tanquam
1424 4191 1662 4256 stimulo,
1694 4193 1917 4262 profana
1943 4195 2204 4250 obscuro-

640 4293 782 4341 rum,
829 4279 1168 4347 molestaque
1218 4282 1620 4350 inopinatorum
1674 4284 1970 4351 auditione,
2021 4289 2203 4342 animo

593 4368 957 4437 Wperculsus,
1012 4371 1226 4424 divinas
1291 4373 1541 4439 protinus
1603 4375 1766 4429 mittit
1819 4377 2044 4442 litteras,
2110 4392 2204 4447 per

2311 3315 2372 3351 τε
2431 3298 2528 3350 καὶ⁴
2573 3297 2852 3367 ἀγρυπνίᾳ
2899 3299 2993 3351 καὶ
3035 3296 3270 3367 δάκρυσι
3306 3298 3396 3352 τὸν
3464 3300 3562 3370 τῆς
3611 3299 3871 3370 ἀληθείας

2308 3391 2553 3461 ὲπόπτην
2584 3390 2930 3445 ἐπικαλεῖται
2973 3389 3281 3461 σύμμαχον.
3329 3391 3437 3446 Τοῦ
3463 3393 3521 3446 δὲ
3571 3393 3871 3458 δυσσεϐοῦς

2309 3483 2509 3552 μᾶλλον
2546 3483 2893 3554 ἁγριωμένου
2929 3485 3024 3537 καὶ
3077 3468 3476 3554 παφλάζοντος,
3505 3491 3802 3553 κοινωνοὺς
3837 3491 3866 3542 ὀ

2318 3571 2668 3640 Ἀλέξανδρος
2738 3572 2832 3626 τοῦ
2874 3572 3120 3627 κινδύνου
3164 3575 3556 3645 προσκαλεῖται
3593 3577 3868 3644 πλείονας,

2307 3660 2401 3711 καὶ
2429 3660 2722 3728 γράμμασι
2762 3660 2898 3729 πρὸς
2947 3661 3073 3723 τοὺς
3126 3662 3269 3716 κατά
3311 3666 3482 3718 τόπον
3526 3653 3869 3732 ἐπισκόπους
3961 3719 3965 3722 .

2317 3750 2612 3819 κέχρηται,
2652 3751 2748 3804 καὶ
2805 3751 2999 3822 μηνύει
3055 3754 3124 3806 τὰ
3181 3755 3459 3828 τερατώδη
3513 3757 3614 3829 τῆς
3654 3761 3870 3836 Ἀρείου

2306 3841 2532 3912 καρδίας
2569 3844 2709 3898 κατά
2762 3843 2863 3915 τῆς
2905 3844 3212 3919 ὀρθοδοξίας
3276 3851 3554 3921 κυήματα.
3600 3853 3692 3908 Διὸ
3735 3871 3873 3928 προ-

2325 3936 2684 4003 ασφαλίζεται
2712 3938 2810 4005 μὲν
2850 3939 3028 3993 αὐτῶν
3054 3940 3154 4003 τὰς
3188 3943 3363 4006 ἀκοὰς
3394 3943 3528 4014 πρὸς
3556 3947 3617 3999 τὸ
3647 3948 3722 4017 μὴ
3765 3965 3869 4001 πα-

2307 4026 2613 4103 ρασυρῆναί
2661 4044 2813 4090 τινας
2863 4029 2970 4082 ἀπὸ
3033 4035 3135 4101 τῆς
3188 4035 3464 4104 χαράδρας
3502 4035 3602 4105 τῆς
3654 4037 3866 4107 ’Δρείου

2307 4121 2620 4188 φρονήσεως
2647 4137 2660 4151 ο
2705 4125 3042 4194 παροτρύνει
3086 4126 3141 4178 δὲ
3185 4127 3261 4197 τῷ
3302 4127 3465 4198 κοινῷ
3499 4129 3612 4201 [τσο
3646 4132 3864 4204 κοινῶς]
3904 4153 3910 4160 ’

2306 4209 2569 4280 ἀμελλητὶ
2614 4211 2787 4264 ταῦτα
2830 4214 2907 4281 τῷ
2944 4222 3223 4286 κρατίστῳ
3281 4219 3550 4289 γνωρίσαι
3605 4221 3859 4296 δεσπότῃ.

2306 4299 2525 4352 Τούτων
2590 4300 2683 4354 οὖν
2738 4303 2766 4356 ὀ
2822 4303 3130 4369 καλλίνικος
3183 4309 3242 4360 ὲν
3297 4309 3494 4376 γνώσει
3552 4312 3861 4382 γενόμενος,

2307 4386 2498 4459 ὥσπερ
2555 4390 2768 4462 κέντρῳ
2832 4397 2897 4477 τῇ
2969 4394 3186 4467 βεϐήλῳ
3249 4399 3358 4450 τῶν
3407 4400 3639 4470 ἀδήλων,
3803 4418 3862 4454 τε

637 4475 775 4529 quas
810 4469 862 4514 et
896 4462 1259 4530 magistratus
1293 4461 1395 4532 (5),
1449 4475 1503 4517 et
1549 4478 1644 4518 eos
1689 4465 1781 4534 qui
1816 4476 2055 4534 possent,
2093 4468 2200 4537 epi-

2309 4479 2508 4551 ἀνιαρᾷ
2540 4482 2645 4534 τῶν
2674 4461 3126 4559 ἀδοκήτων-ἀκοῇ
3156 4461 3395 4557 ,πληγεὶς
3447 4461 3547 4558 την
3594 4461 3858 4557 διάνοΙιαν,

639 4566 858 4620 scopos,
891 4551 1163 4604 Nicmttam
1198 4555 1563 4621 metropolim,
1609 4558 1674 4610 ad
1714 4572 1776 4610 ea
1818 4559 2197 4622 examinanda,

636 4658 757 4710 quae
815 4644 878 4696 ad
939 4656 1032 4696 eos
1081 4650 1411 4712 spectarent,
1465 4647 1649 4700 venire
1694 4649 1907 4714 suadet,
1938 4658 2101 4719 atque
2133 4651 2200 4704 ad

641 4733 1024 4787 declarandam
1051 4730 1236 4809 veram
1267 4745 1322 4790 et
1354 4736 1682 4806 inculpatam
1705 4779 1720 4805 ,
1750 4740 1908 4793 tidem
1963 4742 2204 4810 penitus-

640 4841 744 4893 que
770 4826 1197 4881 cxscindendam
1227 4843 1290 4883 ac
1323 4829 1643 4883 abolendam
1673 4832 1814 4887 male
1856 4835 2200 4890 sentientium

637 4916 1024 4969 daemoniacam
1067 4917 1338 4972 haaresim.

2305 4573 2644 4643 παραχρῆμα
2676 4575 2850 4639 θείαις
2893 4579 3161 4650 κέχρηται
3205 4583 3476 4652 κεραίαις,
3509 4585 3579 4638 δι’
3619 4579 3694 4638 ὧν
3732 4585 3860 4648 τούς

2302 4680 2361 4715 τε
2391 4666 2448 4716 ὲν
2476 4665 2619 4718 τέλει
2649 4670 2742 4720 καὶ
2786 4670 2910 4733 τοὺς
2948 4671 3192 4736 δυνατῶς
3230 4674 3453 4744 ἔχοντας
3494 4677 3603 4731 τῶν
3630 4680 3854 4733 ιπιωιόο

2306 4771 2423 4808 πων
2461 4756 2558 4826 τὴν
2607 4759 2837 4813 Νίκαιαν
2880 4763 2989 4816 τῶν
3019 4764 3260 4818 Βιθυνῶν
3309 4767 3640 4838 μητρόπολιν
3697 4789 3862 4824 καταο

2307 4846 2605 4915 λαμὸἀνειν
2647 4850 2834 4922 [λείπ.
2869 4857 3263 4931 προτρέπεται]
3299 4862 3433 4931 πρὸς
3463 4862 3707 4927 ἐξέτασιν
3753 4864 3854 4917 τῶν

2307 4934 2388 4996 είς
2411 4936 2606 4999 αὐτοὺς
2650 4941 2912 5008 ἡκόντων,
2953 4947 3046 4997 καὶ
3076 4948 3380 5017 φανέρωσιν
3434 4951 3533 5019 μὲν
3583 4954 3679 5022 τῆς
3729 4938 3875 5020 ἀλη-¹

638 5008 763 5113 θοῦς
802 5010 899 5061 καὶ
966 5009 1255 5080 ἀμέμπτου
1307 5012 1562 5076 πίστεως,
1633 5016 1867 5089 ἐκτομὴν
1931 5019 1985 5071 δὲ
2057 5020 2150 5073 καί
2195 5025 2429 5096 παντελῆ
2472 5029 2780 5100 ἀφανισμὸν
2845 5036 2941 5105 τῆς
2982 5008 3361 5109 δαιμονιῶδους
3403 5008 3512 5097 τῶν
3563 5008 3857 5113 κακ-οδόξων

637 5103 923 5172 αίρέσεως.

709 5237 730 5268 ³
768 5235 870 5292 Job
930 5255 966 5302 ι,
998 5241 1048 5303 l,
1147 5241 1168 5273 ⁸
1200 5239 1348 5296 Psal.
1384 5257 1586 5311 Lxxvn,
1613 5248 1668 5300 2.

1895 5372 1995 5430 Fr.
2032 5371 2390 5434 Combeﬁsii
2421 5381 2605 5436 notae.

710 5503 787 5580 t5)
832 5503 895 5555 Et
945 5508 1309 5588 magistratus.
1359 5510 1536 5588 Potuit
1585 5515 1973 5575 Constantinus
2034 5523 2193 5577 etiam

639 5578 905 5656 primores
959 5578 1144 5655 lairos,
1185 5579 1275 5656 qui
1327 5585 1577 5656 prtecipui
1631 5601 1812 5656 essent
1865 5593 2002 5643 inter
2034 5593 2191 5646 Chri-

640 5649 875 5723 stianos,
928 5660 986 5694 ae
1023 5649 1210 5723 majori
1256 5649 1503 5717 quadanr
1535 5649 1875 5723 auctoritate,
1909 5663 1972 5713 ad
2013 5666 2193 5716 ronci-

639 5712 768 5763 lium
828 5728 1046 5777 tot-are,
1103 5712 1425 5784 quibit—senm
1488 5724 1600 5792 ipse
1669 5736 1827 5782 tanta:
1863 5712 2191 5787 'tiracta‘tioni

2307 5527 2614 5607 interesset,
2649 5529 2908 5607 utnreipsa
2942 5548 3064 5586 cum
3090 5539 3275 5603 paucls
3303 5537 3619 5605 quibusdam
3648 5549 3849 5607 specta-

2303 5597 2513 5648 toribus
2557 5597 2830 5676 interluit,
2870 5617 2972 5653 non
3028 5597 3278 5672 tanquam
3318 5597 3528 5676 'judex,
3583 5597 3845 5674 sed-velut

2304 5680 2521 5746 praeses
2538 5667 2918 5746 defensorque,
2951 5683 3109 5741 atque
3139 5667 3207 5727 'ut
3242 5667 3524 5731 docendus
3557 5678 3668 5746 ipse
3703 5671 3848 5736 veti-

2307 5746 2468 5791 tatem
2499 5737 2638 5804 ﬁdei,
2674 5740 2992 5811 doctamque
3023 5737 3122 5812 piis
3156 5746 3363 5816 legibus
3397 5737 3722 5805 sanciturus.
