4176 6468
407 339 511 402 469

1526 347 1701 416 ῊΤΛ
1743 350 1803 409 S.
1845 350 2061 412 LUCAE
2096 351 2482 416 IUNIORIS.

3528 366 3631 430 470

405 451 741 517 καταλαῶν,
804 456 1131 522 στρατηγεζν
1184 455 1347 509 αὐτὸν
1394 461 1493 530 τὴν
1540 461 1634 513 τοῦ
1695 461 1955 524 Πέλοπος,

2063 463 2256 518 ducem
2305 463 2462 534 agere
2507 483 2570 521 ac
2631 477 2915 537 pra-torem
2957 469 3318 538 Peloponnesi
3364 474 3625 532 decernit.

405 548 495 599 καὶ
541 547 731 617 ἄρχειν
779 548 1142 616 ἐχειροτόνει·
1190 549 1320 613 ἄξια
1363 552 1462 620 μὲν
1500 553 1592 606 καὶ
1632 553 1800 606 ταῦτα
1833 555 1962 608 om)-

404 637 620 707 μάζειν.

479 729 544 784 Ἢ
578 729 634 785 δέ
681 747 744 798 γε
790 733 918 802 περὶ
953 735 1051 801 τῆς
1075 736 1298 806 Κρήτης
1337 737 1504 789 αὐτοῦ
1539 740 1955 810 προαγόρευσιςο

399 823 516 875 οὐδε
548 823 767 895 μακράν
797 825 945 879 ἐστιν
990 827 1269 895 ἀπιστίας,
1301 829 1481 883 καίτοι
1516 831 1720 902 πολλὴν
1760 834 1960 902 ἔχουσα
2002 888 2007 892 ,

397 916 498 983 τὴν
531 917 922 988 μαρτυροῦσαν
946 919 1224 990 ἀλήθειαν.
1270 923 1464 993 Σχεδὸν
1486 926 1593 997 γὰρ
1622 929 1797 981 εῐκοσι
1831 931 1960 997 πρό·

396 1021 556 1075 τερον
601 1007 817 1079 χρόνοις
875 1012 1124 1080 προλέγει
1179 1015 1304 1082 περὶ
1353 1016 1545 1086 αὐτῆς,
1588 1018 1672 1072 ὅτι
1723 1037 1782 1072 τε
1820 1020 1957 1074 ἁλώ-

398 1113 568 1162 σεται,
599 1100 694 1152 καὶ
743 1101 835 1154 ἐπὶ
890 1103 1036 1166 τινος
1089 1105 1122 1174 ή
1169 1105 1374 1170 ἅλωσις
1402 1108 1575 1173 ἔσται,
1609 1110 1750 1164 οὕτω
1787 1113 1958 1166 καθα-

398 1186 507 1256 ρῶς
535 1188 726 1242 εξπὼνο
761 1210 779 1242 ι
825 1192 1101 1264 Ῥωμανδς
1138 1197 1364 1268 Κρήτην
1397 1201 1698 1269 χειροῦται.
1735 1223 1754 1255 ι
1797 1204 1955 1258 Ἐπεὶ

392 1280 450 1333 δὲ
489 1279 771 1350 Ῥωμανὸς
796 1280 863 1356 ἦν
891 1288 919 1340 6
956 1287 1328 1360 πρεσσύτερος
1378 1292 1501 1346 τότε
1539 1295 1639 1364 τὴν
1673 1293 1954 1364 βασιλείαν

393 1372 613 1439 διέπων,
644 1378 734 1430 ὅτε
778 1395 952 1431 ταυτα
999 1382 1132 1450 παρ’
1179 1382 1344 1436 αὑτοῦ
1397 1388 1795 1457 προηγόρευτο,
1849 1409 1952 1444 πυ-

314 1481 317 1487 '
395 1464 623 1531 θομένου
675 1471 821 1532 τινὸς
872 1471 982 1525 τῶν
1035 1474 1348 1543 παρόντων·
1407 1496 1424 1528 ι
1487 1479 1548 1532 Et
1592 1473 1745 1542 οὗτός
1798 1485 1950 1537 ἐστιν

393 1559 422 1610 6
467 1557 570 1650 νῦν
594 1561 922 1650 βασιλεὺῳνς
975 1566 1085 1635 Οὐχ
1139 1561 1292 1631 οὗτος
1311 1607 1326 1632 ,
1354 1565 1509 1623 εἶπεν
1527 1612 1540 1633 ,
1570 1573 1684 1626 ἀλλ’
1707 1575 1944 1646 ἕτερος.»

466 1648 668 1720 Εἴρηκέ
707 1670 798 1722 μοι
819 1648 1177 1725 Παγκράτιος
1207 1659 1442 1728 μοναχδς
1484 1661 1566 1715 ὅτι
1596 1664 1842 1735 συνήθως
1867 1665 1945 1736 τῷ

391 1739 566 1844 ξῐατρὶ
593 1746 776 1843 φωνῆς
795 1746 1004 1849 ἄνωθεν
1031 1750 1322 1849 γινομένης
1344 1751 1534 1820 ἐφόδου
1567 1753 1728 1823 χάριν
1758 1756 1951 1820 ἐθνῶν,
1988 1796 2024 1849 Β

390 1827 776 1902 ὦστεπρῶτον
814 1835 977 1886 αὑτὸν
1020 1837 1236 1892 πάντων
1284 1842 1670 1912 ὑποχωροῦντα
1713 1847 1950 1915 κρύπτε-

391 1917 516 1973 σθαι
549 1922 722 1988 φειδοῖ
759 1925 855 1993 τῆς
884 1926 992 1977 τῶν
1028 1929 1422 2000 πλησιοχώρων
1456 1933 1734 1999 ἁλώσεως,
1769 1937 1950 2002 καθὼς

388 2011 548 2074 αὐτὸς
577 2012 986 2077 ἐκεῖνοςοεῖπεν
1036 2022 1360 2091 ἐρωτηθείς.
1400 2025 1511 2078 Καὶ
1543 2027 1653 2095 γὰρ
1685 2027 1762 2090 ὡς
1811 2047 1948 2096 προ-

389 2103 532 2173 φήτη
563 2109 853 2175 προσεῖχον
883 2107 1125 2175 ἅπαντες
1154 2127 1165 2140 ·
1205 2115 1296 2166 καὶ
1327 2117 1376 2166 εἰ
1411 2115 1487 2187 μὴ
1536 2119 1756 2187 πρῶτον
1783 2122 1948 2176 αὐτὸν

391 2187 530 2241 εῐὶον
577 2193 657 2254 είς
715 2196 893 2266 φυγὴν
944 2197 1224 2266 κλίναντα,
1275 2203 1448 2266 οὐδεὶς
1505 2199 1640 2270 δλωέ
1695 2211 1805 2261 τῶν
1856 2212 1950 2279 ἐρ-

391 2297 538 2347 γων,
607 2284 638 2353 ἢ
690 2285 791 2353 τῆς
847 2288 1025 2352 οίκίας
1089 2292 1398 2360 ἀφίστατοο
1453 2297 1587 2351 ἀλλὰ
1652 2307 1946 2374 περιεφρό-

390 2388 517 2424 νουν
576 2375 652 2438 ὡς
700 2376 873 2448 ψευδῆ
931 2380 1030 2450 τὴν
1092 2383 1383 2452 ἀγγελίαν,
1440 2391 1533 2441 καὶ
1593 2392 1742 2460 ὑγιὲς
1797 2395 1947 2448 οὐδὲν

388 2463 639 2532 ἔχουσαν.

459 2555 570 2624 Τῆς
599 2555 782 2626 φωνῆς
804 2560 946 2614 οῦτω
976 2565 1293 2634 γενομένης.
1322 2568 1416 2621 καὶ
1456 2574 1603 2640 φυγῇ
1639 2589 1771 2626 ποτε
1807 2593 1945 2646 χρη-

387 2649 636 2714 σαμένων
682 2650 861 2718 ἡμῶν,
906 2653 1038 2722 ἐμοῦ
1083 2672 1142 2708 τε
1185 2655 1264 2726 τῷ
1314 2659 1488 2729 Πατρὶ
1535 2664 1806 2730 συνόντος,
1854 2671 1946 2722 καὶ

386 2738 650 2809 σπήλαιόν
684 2759 734 2795 τι
776 2745 1101 2816 ἀμφοτέρων
1134 2748 1474 2805 ὑπελθόντων
1499 2755 1656 2822 ὁμοῦ,
1689 2762 1946 2824 γυναῖκες

385 2829 662 2923 ἀλιίιμεναι
713 2833 838 2901 δύο,
894 2836 1031 2905 πρὸς
1080 2840 1226 2909 ἡμᾶς
1283 2840 1567 2911 ἔρχονται,
1625 2847 1777 2922 ἡλίου
1838 2853 1939 2923 ήδη

382 2920 664 2988 κλίναντος
690 2924 821 2995 πρὸς
848 2926 1060 3008 δυσμάς
1087 2945 1100 2958 ·
1129 2929 1194 2993 ἃς
1215 2932 1242 2983 ό
1274 2933 1466 3006 Πατὴρ
1496 2920 1797 3008 οἰκτείρας,
1821 2920 1943 2998 ἐπει

383 3013 522 3084 πρὸς
547 3017 613 3086 τῇ
646 3020 792 3087 φυγῇ
821 3007 927 3072 καὶ)
964 3020 1171 3089 χειμὼν
1211 3017 1300 3104 ἦν,
1331 3025 1431 3078 οὐκ
1463 3026 1606 3093 ἔγνω
1650 3030 1761 3083 δεῖν
1788 3033 1944 3087 ἀπω-

2063 555 2200 611 Suut
2227 557 2382 627 plane
2408 559 2522 613 haec
2549 575 2766 629 quoque
2796 561 2954 632 digna
2996 562 3382 618 admiratione.

2130 743 2284 809 Quod
2323 755 2504 800 autem
2536 747 2601 800 tle
2629 747 2788 802 Creta
2826 750 3104 818 praedixit,
3140 767 3332 820 parum
3368 755 3524 808 abest
3572 767 3627 810 ιιι

2059 852 2371 906 quanquam
2405 839 2684 892 veritatem
2724 840 2947 895 multam
2981 851 3374 898 contestantem
3407 844 3624 908 habeat,

2059 940 2127 980 ne
2151 927 2365 980 amittat
2406 927 2589 981 fidem.
2619 927 2752 982 Fere
2807 931 2954 983 enim
3015 930 3207 1002 viginti
3267 943 3390 986 ante
3443 934 3622 993 annis.

2060 1027 2170 1072 tum
2221 1018 2540 1086 capiendam
2577 1019 2846 1088 praedicit,
2875 1031 2990 1074 tum
3022 1022 3124 1076 sub
3150 1036 3261 1090 quo
3291 1022 3529 1092 principe
3554 1024 3624 1078 sit

2056 1108 2337 1175 capienda,
2366 1107 2446 1161 sic
2474 1107 2618 1162 clare
2653 1107 2842 1162 dicens
2876 1128 2890 1163 :
2944 1108 3215 1163 Romanus
3251 1109 3461 1165 Cretam
3501 1112 3624 1163 sub-

2056 1210 2271 1254 acturus
2299 1209 2394 1254 est.
2421 1199 2558 1265 Quia
2589 1215 2713 1254 vero
2738 1201 3013 1254 Romanus
3033 1201 3216 1254 senior
3239 1201 3478 1265 interim,
3503 1217 3624 1256 cum

2059 1292 2193 1344 baac'
2223 1291 2313 1346 ille
2371 1291 2638 1360 praedixit,
2678 1291 2962 1360 imperium
3017 1291 3454 1356 administrabat,
3489 1305 3625 1360 quo-

2055 1384 2176 1437 dant
2240 1385 2535 1454 astantium
2576 1393 2929 1453 percontante
2962 1401 2974 1435 :
3008 1401 3027 1433 ι
3059 1381 3198 1436 Num
3251 1382 3336 1436 hic
3381 1384 3493 1452 ipse
3518 1392 3620 1446 est,

2053 1475 2144 1544 qui
2197 1489 2340 1528 nunc
2395 1474 2708 1543 imperat?)
2775 1473 3062 1542 respondit
3118 1471 3263 1526 ille:
3306 1469 3469 1526 i-Non
3513 1471 3620 1535 hic,

2055 1565 2146 1619 sed
2184 1565 2324 1618 alius
2349 1563 2486 1636 (ll).
2519 1583 2540 1617 ι

2125 1651 2238 1705 llnc
2286 1652 2468 1706 retulit
2509 1650 2836 1706 Pancratius
2893 1652 3220 1717 monachus,
3269 1651 3626 1705 consuevisse

2054 1758 2187 1797 voce
2240 1745 2302 1796 de
2356 1743 2496 1814 cmlo
2538 1743 2686 1810 lapsa
2741 1741 2950 1795 moneri
2999 1741 3210 1796 Patrem
3240 1783 3255 1808 ,
3288 1741 3378 1796 ubi
3415 1742 3523 1808 jam
3569 1742 3624 1795 in

2057 1835 2339 1903 procinctu
2367 1833 2606 1901 gentium
2644 1831 2878 1902 irruptio
2909 1830 3071 1894 foret,
3104 1847 3214 1901 quo
3257 1833 3469 1903 primus
3509 1832 3624 1902 ipse

2054 1926 2292 1979 omnium
2342 1925 2624 1986 recedens,
2675 1939 2738 1978 ac
2788 1939 2908 1978 sese
2953 1923 3259 1988 occultans,
3316 1925 3618 1978 vicinorum

2052 2016 2358 2070 accolarum
2401 2015 2637 2084 captioni
2672 2024 2910 2078 caveret,
2951 2015 3025 2067 uti
3057 2015 3145 2068 ille
3175 2015 3290 2084 ipse
3317 2016 3622 2085 interroga-

2053 2117 2140 2161 tus
2166 2108 2450 2161 confessus
2478 2115 2580 2160 est.
2617 2108 2821 2160 Omnes
2861 2105 3129 2175 siquidem
3165 2106 3218 2158 in
3250 2121 3371 2158 cum
3407 2115 3465 2159 ut
3495 2121 3618 2174 pro-

2053 2198 2267 2268 phetam
2297 2197 2489 2251 intenti
2530 2196 2731 2250 erant‘:
2766 2209 2832 2250 ac
2867 2197 2970 2250 nisi
3004 2211 3127 2249 eum
3168 2195 3403 2266 primum
3449 2195 3503 2248 in
3539 2195 3623 2247 fu-

2051 2304 2172 2358 gam
2211 2303 2536 2342 conversum
2568 2287 2864 2350 vidissent,
2899 2287 3081 2341 nullus
3120 2287 3346 2341 omnino
3375 2287 3442 2339 ab
3485 2299 3618 2354 ope-

2052 2381 2200 2434 ribus
2231 2390 2325 2434 ant
2359 2380 2520 2434 domo
2550 2380 2874 2443 absistebat,
2908 2379 3004 2434 sed
3045 2378 3296 2434 nuntium
3328 2387 3386 2432 ut
3420 2375 3618 2432 falsum

2049 2475 2396 2542 spernebant,
2422 2488 2486 2528 ac
2527 2473 2659 2528 nihil
2693 2475 2812 2528 sani
2844 2474 3071 2527 habens.

2117 2565 2251 2620 Cum
2279 2567 2359 2620 sic
2388 2566 2680 2636 aliquando
2722 2564 2862 2620 facta
2899 2579 3032 2622 voce
3063 2563 3244 2634 fugam
3295 2565 3620 2634 arripuisse-

2051 2673 2190 2722 nius,
2225 2657 2498 2728 simulque
2546 2659 2710 2712 ambo
2758 2659 2899 2726 fugae
2943 2657 3102 2720 socii,
3128 2670 3229 2726 ego
3261 2664 3316 2710 et
3354 2656 3537 2721 Pater,
3565 2655 3618 2711 in

2047 2752 2364 2818 Speluncam
2425 2751 2712 2821 quamdam
2775 2750 3084 2805 clanculum
3128 2748 3361 2818 ingressi
3421 2747 3618 2804 fuisse-

2049 2859 2190 2907 mus,
2226 2851 2474 2897 errantes
2504 2843 2624 2897 dua:
2662 2841 2877 2896 feminae
2911 2841 2978 2895 ad
3009 2855 3111 2894 nos
3145 2847 3462 2909 penetrant,
3503 2839 3618 2894 sole

2041 2935 2156 3005 jam
2207 2935 2273 2988 ad
2317 2949 2572 2988 occasum
2607 2942 2894 3005 vergente.
2932 2930 3036 2986 Eas
3091 2931 3250 2986 Pater
3304 2928 3614 2991 miseratus.

2047 3026 2188 3096 quod
2229 3027 2294 3080 ad
2337 3025 2555 3094 fugam,
2598 3024 2773 3078 hiems
2832 3037 3050 3092 quoque
3107 3021 3424 3083 accederet,
3474 3021 3616 3075 haud

381 3103 630 3195 θεῖσθαι·
661 3109 798 3163 ἀλλά
856 3111 976 3180 μεθ’
1020 3114 1177 3183 ἡμῶν
1224 3116 1633 3188 είσεδέχθησαν,
1678 3125 1772 3176 καὶ
1807 3141 1943 3195 προ-

2048 3119 2254 3188 putavit
2296 3116 2634 3186 repellendas
2663 3113 2800 3170 fore.
2828 3113 3127 3170 Nobiscum
3167 3128 3297 3184 ergo
3328 3113 3469 3168 intra
3497 3128 3618 3182 spc-

378 3194 530 3260 νοίας
570 3199 719 3253 κατὰ
753 3199 817 3252 τὸ
861 3201 1142 3271 ἐγχωροῦν
1172 3203 1505 3277 ἠξιώθησαν.
1547 3209 1702 3266 Ἐπεὶ
1746 3214 1803 3268 δὲ
1854 3194 1947 3270 καὶ

379 3287 552 3342 ῦπνου
586 3292 785 3363 καιρὸς
818 3288 910 3364 ἦν,
957 3296 1105 3366 ἡμᾶς
1140 3297 1219 3368 τῷ
1249 3299 1333 3352 ἐνὶ
1362 3302 1525 3372 μέρει
1556 3303 1705 3372 δοὺς,
1751 3309 1945 3364 ἑαυτὸν

375 3379 435 3434 δέ
492 3383 628 3456 πρὸς
675 3386 904 3456 θάτερον
957 3389 1271 3458 ἀνακλίνας,
1327 3394 1494 3462 μέσον
1546 3398 1944 3470 ἀπολειφθῆναι

376 3475 586 3541 ταύτας
616 3477 706 3532 διὰ
749 3481 811 3532 τὸ
835 3479 1007 3550 ψύχος
1041 3482 1312 3552 ἐπέτρεψε
1339 3503 1353 3515 ο
1387 3487 1482 3540 καὶ
1520 3488 1743 3560 διῆλθεν
1771 3493 1944 3559 οὕτως

375 3565 454 3628 ὡς
483 3570 653 3639 μητρὶ
692 3574 820 3635 παῖς
849 3572 1103 3640 ἐγγίζων,
1132 3573 1163 3645 ἢ
1202 3575 1275 3636 ὡς
1313 3577 1476 3631 λίθων
1502 3580 1664 3633 τινῶν
1697 3583 1730 3652 ἢ
1772 3584 1944 3648 ξύλων

377 3660 823 3730 παρακειμένων,
849 3663 982 3732 μηδέ
1017 3663 1280 3734 λογισμοῦ
1308 3667 1456 3731 τινὸς
1481 3669 1650 3723 αὐτόν
1674 3677 1938 3742 σαρκιλοῦ

378 3753 630 3820 μηδόλως
679 3753 1114 3824 ὑποδραμόντος·
1165 3757 1318 3828 παρὰ
1377 3760 1632 3814 τοσοῦτον
1696 3763 1940 3835 ἁπλότης

373 3858 436 3895 τε
487 3845 582 3897 καὶ
629 3844 892 3914 ἀπάθεια,
925 3847 1015 3901 τὸν
1061 3850 1158 3903 ἐπὶ
1193 3853 1303 3927 ,γῆς
1353 3853 1583 3921 ἄγγελον
1628 3849 1715 3910 οἷα
1753 3857 1940 3929 μήτηρ

374 3934 805 3994 ἐνεκολπώσαιο.

444 4105 711 4169 Φίλιππος
750 4100 819 4179 ἦν
875 4108 1206 4177 αὐτ-ἁδελφός
1257 4111 1333 4179 τῷ
1390 4113 1609 4184 μοναχῷ
1647 4116 1935 4189 Θεοδοσίῳ,

371 4196 431 4260 ὃς
465 4197 557 4250 καὶ
587 4196 696 4250 τῶν
721 4194 799 4270 τῷ
854 4199 998 4270 ἁγίῳ
1058 4201 1333 4254 συνόντων
1363 4205 1616 4275 μοναχῶν
1644 4201 1732 4276 ἦν.
1770 4203 1938 4272 Οὗτος

373 4289 668 4360 τοιγαροῦν
695 4291 723 4343 6
752 4289 1038 4357 Φίλιππος,
1097 4296 1363 4363 κοσμικὺς
1407 4295 1503 4362 ὣν,
1561 4301 1655 4351 καὶ
1686 4303 1939 4372 κοσμικῷ

370 4380 646 4452 ἀξιώματι
678 4382 983 4453 τιμώμενος
1011 4399 1024 4414 ⁸
1069 4386 1409 4457 Σπειθαρίους
1456 4392 1655 4456 αὐτοὺς
1689 4395 1938 4466 συνήθως

373 4474 686 4544 καλοῦμενο
720 4474 900 4530 είὼθει
954 4475 1034 4546 τῷ
1076 4470 1316 4550 μεγάλῳ
1371 4484 1706 4556 πυκνότερον
1759 4505 1938 4558 παραι-

370 4566 590 4621 ϐᾶλλειν
628 4568 717 4622 διὰ
750 4568 848 4638 τὴν
879 4571 1008 4638 περὶ
1035 4569 1124 4622 τὸν
1153 4572 1382 4642 ἀδελφὸν
1412 4579 1768 4646 γνησιότητα.

441 4661 578 4714 ῐῐοτὲ
631 4662 760 4729 γοῦν
815 4664 981 4716 αὑτοῦ
1026 4664 1170 4717 κατὰ
1223 4666 1283 4718 τὸ
1326 4666 1555 4737 σύνηθες
1608 4671 1933 4740 ἐρχομένου,

372 4756 572 4826 βλέψας
602 4757 764 4814 αὑτὸν
792 4761 818 4810 6
860 4760 1056 4828 μέγας,
1089 4754 1167 4821 οἷς
1216 4761 1425 4812 ἐκεῖνον
1475 4763 1700 4832 ἔϐλεψεν
1729 4765 1933 4834 ὀφθαλ-

372 4852 527 4918 μοῖς’
588 4869 606 4900 ι
677 4849 998 4918 Ἑτοίμασον
1040 4852 1176 4915 πρὸς
1236 4853 1328 4904 τὸν
1390 4854 1694 4920 Θεοδόσιον,
1764 4861 1930 4928 φησιν

368 4940 686 5010 χαριέντως,
729 4943 825 4996 ὅσα
853 4945 916 5010 δὴ
964 4945 1100 5012 πρλις
1147 4946 1443 5016 ὑποδοχήν·
1480 4949 1508 4998 6
1548 4951 1657 5015 γὰρ
1701 4951 1927 5019 ἀδελφὸς

365 5035 394 5084 6
423 5035 514 5096 σὸς
547 5033 668 5103 μεθ’
703 5034 861 5104 ἡμῶν
918 5035 1139 5104 ἔρχεται
1183 5036 1508 5108 δειπνήσων.
1552 5059 1569 5089 ι
1615 5041 1772 5096 Οὕτω
1830 5044 1923 5096 τοῦ

367 5124 580 5195 Πατρός
611 5126 878 5188 εἰπόντος,
907 5131 997 5178 τὸν
1037 5127 1315 5180 Θεοδόσιον
1346 5130 1655 5202 εὐφροσύνη
1683 5151 1741 5186 τε
1787 5135 1924 5204 όμοῦ

367 5216 459 5268 καὶ
503 5214 768 5285 ἔκπληξις
814 5213 963 5286 εἶχε·
999 5219 1092 5270 καὶ
1128 5221 1469 5290 παραχρῆμα
1518 5221 1780 5293 λεωφόροι
1832 5229 1925 5278 καὶ

369 5307 558 5374 ἀγυιαὶ
589 5306 683 5360 καὶ
714 5307 945 5376 ἄμφοδοι
986 5300 1134 5377 αῦτῷ
1158 5311 1489 5363 ἐσκοποῦντο
1523 5316 1587 5383 τῇ
1624 5315 1922 5386 προσδοκίᾳ

367 5396 456 5450 τοῦ
509 5397 764 5468 ἀδελφοῦ,
811 5399 951 5469 ’Ἤδη
984 5398 1040 5451 δὲ
1092 5399 1256 5470 οὔσης
1311 5402 1569 5472 ὲτπέρας,
1635 5407 1923 5471 ἐφίσταται

2047 3211 2265 3274 luncam
2291 3209 2616 3276 recepimus,
2652 3208 2839 3277 eisque
2867 3222 3028 3277 quam
3079 3206 3238 3261 licuit
3296 3220 3482 3260 curam
3519 3204 3616 3258 im-

2049 3301 2357 3371 pendimus.
2396 3298 2499 3355 Ubi
2526 3307 2710 3354 a‘utem
2738 3298 2902 3352 etiam
2933 3297 3112 3354 somni
3147 3296 3364 3368 tempus
3407 3295 3530 3361 fuit,
3561 3296 3614 3349 in

2049 3407 2156 3448 una
2200 3408 2300 3448 nos
2325 3401 2477 3462 parte
2525 3391 2734 3456 locans,
2784 3389 3007 3460 ipseque
3047 3406 3106 3444 se
3146 3389 3200 3442 in
3235 3389 3402 3444 altera
3457 3389 3619 3443 recli-

2047 3498 2206 3547 natis,
2232 3482 2442 3538 medias
2460 3481 2579 3536 illas
2604 3488 2822 3549 propter
2859 3478 3029 3549 frigus
3057 3479 3290 3555 relinqui
3327 3479 3615 3550 praecepit:
3686 3478 3690 3481 ’

2047 3575 2236 3643 sicque
2277 3573 2494 3628 transiit
2527 3585 2588 3626 ac
2613 3569 2660 3626 ai
2704 3570 2847 3625 illius
2875 3579 3105 3625 matrem
3135 3570 3388 3640 proprius
3433 3570 3614 3634 adcat,

2045 3674 2408 3735 auttanquam
2440 3664 2644 3734 lapides
2670 3664 2891 3732 quidam
2923 3671 3018 3717 aut
3046 3663 3256 3730 stipites
3277 3661 3612 3731 adjacerettt,

2046 3775 2114 3812 ne
2145 3758 2367 3812 minima
2385 3757 2601 3826 quidem
2631 3757 2981 3826 subingressa
3012 3755 3217 3810 carnali
3241 3755 3568 3823 cogitatione
3597 3773 3611 3808 :

2047 3848 2178 3904 adeo
2241 3847 2499 3902 nimirum
2571 3846 2910 3916 simplicitas,
2996 3860 3059 3899 ac
3112 3859 3322 3900 summa
3369 3845 3616 3913 quadam

2041 3936 2383 3992 aﬂectionum
2436 3936 2702 4004 vacuitas,
2740 3935 2926 3989 matris
2960 3936 3133 3989 instar
3192 3945 3465 3989 terrenum
3519 3950 3616 3988 an-

2042 4027 2217 4098 gelum
2251 4028 2574 4083 iusinuarat.

2113 4117 2416 4188 Philippus,
2448 4117 2747 4174 Theodosii
2781 4117 3031 4172 monachi
3062 4116 3229 4171 frater
3251 4123 3386 4177 erat,
3433 4117 3524 4185 qui
3561 4125 3615 4172 et

2042 4209 2154 4279 ipse
2194 4226 2334 4265 unus
2362 4225 2392 4262 e
2420 4208 2700 4263 monachis
2721 4217 2838 4262 erat
2865 4207 3100 4262 alumnis
3131 4208 3325 4262 sancti.
3359 4205 3457 4262 llic
3513 4209 3616 4261 ita-

2041 4315 2146 4369 que
2203 4299 2505 4370 Philippus,
2562 4314 2684 4354 cum
2727 4299 3005 4352 saecularis
3041 4287 3205 4363 esset,
3264 4312 3326 4353 ac
3368 4284 3615 4352 saeculari

2045 4391 2274 4461 polleret
2305 4391 2588 4462 dignitate,
2633 4390 2943 4459 spatharios
3000 4389 3170 4443 moris
3202 4397 3287 4444 est
3321 4389 3611 4459 appellare,

2045 4484 2187 4536 haud
2219 4499 2344 4537 raro
2378 4498 2630 4553 magnum
2658 4483 2805 4536 illttm
2844 4483 2994 4535 adire
3034 4482 3260 4547 solebat,
3294 4497 3390 4551 pro
3416 4496 3481 4536 ea
3508 4499 3612 4553 qua

2045 4573 2110 4625 ad
2130 4573 2350 4626 fratrem
2392 4571 2798 4625 necessitudine
2832 4572 3089 4625 halicbat.

2117 4662 2362 4730 Quadam
2388 4663 2552 4732 igitur
2578 4661 2687 4724 die,
2712 4677 2834 4715 cum
2879 4663 2924 4716 is
2955 4678 3052 4731 pro
3084 4677 3233 4716 inore
3274 4662 3500 4723 veniret.
3536 4663 3614 4717 vi—

2043 4757 2176 4810 dens
2210 4756 2584 4825 eumﬁmagnus
2609 4743 2720 4819 ille,
2750 4753 2949 4822 quibus
2973 4752 3121 4805 illum
3146 4753 3322 4808 oculis
3353 4754 3607 4810 \‘idiSsCl:

2047 4868 2064 4899 ι
2100 4848 2370 4917 Prtrpara,
2408 4867 2425 4898 ι
2492 4829 2665 4914 inquit
2703 4840 2920 4909 ,u'rbane
2974 4845 3040 4897 ad
3082 4843 3470 4908 Theodosium,
3504 4866 3522 4895 ι
3560 4847 3606 4900 si

2037 4957 2142 5011 qua
2182 4949 2309 4994 sunt
2341 4940 2403 4992 ad
2431 4939 2736 4993 convivium
2775 4937 3084 4993 necessaria
3113 4955 3126 5003 ;
3157 4939 3298 4991 venit
3323 4937 3466 4990 enim
3501 4938 3606 4991 fra-

2040 5045 2120 5089 ter
2153 5043 2278 5088 tuus
2317 5032 2599 5086 nobiscum
2646 5039 3023 5085 cmaatut'tts.»
3061 5030 3305 5085 Cum-sic
3341 5030 3498 5086 Pater
3531 5032 3614 5084 tli-

2035 5132 2221 5194 xisset,
2243 5123 2492 5181 tenebant
2508 5122 2871 5177 Theodosium
2897 5122 3075 5176 laetitia
3100 5121 3297 5190 pariter
3312 5138 3374 5177 ac
3391 5132 3578 5192 stupor
3599 5141 3613 5186 ;

2035 5228 2405 5286 actutumque,
2440 5215 2554 5268 vias
2605 5214 2870 5283 publicas,
2923 5194 3393 5280 compitafbivia,
3428 5213 3610 5268 fratris

2030 5308 2428 5379 chpectationc
2445 5307 2607 5376 ecepit
2625 5306 2926 5360 observare.
2941 5303 3058 5357 Jam
3074 5313 3253 5375 itaque
3274 5303 3410 5358 facto
3430 5320 3610 5374 respu-

2032 5418 2110 5465 re,
2137 5401 2278 5455 venit
2309 5410 2360 5456 ct
2383 5400 2468 5452 illc
2502 5413 2662 5467 quam
2699 5412 2948 5464 magnum
2969 5411 3153 5450 secum
3177 5397 3610 5450 necessariorum

1632 5549 1731 5606 Fr.
1775 5548 2132 5610 Combefisii
2165 5555 2347 5610 noun.

438 5668 547 5741 (ιι)
582 5670 695 5724 Non
749 5673 850 5731 ltiti.
901 5673 990 5725 sed
1040 5674 1196 5725 alius.
1245 5674 1414 5724 Crclm
1467 5675 1925 5741 recuperationem

368 5739 464 5792 sub
531 5741 772 5796 limuano
822 5741 1041 5797 Juniore
1093 5761 1154 5795 at:
1212 5743 1387 5797 l’lmca
1441 5739 1653 5800 Ca'sai‘e
1710 5746 1927 5802 ticrinvlc

2039 5686 2245 5744 ponunt
2301 5677 2592 5740 scriptorcs
2643 5692 2652 5725 :
2696 5673 2787 5726 sed
2830 5683 2886 5725 ut
2935 5673 3001 5722 ita
3033 5668 3202 5744 Δ«τινι-ις
3242 5665 3416 5744 Lucas
3446 5677 3612 5742 patr

2039 5738 2254 5807 dixerit.
2289 5738 2608 5810 argumento
2647 5753 2727 5797 cst
2764 5743 2985 5812 spiritus
3033 5740 3084 5791 in
3117 5755 3181 5792 co
3214 5738 3532 5806 prophetici.
