4176 6446
606 297 700 360 471

2048 300 2395 361 ΑΝΟΝΥΜΙ

3725 300 3832 365 412

602 418 917 479 apparatum
949 407 1150 463 ferens.
1172 411 1402 464 Paratur
1430 411 1612 476 itaque
1634 427 1845 470 mensa.
1871 424 2168 478 omnesque

2276 413 2371 462 καὶ
2404 408 2567 471 αὐτὸς
2604 409 2805 478 χρεών
2832 410 2967 479 ὅσην
3000 408 3353 478 παρασκευὴν
3386 413 3832 479 συγκεκομισμέ-

602 499 804 569 pariter
837 515 959 554 cum
1002 510 1195 555 sancto
1223 501 1591 575 discumbunt.
1642 500 1782 554 Tum
1835 516 1985 563 vero,
2034 501 2166 553 nihil

602 600 716 641 erat
745 606 943 643 mensae
971 592 1296 660 appositum,
1330 592 1472 660 quod
1513 608 1617 646 non
1649 574 1811 646 simili
1836 607 2026 647 omnes
2080 607 2168 645 ra-

604 683 765 741 tione,
811 683 880 735 ob
906 684 1175 738 excellens
1200 683 1507 740 dilectionis
1544 685 1770 747 bonum,
1829 684 2169 738 manducan-

602 773 724 825 dum
760 773 860 826 sibi
889 775 1245 842 inzlttlgerent.
1280 774 1383 831 Ubi
1432 787 1608 831 autem
1663 779 1743 831 sic
1782 776 2169 837 comedissent,

602 881 777 931 t'oque
823 870 981 934 epulo
1035 882 1219 921 secum
1272 870 1503 923 invicem
1560 872 1786 924 recreati
1829 880 2015 924 essent
2049 887 2062 922 ε
2101 868 2168 922 ad

602 960 716 1010 haec
750 974 967 1028 Quoque
998 972 1320 1015 consuetum
1355 977 1383 1014 a
1419 976 1574 1017 creua
1608 978 1873 1016 eanonem
1902 961 2169 1016 absolvis-

600 1061 737 1110 sent,
766 1048 1009 1103 cubitum
1047 1051 1316 1106 abierunt.
1354 1049 1456 1106 Ubi
1489 1063 1669 1107 autem
1721 1055 1938 1108 brevem
1971 1058 2169 1124 degus-

599 1150 805 1196 tassent
837 1156 1114 1211 Somnum,
1147 1145 1325 1202 statim
1370 1146 1527 1200 Pater
1562 1146 1758 1215 surgit.
1804 1146 1882 1201 Ac
1920 1147 2010 1200 alii
2045 1147 2169 1215 qui-

596 1234 716 1287 dem
754 1236 1319 1293 colleetzeintererattt
1362 1257 1377 1293 :
1428 1238 1735 1309 Philippum
1768 1248 1974 1303 autem,
2001 1238 2169 1293 frater

600 1327 738 1394 ejus,
777 1340 834 1383 ut
874 1333 966 1400 qui
1026 1333 1281 1387 stationis
1310 1332 1602 1401 ejusmodi,
1650 1331 1983 1399 laborisque,
2007 1346 2071 1385 ac
2093 1332 2171 1385 vi-

595 1422 847 1489 giliarum
916 1422 1190 1479 insuetum
1237 1435 1445 1487 nosset,
1487 1438 1700 1481 rursum
1737 1436 1795 1476 se
1841 1436 2063 1482 somno,
2102 1421 2166 1473 ad

594 1528 768 1581 usque
823 1513 1068 1569 absoluta
1124 1516 1333 1570 cantica
1397 1515 1765 1586 prommiaca,
1814 1530 1877 1569 ac
1921 1514 2170 1567 versibus

598 1605 928 1660 tnodttlatam
962 1608 1357 1673 laudationem,
1388 1623 1551 1677 quam
1574 1616 1789 1667 vocant,
1823 1606 1955 1662 dare
1990 1606 2167 1676 jubet.

591 1694 904 1761 Enimvero,
932 1700 1019 1753 ubi
1066 1700 1110 1753 is
1171 1704 1365 1754 iterum
1406 1700 1585 1755 cubile
1625 1700 1953 1770 repetisset,
1989 1697 2171 1753 multis

591 1789 1017 1858 cogitationibus
1058 1791 1356 1845 conﬂictari
1402 1790 1603 1859 etrapit,
1648 1802 1811 1862 atque
1866 1789 2175 1859 utDavidi-

592 1892 714 1931 cum
761 1879 890 1933 illttd
916 1880 1092 1934 dicam
1132 1900 1144 1935 :
1184 1899 1201 1931 ι
1230 1881 1494 1935 Laborem
1536 1884 1826 1952 parturire,
1884 1895 1949 1935 ac
1985 1896 2176 1949 parere

591 1968 1020 2038 iniquitatem",
1058 1994 1076 2024 ι
1131 1975 1351 2029 edacem
1409 1992 1473 2031 ac
1505 1977 1612 2029 vini
1657 1986 1959 2045 potatorem
1996 1976 2172 2029 virum

591 2060 965 2119 admirabilem
998 2066 1318 2128 arbitratus.
1367 2071 1572 2138 quique
1616 2070 1906 2123 simularet
1955 2068 2175 2139 religio-

591 2170 737 2211 nem.
759 2157 939 2225 Atque
962 2161 1012 2215 id
1051 2165 1225 2231 prima
1259 2161 1475 2218 ratione
1504 2164 1625 2233 ejus
1653 2174 1791 2227 erat,
1822 2163 1912 2233 qui
1950 2161 2174 2215 clancu—

589 2246 700 2301 lum
742 2249 883 2304 mala
918 2252 1124 2306 semina
1150 2255 1353 2310 nostris
1397 2256 1594 2310 animis
1627 2256 1844 2318 inserit,
1882 2257 1975 2309 sed
2001 2264 2074 2307 .et
2103 2254 2175 2309 ll.

592 2336 701 2392 lius
733 2339 930 2418 modici
963 2356 1029 2395 ac
1060 2344 1315 2412 ignobilis
1368 2344 1562 2412 animi,
1596 2346 1689 2413 qui
1723 2345 1972 2401 absolute
2006 2346 2073 2399 ab
2110 2345 2176 2399 iis

588 2444 710 2496 qnae
741 2440 953 2497 parent,
987 2434 1171 2487 omnia
1209 2433 1555 2503 dijudicaret,
1590 2450 1688 2489 nec
1715 2434 2015 2504 quidquam
2060 2450 2174 2490 ma-

590 2534 759 2588 gnum
795 2535 857 2575 ac
897 2523 1192 2578 sublimius
1226 2526 1469 2596 cogitare
1506 2537 1692 2597 posset
1716 2532 1870 2593 {nec
1898 2528 2174 2598 perspice-

586 2620 691 2675 ret,
748 2627 937 2667 corum
972 2618 1335 2687 sutnptionem
1371 2634 1495 2689 qua:
1519 2620 1786 2690 lapposita
1823 2628 2032 2683 essent,
2067 2626 2173 2675 tiou

585 2703 898 2776 gulositatis
931 2704 1120 2773 fuisse,
1175 2706 1274 2765 se‘d
1304 2711 1656 2782 impensioris
1690 2714 2122 2784 dispensationis
2157 2732 2171 2768 :

589 2798 786 2863 partim
840 2801 1153 2870 quidemob
1196 2804 1651 2861 abundantiorem
1688 2807 2060 2870 dilectionem,
2096 2809 2173 2863 uti

581 2893 696 2960 jam
739 2895 995 2963 superius
1034 2897 1372 2952 declaratum
1408 2910 1514 2963 est,
1560 2909 1877 2973 contempto
1907 2904 2169 2957 nimirum

586 2982 731 3049 quod
772 2983 1011 3040 deterius
1052 2998 1217 3054 esset,
1250 2988 1473 3057 majoris
1501 2992 1629 3047 boni
1657 2993 1830 3048 lucro.
1864 2992 2004 3060 Quid
2022 2994 2167 3049 enim

2277 520 2387 564 νος.
2422 502 2684 569 Τράπεζα
2736 499 2831 554 οἷν
2892 499 3263 571 ἑτοιμάζεται,
3298 501 3391 553 καὶ
3440 501 3577 571 ὁμοῦ
3602 500 3679 571 τῷ
3733 516 3833 572 με-

2277 595 2428 663 γάλῳ
2479 594 2681 657 πάντες
2724 589 3401 647 συνανακλίνονται.Ἐῖτα
3446 593 3599 645 οὐδὲν
3631 590 3699 665 ἦν
3725 591 3833 646 τῶν

2276 686 2703 756 παρακειμένων
2736 686 2875 748 ἐκεῖ,
2907 683 2938 738 ὃ
2975 684 3051 755 μὴ
3090 686 3253 737 πᾶσιν
3302 684 3505 753 ὁμοίως
3559 683 3835 753 βρώσιμον

2274 772 2364 847 ἦν,
2396 776 2485 829 διὰ
2514 776 2575 828 τὸ
2606 777 2706 860 τῆς
2750 778 2972 844 ἀγάπης
3020 775 3220 844 ἐξόχως
3264 773 3451 828 καλόν.
3482 775 3753 855 Φαγόντες
3779 773 3838 828 δι

2274 868 2418 923 οὑτω
2451 868 2548 922 καὶ
2595 866 3157 938 συμπαρακληθέντες
3182 866 3465 936 ἀλλήλοις..
3487 867 3622 935 πρὸς
3652 864 3710 918 δὲ
3739 867 3837 918 καὶ

2272 960 2364 1014 τὸν
2395 961 2530 1031 μετὰ
2553 961 2766 1014 δεῖπνον
2793 946 2995 1031 συνήθη
3026 960 3224 1013 κανόνα
3254 956 3837 1028 διατελέσαντες,πρδς

2276 1050 2443 1107 ὕπνον
2501 1054 2761 1123 ἐχώρουν.
2813 1045 3000 1119 Οὗπερ
3048 1050 3203 1120 ὀλίγα
3256 1050 3694 1121 μεταλαχόντας,
3740 1036 3841 1132 ἀν⁸

2277 1146 2488 1216 ίστησιν
2516 1146 2677 1209 εὐθὺς
2702 1148 2732 1199 ὁ
2760 1144 2967 1216 Πατὴρ,
2995 1146 3089 1198 καὶ
3120 1144 3247 1207 τοὺς
3269 1143 3367 1215 μὲν
3391 1142 3606 1207 ἄλλους,
3637 1145 3671 1213 η
3705 1142 3803 1206 σύν

2274 1240 2394 1306 αξις
2443 1237 2557 1311 εἶχε
2594 1256 2610 1270 ⁸
2666 1238 2746 1309 τῷ
2788 1239 2844 1293 δι
2890 1253 2955 1305 γε
3004 1237 3256 1308 Φιλίππῳ
3286 1239 3316 1290 ὁ
3362 1236 3609 1306 ἁδελφὸς,
3646 1236 3742 1290 ἀτε
3774 1234 3838 1305 α,

2275 1332 2560 1400 γινώσκων
2612 1330 2859 1402 ἀσυνήθη
2915 1331 3161 1392 στάσεως
3214 1328 3473 1393 τοιαύτης
3533 1337 3626 1381 καὶ
3675 1326 3842 1380 πόνου

2274 1426 2373 1479 καὶ
2435 1424 2778 1495 ἀγρυπνίας,
2826 1422 3219 1496 κατακλιθῆναι
3282 1419 3440 1485 αὖθις
3497 1422 3843 1490 ἐπέτρεπεν,

2274 1519 2405 1590 ἄχρι
2442 1518 2574 1585 γοῦν
2607 1518 2703 1573 καὶ
2730 1518 2919 1581 τέλους
2944 1518 3056 1571 τῶν
3085 1514 3469 1588 προοιμιακῶν
3504 1514 3713 1584 ὓμνων,
3744 1516 3842 1566 καὶ

2273 1615 2373 1683 τῆς
2403 1612 2547 1667 οὕτω
2579 1614 2920 1685 καλουμένης
2953 1612 3314 1682 στιχολογίας.
3343 1602 3492 1681 Πλὴν
3526 1610 3664 1664 ἀλλὰ
3710 1605 3839 1661 τοῦ-

2275 1725 2366 1761 τον
2390 1710 2423 1777 ἠ
2458 1706 2716 1778 στρωμνὴ
2764 1707 2927 1760 πάλιν
2984 1704 3247 1770 λαϐοῦσα,
3280 1704 3494 1765 πολλοῖς
3546 1700 3723 1755 ἐποίει
3754 1699 3847 1752 λο-

2279 1804 2500 1873 γισμοῖς
2532 1801 2822 1855 παλαίειν·
2863 1818 2883 1852 ι
2928 1799 3153 1853 Ὠδίνειν
3178 1815 3237 1851 τε
3277 1783 3441 1850 πόνον
3468 1798 3564 1850 καὶ
3608 1796 3842 1859 τίκτειν,

2276 1895 2336 1949 τὸ
2366 1896 2460 1948 τοῦ
2488 1892 2675 1957 Δαϐὶδ,
2708 1893 2939 1963 ἀνομίαν
2968 1908 2983 1922 ο
3021 1910 3040 1943 ι
3065 1891 3237 1961 φάγον
3267 1885 3408 1943 εἶναι
3440 1890 3536 1943 καὶ
3562 1887 3851 1956 οἰνοπότην

2275 1988 2367 2041 τὸν
2418 1987 2562 2041 θεῖον
2615 1985 2789 2055 ἀνδρα
2838 1983 3338 2053 ὑπολαμϐάνονται,
3382 1980 3597 2036 καὶτὸν
3644 1979 3848 2048 εὐλαϐῆ

2278 2080 2710 2151 ὑποκρινόμενον
2736 2094 2753 2111 ⁸
2797 2078 2891 2132 καὶ
2932 2073 3000 2149 ἦν
3038 2076 3137 2147 μὲν
3192 2076 3358 2129 τοῦτο
3392 2072 3850 2145 προηγουμένως,

2274 2171 2373 2227 τοῦ
2416 2158 2695 2243 λαθραίως
2738 2171 2807 2225 τὰ
2856 2168 3073 2240 πονηρὰ
3128 2169 3425 2238 σπέρματα
3480 2167 3599 2229 ταῖς
3648 2164 3851 2235 ψυχαῖς

2275 2265 2436 2337 ἡμῶν
2478 2264 2934 2339 διασπείραντος·
2980 2259 3050 2334 ἦν
3098 2262 3155 2318 δὲ
3189 2264 3285 2316 καὶ
3341 2261 3581 2331 σμικρᾶς
3632 2256 3851 2311 ἐκείνου

2279 2359 2373 2413 καὶ
2408 2356 2669 2426 ἀγεννοῦς
2692 2356 2953 2419 διανοίας,
2987 2354 3093 2408 ὑπὸ
3139 2355 3247 2409 τῶν
3280 2356 3624 2424 φαινομένων
3661 2349 3851 2415 ἁπλῶς

2278 2451 2459 2506 πάντα
2485 2447 2895 2520 διακρινούσης,
2929 2449 3025 2502 καὶ
3073 2449 3237 2519 μηδὲν
3277 2448 3423 2519 μέγα
3460 2447 3599 2518 μηδὲ
3645 2444 3854 2515 ὑψηλό-

2276 2561 2438 2615 τερον
2480 2541 2804 2611 λογίσασθαι
2838 2540 3145 2612 δυναμένης
3170 2556 3187 2572 ·
3245 2536 3371 2609 μηδ’
3398 2541 3483 2595 ὅτι
3509 2540 3585 2612 μὴ
3616 2556 3855 2609 γαατριο
3880 2580 3883 2585 .

2281 2636 2524 2709 μαργίας
2572 2630 2640 2706 ἦν
2682 2632 2804 2703 μηδ’
2840 2631 3172 2701 ὀψοφαγίας,
3206 2630 3322 2685 ἀλλ’
3368 2630 3686 2700 οἰκονομίας
3725 2626 3855 2699 μεί-

2278 2730 2432 2796 ζονος
2481 2728 2515 2797 ἡ
2553 2726 2664 2780 τῶν
2720 2723 3147 2794 παρατεθέντων
3204 2722 3354 2793 αὑτῷ
3413 2720 3752 2794 μετάληψιςο
3786 2719 3855 2774 τὺ

2281 2821 2382 2892 μὲν
2413 2819 2484 2873 δι’
2532 2816 2756 2887 ἀγάπης
2786 2814 3111 2885 περιουσίαν
3136 2814 3211 2877 ὡς
3238 2814 3341 2884 ἤδη
3385 2813 3693 2885 φθάσαντες
3728 2811 3857 2882 ἔδη-

2277 2912 2534 2981 λώσαμεν
2560 2927 2574 2941 ·
2613 2912 2671 2963 ἐν
2700 2907 2777 2977 τῷ
2808 2906 2991 2978 κέρδει
3019 2905 3116 2959 τοῦ
3151 2905 3420 2975 μείζονος,
3442 2902 3540 2957 τοῦ
3566 2904 3856 2967 ἐλάττονος

2278 3000 2805 3074 περιφρονουμένου.
2838 2986 2905 3051 τί
2951 2998 3061 3071 γάρ
3104 2996 3288 3068 ἀποχὴ
3344 2996 3656 3067 βρωμάτων
3709 2995 3855 3065 πρὸς

583 3072 832 3129 ciborum
862 3076 1183 3135 abstinentia
1198 3081 1263 3134 ad
1283 3083 1635 3139 excellentem
1656 3086 1795 3139 adeo
1810 3086 2168 3141 charitatemi

2280 3072 2502 3166 ἀγάπης
2532 3093 2787 3162 τοιαύτην
2833 3091 3148 3161 ὑπεροχὴνς
3190 3089 3265 3143 Τὸ
3291 3078 3461 3144 δεῖνα
3489 3088 3617 3163 δόξῃ
3648 3087 3855 3157 μᾶλλον

583 3163 787 3221 Partim
825 3186 978 3236 vero,
1018 3181 1076 3226 ut
1109 3175 1178 3229 ab
1210 3178 1558 3246 exsuperauti
1608 3178 1873 3235 modestia
1933 3179 2059 3235 talis
2088 3180 2171 3234 vi-

586 3260 699 3312 deri
729 3271 931 3328 posset,
966 3265 1146 3333 qualis
1178 3267 1251 3322 illi
1279 3269 1455 3338 reipsa
1479 3285 1545 3324 ex
1582 3271 1751 3325 multa
1783 3272 1903 3340 ejus
1936 3272 2173 3327 ruditate

585 3365 647 3405 ac
678 3352 908 3408 stultitia
944 3356 1092 3411 visus
1122 3369 1223 3414 est.
1251 3360 1407 3427 Quod
1438 3362 1585 3417 enim
1631 3365 1745 3418 haec
1771 3363 1852 3419 sie
1885 3364 2170 3429 baberent,

586 3459 650 3497 ac
691 3447 830 3499 male
858 3445 1143 3519 Philippus
1170 3454 1530 3521 coniectaret,
1563 3457 1975 3526 plurimumque
2015 3474 2044 3511 a
2080 3475 2173 3513 ve-

587 3537 749 3591 ritate
766 3538 1047 3595 aberraret
1080 3558 1265 3597 coram
1298 3544 1477 3600 oblata
1511 3547 1718 3604 visione
1742 3551 2003 3615 ostendit,
2040 3571 2057 3603 ι
2091 3561 2175 3605 te-

492 3658 497 3663 η
585 3628 686 3682 stis
718 3629 770 3682 itt
804 3632 945 3685 cudo
979 3633 1158 3715 tidelis
1190 3635 1257 3689 ιι.
1304 3654 1323 3688 ι
1373 3638 1509 3692 Cum
1531 3638 1677 3693 enim
1713 3655 1809 3696 eas
1841 3641 1932 3695 ille
1967 3644 2175 3713 cogita-

585 3720 763 3776 tiones
798 3734 1059 3788 versaret,
1114 3727 1290 3797 iisqne
1345 3731 1754 3798 immoraretur,
1787 3734 2017 3803 corripit
2046 3751 2170 3790 eutn

584 3828 812 3871 somnus
846 3834 861 3870 :
895 3827 1059 3889 atque
1088 3820 1143 3875 in
1171 3822 1404 3891 somnis,
1454 3824 1594 3880 duos
1645 3826 1912 3896 quosdam
1960 3829 2174 3884 adoles-

581 3916 767 3963 centes
798 3910 964 3965 videt.
998 3910 1212 3969 Tantus
1265 3916 1462 3971 borum
1496 3929 1612 3974 erat
1649 3918 1835 3985 decor,
1887 3936 1950 3975 ac
1980 3923 2070 3992 qni
2105 3938 2170 3977 ex

581 3997 721 4055 facie
756 4003 1018 4073 splendor
1048 4008 1345 4073 emicabat.
1380 4013 1596 4082 qualem
1630 4031 1729 4071 nec
1781 4032 1963 4072 sermo
2001 4021 2173 4088 expli-

580 4108 725 4157 care,
748 4110 846 4150 nec
868 4098 1014 4153 oeuli
1040 4111 1255 4168 portare
1290 4106 1524 4173 possint.
1557 4107 1658 4173 Qui
1704 4125 1866 4181 porro
1902 4112 2170 4176 astabant,

582 4183 797 4241 infenso
830 4188 894 4241 ad
924 4207 1047 4244 eum
1074 4194 1243 4255 vultu.
1265 4210 1329 4253 ac
1364 4199 1535 4253 amari
1555 4199 1720 4254 animi
1758 4203 1966 4257 indice:
1988 4220 2007 4253 ι
2035 4202 2171 4268 Quid

582 4286 635 4329 te
660 4274 795 4365 ipse,
849 4278 1121 4349 inquinttt,
1178 4285 1601 4355 cogitationibus
1660 4292 1999 4346 conturbas?
2032 4292 2169 4358 Quid

579 4370 634 4424 in
690 4373 894 4426 crimen
956 4376 1225 4431 insontem
1261 4380 1473 4436 trabis?
1499 4380 1651 4438 Tolle
1678 4384 1890 4445 oculos.
1921 4389 2014 4455 qui
2048 4400 2162 4443 ter-

581 4477 693 4516 ram
726 4474 962 4541 spectas,
992 4482 1055 4522 ac
1090 4468 1208 4524 vide
1232 4482 1495 4539 quantum
1530 4474 1617 4528 hic
1650 4478 1951 4544 promeruit
1986 4479 2160 4534 bono-

580 4570 715 4621 rem,
743 4559 837 4627 qui
869 4570 963 4613 tuo
982 4560 1185 4629 judicio
1229 4564 1483 4619 seductor
1511 4576 1616 4631 est,
1642 4583 1706 4622 ac
1741 4568 2044 4639 hypocrita,
2072 4588 2164 4630 sa-

576 4665 846 4721 crumque
879 4653 1275 4709 monachorum
1304 4656 1546 4711 habitum
1580 4661 1862 4716 mentitur.

647 4737 931 4804 Tuneille,
960 4743 1026 4796 ad
1066 4758 1189 4798 eum
1223 4746 1412 4802 oculos
1449 4749 1757 4812 intendens.
1797 4767 1956 4821 quem
1995 4755 2042 4810 is
2070 4771 2162 4812 os~

573 4833 848 4899 tendebat,
879 4850 1133 4905 magnum
1168 4839 1296 4908 quid
1357 4854 1419 4894 ac
1450 4841 1771 4899 admirabile
1821 4846 1984 4905 videt.
2023 4847 2161 4903 Pur-

573 4940 711 4994 pura
741 4928 986 4997 qtttrdatn
1025 4931 1419 4997 pretiosissima
1445 4934 1797 5001 Immistrata
1815 4948 1954 4994 erat.
1984 4938 2161 5009 Super

574 5036 696 5075 cam
734 5030 917 5077 autem
981 5034 1134 5077 stans
1172 5041 1401 5095 magnus
1433 5027 1543 5092 ille,
1605 5028 1854 5084 mirabile
1907 5032 2037 5099 quid
2094 5048 2159 5089 ac

571 5112 863 5175 ineffabile,
911 5129 1036 5168 cum
1071 5131 1137 5169 ex
1176 5116 1349 5169 forma
1381 5128 1492 5171 tum
1524 5133 1586 5171 ex
1614 5117 1800 5175 habitu
1834 5122 1980 5176 velut
2005 5122 2161 5175 eﬂul-

571 5207 751 5276 gebat,
785 5217 1041 5276 tomsque
1070 5210 1246 5279 reipsa
1281 5211 1465 5266 lumen
1516 5211 1821 5270 videbatur.
1854 5214 2151 5285 Postquam

572 5309 752 5352 autem
780 5298 1068 5369 Philippus
1107 5318 1299 5358 somno
1344 5304 1557 5360 solutus
1587 5316 1752 5368 esset,
1791 5317 2029 5362 tremore
2060 5322 2152 5361 ac-

536 5430 545 5440 .
574 5390 715 5445 cedit
743 5407 805 5446 ac
836 5392 987 5447 vultu
1022 5394 1326 5457 immutate,
1354 5411 1464 5466 quo
1499 5397 1618 5452 loco
1653 5396 1841 5454 Patres
1872 5399 2152 5455 collectam

580 5483 853 5539 ltabebant
903 5505 915 5541 :
958 5495 1125 5557 atque
1179 5490 1361 5543 omnia
1399 5491 1697 5561 explicans,
1763 5500 1878 5546 tum
1931 5508 2053 5563 qua:
2099 5494 2153 5547 in

579 5577 763 5649 vigilia
804 5579 943 5633 lecto
989 5580 1242 5637 desidens
1291 5581 1477 5635 animo
1534 5584 1649 5652 ipse
1699 5594 1994 5650 versassct,
2039 5592 2150 5639 tum

660 5760 701 5790 ι’
732 5755 856 5813 l'sal
918 5770 1011 5823 vn,
1052 5755 1138 5809 i5.
1218 5759 1254 5789 ”
1303 5757 1445 5812 Psal.
1480 5775 1746 5825 Lxxxrttt,
1774 5752 1869 5813 '58.

2275 3189 2520 3253 τοιοῦτος
2562 3186 2652 3241 διὰ
2687 3180 3192 3254 ταπεινοφροσύνης
3241 3179 3570 3252 ὑπερϐολὴν,
3605 3174 3717 3233 οἷον
3747 3179 3855 3233 αὑ-

2274 3284 2364 3337 τὸν
2390 3283 2597 3343 ἐκεῖνος
2626 3281 2690 3333 ὲκ
2725 3276 2930 3347 πολλῆς
2964 3275 3109 3340 εδοξε
3150 3273 3466 3344 παχύτητος
3512 3273 3607 3326 καὶ
3654 3288 3855 3342 φρενο·

2276 3372 2557 3436 ϐλαϐείαξ.
2597 3373 2706 3426 Καὶ
2735 3370 2818 3423 ὅτι
2839 3369 3016 3422 ταῦτα
3048 3365 3224 3430 οὕτως
3260 3363 3395 3437 εἶχε,
3424 3366 3518 3418 κοιλ⁵
3565 3363 3749 3425 κακῶς
3776 3356 3853 3432 ἦν

2274 3463 2638 3537 ὀνειροπολῶν
2668 3466 2696 3517 ὀ
2724 3462 2992 3523 Φίλιππος
3038 3459 3243 3530 σφόδρα
3284 3459 3379 3529 τῆς
3410 3456 3674 3528 ἀληθείας
3707 3455 3851 3508 ὑπο-

2276 3558 2652 3627 πλανώμενος,
2709 3553 3013 3620 αὑτοφασὶν
3060 3549 3251 3616 ἔδειξε,
3305 3550 3400 3604 καὶ
3443 3551 3473 3603 ό
3532 3549 3746 3619 μάρτυς
3788 3550 3855 3601 ὲν

2274 3650 2489 3721 οὐρανῷ
2539 3646 2753 3709 πιστός.
2796 3665 2813 3696 ι
2846 3642 3006 3698 Οὕτω
3061 3644 3171 3714 γὰρ
3226 3644 3530 3711 στρέφοντα
3583 3642 3679 3711 καὶ
3728 3641 3857 3694 ἀδο-

2275 3744 2573 3816 λεσχοῦντα
2610 3742 2722 3804 τοῖς
2749 3740 3055 3810 λογισμοῖς,
3084 3737 3255 3800 ὕπνος
3281 3738 3491 3790 ἐκεῖνον
3527 3737 3677 3804 αἱρεῖ
3699 3752 3715 3767 ’
3750 3734 3854 3788 καὶ

2274 3840 2432 3910 ὄναρ,
2467 3835 2562 3889 δὺο
2609 3832 2762 3896 τινάς
2813 3832 2917 3904 ὁρᾷ
2973 3831 3213 3892 νεανίας.
3249 3828 3324 3883 Τὸ
3369 3827 3563 3890 κάλλος
3599 3826 3853 3891 ἐκείνων,

2275 3931 2370 3984 καὶ
2396 3932 2431 4000 η
2466 3928 2813 3984 ἐκπίπτουσα
2863 3923 2959 3976 τοῦ
2999 3922 3293 3994 προσώπου
3331 3918 3693 3989 μαρμαρυγὴ,
3721 3916 3853 3971 οὖτα

2276 4021 2420 4089 λόγῳ
2449 4015 2611 4089 ῥητὴ,
2639 4014 2779 4068 οὔτε·
2793 4011 3091 4083 ὀφθαλμοῖς
3122 4010 3351 4084 φορητὴ·
3377 4010 3492 4079 οἶγε
3532 4007 3855 4080 παραστάν-

2277 4129 2367 4173 τες
2440 4106 2589 4176 αὐτῷ
2661 4106 2845 4175 μορφῇ
2911 4100 3324 4171 δυσμενεῖ’καὶ
3378 4101 3561 4170 ψυχῆς
3620 4098 3853 4170 πικρίαν

2277 4198 2735 4269 ἁπαγγελλοὺσῃ,
2776 4215 2793 4247 t
2844 4196 2909 4247 Ti
2968 4195 3217 4257 σεαυτὸν,
3273 4188 3449 4257 εἷπον,
3485 4192 3851 4262 ὲκταράττεις

2278 4296 2387 4354 τοῖς
2418 4292 2734 4360 λογισμοῖς;
2770 4288 2835 4339 Τί
2860 4287 2950 4342 τὸν
2980 4286 3223 4339 ἀναίτιον
3251 4283 3578 4344 ὑποϐάλλεις
3613 4284 3848 4345 αἱτίαιςς

2276 4384 2449 4458 Ἀρον
2505 4389 2532 4440 ό
2588 4386 2738 4439 κάτω
2797 4383 3015 4451 βλέπων
3069 4384 3198 4446 τοὺς
3252 4380 3590 4451 ὀφθαλμοὺς,
3623 4381 3717 4434 καὶ
3766 4380 3844 4434 ἴδε

2273 4478 2435 4538 ποίας
2483 4468 2641 4539 οὗτος
2700 4473 2926 4543 ἠξίωται
2981 4473 3080 4543 τῆς
3136 4472 3325 4543 τιμῆς,
3361 4476 3388 4524 ὁ
3428 4473 3580 4543 παρά
3647 4473 3729 4525 σοί
3781 4489 3846 4541 γε

2271 4572 2460 4640 κριτῇ,
2493 4567 2697 4630 πλάνος
2716 4565 2792 4619 ὣν
2833 4565 2925 4617 καὶ
2953 4563 3278 4634 ὑποκριτὴς,
3315 4563 3412 4617 καὶ
3459 4564 3554 4616 τοῦ
3597 4562 3705 4642 τῶν
3743 4580 3844 4631 μο-

2270 4661 2450 4731 ναχῶν
2482 4659 2636 4713 ὁσίου
2664 4656 3147 4725 καταψευδόμενος
3182 4656 3486 4726 σχήματος.
3532 4673 3550 4705 ι

2344 4748 2479 4805 Εἶτα
2523 4750 2615 4805 τὸν
2646 4747 2929 4817 ὀφθαλμὸν
2950 4747 3145 4816 διάρας
3177 4749 3404 4827 ἐκεῖνος,
3426 4746 3575 4825 ’πρὸς
3598 4745 3659 4798 ὃν
3681 4741 3845 4809 αὑτὸς

2268 4846 2582 4905 ὑπεδείκνυ,
2620 4844 2764 4913 μέγα
2787 4858 2839 4893 τι
2868 4839 2962 4893 καὶ
2990 4839 3292 4908 θαυμάσιον
3325 4839 3557 4909 καθορᾷ.
3579 4839 3843 4911 Πορφύρα

2267 4955 2349 5001 τις
2386 4936 2692 5006 ὑπέρτιμος
2719 4932 2823 4984 ὑπὸ
2851 4931 2955 5000 γῆς
2998 4930 3237 5001 ῆπλωτο.
3286 4929 3576 4999 ’Υπεράνω
3622 4929 3678 4981 δὲ
3710 4930 3842 4983 ταύ-

2263 5046 2363 5100 της
2403 5030 2430 5081 ό
2466 5028 2642 5097 μέγας
2686 5025 2950 5094 εἱστήκει,
2994 5024 3307 5092 θαυμαστὸν
3348 5015 3462 5074 οἷον
3513 5021 3605 5075 καὶ
3661 5023 3840 5093 ἀρρη-

2262 5138 2355 5175 τον
2384 5122 2450 5174 ἐκ
2482 5122 2581 5190 τῆς
2610 5117 2825 5188 μορφῆς
2856 5117 2972 5187 ἄμα
3004 5118 3100 5169 καὶ
3142 5114 3441 5187 περιϐολῆς
3469 5114 3836 5183 ἀπολάμπων,

2263 5216 2359 5268 καὶ
2397 5213 2519 5277 ὅλος
2579 5209 2905 5282 αὐτόχρημα
2953 5208 3071 5279 φῶς
3104 5208 3404 5288 όρῴμενος.
3442 5207 3594 5260 Ἐπεὶ
3635 5207 3692 5259 δὲ
3741 5206 3835 5259 τὸν

2264 5306 2535 5359 Φίλιππον
2601 5302 2768 5367 ὕπνος
2824 5302 3031 5371 ἀνῆκε,
3081 5299 3385 5370 σύντρομος
3426 5298 3706 5370 πρόσεισιο
3739 5298 3836 5352 καὶ

2263 5394 2651 5467 ἠλλοιωμένος,
2694 5394 2825 5448 ἔνθα
2859 5394 2959 5463 τὴν
2993 5389 3217 5455 σύναξιν
3250 5392 3299 5442 οί
3344 5391 3589 5460 Ιιατέρες
3645 5385 3791 5458 εἶχον
3814 5402 3830 5418 ⁸

2265 5493 2359 5546 καὶ
2390 5490 2570 5543 πάντα
2606 5488 2933 5557 διασαφίσας
2969 5487 3068 5538 ὅσα
3124 5501 3182 5537 τε
3215 5482 3368 5552 ὕπαρ
3409 5482 3574 5544 αὐτὸς
3604 5481 3699 5533 ἐπὶ
3732 5481 3833 5550 τῆς

2267 5583 2562 5652 στρωμνῆς
2627 5583 2903 5654 ἔστρεφε·
2974 5580 3069 5633 καὶ
3146 5578 3245 5631 ὅσα
3321 5576 3456 5646 ὄναρ
3535 5574 3833 5647 ὑπερφυῶς
