4010 6448
78 322 170 380 473
706 395 709 398 _
1200 324 1378 382 VlTA
1420 323 1482 382 s.
1525 320 1740 382 LUC/E
1779 317 2167 381 JUNioms.
2884 334 2890 347 ι
3216 304 3323 367 tu
3381 293 3388 304 ‘

77 436 339 493 ἐθεάσατο,
382 436 472 487 καὶ
508 450 840 504 συγγνιρμης
883 433 1084 504 τυχὼν,
1131 435 1284 504 μένει
1340 435 1401 487 ei
1434 434 1621 504 θαῦμα

1753 448 1848 504 [uae
1879 433 1930 486 in‘
1983 430 2192 486 somnis
2226 425 2548 481 mirabiliter
2597 429 2957 492 aspectasset,
2993 435 3058 474 ac
3105 420 3322 475 veniam

75 525 336 595 κηρύττων
391 525 596 578 είσέτι’
657 525 849 577 ἑαυτοῦ
906 542 965 576 τε
1031 525 1460 593 καταγινώσκων
1519 541 1622 575 κα-

1753 534 2081 587 ronsecntns,
2123 522 2391 576 hactenus
2431 527 2613 571 manet
2641 515 2966 568 miraculum
2998 512 3323 582 prmdicans.

73 620 183 678 [ὥς.
214 617 297 687 ἐφ’
336 614 418 681 οἷς
472 617 566 670 τοῦ
621 618 832 671 δικαίου
893 618 1012 671 λίαν
1064 619 1254 682 κακῶς
1315 618 1621 686 κατεγίνω-

1753 629 1901 684 .eqne
1932 615 2045 684 ipse
2085 612 2596 672 merito'damnans,
2629 622 2729 678 pro
2751 622 2818 662 co
2850 614 3015 675 atque
3048 603 3326 658 immerito

716 722 720 724 ’
1729 715 1934 774 iustum
1973 697 2418 760 condemnasset.

1803 815 1846 869 A
1877 828 1988 882 quo
2020 823 2262 880 tempore
2301 809 2384 862 vir
2415 805 2686 862 mirabilis
2711 801 3023 856 valedieens
3050 796 3189 854 locis
3214 812 3330 850 ma-

1734 906 1937 962 ritimis
1971 904 2036 957 ad
2068 902 2265 958 Soterii
2316 900 2534 955 devenit
2574 901 2776 958 locum,
2814 903 2978 962 atque
3013 894 3066 946 in
3098 908 3165 947 eo
3199 906 3322 943 mo-

1734 998 1958 1053 nasticae
1986 992 2398 1050 exercitationis
2426 989 2705 1060 tugurium
2736 985 2872 1050 fixit,
2921 984 3156 1052 septimo
3211 981 3324 1050 jam

1732 1092 1966 1145 decurso
2003 1101 2167 1144 anno.
2202 1085 2413 1140 beatam
2448 1096 2604 1136 suam
2642 1088 2872 1132 mortem
2901 1077 2953 1129 in
2991 1075 3174 1144 januis
3205 1088 3329 1142 pro—

1738 1182 1944 1236 ximam
1977 1178 2280 1250 praenovit;
2331 1174 2464 1230 nulli
2522 1182 2701 1226 tamen
2735 1185 2854 1222 eam
2902 1166 3184 1225 in-licavit.
3235 1162 3332 1217 sed

1731 1273 1864 1328 cella
1898 1269 2269 1342 progediens,
2319 1281 2412 1320 seu
2470 1260 2783 1318 necessaria
2823 1259 3060 1328 quadam
3100 1255 3334 1317 ratione,

1733 1364 1943 1418 amicos
1990 1374 2186 1416 omnes
2251 1357 2572 1425 vicinosque.
2624 1360 2898 1408 ae~notos
2955 1347 3336 1404 conveniens:

1733 1453 2063 1514 valedicens,
2099 1467 2162 1506 ac
2209 1450 2477 1518 cujusque
2536 1445 2865 1502 exosculans
2901 1442 3065 1500 labia.
3121 1440 3336 1502 oculos’

1733 1544 1927 1599 faciem
1963 1560 1978 1598 :
2008 1560 2026 1594 ι
2069 1541 2252 1606 Orate,
2281 1540 2502 1606 fratres,
2531 1553 2628 1608 pro
2656 1551 2764 1598 me,
2787 1535 3194 1600 aiebat,0rale;
3222 1531 3336 1601 jam

70 1627 235 1694 χεσθε,
264 1627 507 1697 ἀδελφοὶ,
534 1629 764 1698 ἔφασκε,
799 1630 938 1701 ὑπὲρ
972 1631 1131 1701 ἐμοῦ,
1152 1630 1378 1702 εὔχεσθε
1403 1651 1415 1664 ·
1438 1631 1632 1699 ἄδηλον

1753 1639 1941 1708 ιυίρρο
1987 1637 2248 1706 deinceps
2289 1634 2558 1688 incertum
2594 1641 2774 1694 est,an
2813 1644 2915 1684 nos
2950 1638 3147 1681 mutuo
3171 1625 3340 1680 visuri

72 1718 164 1787 γὰρ
210 1721 269 1771 τὸ
325 1721 386 1774 λο
414 1722 533 1786 πὺν,
568 1725 616 1775 εί
657 1725 752 1776 καὶ
797 1723 1088 1796 βλέψωμεν
1118 1724 1405 1796 ἀλλήλους.
1438 1744 1456 1777 ι
1493 1720 1630 1778 Εἶτα

1753 1732 1932 1785 simus.
1971 1747 1991 1782 ›
2024 1728 2158 1783 Cum
2192 1727 2272 1782 sic
2299 1741 2427 1795 ergo
2463 1738 2655 1795 omnes
2685 1723 3117 1790 circumquaque
3158 1716 3341 1772 adiis-

69 1813 259 1877 πάντας
283 1814 428 1868 οὕτω
453 1817 830 1886 περιελθόντι,
850 1818 945 1872 καὶ
978 1819 1058 1881 είς
1092 1817 1152 1871 τὸ
1185 1816 1385 1872 ἐαυτοῦ
1420 1817 1632 1871 κελλίον

1753 1830 1818 1877 ie!
1851 1860 1866 1885 ,
1921 1831 2085 1889 atque
2153 1819 2206 1872 in
2271 1817 2522 1878 cellulam
2592 1830 2848 1869 reversus
2899 1821 3066 1876 esset,
3121 1819 3342 1878 tresque

69 1906 416 1961 ἐπανελθόντα
477 1910 568 1962 τὸν
601 1912 770 1973 ὅσιον,
823 1913 976 1979 τρεῖς
1039 1909 1380 1981 ἐπιζήσαντα
1431 1910 1632 1980 μῆνας,

1753 1923 1924 1982 ωειεο
1944 1927 2156 1967 menses
2170 1911 2413 1975 vixisset,
2433 1909 2664 1980 primum
2682 1907 2898 1976 quidem
2918 1904 3097 1961 lentus
3118 1903 3343 1956 morbus

69 1998 244 2064 πρῶτα
279 2003 378 2068 μὲν
425 2003 578 2065 νόσος
641 2021 726 2067 τις
776 2003 1061 2074 ὑπέδραμε
1117 2003 1337 2074 μαλακή
1365 2019 1378 2034 ·
1407 2003 1636 2074 σφοδρο-

1758 2007 1956 2062 nvasit.
1979 2004 2097 2059 Iam
2129 2019 2258 2059 vero
2287 2003 2422 2057 febri
2458 2001 2830 2057 vehementius
2850 2000 3185 2060 inecssenle,
3215 2011 3340 2049 cum

68 2087 210 2153 τέρου
267 2089 323 2142 δὲ
383 2091 484 2161 ῆδη
525 2093 617 2144 τοῦ
671 2093 910 2164 πυρετοῦ
969 2093 1445 2164 προσϐάλλοντος,
1510 2093 1636 2146 ἐπεὶ

1753 2109 1938 2155 octava
1965 2099 2079 2168 jam
2120 2097 2410 2153 transisset
2435 2095 2574 2163 dies,
2598 2096 2808 2165 liquido
2843 2101 3115 2149 noverunt
3144 2106 3341 2147 omnes

69 2177 214 2282 ὀγδόη
273 2181 555 2250 παρῆλθεν
619 2183 821 2253 ἡμέρα.
885 2183 1044 2253 δῆλος
1087 2185 1328 2253 κατέστη
1372 2187 1509 2238 πᾶσι
1540 2184 1634 2237 τοῦ

1753 2191 1988 2260 separari
2015 2205 2045 2244 a
2080 2203 2330 2259 corpore,
2356 2198 2522 2257 atque
2555 2188 2619 2241 ad
2649 2187 2818 2239 Deum
2845 2183 3145 2255 proficisci,
3171 2195 3337 2252 quem

71 2271 305 2336 σώματος
338 2271 731 2341 χωριζόμενος,
762 2274 858 2328 καὶ
897 2277 1034 2347 πρὸς
1067 2277 1221 2343 Θεὸν,
1259 2279 1317 2330 ὃν
1358 2280 1635 2350 ἠγάπησε,

1753 2283 2090 2338 dilexissem.
2118 2281 2170 2334 ld
2204 2280 2292 2334 ubi
2323 2279 2728 2340 intellexissent
2751 2278 2844 2348 qui
2871 2277 3067 2348 oppida
3101 2276 3343 2328 circum-

72 2362 446 2431 πορευόμενος.
490 2365 670 2438 Ὅπερ
711 2367 984 2437 μαθόντας
1017 2371 1146 2433 τοὺς
1180 2371 1277 2433 τὰς
1304 2371 1492 2441 κύκλῳ
1530 2371 1640 2424 κώο

1753 2400 1966 2456 quaque
2025 2384 2200 2454 posita
2270 2384 2603 2446 incolebant,
2660 2398 2971 2451 quanquam
3023 2388 3144 2433 erat
3199 2393 3341 2434 saeva

76 2469 166 2518 μας
204 2455 515 2522 οίκοῦντας,
549 2461 726 2512 καίτοι
761 2460 994 2530 σφοδροῦ
1028 2460 1124 2514 τοῦ
1161 2462 1433 2532 χειμῶνος
1461 2462 1639 2525 ὄντος,

1753 2477 1946 2540 hiems,
1980 2474 2187 2544 nixque
2224 2473 2489 2528 immensa
2525 2473 2824 2534 deciderat,
2873 2479 2933 2525 ut
2958 2470 3058 2524 viae
3086 2484 3224 2540 pene
3256 2468 3340 2522 in.

72 2547 151 2654 και
182 2547 361 2616 χιόνος
389 2551 672 2620 ἀμυθήτου
725 2553 1171 2624 καταπεσούσης,
1199 2554 1276 2618 ὡς
1322 2555 1512 2624 σχεδὸν
1547 2554 1642 2606 καὶ

1753 2567 1850 2619 via:
1875 2581 1938 2619 ac
1967 2565 2165 2620 domus
2213 2567 2507 2619 inaccessa:
2541 2564 2699 2618 facta:
2730 2573 2936 2625 essent.
2989 2561 3125 2616 nihil
3154 2571 3339 2613 tamen

71 2638 208 2701 ὁδοὺς
268 2640 529 2708 ἀϐάτους,
567 2640 663 2696 καὶΙ
721 2643 898 2707 οίκίας
931 2643 1296 2707 ἀνεπιδάτους
1346 2644 1637 2712 γενέσθαιο

1753 2667 1809 2709 ut
1844 2671 1912 2708 ne
1986 2656 2052 2708 ad
2088 2671 2211 2708 eum
2261 2663 2548 2724 pergerent
2593 2656 2769 2722 potuit
2821 2653 3108 2723 prohibere
3144 2669 3157 2705 :
3197 2651 3332 2719 quin

74 2729 204 2794 ὅμως
223 2728 380 2782 οὐδὲν
411 2731 652 2796 ἐκείνους
678 2732 775 2800 τῆς
800 2733 938 2801 πρδς
965 2732 1132 2785 αὑτὸν
1160 2733 1360 2804 ἐπέσχε
1389 2732 1640 2804 πορείας’

1753 2747 2048 2802 universim
2073 2762 2267 2801 omnes
2295 2747 2650 2812 conﬂuentes,
2681 2747 2746 2800 ad
2773 2760 2944 2815 usque
2969 2759 3167 2797 nonam
3195 2740 3338 2812 apud

76 2821 193 2873 ὰ).λά
255 2823 532 2892 πανδημεὶ
587 2825 788 2886 πάντες
817 2825 1136 2896 συνέρρεον.
1185 2827 1282 2879 καὶ
1315 2827 1448 2898 παρ’
1489 2824 1641 2895 αὑτῷ

1753 2855 1874 2894 eum
1908 2839 2234 2903 ,manehaut,
2292 2838 2426 2892 nihil
2482 2854 2708 2908 prorsus
2748 2846 2843 2891 aut
2889 2837 2993 2892 cibi
3047 2851 3343 2897 memores,

79 2915 222 3024 μέχρι
261 2917 355 2968 καὶ
393 2915 622 2986 ἐννάτης
651 2917 800 2985 ὧρας
850 2919 1201 2988 παρέμενον
1240 2919 1362 2972 οὔτε
1407 2918 1644 2990 τροφῆςν

1753 2941 1846 2984 aut
1873 2931 2016 2984 utad
2052 2946 2149 2986 sua
2199 2930 2470 2994 redirent;
2501 2930 2596 2984 scd
2644 2930 2863 2984 stabant
2903 2943 3097 2981 omnes
3127 2927 3180 2979 in
3215 2943 3342 2979 eum

77 3004 172 3110 εὖθ’
219 3007 570 3078 ὑποστροφῆς
632 3007 768 3072 ὅλως
843 3010 1066 3080 μνήμην
1127 3010 1486 3078 ποιούμενοι·
1526 3009 1643 3065 ἀλλ’

1753 3022 2206 3093 intenti,ejusque
2234 3021 2461 3075 hilarem
2495 3028 2838 3090 aspectantes
2861 3021 3098 3085 vultum,
3123 3015 3344 3072 charis-

81 3100 273 3150 ἰσταντο
313 3100 515 3161 πάντες
539 3100 688 3170 αὑτῷ
732 3102 1084 3172 προσχόντες,
1135 3102 1229 3154 καί
1275 3103 1398 3172 ὄψιν
1431 3103 1644 3156 ἐκείνου

1754 3117 1946 3170 simam
1998 3114 2190 3168 audire
2222 3129 2434 3177 vocem,
2467 3127 2835 3182 supremaque
2864 3111 3024 3164 verba
3050 3125 3113 3165 ac
3153 3125 3347 3179 preces

79 3189 160 3258 τὴν
193 3190 386 3262 ἱλαρὰν
419 3190 734 3288 βλέποντες,
765 3193 860 3247 καὶ
888 3196 1074 3266 φωνῆς
1095 3195 1366 3267 φιλτάτης
1397 3197 1641 3259 ἀκούειν,

1753 3205 2009 3275 excipere
2036 3202 2330 3273 cupiebant
2363 3218 2378 3258 :
2427 3217 2525 3257 nec
2568 3199 2808 3270 separari
2856 3198 3125 3259 ferebant.
3161 3197 3348 3252 hacte-

80 3285 167 3386 κα)ἰ
187 3284 360 3351 λόγων
421 3284 688 3355 ἐσχάτων,
737 3288 830 3339 καὶ
861 3287 1030 3358 εὐχῆς
1084 3291 1416 3360 μεταλαχεῖν
1449 3293 1644 3344 ἐπιθυ-

1753 3314 1876 3359 nus.
1911 3298 2158 3366 inquam,
2189 3311 2219 3350 a
2254 3297 2394 3350 lecto
2421 3294 2674 3364 jacentis.
2707 3303 2762 3347 et
2793 3301 2852 3346 ut
2878 3293 2999 3361 ejus
3032 3289 3225 3346 relicto
3255 3305 3345 3343 as-

86 3378 290 3442 ιιοῦντες
311 3393 325 3407 ο
361 3378 456 3431 καὶ
491 3379 792 3448 ὑποστῆναι
825 3384 917 3432 τὸν
947 3382 1230 3452 χωρισμὸν
1259 3382 1320 3435 οὑ
1341 3383 1604 3452 φέροντες
1628 3399 1641 3412 °

1753 3398 1906 3458 pectn
1937 3387 2173 3457 quisque
2204 3386 2428 3441 domum
2458 3391 2882 3439 reverterentur.
2920 3381 3054 3436 Nam
3089 3395 3345 3449 suprema

80 3469 250 3524 τοῦτον
307 3473 446 3534 τέως
478 3471 620 3540 φημὶ
665 3471 756 3524 τὸν
811 3472 918 3525 ἀπὸ
957 3473 1056 3542 τῆς
1103 3472 1313 3543 κλίνης,
1358 3473 1500 3526 ὥστε
1547 3475 1642 3528 τοῦ

1753 3480 1840 3533 illa
1897 3494 1961 3534 ac
1991 3495 2019 3534 a
2069 3487 2244 3533 morte
2271 3476 2565 3549 separatio,
2598 3485 2861 3545 quantum
2898 3474 3002 3528 illis
3034 3473 3230 3527 vulnus
3265 3471 3348 3523 in—

78 3563 192 3633 ὁρᾷν
217 3564 376 3635 αὑτὸν
407 3563 738 3632 ἀφεμένους,
789 3563 1108 3619 ἐπανελθεῖν
1139 3565 1326 3619 οἴκαδε
1345 3581 1358 3595 ³
1397 3567 1520 3619 ἐπεί
1551 3567 1634 3618 τοί

1753 3567 1938 3634 l'erret,
1987 3585 2302 3642 quanquam
2340 3569 2460 3639 ejus
2517 3568 2690 3639 gratia
2728 3568 2930 3622 animis
2976 3565 3345 3623 afficerentur.

83 3655 248 3720 γετοῦ
297 3657 534 3725 ἐσχάτου
601 3673 662 3724 γε
718 3656 811 3708 καὶ
869 3657 1009 3724 μετὰ
1051 3655 1286 3711 θάνατον
1332 3658 1644 3728 χωρισμοῦ,

1753 3662 1906 3733 juges
1934 3663 2040 3718 ille
2080 3663 2336 3734 lacrymte
2373 3662 2444 3717 ab
2487 3662 2660 3717 oculis
2705 3657 3038 3730 proﬂuentes
3076 3653 3347 3709 monstra-

81 3744 182 3797 οἷαν
206 3747 402 3798 ἐκεῖνοι
427 3747 527 3818 τὴν
553 3746 766 3816 πληγὴν
801 3747 1050 3817 ἐδέχοντο
1072 3763 1086 3778 °
1124 3747 1278 3810 ὅπως
1326 3747 1493 3800 αὑτοῦ
1550 3749 1644 3817 χά·

1753 3759 1883 3811 bant
1917 3774 1930 3810 :
1968 3757 2144 3812 donec
2195 3755 2413 3812 tandem
2447 3755 2791 3825 amplexatus
2821 3765 3038 3815 omnes,
3081 3764 3146 3803 ac
3201 3747 3348 3802 bona

84 3854 155 3905 ριν
213 3840 451 3909 ἔπασχον
499 3844 611 3902 τὰς
643 3839 857 3909 ψυχὰς,
903 3842 966 3891 ἐκ
1021 3839 1130 3892 τῶν
1179 3839 1434 3908 δακρύων
1501 3841 1644 3910 ἆπερ

1753 3850 2095 3918 adprecatus,
2126 3849 2290 3901 etiam
2318 3847 2520 3902 invitos
2543 3846 2751 3900 dimisit
2797 3841 3103 3914 lugubriter
3127 3855 3352 3912 genren-

81 3931 293 3984 ἁστακτὶ
324 3933 650 4000 κατέρρεον,
673 3932 1049 4000 ὑπεσήμαινον
1070 3947 1084 3961 ο
1117 3932 1222 3994 ἕως
1254 3932 1644 4000 ἀσπασάμενος

1753 3948 1853 3998 tes.
1884 3953 1947 3992 ac
1977 3938 2098 3992 diro
2137 3936 2322 3992 dolore
2353 3935 2600 3991 aﬂectos.

83 4024 291 4090 πάντας,
325 4023 696 4094 ἐπευξάμενος
732 4041 790 4076 τε
854 4025 921 4075 τὰ
973 4023 1182 4091 ἀγαθὰ,
1245 4024 1343 4077 καὶ
1409 4026 1648 4090 ἄκοντας
1722 4030 1905 4100 ἀφῆκε
1991 4029 2189 4102 γοερὸν
2262 4030 2591 4093 στένοντας,
2649 4027 2745 4081 καὶ
2804 4025 3022 4098 βαρέως
3079 4021 3348 4078 παθαινο⁴

73 727 201 763 σκεν.

139 802 324 856 Ἠνίκα
351 804 473 865 ταῖς
501 802 787 872 παραλίοις
817 803 1035 874 χαίρειν
1067 804 1234 857 εἰπὼν
1265 807 1292 857 ὁ
1315 805 1625 864 θεσπέσιος,

72 896 136 955 εἰς
187 893 274 946 τὸν
316 893 411 946 τοῦ
469 895 745 964 Σωτηρίου
777 896 1047 949 κατέϐαλε
1113 896 1312 966 χῶρον,
1376 899 1470 950 καὶ
1527 895 1629 964 τὴν

71 986 361 1056 ὰσκητικὴν
394 987 454 1039 ἐν
484 988 659 1057 τούτῳ
718 988 964 1057 καλύὸην
1003 987 1262 1058 ἐπήξατο,
1299 989 1530 1058 ἓὸδομον
1570 991 1630 1040 ἐν

71 1079 201 1148 αὐτῷ
263 1080 526 1143 διανύσας
571 1081 710 1146 ἔτος,
776 1083 1030 1152 προέγνω
1083 1082 1183 1151 μὲν
1210 1083 1310 1152 τὴν
1348 1081 1629 1151 μακαρίαν

72 1169 213 1223 αὑτοῦ
245 1171 505 1240 τελευτὴν
531 1173 621 1225 ἐπὶ
646 1173 842 1244 θύραις
869 1174 1038 1226 οὖσαν
1060 1191 1072 1204 ·
1100 1173 1378 1244 γνώριμον
1408 1175 1464 1226 δὲ
1494 1173 1627 1227 ταύ-

71 1268 153 1330 την
180 1263 518 1330 κατέστησεν
561 1265 737 1320 οὐδενί
763 1281 781 1299 ο
820 1267 958 1319 ἀλλὰ
996 1266 1274 1338 προελθὼν
1312 1266 1510 1337 κέλλης
1551 1268 1628 1330 ὠς

72 1352 148 1404 ἐπί
177 1370 223 1406 τι
254 1354 360 1406 τῶν
384 1357 723 1422 ἀναγκαίων,
755 1359 848 1411 καὶ
885 1359 1020 1411 πᾶσι
1060 1357 1253 1426 φίλοις,
1294 1359 1502 1425 γείτοσι
1535 1361 1644 1412 καΥ

71 1447 308 1509 γνωστοῖς
334 1447 722 1516 παρασάλλων,
762 1448 1197 1518 συντασσόμενός
1230 1465 1289 1500 τε
1317 1448 1414 1501 καὶ
1440 1448 1623 1500 donec

71 1536 278 1602 ξάμενος
323 1537 558 1590 ἑκάστου
613 1539 786 1610 χείλη,
821 1539 1068 1611 ὄμματα,
1115 1541 1429 1610 πρόσωπον,
1462 1559 1481 1591 ι
1525 1539 1631 1594 E6-

85 4122 280 4189 μένους.

142 4219 242 4269 Τοῦ
257 4215 632 4287 πρεσσυτέρου
662 4217 845 4286 μέντοι
877 4215 1182 4287 Γρηγορῐου
1208 4217 1640 4288 προσμένοντος,

1825 4220 1962 4274 Cum
2000 4229 2182 4273 autem
2211 4217 2510 4285 Gregorius
2541 4213 2822 4286 presbyter
2858 4211 3179 4276 mansisset,
3229 4227 3348 4280 per-

87 4305 389 4358 πυνθάνεται
418 4305 548 4374 παρ’
576 4305 740 4358 αὑτοῦ
771 4305 860 4358 τὸν
889 4307 1084 4376 καιρὸν
1127 4308 1153 4358 ὁ
1195 4307 1390 4375 μέγας.
1435 4307 1542 4359 Τοῦ
1583 4308 1641 4360 δὲ

86 4395 201 4463 πρὸς
234 4397 438 4466 δυσμὰς
465 4385 712 4460 εἰπόντος
737 4391 878 4448 εἶναι
902 4401 990 4450 τὸν
1009 4398 1160 4467 ἦλιον
1194 4438 1208 4462 ,
1249 4399 1413 4466 γνοὺς
1439 4400 1648 4462 ἐκεῖνος

1761 4313 2090 4368 eontabatur
2122 4326 2188 4366 ex
2215 4326 2282 4364 eo
2318 4324 2546 4379 magnus
2582 4307 2694 4371 ille,
2723 4314 2964 4376 tempus.
2998 4302 3135 4357 Cum
3166 4317 3349 4356 autem

1761 4405 2007 4467 dixisset,
2042 4403 2213 4457 solem
2260 4403 2327 4456 ad
2370 4415 2624 4456 occasum
2659 4386 2903 4470 vergere,
2937 4399 3118 4451 sciens
3149 4396 3256 4458 ille,
3295 4409 3354 4448 se

86 4489 164 4539 καὶ
215 4490 403 4542 ἐαυτὸν
442 4490 544 4560 ἠδη
599 4491 691 4542 τὸν
745 4489 906 4542 καλὸν
958 4491 1164 4560 ἀστέρα
1201 4491 1644 4560 καταδυόμενον·

1763 4497 1876 4566 jam
1921 4511 2140 4567 quoque
2193 4495 2481 4564 pulchrum
2530 4495 2683 4548 sidus
2733 4493 3036 4548 occidere:
3078 4509 3094 4540 ι
3121 4490 3347 4552 Abiens,

92 4595 106 4625 ο
144 4579 434 4646 ’Δπελθὼν,
461 4581 632 4650 λέγει,
671 4582 774 4644 τὰς
828 4583 1118 4652 ἑσπερίους
1149 4583 1222 4645 ὠς
1252 4583 1416 4652 τάχος
1461 4583 1658 4645 άπόίος

88 4670 257 4739 εὐχάς
298 4691 316 4724 ι
367 4672 426 4725 Ὀ
467 4673 524 4725 δὲ
550 4672 846 4742 πληρώσας
872 4673 933 4726 τὸ
965 4673 1258 4727 κελευσθέν
1282 4691 1296 4705 ·
1336 4673 1534 4726 ἔπειτα
1569 4674 1658 4725 δο-

89 4762 183 4814 κῶν
209 4766 337 4836 περὶ
365 4765 460 4819 τοῦ
489 4765 598 4819 τῶν
620 4767 937 4834 ἀναγκαίων
961 4767 1355 4830 πυνθάνεσθαι,
1387 4767 1486 4819 ποῦ
1517 4766 1657 4836 μετά

90 4853 290 4912 θάνατον
325 4858 474 4930 αὑτῷ
496 4859 680 4926 ὴριτιτα
706 4860 858 4928 φίλον
884 4859 1034 4929 αὑτῷ
1054 4860 1444 4928 κατατεθῆναι.
1469 4860 1571 4911 Τὸν
1598 4858 1657 4910 δὲ

91 4944 338 5021 δυσχερῶς
361 4951 495 5021 πρνῑς
521 4948 678 5004 τόὖτο
706 4950 1040 5006 διατεθέντα.
1071 4972 1088 5005 ι
1115 4952 1251 5006 Τίδέ
1271 4953 1402 5019 ;οὑκ
1423 4952 1655 5022 αἰσχύνη

94 5041 232 5106 φάναι
263 5045 461 5113 σαφὴς,
494 5043 791 5111 ἀγνοοῦντα
827 5045 1116 5112 φαίνεσθαι
1163 5048 1291 5116 περὶ
1324 5046 1538 5122 τούτου,
1574 5047 1657 5098 ὅτι

93 5129 161 5180 δεῖ
202 5134 442 5203 σχοινίων
470 5135 774 5204 ἐκδήσαντα
821 5137 932 5189 τῶν
960 5137 1157 5202 ποδῶν,
1181 5138 1262 5198 είς
1289 5138 1414 5191 τινά
1457 5155 1523 5208 με
1546 5138 1657 5189 τῶν

99 5225 366 5294 φαράγγων
395 5229 759 5291 καταϐαλεῐνς
801 5230 848 5281 εί
901 5230 1039 5298 πρὸς
1093 5231 1259 5299 μηδὲν
1289 5231 1421 5284 ἄλλο
1461 5231 1656 5301 χρήσι-

104 5328 204 5378 μον,
231 5319 341 5370 ἀλλ’
371 5315 465 5372 οὖν
506 5319 704 5390 βρῶμα
739 5323 849 5383 τοῖς
895 5321 1110 5390 θηρίοις
1158 5323 1446 5393 ἐσόμενον.
1487 5343 1505 5374 ›
1539 5321 1649 5375 Τοῦ

104 5410 445 5480 πρεσϐυτέρου
501 5412 557 5465 δὲ
610 5415 748 5482 πρὸς
786 5413 958 5466 ταῦτα
1003 5416 1168 5485 μηδὲν
1211 5416 1651 5481 ὑποδεδοικότος,

105 5493 214 5551 ἀλλὰ
239 5506 363 5572 περὶ
414 5505 514 5573 τῆς
573 5508 749 5575 ταφῆς
801 5508 896 5558 καὶ
932 5507 1089 5570 αὖθις
1135 5509 1334 5577 μαθεῖν
1371 5510 1652 5575 ἀξιοῦντος

1767 4586 1967 4656 inquit,
2025 4599 2189 4656 quam
2245 4584 2354 4638 cito
2403 4583 2744 4652 vespertinas
2795 4581 3043 4650 persolve
3075 4595 3286 4648 preies'.
3327 4596 3342 4626 ι

1763 4675 1929 4730 Facto
1955 4674 2308 4745 quodjussns
2332 4681 2470 4741 erat,
2501 4673 2844 4743 postmodum
2873 4681 3070 4740 putans
3096 4684 3350 4724 necessa-

1763 4768 1903 4822 rium
1940 4767 2144 4836 aliquid
2200 4780 2464 4836 quaarere,
2530 4762 2902 4832 interrogabat
2945 4777 3184 4831 quonam
3234 4759 3351 4813 loco

1761 4871 1882 4929 post
1917 4869 2147 4935 mortem
2189 4858 2410 4927 sepeliri
2441 4856 2678 4926 juberet.
2717 4855 2766 4910 Is
2815 4862 2996 4907 autem
3054 4869 3166 4906 rem
3209 4868 3353 4920 :egre

1762 4953 1948 5021 ferens
1983 4967 1997 5006 :
2033 4971 2050 5002 ι
2087 4951 2228 5015 Quid
2266 4965 2416 5017 vero,
2453 4948 2678 5018 inquit?
2725 4945 2915 5002 Nonne
2946 4947 3124 5015 palam
3167 4948 3354 5010 pudet,

1762 5048 1930 5102 videri
1995 5048 2098 5102 hoc
2145 5048 2353 5119 nescire
2387 5062 2401 5102 ;
2438 5055 2497 5099 ut
2538 5043 2802 5098 nimirum
2834 5042 3016 5110 ligatis
3062 5057 3093 5095 e
3126 5041 3357 5110 pedibus

1761 5141 2012 5205 funibus,
2042 5140 2095 5194 in
2130 5140 2441 5210 voraginem
2500 5137 2740 5207 aliquam
2795 5135 3062 5204 projicere
3113 5134 3356 5190 deceat?

1761 5242 1821 5287 ut
1853 5232 2120 5302 siquidem
2162 5231 2229 5284 ad
2281 5230 2517 5300 quodvis
2543 5230 2687 5282 aliud
2721 5243 2841 5282 sum
2870 5226 3106 5288 inutilis,
3138 5235 3354 5279 ate-crte

1761 5330 1814 5380 in
1850 5341 2034 5381 esnam
2077 5308 2275 5416 bestiis
2308 5323 2526 5378 cedam.
2568 5341 2587 5372 ι
2637 5321 2841 5374 Verum
2887 5334 3012 5374 cum
3046 5321 3357 5387 presbyter.

1766 5420 1902 5474 nihil
1939 5434 2000 5474 ea
2037 5411 2397 5484 responsione
2421 5415 2645 5470 territus
2684 5413 2867 5468 adhuc
2911 5427 3132 5484 quoque
3172 5411 3238 5464 de
3265 5429 3355 5465 sc-

1761 5514 1980 5581 pultura
2007 5508 2281 5564 desiderio
2311 5509 2483 5562 multo
2503 5508 2644 5562 scire
2687 5516 2926 5575 rOgaret,
2953 5516 3010 5559 ut
3035 5504 3198 5559 simul
3229 5519 3352 5557 cum

109 5586 224 5650 μάλα
255 5591 490 5662 θερμῶς,
531 5595 606 5657 ὡς
634 5596 729 5648 καὶ
761 5596 974 5665 δάκρυα
995 5600 1104 5661 τοῖς
1137 5598 1314 5666 λύγοις
1348 5603 1650 5670 συμπροῖὲ-

109 5690 205 5728 ναι·
231 5683 378 5754 ἤθελε
419 5688 527 5756 γάρ
561 5688 694 5756 μηδὲ
732 5688 876 5758 μετά
926 5688 1156 5743 θάνατον
1190 5692 1342 5761 παρά
1373 5693 1471 5756 τὴν
1505 5694 1646 5745 ἐκεί-

112 5784 184 5822 νου
200 5777 409 5850 γνώμην
436 5787 607 5836 ποιεῖν
637 5785 846 5846 ἐκεῖνος
873 5802 883 5812 ·
922 5804 939 5838 ι
990 5787 1093 5839 Τὸν
1123 5788 1178 5841 τό
1193 5806 1284 5842 πον
1308 5790 1366 5842 ἐν
1398 5781 1441 5858 ᾧ
1477 5789 1646 5842 κατά-

1755 5605 1934 5659 verbis
1958 5603 2289 5672 proﬂuere-nt
2332 5601 2607 5672 lacrymae.
2635 5600 3007 5654 Volebatenim
3037 5614 3106 5654 ne
3135 5599 3350 5668 quidem

1755 5715 1783 5750 a
1810 5711 2002 5759 morie,
2058 5710 2216 5749 secus
2266 5710 2331 5749 ac
2373 5693 2463 5750 ille
2501 5693 2766 5758 voluisset
2798 5693 3024 5748 facere:
3066 5709 3084 5742 ι
3127 5689 3351 5755 Locum,

1756 5790 1954 5860 inquit,
1993 5792 2044 5844 in
2088 5803 2196 5859 quo
2231 5786 2409 5856 jaceo,
2441 5787 2671 5853 fodiens,
2713 5785 2952 5843 invenies
2984 5794 3170 5844 coctos
3214 5781 3351 5838 lutc-
