4176 6442
218 386 309 446 4⁸17

216 586 354 648 τέλος
380 584 595 652 ὀφθεῖεν
618 581 958 642 ἀποδιδόντες
988 580 1137 648 αὐτῷ
1166 583 1230 632 τὰ
1258 578 1395 647 μετὰ
1429 577 1581 638 τέλος
1608 592 1745 644 προσ
1763 603 1775 612 -

220 678 445 746 ήκοντα,
480 675 823 744 παραχρῆμα
871 674 1006 740 πρὸς
1056 670 1342 739 οἰκοδομὴν
1392 669 1641 730 κελλὶων,
1681 664 1775 717 καὶ

218 766 337 819 ναοῦ
390 766 783 819 διανίστανται.
837 766 944 818 Καὶ
983 764 1179 834 πρῶτα
1222 763 1319 833 μὲν
1371 764 1460 813 τὸν
1496 759 1596 826 τῆς
1627 758 1777 821 θείας

216 860 479 928 μάρτυρος
524 858 815 926 Βαρῦἁρας
864 859 989 908 ναὴν
1034 858 1284 925 ἀτέχνως
1318 855 1532 923 ἔχοντα,
1570 852 1773 920 σπουδῇ

213 948 492 1013 τελειοῦσι,
519 950 723 1017 κόσμον
741 948 888 1020 αὐτῷ
912 949 1223 1017 περιθέντες
1244 949 1332 1000 τὸν
1357 946 1498 999 κατὰ
1524 944 1772 1012 δύναμιν.

216 1036 340 1091 Εἶτα
371 1040 466 1092 καὶ
488 1040 769 1102 οἰκίσκους
807 1040 1025 1102 ἱκανούς
1056 1058 1115 1092 τε
1150 1041 1244 1092 καὶ
1271 1039 1332 1092 τὸ
1364 1039 1551 1107 σχῆμα
1590 1036 1775 1102 διαφό-

215 1147 331 1197 ρους
384 1131 749 1199 οἰκοδομοῦσι,
810 1132 945 1200 πρός
989 1148 1045 1183 τε
1076 1131 1259 1201 κοινὴν
1290 1131 1500 1200 χρείαν,
1533 1128 1627 1181 καὶ
1667 1128 1773 1180 τῶν

210 1219 640 1288 ὲπιξενουμέ·.ων
682 1214 978 1289 ῦποδοχήν.
1012 1222 1243 1275 Ἔπειτα
1302 1223 1395 1274 καὶ
1448 1220 1579 1273 αὐτὸ
1611 1220 1674 1290 δὴ
1719 1220 1775 1271 τὸ

212 1309 435 1372 γελλίον,
466 1312 524 1362 ὲν
555 1303 707 1379 ᾧπερ
735 1314 762 1365 ό
783 1312 878 1364 τοῦ
910 1314 1147 1382 μεγάλου
1169 1315 1359 1381 τάφος,
1383 1313 1483 1380 τῆς
1505 1311 1775 1382 προτέρας

210 1400 636 1469 μεταϐάλλουσιν
689 1402 886 1471 ὂψεως,
938 1405 1031 1455 καλ⁹
1084 1404 1159 1465 εἰς
1206 1404 1346 1471 ἱερὸν
1386 1404 1675 1470 εῦκτήριον
1716 1404 1774 1453 ἐν

208 1492 482 1561 σεαυρικῷ
532 1492 609 1561 τῷ
679 1495 923 1561 σχήματι
1003 1495 1292 1562 παγκάλως
1346 1493 1770 1564 μεταποιοῦσιν·

208 1584 340 1635 ὥστε
392 1585 568 1654 πέρας
609 1587 815 1648 λαϐεῖν,
862 1588 919 1638 τὸ
972 1586 1075 1639 ὑπὸ
1138 1587 1408 1656 μακαρίου
1438 1585 1644 1653 λεχθὲν,
1682 1585 1773 1637 καὶ

206 1675 329 1745 περὶ
354 1676 450 1728 τοῦ
484 1676 653 1729 τόπου
678 1677 880 1747 δηλαδὴ
906 1677 1119 1737 τούτου,
1154 1680 1246 1731 καὶ
1273 1679 1399 1747 περὶ
1427 1678 1536 1730 τῶν
1565 1679 1646 1740 εἰς
1672 1678 1774 1730 αὐ·

207 1764 290 1816 τὸν
324 1768 403 1827 είς
432 1763 633 1833 πλῆθος
659 1770 1093 1839 συνερχομένων.

272 1856 413 1926 Γυνή
477 1875 559 1920 τις
606 1861 897 1929 ἀκινήτους
941 1858 1053 1929 εἶχε
1116 1859 1215 1922 τὰς
1279 1877 1466 1930 χειρας
1523 1862 1619 1912 σὺν
1662 1860 1771 1922 τοῖς

208 1949 359 2000 ποσίν
390 1966 404 1980 ·
440 1950 601 2003 ἆτινα
645 1951 738 2003 τοῦ
794 1951 893 2019 μὲν
945 1952 1067 2003 ὃλου
1116 1951 1367 2021 σώματος
1402 1949 1775 2021 ἀπηρτῆσθαι,

208 2040 298 2093 καὶ
317 2041 419 2111 τὴν
447 2041 650 2095 οἰκείαν
680 2043 873 2108 σώζειν
904 2044 1160 2096 meum
1188 2044 1349 2113 πῆξιν
1374 2060 1388 2073 ·
1418 2045 1541 2097 ὅσον
1556 2044 1612 2095 δὲ
1643 2042 1775 2111 πρὸς

207 2135 508 2202 ἐνέργειαν,
570 2136 827 2204 ἀλλότρια
876 2132 963 2207 ἦν,
1002 2138 1094 2188 καὶ
1128 2137 1225 2205 τὴν
1264 2136 1398 2189 ίδίαν
1424 2136 1651 2189 ἕκαστον
1691 2136 1778 2198 €9,-

210 2228 423 2293 ηρνεῖτο
466 2226 857 2296 λειτουργίαν’
904 2226 1044 2279 ὥστε
1095 2226 1154 2278 τὸ
1208 2226 1348 2279 αὐτὰ
1394 2221 1549 2295 ἧκον,
1600 2226 1776 2278 θανεῖν

209 2316 419 2385 ἐκείνην
470 2316 785 2386 νομίζεσθαι
830 2318 923 2369 καὶ
994 2317 1067 2386 μὴ
1113 2317 1249 2386 ζῆν’
1322 2318 1416 2369 καὶ
1464 2318 1523 2369 τό
1573 2334 1636 2385 γε
1699 2319 1778 2381 εἰς

210 2407 527 2477 προσθήκην
564 2409 654 2460 τοῦ
714 2408 932 2461 τοσοῦδε
985 2409 1178 2474 κακοῦ,
1213 2408 1414 2479 μᾶλλον
1460 2407 1518 2462 δὲ
1563 2408 1778 2463 καὶτοῦ

210 2497 489 2565 λεχθέντος
513 2499 618 2568 ἤδη
640 2499 964 2569 βαρύτερον,
998 2500 1080 2551 ὅτι
1108 2500 1200 2551 τὸν
1224 2500 1361 2562 υἱὸν,
1383 2502 1443 2551 ὃν
1472 2500 1552 2561 εἰς
1578 2490 1781 2567 ἀναψυ-

208 2588 306 2657 χὴν
333 2588 565 2657 ἔμελλεν
597 2590 742 2658 ἔχειν
784 2590 877 2642 καὶ
934 2584 1026 2642 τόῦ
1060 2589 1331 2651 ἐνδέοντος
1373 2589 1777 2657 ἀναπλήρωσιν,

209 2680 366 2741 αὐτὸς
395 2675 551 2742 οὗτος
577 2681 847 2749 δαιμονῶν
885 2681 1116 2751 ὑπῆρχε,
1151 2680 1246 2733 καὶ
1296 2680 1538 2748 συνεχῶς
1567 2681 1646 2743 εἰς
1678 2681 1781 2750 γῆν

213 2772 466 2839 κείμενος
490 2788 549 2823 τε
580 2771 674 2823 καὶ
705 2772 1167 2841 σπαραττόμενος.

280 2864 506 2934 Ταύτην
542 2864 590 2916 οἱ
618 2864 991 2932 προσήκοντες
1048 2864 1189 2917 κατὰ
1232 2863 1389 2932 γένος
1435 2863 1531 2933 τῆς
1569 2880 1781 2933 συμφο-

216 2958 310 3025 ρᾶς
344 2958 697 3026 ἐλεήσαντες,
730 2959 824 3010 καὶ
855 2959 1017 3010 οἱονεὶ
1043 2955 1238 3026 φόρτον
1267 2956 1475 3025 ᾅψυχον
1512 2956 1617 3023 ὄνῳ
1658 2958 1782 3008 ἑπι-

213 3048 538 3111 6ι6ἀσαντες
626 3050 719 3101 καὶ
773 3048 1267 3119 περικρατοῦντες,
1317 3048 1456 3118 πρὸς
1508 3047 1601 3099 τὸν
1662 3049 1782 3101 νέον

1331 372 1505 431 νιΤΑ
1550 370 1610 428 S.
1652 363 1867 425 LUCfE
1909 361 2289 422 JUNIOliIS.

220 494 485 563 κρίναντες
514 492 763 557 ἑαυτοὺς,
801 492 849 541 εἰ
881 489 955 559 μὴ
978 489 1226 559 καθάπερ
1261 490 1485 558 τροφεῖα
1506 486 1600 538 καὶ
1637 483 1773 553 μετὰ

1890 496 1983 532 tun
2021 479 2189 531 bonas
2234 472 2480 528 arbitrati
2526 470 2723 539 proles,

3341 339 3446 401 478

2774 464 2877 518 nisi
2911 475 3166 527 tanquam
3216 459 3445 513 alumni.

1878 582 1997 638 post
2036 578 2265 621 mortem
2314 580 2558 634 quoque,
2607 574 2847 629 eongrua
2898 572 2926 609 τι
2966 565 3136 606 nmrte
3186 552 3447 618 obsequia

1877 668 2136 730 prmstarc
2184 658 2522 716 viderentur,
2574 652 2753 705 statim
2807 649 2871 701 ad
2922 642 3284 701 cxstruendas
3337 642 3447 693 erl—

1879 752 2015 805 lulas
2046 766 2109 804 ac
2144 747 2401 816 templum
2438 744 2769 797 excitantur.
2810 740 2883 791 Ac
2919 738 3156 805 primum
3200 732 3447 801 quidem,

1877 844 2017 897 divae
2064 839 2321 908 martyris
2369 836 2620 887 Barbam:
2671 830 2927 899 templum
2978 828 3158 880 minus
3202 822 3451 876 elabora—

1878 948 2010 1000 ttun,
2048 936 2159 989 cito
2188 941 2599 992 consummant,
2636 934 2889 979 ornatum
2936 920 3256 973 adhibentes
3286 930 3449 983 quam

1876 1030 2025 1083 licuit
2076 1025 2397 1079 maximum.
2443 1020 2580 1073 Tum
2617 1032 2744 1071 vero
2778 1014 3037 1069 aediculas
3096 1019 3179 1065 sat
3229 1010 3451 1067 multas,

1876 1120 2090 1189 aliaque
2127 1133 2191 1171 ac
2236 1115 2341 1168 alia
2381 1112 2553 1169 forma
2598 1109 2891 1168 mitiﬁcant,
2937 1120 3061 1157 cum
3100 1101 3168 1154 ad
3214 1100 3447 1154 fratrum

1875 1224 2223 1267 communem
2272 1221 2455 1269 usum,
2507 1212 2618 1257 tum
2667 1201 2864 1267 quibus
2916 1195 3158 1263 hospites
3202 1192 3449 1258 suscipe-

1876 1311 2016 1359 rent.
2059 1302 2259 1357 Adhaee
2312 1298 2613 1359 cellulam,
2651 1310 2755 1361 qua
2823 1288 3004 1359 magni
3071 1288 3217 1339 illius
3262 1284 3451 1351 sepul-

1878 1411 2031 1450 Crum
2067 1394 2297 1461 positum
2344 1397 2496 1452 erat,
2555 1385 2724 1455 priori
2769 1390 2973 1435 mutata
3026 1378 3225 1448 specie,
3264 1376 3315 1429 in
3366 1391 3455 1429 sa-

1875 1504 2025 1545 crum
2078 1485 2377 1541 oratorium
2430 1483 2483 1533 in
2532 1480 2714 1533 crucis
2762 1474 3051 1528 efformant
3079 1481 3191 1524 tum
3223 1469 3451 1537 figuram

1876 1578 2246 1653 pulcherrime
2296 1580 2647 1634 commutant
2697 1587 2710 1620 :
2768 1582 2876 1635 quo
2931 1568 3088 1618 linem
3144 1562 3451 1629 acciperet,

1874 1674 2076 1725 dictum
2126 1669 2257 1722 illud
2287 1680 2317 1718 a
2362 1664 2521 1717 beato
2570 1661 2707 1721 viro,
2743 1658 2809 1711 de
2844 1657 2961 1709 loco
3005 1653 3228 1722 pariter,
3279 1652 3453 1718 deque

1879 1769 1944 1822 iis
1973 1765 2066 1834 qui
2100 1761 2372 1833 frequenti
2410 1755 2764 1811 multitudine
2796 1768 2861 1803 eo
2889 1744 3215 1804 conventuri
3245 1751 3452 1798 essent.

1952 1856 2209 1920 Quaedam
2276 1852 2479 1906 femina
2546 1848 2799 1902 ntanibus
2855 1841 3057 1910 pariter
3109 1853 3177 1891 ac
3229 1836 3457 1905 pedibus

1884 1950 2176 2004 immobilis
2226 1956 2367 2009 erat,
2414 1954 2472 1996 ut
2519 1942 2677 2010 plane
2728 1937 2960 2005 pendere
3016 1932 3102 1985 illa
3154 1946 3183 1982 a
3249 1928 3457 1993 reliquo

1884 2056 2133 2110 corpore,
2169 2049 2576 2104 accompagem
2617 2030 2891 2099 propriam
2942 2039 3160 2080 servare
3207 2020 3459 2073 videren-

1886 2144 1972 2187 tur
2000 2149 2015 2189 :
2047 2132 2189 2199 quod
2245 2138 2420 2181 tamen
2464 2132 2672 2193 spectat
2717 2120 2782 2174 ad
2834 2118 3127 2177 actionem,
3163 2114 3339 2166 aliena
3370 2116 3458 2163 es-

1886 2234 2027 2281 sent.
2055 2236 2324 2288 suaruque
2348 2216 2602 2284 quodque
2627 2228 2815 2273 eorum
2844 2207 3165 2275 obsequium
3196 2212 3413 2272 negaret
3443 2219 3455 2252 :

1888 2323 1945 2366 ut
1982 2309 2128 2379 quod
2174 2308 2389 2360 illorum
2439 2311 2576 2363 erat,
2621 2316 2728 2354 non
2783 2299 2972 2367 vivens
3010 2304 3316 2363 putaretur,
3364 2291 3457 2343 sed

1889 2376 2125 2456 mortua.
2154 2395 2458 2455 Accedebat
2504 2392 2629 2444 mali
2674 2376 2813 2443 tanti
2843 2384 3087 2447 cumulo,
3118 2383 3245 2450 quin
3283 2390 3337 2435 et
3370 2380 3461 2433 illo

1888 2493 2089 2548 malum
2130 2489 2375 2559 gravius,
2422 2495 2480 2538 ut
2529 2498 2689 2552 quem
2742 2479 2829 2531 illa
2881 2474 3193 2545 indigentia:
3240 2472 3459 2540 supple-

1861 2571 2125 2640 mentum
2173 2596 2237 2636 ac
2289 2578 2638 2633 refectionem
2696 2573 2865 2625 tilium
2922 2570 3173 2622 habitura
3224 2576 3361 2630 erat,
3417 2564 3463 2617 is

1890 2680 2001 2749 ipse
2040 2673 2411 2731 deemoniacus
2440 2678 2607 2730 esset,
2652 2681 2715 2719 ac
2759 2663 3017 2718 continue
3068 2660 3258 2713 allisus
3305 2668 3461 2713 terra:

1888 2773 2310 2838 discerperetur.

1958 2862 2089 2930 Ejus
2127 2856 2456 2935 calamitatis
2513 2851 2745 2914 miserti,
2796 2848 2887 2919 qni
2930 2860 3125 2917 genere
3174 2841 3462 2911 continge-

1889 2955 2039 3016 bant,
2067 2966 2131 3005 ac
2176 2949 2323 3003 velut
2350 2961 2493 3001 onus
2525 2944 2766 3020 inanime
2810 2940 3151 3007 imponentes
3186 2936 3368 2995 asino,
3401 2948 3466 2986 ac

1891 3044 2144 3099 manibus
2192 3048 2469 3100 tenentes,
2524 3034 2592 3088 ad
2641 3019 2843 3086 novum
2898 3029 3047 3084 Siloe
3106 3025 3248 3080 beati
3286 3019 3467 3077 Luca:

215 3139 435 3209 Σιλωὰμ
487 3140 577 3191 τὸν
636 3140 729 3192 τοῦ
769 3140 1037 3210 μακαρίου
1086 3128 1271 3193 Λουκᾶ
1331 3140 1558 3207 φέρουσι
1588 3140 1781 3207 τάφον,

1891 3136 2200 3206 sepulcrum
2236 3131 2536 3190 adducunt,
2572 3132 2835 3195 sequente
2871 3134 3089 3192 quoque
3130 3133 3251 3173 eam
3304 3116 3416 3170 tilio
3447 3132 3462 3169 :

217 3231 583 3298 συνεπομένου
610 3231 811 3299 δηλαδὴ
855 3232 1028 3302 ταύτῃ
1084 3232 1177 3284 καὶ
1209 3230 1300 3283 τοῦ
1332 3229 1451 3282 υίοῦ
1473 3246 1496 3269 ο
1535 3230 1664 3283 ἔνθα
1696 3232 1788 3283 καὶ

217 3320 611 3383 καταλιπόντες
650 3322 872 3387 αὐτοὺς,
939 3321 1266 3390 ἐπανῄεσαν.
1316 3313 1417 3373 Οἷα
1463 3320 1519 3372 δὲ
1574 3321 1644 3373 τὰ
1690 3317 1787 3372 τοῦ

215 3408 345 3460 θεοῦ
376 3410 625 3479 κρίματα
650 3412 661 3463 !
707 3411 837 3463 ’Υπε
849 3411 1019 3479 ρεῖδεν
1048 3410 1215 3481 αὐτὴν
1236 3413 1264 3463 ό
1286 3410 1462 3478 ἅγιος,
1484 3411 1579 3464 καὶ
1599 3409 1787 3480 χρόνον

218 3502 313 3573 ἤδη
350 3503 569 3572 συχνὸν,
606 3502 703 3571 τὴν
757 3503 902 3555 ἴασιν
961 3503 1302 3557 ἀνεϐάλλετο.
1343 3503 1557 3571 ’Δμέλει
1611 3502 1705 3556 καὶ
1755 3505 1788 3570 ἡ

218 3595 352 3664 γυνὴ
382 3594 637 3663 καμοῦσα
679 3593 758 3664 τῷ
809 3595 1007 3665 χρόνῳ,
1058 3594 1154 3646 καὶ⁹
1182 3595 1283 3664 τὴν
1318 3594 1617 3665 θεραπείαν
1648 3596 1790 3648 ἀπαο

219 3686 570 3757 γορεύσασα,
630 3686 994 3757 ὑποστρέφειν
1051 3686 1330 3741 διενοεῖτο.
1396 3685 1538 3738 Ἀλλ’
1594 3684 1645 3739 ὣ
1691 3687 1789 3755 τῆς

220 3780 535 3850 ἀπορρήτου
572 3797 687 3846 σου,
720 3780 945 3850 Χριστὲ,
981 3780 1370 3849 χρηστότητος,
1412 3777 1509 3831 καὶ
1531 3778 1627 3846 τῆς
1661 3778 1790 3847 περὶ

222 3872 389 3942 αὐτὴν
449 3873 693 3943 ἀρρήτου
758 3872 1239 3940 θαυματουργίαςῑ
1291 3871 1489 3939 Ὀλίγῳ
1526 3870 1791 3940 πρότερον

220 3960 311 4028 τῆς
371 3963 469 4014 τοῦ
529 3962 687 4029 ἁγίου
727 3962 899 4033 θήκης
951 3964 1102 4032 πηγῇ
1178 3961 1577 4032 παραπλησίως
1618 3961 1829 4033 μύρον,

222 4053 413 4116 εὑῶδες
446 4054 848 4123 ἁποὸλυσάσης,
882 4054 910 4107 ὃ
946 4055 1213 4120 νεωκόρος
1246 4054 1506 4125 ἐπιμελὲς
1541 4055 1787 4124 θέμενος,

228 4145 313 4198 καὶ
363 4144 527 4199 τοῦτο
586 4145 800 4207 λαϐὼν,
862 4146 942 4207 εἰς
999 4145 1123 4214 μίαν
1183 4162 1242 4196 τε
1288 4144 1395 4199 τῶν
1445 4125 1793 4215 φωταῇωγῶν

224 4238 492 4310 ἐμϐαλὼν,
519 4240 610 4292 τοῦ
638 4238 783 4311 ἱεροῦ
806 4238 1009 4309 ταύτην
1041 4237 1152 4308 ἀπή
1164 4255 1326 4309 ρτησε
1353 4226 1561 4307 scirpea.-

290 4334 479 4401 Τούτῳ
508 4332 597 4385 οῦν
634 4332 1111 4402 προσεδρευούσης
1140 4334 1245 4399 τῆς
1282 4334 1558 4399 γυναικὸς,
1598 4336 1796 4401 μεσού-

229 4443 323 4496 σης
374 4428 610 4497 ἡμέρας,
662 4420 756 4479 xui
780 4426 1003 4495 μηδενὸς
1036 4424 1214 4488 ἄλλου,
1251 4426 1330 4479 ὅτι
1363 4426 1436 4497 μὴ
1480 4427 1573 4480 τοῦ
1606 4429 1794 4491 παιδὸς

1890 3236 2031 3299 ques
2064 3226 2176 3280 illic
2212 3223 2607 3291 relinquentes,
2650 3215 2852 3271 reversi
2892 3222 3042 3270 sunt.
3085 3210 3299 3277 Quanta
3334 3222 3467 3262 vero

1896 3321 1987 3375 Dei
2020 3317 2271 3390 judicia?
2311 3314 2564 3383 Despexit
2600 3327 2720 3365 eam
2754 3318 2995 3373 sanctus,
3028 3314 3190 3375 atque
3234 3304 3300 3356 ad
3349 3303 3469 3356 lon-

1891 3427 2015 3480 gum
2054 3411 2186 3464 satis
2232 3417 2443 3474 tempus
2488 3401 2831 3455 sanationem
2880 3396 3182 3465 differebat.
3224 3392 3469 3463 Denique

1892 3499 2085 3553 mulier
2128 3496 2265 3566 ipsa,
2301 3508 2453 3547 mora
2485 3490 2766 3554 fatiscens,
2800 3504 2863 3541 ac
2905 3501 3001 3556 spe
3036 3481 3342 3540 curationis
3373 3480 3469 3535 ab-

1887 3592 2075 3661 jecta,
2129 3586 2327 3641 reverti
2390 3582 2685 3653 cogitabat.
2743 3579 3075 3639 Enimvero,
3124 3590 3157 3630 ο
3213 3588 3470 3627 arcanam

1855 3674 2064 3746 'tuam,
2112 3679 2357 3743 Christe,
2391 3676 2714 3740 bonitatem,
2748 3687 2813 3727 ac
2863 3670 3112 3725 miraculi
3163 3669 3216 3721 in
3254 3682 3320 3723 ea
3365 3681 3466 3735 pa-

1895 3776 2019 3832 trati
2038 3764 2376 3829 ineffabilem
2412 3766 2826 3841 praestantiam!
2871 3762 3024 3819 llaud
3062 3762 3155 3817 diu
3189 3770 3337 3826 ante,
3370 3758 3473 3813 viri

1894 3870 2068 3925 sancti
2132 3863 2567 3921 luculus'fontis
2620 3857 3163 3916 instar.suaveolens
3220 3844 3471 3923 unguen-

1895 3973 2009 4017 tum
2045 3960 2158 4030 (15)
2192 3958 2516 4015 scaturierat
2558 3972 2573 4009 :
2626 3953 2775 4025 quod
2823 3952 3055 4005 aedituus
3102 3946 3336 4004 sollicite
3371 3946 3476 3998 ha-

1899 4061 2053 4121 bens,
2087 4072 2151 4110 ac
2183 4052 2478 4123 accipiens,
2512 4049 2845 4116 [niueosque
2892 4044 2944 4096 in
2994 4058 3160 4096 unum
3193 4037 3473 4111 quoddam

1894 4148 2270 4211 lucernarium
2334 4140 2667 4207 vasculum,
2732 4152 2892 4193 sacro
2958 4134 3209 4205 sepulcro
3269 4144 3477 4199 appen-

1899 4244 2074 4299 derat.

1970 4334 2105 4387 tlum
2156 4344 2286 4399 ergo
2334 4325 2551 4392 mulier,
2603 4324 2725 4394 ipso
2776 4318 3021 4382 meridie,
3076 4312 3293 4368 nemine
3346 4324 3482 4379 prae-

1906 4438 2151 4494 terquam
2201 4422 2313 4475 ﬁlio
2346 4424 2634 4488 praesente,
2683 4410 2862 4477 eidem
2912 4410 3217 4464 assistcret.
3266 4404 3343 4456 ait
3393 4402 3485 4459 illo

230 4522 362 4591 αὐτῇ
430 4522 842 4591 συμπαρόντος’
899 4520 1081 4590 ἡρέμα
1148 4520 1286 4589 πρὸς
1341 4522 1509 4591 αὐτὴν
1568 4523 1784 4580 ἐκεῖνος.

1905 4520 1969 4573 ad
2014 4532 2132 4569 eam
2169 4512 2440 4567 submissa
2487 4521 2623 4563 voce
2670 4522 2687 4561 :
2734 4504 2803 4557 At
2850 4517 2951 4569 ego
2998 4513 3249 4567 surgens,
3301 4495 3483 4549 bibam

245 4612 379 4664 Ἀλλ’
434 4612 565 4680 ἐγὼ,
626 4614 812 4681 φησὶν,
871 4612 1129 4676 ἀναστὰς,
1165 4611 1227 4663 τὸ
1274 4613 1329 4663 ἐν
1370 4616 1436 4681 τῇ
1479 4614 1799 4681 φωταγωγῷ

234 4706 397 4778 ταύτῃ
432 4706 684 4795 πιοῦμαι.
730 4706 793 4757 'll
824 4705 880 4756 δέ
911 4721 972 4771 γε
1006 4706 1187 4775 μήτηρ
1236 4706 1466 4775 ἀπεῖργε
1489 4704 1582 4757 τοῦ
1619 4706 1799 4775 ἐγχει-

239 4800 495 4868 ρὴματος,
533 4816 550 4847 ι
587 4793 701 4866 Μὴ,
756 4795 966 4859 τέκνον,
1002 4793 1127 4857 ὀξὶς
1172 4795 1198 4845 ὁ
1226 4794 1512 4863 νεωκόρος,
1543 4794 1798 4861 λέγουσα,

240 4894 325 4944 καὶ
377 4894 583 4961 μήποτε
632 4889 726 4940 καὶ
785 4885 1048 4956 μαστίξας
1103 4886 1245 4955 ἡμᾶς
1292 4884 1604 4954 ἀπώσηται.
1654 4904 1673 4936 ι
1704 4887 1802 4947 Οὐ,

240 4988 417 5053 φησιν,
450 4983 586 5037 ἀλλὰ
610 4982 670 5034 τὸ
727 4980 1021 5049 ἐνθύμημα
1051 4980 1273 5049 περανῶ
1301 4994 1315 5008 ·
1348 4980 1441 5031 καὶ
1485 4977 1599 5048 ἅμα
1633 4977 1801 5031 διανί-

245 5095 417 5142 στατο,
473 5078 565 5129 καὶ
614 5078 713 5146 τῆς
744 5071 1082 5141 φωταγωγοῦ
1133 5070 1489 5142 δραξάμενος,
1520 5068 1697 5139 ἐγχέει
1727 5068 1804 5139 τῷ

246 5173 463 5240 στόματι
526 5167 890 5239 παραχρῆμα,
931 5166 1026 5217 καὶ
1074 5165 1133 5216 τὸ
1203 5164 1386 5215 λοιπὸν
1429 5162 1578 5214 οὐδὲν
1617 5163 1803 5231 ἕτερον

246 5264 337 5339 ἦν·
371 5265 485 5319 ἀλλ’
515 5268 543 5317 ὁ
567 5264 695 5324 παῖς
720 5260 878 5320 εὐθὺς
914 5258 1157 5311 ἐκυλίετο
1190 5275 1246 5309 τε
1282 5259 1371 5309 καὶ
1400 5257 1799 5327 ὲππαράσσετο.

1905 4611 2047 4681 quod
2085 4610 2138 4661 in
2180 4608 2284 4659 hoc
2315 4600 2628 4657 lucernario
2666 4594 2900 4650 exsistit.
2936 4591 3104 4645 Mater
3139 4603 3269 4642 vero
3303 4585 3488 4638 deter-

1909 4676 2079 4766 rebat,
2118 4716 2184 4753 ne
2234 4699 2285 4751 id
2334 4698 2422 4750 ille
2472 4700 2765 4747 attentaret
2814 4706 2827 4742 :
2882 4707 2899 4738 ι
2942 4686 3039 4748 Ne,
3077 4683 3349 4751 inquiens,
3392 4676 3489 4741 fili,

1910 4795 2206 4849 iracundus
2257 4800 2341 4844 est
2390 4787 2663 4847 aedituus,
2720 4798 2785 4837 ac
2840 4798 2906 4833 ne
2965 4793 3067 4832 nos
3124 4775 3261 4829 forte
3318 4770 3489 4842 plagis

1917 4889 2190 4958 impositis
2236 4882 2632 4948 amandaverit.
2693 4897 2711 4930 ι
2764 4875 3234 4944 Haudquaquam,
3288 4866 3486 4934 inquit,

1918 4984 2009 5040 sed
2043 4983 2209 5037 animi
2259 4977 2590 5035 desiderium
2640 4973 2909 5043 implebo;
2949 4982 3185 5042 moxque
3234 4977 3489 5030 surgens,

1916 5092 1979 5131 ac
2013 5074 2376 5129 lucernarium
2425 5070 2671 5139 capiens,
2709 5066 2894 5121 statim
2937 5062 3019 5116 uri
3075 5058 3349 5120 infundit;
3393 5070 3492 5108 nec

1916 5168 2181 5221 hactenus
2228 5162 2373 5217 aliud
2423 5161 2724 5231 quidquam
2778 5155 2897 5208 fuit.
2947 5149 3248 5228 Confestim
3310 5158 3488 5201 autem

1913 5261 2077 5329 cmpit
2110 5257 2339 5320 volutari
2380 5270 2511 5325 puer
2550 5268 2613 5306 ac
2661 5246 2915 5316 discerpi.
2956 5245 3125 5300 Mater
3158 5251 3362 5296 autem.
3406 5239 3483 5291 Ac

1490 5422 1587 5480 Fr.
1637 5420 1996 5480 Combelisii
2035 5426 2218 5481 Ποίαν.

319 5584 423 5648 (13)
461 5578 775 5648 Suuvcolens
805 5584 1145 5648 unguentum.
1176 5571 1488 5625 Mu’aenlnm
1525 5571 1645 5641 hoe,
1692 5574 1802 5624 vice

539 5650 627 5701 sit.
689 5647 794 5699 Nec
847 5632 987 5698 enim
1054 5644 1122 5695 ita
1185 5653 1514 5710 unguentum
1582 5632 1802 5693 manare

257 5653 471 5717 plurium

257 5712 395 5785 solet,
430 5722 531 5774 nisi
562 5728 896 5772 monstrante
926 5715 1032 5767 ltro
1062 5756 1072 5773 ,
1116 5732 1234 5766 esse
1287 5712 1548 5781 ejusmodi
1586 5722 1801 5765 sancto-

258 5808 365 5847 tutn
386 5782 392 5785 ’
414 5807 641 5863 corpora
662 5830 676 5855 ,
702 5804 797 5843 ceu
833 5786 1006 5841 fontes
1042 5788 1303 5856 quosdam
1337 5782 1699 5849 curationum,
1725 5784 1800 5837 uti

1915 5576 1964 5624 in
2022 5570 2244 5624 Nitzulzm
2295 5589 2355 5623 ac
2415 5571 2535 5621 aliis
2611 5567 2969 5638 μυροόλύτως
3044 5560 3201 5615 facile
3258 5555 3494 5638 quisque

1911 5646 2282 5710 prrslwu-rit.
2324 5643 2484 5692 lit-ant
2525 5626 2628 5693 alia
2694 5626 2847 5706 plura
2892 5636 3138 5689 subnexa
3199 5626 3488 5691 miracula,

1907 5715 1998 5768 atii
2030 5722 2221 5767 onnttu
2256 5730 2419 5768 causa
2451 5712 2751 5780 brevitatis.
