4010 6466
74 389 164 455 481
1183 396 1275 454 DE
1317 394 1514 455 I’ARA
1526 395 1657 454 D184

1694 422 1713 453 κ.
1756 420 1821 429 --
1862 396 2053 456 PARS
2092 398 2141 458 ι.
3172 397 3277 459 182

74 491 647 575 ιαιὺεεληιειφνειαικς
680 518 757 562 est
791 526 871 563 tur
906 510 1241 563 doctissimus
1265 511 1501 562 Andreus
1534 507 1657 560 Mas

1692 527 1758 571 is,
1792 527 1910 580 qna:
1960 514 2130 562 versio
2172 511 2402 579 prirnum
2449 512 2585 581 typis
2624 510 2990 564 Plantinianis
3029 514 3194 576 edita,
3224 516 3275 567 in

70 594 420 645 Bibliothecam
454 593 675 646 Patrum
706 597 966 649 translata
997 607 1093 651 est.
1137 596 1239 650 Sed
1296 598 1411 665 quis
1458 594 1616 661 fuerit
1655 608 1744 648 aut
1802 595 2015 665 quando
2064 597 2249 648 vixerit
2288 596 2479 659 Moses,
2526 614 2687 667 neque
2710 598 2890 650 docuit
2925 614 3015 651 nos
3051 598 3275 664 Jlasius,

66 696 202 749 neque
275 681 487 732 aliunde
557 692 697 734 certo
775 684 912 735 scire
966 687 1254 753 potuimus.
1336 681 1537 734 Via‘isse
1591 683 1742 733 illum
1791 686 1882 734 diu
1929 692 2047 735 ante
2112 680 2417 749 Dionysium
2486 683 2749 737 Barsalibi
2797 685 3134 751 perspicuum
3198 696 3273 737 est

67 786 159 819 cum
215 769 259 819 is
319 767 373 819 in
432 766 823 821 Commentario
865 787 960 824 suo
1011 772 1079 823 ad
1127 780 1356 839 quatuor
1407 768 1705 838 Evangelia
1775 780 1824 822 et
1899 769 2046 831 alibi,
2095 768 2240 821 illius
2315 769 2615 821 testimonia
2664 770 2955 838 frequenter
3034 772 3275 837 referat:

66 868 104 907 ut
155 857 307 907 etiam
372 854 637 923 juniorem
693 859 853 926 fuisse
883 857 1079 910 Jacobo
1146 856 1426 917 Edesseno,
1483 864 1532 907 et
1569 854 1734 907 altera
1791 854 2070 922 Serugensi
2118 870 2181 908 ex
2244 871 2302 907 eo
2354 856 2629 923 probatur,
2685 859 2817 922 quod
2876 858 3089 909 illorum
3154 874 3276 910 sen-

64 943 227 991 tentias
257 938 450 1005 referat
480 941 663 993 eodem
690 944 740 994 in
782 958 953 1011 Opere.
999 942 1163 995 Valde
1194 952 1368 999 autem
1416 940 1771 995 liallucinatus
1801 954 1877 996 est
1915 942 2137 1005 Masius,
2170 948 2294 995 dum
2322 944 2475 996 illum
2522 959 2626 994 non
2678 942 2828 1011 longe
2863 954 2977 1008 post
3008 945 3271 999 Joannem

63 1027 467 1095 Clirysostomum
505 1029 694 1083 vixisse
714 1031 1060 1091 existimavit,
1097 1045 1216 1082 cum
1243 1027 1491 1093 Severum
1519 1030 1665 1091 citet,
1702 1028 2087 1081 Antiochenum
2134 1028 2336 1080 scilicet
2376 1027 2861 1098 Honophysitarum
2918 1034 3268 1098 principunm.

62 1116 141 1167 Sed
169 1116 381 1182 grauius
413 1114 584 1167 adhuc
604 1118 799 1169 erravit
833 1116 1175 1185 Margarinus
1211 1114 1420 1181 Binius,
1455 1117 1543 1185 qui
1584 1118 1652 1169 ad
1686 1127 1916 1181 tempora
1947 1115 2085 1169 Julii
2121 1108 2182 1168 ll
2220 1127 2268 1168 et
2304 1115 2461 1169 Pauli
2487 1114 2579 1169 Ill
2606 1119 2756 1170 illum
2785 1118 3022 1176 reduxit,
3050 1120 3270 1173 immani

60 1202 466 1267 anachranismo,
502 1220 619 1255 cum
649 1202 821 1258 Moses
849 1205 939 1258 ille
962 1202 1514 1259 altenHeredinensis
1549 1205 1731 1273 fuerit,
1762 1202 2051 1255 Mat-denus
2085 1219 2116 1255 a
2150 1200 2335 1256 Masio
2358 1203 2471 1271 ejus
2509 1204 2563 1255 in
2597 1204 2832 1273 Syriacis
2865 1204 3123 1273 discipulo
3152 1222 3271 1275 per-

56 1305 209 1356 peram
244 1290 565 1355 appellatus.
601 1290 713 1343 Nec
778 1293 996 1345 meliora
1038 1289 1376 1346 Possevinus.
1414 1291 1554 1345 Sane
1598 1307 1715 1345 eum
1772 1287 2201 1357 Monophysitam
2242 1288 2406 1356 fuisse
2453 1300 2683 1352 constat,
2726 1293 2902 1359 quales
2940 1302 3113 1355 erant,
3143 1308 3271 1360 quos

56 1377 244 1427 honoris
267 1368 622 1431 ettestimonii
651 1395 812 1431 causa
838 1380 1089 1446 appellat,
1120 1379 1361 1438 Severus.
1382 1378 1611 1432 Jacobus
1652 1377 1969 1437 Edessenus,
1995 1386 2043 1428 et
2064 1375 2198 1427 alter
2230 1374 2559 1444 Serugensis.
2590 1374 2754 1429 Illum
2775 1380 3069 1444 episcopum
3100 1378 3271 1447 fuisse

55 1464 305 1515 verisimile
335 1472 434 1525 est,
460 1480 523 1516 ea:
552 1464 793 1533 Liturgia
812 1481 928 1533 qua
950 1466 1050 1542 ipsi
1077 1466 1329 1520 tribuitur
1357 1484 1370 1520 :
1403 1483 1567 1535 neque
1586 1465 1721 1518 enim
1751 1463 1815 1513 ab
1847 1462 1967 1513 aliis
1992 1478 2150 1530 quam
2184 1463 2248 1514 ab
2273 1465 2526 1530 episcOpis
2550 1474 2639 1517 aut
2664 1464 2979 1531 patriarchis
3010 1467 3270 1533 composi-

54 1562 119 1599 tas
176 1560 262 1602 aut
298 1552 489 1603 saltem
515 1553 621 1604 illis
650 1555 907 1621 ascriptas
943 1555 1187 1622 liturgias
1216 1552 1338 1624 Syri
1373 1565 1678 1622 agnoscunt,
1706 1560 1761 1601 ut
1789 1564 1850 1601 ex
1876 1548 2104 1602 Eleae/io
2126 1550 2339 1603 illarum
2376 1567 2507 1621 quas
2530 1548 3059 1620 interpﬁ‘etatisumus
3096 1556 3261 1605 mani-

52 1634 219 1697 festum
247 1642 348 1686 est.
379 1633 512 1686 Eum
534 1636 732 1687 decimo
752 1636 943 1690 sreculo
973 1638 1161 1691 vixisse
1190 1637 1370 1691 scribit
1389 1636 1681 1702 Naironus,
1707 1636 1796 1690 sed
1820 1636 2020 1689 nullam
2048 1636 2205 1706 Itujus
2224 1638 2542 1706 conjecture
2571 1656 2677 1693 sua
2702 1638 3059 1708 probationem
3091 1639 3262 1707 o/fert.

925 1906 1358 1985 LECTORI
1444 1908 1901 1986 ANDREAS
1961 1908 2359 1986 MASIUS.

98 2086 249 2141 llosis
280 2087 450 2156 hujus
493 2086 777 2141 historiam
815 2086 974 2156 plane
1004 2098 1090 2138 me
1118 2085 1333 2139 nescire
1362 2084 1555 2149 fateor,
1584 2100 1686 2140 nec
1712 2086 1781 2146 de
1810 2087 1903 2141 illo
1944 2084 2243 2156 quidquam
2298 2083 2571 2152 expiscsri
2622 2086 2865 2155 potuisse
2900 2087 2952 2140 in
3002 2092 3259 2146 ecclesia-

44 2176 183 2238 sticis,
204 2176 592 2238 conciliorum,
620 2175 703 2229 vel
759 2182 1070 2227 sanctorum
1127 2171 1571 2236 narrationibus;
1601 2174 1795 2241 quibus
1826 2190 1890 2227 ex
1921 2173 2181 2236 fontibus,
2222 2172 2385 2243 multa
2417 2172 2765 2242 cbronologis
2820 2184 2875 2228 et
2910 2174 3258 2230 historiarum

46 2264 383 2329 scriptoribus
418 2278 525 2316 non
554 2264 795 2331 vulgaria
838 2262 1057 2315 haurire
1096 2274 1237 2329 saepe
1276 2260 1405 2313 mihi
1434 2260 1709 2315 usuvenit.
1754 2262 1833 2314 Ac
1862 2274 1929 2312 ne
1958 2274 2021 2312 ex
2069 2258 2154 2311 his
2180 2258 2399 2327 quidem
2447 2258 2593 2313 illius
2624 2260 3066 2327 Commentariis,
3107 2266 3259 2331 potui

46 2348 429 2415 deprehendere
465 2351 753 2418 vestigium
786 2349 951 2403 ullum
981 2349 1162 2402 {etatis
1197 2341 1305 2417 qua
1331 2349 1548 2412 vixerit,
1582 2348 1686 2401 nisi
1720 2351 1862 2415 quod
1899 2356 1957 2399 ut
1991 2360 2244 2412 magnum
2273 2345 2631 2399 Athanasium
2662 2356 2711 2400 et
2736 2348 2999 2417 Cyrillum
3024 2350 3260 2403 Alexan-

47 2438 254 2500 drinnm,
297 2436 375 2490 ita
403 2450 458 2491 et
482 2438 545 2491 Ι).
582 2438 1062 2507 Clirysostomum,
1088 2435 1208 2489 sine
1231 2436 1515 2503 splendida
1537 2436 1644 2489 ulla
1677 2434 1904 2487 honoris
1938 2432 2261 2487 Praeiatione
2301 2433 2449 2494 citat,
2488 2434 2842 2503 nominatque
2871 2434 3036 2490 Joan.
3068 2437 3255 2490 Monac

47 2523 229 2586 clmm,l
262 2522 356 2577 lib.
389 2539 439 2577 c.
476 2524 496 2576 1
536 2533 590 2579 et
619 2524 787 2577 c.-10.
817 2521 1101 2576 Dominum
1130 2520 1413 2586 Joannem,
1449 2523 1695 2591 ejusdem
1728 2522 1871 2584 libri,
1907 2537 2009 2590 cap
2038 2520 2091 2583 7,
2124 2530 2178 2574 et
2209 2521 2333 2573 libri
2381 2538 2477 2577 seu
2528 2522 2708 2590 'partis
2759 2521 2844 2587 ιη,
2875 2540 2994 2594 cap.
3044 2526 3099 2589 5,
3132 2527 3255 2595 qui-

50 2613 120 2661 bus
148 2608 280 2663 locis
313 2611 565 2663 meminit
596 2613 717 2680 ejus
753 2612 1064 2664 orationum
1098 2610 1215 2663 sive
1244 2622 1563 2662 sermonum
1595 2610 1658 2663 de
1685 2626 1877 2662 occasu
1908 2610 2110 2674 mundi,
2142 2610 2205 2661 de
2239 2624 2369 2662 novo
2414 2614 2634 2675 mundo,
2654 2620 2764 2664 ‘rur
2794 2613 2954 2665 arbor
2986 2626 3166 2665 rocata
3192 2616 3255 2666 sit

54 2696 243 2748 uientire
263 2696 386 2749 boni
419 2707 468 2749 et
498 2700 647 2762 ntali,
681 2708 735 2752 et
764 2698 833 2751 ad
865 2695 1147 2767 Sitigrium
1177 2712 1269 2750 seu
1296 2693 1590 2765 Stagirium
1624 2715 1644 2753 :
1672 2709 1725 2753 et
1751 2708 1937 2751 centra
1969 2713 2055 2751 eos
2086 2700 2174 2767 qui
2202 2709 2391 2765 putant
2423 2702 2677 2751 mundum
2700 2700 2982 2768 gubernari
3005 2719 3035 2753 a
3062 2703 3255 2754 daemo-

52 2783 231 2845 nibus,l
276 2786 375 2839 lib.
408 2800 531 2854 cap.
560 2786 650 2839 22.
684 2790 760 2840 Ac
808 2788 1033 2856 proinde
1068 2786 1152 2839 bis
1201 2800 1310 2838 non
1348 2785 1519 2840 multo
1557 2788 1822 2855 posterior
1869 2786 2000 2840 mibi
2049 2787 2286 2851 videtur,
2333 2786 2471 2839 forte
2506 2802 2615 2839 non
2648 2802 2895 2855 prorsum
2929 2790 3075 2843 inani
3108 2806 3244 2860 con—

45 2870 215 2936 jectura
246 2889 373 2926 cum
410 2875 612 2943 saepius
634 2875 819 2929 divum
849 2874 1033 2929 Mosen
1067 2875 1236 2941 dicat,
1264 2874 1283 2928 l
1320 2882 1488 2944 part.,
1521 2891 1641 2945 cap.
1665 2874 1754 2930 28.
1784 2875 1894 2929 Ilus
1942 2884 2207 2945 praeterea
2260 2875 2393 2928 citat
2444 2884 2741 2945 scriptores
2769 2878 3176 2933 ecclesiasticos
3199 2890 3253 2934 ct

49 2960 265 3023 prubatos
296 2972 579 3027 auctores,
612 2972 671 3015 ut
706 2964 957 3033 appellat,
984 2962 1226 3032 ejusdem
1256 2972 1421 3032 pait.,
1454 2978 1573 3033 cap.
1610 2963 1700 3017 29..

100 3048 148 3099 b.
187 3048 376 3101 Sevi-ri
412 3060 551 3103 urat.
583 3050 673 3115 22,
708 3052 772 3104 de
796 3049 1141 3119 Epitbronio,
1172 3051 1196 3104 1
1228 3052 1374 3114 libri,
1408 3066 1531 3120 cap,
1564 3051 1593 3101 7
1629 3062 1683 3104 et
1716 3052 1799 3115 il,
1833 3059 1888 3103 et
1937 3050 2168 3103 alteram
2220 3049 2464 3119 ejusdem
2513 3052 2843 3121 argumenti,
2903 3052 2927 3105 1
2959 3051 3111 3121 libr.,
3158 3054 3246 3106 55.

48 3131 260 3201 Ejusdem
289 3138 540 3191 auctaris
562 3146 707 3191 orat.
739 3148 929 3192 contra
968 3136 1393 3203 Felicissimum,
1444 3148 1596 3209 parte
1621 3137 1688 3193 ll.
2430 3192 2433 3193 ν

97 3220 145 3275 D.
178 3223 460 3293 prraim,
492 3226 609 3279 sive
641 3226 872 3295 Ephrem
910 3224 1057 3297 Syri,
1102 3228 1303 3282 librum
1336 3228 1617 3284 Ceneseos
1648 3228 1762 3282 sive
1788 3227 1855 3280 de
1888 3240 2069 3279 rerum
2099 3232 2247 3288 ortu,
2273 3226 2389 3281 sive
2416 3226 2722 3282 Comment.
2753 3227 2804 3281 in
2830 3228 3030 3283 Cenes.
3064 3229 3088 3282 1
3120 3227 3245 3292 lib.,

42 3324 76 3362 c.
108 3309 125 3359 i
157 3320 279 3366 etc.
311 3311 367 3378 9,
405 3328 568 3382 quem
606 3317 801 3382 Opinor
828 3330 951 3368 eum
998 3330 1121 3369 esse
1172 3330 1283 3384 quo
1332 3315 1615 3369 dominum
1680 3313 1911 3384 Ephrem
1960 3311 2198 3379 paradisi
2248 3312 2616 3367 conditionem
2666 3316 2888 3384 exsequi
2926 3315 3024 3380 ait,
3064 3317 3085 3367 1
3126 3316 3246 3379 lib.,

44 3412 134 3464 cap.
169 3398 217 3463 'l,
248 3408 303 3454 et
326 3417 491 3469 quem
528 3402 689 3455 etiam
721 3404 1013 3470 quemdam
1048 3404 1194 3457 illius
1224 3405 1684 3457 commentarium
1734 3402 1991 3470 appellat,
2034 3400 2054 3450 1
2096 3399 2214 3461 lib.,
2245 3416 2294 3454 c.
2326 3401 2415 3455 27.

94 3488 125 3539 Ι)
152 3488 434 3543 .Jacobum
466 3489 834 3556 Orruhaitam,
879 3493 1045 3560 partis
1078 3492 1093 3544 l
1126 3507 1244 3560 cap.
1282 3492 1368 3554 H,
1406 3503 1462 3546 et
1496 3494 1662 3560 partis
1694 3490 1737 3543 ΙΙ
1763 3507 1812 3544 c.
1843 3490 1897 3543 2.

98 3578 150 3640 l),
174 3578 358 3633 Jacobi
396 3578 729 3650 Sarugensis
759 3582 1063 3635 orationem
1096 3583 1163 3635 de
1194 3583 1403 3634 Adamo
1437 3581 1611 3649 ejecto
1642 3593 1672 3633 e
1708 3580 1961 3645 paradiso
1985 3620 1999 3642 ,
2029 3590 2170 3647 part.
2206 3578 2245 3643 Ι,
2277 3594 2398 3647 cap.
2422 3578 2510 3643 20,
2546 3595 2710 3649 quam
2746 3581 2909 3634 etiam
2945 3578 3242 3632 Commen-

46 3668 207 3719 tarium
263 3668 523 3737 appellat,
579 3670 825 3738 ejusdem
882 3670 1053 3739 partis
1095 3685 1144 3723 c.
1180 3668 1272 3725 37.
1310 3669 1563 3737 Ejusdem
1610 3669 1892 3721 orationes
1947 3670 2013 3721 de
2057 3668 2258 3722 Christi
2297 3668 2549 3736 passione
2600 3677 2653 3722 et
2704 3684 2959 3739 ascensu,
2999 3682 3102 3719 non
3169 3667 3241 3721 ita

46 3755 233 3809 multum
263 3768 388 3811 ante
430 3756 610 3820 linem,
641 3758 664 3811 1
692 3760 834 3813 libri.

94 3845 143 3894 D.
175 3843 357 3899 Jacobi
398 3844 751 3901 Botnacensis
777 3849 1084 3901 orationem
1115 3848 1182 3901 de
1212 3848 1420 3900 Adamo
1451 3847 1626 3916 eji-clo
1652 3855 1801 3900 extra
1833 3847 2163 3915 paradisum,
2204 3848 2227 3901 1
2261 3847 2376 3909 lib.,
2418 3862 2467 3901 c.
2502 3846 2592 3902 22.
2652 3906 2653 3909 η

97 3934 147 3982 1).
184 3931 309 3985 Julii
344 3936 797 3988 commentarium
837 3936 889 3989 in
937 3935 1289 4005 Evangelium
1325 3935 1580 3990 Joannis.

100 4019 364 4072 Plnloxeni
420 4019 661 4090 Mabugae
697 4023 937 4092 episc0pi
987 4039 1297 4077 sermonem
1345 4024 1412 4077 de
1460 4021 1919 4091 contemplatione
1958 4022 2171 4077 arboris
2222 4023 2363 4085 vita,
2402 4022 2419 4075 Ι
2474 4024 2645 4094 partis
2709 4040 2758 4077 c.
2804 4022 2855 4088 8,
2894 4022 2980 4087 19,
3010 4022 3100 4086 22,
3130 4035 3236 4078 etc.

46 4102 257 4171 Εμιδύειυ
293 4109 531 4177 capitula
566 4120 751 4163 contia
789 4109 1110 4174 Diodorum,
1145 4121 1297 4180 parte
1328 4111 1417 4165 ιιι.

2734 4288 3226 4323 ——-—-----a

740 4437 1315 4601 MOSIS
1430 4446 2519 4601 BAR-CEPHA

1366 4715 1669 4771 EPISCOPI
1714 4716 1867 4771 SYRI

562 4893 1609 5005 COMMENTARIA
1709 4879 1887 5003 DE
1990 4892 2681 5004 PARADISO

1139 5113 1241 5171 AD
1279 5110 1657 5170 lGNATIUM
1696 5111 2082 5169 FRATREM.

553 5275 852 5337 (interprete
886 5275 1080 5325 Audrea
1111 5278 1274 5324 Musio.
1300 5304 1357 5312 —
1386 5276 1549 5326 Critici
1582 5274 1727 5333 sacri,
1764 5282 1879 5325 tom.
1911 5273 1969 5332 ll,
1998 5290 2045 5336 p.
2070 5274 2158 5324 587
2181 5275 2259 5323 ed.
2293 5276 2686 5339 Amstelodami.)

1266 5515 1977 5606 PROCEMIUM.

112 5700 647 5776 Posteaquam,ssncte
680 5709 1054 5779 fraterlgnati,
1076 5710 1428 5773 absolvimus,
1456 5687 1563 5762 non
1672 5708 1764 5759 diti
1792 5710 1957 5772 orbis,
2002 5710 2227 5762 minime
2261 5711 2556 5778 perfectum
2586 5712 2802 5779 quidem
2846 5712 3019 5775 illum,
3057 5731 3119 5765 ne.
3145 5730 3231 5775 luo

64 5791 149 5847 δὶηρ
176 5814 261 5864 ope
282 5802 477 5865 divina,
511 5803 964 5856 Commentarium
987 5803 1052 5856 de
1083 5818 1174 5856 sex
1201 5802 1394 5853 diebus
1428 5816 1558 5853 eon-
1667 5801 1814 5850 omni
1869 5815 1932 5851 ex
1966 5810 2116 5867 parte.
2177 5802 2505 5862 absolutum,
2562 5804 2905 5856 orationibus
2956 5808 3227 5872 quinque:
