4010 6470
90 354 179 418 435

1191 350 1285 409 DE
1328 350 1726 411 PARADISO.
1769 375 1833 385 -
1874 349 2071 408 PARS
2116 349 2160 407 I.

3202 346 3312 409 486

88 476 136 520 nt
175 478 322 519 sacra
384 463 597 517 Veteris
645 462 978 517 Testamenti
1028 463 1225 529 scripta
1292 476 1459 513 vacua
1525 461 1634 513 sint
1663 478 1703 530 ν
1735 458 1906 512 disus.
1962 460 2138 526 Atque
2196 458 2307 511 lure
2368 442 2631 513 hactenus
2678 473 2708 511 a
2746 460 2903 514 nobis
2951 469 3075 516 sunt
3123 472 3311 515 contra

86 555 308 625 mysticis
332 555 535 617 seusis,
565 554 615 606 id
648 554 791 620 quod
824 551 1016 605 falsum
1050 567 1168 603 esse
1218 562 1396 619 capite
1443 551 1624 613 tertio,

82 648 273 700 volente
306 644 443 707 Deo,
492 644 1068 731 commqustrabimus.
1114 641 1292 697 Tertia
1333 644 1471 695 ratio
1524 650 1626 706 est,

80 740 115 792 si
142 736 422 807 paradisus
469 735 602 789 nihil
641 743 723 790 est
771 736 870 789 nisi
906 751 992 789 res
1024 750 1309 801 corporea,
1341 734 1629 788 coniicitur

78 843 159 885 eos
198 843 478 883 sacrarum
515 844 693 882 rerum
744 827 996 881 doctores
1034 828 1291 881 mentitos
1341 841 1483 888 esse,
1535 829 1625 893 qui

80 920 397 989 Incorporea:
444 920 620 988 ipsum
656 920 817 972 etiam
857 929 1062 971 natura:
1105 932 1225 971 esse
1249 916 1629 985 prodiderunt.

79 1010 355 1066 Conﬁcitur
396 1010 562 1081 Igitur
590 1026 654 1064 ex
687 1010 753 1063 iis
799 1025 919 1078 QIKB
959 1008 1069 1077 jam
1103 1008 1247 1062 dicta
1283 1017 1431 1070 sunt,
1467 1023 1625 1075 para-

80 1104 237 1157 disum
299 1102 445 1155 haud
514 1103 585 1153 ita
632 1112 981 1169 corporatum
1036 1115 1181 1164 esse,
1234 1110 1290 1152 ut
1324 1100 1628 1165 incorporei

81 1190 193 1244 nihil
252 1190 471 1244 habeat.
508 1188 718 1243 Rursus
780 1204 875 1243 eos
928 1183 1125 1257 qni'ad
1170 1192 1365 1241 mentis
1420 1189 1621 1242 intelli-

80 1280 293 1350 gentiam
324 1280 592 1334 duutaxat
617 1279 888 1349 pertinere
918 1280 1069 1333 aiunt
1089 1281 1429 1348 paradisum.
1464 1291 1630 1349 atque

78 1373 279 1429 omnino
311 1374 696 1442 incorporeum
748 1387 891 1434 esse,
944 1386 1036 1427 sex
1074 1373 1196 1427 istis
1251 1387 1630 1443 oppugnamus

79 1465 417 1531 argumentis.
442 1463 646 1525 Primo,
684 1478 908 1532 prorsus
942 1464 1093 1517 nullo
1137 1465 1627 1535 aﬂecissetvolup—

78 1555 186 1608 tatis
204 1570 367 1611 sensu
407 1555 538 1609 Adae
573 1570 794 1623 corpus,
837 1556 927 1611 sed
966 1556 1140 1610 solum
1174 1558 1432 1621 animam,
1463 1567 1629 1625 atque

80 1648 163 1700 hac
190 1649 395 1700 ratione
419 1662 840 1721 nuper'quoque
872 1648 955 1701 usi
1005 1664 1219 1703 sumus.
1262 1648 1461 1703 Deinde
1492 1648 1627 1704 falsa

76 1746 386 1804 essentquzn
417 1736 484 1790 de
541 1737 793 1803 paradiso
842 1747 1061 1791 exstant
1090 1737 1253 1792 MOaiS
1284 1737 1448 1803 dicta,
1502 1754 1617 1793 rem

76 1840 397 1897 corporatam
437 1829 679 1882 notantia
717 1846 731 1881 :
763 1829 1069 1897 cuiusmodi
1102 1841 1248 1896 sunt,
1301 1832 1443 1900 quod
1478 1832 1629 1899 plan-

76 1930 259 1973 tarerat
282 1917 543 1974 Dominus
568 1918 708 1972 Deus
728 1920 1040 1988 paradisum
1067 1921 1118 1973 in
1153 1919 1297 1973 Eden
1329 1922 1399 1974 ab
1428 1921 1622 1987 initio;

76 2011 199 2078 quod
247 2009 432 2077 posuit
491 2009 601 2063 illic
644 2010 910 2063 Adamum
966 2026 1125 2079 quem
1184 1996 1433 2075 tinxerat,
1478 2013 1622 2081 quod

79 2102 364 2171 procreavit
390 2117 419 2155 e
458 2112 603 2155 terra
652 2117 870 2156 omnem
919 2103 1171 2157 arborem
1200 2120 1325 2158 vrso
1356 2105 1624 2174 expetibi-

76 2199 185 2259 lem,
207 2180 371 2263 atque
403 2195 456 2247 in
489 2195 667 2247 cibum
702 2194 972 2255 idoneam,
1006 2205 1057 2247 et
1087 2195 1336 2247 arborem
1384 2195 1625 2247 scientia:

77 2286 181 2337 Ιιοιιὶ
227 2295 279 2339 et
323 2284 496 2349 mali;
556 2286 701 2353 quod
762 2284 1096 2354 sumpserint
1160 2286 1328 2337 Adam
1401 2298 1455 2338 et
1511 2284 1623 2339 Era

79 2375 189 2429 folia
225 2374 482 2440 ficulnea,
533 2373 872 2444 l‘ecerintque
909 2376 1012 2429 sibi
1069 2374 1409 2443 subligacula
1438 2391 1451 2439 ;
1476 2377 1623 2445 quod

76 2484 175 2521 sese
198 2468 529 2521 occultarint
589 2468 730 2521 inter
778 2466 1011 2535 paradisi
1056 2469 1280 2521 arbores
1312 2507 1326 2530 ,
1392 2478 1445 2521 et
1486 2470 1639 2535 'quto‘

76 2569 177 2611 sunt
202 2546 305 2612 alia
336 2559 500 2626 hujus
527 2558 741 2627 generis
769 2574 798 2614 a
831 2559 980 2612 Mose
1012 2560 1221 2627 prodita
1248 2566 1313 2611 de
1345 2559 1621 2627 paradiso.

77 2650 259 2716 Tertio,
296 2652 399 2705 nisi
438 2652 717 2705 habuisset
742 2654 1028 2719 paradisus
1057 2667 1143 2705 res
1166 2652 1327 2704 etiam
1365 2665 1626 2719 corpora-

78 2756 141 2796 l-ls
169 2744 220 2798 in
274 2758 354 2809 se,
413 2742 511 2811 qui
563 2744 871 2811 potuissent
916 2759 979 2797 ex
1030 2744 1148 2811 ipso
1197 2744 1416 2797 attinere
1471 2758 1623 2811 aqnte

78 2832 126 2883 ad
156 2834 453 2906 irrigandas
489 2842 687 2896 terras,
719 2842 773 2886 et
804 2834 886 2887 ad'
928 2850 1063 2887 usus
1105 2834 1377 2887 humanos
1401 2849 1624 2888 accom-

78 2923 259 2976 moda“?
285 2923 517 2989 Quarto,
568 2925 729 2981 exiis
770 2941 892 2993 qua:
942 2924 1119 2979 Moses
1174 2925 1378 2993 Spiritu
1429 2938 1625 2980 sancto

77 3014 267 3067 afflatus
317 3015 517 3083 scripta
559 3016 798 3083 reliquit,
831 3029 1047 3069 certum
1081 3025 1165 3069 est
1194 3017 1463 3071 Adamum
1496 3032 1624 3071 cor-

1736 561 1847 605 tres
1877 550 1996 605 illas
2035 550 2313 604 hominum
2346 550 2412 602 de
2442 550 2696 619 paradiso
2725 553 2971 607 diversas
3000 554 3304 621 epiniOm-s;

1732 652 1913 696 nostra
1945 658 2075 697 vero
2108 642 2377 695 sententia
2430 654 2515 697 est
2578 659 2748 698 unum
2780 659 2903 698 esse
2967 646 3305 714 paradisum,

1732 747 1837 785 non
1865 734 2031 791 duos;
2068 748 2307 802 eumque
2347 749 2514 785 unum
2553 736 2868 802 paradisum
2924 738 3155 805 duplicis
3189 752 3311 797 esse

1729 824 2061 878 conditionis
2097 842 2110 877 :
2140 838 2418 893 corporea:
2480 834 2531 879 et
2581 828 2937 897 incorporeas,
2971 828 3083 881 sive
3113 824 3314 895 et’cjus
3356 862 3359 865 ν

1729 930 1851 983 quae
1912 930 2099 979 sensu,
2132 922 2185 968 et
2228 915 2348 984 ejus
2416 930 2537 983 quae
2577 916 2785 968 ratione
2845 916 3311 985 intelligentiaque

1731 1008 1929 1062 mentis
1968 1007 2309 1075 percipitur;
2370 1021 2494 1075 qua:
2543 1008 2763 1076 quidem
2819 1017 3002 1061 nostra
3044 1009 3309 1062 sententia

1730 1097 1814 1150 his
1836 1099 2166 1166 argumentis
2194 1106 2370 1165 potest
2398 1098 2759 1151 demonstrari
2797 1116 2810 1151 :
2842 1100 3012 1151 Adam
3046 1115 3106 1152 ex
3129 1100 3309 1151 anima

1728 1198 1781 1242 et
1808 1204 2038 1256 corpore
2097 1192 2433 1259 compositus
2484 1199 2623 1251 crat,
2676 1205 2805 1259 ergo
2861 1184 2913 1243 et
2976 1192 3308 1259 paradisum,

1730 1280 1827 1347 qui
1900 1293 2001 1346 pro
2061 1278 2153 1333 illo
2206 1280 2529 1334 oblectando
2582 1283 2835 1336 conditus
2890 1281 3089 1347 intrat,
3128 1282 3310 1351 dupli.-

1727 1370 1803 1422 cis
1832 1370 1957 1421 it'tn
2002 1370 2334 1423 conditionis
2378 1387 2500 1425 ease
2548 1374 2851 1439 oportebat,
2926 1380 2983 1425 ut
3031 1388 3137 1441 qua
3164 1384 3311 1427 θεεινι

1727 1473 2045 1527 corporeus.
2072 1476 2273 1529 corpus
2308 1480 2321 1515 :
2356 1478 2462 1533 qua
2498 1478 2623 1515 vero
2648 1464 3025 1530 incorporeus,
3062 1464 3306 1519 animum

1728 1549 1857 1603 Adae
1882 1560 2170 1605 recrearet.
2212 1551 2413 1606 Deinde
2444 1554 2660 1606 beatum
2721 1546 2953 1623 Ephrem
2992 1556 3192 1624 duplici
3229 1558 3310 1609 in-

1730 1644 2116 1711 terpretatione
2167 1645 2423 1712 expOsuit
2486 1644 2685 1699 librum
2764 1644 2929 1701 Musis
2995 1649 3307 1717 prophetae;

1730 1747 1963 1800 quarum
2008 1735 2174 1788 altera
2240 1736 2468 1805 mystica
2524 1746 2629 1799 est,
2670 1746 2833 1806 atque
2896 1752 3093 1792 arcana
3165 1741 3310 1793 eruit

1734 1839 1931 1886 sensa;
1960 1826 2127 1878 altera
2171 1841 2258 1879 res
2307 1827 2453 1895 ipsas
2478 1835 2770 1895 pertractat
2798 1843 2827 1881 a
2881 1826 3027 1883 Mose
3060 1830 3308 1899 descrip-
3339 1864 3344 1869 ~

1732 1922 1836 1969 tas.
1884 1915 1986 1969 Sed
2023 1925 2075 1968 et
2100 1916 2258 1970 dtvus
2296 1916 2555 1987 Cyrillns,
2607 1920 2806 1987 legales
2844 1922 3008 1973 etiam
3037 1906 3310 1973 ἐπιθειιο-

1728 2010 1865 2065 nias.
1888 2006 1986 2060 etsi
2008 2022 2064 2060 re
2084 2007 2199 2076 ipsa
2218 2008 2651 2073 celebrabantur;
2676 2011 2963 2080 mysticum
2985 2019 3161 2065 tamen
3178 2013 3309 2081 quid

1725 2108 1891 2167 atque
1942 2114 2203 2153 arcanum
2262 2101 2601 2155 continuisse
2638 2110 2867 2156 testatus
2895 2112 3001 2158 est.
3040 2104 3305 2159 Praeterea

1727 2190 2019 2244 venerandi
2047 2206 2333 2245 sacrarum
2368 2206 2547 2245 rerum
2578 2194 2829 2247 doctores
2861 2194 3055 2262 partim
3084 2196 3151 2249 de
3178 2211 3303 2249 cor-

1726 2298 1914 2349 poreo.
1942 2283 2029 2337 alii
2060 2284 2127 2337 de
2158 2284 2478 2353 incorporeo
2513 2286 2764 2352 paradiso
2796 2296 2926 2338 sunt
2962 2287 3127 2341 locuti
3158 2303 3173 2351 ;
3202 2303 3305 2341 nec

1726 2388 1855 2425 sane
1879 2374 1973 2427 abs
2005 2389 2063 2425 re
2102 2374 2369 2439 alterutri,
2394 2390 2519 2432 cum
2546 2376 2633 2429 ille
2662 2378 2947 2444 utriusque
2986 2378 3150 2432 fuerit
3174 2394 3304 2432 con-

1724 2464 1969 2517 ditionis.
2007 2462 2230 2533 Mysticc
2262 2466 2407 2519 enim
2458 2466 2525 2519 de
2560 2467 2816 2535 paradiso
2847 2469 2957 2536 agit
3008 2469 3305 2536 Gregorius

1725 2553 2035 2623 Theologus
2069 2557 2119 2610 in
2149 2572 2211 2609 ea
2233 2558 2479 2611 oratione
2503 2574 2668 2627 quam
2704 2560 2772 2614 de
2792 2559 3001 2615 'Christi
3023 2560 3307 2616 Natahhns

1725 2650 2080 2715 composuit,
2140 2647 2230 2700 ubi
2286 2648 2549 2701 Adamutn
2601 2651 2676 2703 ait
2733 2652 2984 2705 colonum
3030 2653 3201 2708 fuisse
3250 2656 3305 2707 in

1728 2737 1999 2807 paradiso,
2033 2739 2342 2805 plantarum
2366 2740 2756 2794 immortalium
2788 2779 2803 2811 ,
2839 2758 3032 2812 nempe
3058 2745 3304 2814 ipsarum

1726 2828 2035 2884 divinarum
2071 2832 2355 2884 uotionum
2382 2842 2437 2891 et
2486 2833 2883 2902 simpliciorum
2940 2847 2994 2891 et
3033 2837 3305 2907 perfecto-

1726 2936 1893 2985 rum;
1929 2920 2054 2974 item
2093 2923 2369 2987 arborem,
2419 2922 2592 2978 fuisse
2642 2924 3049 2980 meditationem
3107 2930 3305 2997 animi,

1726 3022 1986 3082 quantum
2022 3014 2135 3083 ipse
2164 3024 2310 3068 certe
2335 3016 2647 3072 meditetur.
2676 3016 2903 3087 Mystice
2937 3019 3064 3071 item
3092 3019 3303 3092 Grego-

78 3122 155 3173 pus
181 3107 435 3161 habuisse
468 3122 532 3159 ex
564 3108 677 3159 luto
711 3119 1075 3177 compactum,
1109 3108 1271 3176 idque
1296 3109 1621 3163 collocatum
1653 3122 1697 3183 ρ
1731 3106 1842 3160 rius
1870 3106 2147 3176 Nyssenus
2184 3110 2234 3161 in
2262 3109 2673 3165 Commentario
2706 3111 2774 3165 de
2812 3113 3050 3176 homine,
3082 3128 3201 3182 cap.
3236 3111 3307 3170 “20

77 3195 217 3248 tuisse
241 3210 271 3249 a
326 3195 436 3251 Deo
464 3196 517 3250 in
570 3198 859 3266 paradiso;
908 3186 1023 3251 erat
1052 3212 1182 3267 ergo
1221 3207 1275 3253 et
1310 3198 1465 3253 locus
1526 3197 1618 3251 ille

79 3288 119 3337 in
148 3302 249 3356 quo
280 3288 334 3342 id
387 3304 587 3358 corpus
650 3290 964 3354 insistebat,
1026 3304 1347 3359 corporeus.
1403 3291 1624 3358 Quinto,

79 3388 332 3432 necessum
373 3391 456 3434 est
509 3391 881 3449 corporatum,
913 3396 1036 3435 esse
1103 3383 1439 3451 paradisum,
1480 3386 1624 3452 quod

80 3470 233 3524 Enoch
264 3479 317 3523 et
346 3470 497 3526 Etias
561 3470 616 3524 in
675 3486 741 3525 eo
802 3482 1058 3538 tnanent,
1113 3481 1173 3526 ut
1230 3474 1467 3528 aftirmat
1523 3477 1622 3528 do-

84 3560 237 3614 minus
293 3560 531 3630 Ephrem
595 3561 648 3615 in
705 3578 771 3615 eo
829 3578 1032 3632 opere,
1066 3565 1211 3633 quod
1268 3566 1460 3618 librum
1513 3566 1621 3619 Ge-

77 3664 261 3712 ncseos,
316 3651 419 3706 hoc
481 3660 585 3712 est,
650 3652 718 3706 de
773 3667 955 3708 rerum
1034 3665 1155 3708 ortu
1208 3656 1620 3721 interpretatur,

78 3750 117 3792 ct
141 3740 186 3792 in
229 3740 294 3794 iis
343 3743 885 3796 etiam’sermonilms
930 3758 1066 3813 quos
1094 3746 1158 3798 de
1192 3746 1447 3814 paradiso
1485 3762 1622 3798 eon-

76 3829 291 3898 scripsit.
352 3830 428 3884 llli
468 3832 615 3885 enim
667 3832 793 3895 viri,
843 3847 967 3887 cum
1033 3842 1308 3903 corporali
1358 3837 1468 3890 sint
1527 3839 1622 3905 (ut

78 3921 148 3988 qui
198 3920 321 3975 vita‘;
368 3922 533 3993 hujus
589 3924 822 3979 vinculis
883 3926 1061 3980 adhuc
1126 3937 1255 3981 sunt
1309 3928 1618 3996 colligati),

78 4022 469 4068 consentaneum
505 4021 588 4068 est
616 4022 675 4066 ut
711 4014 765 4068 in
810 4016 1189 4085 corporalibus
1222 4032 1438 4086 quoque
1489 4019 1619 4071 locis

78 4110 320 4159 maneant.
348 4101 517 4157 Sexto
574 4103 829 4172 denique.
856 4116 1032 4161 exstat
1060 4108 1343 4163 doctorum
1374 4109 1616 4163 virorum

79 4192 383 4257 auctoritas,
444 4194 547 4248 [ide
606 4196 1077 4265 dignissimorum,
1118 4216 1223 4267 qua
1270 4209 1614 4268 corporatqu

80 4295 177 4334 csse
201 4286 506 4351 paradisum
538 4285 855 4341 aﬂirmatur.
901 4288 1067 4343 Recte
1102 4291 1267 4361 igitur
1308 4293 1617 4364 colligimus

81 4366 245 4425 falsum
309 4388 427 4429 esse
478 4376 634 4441 illud,
703 4377 1016 4446 paradisum
1079 4382 1179 4434 sub
1240 4384 1411 4437 solam
1465 4401 1615 4438 tuen-

1727 3205 1781 3251 et
1811 3197 1900 3272 2i.
1932 3199 2195 3253 Similiter
2216 3198 2553 3257 Philoxenus
2587 3201 2934 3272 Mabtlgensis
2959 3207 3011 3258 in
3048 3220 3302 3262 sermone

1727 3288 1793 3341 de
1824 3270 2176 3345 meditatione
2212 3303 2334 3361 qua
2368 3294 2513 3349 circa
2542 3294 2794 3350 arborem
2838 3296 2961 3352 vita:
3002 3307 3254 3353 versatur
3284 3316 3302 3362 ;

1726 3381 1802 3432 ait
1827 3381 1993 3457 enim
2026 3399 2086 3436 ar
2106 3399 2247 3437 cana
2284 3399 2449 3441 censa
2484 3386 2803 3454 mentisque
2829 3388 3212 3445 meditationes
3236 3392 3305 3443 de

1726 3474 1975 3539 paradiso
2012 3475 2215 3529 haberi.
2257 3476 2498 3544 Denique
2532 3477 2794 3534 Dominus
2853 3477 3092 3535 Jocohus
3137 3481 3305 3535 Orro-

1724 3561 1869 3615 haita
1931 3579 1997 3617 eo
2040 3581 2293 3619 sermone
2350 3584 2511 3635 quem
2547 3570 2613 3621 de
2660 3568 2957 3642 ThcoIOgia
3006 3573 3201 3636 edidit.
3228 3576 3303 3628 ait

1724 3651 1910 3705 Mosen
1951 3652 2177 3722 ﬁgurate
2215 3656 2453 3732 locutum
2488 3672 2607 3711 esse
2655 3658 2721 3713 de
2774 3662 3051 3727 paradiso.
3091 3658 3303 3718 Rursus

1725 3744 1789 3795 de
1819 3757 2082 3811 corporeo
2109 3745 2364 3812 paradiso
2408 3748 2630 3816 scripsit
2678 3749 2933 3805 dominus
2980 3749 3215 3810 Jeauues
3247 3771 3301 3807 tu

1723 3836 1969 3890 Oratione
2012 3837 2096 3889 cui
2136 3837 2352 3889 tituluut
2380 3837 2505 3891 fecit
2536 3858 2551 3889 :
2582 3838 2695 3893 Cur
2716 3840 2877 3893 arbor
2906 3842 3002 3895 illa
3027 3845 3300 3912 appellata

1722 3926 1789 3978 sit
1822 3926 1981 3978 arbor
2002 3928 2235 3983 scientia:
2257 3928 2377 3982 boui
2404 3940 2451 3982 et
2473 3930 2619 3996 mali,
2645 3942 2694 3985 at
2730 3933 2857 4001 quid
2882 3933 2983 3985 sibi
3014 3937 3133 3989 velit
3166 3936 3299 3991 illud

1721 4012 1913 4066 Christi
1938 4031 1956 4067 :
2002 4032 2019 4064 ι
2051 4002 2230 4071 Hodie
2267 4032 2482 4071 mecum
2509 4020 2624 4075 eris
2658 4020 2714 4076 in
2752 4022 3032 4091 paradiso,
3060 4042 3079 4077 ι
3115 4026 3300 4082 multis

1721 4106 1866 4160 enim
1902 4107 2030 4161 illud
2056 4109 2254 4162 astruit
2289 4113 2629 4179 argumentis
2664 4108 2990 4183 corporeum
3016 4116 3296 4171 exstitisse

1720 4198 2030 4265 paradisum
2083 4216 2099 4255 :
2156 4199 2298 4253 inter
2338 4202 2443 4255 alia
2500 4203 2799 4272 inquiens,
2866 4206 3060 4265 Adami
3121 4208 3299 4264 oculis

1720 4299 2027 4358 aspectum,
2060 4290 2284 4344 auribus
2308 4293 2578 4359 auditum,
2617 4297 2804 4349 animo
2835 4296 3072 4366 denique
3105 4301 3298 4353 obser-

1723 4391 1907 4434 vatum
1947 4397 2067 4436 esse
2098 4386 2432 4452 paradisum,
2457 4394 2510 4439 et
2542 4384 2851 4453 huiusmodi
2884 4388 3011 4443 alia.
3034 4387 3299 4446 Similiter

81 4462 132 4512 tis
180 4462 575 4536 intelligentiam
635 4470 853 4535 cadere,
906 4481 1069 4539 atque
1119 4474 1276 4542 plane
1310 4491 1374 4528 ex
1422 4492 1609 4530 earum
1643 4455 1693 4513 D
1719 4475 1973 4529 dominus
2016 4474 2249 4531 Severus
2280 4481 2525 4533 oratione
2554 4478 2646 4546 22,
2670 4481 2735 4535 dc
2773 4482 3093 4550 Epithrouio
3119 4526 3134 4548 ,
3159 4500 3298 4541 cou-

82 4567 233 4608 rcrum
264 4571 381 4612 esse
412 4575 638 4613 numero
668 4576 789 4629 qua:
821 4562 1156 4631 incorporea:
1186 4577 1333 4620 sunt.
1366 4564 1615 4639 Denique

82 4644 131 4696 iis
157 4648 393 4715 quiduos
426 4660 653 4704 censent
705 4667 827 4706 esse
864 4656 1161 4722 paradisos,
1223 4657 1448 4711 alterum
1492 4676 1614 4713 cor-

84 4746 321 4802 poratum,
356 4742 739 4812 incorporeum
775 4746 1028 4811 alterum,
1083 4750 1371 4819 objicimus
1431 4752 1613 4806 Mosen

84 4826 157 4891 qui
179 4842 276 4880 non
305 4830 353 4882 in
386 4832 599 4885 duobus
623 4835 905 4900 paradisis,
931 4836 1022 4888 sed
1051 4837 1106 4889 in
1141 4854 1246 4891 uno
1286 4840 1608 4895 collocatum

87 4916 351 4986 Adamum;
382 4938 557 4992 neque
584 4940 773 4979 rursus
798 4941 827 4979 e
858 4927 1091 4993 duobus,
1112 4933 1201 4983 sed
1237 4932 1288 4983 ιιι
1338 4948 1443 4985 uno
1466 4933 1611 5002 ejec-

88 5016 175 5061 ῑυηι
205 5027 232 5069 a
268 5014 365 5070 Deo
389 5018 628 5086 scripsit.
665 5020 741 5072 Ad
776 5006 896 5081 ltoc,
940 5022 1201 5078 Dominus
1246 5036 1426 5080 uoster
1450 5026 1607 5079 Chri-

89 5107 178 5154 stus
206 5119 299 5158 non
326 5108 459 5162 duos
492 5111 795 5178 paradisos,
826 5110 920 5166 sed
976 5116 1198 5171 unicum
1254 5119 1607 5187 promittebat

90 5190 247 5247 latroni
283 5198 524 5268 inquiens
555 5222 568 5257 :
609 5201 779 5256 Hodie
805 5221 1002 5257 mecum
1035 5208 1136 5260 eris
1166 5210 1218 5261 in
1278 5212 1529 5275 paradiso
1564 5213 1604 5265 ³.

93 5278 239 5351 Neque
274 5302 830 5348 saneconsentaueum
864 5306 966 5362 est,
990 5307 1048 5352 ut
1076 5300 1402 5368 ejuscctnodi
1429 5304 1609 5366 dictis,

95 5376 366 5449 scriptisque
395 5388 631 5439 oraculis
658 5389 813 5441 tidem
848 5390 1170 5461 abrogemus
1197 5409 1210 5453 ;
1244 5394 1307 5447 iis
1336 5410 1459 5447 vero
1490 5413 1610 5464 qua:

99 5472 388 5533 neque'dirta
434 5493 610 5547 neque
644 5480 843 5547 scripta
875 5492 1093 5536 exsmnt
1119 5489 1168 5537 in
1206 5488 1377 5541 sacris
1408 5486 1606 5551 Libris,

99 5558 414 5622 a-lhibeamus.
446 5570 563 5625 Non
606 5572 768 5641 igitur
811 5574 939 5638 duo,
989 5576 1079 5628 sed
1116 5578 1309 5633 unicus
1331 5590 1411 5632 est
1449 5596 1606 5648 para-

154 5714 167 5742 ³
200 5718 312 5776 Luc.
348 5741 451 5781 uti
483 5730 571 5782 45.
650 5732 670 5762 ⁸
702 5732 833 5785 (lett.
870 5749 925 5797 ιι,
966 5735 1043 5795 lti,
1082 5738 1163 5790 ίῖ.

1722 4568 1829 4623 [icit
1859 4584 2179 4639 corporeum
2224 4570 2395 4626 fuisse
2432 4574 2767 4641 paradisum,
2816 4576 2945 4629 dum
2979 4576 3143 4631 etiam
3178 4579 3297 4647 ipse

1718 4659 1950 4714 aﬂirmat
1985 4662 2253 4715 Adantum
2290 4664 2462 4719 oculis
2514 4665 2663 4719 illum
2718 4668 2974 4721 intuitutn
3015 4683 3156 4732 esse,
3196 4684 3293 4722 au-

1718 4754 1977 4821 ribusque
2017 4754 2311 4809 audivisse.
2346 4756 2479 4810 Nam
2504 4758 2733 4822 audivit,
2756 4760 2958 4829 inquit,
2987 4761 3076 4815 illa
3110 4760 3201 4813 Dei
3223 4760 3293 4815 ad

1717 4861 1776 4898 se
1805 4846 1965 4897 verba
2000 4862 2013 4896 :
2055 4846 2130 4899 Ue
2180 4849 2323 4901 omni
2355 4850 2543 4903 arbore
2570 4867 2687 4920 qua:
2733 4852 2787 4904 in
2814 4854 3068 4919 paradiso
3095 4864 3289 4921 exstat,

1715 4939 1951 5001 vesceris,
1994 4950 2188 5005 pra’ter
2222 4941 2806 5014 arborenrcoguitionis
2839 4946 2961 4998 boni
2983 4958 3030 4999 et
3066 4949 3193 4999 mali
3225 4949 3244 4977 ⁸
3272 4966 3288 5003 :

1714 5041 1767 5082 et
1786 5029 1981 5084 intueri
1999 5033 2159 5101 igitur
2176 5032 2316 5089 hanc
2340 5037 2534 5104 potuit,
2561 5039 2700 5092 vesci
2726 5052 2854 5093 vero
2876 5039 3287 5107 prohibebatur.

1715 5120 2013 5201 Gregorius
2042 5140 2230 5179 rursus
2248 5126 2577 5199 Theologus,
2608 5130 2661 5181 in
2689 5131 2939 5185 oratione
2980 5132 3047 5188 de
3072 5134 3288 5201 patieno

1717 5213 1881 5278 tia,ad
1916 5216 2060 5269 hunc
2082 5220 2298 5271 modum
2327 5220 2394 5272 de
2427 5220 2681 5287 paradiso
2709 5237 2973 5291 corporeo
2998 5223 3236 5291 loquitur
3271 5239 3288 5276 :

1728 5323 1745 5355 ι
1780 5308 2007 5374 Lignum
2031 5310 2291 5363 adversus
2315 5310 2515 5379 lignum
2540 5314 2777 5381 ;.crucis,
2798 5316 3056 5369 adversus
3082 5316 3288 5385 lignum

1713 5398 1955 5452 scientiae
1988 5402 2115 5453 boni
2141 5412 2194 5455 et
2217 5402 2366 5456 mali.
2399 5422 2418 5455 ι
2453 5404 2548 5458 Est
2574 5407 2735 5474 igitur
2767 5390 3198 5462 consentaneum
3230 5418 3289 5462 ut

1714 5506 2003 5562 utrumque
2024 5504 2117 5547 aut
2140 5506 2483 5564 corporatum
2514 5500 2715 5568 lignum
2752 5498 2933 5565 fuerit,
2958 5508 3052 5554 aut
3076 5509 3288 5555 utrum-

1713 5601 1819 5653 que
1886 5589 2135 5656 corporis
2191 5604 2427 5658 expers,
2493 5603 2652 5659 atque
2709 5592 2813 5646 sub
2867 5594 3283 5665 intelligentiam
