4176 6448
729 362 828 427 (ΒἹ

1998 387 2227 448 MOSIS
2269 388 2415 447 BAR
2431 389 2707 451 ὈΕΡΠΑ

3863 415 3965 480 488
3989 458 3994 466 -

727 477 898 530 solam
945 479 1186 550 cadens;
1233 499 1399 554 quam
1451 482 1571 559 pari
1623 493 1785 546 modo
1822 495 1953 560 ligni
2002 497 2298 563 vocabulo,
2330 511 2374 567 Α
2405 513 2528 553 sum
2562 502 2655 571 qui
2692 502 2744 556 in
2789 503 2904 558 sola
2931 515 3112 562 mente
3137 519 3407 575 versetur,
3439 511 3542 568 hoc
3582 525 3684 584 est,
3714 517 3965 593 incorpo.

727 567 880 593 σιηιιίιη
918 569 982 593 ΑΙ.
1015 571 1102 593 :Il-
1170 575 1458 593 _--L:9_!Ad-
1611 580 1643 593 η
1701 582 1714 593 ι
1810 583 1822 593 ι
1849 583 1880 593 η
1923 584 1933 593 .
2072 583 2091 593 -

723 567 882 621 ambo
916 569 1107 624 abillo
1167 575 1552 643 subjiciautur.
1611 580 1715 634 Sed
1773 583 1996 651 objiciat
2067 583 2299 639 fortasse

723 657 924 726 aliquis
956 660 1101 715 hunc
1130 664 1306 733 ipsum
1338 664 1661 737 Gregorium
1688 711 1703 735 ,
1732 672 1823 739 qui
1861 673 1912 725 in
1940 674 2188 728 oratione
2230 676 2299 728 de

721 749 925 804 Christi
970 750 1145 806 Natali
1196 771 1317 809 eam
1367 761 1614 814 arborem
1664 763 1994 831 c0gnitionis
2051 766 2180 819 boni
2241 776 2296 823 et

725 841 852 894 mali
878 841 1100 912 mystice
1136 845 1548 918 interpretatur,
1596 855 2116 925 meditationernque
2171 873 2296 914 esse

720 931 869 984 dicit.
927 933 1089 1002 Atqui
1142 935 1235 990 ille
1298 939 1530 1004 duplicis
1601 943 1929 999 conditionis
1977 947 2291 1012 paradisum

719 1038 842 1079 esse
899 1042 1009 1080 non
1073 1031 1388 1098 ignoravit;
1451 1043 1504 1086 et
1543 1037 1772 1102 proinde
1832 1038 2081 1093 arborem
2142 1042 2289 1096 illam

716 1116 986 1172 interdum
1014 1137 1112 1189 pro
1139 1125 1339 1190 reipsa,
1359 1124 1630 1179 interdum
1661 1129 1890 1198 mystico
1920 1145 2082 1185 sensu
2118 1131 2289 1188 inter-

716 1218 963 1273 pretatus
992 1220 1097 1276 est,
1152 1215 1298 1280 quod
1335 1216 1636 1283 presertim
1668 1218 1721 1270 in
1761 1233 1826 1273 eo
1867 1236 2122 1277 sermone
2180 1240 2289 1292 quo

718 1298 931 1355 Natales
963 1301 1166 1356 Christi
1205 1305 1537 1369 celebrabat.
1565 1309 1670 1363 sibi
1701 1311 1926 1379 putabat
1949 1312 2286 1369 faciendum.

713 1384 847 1438 Nam
886 1403 1013 1440 cum
1045 1404 1170 1443 eum
1213 1392 1316 1445 sibi
1357 1393 1467 1447 illic
1516 1410 1744 1465 scopum
1793 1402 2192 1468 proposuisset,
2229 1413 2287 1455 ut

711 1477 967 1543 populum
1030 1478 1273 1545 doceret,
1325 1497 1431 1536 non
1485 1498 1774 1553 corporum
1830 1490 1921 1543 sed
1973 1493 2282 1546 animorum

715 1566 993 1620 rationem
1035 1567 1088 1620 in
1128 1573 1300 1624 sacris
1336 1575 1695 1628 concionibus‘
1737 1586 1901 1644 atque
1937 1581 2151 1650 pompis
2187 1583 2283 1635 ha-

707 1657 938 1711 bendam
1001 1673 1145 1725 esse,
1213 1676 1311 1718 nec
1368 1665 1552 1720 valvas
1607 1669 1770 1722 sertis
1811 1670 2135 1738 cingendas,
2169 1675 2288 1743 pla-

718 1757 945 1817 teasque
974 1751 1342 1824 exornandas,
1375 1764 1426 1807 et
1457 1770 1580 1823 qua
1611 1767 1868 1826 praeterea
1902 1760 2015 1814 illic
2042 1775 2285 1817 comme-

707 1847 908 1901 morat,
979 1850 1296 1911 cwteraqne
1360 1846 1591 1916 mystice
1635 1858 1783 1902 esset
1853 1850 2274 1920 interpretatus,
2313 1870 2353 1924 Β

704 1928 820 1995 ipsa
841 1931 1107 1985 orationis
1131 1934 1275 1988 serie
1307 1935 1562 1992 inductus
1594 1949 1677 1994 est
1709 1951 1762 1994 ut
1787 1942 2038 1997 arborem
2061 1961 2278 2015 quoque

710 2021 858 2074 illam
921 2022 1150 2090 tigurate
1203 2029 1694 2096 contemplandam‘
1732 2044 2048 2101 exponeret.
2103 2036 2179 2090 lta
2225 2047 2278 2092 et

701 2112 962 2168 dominus
1018 2113 1250 2182 Ephrem
1280 2117 1334 2170 in
1364 2133 1463 2172 suo
1493 2120 1904 2177 Commentario
1932 2141 2042 2194 quo
2075 2127 2271 2182 librum

675 2203 980 2266 Ceneseos
1009 2206 1077 2260 de
1122 2210 1287 2262 rebus
1329 2210 1464 2280 ipsis
1512 2212 1922 2283 interpretatur,
1958 2219 2272 2286 paradisum

702 2300 867 2351 etiam
905 2314 963 2350 re
999 2303 1112 2369 ipsa
1142 2303 1422 2358 exstitisse
1444 2305 1694 2361 atlirmat.
1723 2308 1866 2372 Quin
1893 2320 1946 2364 ct
1975 2313 2134 2366 divus
2165 2316 2268 2384 Cy-

701 2389 856 2441 rillus
879 2390 932 2441 iu
970 2406 1038 2444 eo
1073 2390 1479 2449 Commentario
1511 2400 1653 2464 quod
1697 2401 1753 2452 in
1781 2400 1974 2455 Isaiam
2021 2407 2265 2473 prophe-

702 2489 811 2532 tam
851 2481 1117 2544 condidit,
1149 2493 1334 2543 censet
1363 2485 1658 2551 Adamum,
1685 2500 1971 2559 postquam
2015 2497 2270 2562 paradiso

700 2578 845 2622 esset
884 2586 1160 2640 egressus,
1218 2577 1272 2627 in
1317 2572 1505 2629 Judaea
1545 2578 1782 2645 primum
1818 2573 2118 2640 habitasse.
2162 2588 2268 2642 Sed

697 2662 843 2714 dices
915 2664 981 2715 de
1008 2665 1238 2730 mystico
1269 2668 1413 2726 exitu
1455 2668 1583 2722 Adae
1606 2669 1868 2740 Cyrillum
1917 2676 2027 2728 illic
2059 2679 2205 2748 loqui
2247 2697 2261 2733 :

694 2752 843 2820 atqui
880 2766 1003 2820 qu:e
1025 2754 1272 2822 subjicit,
1304 2757 1406 2811 hoc
1439 2774 1544 2812 non
1571 2763 1930 2829 permittunt:
1973 2770 2049 2822 ait
2099 2773 2264 2837 enim,

693 2850 982 2910 postquam
1017 2844 1166 2897 varia
1195 2847 1526 2912 pervasisset
1553 2840 1690 2915 loca,
1711 2855 1926 2924 tandem
1959 2856 2268 2932 Hierosoly-

694 2932 796 2985 mis
830 2932 1036 2986 obiisse
1092 2947 1344 2990 mortem.
1422 2939 1499 2992 Ite
1545 2941 1714 3010 igitur
1772 2946 1909 3014 ipsa,
1974 2948 2081 3004 huc
2137 2953 2267 3007 illuc

691 3031 919 3091 vagatus
946 3024 1145 3091 fuerat,
1177 3041 1242 3080 ac
1276 3029 1520 3097 proinde,
1555 3048 1614 3087 re
1657 3051 1874 3106 quoque
1905 3040 2021 3110 ipsa
2055 3046 2268 3112 paradi-

690 3129 810 3167 sum
857 3130 1134 3184 egressus.
1178 3117 1410 3188 Insuper
1445 3121 1686 3180 Joannes
1731 3132 2031 3188 monachus
2087 3136 2161 3206 (ί)
2211 3137 2264 3188 in

689 3215 941 3256 sermone
968 3218 1071 3257 suo
1097 3205 1162 3260 de
1186 3221 1384 3264 occasu
1409 3213 1595 3266 mundi
1633 3215 1815 3284 hujus,
1850 3232 1903 3274 et
1934 3224 2000 3275 de
2033 3235 2258 3296 vepturo
2291 3193 2334 3254 C

687 3293 889 3346 mundo
922 3308 1064 3348 novo
1088 3334 1104 3360 ,
1143 3301 1330 3354 multis
1361 3305 1618 3370 ostendit,
1653 3296 1718 3361 ea
1741 3326 1860 3380 qua
1898 3314 1964 3368 de
1995 3293 2256 3384 paradiso

685 3384 892 3450 scripta
922 3395 1075 3453 sunt,
1126 3403 1558 3450 consentaneum
1593 3414 1716 3454 esse
1748 3413 1806 3456 ut
1837 3405 1903 3459 de
1931 3408 2095 3462 rebus
2122 3410 2257 3478 ipsis

685 3474 1096 3545 intelligantur;
1153 3482 1432 3553 utiturque
1524 3488 1663 3543 inter
1724 3495 1826 3548 alia
1877 3490 1959 3551 his
2023 3474 2252 3559 verbis:

686 3563 949 3629 Quaenam
985 3568 1137 3624 fuere
1185 3574 1374 3628 Adatni
1424 3594 1556 3648 opes
1611 3584 1662 3635 in
1728 3591 2024 3655 paradiso?
2073 3610 2251 3650 annon

691 3657 916 3711 arbores
967 3659 1303 3733 fructiferae,
1357 3667 1564 3727 feraces
1623 3674 1878 3734 foliorum
1936 3688 2137 3752 quibus
2195 3707 2254 3744 se

680 3747 841 3815 primi
873 3764 1132 3819 parentes
1155 3770 1457 3825 conterent,
1493 3773 1547 3817 et
1568 3766 1773 3823 ﬂumen
1797 3774 1950 3841 aquis
1984 3779 2254 3844 proﬂuen-

686 3839 833 3893 tibus
890 3842 1108 3898 illorum
1170 3847 1319 3902 sitim
1383 3855 1763 3926 restinguens;
1834 3880 2064 3931 quarum
2107 3873 2251 3925 "alia:

685 3943 850 3994 super
890 3932 1098 4000 hancce
1133 3944 1355 4004 terram,
1385 3943 1504 3996 alia:
1550 3949 1739 4001 subter
1783 3951 2246 4023 diﬂuntlcbatttttr,

681 4026 818 4070 teste
847 4017 1198 4084 Mose‘LNam
1245 4027 1289 4080 si
1340 4031 1464 4098 quis
1498 4043 1579 4086 est
1617 4037 1708 4104 qui
1743 4043 2142 4106 putetarbores
2193 4047 2246 4100 in

681 4111 939 4176 paradiso
977 4129 1081 4167 non
1113 4114 1282 4172 fuisse
1311 4135 1651 4191 corporatas,
1681 4129 1799 4198 ejus
1825 4134 2010 4186 animo
2052 4137 2247 4193 intelli-

677 4199 823 4262 genti
859 4215 1011 4268 aeque
1043 4204 1288 4259 divinum
1324 4209 1636 4280 Eloquium,
1688 4216 1866 4272 lumen
1902 4223 2245 4290 suppeditare

676 4287 935 4352 debebat,
964 4295 1108 4359 quod
1155 4312 1251 4364 per
1281 4297 1464 4353 Mosen
1499 4301 1565 4355 de
1590 4308 1844 4372 paradiso
1872 4287 2072 4367 diserte
2104 4315 2247 4369 allii--

680 4388 833 4445 mat,
900 4380 1064 4436 Eram
1118 4389 1334 4455 generis
1385 4391 1611 4449 humani
1669 4408 1894 4454 matrem
1946 4409 2246 4475 sumpsisse

673 4469 908 4537 fructus,
934 4481 1372 4546 e‘osque‘edisse.
1404 4483 1505 4549 Qui
1538 4490 1801 4556 potuisset
1833 4496 1974 4548 enim
2021 4500 2108 4551 illa
2152 4502 2246 4553 de-

672 4580 891 4636 cerpere
932 4569 982 4623 id
1015 4573 1160 4640 quod
1195 4576 1297 4629 sub
1330 4587 1531 4633 tactum
1579 4599 1685 4638 non
1727 4588 1993 4657 cadebat,
2038 4607 2130 4647 aut
2173 4597 2238 4651 de

671 4659 763 4710 iilo
799 4673 996 4728 capere
1022 4665 1165 4732 qtmd
1218 4669 1599 4738 incorporeum
1634 4691 1750 4731 erat
1775 4721 1789 4744 ,
1818 4696 1940 4758 cum
1997 4685 2045 4739 id
2085 4691 2230 4756 quod

669 4761 1034 4819 eorpnratur.e
1061 4771 1254 4825 extpers
1297 4773 1402 4824 est,
1433 4765 1597 4820 dividi
1637 4786 1739 4822 non
1772 4777 1961 4840 possit,
1990 4796 2054 4832 eo
2081 4783 2226 4849 quod

667 4840 738 4892 sit
771 4845 1104 4911 incorporea:
1131 4852 1368 4904 naturae?
1407 4853 1530 4909 ILec
1577 4856 1815 4917 Joannes
1887 4867 1993 4929 ille,
2038 4883 2091 4924 et
2129 4878 2232 4926 alia

666 4933 947 4998 complura
999 4952 1064 4989 eo
1117 4941 1218 4993 loci
1273 4947 1474 5014 scripta
1524 4951 1763 5019 reliquit,
1801 4958 1997 5024 quibus
2043 4968 2233 5021 edoret

668 5035 989 5088 Corporeum
1044 5026 1217 5084 fuisse
1269 5036 1623 5099 paradisum:
1667 5050 1809 5110 quod
1864 5049 2039 5116 ipsum
2091 5059 2223 5109 satis

666 5115 811 5168 (lare
862 5120 1021 5172 etiam
1059 5120 1224 5178 Mosis
1259 5129 1423 5180 verba
1472 5141 1740 5187 testantur
1767 5138 1893 5192 dum
1949 5143 1996 5193 in
2034 5143 2226 5200 Genesi

664 5210 742 5261 sic
776 5210 964 5263 scribit
991 5229 1003 5264 :
1033 5212 1111 5287 Et
1138 5220 1354 5271 sustulit
1387 5221 1480 5273 Lot
1517 5228 1694 5279 oculos
1723 5246 1862 5294 suos,
1905 5244 1950 5284 et
1972 5237 2228 5304 viditom-

663 5317 778 5351 neut
807 5314 1005 5354 terram
1045 5303 1320 5372 Iordanis,
1366 5321 1504 5379 quod
1549 5320 1794 5373 unircrsa
1836 5337 1968 5378 esset
2003 5332 2228 5398 irrigua,

665 5391 971 5461 vriusqnam
1007 5400 1342 5454 subvertisset
1393 5404 1531 5459 Deus
1568 5410 1850 5467 Sodomam
1907 5429 1954 5471 et
2008 5420 2232 5476 Gomor-

666 5484 1302 5555 rltam,quasiparmlisns
1343 5496 1490 5551 Dei“.
1522 5500 1636 5554 Non
1672 5509 1814 5561 enim
1857 5527 1978 5565 eum
2013 5520 2231 5583 paradi-

766 5628 787 5659 '
816 5629 949 5684 Cen.
981 5650 1094 5699 xui,
1124 5637 1210 5691 10.

733 5783 808 5850 (ι)
843 5786 1292 5852 Chrysostomum
1327 5797 1479 5852 dicit.

2401 606 2580 658 reum,
2633 596 2933 652 contulisse
2987 613 3108 652 cum
3149 605 3367 671 regione
3401 603 3675 674 Iordanis,
3713 614 3807 665 sed
3840 630 3959 670 eum

2399 682 2490 752 qui
2529 699 2589 737 re
2628 684 2743 754 ipsa
2777 687 3069 744 exsisteret
3124 706 3555 766 corporatusqne
3587 711 3750 766 esset.
3789 706 3966 762 existi-

2398 777 2628 832 mandus
2659 790 2780 832 est.
2802 777 2940 833 Tum
2973 781 3115 838 alius
3144 799 3361 856 quoque
3406 791 3664 860 pr0pbeta
3696 794 3763 849 de
3806 813 3963 867 para-

2395 867 2514 922 diso
2543 870 2868 926 vaticinatus
2901 882 2983 928 est
3008 876 3073 927 ad
3112 875 3254 932 hunc
3282 886 3502 935 modum
3533 899 3548 937 :
3580 903 3599 934 ι
3637 885 3772 941 Ante
3812 889 3961 944 illum

2396 959 2688 1027 paradisus
2731 959 2870 1025 Dei,
2929 975 3049 1032 post
3106 966 3257 1021 illum
3320 987 3449 1025 vero
3509 976 3672 1029 veluti
3729 989 3958 1049 campus

2391 1049 2729 1107 devastatus.
2769 1051 2983 1123 rlgitur
3036 1071 3112 1110 ex
3178 1059 3245 1114 iis
3295 1063 3550 1118 omnibus
3613 1083 3733 1137 quas
3793 1072 3964 1127 adhuc

2393 1140 2915 1229 diximusncunstat
2957 1149 3175 1203 unicum
3215 1154 3433 1222 quidem
3469 1173 3589 1212 esse
3629 1163 3961 1228 paradisum,

2391 1231 2486 1284 sed
2521 1249 2646 1287 cum
2688 1235 2922 1303 duplicis
2963 1240 3340 1308 conditionis;
3383 1261 3684 1317 corporeae,
3733 1257 3956 1321 inquam

2389 1333 2445 1376 et
2470 1323 2807 1395 incorporea:
2843 1345 2859 1395 ;
2890 1329 2993 1384 hoc
3022 1341 3128 1398 est,
3164 1345 3219 1388 et
3250 1336 3317 1389 ad
3361 1352 3558 1395 sensus
3607 1343 3776 1412 ipsos,
3806 1354 3860 1400 et
3889 1350 3954 1401 ad

2389 1416 2588 1470 mentis
2617 1417 3028 1489 intelligentiam
3053 1425 3326 1492 pertinere
3350 1443 3364 1482 :
3400 1428 3707 1502 falsumque
3732 1438 3959 1504 proinde

2393 1522 2515 1563 esse
2561 1513 2704 1578 quod
2742 1523 2836 1568 aut
2873 1514 2976 1569 sub
3023 1517 3199 1573 solum
3247 1536 3469 1577 sensum
3500 1527 3682 1592 cadat,
3734 1540 3830 1582 aut
3858 1532 3959 1586 sub

2386 1599 2560 1653 solam
2621 1602 3209 1674 intelligentiam,.aut
3257 1615 3493 1684 denique
3541 1620 3687 1674 uuod
3733 1623 3957 1678 omnino

2386 1693 2496 1746 duo
2531 1704 2749 1750 exstent
2782 1698 3045 1766 paradisi.

2987 1832 3215 1889 CAPUT
3266 1837 3330 1893 ll.

2454 1959 2587 2025 Quis
2618 1975 2956 2034 corporalia,
2993 1979 3041 2023 et
3069 1974 3186 2041 quis
3216 1975 3481 2043 spiritalia
3528 1983 3814 2048 paradisus
3859 1988 3948 2041 sit.

2381 2050 2674 2109 Paradiaus
2723 2074 3023 2127 corporeus.
3054 2093 3112 2104 —
3152 2067 3271 2120 Jam
3299 2085 3428 2124 vero
3477 2084 3829 2145 posteaquam
3859 2079 3950 2135 de-

2382 2149 2815 2204 monstravimus
2838 2151 3060 2208 unicum
3089 2171 3211 2212 esse
3236 2162 3549 2228 paradisum
3568 2207 3583 2231 ,
3607 2232 3611 2236 _
3635 2183 3742 2221 non
3786 2170 3942 2233 duos.

2377 2241 2472 2290 sed
2507 2253 2631 2292 eum
2686 2241 2919 2312 dup-llcis
2972 2261 3092 2303 esse
3113 2243 3499 2320 ‘conditionis,
3546 2273 3821 2327 corporeae
3881 2272 3935 2319 et

2379 2325 2734 2396 incorporeas,
2797 2346 3141 2404 consequens
3193 2351 3274 2395 est
3331 2352 3389 2396 ut
3433 2344 3728 2404 doceamus
3757 2389 3772 2414 ,
3817 2354 3943 2421 quis

2376 2432 2692 2487 corporeus,
2725 2433 2775 2477 et
2817 2427 2940 2495 quis
2969 2428 3324 2497 incorporeus
3354 2437 3423 2489 sit
3450 2441 3760 2506 paradisus.
3801 2443 3936 2498 Cor-

2375 2523 2599 2575 poreum
2634 2513 2799 2582 igitur
2845 2520 3157 2586 paradisum
3202 2539 3323 2578 esse
3365 2531 3680 2597 statuimus,
3715 2536 3941 2591 arbores

2375 2601 2556 2655 omnis
2584 2605 2800 2671 generis
2825 2607 3106 2675 plurimas,
3135 2616 3399 2670 varietate
3423 2619 3939 2692 pulchritudineqne

2376 2688 2751 2756 admirandas,
2806 2708 2969 2765 atque
3023 2699 3280 2757 [oliorum
3329 2717 3382 2760 et
3448 2707 3725 2789 fructuum
3756 2754 3772 2779 ,
3821 2688 3938 2786 qua:

2374 2782 2458 2834 sui
2498 2786 2852 2852 cupiditatem
2889 2794 3471 2865 exeiteutmaximam,
3498 2801 3732 2870 feraces,
3760 2823 3939 2877 sequa-

2372 2872 2577 2938 bilique
2631 2887 2793 2945 atque
2839 2884 3218 2941 anitenissimo
3270 2892 3477 2958 positas
3530 2896 3647 2949 loco
3692 2897 3934 2953 :tlumen

2373 2977 2634 3032 pra-terea
2671 2970 2860 3038 ingens
2889 2985 2942 3028 et
2975 2979 3214 3045 amplum
3253 2997 3363 3051 quo
3408 2984 3513 3038 illa:
3541 2987 3813 3056 rigantur,
3851 2993 3932 3044 lo-

2371 3074 2493 3110 cum
2529 3059 2764 3130 denique
2808 3064 2984 3133 ipsum
3017 3071 3344 3137 spatiosum,
3379 3086 3617 3143 gratum,
3643 3089 3811 3148 atque
3839 3098 3930 3136 aco

2370 3154 2716 3208 commodum
2758 3158 2823 3213 ad
2873 3176 3032 3214 usum
3069 3164 3573 3239 habitationemque
3626 3174 3932 3234 hominum.

2373 3238 2587 3296 Rursus
2647 3247 2957 3312 paradisum
3009 3253 3100 3320 qui
3149 3255 3215 3307 ad
3276 3259 3932 3334 mentisintelligentiam

2360 3341 2591 3399 spectat,
2619 3344 2893 3407 quemque
2926 3342 3304 3412 incorporeum
3344 3352 3692 3410 nominamus
3715 3396 3731 3421 ,
3765 3360 3926 3413 vitam

2359 3439 2478 3477 esse
2506 3427 2796 3484 definimus
2833 3447 2951 3500 quae
2991 3437 3148 3504 plane
3199 3445 3499 3497 secundum
3539 3459 3802 3512 mentem,
3836 3469 3930 3523 per

2360 3521 2774 3586 temperantiam
2805 3526 3260 3599 sanctitatemque
3297 3531 3625 3592 excellenter
3659 3543 3921 3611 agitatur,

2363 3609 2582 3677 plenam
2637 3616 3007 3691 meditationis
3059 3638 3238 3676 rerum
3285 3635 3396 3693 tum
3447 3629 3760 3688 divinarum
3812 3646 3924 3690 tum

2347 3703 2746 3771 conditarum;
2787 3726 2813 3760 a
2846 3726 2950 3778 qua
2985 3720 3172 3779 procul
3203 3718 3384 3772 absint
3412 3729 3579 3782 Curre,
3637 3743 3926 3796 muneres,

2355 3798 2611 3863 gemitus,
2665 3802 3096 3856 concomitanter
3157 3823 3282 3860 vero
3342 3813 3635 3880 gaudium,
3697 3819 3920 3888 laetitia,

2353 3888 2663 3941 exsultatio.
2698 3891 2830 3943 Nam
2873 3894 2963 3960 qui
2989 3896 3040 3946 in
3071 3897 3170 3950 hoc
3221 3903 3478 3968 paradiso
3513 3920 3818 3974 versantur,
3845 3915 3923 3966 vi-

2305 4015 2313 4026 ,
2357 3989 2461 4028 tam
2501 3979 2661 4046 plane
2707 3983 2915 4035 beatam
2953 3996 3115 4050 atque
3148 3993 3445 4058 angelicam
3477 3997 3686 4062 vivunt,
3728 4006 3923 4057 radiis-

2352 4083 2459 4136 que
2487 4071 2687 4124 divinaa
2721 4076 2960 4130 nationis
3001 4079 3364 4149 illustrantur,
3392 4094 3448 4139 ut
3477 4092 3676 4159 angeli.
3715 4092 3918 4164 Duplex

2351 4161 2516 4227 igitur
2574 4163 2662 4216 ille
2721 4168 3008 4232 paradisus
3044 4185 3313 4240 quatenus
3347 4179 3565 4246 quidem
3625 4198 3921 4252 corporeus

2355 4263 2492 4315 erat,
2529 4257 2745 4318 Adami,
2773 4256 3003 4327 Evzeque
3035 4278 3236 4330 corpus
3262 4268 3568 4324 oblectabat
3602 4290 3614 4326 :
3642 4288 3910 4342 quatenus

2353 4356 2477 4394 vero
2515 4345 2867 4414 incorporeus
2895 4362 3056 4419 atque
3089 4356 3153 4406 ad
3189 4368 3420 4411 mentem
3453 4373 3727 4430 spectans,
3765 4367 3912 4435 ipso.

2354 4448 2473 4485 rum
2508 4438 2793 4492 recreabat
2827 4442 3059 4496 animos.
3093 4444 3302 4516 Quippe
3328 4454 3559 4507 uteibns
3593 4464 3913 4527 eorporatus

2272 4527 2323 4585 ο
2351 4523 2448 4575 alit
2480 4539 2681 4593 corpus
2709 4545 2721 4580 :
2748 4529 2816 4581 ita
2868 4533 3125 4600 cogitatio
3159 4546 3268 4588 tum
3296 4540 3360 4592 de
3407 4540 3514 4594 Deo
3548 4543 3665 4611 ipso
3693 4523 3806 4600 tum
3850 4550 3912 4602 de

2349 4613 2416 4667 iis
2450 4618 2612 4670 rebus
2645 4634 2780 4686 quas
2817 4621 2958 4677 Deus
2990 4629 3266 4691 condidit,
3306 4634 3476 4698 pascit
3521 4638 3765 4691 animum
3819 4656 3908 4693 ra-

2348 4711 2494 4762 tione
2521 4714 2836 4778 praeditum.
2875 4717 3108 4773 Perinde
3144 4721 3287 4775 cnitn
3327 4725 3552 4781 Scientia
3587 4740 3639 4781 et
3669 4734 3908 4801 cognitio

2357 4803 2548 4867 animi,
2586 4815 2749 4873 atque
2783 4809 2958 4875 panis,
2993 4816 3236 4881 corporis
3275 4826 3356 4870 est
3390 4819 3730 4876 alimentum.

2957 4944 3188 5000 CAPUT
3234 4948 3320 5004 Ill.

2405 5072 2818 5130 Consentaneum
2855 5089 2929 5132 est
2986 5080 3173 5136 Veteris
3217 5085 3531 5141 Testamenti
3580 5087 3907 5161 Scripturam

2339 5166 2552 5232 mystice
2571 5168 2932 5236 interpretari.
2953 5203 3016 5211 ——
3038 5174 3175 5228 Sunt
3201 5176 3340 5229 inter
3364 5179 3643 5235 haereticos
3666 5186 3756 5251 qui
3777 5200 3904 5236 cons

2339 5255 2568 5304 tendunt
2609 5259 2829 5312 minime
2884 5265 3200 5326 convenire,
3254 5279 3302 5318 ut
3342 5267 3551 5324 Veteris
3577 5273 3902 5328 'l‘estameuti

2345 5346 2547 5412 scripta
2584 5352 2828 5418 mystice,
2860 5363 3021 5421 atque
3055 5355 3210 5410 aliter
3241 5375 3401 5427 quam
3457 5364 3524 5418 de
3559 5367 3691 5433 ipsis
3720 5370 3898 5430 rebus,

2347 5433 2776 5503 interpretentur
2807 5459 2819 5495 :
2865 5447 3209 5516 graviterque
3239 5464 3503 5508 accusant
3527 5471 3622 5510 eos
3653 5460 3743 5523 qui
3773 5473 3900 5514 ctu-

2343 5539 2420 5577 tra
2453 5526 2679 5585 iacitmt.
2736 5534 2897 5602 Atqui
2935 5538 2976 5590 si
3012 5540 3081 5591 ita
3135 5551 3366 5609 statuas,
3403 5549 3566 5600 multa
3603 5563 3658 5602 ut
3710 5565 3897 5606 cense-
