4010 6504
140 332 218 400 489

1230 326 1327 386 DE
1369 326 1768 386 PARADISO.
1817 353 1884 362 -
1923 327 2117 387 ΡΑ.Ηὸ
2155 328 2209 387 Ι.

3265 323 3372 386 490

141 450 340 514 quantur
370 443 602 500 absurda
647 457 930 497 necessum
958 452 1060 498 est.
1099 441 1282 495 Primo
1314 443 1459 498 enim
1494 442 1668 496 Vetus
1704 461 1744 515 Α
1776 442 2041 498 Praeterea
2094 442 2262 498 Mosis
2291 449 2599 513 serpentem
2633 456 2844 496 teueum
2875 455 3036 510 quem
3068 441 3122 495 in
3154 441 3374 498 deserto

141 537 518 592 Testamentum
545 536 681 590 nihil
718 535 822 590 nisi
850 551 1025 590 meras
1057 536 1344 606 nudasque
1375 537 1680 591 continebit

138 630 364 685 historias
421 648 435 683 :
489 628 802 698 carebitque
875 645 1099 698 prorsus
1186 631 1430 699 mysueis
1507 629 1680 684 sancti

139 724 344 794 Spiritus
395 722 596 789 sensis,
644 722 836 778 deinde
898 721 1285 776 oblirmabitur
1341 721 1568 776 Manetis
1631 733 1683 775 et

137 815 397 871 Marcionis
430 815 722 883 sententia,
758 816 851 885 qui
882 815 1138 869 dicebant
1168 814 1330 869 Vetus
1355 816 1677 870 Testamen-

137 920 224 962 tum
254 921 593 978 nequaquam
625 908 692 961 ab
723 916 942 961 auctore
977 907 1068 960 Dei
1101 907 1307 961 Christi
1333 906 1501 961 Patre
1525 922 1672 962 esse.

138 999 379 1053 Praterea
448 999 555 1053 nisi
619 996 673 1052 in
726 997 830 1052 illo
877 997 1159 1051 recondita
1220 996 1425 1051 fuerint
1484 1011 1684 1050 arcana

137 1103 292 1154 sensa,
365 1089 509 1142 unde
567 1097 794 1158 potuere
846 1089 1010 1157 prisci
1085 1097 1305 1156 patres,
1383 1091 1684 1158 prophetae,

137 1180 312 1248 aliique
343 1180 515 1234 sancti
547 1179 650 1233 viri
684 1179 986 1250 intelligere
1019 1179 1299 1234 Christum
1328 1180 1457 1234 olim
1493 1190 1688 1234 ventu-

138 1287 268 1336 rum;
306 1289 370 1326 ex
413 1287 591 1342 eaque
623 1288 681 1326 re
725 1281 874 1326 tanto
925 1270 1062 1326 δῆὶοὶ
1089 1270 1333 1340 gaudio?
1370 1271 1613 1342 Denique
1642 1272 1686 1325 si

135 1366 191 1419 ita
215 1378 335 1418 cum
383 1364 491 1420 illis
541 1364 814 1420 bmreticis
848 1365 1140 1428 sentimus,
1187 1364 1436 1435 profecto
1480 1364 1534 1418 iu
1588 1361 1686 1417 Ju-

135 1457 377 1512 daismum
425 1457 758 1517 incidimus;
795 1458 994 1528 quippe
1033 1457 1227 1522 Judaei,
1268 1465 1325 1512 ut
1373 1457 1466 1527 qui
1515 1453 1690 1527 Spiri-

137 1560 208 1605 tus
249 1551 421 1605 sancti
474 1559 723 1621 expertes
776 1561 942 1615 sunt,
1005 1552 1108 1605 alia
1166 1567 1327 1620 quam
1385 1551 1689 1622 corporalia

134 1657 401 1712 crassaque
426 1658 589 1698 sensa
633 1643 778 1697 nulla
809 1645 1237 1713 amplectuntur.
1279 1641 1481 1697 Verum
1518 1645 1692 1697 enim-

133 1750 241 1788 vero
265 1736 482 1790 areanis
513 1737 678 1789 etiam
745 1735 924 1790 modis
986 1744 1151 1805 atque
1216 1736 1464 1805 mysticis
1518 1735 1692 1811 expli-

1786 537 2074 606 snspendit
2112 537 2183 591 ob
2215 536 2408 591 oculos
2434 534 2623 606 populi
2650 534 2715 600 ⁸⁸,
2751 536 2892 588 idem
2919 534 3173 589 Christus
3207 536 3373 589 inter-

1787 636 2035 697 pretatur
2068 626 2297 698 mystice
2325 628 2389 680 de
2412 641 2511 680 sua
2541 639 2730 688 cruce,
2771 625 2900 678 dum
2933 625 3010 679 ait
3041 641 3055 680 :
3100 624 3372 689 Quemad-

1788 721 2005 774 modum
2060 721 2114 773 in
2151 720 2317 772 altum
2364 719 2583 772 sustulit
2616 719 2787 772 Moses
2838 729 3132 786 serpentem
3161 718 3216 771 in
3246 717 3378 786 solt-

1790 816 2009 876 tudine,
2050 814 2126 867 ita
2180 812 2512 865 exaltabitnr
2566 810 2738 865 Filius
2785 811 3013 863 hominis
3033 810 3097 864 ".
3137 810 3378 864 Rursum

1788 921 1946 976 aqua:
1968 906 2073 959 illa:
2108 905 2175 958 de
2204 903 2406 973 quibus
2433 917 2556 956 cum
2591 901 2943 984 Samaritana
3003 901 3231 956 muliere
3262 901 3382 956 col-

1790 1001 2020 1068 loquens
2053 996 2127 1050 ait
2160 1013 2173 1050 :
2211 999 2378 1065 Aqua:
2422 1010 2552 1065 quas
2620 1012 2711 1064 ego
2768 995 2836 1047 do
2893 996 2964 1060 ei,
2997 995 3122 1063 ﬁent
3173 995 3228 1047 in
3264 997 3378 1060 ipso

1791 1092 1960 1161 fontes
1987 1091 2341 1144 scoturientes
2373 1089 2426 1141 in
2457 1089 2621 1141 vitam
2650 1097 2902 1142 wternam
2926 1089 2968 1119 ¹⁸
2989 1128 3004 1153 ,
3033 1103 3376 1159 nequaquam

1791 1183 2036 1255 profecto
2092 1191 2403 1254 corporataa
2460 1197 2640 1252 aquaz,
2700 1184 2794 1236 sed
2853 1182 3097 1252 mysticae
3136 1182 3380 1237 fuerunt.

1794 1275 2038 1345 Denique
2097 1273 2303 1330 Paulus
2353 1289 2578 1344 quoque
2637 1275 2921 1344 apostolus
2977 1289 3184 1330 arcano
3216 1290 3380 1330 sensu

1793 1368 2189 1438 interpretatur
2232 1368 2370 1423 duas
2411 1367 2646 1422 Abrahae
2681 1383 2907 1432 uxores,
2935 1367 3127 1422 Saram
3158 1378 3212 1422 et
3238 1367 3383 1437 Aga—

1795 1476 1934 1526 rem,
1973 1462 2208 1515 duorum
2273 1459 2541 1530 inquiens
2575 1469 3031 1515 testamentorum
3079 1459 3200 1515 illas
3263 1473 3387 1516 esse

1809 1554 2093 1622 ligulas".
2129 1550 2395 1608 Similiter
2428 1562 2641 1622 petram
2684 1551 2832 1606 illam
2870 1567 2994 1622 quae
3020 1551 3387 1607 comitabatur

1797 1646 2099 1711 lsraelitas,
2145 1645 2624 1715 prolundcbatque
2679 1643 2786 1697 illis
2842 1658 3013 1714 aquas
3064 1643 3118 1697 in
3173 1652 3385 1713 potum,

1800 1737 2034 1807 ﬁgurate
2089 1736 2332 1806 explicat
2366 1735 2588 1807 quando
2611 1735 2775 1802 ait",
2825 1749 2946 1789 eam
2977 1744 3183 1806 petram
3218 1734 3390 1789 fuisse

134 1828 316 1882 candos
361 1842 485 1881 esse
520 1841 710 1882 sacros
763 1826 978 1892 Libros,
1027 1844 1090 1880 ex
1146 1827 1213 1880 iis
1247 1828 1540 1881 coniicitur
1571 1844 1688 1897 qua:
1721 1803 1766 1860 Β
1796 1829 2100 1886 Christum.
2161 1827 2241 1883 Ex
2298 1828 2383 1883 his
2441 1827 2612 1898 igitur
2657 1826 2933 1882 omnibus
2966 1827 3226 1896 colligere
3281 1834 3390 1882 est.

140 1921 284 1974 modo
321 1920 669 1988 subiicimus.
718 1919 774 1974 Si
811 1921 954 1975 enim
1005 1920 1148 1990 quod
1198 1921 1448 1990 capiendi
1489 1919 1686 1987 Judaei,

133 2012 276 2081 inque
311 2012 566 2067 exsilium
601 2012 864 2077 ducendi,
889 2013 1144 2082 quodque
1179 2029 1373 2068 rursus
1421 2012 1689 2067 liberandi

131 2103 516 2169 reducendique
565 2105 618 2158 in
652 2105 883 2173 patriam
931 2115 1114 2158 essent
1143 2121 1158 2169 ;
1183 2121 1302 2172 qua:
1338 2105 1516 2175 reipsa
1553 2114 1688 2157 Con-

137 2195 385 2265 tingentes
441 2198 626 2266 ﬁgurae
673 2195 893 2250 fuerunt
925 2212 940 2249 :
970 2196 1112 2264 jussi
1167 2208 1296 2250 sunt
1327 2197 1495 2251 divini
1540 2206 1691 2250 vates

131 2286 302 2356 ﬁguris
331 2297 492 2356 atque
549 2288 688 2358 typis
723 2288 1050 2356 quibusdam
1089 2287 1408 2356 praedicere,
1463 2305 1572 2356 quo
1611 2290 1692 2342 vi-

130 2381 304 2436 delicet
359 2381 452 2435 Dei
510 2381 849 2450 providentia
907 2380 1021 2448 jam
1079 2390 1191 2434 tum
1241 2391 1692 2450 agnosceretur:

131 2470 257 2523 sicut
303 2469 445 2539 apud
503 2469 838 2524 Ezechielem
882 2473 945 2524 de
977 2469 1243 2523 sumendo
1272 2468 1464 2533 latere,
1512 2470 1578 2523 de
1609 2469 1693 2520 di-

131 2560 356 2614 videndis
386 2561 568 2615 barbze
606 2571 659 2614 et
685 2561 880 2630 capitis
910 2561 1038 2631 pilis
1085 2546 1153 2614 et.
1168 2560 1423 2614 cubando
1469 2560 1524 2613 in
1554 2559 1692 2613 late-

131 2652 287 2715 ribus,
321 2653 502 2707 videre
558 2653 695 2716 est“;
751 2653 882 2705 item
937 2651 1079 2719 apud
1125 2651 1330 2704 Isaiam
1387 2651 1453 2704 de
1485 2651 1693 2704 amictu

131 2746 282 2806 sacci,
319 2746 498 2814 deque
551 2744 808 2798 uudando
860 2743 1168 2812 corpore";
1224 2752 1485 2811 prteterea
1551 2741 1694 2811 apud

128 2833 404 2892 Jeremiam
459 2837 525 2891 de
584 2836 716 2906 jugo
772 2846 826 2890 et
878 2834 1191 2898 vinculis';
1257 2834 1495 2902 denique
1550 2833 1697 2902 apud

131 2924 309 2982 Oscam
342 2929 406 2981 de
437 2928 684 2981 ducenda
719 2943 891 2980 uxore
942 2926 1189 2980 adultera
1222 2935 1278 2979 et
1328 2925 1693 2990 meretricc’;

134 3027 278 3082 atque
305 3017 376 3069 ita
399 3017 465 3070 de
488 3016 612 3071 aliis
653 3016 905 3086 plurimis
930 3030 1051 3086 quae
1085 3030 1232 3069 nunc
1265 3031 1372 3070 non
1409 3026 1490 3071 est
1519 3031 1698 3085 opera:

136 3109 352 3173 pretium
395 3124 718 3178 percensere
758 3126 771 3163 :
810 3121 1018 3178 quanto
1044 3110 1217 3178 magis
1259 3118 1694 3165 consentaneum

135 3201 454 3267 putabimus,
508 3201 563 3253 in
611 3201 726 3270 lege
777 3212 943 3271 atque
989 3204 1270 3274 prophetis
1304 3202 1529 3273 mystice
1561 3201 1698 3270 ligu-

137 3303 344 3362 rateque
413 3294 500 3347 illi
562 3295 882 3348 admiranda
939 3307 1104 3364 atque
1175 3295 1692 3365 praecellentissiina

139 3399 298 3453 neque
329 3401 567 3452 unquam
613 3386 745 3439 satis
785 3386 1054 3440 laudanda
1092 3400 1255 3456 opera
1301 3401 1420 3455 qua:
1459 3383 1694 3438 Verbum

137 3473 218 3529 Dei
276 3478 549 3542 Clirisws,
585 3477 714 3530 dum
757 3478 810 3530 in
873 3493 1036 3532 carne
1092 3487 1361 3541 versatur,
1422 3477 1694 3545 patravit,

138 3583 351 3636 quaeque
383 3569 540 3624 nobis
573 3571 625 3622 in
664 3570 869 3623 mundo
899 3570 990 3622 illo
1021 3570 1378 3637 sempiterno,
1407 3569 1564 3636 cujus
1603 3579 1698 3635 spe

137 3662 428 3717 certissima
448 3661 704 3726 fruimur,
724 3672 982 3717 eventura
1005 3661 1274 3730 promisit,
1293 3674 1414 3714 esse
1437 3673 1696 3728 praenun-

137 3755 294 3808 tiatal
351 3755 430 3808 Ad
482 3756 606 3822 hoc,
659 3755 1067 3808 tabernaculum
1125 3752 1252 3805 illud
1302 3752 1498 3821 exiguo
1531 3750 1696 3804 dura-

136 3853 308 3897 turum
339 3853 615 3913 tempore,
655 3859 766 3915 quo
821 3855 1019 3898 ornatu
1075 3858 1344 3914 corporeo
1399 3851 1548 3897 esset
1597 3857 1696 3895 ex-

135 3939 442 3991 strucndum
473 3953 504 3991 a
537 3935 705 4004 Mose,
743 3952 849 3990 non
881 3946 1008 3991 ante
1048 3937 1100 3990 in
1135 3937 1255 4004 ipso
1288 3945 1474 3990 monte
1508 3935 1701 4004 mysti-

134 4028 206 4080 cis
236 4030 411 4084 modis
443 4031 546 4100 ipsi
587 4031 905 4084 ostenderat
933 4029 1111 4084 Deusl
1151 4029 1296 4081 Sane
1342 4043 1409 4083 eo
1445 4040 1699 4097 spectant

137 4123 289 4175 verba
313 4123 399 4176 illa
423 4139 567 4194 qum,
593 4134 881 4192 postquam
903 4123 992 4175 ille
1011 4123 1390 4176 descendisset
1411 4121 1695 4184 demonte,

134 4215 192 4264 ad
221 4216 394 4282 ipsum
442 4217 528 4270 hic
564 4215 820 4280 faciebat,
853 4215 1112 4284 inquiens
1149 4231 1162 4268 ε
1205 4214 1386 4269 Videte
1427 4232 1491 4268 ac
1534 4215 1698 4284 facito

134 4312 303 4360 omnia
330 4311 396 4361 ad
417 4311 470 4361 id
491 4311 763 4378 exemplar
799 4311 935 4378 quod
971 4310 1066 4362 tibi
1097 4310 1152 4362 in
1188 4321 1362 4362 monte
1401 4311 1608 4363 ostendi
1633 4311 1696 4363 ‘°.

135 4398 266 4464 Quid
288 4399 556 4456 Gedeonis
587 4403 817 4456 vellus”
843 4402 864 4453 ?
891 4402 1030 4467 Quid
1062 4400 1242 4455 Eliszei
1274 4401 1580 4472 hydria"?
1605 4418 1702 4456 an-

135 4507 234 4574 non
290 4505 478 4564 prmter
520 4495 666 4563 ipsas
712 4509 800 4548 res
829 4509 949 4562 qua:
1000 4495 1326 4564 agebantur,
1365 4493 1469 4548 alia
1530 4497 1695 4548 etiam
1737 4519 1779 4574 ο

128 4569 340 4638 seclusa
369 4588 419 4638 in
458 4586 592 4655 ipsis
620 4597 778 4639 erant
818 4601 977 4639 sensa
999 4586 1180 4676 ?.quid
1215 4585 1481 4652 triticum,
1520 4587 1700 4656 palea,

139 4677 515 4745 ventilabrum,
536 4692 657 4748 quae
683 4690 1076 4732 commemorat
1099 4678 1341 4733 Joannes
1363 4678 1604 4748 Baptista
1622 4679 1702 4731 ‘3?

139 4784 259 4822 num
293 4786 388 4838 pro
415 4771 548 4842 ipsis
581 4772 744 4825 rebus
773 4773 1261 4840 suntaccipienda,
1290 4785 1354 4825 ac
1389 4787 1496 4824 non
1525 4772 1706 4841 potius

143 4875 399 4916 arcanum
435 4865 566 4934 quid
599 4879 693 4934 per
723 4880 785 4918 ea
843 4864 1151 4932 signiﬁcare
1175 4865 1266 4918 ille
1301 4863 1705 4933 volebat?quin

143 4952 252 5022 ipse
281 4958 438 5011 etiam
477 4958 739 5013 Dominus
771 4969 960 5012 noster
1012 4957 1087 5011 ait
1138 4958 1515 5012 Abrahamum
1549 4969 1706 5027 opta-

143 5051 277 5109 visse
308 5061 361 5102 ut
394 5052 594 5106 videret
633 5052 776 5106 diem
825 5053 997 5121 ipsius
1020 5093 1034 5117 ,
1082 5069 1145 5106 ac
1188 5052 1388 5107 vidisse
1421 5054 1708 5124 gavisam-

147 5155 242 5208 que
271 5143 475 5209 esse“;
510 5162 669 5217 quem
703 5155 882 5200 tamen
933 5148 1088 5205 aliter
1117 5148 1429 5216 prospicere
1463 5161 1569 5200 non
1608 5161 1706 5216 po-

149 5235 242 5286 tuit
309 5236 431 5307 ille,
494 5256 659 5309 quam
709 5255 805 5309 per
844 5249 1026 5309 typum
1089 5257 1152 5294 ac
1192 5241 1481 5310 mysteria,
1547 5239 1708 5309 quale

152 5325 271 5380 illud
328 5327 425 5384 fuit
451 5333 595 5400 quod
631 5333 797 5387 lilium
837 5348 993 5386 suum
1023 5334 1307 5386 immolare
1336 5331 1705 5402 jubebatur”,

151 5431 204 5470 ca
233 5422 377 5474 enim
409 5425 623 5480 victima
658 5425 861 5480 Christi
903 5426 1045 5480 diem
1090 5427 1318 5495 ﬁgurate
1355 5425 1703 5478 ostendebat.

1169 5631 1186 5660 "
1227 5629 1427 5685 Jereni.
1475 5645 1645 5694 xxvii,
1676 5629 1730 5684 2.

1136 5705 1176 5733 ’³
1217 5701 1406 5756 Matth.
1455 5719 1536 5767 Ill,
1594 5703 1681 5756 l2.

218 5626 238 5654 ⁸
270 5627 456 5684 Ezech.
491 5645 565 5691 tv,
593 5633 648 5686 '5.
724 5632 742 5662 ⁷
784 5630 885 5686 lsa.
913 5647 1002 5692 xx,
1034 5630 1088 5686 ‘2.

159 5710 297 5773 seqq.
376 5698 414 5729 "
444 5699 507 5754 IV
533 5701 665 5773 Reg.
697 5717 768 5773 tv.
811 5702 828 5752 l
880 5716 1033 5770 seqq.

163 5767 194 5792 "
234 5769 384 5823 tuan.
415 5787 467 5824 Itl
495 5815 506 5831 .
553 5767 639 5825 ΗΪ
717 5771 758 5803 ’⁸
789 5767 1178 5833 learnt—v.15.

513 5873 776 5929 Parnm“
828 5871 944 5930 Gn.
991 5870 1075 5927 CX
1091 5870 1138 5932 ι.

1763 5702 1804 5732 ’⁸
1833 5701 1994 5756 Joan.
2036 5717 2155 5764 vui,
2189 5700 2279 5756 56.

1267 5777 1306 5803 ι’
1333 5775 1508 5827 Galat.
1543 5789 1615 5842 iv,
1647 5773 1739 5828 Ἡ.

1797 1918 2004 1974 Veteris
2071 1915 2406 1972 Testamenti
2473 1916 2642 1975 libros
2704 1931 2813 1970 non
2889 1915 3053 1970 modo
3106 1914 3173 1969 de
3227 1914 3395 1970 rebus

1796 2009 1955 2080 ipsis,
1981 2023 2172 2063 verum
2202 2009 2366 2062 etiam
2402 2007 2632 2078 mystice
2653 2021 2718 2061 ac
2745 2006 2978 2077 figurate
3005 2014 3166 2076 atquc.
3189 2020 3388 2061 recon-

1797 2102 2100 2157 ditioribus
2135 2101 2316 2156 modis
2351 2100 2699 2170 interpretari
2728 2098 2945 2156 debere.

2395 2192 2630 2250 CAPUT
2675 2191 2764 2248 IV.

1872 2285 2004 2341 Utra
2033 2287 2361 2356 expositione
2391 2286 2612 2355 mystica
2647 2303 2709 2340 ne
2751 2303 2820 2339 an
2862 2286 3118 2342 historica
3168 2290 3234 2341 sit
3282 2291 3397 2357 pri-

1800 2394 1944 2431 mum
1987 2381 2419 2448 interpretandus
2459 2378 2775 2448 paradisus.
2816 2379 3085 2449 -lgitur
3117 2395 3243 2435 cum
3292 2381 3387 2436 dn-

1800 2473 1963 2543 plicis
2032 2472 2104 2527 sit
2163 2471 2500 2547 conditionis
2567 2471 2892 2542 paradisus,
2961 2481 3396 2528 consentaneum

1798 2564 1965 2617 etiam
2023 2571 2110 2618 est
2141 2571 2200 2616 ut
2235 2563 2437 2632 duplici
2477 2563 2641 2617 modo
2673 2563 3105 2634 interpretetur,
3165 2562 3398 2634 mystice

1800 2664 1856 2708 et
1884 2664 2183 2724 corporale
2217 2671 2231 2708 :
2269 2653 2376 2708 hoc
2409 2662 2514 2720 est,
2553 2664 2615 2708 ut
2641 2661 2757 2709 tum
2786 2669 2876 2708 res
2902 2653 3036 2724 ipsa:
3067 2663 3403 2726 pertracten-

1804 2761 1916 2815 tur,
1950 2759 2065 2803 tum
2095 2765 2158 2820 ex
2190 2749 2355 2804 rebus
2382 2747 2639 2803 notiones
2669 2729 2793 2802 alia:
2827 2747 3013 2838 quasi.
3028 2763 3126 2820 per
3168 2748 3399 2820 figuram

1803 2841 2496 2911 intelligantur;caeterum
2545 2838 2639 2894 illa
2681 2839 3067 2909 interpretatio
3094 2855 3220 2895 cum
3271 2841 3400 2896 fun-

1801 2929 2066 2984 damento
2097 2938 2152 2982 et
2185 2928 2495 2998 parietibus
2523 2938 2670 2982 recte
2697 2926 3039 2983 conferatur.
3071 2927 3209 2982 Cum
3237 2929 3403 3001 igitur

1803 3033 1937 3076 tunc
1976 3020 2198 3074 demum
2248 3020 2392 3073 muri
2425 3018 2739 3072 immobiles
2772 3019 3085 3074 consistant
3124 3021 3218 3076 ubi
3273 3022 3412 3092 {una

1804 3114 2063 3167 damenta
2115 3121 2244 3168 sunt
2281 3111 2473 3177 lirma,
2509 3126 2571 3166 ac
2621 3111 2852 3181 proinde
2908 3111 3023 3166 haec
3053 3112 3208 3181 prius
3256 3112 3398 3180 iacta

1808 3217 2122 3272 essequam
2191 3202 2271 3256 illi
2326 3211 2683 3257 exstruantur
2731 3211 3002 3272 oporteat,
3038 3205 3255 3258 tametsi
3306 3220 3401 3274 pa-

1810 3299 1997 3362 rietes,
2025 3311 2202 3366 eaque
2234 3311 2357 3365 quae
2388 3305 2615 3365 paratus
2659 3295 2858 3350 mdium
2901 3294 3099 3361 forma,
3147 3298 3306 3366 prius
3344 3300 3398 3350 lu

1808 3389 1996 3444 animo
2019 3397 2187 3458 atque
2222 3387 2556 3458 cogitatione
2598 3403 2629 3441 a
2682 3388 2843 3442 nobis
2873 3397 3170 3443 versentur
3235 3406 3399 3458 quam

1809 3481 2205 3548 fundamenta;
2267 3495 2575 3550 congruum
2629 3494 2850 3549 quoque
2890 3489 2996 3541 cst,
3043 3490 3102 3535 ut
3142 3480 3209 3536 de
3242 3482 3404 3535 rebus

1810 3570 1949 3640 ipsis
2023 3569 2409 3640 interpretatio
2467 3568 2621 3638 prior
2670 3569 3081 3636 constituatur;
3131 3585 3263 3640 quo,
3295 3571 3400 3624 hac

1810 3661 2006 3715 deinde
2039 3676 2138 3715 ceu
2197 3659 2577 3726 fundamento,
2624 3662 2856 3730 mystica
2910 3660 3000 3715 illa
3058 3670 3407 3718 sustentetur

1811 3754 2148 3822 uitaturque.

2442 3843 2672 3900 CAPUT
2719 3843 2786 3898 V.

1884 3935 2135 4000 Quotidie
2160 3936 2296 3987 inter
2325 3935 2445 3988 illos
2473 3950 2565 3987 sex
2592 3935 2706 3989 dies
2739 3935 2931 4002 quibus
2977 3937 3220 3990 condidit
3265 3939 3403 3993 Deus

1811 4029 1944 4081 Itane
1967 4028 2341 4096 aspectubilem
2362 4029 2663 4082 machinam
2694 4029 2761 4080 sit
2777 4029 3019 4081 conditus
3042 4040 3201 4100 atque
3225 4034 3406 4085 consi-

1813 4130 1896 4173 tus
1938 4120 2243 4189 paradisus.
2276 4152 2335 4159 —
2375 4121 2647 4174 (Steterunt
2688 4119 2866 4174 Moses
2913 4121 3127 4185 scribit,
3165 4139 3259 4177 sex
3296 4124 3408 4178 dic-

1810 4211 1915 4265 bus
1933 4211 2214 4266 creavisse
2242 4209 2415 4264 Deum
2463 4212 2605 4266 hanc
2638 4213 2954 4265 machinam
2989 4217 3401 4282 aspectabilem.

1816 4305 1997 4360 Primo
2026 4304 2175 4360 enim
2231 4304 2548 4359 condidisse
2602 4304 2848 4370 coelum,
2912 4313 3141 4371 terram,
3193 4309 3405 4376 lucem;

1813 4398 2077 4462 secundo,
2126 4397 2333 4451 aethera
2386 4396 2499 4449 sive
2555 4394 2999 4462 ﬁrmamentum;
3032 4398 3215 4463 tertio,
3241 4400 3406 4453 arbo-

1812 4507 1920 4556 res,
1956 4490 2178 4555 herbas,
2207 4491 2421 4544 semina
2451 4505 2464 4551 ;
2497 4499 2721 4555 quarto,
2777 4489 2975 4556 solem,
3033 4489 3242 4556 lunam,
3277 4496 3408 4547 stel-

1812 4585 2007 4654 lasque
2043 4591 2305 4649 caeteras;
2345 4582 2561 4653 quinto,
2598 4598 2726 4637 aves
2783 4598 2909 4638 aera
2939 4596 3311 4653 peragrantes,
3355 4599 3409 4641 et

1815 4680 1994 4749 pisces
2032 4694 2130 4747 per
2177 4692 2328 4730 mare
2362 4685 2634 4740 natantes,
2663 4692 2724 4730 ac
2760 4677 2908 4732 humi
2939 4694 3162 4750 quoque
3208 4695 3406 4750 repen-

1814 4783 1893 4829 tes
1922 4774 2232 4828 animantes
2257 4790 2268 4831 :
2297 4783 2480 4837 sexto,
2518 4772 2685 4836 feras,
2726 4783 3155 4842 mansuetasquc
3183 4775 3409 4836 bestias,

1819 4881 2034 4922 necnon
2094 4866 2363 4920 Adamuin
2427 4876 2478 4918 et
2544 4862 2738 4917 Evam.
2795 4864 2862 4918 At
2925 4866 3240 4934 paradisum
3286 4881 3410 4921 esse

1815 4960 2038 5029 quidem
2101 4975 2128 5012 a
2185 4959 2292 5013 Deo
2348 4958 2628 5013 consitum
2673 4950 3092 5025 commemorat,
3155 4958 3252 5014 sed
3299 4975 3407 5014 non

1815 5062 1986 5122 quoto
2021 5053 2108 5106 die
2145 5070 2159 5106 :
2205 5067 2306 5106 nos
2343 5061 2524 5105 tamen
2561 5041 2721 5105 tertio
2768 5060 2821 5105 et
2851 5050 3158 5117 conditum,
3189 5061 3244 5107 et
3274 5068 3406 5107 con-

1815 5150 1980 5202 situm
2010 5162 2132 5202 esse
2161 5163 2228 5201 ex
2267 5147 2337 5202 iis
2368 5146 2550 5200 verbis
2593 5160 2716 5215 quas
2753 5145 2821 5200 de
2865 5145 2985 5217 ipso
3020 5145 3165 5217 apud
3205 5145 3409 5201 Mosem

1817 5241 2088 5296 habentur
2118 5280 2132 5306 ,
2195 5239 2602 5310 intelligimus:
2648 5237 2724 5293 ait
2780 5238 2929 5293 enim
2967 5238 3177 5294 dixisse
3237 5238 3409 5291 Deum

1815 5333 1903 5385 die
1939 5320 2140 5389 tertio:
2173 5330 2449 5388 Produeat
2479 5340 2624 5384 terra
2664 5329 2864 5384 herbas
2896 5330 3287 5399 germinantes,
3327 5345 3414 5386 se.

1818 5425 2091 5494 minisque
2122 5423 2334 5482 feraces
2362 5425 2413 5480 in
2441 5437 2542 5480 suo
2569 5438 2764 5492 genere
2786 5423 2852 5475 ".
2885 5422 2993 5478 Nec
3046 5439 3151 5477 non
3185 5424 3416 5480 arbores

1845 5633 1864 5663 ’
1901 5629 2038 5685 Osee
2070 5647 2106 5696 ι,
2138 5630 2189 5686 1.
2308 5630 2350 5661 ὀ
2390 5626 2567 5686 Exod.
2607 5646 2736 5696 xxv,
2784 5629 2873 5685 40.

2388 5701 2431 5731 ’⁵
2462 5699 2599 5757 Gen.
2645 5717 2778 5764 χχιι,
2811 5701 2866 5754 2.

2355 5771 2395 5802 "
2426 5770 2565 5826 Gen.
2605 5788 2618 5825 ι
2682 5771 2769 5826 Η.

2955 5632 2994 5662 ¹¹
3026 5628 3207 5686 Judic.
3237 5646 3307 5693 vi,
3346 5629 3416 5682 57

2946 5703 2988 5733 ¹⁶
3017 5702 3153 5757 Num
3213 5716 3318 5754 xxi.
3359 5701 3412 5756 9.

1816 5773 1863 5804 ‘°
1912 5772 2087 5828 ICor.
2131 5787 2185 5837 κ,
2220 5773 2275 5826 4.

2985 5870 3059 5929 16
