4010 6508
576 298 675 363 491

1864 286 2091 349 nosrs
2134 286 2282 346 nan
2325 281 2570 345 cerua
3709 280 3794 348 ig;

580 418 888 475 tiuitiieras
937 415 1021 473 siti
1083 428 1327 484 quasque
1362 409 1576 482 generis
1609 447 1624 473 ,
1692 417 1799 463 etc.
1862 404 2155 461 Paradisus
2184 416 2228 472 Α
2258 402 2506 458 Profecto
2540 402 2663 457 dico
2691 401 2808 466 tibi,
2848 400 3014 455 Hodie
3043 403 3147 455 eris
3187 418 3381 457 uiscum
3414 403 3467 456 iu
3500 404 3795 471 paradiso".

583 517 763 581 itaque
794 519 919 563 ante
964 506 1231 561 Adatnum
1264 504 1515 560 conditus
1549 511 1632 556 est
1673 511 1726 556 et
1765 498 1928 553 veluti
1958 512 2161 568 sponso

582 582 909 657 tlialamusa
960 599 1069 653 Deo
1100 605 1437 669 przeparatus
1482 605 1644 665 atque
1675 594 1997 648 instructus.
2024 590 2160 644 Nam

583 694 728 763 quod
757 691 931 746 Moses
952 690 1192 760 paradisi
1242 688 1448 765 conditi
1502 686 1828 741 mentionem
1858 694 1983 754 post
2006 699 2158 738 crea-

583 796 694 840 tum
723 784 989 839 Adamum
1033 781 1180 847 facit,
1206 781 1323 835 ideo
1357 781 1435 843 (it,
1462 780 1605 849 quod
1647 778 1712 832 ad
1751 776 1984 831 nondum
2032 774 2162 829 satis

584 880 907 948 explicatam
973 876 1041 933 de
1094 875 1348 948 paradiso
1396 875 1611 930 consito
1648 874 2012 928 narrationem
2058 871 2162 925 sibi

586 966 990 1030 revertendum,
1023 956 1253 1034 eamque
1294 964 1679 1036 absolvendam
1733 964 1983 1032 putavit,
2043 976 2149 1015 non

587 1062 771 1108 autem
817 1052 973 1123 quasi
1014 1051 1102 1108 ille
1157 1064 1277 1123 post
1316 1054 1597 1107 conditum
1656 1051 1929 1105 Adamutn
1987 1049 2161 1105 laetus

585 1155 673 1199 Sil.

1188 1236 1416 1293 CAPUT
1464 1237 1551 1289 Vl.

655 1328 827 1394 Quam
876 1326 939 1383 ob
1000 1344 1221 1383 causam
1274 1328 1575 1383 condiderit
1640 1328 1777 1381 Heus
1849 1327 2164 1397 paradisum

584 1436 915 1493 corporeum.
966 1451 1037 1462 --
1086 1420 1275 1492 Neque
1335 1436 1465 1476 vero
1518 1421 1746 1475 dubium
1787 1430 1870 1474 est
1924 1424 2053 1490 quin
2113 1428 2163 1472 et

584 1512 979 1568 coliuiiestandi
1021 1521 1076 1568 et
1127 1513 1405 1583 voluptate
1437 1512 1707 1567 alliciendi
1760 1511 1952 1565 Adami
1993 1510 2164 1581 gratia

589 1598 730 1655 Deus
759 1600 1070 1678 paradisum
1122 1600 1451 1666 condiderit,
1504 1612 1561 1653 ut
1588 1600 1681 1667 qui
1724 1599 1877 1653 illum
1907 1599 2009 1653 sibi
2047 1615 2165 1652 ma-

581 1690 701 1759 jore
748 1706 882 1747 cura
932 1692 1228 1763 studioque
1271 1691 1713 1763 prosequendum
1772 1693 1949 1757 duxit,
2000 1706 2161 1761 quam

2266 498 2382 552 Non
2414 510 2595 553 autem
2627 497 2766 552 dixit
2798 496 2850 551 in
2886 500 3043 563 i-oelo,
3077 497 3203 566 qttia
3240 512 3415 568 neque
3460 496 3575 565 ipsa
3621 495 3796 553 Donnni

2266 589 2445 643 anima
2482 588 2665 658 (simul
2715 598 2879 656 atque
2916 602 2942 638 a
2996 600 3226 654 corpore
3258 584 3554 639 dissociata
3587 582 3681 655 est)
3708 598 3796 638 cu:-

2266 680 2376 735 Ium
2429 672 2784 753 conscendit,
2848 680 2939 733 sed
3000 678 3086 732 die
3152 678 3312 732 tertio
3369 690 3587 732 rursum
3637 691 3801 745 corpus

2268 771 2437 826 subiit
2489 786 2663 840 neque
2694 771 2835 824 latro
2865 784 3082 839 quoque
3107 784 3172 823 eo
3206 769 3293 822 die
3339 768 3394 821 in
3427 768 3623 823 C(elum
3659 770 3804 834 potuit

2267 861 2515 922 evadere,
2540 876 2663 914 cum
2694 860 2842 913 dicat
2875 858 3126 914 Christus
3150 860 3422 913 neminem
3448 859 3805 928 conscendisse

2268 952 2546 1007 incmluut
2597 960 2792 1021 praeter
2846 966 2970 1005 cum
3005 952 3095 1021 qui
3148 952 3515 1006 descendisset
3561 951 3625 1004 de
3671 950 3807 1010 ctelo.

2268 1043 2461 1098 Filium
2524 1045 2785 1107 hominis,
2838 1045 2930 1114 qui
2984 1053 3129 1098 esset
3168 1044 3221 1096 in
3252 1042 3470 1098 caelo“.
3503 1041 3626 1094 Fuit
3671 1045 3809 1110 igitur

2268 1137 2585 1206 paradisus,
2618 1153 2725 1191 non
2768 1137 2820 1191 in
2853 1137 3012 1201 etelo,
3037 1136 3130 1190 sed
3177 1136 3231 1189 in
3260 1137 3440 1190 terris.
3470 1129 3689 1204 Insuper
3714 1151 3813 1189 cur-

2271 1242 2475 1301 porata:
2512 1230 2738 1285 arbores
2762 1270 2777 1294 ,
2811 1232 3000 1301 quales
3052 1245 3240 1285 revera
3277 1231 3329 1283 in
3372 1229 3624 1299 paradiso
3657 1238 3811 1282 exsta-

2269 1323 2401 1379 bant
2428 1338 2493 1378 ex
2526 1324 2675 1395 ligno
2704 1332 2996 1389 concretae,
3021 1339 3051 1378 e
3080 1332 3221 1377 terra
3247 1332 3376 1377 satae
3401 1322 3684 1391 pullulant,
3721 1333 3812 1374 non

2267 1425 2450 1471 autem
2510 1431 2676 1487 supra
2736 1416 2931 1471 cmlum
2990 1425 3308 1469 nascuntur.
3352 1413 3592 1483 Denique
3623 1412 3815 1466 Patrum

2266 1507 2612 1575 auctoritate,
2635 1507 2721 1563 cui
2744 1508 2875 1561 lides
2897 1507 3078 1575 negari
3105 1513 3209 1559 non
3235 1513 3431 1573 potest,
3448 1504 3581 1559 satis
3593 1517 3818 1572 compro-

2269 1598 2431 1654 batur
2457 1607 2773 1654 terrestrem
2825 1597 2992 1653 l'uisse
3028 1597 3362 1667 paradisum.
3404 1594 3538 1649 Nam
3582 1593 3814 1647 dominus

2269 1692 2509 1750 Joannes
2541 1691 2597 1746 in
2628 1707 2690 1747 ea
2719 1692 2969 1747 oratione
2997 1705 3103 1759 qua
3145 1689 3369 1744 disserit
3399 1702 3501 1743 cur
3552 1687 3709 1742 arbor
3741 1685 3815 1739 illa

585 1781 747 1837 ullam
800 1797 978 1838 rerum
1031 1792 1352 1840 cteterarum
1385 1799 1506 1854 qua:
1544 1798 1707 1854 super
1742 1792 1939 1838 terram
1966 1790 2169 1839 essent.
2199 1778 2244 1833 Β
2275 1788 2348 1844 sit
2411 1794 2604 1842 vocata
2659 1784 2905 1840 scientiae
2947 1783 3073 1838 boni
3104 1790 3158 1838 et
3201 1781 3353 1847 mali,
3391 1780 3582 1836 scribit
3620 1781 3671 1834 in
3697 1780 3817 1833 lianc

586 1873 756 1949 Igitur
817 1875 1281 1945 quemadmodum
1348 1875 1676 1944 impensiore
1725 1876 1903 1945 ipsum
1954 1874 2164 1929 honore

586 1978 749 2034 quam
777 1964 915 2022 alias
956 1981 1046 2022 res
1073 1980 1103 2019 a
1141 1980 1201 2023 se
1225 1975 1443 2021 creatas
1472 1965 1749 2031 atiecerat,
1794 1965 1875 2020 sic
1901 1964 2016 2020 suis
2049 1964 2165 2035 ipse

587 2056 862 2125 manibus,
900 2068 1066 2130 atque
1107 2060 1175 2114 ad
1208 2074 1363 2115 suam
1396 2059 1689 2129 imaginem
1720 2058 1872 2113 illum
1902 2057 2161 2122 condere,

585 2160 640 2202 et
668 2148 920 2217 paradiso
960 2150 1125 2205 veluti
1167 2148 1449 2206 domicilio
1483 2166 1593 2221 pra:
1650 2150 1864 2205 caeteris
1888 2148 2164 2205 honorare

585 2238 775 2295 voluit.
841 2238 1029 2311 Itaque
1080 2240 1261 2294 locum
1325 2240 1375 2295 ei
1439 2240 1731 2295 destinavit
1767 2247 1820 2295 et
1879 2234 2177 2295 consuevit

585 2330 1021 2397 ornatissimum,
1055 2330 1659 2402 magnilicentissimum
1691 2370 1705 2393 ,
1741 2329 2166 2398 voluptuosissi-

586 2434 759 2485 mum,
785 2429 841 2476 et
874 2421 945 2477 ob
974 2436 1252 2477 summam
1294 2422 1618 2492 elegantiam
1675 2421 2169 2491 pulchritudinem-

584 2524 691 2582 que
741 2508 978 2566 maxime
1038 2512 1411 2582 expetibilem,
1469 2512 1522 2564 in
1560 2525 1669 2580 quo
1715 2510 1804 2567 ille
1857 2519 2170 2566 versaretur

576 2600 1009 2679 .liabitaretque:
1046 2617 1223 2671 neque
1274 2600 1521 2670 permisit
1560 2610 1619 2654 ut
1664 2613 1983 2655 tmterorum
2019 2614 2171 2655 more

585 2692 949 2747 animantium
982 2734 997 2758 ,
1035 2708 1155 2763 quia
1212 2693 1421 2746 ratione
1481 2701 1696 2753 vacant,
1752 2700 1951 2745 terram
2001 2691 2168 2761 depa-

584 2793 763 2841 βασι-ει
775 2824 787 2836 .

1190 2875 1421 2931 CAPIT
1458 2875 1567 2932 VII.

658 2971 735 3024 Ds
766 2969 1039 3040 paradiso,
1077 2984 1232 3037 super
1274 2979 1496 3034 terram,
1537 2986 1605 3023 an
1662 2971 1717 3023 iit
1766 2968 1893 3025 (telo
1922 2970 2164 3025 exsistat.

583 3089 656 3105 -σ-
684 3062 821 3118 Sunt
848 3062 940 3131 qui
996 3063 1047 3116 ιιι
1097 3062 1233 3117 caelo
1289 3062 1601 3133 paradisum
1653 3076 1774 3116 esse
1832 3070 2042 3131 putent,
2101 3054 2166 3117 eo

2270 1879 2591 1937 sententiain
2627 1894 2641 1933 :
2669 1877 2728 1933 Si
2774 1892 2999 1949 regnum
3030 1876 3154 1931 cmli
3181 1874 3432 1946 promisit
3466 1872 3622 1928 nobis
3653 1870 3817 1925 Domi-

2274 1988 2379 2029 nus
2433 1981 2641 2037 noster,
2708 1972 2976 2027 latronem
3006 1986 3137 2025 vero
3193 1971 3249 2025 in
3310 1967 3624 2040 paradisum
3679 1964 3822 2020 modo

2272 2065 2546 2131 subvexit,
2608 2078 2743 2120 sane
2791 2062 3081 2118 coniicitur
3128 2077 3234 2117 non
3268 2060 3609 2118 satisfecisse
3660 2060 3817 2129 ipsum

2272 2154 2493 2211 latroni.
2551 2156 2689 2210 item
2738 2152 2997 2209 dominus
3056 2151 3314 2219 Severus,
3368 2151 3617 2209 oratione
3646 2151 3733 2217 ἥ,
3764 2150 3821 2204 ds

2273 2246 2555 2318 Epitronio
2577 2246 2659 2304 sic
2688 2245 2881 2302 scribit
2912 2263 2927 2300 :
2954 2246 3028 2300 Ea
3051 2261 3173 2317 quae
3199 2244 3356 2302 nobis
3386 2260 3433 2315 pi
3449 2245 3654 2302 omissa
3688 2250 3818 2305 sunt,

2272 2339 2449 2407 ipsum
2490 2346 2617 2393 sunt
2640 2338 2766 2394 cteli
2816 2353 3079 2409 regnum;
3112 2353 3218 2393 non
3251 2347 3433 2392 autem
3455 2353 3577 2402 quae
3604 2336 3656 2390 in
3680 2350 3819 2404 para-

2270 2430 2392 2485 diso
2430 2430 2764 2507 percipiatur
2791 2431 3061 2501 voluptas.
3118 2430 3275 2487 Aliud
3312 2429 3477 2499 igitur
3505 2428 3817 2498 paradisum.

2271 2522 2419 2578 aliud
2465 2538 2693 2592 regnum
2742 2522 2966 2578 caeleste
2999 2536 3141 2585 esse,
3172 2521 3348 2592 palam
3393 2519 3602 2575 faciunt
3653 2521 3704 2573 hi
3732 2517 3818 2571 Pa-

2272 2622 2405 2670 tres.
2442 2612 2730 2671 Postremo
2785 2613 3045 2683 Ephrem,
3074 2614 3128 2667 in
3173 2628 3240 2667 eo
3274 2613 3431 2676 libro,
3458 2628 3570 2682 quo
3602 2612 3820 2681 paradisi

2276 2704 2648 2761 conditionem
2678 2707 3015 2776 exsequitur,
3061 2705 3265 2759 diserte
3303 2703 3499 2759 asserit
3523 2713 3819 2759 terrestrem

2271 2812 2415 2853 esse.
2448 2796 2616 2869 Igitur
2646 2798 2997 2868 perspicuum
3028 2806 3110 2852 est
3156 2797 3211 2852 in
3245 2798 3405 2853 terris
3448 2811 3571 2853 esse
3625 2795 3824 2868 paradi-

2269 2903 2415 2954 sum,
2451 2903 2560 2944 non
2594 2889 2648 2943 in
2676 2890 2841 2944 cmlo.

2870 3024 3105 3082 CAPUT
3147 3024 3285 3079 VIII.

588 3156 733 3225 quod
799 3155 958 3209 divus
1039 3151 1238 3209 Paulus
1297 3152 1575 3223 apostolus
1626 3154 1695 3209 de
1759 3155 1938 3234 seipso
2000 3153 2163 3219 dicat,
2196 3126 2239 3185 α
2345 3158 2532 3218 Utrum
2583 3162 2869 3231 paradisus
2914 3165 2971 3214 in
3020 3162 3118 3215 hoc
3152 3170 3415 3215 terrarum
3461 3170 3635 3218 tractis
3691 3174 3826 3227 quis

588 3256 799 3318 raptum
836 3262 894 3301 se
922 3246 1090 3301 fuisse
1145 3248 1198 3300 in
1255 3248 1474 3300 tertium
1534 3247 1753 3312 cadum,
1787 3257 1839 3300 et
1870 3248 1919 3301 in
1955 3247 2169 3317 paradi-

587 3339 810 3403 sum";
859 3354 1035 3407 neque
1063 3336 1206 3397 enim
1241 3338 1344 3391 ltoe
1378 3338 1719 3406 adiecturum
1753 3336 1945 3402 fuisse,
1981 3338 2165 3408 nisi.in

587 3429 727 3487 cado
775 3438 919 3485 esset
956 3428 1261 3499 paradisus.
1307 3427 1505 3483 Verum
1562 3445 1661 3483 nos
1702 3430 1768 3483 ad
1821 3444 1885 3484 ea
1936 3445 2168 3500 respon-

586 3525 802 3589 demus,
829 3524 937 3577 duo
986 3521 1154 3577 fuisse
1179 3524 1293 3576 visa
1328 3522 1415 3576 illa
1451 3523 1503 3576 in
1565 3538 1687 3591 quae.
1734 3521 1933 3577 Paulus
1984 3534 2169 3594 raptus

589 3626 739 3682 erat;
775 3630 881 3669 non
938 3616 1176 3678 unicum,
1232 3630 1355 3669 cum
1400 3615 1552 3685 ipsus
1585 3615 1732 3667 dicat
1778 3632 1791 3668 :
1845 3612 2057 3667 Veniam
2099 3614 2168 3667 ad

587 3708 702 3762 risa
730 3718 887 3777 atque
926 3706 993 3760 ad
1036 3706 1417 3775 patefactioncs
1460 3706 1672 3759 Domini
1692 3706 1773 3770 ²³;
1827 3721 1934 3759 non
1986 3715 2165 3760 autem

592 3802 659 3855 ad
698 3800 871 3855 visum
918 3810 969 3853 et
1000 3800 1064 3850 ad
1101 3799 1541 3869 patefactionem.
1596 3795 1779 3867 Neque
1821 3812 1945 3849 vero
1976 3798 2170 3852 desunt

588 3895 752 3949 etiam
786 3892 941 3947 nobis
978 3894 1271 3959 Scriptura:
1307 3890 1410 3944 loci
1437 3891 1634 3958 quibus
1664 3889 2053 3944 convincamus
2085 3890 2167 3942 di-

593 3998 777 4041 versas
827 3982 997 4037 fuisse
1028 3982 1164 4037 duas
1225 3981 1343 4035 illas
1401 3980 1821 4050 patefactiones;
1889 3988 1942 4035 et
1989 3980 2171 4049 priore

590 4074 810 4146 quidem
846 4074 898 4127 in
934 4072 1157 4137 ccelum,
1203 4072 1371 4125 altera
1405 4087 1533 4125 vero
1578 4074 1629 4125 in
1661 4071 1971 4140 paradisum
2004 4070 2171 4125 fuisse

593 4166 864 4221 sublatum
912 4164 1163 4218 Paulum.
1199 4162 1310 4218 Nos
1355 4164 1523 4234 igitur
1577 4179 1739 4232 super
1797 4172 1992 4217 terram
2050 4179 2171 4218 esse

595 4258 905 4329 paradisum
932 4258 1247 4320 statuimus,
1285 4256 1449 4325 idque
1494 4256 1575 4309 liis
1618 4256 1958 4325 argumentis
1996 4256 2171 4310 :Con-

598 4361 791 4414 irruat,
860 4350 1057 4419 inquit,
1119 4348 1377 4403 Dominus
1431 4348 1567 4402 Deus
1596 4350 1907 4417 paradisum
1936 4350 1989 4404 in
2022 4350 2169 4404 Eden

594 4447 658 4498 ab
715 4442 979 4506 initio”;
1026 4442 1142 4495 sive
1188 4442 1393 4511 pridem
1444 4440 1639 4495 :Iiden
1675 4456 1802 4497 vero
1842 4441 2021 4495 locum
2079 4459 2169 4494 vn-

593 4551 748 4593 iasse
786 4534 1023 4597 videtur,
1079 4550 1183 4585 ιιυιι
1211 4534 1302 4602 qui
1340 4548 1506 4601 supra
1537 4534 1733 4587 cretum
1777 4542 1940 4598 esset,
1994 4538 2085 4589 sed
2117 4538 2168 4589 in

592 4628 775 4684 terris.
832 4624 1097 4680 Praeterea
1136 4616 1284 4677 idem'
1314 4624 1493 4678 Moses
1526 4622 1757 4677 aliirniat
1784 4635 2021 4693 quatuor
2070 4626 2171 4680 tiu-

591 4719 787 4774 minae
814 4714 1068 4785 paradiso
1099 4710 1451 4782 proﬂuxisse,
1480 4712 1781 4781 Tigridem,
1814 4714 2169 4782 Euphratem,

591 4813 924 4871 Gilioneum,
955 4817 1008 4862 ct
1045 4806 1341 4861 Phisonem
1389 4824 1401 4857 :
1442 4821 1560 4875 qutc
1614 4807 1659 4859 si
1696 4820 1728 4860 e
1770 4808 1910 4861 caelo
1950 4807 2170 4877 delapsa

590 4912 793 4968 essent,
818 4910 1175 4957 eseavassent
1203 4900 1387 4962 utique
1421 4907 1583 4968 atque
1616 4908 1769 4954 vasto
1801 4900 1967 4955 balitu
1996 4904 2167 4970 ipsam

595 5011 793 5053 terram
825 4994 1192 5063 aperuissent,
1228 4991 1428 5061 quippe
1457 5008 1577 5061 qua:
1597 4994 1869 5048 sustinere
1894 4997 2170 5064 nequivis-

590 5102 675 5146 set
703 5088 900 5143 molem
934 5097 1163 5150 tantam,
1194 5096 1397 5154 quanta
1452 5101 1606 5154 aqua:
1646 5101 1711 5138 ex
1760 5085 1879 5140 loco
1928 5097 2033 5141 tam
2076 5104 2167 5142 su-

591 5185 742 5241 blimi
777 5181 1077 5253 praecipites
1114 5179 1439 5251 (etquidem
1488 5179 1603 5233 dies
1642 5190 1939 5249 noctesque
1990 5183 2167 5235 conti-

592 5288 761 5335 nuato
777 5277 969 5341 cursu)
1004 5273 1207 5341 absque
1234 5272 1343 5326 ulla
1369 5273 1779 5327 intermissione
1810 5273 1979 5342 ipsam
2018 5290 2168 5343 pres-

590 5372 818 5433 sissent,
856 5380 1027 5436 quare
1061 5380 1091 5418 e
1126 5373 1265 5417 terra
1296 5378 1654 5433 promanasse
1680 5363 1769 5418 illa
1819 5362 2037 5419 ﬂumina
2074 5382 2167 5419 ne-

589 5479 744 5520 cesse
772 5470 873 5522 est,
906 5469 958 5515 et
990 5458 1217 5529 proinde
1256 5458 1569 5527 paradisum
1605 5473 1822 5529 quoque
1859 5440 2170 5513 terrestrem

584 5564 778 5616 luisse.
820 5552 894 5603 Ad
929 5552 1040 5606 lucc
1096 5550 1362 5607 Dominus
1400 5561 1585 5606 noster
1628 5552 1704 5604 ait
1748 5552 1813 5603 ad
1859 5552 2171 5608 latronem:

657 5734 700 5765 "
733 5732 774 5787 ll
821 5730 951 5787 Cor.
990 5736 1162 5800 ιαμ-ὲ.
1240 5736 1284 5767 ¹²
1314 5735 1446 5790 ibid.
1482 5734 1533 5788 l.
1614 5732 1659 5763 “
1698 5731 1833 5787 Gen.
1880 5749 1937 5800 tt,
1985 5733 2033 5787 8.

2115 5736 2158 5766 ’⁵
2188 5732 2320 5787 Luc.
2360 5747 2512 5799 XXIII,
2552 5733 2636 5786 45.

2274 3269 2368 3308 nos
2400 3252 2684 3307 incolimus
2713 3253 3011 3317 exsisteret,
3037 3270 3105 3306 an
3133 3254 3188 3306 in
3214 3254 3318 3305 alio
3347 3252 3612 3322 quopiam.
3638 3249 3826 3307 —.Iatn

2274 3357 2402 3398 vero
2435 3354 2788 3414 posteaquam
2834 3345 3177 3398 ostendimus
3205 3344 3258 3397 in
3293 3342 3450 3398 terris
3486 3340 3654 3398 fuisse
3681 3356 3825 3413 para-

2272 3434 2450 3491 disum
2480 3474 2497 3497 ,
2550 3435 2916 3507 indagandum
2981 3437 3136 3489 nobis
3184 3442 3481 3504 superest,
3537 3449 3604 3487 an
3663 3433 3719 3488 in
3754 3433 3826 3486 bis

2275 3535 2543 3583 terrarum
2612 3527 2923 3597 regionibus
2994 3542 3130 3597 quas
3206 3541 3304 3581 nos
3361 3525 3614 3581 mortales
3673 3524 3827 3579 babe-

2274 3632 2431 3680 mus,
2464 3632 2531 3671 an
2595 3620 2648 3672 in
2685 3618 2804 3672 aliis
2856 3619 3179 3687 quibusdam
3226 3617 3510 3672 exstiterit.
3577 3615 3825 3672 Ceterum

2274 3710 2564 3765 statuimus
2597 3720 2795 3764 terram
2847 3726 3009 3764 unam
3040 3709 3261 3765 omnino
3298 3723 3439 3771 esse,
3473 3715 3636 3778 atque
3682 3706 3828 3762 unius

2276 3801 2582 3855 universam
2623 3802 2972 3871 ejusdemque
3022 3811 3265 3865 naturae;
3298 3815 3529 3870 eamque
3563 3810 3753 3853 terram
3780 3797 3825 3850 itt

2274 3906 2379 3960 qua
2410 3892 2696 3961 paradisus
2727 3893 3042 3956 exsistebat,
3071 3893 3335 3946 diversam
3385 3890 3604 3959 quidem
3624 3905 3740 3945 esse
3767 3888 3827 3941 ab

2275 3983 2375 4036 hac
2412 3995 2619 4051 nostra,
2654 4001 2837 4038 verum
2872 4002 2975 4040 nun
3014 3994 3205 4038 natura
3226 3986 3450 4054 ipsaque
3477 3986 3562 4038 sui
3589 3981 3823 4044 materia,

2274 4074 2369 4128 sed
2404 4077 2625 4130 raritate
2654 4086 2707 4130 et
2724 4076 3089 4131 densitudine.
3123 4076 3435 4130 Dividamus
3462 4075 3825 4146 igiturterram

2274 4166 2327 4219 in
2361 4166 2494 4222 duas
2525 4168 2790 4222 maximas
2846 4176 3061 4237 partes,
3113 4182 3341 4237 quarum
3387 4169 3557 4220 altera
3610 4162 3828 4235 paradisi

2276 4267 2440 4320 terra,
2466 4258 2637 4312 altera
2666 4270 2818 4313 extra
2850 4258 3160 4328 paradisum
3200 4268 3421 4311 vocetur
3453 4257 3582 4312 :ilIa
3611 4254 3826 4319 subtilis,

2275 4348 2507 4409 sincera,
2532 4364 2683 4416 pura,
2712 4348 2825 4402 lia'e
2847 4363 2966 4417 quae
2987 4364 3013 4400 a
3036 4348 3190 4402 nobis
3210 4348 3423 4411 colitur,
3446 4361 3654 4410 crassa,
3678 4354 3829 4397 mateo

2275 4440 2429 4504 riata,
2452 4440 2681 4510 impura,
2702 4441 2928 4495 confusa
2964 4440 3054 4494 sit.
3074 4437 3191 4491 Jam
3221 4452 3348 4492 vero
3372 4438 3647 4505 concipito
3667 4438 3827 4490 animo

2281 4545 2372 4587 tuo
2395 4535 2556 4587 hasce
2577 4545 2812 4601 quatuor
2836 4550 2919 4586 res
2942 4550 2953 4584 :
2979 4532 3183 4587 eadunt
3213 4532 3463 4599 superius
3486 4530 3617 4584 illud
3645 4527 3861 4601 spiriti-,

2279 4628 2703 4697 busangelisqne
2735 4626 3135 4693 frequentatum
3158 4642 3171 4689 ;
3194 4624 3385 4678 deinde
3404 4624 3549 4694 quod
3585 4625 3677 4678 illo
3706 4620 3827 4676 infe-

2279 4720 2394 4775 rius
2444 4730 2551 4783 est,
2610 4720 3122 4786 lirniamentuinque
3193 4732 3223 4771 a
3254 4718 3408 4772 nobis
3440 4718 3624 4771 vocari
3672 4716 3825 4775 solet;

2280 4824 2463 4883 postea
2483 4828 2601 4867 eam
2629 4823 2825 4865 terrain
2845 4825 2965 4879 quze
2990 4810 3222 4879 paradisi
3239 4821 3342 4877 est;
3363 4810 3578 4863 demum
3604 4824 3716 4861 eam
3734 4818 3829 4860 ter.

2279 4918 2531 4971 ratn'quze
2571 4911 2654 4955 est
2673 4910 2823 4955 extra
2863 4901 3174 4968 paradisum
3193 4917 3206 4953 :
3223 4898 3419 4953 deinde
3433 4900 3503 4950 ita
3516 4896 3827 4956 existimata.

2279 4994 2731 5065 quemadmodum
2748 4994 2796 5046 id
2812 4994 2955 5061 quod
2978 4992 3375 5045 ﬁrmamentum
3392 4989 3569 5043 vocari
3586 4988 3739 5042 dixiin
3752 5002 3829 5050 ns,

2278 5088 2640 5159 praecellentia
2668 5086 2903 5157 quadam
2935 5084 3251 5140 subtilitatis
3274 5082 3410 5138 caelo
3438 5083 3511 5136 illi
3539 5078 3827 5137 subliniiori

2278 5183 2667 5251 spiritibusque
2696 5183 2873 5236 dicato
2926 5181 3098 5239 cedit;
3134 5195 3196 5233 ac
3226 5194 3441 5233 rursum
3472 5180 3654 5241 eadem
3686 5190 3831 5242 para-

2279 5275 2455 5328 disum
2489 5258 2707 5343 superat
2734 5286 2789 5327 et
2816 5273 3143 5326 crassiorem
3175 5282 3227 5325 et
3256 5272 3427 5342 magis
3464 5272 3787 5324 inateriatutr
3813 5282 3826 5316 :

2283 5367 2353 5419 ita
2391 5377 2443 5419 et
2476 5366 2786 5435 paradisum
2831 5364 3092 5431 dignitate
3135 5366 3479 5433 puritatequc
3528 5362 3823 5416 inferiorem

2284 5460 2499 5527 quidem
2552 5476 2673 5512 esse
2725 5459 3106 5522 ﬁrmamento;
3162 5457 3255 5511 sed
3310 5468 3476 5522 terra,
3527 5472 3646 5525 quae
3692 5461 3825 5507 extra

2287 5552 2461 5621 ipsum
2510 5563 2627 5615 est,
2684 5550 3134 5619 priestantioreni.
3194 5548 3273 5601 Fit
3327 5550 3506 5617 itque
3556 5558 3614 5601 ut
3655 5544 3824 5618 emittm

2718 5730 2760 5763 "
2786 5728 2940 5786 Joan.
2984 5745 3061 5795 ttt,
3116 5728 3196 5782 13.
