4010 6462
197 252 293 316 493

1313 251 1419 311 DE
1462 228 1865 311 PARADISO.
1911 275 1977 287 —~
2021 251 2213 310 rans
2257 249 2308 308 Ι.

3336 254 3442 316 49L

196 368 318 421 illud
351 365 630 419 beatorum
661 364 952 436 spirituum
981 364 1317 422 domicilium
1353 365 1754 434 pra-cellentius
1786 382 1828 428 Α
1863 373 1970 421 tate
2000 367 2341 435 genuinaquc
2385 361 2640 442 puritate.
2688 360 2774 414 Ait
2802 361 2948 416 enim
2981 382 2993 418 :
3026 362 3258 435 Oltjit-iat
3287 371 3448 424 nobis

192 463 259 516 sit
289 460 659 525 ﬁrmamento;
692 461 1119 524 ﬁrmamentum,
1154 459 1439 529 paradiso;
1472 459 1760 528 paradisus

191 569 251 608 ea
281 563 424 609 terra
453 568 616 623 quam
651 567 754 608 nos
783 552 1112 608 habitamus.
1145 552 1236 607 Est
1270 552 1432 624 igitur
1465 553 1570 606 alia
1604 567 1760 621 para-

190 646 290 701 disi
319 656 482 709 terra,
513 645 619 700 alia
656 645 769 700 hac
797 655 1019 713 nostra;
1053 646 1145 702 sed
1179 645 1278 714 ita,
1308 655 1368 700 ut
1399 662 1503 700 non
1537 655 1756 708 natura,

189 755 374 795 verum
411 738 651 793 materia:
682 740 987 793 subtilitate
1023 738 1453 808 excellentiaquc
1484 736 1756 792 diﬂ'crant.

189 831 288 888 Sed
321 841 500 900 potest
526 832 576 886 id
611 833 774 887 etiam
812 833 913 886 hoc
942 841 1263 902 argumento
1289 847 1321 886 a
1347 846 1531 885 rerum
1567 838 1756 884 natura

186 925 350 993 petito
380 923 766 977 demonstrari.
806 921 1070 977 Conditus
1099 921 1242 976 enim
1289 921 1531 977 Adamus
1563 935 1670 974 non
1703 920 1755 972 in

187 1013 288 1069 hoc
317 1028 512 1068 crasso
538 1013 831 1082 densaque
859 1014 1020 1082 pleno
1052 1013 1293 1067 materiae
1333 1011 1452 1067 loco
1482 1013 1577 1081 qui
1605 1019 1757 1064 extra

185 1107 498 1175 paradisum
530 1114 639 1170 est,
667 1105 970 1173 collocatus
1001 1119 1028 1156 a
1059 1101 1170 1158 Deo
1200 1111 1302 1167 est,
1339 1103 1579 1156 nondum
1611 1102 1755 1156 enim

184 1200 488 1269 deliquerat
537 1207 700 1268 atque
747 1206 1040 1267 peccarat;
1073 1210 1250 1265 neque
1303 1210 1494 1250 rursus
1543 1194 1756 1265 positus

183 1300 266 1346 est
315 1291 370 1344 in
423 1291 532 1345 illis
572 1290 1009 1360 praecellentibus
1049 1290 1205 1349 locis,
1252 1287 1390 1342 cmlo
1436 1285 1522 1341 vel
1572 1286 1759 1341 ﬁrma-

184 1392 387 1446 mento,
424 1381 560 1435 nihil
599 1383 746 1436 enim
785 1381 962 1435 adhuc.
1005 1381 1127 1433 boui
1171 1388 1411 1449 patrarat
1443 1395 1457 1431 :
1489 1378 1580 1433 sed
1617 1377 1757 1446 quod

181 1464 603 1528 consentaneum
655 1481 794 1536 erat,
829 1471 1116 1526 collocavit
1171 1472 1351 1541 ipsum
1399 1468 1541 1524 Deus
1583 1470 1634 1522 in
1695 1483 1760 1523 eo

180 1543 300 1619 loco
346 1565 440 1633 qui
490 1564 633 1618 inter
684 1575 946 1630 utrosque
1012 1563 1134 1617 illos
1186 1561 1366 1616 medio
1415 1576 1474 1616 se
1525 1559 1760 1615 habebat

183 1653 375 1717 modo;
432 1653 536 1708 hoc
581 1663 686 1716 est,
737 1653 1040 1722 paradiso:
1080 1653 1165 1706 hic
1202 1651 1347 1705 enim
1389 1659 1450 1704 ut
1497 1666 1604 1704 non
1645 1656 1755 1704 tam

1867 459 1956 513 hic
1981 459 2179 527 aliquis
2214 455 2328 511 ﬁeri
2363 471 2466 510 non
2502 469 2665 526 posse
2697 457 2843 525 (cum
2880 467 3021 512 terra
3050 460 3228 513 omnis
3286 463 3449 516 unius

1865 548 2219 620 ejusdemque
2271 558 2482 604 natura
2525 549 2599 604 sit
2647 559 2809 621 atque
2860 551 3135 621 essentias)
3185 563 3243 607 ut
3275 554 3442 623 altera

1861 642 1982 712 ejus
2004 657 2130 713 pars
2151 641 2385 707 subtilis,
2416 655 2574 711 pura,
2604 641 2852 709 sincera;
2883 643 3052 698 altera
3083 659 3209 700 vero
3235 659 3445 710 crassa,

1868 737 2100 806 impura,
2151 735 2339 800 mista,
2387 733 2730 804 confusaque
2775 749 2897 789 esse
2948 740 3152 808 queat.’
3187 738 3291 793 Sed
3347 755 3446 792 nos

1865 827 2283 896 respondemus,
2327 824 2439 880 ﬁeri
2495 826 2719 880 omnino
2769 825 2817 879 id
2875 842 3038 896 posse
3088 847 3101 882 :
3154 829 3352 900 quippe
3392 831 3444 884 in

1864 921 2020 991 aquis
2073 934 2194 990 qua:
2242 927 2370 974 sunt
2421 918 2665 989 ejusdem
2721 923 2973 976 essentia:
3024 939 3258 989 omnes,
3313 925 3454 981 alias

1865 1010 2044 1068 tat'nen
2098 1012 2378 1082 limpidas,
2425 1013 2563 1067 alias
2613 1013 2895 1080 turbidas;
2933 1017 3196 1084 quasdam
3256 1017 3448 1073 dulces

1864 1119 2106 1176 poloque
2157 1121 2405 1172 suaves;
2439 1106 2575 1161 alias
2654 1121 2890 1172 amaras,
2940 1118 3104 1178 atque
3154 1109 3209 1164 in
3258 1121 3445 1182 potum

1862 1181 2069 1269 ineptas
2100 1219 2110 1254 :
2146 1201 2269 1254 item
2306 1198 2357 1254 in
2401 1215 2560 1266 aere,
2597 1199 2762 1254 alimn
2796 1215 3041 1256 crassum
3081 1202 3447 1275 densumque.

1863 1294 2031 1348 alium
2063 1293 2351 1363 liquidum,
2382 1293 2732 1364 naturalique
2770 1302 3130 1364 temperatum
3170 1299 3445 1365 puritate;

1864 1399 2060 1439 rursus
2087 1385 2256 1438 alium
2287 1383 2493 1462 salubri
2521 1393 2685 1454 atque
2712 1399 2928 1441 amoena
2962 1386 3255 1455 temperie,
3278 1390 3446 1443 alium

1865 1474 2027 1529 noxia
2066 1474 2401 1544 intemperie
2464 1474 2786 1545 ingratoque
2844 1475 3013 1531 odore
3061 1479 3379 1546 experimur
3433 1498 3445 1529 :

1863 1565 2102 1635 denique
2134 1566 2248 1635 ipsa
2284 1567 2451 1620 etiam
2484 1568 2734 1637 corporis
2773 1568 2944 1623 nostri
2989 1570 3232 1623 membra
3266 1571 3446 1624 omnia

1860 1658 2105 1728 quidem,
2153 1659 2315 1711 unius
2359 1667 2521 1728 atque
2568 1657 2816 1728 ejusdem
2869 1675 3078 1716 natura:
3126 1678 3246 1716 esse
3284 1677 3448 1716 nemo

181 1761 348 1817 purus
382 1739 655 1816 potusque
681 1755 767 1800 est
798 1761 961 1815 quam
995 1744 1424 1808 ﬁrmamentum,
1455 1744 1528 1798 ita
1560 1758 1757 1798 rursus
1791 1757 1831 1812 Β
1863 1750 2174 1821 negaverit:
2224 1761 2278 1804 et
2325 1759 2506 1806 tamen
2563 1752 2759 1807 oculus
2801 1753 3017 1810 lucidus
3049 1766 3133 1811 est
3169 1767 3334 1826 atque
3373 1757 3443 1810 li-

182 1852 286 1892 non
325 1850 432 1891 tatu
468 1853 657 1892 crassa
705 1847 1006 1907 coactaque
1042 1837 1269 1891 materie
1314 1844 1549 1904 constat,
1590 1844 1755 1906 atque

181 1930 295 1986 hec
337 1939 523 1986 nostra
563 1945 684 1999 quae
734 1937 889 1984 extra
942 1929 1253 2000 paradisum
1304 1936 1425 1992 est,
1474 1936 1642 1983 terra.
1694 1926 1756 1981 Et

179 2037 328 2089 vero,
359 2037 424 2078 eo
459 2024 690 2078 consilio
729 2023 946 2077 videtur
986 2021 1254 2092 ejusmodi
1304 2020 1482 2076 medio
1532 2019 1654 2075 loco
1685 2021 1754 2074 ab

177 2116 366 2186 opitice
392 2116 502 2170 Deo
529 2115 617 2169 ille
651 2116 862 2184 positus
891 2127 1030 2175 esse,
1061 2123 1120 2167 ut
1152 2113 1196 2166 si
1230 2113 1536 2182 morigerus
1561 2112 1751 2166 obser-

179 2200 327 2262 varet
353 2208 532 2276 jussa,
571 2207 967 2260 subVeherctur
1007 2205 1058 2257 in
1107 2205 1510 2256 llrmamentum
1573 2203 1752 2257 locum

177 2299 654 2370 praecellentiorem
688 2299 1079 2368 purioremque
1115 2298 1369 2365 paradiso
1404 2313 1419 2351 :
1453 2296 1537 2351 sin
1571 2305 1752 2350 autem

178 2391 446 2446 mandatis
495 2406 624 2444 non'
655 2400 892 2459 pareret,
938 2390 1030 2468 sed
1084 2390 1449 2458 delinqueret,
1487 2400 1653 2458 atque
1687 2389 1754 2442 al)

177 2499 238 2538 ea
267 2499 431 2556 quam
461 2484 563 2536 sibi
597 2499 731 2538 suus
763 2485 986 2537 etIector
1019 2482 1420 2550 imperavisset,
1449 2483 1564 2551 lege
1591 2479 1754 2536 deﬂe-

180 2583 371 2640 cterct,
409 2575 775 2644 conjiccretur
803 2576 856 2628 in
892 2575 1032 2628 hanc
1057 2573 1471 2636 exsecrabilem,
1511 2589 1752 2629 crassam

178 2681 242 2723 ac
268 2669 492 2724 densam
526 2677 724 2722 terram
754 2682 917 2737 quam
949 2683 1048 2720 nos
1077 2676 1229 2720 extra
1261 2667 1576 2736 paradisum
1610 2682 1756 2722 nunc

180 2760 504 2815 habitamus.
535 2761 676 2826 Quin
728 2756 1038 2829 paradisum
1074 2760 1245 2814 fuisse
1291 2763 1469 2815 medio
1511 2759 1632 2814 loco
1673 2770 1754 2815 te-

182 2864 353 2908 statur
383 2855 549 2908 etiam
596 2852 926 2924 Philoxenus
973 2852 1217 2924 Mabugze
1265 2855 1557 2922 episcOpus
1599 2853 1652 2908 in
1688 2868 1753 2908 eo

181 2961 426 3003 sermone
477 2964 642 3018 quem
708 2948 775 3001 de
841 2947 1307 3017 contemplatione
1369 2948 1584 3002 arboris
1632 2949 1755 3002 vita:

180 3041 498 3112 conscripsit
549 3041 632 3095 his
684 3041 866 3096 verbis
909 3059 922 3096 :
961 3041 1051 3095 Sic
1096 3044 1343 3096 consitus
1388 3057 1418 3096 a
1450 3039 1562 3096 Deo
1596 3057 1754 3112 para-

181 3133 326 3187 disus
373 3143 487 3199 est,
542 3143 601 3188 ut
651 3135 891 3188 medium
942 3145 1173 3204 occupet
1221 3137 1436 3202 locum;
1486 3138 1749 3207 quidquid
1781 3125 1824 3181 C

181 3226 319 3279 enim
349 3227 603 3295 superius
630 3237 732 3292 est,
763 3237 858 3281 aut
889 3228 1088 3282 coelum
1118 3239 1200 3285 est
1229 3239 1324 3283 aut
1354 3231 1492 3285 coelo
1521 3243 1756 3286 c0nsen-

183 3325 393 3371 tancum
431 3336 445 3371 :
485 3333 704 3372 rursum
754 3319 1015 3390 quidquid
1070 3320 1320 3386 inferius,
1367 3325 1450 3377 vel
1497 3333 1639 3377 terra
1673 3334 1755 3378 cst

183 3410 261 3462 vel
287 3410 351 3464 ad
382 3419 580 3464 terram
616 3413 872 3480 pertinet.
905 3414 1117 3484 Quippe
1149 3416 1327 3485 qualis
1359 3427 1476 3470 erat
1513 3417 1751 3470 c0nditio

183 3504 608 3573 compositioque
661 3499 920 3573 hominis,
976 3510 1136 3562 talem
1191 3511 1479 3578 oportebat
1534 3527 1656 3566 esse
1699 3524 1748 3566 et

182 3578 350 3650 locum
388 3597 441 3650 in
486 3613 595 3667 quo
642 3609 760 3652 erat
813 3600 902 3654 ille
949 3601 1270 3668 ponendus;
1327 3603 1416 3657 illa
1470 3619 1595 3658 vero
1631 3604 1751 3674 ejus

182 3700 292 3741 erat
330 3691 497 3755 modi,
537 3700 594 3745 ut
646 3693 696 3744 in
737 3693 976 3748 hominis
1012 3707 1158 3749 esset
1205 3697 1384 3765 posita
1434 3697 1661 3753 arbitrio
1701 3709 1753 3753 et

183 3782 300 3836 boni
329 3793 379 3837 et
414 3785 539 3837 mali
575 3785 770 3840 electio
805 3787 959 3854 :jam
998 3803 1124 3841 vero
1157 3793 1249 3858 qui
1286 3792 1364 3844 sic
1395 3806 1452 3846 se
1485 3792 1670 3857 habet,
1707 3794 1752 3848 is

183 3877 315 3930 inter
342 3887 634 3947 utrumque
671 3881 885 3936 medius
913 3891 1019 3945 est,
1055 3899 1154 3938 nec
1181 3900 1244 3937 ex
1280 3883 1424 3939 bono
1450 3895 1617 3952 totus,
1653 3903 1753 3942 nec

182 3982 386 4022 rursum
435 3981 584 4024 totus
628 3987 692 4024 ex
741 3975 883 4026 tualo
931 3973 1220 4038 conﬂatus,
1271 3976 1363 4030 sed
1415 3991 1514 4046 pro
1559 3988 1754 4047 suopte

182 4060 401 4115 arbitrio
435 4061 504 4115 ad
554 4067 826 4117 utrumvis
857 4065 1013 4132 juxta
1053 4081 1110 4120 se
1158 4066 1388 4122 habens.
1433 4067 1502 4120 At
1535 4084 1596 4121 ea
1632 4069 1752 4138 qui-

183 4153 294 4206 dem
325 4166 439 4209 erat
469 4155 600 4210 Adae
633 4158 898 4224 conditio,
927 4160 1228 4229 eademque
1261 4162 1505 4231 cognitio
1539 4163 1753 4218 arboris

184 4243 300 4325 boni
329 4256 380 4301 et
416 4249 542 4301 mali
575 4265 588 4301 :
617 4264 788 4318 quare
813 4259 860 4303 et
893 4253 1158 4318 ejusmodi
1191 4264 1310 4307 erat
1342 4270 1564 4325 quoque
1593 4271 1748 4325 para-

184 4323 278 4394 disi
305 4341 440 4395 ratio
466 4342 521 4396 in
551 4343 731 4396 medio
757 4343 969 4398 scilicet
994 4346 1271 4411 collocati,
1298 4357 1355 4401 ut
1382 4323 1545 4417 supra
1576 4323 1751 4420 ipsum

182 4444 348 4488 essent
395 4443 767 4505 corporatura:
833 4439 1178 4510 materiaeque
1224 4452 1480 4510 expertes
1529 4445 1751 4509 spiritus

182 4530 266 4596 qui
312 4532 421 4584 sola
473 4531 686 4585 ratione
730 4532 1124 4601 intelliguntur,
1177 4545 1229 4587 et
1281 4535 1546 4605 quidquid
1593 4549 1748 4593 extra

184 4634 382 4675 omnem
413 4623 868 4694 compositionem
900 4635 983 4678 est
1009 4643 1022 4678 :
1052 4625 1189 4679 intra
1218 4642 1344 4679 vero
1379 4627 1532 4680 illum
1562 4628 1749 4682 bestiae

186 4720 234 4764 et
272 4715 521 4783 pecudes,
561 4725 866 4785 casteraque
908 4718 1119 4770 ratione
1165 4720 1428 4772 carentia.
1465 4721 1581 4788 Ipse
1617 4735 1747 4774 vero

189 4807 454 4872 paradisus
503 4809 646 4863 inter
687 4808 802 4862 haec
832 4817 887 4862 et
920 4810 1008 4862 illa
1052 4809 1261 4864 medius
1300 4819 1548 4865 maneret
1583 4821 1748 4882 atque

191 4893 280 4950 hac
308 4899 512 4954 ratione
541 4915 664 4953 cum
697 4901 936 4953 hominis
971 4903 1367 4956 constitutione
1398 4915 1744 4973 congrueret,

1863 1844 2086 1916 quidus,
2137 1859 2504 1921 manus_vero
2552 1861 2740 1902 crassa
2773 1855 2829 1901 et
2864 1848 3146 1904 materiata
3183 1864 3448 1921 compage

1864 1943 2110 2006 constat;
2140 1934 2323 2007 itaque
2349 1946 2404 1990 et
2428 1935 2482 1990 in
2509 1943 2671 1996 terrae
2694 1939 2942 2009 partibus
2971 1938 3115 1995 idem
3146 1957 3247 1995 usu
3276 1943 3445 2003 venit,

1864 2035 1923 2082 ut
1966 2024 2179 2084 scilicet
2207 2028 2378 2084 altera
2420 2037 2568 2086 esset
2601 2041 2740 2101 pura
2788 2041 2918 2102 puta
2954 2041 3009 2090 et
3045 2035 3226 2088 omnis
3255 2050 3448 2090 excre-

1865 2120 2031 2174 menti
2068 2136 2262 2186 vacua,
2296 2137 2360 2176 ac
2392 2123 2572 2178 tennis
2608 2124 2958 2195 subtilisque,
2994 2128 3173 2195 qualis
3206 2138 3322 2181 erat
3354 2129 3444 2182 illa

1865 2215 2142 2284 paradisi;
2182 2216 2355 2270 altera
2387 2233 2515 2270 vero
2541 2232 2749 2278 crassa,
2789 2219 2970 2281 mista,
3005 2227 3444 2278 excrementosa.

1863 2297 2172 2373 cujusntoiii
2220 2316 2304 2360 est
2345 2305 2460 2360 haec
2510 2321 2633 2375 qua:
2675 2315 2827 2360 extra
2871 2307 3183 2376 paradisum
3225 2323 3254 2363 a
3289 2311 3449 2363 nobis

1862 2386 2120 2450 habetur.
2152 2393 2288 2450 Nam
2320 2405 2375 2451 et
2406 2397 2459 2450 in
2492 2398 2615 2452 oleo
2654 2399 2758 2453 hoc
2796 2399 2972 2468 ipsum
3004 2399 3364 2470 deprehendis
3395 2419 3450 2459 et
3484 2462 3489 2472 κ
3527 2465 3530 2468 ,

1866 2490 1920 2541 in
1955 2489 2082 2543 vino
2115 2506 2131 2545 :
2165 2492 2267 2545 etsi
2301 2494 2446 2545 enim
2482 2493 2604 2549 unis
2635 2495 2798 2549 etiam
2836 2500 2947 2552 haec
2979 2509 3230 2554 constent
3259 2517 3450 2557 essen-

1865 2581 1975 2643 tiis,
2004 2590 2182 2636 tamen
2213 2586 2447 2653 partium
2476 2586 2595 2641 alia;
2626 2586 2946 2657 liquidiores
2973 2591 3445 2666 defecatioresque

1864 2685 1928 2726 ac
1973 2671 2137 2729 veluti
2195 2676 2367 2746 magis
2421 2678 2732 2746 percolata,
2789 2681 2979 2751 quales
3032 2695 3160 2740 sunt
3207 2702 3236 2741 a
3282 2688 3449 2743 fundo

1865 2763 2224 2829 remotiores,
2279 2764 2400 2821 aliae
2457 2783 2649 2823 rursus
2700 2770 3062 2840 turbidiores,
3120 2776 3448 2835 feculentio-

1866 2867 2061 2924 resque
2097 2864 2259 2925 atque
2304 2860 2529 2914 omnino
2577 2845 2907 2932 impuriores
2942 2881 3065 2923 esse
3107 2885 3444 2942 cernuntur;

1862 2961 1940 3000 ere
1972 2958 2165 3017 nempe
2195 2965 2375 3019 quea
2409 2950 2579 3006 fundo
2610 2954 2832 3025 propius
2862 2959 3083 3017 absunt.

2467 3065 2698 3122 CAPUT
2741 3069 2831 3124 Ix.
2892 3056 2897 3060 ’

1933 3176 2069 3231 Eam
2112 3188 2254 3233 terra
2295 3181 2348 3234 in
2390 3197 2495 3249 qua
2535 3193 2612 3237 est
2655 3187 2939 3253 paradisus
2981 3191 3080 3244 hac
3117 3202 3301 3248 nostra
3348 3214 3443 3250 sn-

1859 3271 2151 3326 blimiorem
2189 3288 2321 3326 esse.
2372 3299 2445 3312 --·
2496 3274 2631 3329 Illud
2684 3279 2909 3350 insuper
2958 3283 3278 3350 asserimus,
3321 3304 3440 3343 eam

1853 3370 2058 3420 terram
2095 3369 2144 3420 iu
2177 3381 2284 3436 qua
2340 3380 2423 3423 est
2460 3373 2750 3440 paradisus
2786 3373 3032 3431 altiorem
3067 3382 3239 3435 multo
3269 3383 3446 3436 subli-

1858 3457 2200 3526 mioremque
2247 3459 2511 3514 exsistere
2562 3463 2664 3516 hac
2715 3479 2880 3532 quam
2935 3482 3033 3522 nos
3083 3470 3355 3537 colimus;
3391 3473 3444 3527 id

1853 3548 1998 3601 enim
2055 3548 2126 3602 ita
2183 3566 2242 3605 se
2299 3552 2820 3616 habere,.indicio
2877 3569 3005 3611 sunt
3065 3571 3301 3629 quatuor
3356 3564 3446 3618 illa

1855 3639 2081 3707 grandia
2128 3639 2355 3697 ﬂumina
2383 3659 2533 3714 quae,
2581 3650 2726 3713 orta,
2760 3647 2815 3702 in
2849 3651 3090 3718 paradisi
3144 3661 3285 3708 terra
3351 3671 3445 3725 per

1858 3733 1998 3788 hanc
2033 3744 2278 3790 nostram
2309 3739 2379 3792 ab
2411 3739 2501 3794 illa
2532 3739 2805 3811 diversam
2839 3741 3114 3800 feruntur.
3144 3744 3261 3802 Nisi
3297 3751 3444 3804 enim

1860 3824 1950 3880 illa
2003 3835 2147 3881 terra
2193 3829 2356 3884 altior
2393 3841 2654 3895 exstaret,
2695 3834 2810 3890 lieri
2849 3851 2960 3891 non
3016 3852 3220 3908 posset,
3273 3854 3332 3897 ut
3382 3861 3445 3899 ea

1861 3917 2086 3974 ﬂumina
2138 3921 2288 3977 illinc
2336 3925 2600 3994 praecipiti
2632 3941 2792 3982 cursu
2836 3933 2942 3984 sub
2988 3947 3140 3987 mare
3187 3952 3444 4006 magnum

1856 4013 2055 4080 delata,
2108 4017 2323 4071 tandem
2360 4034 2454 4087 per
2492 4021 2631 4074 hanc
2663 4037 2691 4075 a
2727 4022 2887 4078 nobis
2928 4025 3129 4082 cultam
3166 4032 3441 4100 regionem

1855 4109 2198 4176 erumpentia
2255 4122 2675 4180 spargerentur.
2729 4115 2954 4173 Certum
2998 4120 3164 4191 igitur
3214 4135 3328 4190 est,
3381 4145 3443 4182 ea

1857 4202 2104 4267 ﬂumina,
2139 4205 2266 4274 quia
2298 4221 2328 4260 θ
2360 4207 2580 4262 sublimi
2630 4209 2751 4264 loco
2793 4226 3140 4281 promanant,
3175 4217 3292 4286 ipsa
3344 4237 3443 4275 sua

1859 4297 2124 4366 praeeipiti
2151 4298 2392 4354 ﬂuxione
2417 4311 2606 4356 coacta
2639 4306 2962 4376 strictaque,
2987 4318 3042 4364 et
3068 4313 3292 4380 proinde
3317 4330 3441 4370 eum

1859 4390 2060 4458 impetu
2096 4392 2274 4446 delata
2327 4394 2430 4447 sub
2478 4388 2674 4450 terram
2710 4391 2764 4453 et
2801 4415 3056 4469 maguum
3108 4420 3254 4461 mare
3304 4411 3443 4479 rapi,

1783 4481 1828 4538 ο
1856 4490 2018 4550 atque
2056 4483 2128 4537 ob
2162 4483 2338 4552 ipsum
2382 4501 2509 4540 eum
2557 4487 2845 4558 impetum,
2876 4509 2984 4562 quo
3029 4511 3155 4550 sunt
3196 4499 3443 4570 delapsa,

1855 4589 2048 4630 rursus
2084 4576 2335 4645 prosilire
2380 4579 2432 4632 iu
2481 4580 2584 4636 hac
2620 4593 2805 4636 nostra
2859 4593 3022 4650 terra,
3075 4604 3172 4655 per
3218 4605 3443 4660 cumqui:

1853 4665 2042 4721 ﬂuere.
2081 4667 2216 4723 Nam
2250 4681 2487 4740 quatuor
2517 4672 2604 4725 illa
2636 4672 2860 4728 ﬂumina
2899 4676 3162 4748 (Tigrim,
3196 4683 3441 4752 inquam.

1855 4759 2227 4830 Euphratem,
2285 4762 2594 4826 Gihonem.
2649 4774 2705 4819 et
2753 4765 3085 4839 Phisonem)
3137 4775 3238 4826 sub
3291 4791 3443 4829 mare.

1853 4851 2004 4918 ferri,
2051 4863 2215 4923 atque
2264 4858 2314 4908 in
2367 4856 2469 4910 bac
2496 4856 2716 4913 demum
2758 4874 2922 4930 quam
2963 4876 3063 4916 nos
3127 4865 3440 4921 habitamus

1852 4953 1994 4997 terra
2055 4945 2310 5015 prodire,
2365 4956 2598 5004 testatur
2650 4950 2816 5005 etiam
2873 4951 3128 5009 dominus
3184 4956 3435 5025 Ephrzem

1850 5037 2272 5093 Commentariis
2305 5038 2359 5093 iu
2391 5038 2646 5097 Genesim
2669 5060 2684 5109 ;
2710 5051 2764 5097 et
2803 5059 2926 5098 cum
2977 5061 3042 5099 eo
3073 5049 3186 5102 alii.
3216 5049 3436 5104 Clarum

1853 5130 2016 5200 igitur
2040 5145 2104 5185 ex
2138 5131 2223 5188 his
2253 5141 2358 5199 est,
2385 5148 2506 5188 eam
2542 5144 2739 5189 terram
2771 5136 2824 5189 in
2852 5151 2958 5208 qua
2994 5140 3134 5195 situs
3165 5150 3248 5195 est
3280 5157 3440 5210 part-

1850 5223 2004 5277 disus
2070 5223 2243 5279 multo
2308 5226 2727 5281 eminentiorem
2779 5229 3266 5300 sublimioremque
3314 5251 3436 5291 esse

1853 5317 1953 5371 hac
1987 5333 2284 5387 quam.nos
2315 5333 2673 5389 occupamus.

2467 5435 2701 5491 CAPUT
2746 5438 2812 5492 Χ.

1921 5566 1994 5606 ue
2027 5569 2181 5622 regno
2215 5552 2410 5608 cmlesti
2439 5555 2490 5608 in
2520 5572 2620 5625 quo
2643 5554 2781 5623 justi
2813 5557 3079 5625 uoluptate
3109 5559 3431 5629 afﬁcientur,

1848 5647 1980 5699 sitne
2026 5648 2078 5698 in
2123 5647 2274 5700 terris
2318 5663 2386 5699 an
2430 5663 2589 5715 supra
2639 5645 2848 5702 calum.
2882 5678 2952 5687 —-
2983 5648 3228 5719 Regnum
3269 5666 3433 5720 porro

1848 5739 2070 5796 caeleste
2100 5739 2231 5795 illud
2263 5741 2406 5810 quod
2444 5741 2715 5808 justorum
2750 5742 2958 5798 deliciis
2993 5745 3317 5798 destinatum
3350 5755 3431 5802 est

191 4990 272 5054 qui
304 5000 352 5043 et
397 4992 510 5061 ipse
543 5007 607 5046 ex
645 4993 824 5045 anima
857 4993 1019 5047 simul
1065 5003 1117 5048 et
1165 5010 1392 5063 corpore
1438 4996 1743 5052 constabat.

193 5077 442 5139 Hactenus
484 5086 594 5138 ille.
631 5086 1036 5140 Animadvertis
1075 5087 1238 5157 igitur
1267 5089 1542 5143 doctorem
1580 5088 1743 5143 istum

193 5177 455 5244 perspicua
505 5179 716 5232 ratione
765 5179 1073 5234 ostendisse
1123 5181 1434 5249 paradisum
1475 5182 1527 5234 itt
1564 5180 1778 5236 medio.

195 5255 295 5320 esse
326 5271 593 5338 positum;
630 5287 804 5341 neque
837 5281 942 5326 tam
982 5273 1164 5326 subtili
1200 5275 1463 5328 tenuitate
1497 5274 1742 5330 dotatum

195 5370 332 5424 quam
358 5377 416 5416 ea
443 5379 564 5433 quae
598 5379 758 5433 snpra
787 5365 965 5433 ipsum
1013 5366 1309 5428 exsistunt,
1345 5382 1519 5436 neque
1551 5382 1745 5422 rursus

197 5463 246 5504 ca
289 5456 642 5511 crassitudine
693 5459 933 5511 materia:
979 5472 1084 5527 qua
1129 5457 1215 5511 illa
1269 5459 1566 5526 composita
1617 5470 1744 5512 sunt

200 5556 298 5607 qua:
330 5547 462 5602 inira
500 5549 677 5618 ipsum
715 5549 1006 5602 habentur.
1044 5547 1161 5602 Non
1192 5565 1322 5618 ergo
1358 5551 1410 5603 iit
1445 5555 1543 5604 hac
1575 5567 1740 5619 quant

202 5647 281 5690 nos
306 5639 600 5696 habitamus
634 5653 777 5696 terra
811 5642 1098 5712 paradisus
1132 5645 1358 5706 exstitit,
1390 5643 1482 5697 sed
1520 5645 1570 5697 itt
1604 5646 1738 5710 alia;

202 5737 287 5781 non
313 5735 514 5803 quidem
563 5736 675 5806 ipsa
713 5750 808 5790 sua
847 5747 1040 5791 natura
1089 5735 1392 5803 tliﬂ‘et‘cnte,
1424 5738 1514 5792 sed
1562 5740 1737 5793 tenui-
