4176 6456
548 293 656 356 495
1805 292 2036 355 MOSIS
2078 295 2197 355 BAl

2140 295 2225 355 Ui
2265 296 2353 355 (ΣΕ
2364 296 2511 356 PliA
3682 297 3789 367 ‘96

548 414 901 479 posteaquam
958 403 1253 460 revixerint
1302 402 1581 470 mortales,
1632 414 1689 461 ut
1737 405 1809 461 ait
1855 405 2118 464 Dominus
2148 415 2189 473 Α
2222 409 2417 476 acturi,
2459 410 2612 480 juxta
2660 420 2819 463 verax
2869 409 3084 464 Domini
3128 411 3495 481 promissum;
3546 414 3596 467 iu
3632 429 3794 485 para-

550 508 753 562 noster,
790 510 898 551 non
931 511 1051 553 esse
1091 498 1143 551 in
1177 496 1357 559 terris,
1403 495 1500 551 sed
1530 512 1693 568 supra
1734 497 1933 555 coelum
1982 499 2120 573 (hoc
2221 500 2402 557 disum
2435 515 2564 558 vero
2594 510 2717 572 post
2750 503 3202 557 resurrectionem
3229 518 3391 559 nemo
3436 504 3792 575 ingredietur,

549 600 651 655 est,
682 593 847 661 supra
879 588 1327 661 ﬁrmamentum),
1358 589 1504 661 quod
1535 592 1783 661 proxime
1811 608 1971 663 supra
2014 609 2118 651 nos
2222 590 2319 644 sed
2353 605 2644 646 mansurus
2673 600 2756 647 est
2788 591 2876 648 illc
2916 593 3219 648 cultoribus
3254 609 3481 651 vacuus.
3516 594 3795 651 Postremo

464 666 469 671 ’
546 691 651 749 est,
688 684 878 739 multis
918 682 1256 753 argumentis
1290 684 1698 755 comprobatur.
1741 683 1928 741 Primo
1959 687 2116 751 ,enim
2220 682 2437 739 diversa
2486 683 2627 738 inter
2672 698 2732 739 se
2762 699 2884 740 esse
2935 699 3165 756 regnum
3215 686 3340 741 cmli
3372 696 3426 740 et
3457 685 3793 757 paradisum.

547 780 726 847 ipsum
763 776 1081 831 vocabulum
1117 776 1221 830 hoc
1249 777 1444 847 arguit,
1475 792 1584 848 quo
1610 778 1833 834 cteleste
1866 793 2115 848 regnum,
2221 773 2489 828 allirmant
2537 776 2700 830 etiam
2737 775 3012 842 doctores,
3060 790 3199 846 quos
3245 775 3471 832 honoris
3501 766 3667 830 causa
3699 786 3800 829 no-

548 885 654 924 non
693 876 950 924 terrestre
997 882 1027 923 a
1076 866 1306 923 Domino
1355 869 1685 938 appellatum
1732 880 1817 923 est
1871 882 1885 922 :
1924 866 2120 924 deinde
2223 868 2369 921 mino
2416 885 2431 922 :
2477 869 2734 925 dominus
2778 866 3020 924 JOannes
3070 870 3291 940 quidem
3324 871 3376 924 in
3412 883 3477 925 ea
3527 868 3798 933 oratione,

548 963 689 1016 idem
725 960 813 1017 ille
861 959 1127 1035 Dominus
1173 959 1310 1016 dixit
1357 976 1372 1014 :
1422 950 1568 1013 Vltdo
1605 974 1799 1030 parare
1848 960 1988 1016 vobis
2031 958 2115 1013 ιο.
2221 961 2309 1015 cui
2360 960 2550 1015 titulus
2596 971 2701 1025 est,
2769 959 2878 1016 Cur
2932 965 3097 1015 arbor
3144 962 3237 1015 illa
3285 961 3529 1016 scientia
3572 959 3702 1016 boni
3743 969 3801 1013 et

546 1069 665 1107 cum
706 1053 774 1115 ,".
819 1051 932 1107 Et:
969 1047 1068 1107 Ubi
1112 1068 1205 1125 ego
1251 1067 1391 1116 sunt,
1441 1051 1548 1106 illic
1593 1061 1644 1105 et
1684 1050 1926 1106 minister
1973 1066 2118 1104 meus
2224 1053 2350 1108 mali
2384 1054 2653 1123 appellata
2697 1052 2803 1120 sit;
2842 1062 2897 1108 et
2938 1054 3070 1125 quid
3102 1053 3205 1109 sibi
3249 1054 3379 1109 velit
3411 1052 3547 1108 illud
3592 1049 3801 1107 Cnrisft

544 1140 666 1202 erit.
708 1145 827 1202 Jam
874 1158 1000 1202 vero
1038 1144 1265 1200 dubium
1322 1144 1533 1199 nullum
1562 1153 1666 1210 est,
1710 1142 1843 1214 quin
1869 1141 2120 1198 Christus
2222 1145 2289 1200 ad
2342 1145 2632 1214 latronem,
2681 1144 2856 1201 Hodie
2902 1164 3105 1202 mecum
3152 1149 3257 1202 eris
3302 1148 3359 1202 in
3401 1144 3679 1213 .paradiso
3712 1143 3801 1201 ":

548 1254 672 1294 \ere
695 1237 748 1293 in
773 1238 975 1294 coelum
1006 1236 1406 1293 conscenderit.
1434 1236 1696 1290 Praeterea
1729 1228 1889 1290 divus
1917 1232 2120 1291 Paulus
2224 1234 2459 1293 Severus
2513 1234 2679 1303 vero,
2726 1239 2973 1294 oratione
3019 1239 3091 1294 22
3137 1238 3481 1310 Epithronii,
3532 1249 3592 1294 ut
3634 1252 3801 1308 supe-

546 1331 735 1386 scriltit
778 1330 833 1385 in
886 1328 1002 1386 haec
1049 1336 1212 1385 verba
1258 1345 1275 1387 :
1334 1314 1652 1411 Vos‘autent
1703 1326 2001 1409 accessistis
2048 1322 2122 1380 ad
2221 1329 2341 1386 rius
2374 1328 2452 1401 (2)
2490 1331 2857 1386 ostendimus.

546 1434 773 1478 montem
805 1420 957 1489 Sion,
981 1430 1031 1477 et
1059 1422 1129 1475 ad
1156 1422 1422 1476 ciuitatem
1447 1417 1546 1473 Dei
1575 1419 1699 1483 vici,
1725 1419 1795 1472 ad
1821 1417 2118 1475 Jerusalem
2356 1464 2359 1467 .
2760 1430 2761 1433 ‘
2817 1424 3051 1482 CAPUT
3088 1422 3203 1478 XII.

545 1533 663 1587 quae
694 1527 769 1572 est
807 1516 862 1571 in
894 1516 1043 1582 celo,
1079 1524 1135 1570 et
1176 1514 1245 1568 ad
1276 1524 1439 1570 cretus
1479 1515 1777 1585 nryriadum
1811 1512 2118 1585 angelorum
2298 1514 2488 1572 Utrum
2528 1518 2583 1571 in
2622 1516 2720 1573 hoc
2752 1527 3020 1573 terrarum
3059 1519 3183 1573 orbe
3228 1534 3382 1589 quem
3422 1514 3676 1572 mortales
3709 1516 3809 1569 Ita-

547 1620 703 1679 utque
737 1610 805 1677 ad
843 1606 1135 1663 Ecclesium
1164 1609 1633 1679 printogeuitorum
1662 1606 1756 1678 qui
1782 1606 1967 1676 scripti
1993 1616 2115 1661 sunt
2225 1610 2395 1664 bitant
2421 1625 2491 1664 an
2514 1621 2669 1665 extra
2692 1626 2811 1665 eam
2835 1612 2902 1665 sit
2929 1612 3236 1681 paradisus.
3258 1637 3328 1651 --
3350 1608 3805 1680 Philosophorum

546 1705 600 1757 in
646 1704 772 1757 caelo
798 1703 865 1759 “.
910 1701 975 1756 Et
1007 1702 1135 1756 alibi
1182 1718 1198 1755 :
1245 1699 1643 1765 Scimus_enim
1691 1699 1830 1793 quod
1877 1699 2116 1771 quamvis
2150 1698 2618 1793 “profanorum,
2664 1702 2777 1757 imo
2822 1702 3429 1781 nonnulloruruetiam
3475 1701 3810 1758 ecclesiasti-

545 1797 732 1847 domus
763 1794 873 1847 hac
898 1802 1082 1847 nostra
1110 1807 1228 1860 quae
1256 1791 1311 1845 in
1343 1791 1501 1845 terris
1530 1800 1635 1857 est,
1664 1775 1865 1860 corpus
1905 1802 2119 1858 nempe,
2150 1775 2198 1836 Β
2226 1808 2416 1849 eorum
2490 1791 2779 1848 doctorum
2838 1796 3107 1850 sententia
3171 1775 3258 1850 est
3280 1834 3297 1859 ,
3362 1793 3632 1848 elementa
3687 1791 3807 1861 ipsa

545 1885 887 1952 dissolvatur,
923 1897 1250 1938 structuram
1285 1893 1460 1937 tamen
1488 1874 1783 1937 'Itabeamus
1818 1878 2121 1953 quteaDeo
2224 1886 2455 1941 alterum
2499 1885 2551 1940 in
2605 1887 2779 1961 altero
2827 1902 2972 1950 esse,
3020 1898 3182 1955 atque
3234 1889 3463 1942 alterum
3508 1886 3579 1941 ab
3633 1884 3811 1939 altero

546 1990 643 2046 est,
674 1982 889 2034 domum
918 1996 1020 2033 non
1048 1988 1410 2034 constructam
1451 1974 1785 2031 manibus'in
1822 1976 1951 2030 coelo
1986 1991 2122 2030 sem-
2224 1979 2558 2034 circumdari
2597 1994 2612 2031 :
2663 1989 2862 2034 terram
2904 1981 3048 2034 enim
3102 1980 3172 2036 ab
3222 1981 3336 2050 ipsa
3387 1994 3554 2049 aqua,
3606 1992 3808 2049 aquam

545 2074 803 2143 piternant
840 2074 905 2126 ¹⁸.
956 2072 1036 2127 Ad
1091 2072 1193 2126 hoc
1236 2069 1477 2126 Joannes
1512 2056 1835 2134 monachus,
1867 2083 2123 2124 sermone
2223 2074 2294 2125 alr
2341 2087 2495 2139 aere,
2535 2086 2715 2126 acrem
2757 2073 2826 2127 ab
2877 2073 2999 2144 igne
3034 2072 3300 2127 contineri
3335 2072 3426 2141 (de
3465 2087 3571 2141 qua
3615 2086 3671 2125 re
3708 2086 3813 2124 nos

548 2164 727 2233 priore
775 2178 937 2235 quem
987 2163 1054 2218 de
1104 2162 1313 2217 mundo
1366 2176 1506 2216 novo
1556 2161 1803 2229 scripsit,
1850 2160 1935 2217 sic
1985 2161 2063 2213 ait
2104 2174 2120 2214 :
2226 2178 2445 2233 quoque
2495 2164 2734 2220 dilucide
2779 2166 2993 2234 egimus
3031 2164 3085 2219 in
3131 2179 3197 2219 eo
3233 2164 3372 2218 libro
3416 2176 3577 2233 quem
3615 2164 3680 2217 de
3712 2176 3810 2216 sex

546 2254 840 2311 Enimvero
885 2270 1111 2326 regnum
1164 2252 1296 2323 illud
1340 2255 1561 2309 C(BleSle
1605 2252 1830 2317 Christi.
1861 2267 1971 2308 non
2006 2261 2125 2306 erat
2223 2256 2418 2312 diebus
2442 2258 2925 2327 conscripsimus),
2951 2265 3007 2312 et
3045 2257 3272 2327 proinde
3306 2256 3623 2311 existimant
3656 2270 3811 2308 mare

547 2348 651 2401 sub
681 2345 1044 2408 ﬁrmamento,
1080 2346 1173 2401 sed
1206 2360 1370 2415 supra
1401 2346 1622 2407 coelum,
1656 2344 1748 2399 ubi
1791 2353 2121 2413 potestatum
2226 2347 2509 2406 Oceanum
2561 2359 2729 2405 tatam
2771 2348 2980 2403 ambire
3026 2358 3252 2411 terram,
3301 2362 3407 2401 non
3450 2362 3607 2402 secus
3646 2355 3815 2415 atque

546 2441 766 2496 ordines
796 2442 1089 2496 exsistunt.
1124 2440 1319 2510 Liquet
1354 2440 1518 2511 igitur
1551 2442 1771 2495 cmleste
1794 2444 2032 2510 regnum
2064 2440 2120 2494 in
2222 2453 2482 2496 coronam
2528 2450 2715 2509 caput,
2765 2450 2858 2493 aut
2904 2437 3184 2507 cingulum
3236 2435 3488 2503 lumbos;
3540 2437 3611 2491 ita
3648 2446 3708 2490 ut
3743 2434 3815 2489 ab

545 2547 654 2601 quo
687 2532 828 2586 beati
861 2531 1136 2602 voluptate
1180 2531 1431 2586 l‘rueutur
1481 2542 1766 2601 postquam
1801 2532 2120 2598 revixerint,
2220 2538 2468 2587 extrema
2498 2530 2696 2585 Oceani
2750 2539 2902 2600 parte
2952 2530 3098 2584 nulla
3137 2544 3365 2599 prorsus
3396 2537 3536 2583 terra
3590 2527 3683 2591 sit,
3717 2530 3811 2581 sed

546 2637 712 2690 supra
739 2624 938 2676 malum
968 2622 1097 2691 (hoc
1125 2631 1209 2676 est
1241 2621 1664 2692 ﬁrmamentum)
1689 2622 1749 2680 id
1780 2623 1922 2692 quod
1952 2638 2120 2693 supra
2223 2637 2318 2676 aer
2348 2621 2399 2675 ei
2433 2636 2544 2675 om
2588 2636 2653 2675 ex
2701 2621 2849 2675 omni
2903 2621 3123 2690 regione
3170 2618 3562 2674 circumfusus.
3610 2620 3679 2671 At
3718 2617 3813 2670 alii

547 2727 649 2767 nos
679 2722 925 2785 apparet,
957 2714 1194 2787 positum
1228 2728 1371 2768 esse.
2224 2713 2548 2783 Opiuautur,
2585 2710 2837 2782 amplecti
2885 2712 3109 2782 quidem
3160 2726 3308 2766 mare
3343 2709 3620 2765 Oceanum
3664 2710 3816 2763 hunc

1151 2802 1379 2860 CAPUT
1423 2804 1511 2861 XI.
2225 2805 2574 2861 habitabilem
2608 2805 2822 2872 orbem,
2856 2814 3097 2876 quantus
3139 2814 3246 2868 est,
3294 2812 3351 2856 ut
3385 2817 3590 2858 corona
3624 2814 3813 2867 caput,

616 2899 775 2955 Aliud
808 2916 923 2955 esse
956 2916 1172 2971 regnum
1214 2883 1635 2967 cmlesle,'aliud
1679 2902 2010 2969 paradisum.
2052 2928 2121 2940 —
2223 2898 2305 2952 vel
2337 2913 2474 2953 zona
2522 2913 2725 2968 corpus
2757 2897 2960 2969 cingit;
3006 2906 3060 2951 et
3108 2909 3291 2952 tamen
3328 2895 3469 2949 ultra
3507 2904 3812 2950 extremam

547 2994 643 3049 Est
684 3010 811 3050 vero
860 2996 1003 3063 inter
1033 2996 1253 3051 etuleste
1303 3013 1528 3066 regnum
1563 3007 1616 3050 et
1651 2997 1961 3065 paradisum
2000 3009 2119 3048 tna-
2214 2990 2377 3055 illam
2426 2990 2632 3049 Oceani
2668 3007 2820 3047 oram
2854 3006 3143 3063 superesse
3191 3007 3311 3045 eam
3360 2998 3585 3052 terram,
3618 2990 3669 3041 in
3703 3003 3814 3058 qua

478 3130 481 3131 ν
545 3100 649 3154 gua
702 3085 993 3140 admodum
1047 3085 1351 3140 dam-rentia
1404 3099 1565 3156 atque
1622 3088 1933 3141 diversitas.
1986 3084 2116 3140 Nam
2149 3138 2187 3188 Γ
2222 3084 2472 3141 consitus
2509 3084 2612 3140 luit
2641 3085 3174 3155 paradisus.ltaque
3204 3094 3395 3155 putant
3419 3082 3812 3153 ltiparadisuut

547 3192 773 3247 regnum
820 3178 1043 3231 caeleste
1094 3193 1257 3248 supra
1304 3180 1425 3233 rocli
1475 3182 1874 3232 ﬁrmamentum
1923 3186 2030 3244 est,
2066 3187 2123 3232 at
2150 3172 2187 3188 “’
2225 3180 2381 3234 extra
2428 3178 2574 3233 hunc
2603 3193 2635 3233 a
2672 3179 2994 3233 mortalibus
3044 3178 3449 3246 frequentatum
3495 3177 3680 3231 orbem
3718 3190 3817 3231 ex-

546 3269 830 3339 paradisus
865 3269 971 3322 sub
1005 3268 1345 3323 ﬁrmamento
1393 3271 1444 3322 in
1493 3272 1650 3324 terris
1700 3287 1715 3325 :
1769 3270 1837 3324 ad
1873 3271 1997 3336 hoc,
2034 3285 2123 3327 re-
2158 3343 2163 3347 '
2224 3271 2465 3337 stitisse;
2502 3272 2648 3340 quod
2681 3286 2811 3326 sane
2843 3271 2959 3328 suis
2990 3267 3328 3341 argumentis
3364 3284 3529 3339 posse
3563 3282 3817 3337 compro-

547 3376 712 3430 gnum
773 3360 994 3415 t'trlcste
1030 3361 1273 3427 spiritale
1306 3374 1424 3427 est;
1463 3362 1747 3432 paradisus
1782 3376 1913 3418 vero
1971 3371 2025 3418 et
2052 3361 2121 3418 ad
2225 3363 2343 3419 bari
2391 3363 2627 3419 videtur.
2678 3360 2849 3418 Nemo
2895 3364 3042 3417 enim
3098 3378 3338 3432 unquam
3392 3362 3707 3431 regulorum
3748 3380 3814 3415 eu

544 3469 744 3525 corpus
773 3463 826 3508 et
856 3458 920 3507 ad
955 3454 1204 3523 spiritum
1238 3466 1469 3524 spectat,
1498 3465 1558 3510 ut
1587 3459 1838 3526 superius
1868 3471 2122 3527 cornprm
2224 3456 2505 3528 proiectus
2566 3458 2883 3527 paradisum
2927 3457 3215 3526 conspexit
3250 3475 3262 3510 :
3297 3456 3389 3525 qui
3431 3456 3478 3510 si
3515 3456 3655 3509 intra
3687 3469 3813 3510 eam

546 3546 815 3600 havimus.
847 3546 1051 3600 Deinde
1073 3547 1314 3603 cmlestis
1344 3549 1495 3618 regni
1528 3552 1783 3619 voluptas
1806 3564 1868 3604 ea
1894 3559 1977 3604 est
1999 3565 2121 3620 quia
2224 3549 2413 3605 mundi
2444 3560 2651 3620 partem
2685 3564 2806 3620 quae
2833 3548 2903 3603 ab
2935 3549 3249 3604 horninibus
3284 3548 3564 3603 habitatur
3602 3548 3816 3617 positus

544 3653 610 3693 ex
645 3636 754 3693 Deo
801 3654 927 3692 cum
984 3638 1157 3695 beatis
1186 3640 1393 3711 angelis
1426 3640 1672 3710 capitur;
1719 3641 1955 3710 paradisi
1991 3656 2120 3697 vero
2225 3651 2391 3707 esset,
2433 3642 2623 3713 procul
2652 3643 2820 3696 dubio
2852 3656 3006 3713 reges
3051 3642 3141 3713 qui
3203 3641 3255 3694 id
3292 3642 3475 3695 facere
3503 3642 3818 3717 potuissent

546 3731 755 3787 deliciae
777 3747 842 3786 ex
872 3731 1163 3789 arboribus
1192 3734 1423 3789 ammuis
1451 3744 1615 3805 atque
1642 3734 2117 3798 desiderabilibus,
2226 3732 2404 3786 visum
2430 3742 2555 3787 eum
2587 3732 2813 3786 ivissent
2840 3748 2856 3786 :
2885 3748 2915 3786 a
2942 3748 3049 3803 qua
3079 3747 3137 3787 re
3171 3744 3355 3787 tamen
3384 3746 3577 3787 omnes
3605 3730 3811 3796 adhuc,

548 3840 652 3880 nec
678 3840 783 3879 non
815 3838 881 3878 es
913 3823 1115 3895 ingenti
1157 3824 1247 3879 illo
1275 3824 1500 3881 ﬂumine
1540 3827 1822 3881 habentur.
1859 3825 2119 3882 Praeterea
2224 3808 2295 3878 ob
2323 3840 2443 3879 eam
2472 3833 2534 3880 ut
2563 3828 2775 3879 videtur
2806 3842 2969 3896 quam
3002 3828 3166 3881 modo
3219 3826 3327 3880 dixi
3360 3841 3610 3888 causam,
3640 3825 3813 3880 absti-

546 3931 772 3987 regnum
804 3918 1026 3972 caeleste
1068 3917 1373 3971 nee-oculus
1404 3919 1556 3982 vidit,
1591 3904 1699 3973 nec‘
1721 3920 1867 3973 auris
1894 3919 2120 3985 audivit,
2223 3933 2414 3973 nuere.
2445 3920 2536 3972 Ait
2581 3920 2748 3981 enim,
2782 3920 2874 3990 qui
2909 3922 2964 3974 in
2997 3920 3098 3975 hac
3137 3929 3267 3975 sunt
3312 3920 3606 3984 sententia,
3658 3919 3814 3971 aiunt

545 4022 709 4078 neque
733 4006 787 4061 in
815 4024 906 4062 cor
932 4009 1162 4063 hominis
1192 4010 1451 4077 ascendit,
1483 4020 1542 4065 ut
1569 4011 1941 4083 apostolorum
1973 4015 2122 4081 prin-
2224 4026 2377 4066 mare
2402 4010 2533 4066 illud
2556 4013 2701 4082 quod
2732 4012 2873 4066 inter
2901 4012 3039 4065 banc
3066 4019 3310 4066 nostram
3343 4020 3401 4066 et
3428 4010 3578 4065 illam
3608 4017 3811 4064 terram

545 4115 670 4169 ceps
700 4100 901 4156 Paulus
936 4102 1123 4167 ait";
1167 4101 1262 4157 sed
1299 4102 1583 4172 paradisus
1633 4111 1687 4156 et
1716 4103 1844 4157 Adae
1902 4110 1957 4157 et
1998 4102 2123 4158 Eva:
2224 4102 2526 4169 interﬂuit,
2594 4104 2957 4175 innavigabile
3020 4117 3178 4169 esse,
3241 4102 3476 4171 ideoque
3536 4101 3811 4156 neminem

545 4193 722 4247 oculis
755 4203 1010 4262 aspectus
1050 4203 1155 4260 est,
1194 4193 1531 4265 auribusque
1573 4194 1814 4255 auditus.
1859 4204 1915 4249 et
1955 4194 2123 4250 subiit
2227 4211 2415 4267 regum
2454 4194 2580 4251 illuc
2618 4198 2921 4265 lrajccissc.
2968 4198 3071 4251 Alii
3116 4211 3243 4252 vero
3287 4195 3364 4251 illi
3400 4197 3494 4267 qui
3538 4196 3812 4251 elementa

546 4284 601 4339 in
636 4270 873 4354 ipsorum
924 4290 1160 4342 animos.
1203 4286 1430 4357 Insuper
1464 4301 1591 4343 cum
1638 4288 1692 4342 in
1746 4288 1881 4358 lege,
1917 4296 2033 4342 tum
2066 4286 2120 4343 in
2225 4290 2424 4345 ambiri
2455 4288 2688 4346 alterum
2723 4291 2793 4346 ab
2827 4291 3021 4354 altero,
3050 4300 3212 4361 atque
3245 4287 3450 4346 Oceani
3482 4304 3655 4359 aquas
3688 4289 3813 4342 titti-

550 4379 846 4449 Evangclio
907 4379 1317 4446 distinguuntur
1372 4398 1385 4432 :
1440 4381 1494 4435 in
1548 4382 1665 4452 lege
1728 4381 1871 4436 enim
1930 4381 2122 4435 beatus
2224 4397 2439 4438 versam
2494 4383 2719 4439 omnino
2779 4385 3123 4439 circumdare
3193 4392 3392 4437 terram
3464 4388 3695 4452 putant,
3750 4388 3811 4435 ιιι

544 4472 725 4553 illoses
767 4473 821 4527 in
850 4489 916 4528 eo
959 4475 1100 4529 libro
1128 4489 1289 4545 quem
1337 4475 1593 4531 Geuesim
1632 4475 1770 4545 (hoc
1811 4482 1914 4539 est,
1945 4474 2010 4529 de
2036 4490 2122 4529 re-
2155 4490 2197 4544 ί)
2226 4476 2438 4531 nullum
2467 4478 2714 4547 supersit
2739 4478 2916 4533 solum
2950 4478 3089 4533 ultra
3118 4492 3289 4541 mare,
3318 4476 3633 4547 paradisum
3666 4476 3810 4530 intra

548 4582 666 4617 rum
699 4568 851 4636 ortu)
882 4582 1164 4629 vocamus.
1190 4571 1253 4623 de
1282 4568 1538 4638 paradiso
1575 4568 1792 4622 locutus
1821 4576 1925 4631 est,
1968 4582 2124 4622 eum-
2228 4584 2381 4625 mare
2406 4571 2625 4642 quidem
2660 4572 2895 4645 positum
2922 4586 3046 4627 esse
3070 4573 3245 4637 aiunt,
3272 4586 3461 4625 verum
3491 4570 3562 4625 ob
3592 4577 3810 4624 montes

546 4673 655 4728 que
699 4660 817 4714 suis
861 4659 1008 4714 notis
1054 4660 1375 4736 descripsit;
1428 4664 1495 4715 de
1538 4660 1662 4716 caeli
1716 4668 1899 4715 autem
1950 4674 2119 4730 regno
2229 4662 2578 4718 dillicillimos
2606 4671 2659 4717 et
2690 4664 2905 4733 penitus
2935 4662 3111 4717 invios
3141 4664 3232 4732 qui
3271 4662 3414 4716 inter
3446 4662 3597 4715 illum
3627 4670 3681 4715 et
3709 4674 3809 4715 nos

547 4770 654 4809 non
705 4756 930 4836 verbum
979 4756 1201 4825 quidem
1264 4754 1410 4809 fecit.
1464 4754 1677 4810 Rursus
1724 4755 1779 4808 in
1829 4752 2118 4823 Evangelio
2228 4756 2536 4820 exsistunt,
2590 4758 2863 4810 neminem
2915 4755 3226 4810 mortalium
3282 4755 3415 4809 illuc
3481 4753 3804 4807 accessisse.

550 4847 811 4902 Dominus
840 4854 1063 4913 'noster,
1096 4848 1327 4917 ejusque
1370 4846 1623 4917 discipuli
1667 4856 1724 4901 et
1751 4844 1988 4907 Joannes
2021 4845 2123 4921 Bae
2226 4847 2530 4906 Conficitur
2579 4850 2763 4920 itaque
2811 4865 2877 4904 ex
2932 4848 3040 4914 bis,
3096 4847 3415 4918 paradisum
3470 4858 3619 4901 extra
3678 4862 3802 4901 eum

543 4940 709 5008 ptista
756 4941 1167 5005 concionantes,
1218 4940 1492 4995 adhortati
1569 4949 1695 4994 sunt
1745 4940 2005 4993 mortales
2054 4938 2122 4992 ad
2227 4950 2384 4999 terra:
2425 4944 2611 4999 orbem
2660 4959 2820 5013 quem
2872 4942 3124 4997 homines
3156 4942 3414 5006 colimus,
3446 4941 3612 4994 situm
3657 4954 3801 4994 esse.

542 5036 962 5105 paenitentiam,
1030 5034 1163 5109 quia
1216 5037 1273 5091 in
1328 5036 1636 5108 propinquo
1691 5045 1834 5091 esset
1895 5050 2119 5105 regnum
2808 5034 3036 5091 CAPUT
3080 5035 3216 5089 Xlll.

546 5128 766 5183 cmlestc
797 5128 875 5196 a‘;
928 5131 1019 5184 sed
1070 5130 1385 5201 paradisum
1422 5146 1542 5185 esse
1592 5129 1829 5183 vicinqu
1884 5142 1988 5181 non
2038 5127 2123 5180 di-
2299 5129 2364 5183 In
2399 5147 2503 5199 qua
2550 5128 2734 5183 mundi
2784 5130 2991 5200 regione
3029 5131 3232 5198 positus
3278 5129 3347 5181 sit
3393 5128 3700 5198 paradisus.
3733 5152 3804 5168 -—-

547 5236 693 5276 scrc.
733 5224 974 5291 Denique
1007 5222 1110 5276 hoc
1140 5239 1360 5291 quoque
1389 5222 1531 5277 inter
1566 5222 1654 5277 illa
1690 5220 1983 5275 discrimen
2013 5231 2117 5283 cst,
2225 5221 2327 5277 Sed
2381 5232 2593 5292 quaarat
2643 5221 2841 5289 aliquis
2868 5262 2881 5285 ,
2937 5223 2989 5274 in
3044 5235 3282 5289 quanam
3339 5221 3527 5277 mundi
3583 5221 3802 5290 regione

543 5313 687 5381 quod
720 5323 839 5383 post
876 5316 1329 5369 resurrectionem
1358 5314 1715 5372 conscensuri
1751 5314 1863 5370 sint
1885 5312 2019 5383 justi
2054 5318 2118 5368 ad
2221 5316 2436 5385 positus
2481 5318 2551 5370 sit
2590 5316 2872 5385 paradisus
2910 5330 2923 5368 :
2962 5329 3148 5367 versus
3183 5312 3484 5378 Orientem,
3527 5329 3595 5367 an
3644 5313 3799 5366 Occi-

544 5405 765 5458 cmlcstc
813 5423 1061 5478 regnum,
1113 5420 1280 5477 atque
1329 5407 1437 5462 illic
1488 5410 1539 5463 in
1582 5424 1795 5463 summa
1845 5409 2119 5479 voluptate
2222 5410 2471 5473 dentem,
2526 5409 2589 5461 ad
2644 5407 2951 5471 Meridteut,
3010 5423 3075 5460 an
3128 5407 3607 5477 Septentrionem?
3664 5406 3799 5458 lluic

554 5578 557 5581 ν
612 5556 654 5587 ³⁷
682 5550 839 5675 ιυὶιὲι.
876 5567 982 5614 xrv,
1012 5554 1063 5606 2.
1144 5555 1187 5586 ’⁸
1222 5554 1388 5609 llchr.
1426 5570 1521 5619 xit,
1556 5556 1642 5621 ἓξ,
1673 5556 1763 5610 ‘25.
1841 5556 1885 5588 ¹⁹
1915 5554 1952 5609 ll
1981 5554 2107 5610 Cor.
2150 5571 2201 5622 v,

554 5641 701 5675 ιίιιι.
815 5664 829 5675 .

2150 5571 2201 5622 v,
2238 5557 2288 5610 l.
2405 5556 2501 5610 "l
2543 5555 2671 5609 Cor.
2726 5572 2784 5621 ll,
2831 5557 2882 5609 9.
3000 5559 3038 5589 ³¹
3084 5558 3269 5613 Matth.
3323 5574 3403 5624 ιιι,
3458 5560 3510 5613 1.
3588 5559 3631 5591 ³¹
3668 5556 3799 5615 Luc.

542 5640 701 5685 XXtIt,
737 5640 829 5676 eo.

608 5764 686 5825 4'2)
722 5763 897 5831 Supra
930 5777 1048 5830 cap.
1082 5763 1111 5816 7
1142 5765 1243 5820 sub
1274 5766 1455 5820 linem.
