4176 6494
387 424 490 479 497
1510 415 1607 474 DE
1653 413 2036 484 PARADISO

1978 413 2058 471 i0.
2101 435 2169 446 -
2208 412 2408 473 PARS
2447 413 2497 471 ῐ.
3526 407 3627 471 698

388 531 798 600 respondemus,
855 528 1114 581 Basiliam
1177 525 1393 594 quidem
1446 534 1500 578 et
1546 527 1663 594 ejus
1728 523 1948 577 fratrem
1983 525 2024 581 A
2056 521 2176 576 diso
2224 519 2367 574 amni
2419 529 2562 574 terra
2603 518 2656 573 in
2726 520 2865 573 hanc
2915 527 3154 574 nostram
3229 535 3323 588 per
3369 521 3627 576 vadosum

386 623 700 693 Gregorium
735 619 1056 690 Nyssetttttn,
1104 629 1266 688 atque
1310 626 1504 688 pra-ter
1547 618 1645 673 hos
1676 619 1952 672 dominum
2057 628 2207 669 mare
2231 612 2462 683 pedibus
2491 627 2852 676 commeasse,
2877 627 3001 667 cum
3033 619 3217 668 essent
3249 622 3474 668 statura:
3506 629 3630 682 pro-

391 719 673 776 Severnm,
727 711 1145 781 compluresque
1194 709 1331 766 alios
1379 710 1588 780 opinari
1639 707 1952 780 paradisum
2057 705 2392 769 eerissimre;
2454 697 2615 773 atque
2687 703 2791 758 hoc
2860 713 2974 756 tum
3032 719 3096 758 ex
3158 705 3458 760 Athanasio
3517 714 3626 759 tmn

386 806 454 859 ad
504 803 834 860 Orientalem
891 812 1045 856 terra:
1107 803 1378 870 regionem
1430 811 1666 856 exstare.
1718 801 1954 856 Basilius
2057 798 2314 868 eCyrillo
2353 797 2710 866 comptobarc
2739 797 3013 860 nituntur,
3060 797 3152 868 qui
3185 798 3322 851 inter
3357 798 3456 851 alia
3497 799 3631 850 seri-

385 896 530 948 t-nim
584 907 838 947 sermone
886 906 1049 959 super
1096 890 1224 944 illud
1277 889 1424 944 Pauli
1470 874 1538 953 ⁵³,
1571 889 1668 943 χΙη
1710 891 1851 944 omni
1900 907 1954 944 re
2055 891 2220 957 bunt,
2251 881 2638 945 habitationem
2668 889 2898 959 primam
2934 897 3054 958 post
3083 888 3396 958 paradisum
3459 887 3630 943 fuisse

382 990 585 1057 gratias
617 979 775 1057 agro,
825 986 890 1039 ad
935 986 1077 1040 hunc
1114 983 1334 1038 modum
1370 983 1554 1039 scribit
1597 1000 1612 1038 :
1663 1003 1680 1035 t
1713 984 1838 1038 ldeo
1885 982 1952 1037 ad
2057 985 2262 1039 Adamo
2313 985 2369 1039 in
2411 985 2598 1040 Judaza
2651 999 2665 1037 :
2715 991 2976 1053 praaterea
3027 981 3229 1051 ipsum,
3281 991 3630 1052 posteaquam

384 1080 663 1147 Orientem
702 1079 844 1133 versi
891 1079 1032 1132 inter
1063 1079 1326 1131 orandum
1372 1076 1642 1143 stetimus,
1676 1085 1734 1130 ut
1764 1074 1951 1130 oculos
2055 1092 2152 1147 per
2182 1077 2445 1147 plurimas
2476 1075 2728 1146 regiones
2769 1083 3000 1145 vagatus
3059 1073 3114 1128 in
3151 1074 3274 1129 aliis
3304 1084 3470 1142 atque
3508 1074 3630 1128 aliis

381 1179 603 1225 nostros
637 1169 703 1224 ad
752 1168 1223 1238 contemplandum
1272 1168 1590 1237 paradisum
1641 1165 1954 1223 assuefaee-
2014 1215 2023 1233 ,
2056 1169 2356 1224 habitasset
2380 1168 2520 1230 locis
2541 1208 2556 1234 ,
2596 1168 2814 1222 tandem
2848 1168 2950 1223 sub
2982 1167 3106 1222 vitae
3137 1167 3293 1222 linem
3327 1150 3544 1222 venisse
3575 1163 3629 1220 in

380 1275 586 1325 remus,
631 1277 803 1330 coque
849 1261 1028 1315 locum
1077 1270 1322 1314 nostrum
1373 1260 1666 1326 pristinum
1708 1259 1952 1328 require-
2055 1266 2294 1315 montem
2328 1259 2516 1322 Iebus.
2554 1259 2739 1330 ibique
2789 1260 3059 1329 sepultum
3110 1273 3267 1325 esse;
3304 1271 3513 1313 certum
3549 1267 3632 1312 est

379 1368 581 1408 remus.
610 1352 905 1421 Gregorius
958 1367 1090 1406 vero
1132 1349 1430 1422 Nysscntts,
1486 1365 1737 1403 sermone
1788 1365 1948 1418 quem
2054 1364 2237 1407 autem
2269 1333 2443 1408 Iebus
2472 1366 2596 1409 esse
2625 1351 2948 1406 Jerusalem.
2984 1350 3048 1406 Et
3079 1367 3208 1406 vero
3255 1350 3510 1405 dominus
3539 1349 3632 1404 Ja-

380 1447 434 1498 in
487 1442 799 1500 Orationem
869 1444 1210 1498 Dominicam
1271 1441 1617 1512 composuit,
1675 1441 1755 1496 sic
1805 1444 1880 1496 ait
1935 1460 1948 1493 ε
2056 1445 2227 1499 cobus
2257 1443 2551 1499 Orrohaita
2589 1445 2752 1499 tradit
2791 1443 2956 1499 etiam
2989 1438 3158 1497 Neam
3190 1443 3299 1498 illic
3332 1442 3630 1507 habitasse,

377 1537 762 1590 Convertitnus
814 1551 920 1589 nos.
969 1535 1036 1589 ad
1087 1535 1399 1596 Orientem,
1459 1548 1564 1586 non
1614 1533 1735 1587 ldeo
1790 1535 1950 1586 modo
2053 1534 2300 1603 atquein
2332 1536 2550 1604 regione
2573 1534 2937 1590 Sodomorum
2973 1533 3250 1604 plantasse
3284 1533 3406 1588 illas
3434 1533 3630 1612 cedros

378 1627 526 1695 quod
571 1625 684 1682 illic
729 1625 874 1681 Deus
921 1625 992 1680 sit
1037 1623 1404 1695 aspectabilis,
1452 1623 1545 1694 qui
1601 1617 1801 1692 ubique
1845 1635 1947 1684 cst.
2052 1642 2116 1680 ex
2168 1625 2366 1694 quibus
2422 1640 2601 1680 arcam
2642 1625 2950 1680 construxit
3000 1642 3013 1678 :
3063 1639 3228 1696 quam
3270 1638 3453 1678 arcam
3503 1638 3628 1678 cum

378 1732 558 1786 neque
584 1717 695 1770 ullo
727 1717 1044 1784 particulari
1079 1718 1197 1772 loco
1223 1717 1446 1770 omnino
1480 1716 1796 1770 continetur
1823 1732 1945 1770 cum
2051 1727 2193 1773 esset
2239 1734 2343 1772 una
2393 1734 2518 1774 cum
2572 1718 2758 1774 liberis
2809 1719 2921 1774 s'uis
2970 1713 3629 1795 Conscensurusimpeu-

376 1824 596 1864 omnem
640 1824 702 1862 ex
749 1823 906 1877 aequo
940 1814 1198 1877 οεοιιρθι.
1248 1808 1341 1864 sed
1383 1806 1509 1875 quia
1563 1807 1715 1862 locus
1762 1816 1948 1861 noster
1984 1870 2018 1877 _
2051 1810 2214 1866 dente
2247 1811 2476 1874 diluvio,
2509 1826 2692 1866 secum
2730 1812 2782 1864 in
2817 1827 2938 1868 eam
2971 1811 3223 1866 intulisse
3253 1826 3378 1866 ossa
3412 1810 3628 1874 Adami,

375 1895 644 1972 pristinus
691 1901 742 1955 in
790 1900 1014 1956 Oriente
1052 1910 1134 1956 est
1173 1899 1281 1955 :de
1309 1915 1372 1955 ea
1405 1902 1511 1956 vita
1548 1899 1741 1969 loquor
1784 1913 1945 1967 quam
1984 1870 2023 1925 Β
2057 1916 2229 1972 eaque
2277 1902 2471 1958 deinde
2513 1909 2634 1972 post
2680 1900 2943 1956 diluvium
2986 1916 3108 1957 arra
3159 1917 3476 1972 egressum,
3515 1902 3632 1958 suis

378 1997 434 2047 in
465 1993 720 2065 paradiso
745 1993 1110 2063 agitabamus,
1138 2007 1205 2047 ex
1236 2007 1343 2060 quo
1375 1991 1572 2046 deinde
1600 1989 1944 2057 excidimus;
2056 1991 2183 2046 liliis
2215 1989 2578 2055 distribuisse,
2617 2001 2772 2061 prout
2809 1992 2995 2047 orbem
3035 2001 3302 2049 terrarum
3334 1996 3476 2047 inter
3509 1993 3628 2048 illos

373 2095 660 2142 conservat
689 2087 833 2140 enim
869 2082 1007 2139 Deus
1030 2085 1340 2156 paradisum
1364 2085 1415 2138 in
1438 2085 1604 2152 Eden,
1627 2084 1679 2137 in
1702 2083 1942 2138 Oriente.
2034 2068 2408 2137 habitandum
2451 2083 2804 2152 particbatur.
2858 2077 3019 2138 Verbi
3052 2085 3224 2156 gratia
3266 2103 3281 2140 :
3321 2083 3626 2140 Calvariam

371 2179 513 2232 Cum
541 2179 705 2247 igitur
730 2179 796 2232 ad
822 2177 1095 2232 Orientem
1123 2177 1410 2248 dirigitnus
1435 2179 1714 2231 oculorum
1739 2186 1946 2231 uostro-
2053 2173 2243 2228 Adami
2298 2174 2514 2230 dedisse
2561 2175 2929 2245 primogenita
2975 2188 3075 2231 suo
3125 2175 3274 2240 Sem,
3326 2189 3378 2232 et
3430 2189 3626 2234 terram

373 2284 498 2323 rum
531 2268 728 2333 aricm,
758 2277 919 2340 atque
951 2284 1136 2323 casum
1184 2268 1260 2337 (5)
1293 2248 1542 2323 nostrum
1583 2284 1694 2338 quo
1726 2284 1790 2322 ex
1824 2270 1946 2324 bea-
2053 2267 2361 2335 assignasse
2390 2268 2439 2321 ei
2469 2265 2732 2333 Juda'am,
2765 2276 2929 2338 atque
2957 2268 3030 2324 ita
3061 2272 3428 2339 posteritatem
3462 2271 3584 2325 Sent
3613 2311 3626 2334 ,

369 2355 605 2419 tissimis
640 2363 748 2419 illis
776 2364 908 2419 locis
939 2361 1270 2426 excidimus,
1300 2378 1620 2418 revocamus
1651 2363 1704 2418 in
1731 2365 1945 2418 animos
2055 2372 2178 2412 cum
2225 2360 2273 2412 ei
2309 2357 2549 2414 Iudaeam
2594 2376 2695 2415 ceu
2752 2376 2906 2416 suam
2963 2363 3334 2419 hazrtxlitatem
3366 2367 3628 2430 venisset,

371 2465 617 2516 nostros,
655 2457 850 2509 merito
898 2456 1038 2511 hanc
1085 2468 1228 2511 tuam
1278 2458 1646 2528 precationem
1691 2458 1783 2513 tibi
1815 2457 1946 2513 olfe-
2055 2451 2201 2506 illam
2242 2451 2371 2507 Adae
2419 2452 2724 2508 Calvariam
2776 2470 2899 2524 quae
2948 2455 3054 2510 sibi
3106 2456 3254 2513 illius
3304 2457 3522 2512 ossibus
3563 2474 3630 2513 ea

368 2546 568 2610 rimus,
596 2559 703 2599 etc.
730 2545 972 2615 Denique
998 2548 1253 2602 dominus
1279 2549 1535 2610 Severus,
1563 2551 1808 2604 oratione
1838 2543 1943 2618 qua

2053 2554 2277 2615 paterna
2312 2533 2699 2601 distributione
2747 2547 3066 2615 obvenerat,
3105 2551 3159 2606 in
3194 2551 3323 2613 Adae
3374 2553 3627 2626 sepulcro

369 2639 596 2694 disserit
624 2653 722 2692 cur
753 2640 893 2692 versi
924 2637 990 2692 ad
1017 2639 1292 2693 Orientem
1329 2640 1641 2704 adoremus,
1675 2641 1788 2700 baac
1817 2657 1954 2710 pro-~
2052 2635 2194 2705 quod
2241 2637 2444 2706 alioqui
2492 2638 2605 2706 jam
2657 2647 2772 2694 tum
2821 2638 2933 2696 illic
2981 2641 3252 2708 exstabat,
3289 2627 3626 2714 reposuisse.
3682 2677 3685 2679 -

369 2729 511 2783 didit
545 2746 559 2782 :
588 2729 721 2795 Quia
766 2731 1055 2798 paradisus
1086 2733 1138 2784 in
1173 2729 1395 2785 Oriente
1437 2741 1540 2795 est,
1585 2742 1638 2786 et
1669 2733 1818 2786 illinc
1849 2747 1943 2787 su-
2054 2728 2158 2782 Sed
2184 2728 2276 2782 ahi
2302 2729 2642 2795 existimant,
2660 2730 2791 2794 inde
2812 2747 2879 2786 ex
2904 2745 3013 2800 quo
3038 2734 3339 2805 deliquerat
3361 2736 3626 2804 Adantus,

377 2836 506 2877 mus
545 2822 769 2890 egressi,
821 2829 982 2889 atque
1027 2820 1092 2875 ad
1139 2821 1318 2876 locum
1364 2829 1610 2877 nostrum
1659 2824 1942 2892 antiquum
2053 2833 2192 2889 eque
2223 2820 2479 2889 paradiso
2525 2819 2704 2876 fuerat
2747 2821 3070 2879 eliminatos
3099 2840 3114 2878 :
3145 2840 3319 2896 usque
3362 2819 3626 2886 ad;dilu-l

371 2915 571 2969 reverti
599 2927 906 2982 speramus,
927 2922 1036 2970 etc.
1064 2912 1203 2966 Sunt
1225 2915 1390 2967 etiam
1415 2914 1511 2982 qui
1544 2914 1670 2970 hinc
1696 2926 1945 2972 constare
2051 2913 2222 2976 Vium.
2273 2914 2531 2976 mOHaies
2578 2911 2771 2970 omh’es
2817 2918 3087 2982 titansisse
3125 2919 3179 2973 itt
3204 2933 3278 2986 ea
3324 2911 3631 2991 terraque

366 3005 709 3066 existiment,
760 3003 1073 3073 paradisum
1123 3004 1178 3056 in
1227 3003 1447 3058 Oriente
1492 3019 1633 3064 esse.
1679 3006 1804 3074 quia
1850 3007 1943 3074 qui
2053 3013 2202 3059 trans
2234 3002 2508 3058 Oceanum
2557 3006 2762 3059 circum
2797 3007 3110 3076 paradisum
3143 3009 3395 3064 exstabat
3439 3013 3626 3067 :hanc

368 3096 572 3165 templa
621 3105 714 3151 aut
758 3097 901 3151 aedes
947 3107 1270 3150 construere
1320 3097 1507 3150 volunt
1553 3098 1620 3150 ad
1666 3095 1939 3152 Orientem
2051 3109 2180 3149 vero
2210 3111 2372 3165 quam
2410 3110 2509 3150 nos
2547 3096 2662 3166 jam
2705 3096 2972 3154 habemus
3007 3108 3208 3154 terram
3262 3100 3328 3155 ad
3363 3102 3415 3156 id
3453 3118 3627 3173 usque

365 3188 694 3258 spectantia,
745 3188 815 3242 ita
860 3187 1199 3252 describunt,
1233 3198 1290 3242 ut
1338 3188 1404 3242 ad
1455 3188 1623 3243 solem
1667 3189 1720 3242 in
1760 3205 1944 3245 mense
1973 3222 2015 3281 ο
2053 3196 2263 3257 tempus
2288 3203 2515 3242 vacuam
2550 3203 2777 3258 prorsus
2809 3189 3093 3245 hominum
3126 3187 3300 3248 fuisSe
3327 3195 3626 3250 desertam-

368 3281 538 3337 Nisan
567 3279 842 3335 Orientem
872 3280 1100 3335 obversa
1143 3280 1215 3334 sit
1257 3278 1486 3344 fabrica,
1517 3280 1777 3336 nimirum
1820 3282 1944 3350 quia
1984 3278 2002 3281 “
2048 3296 2192 3351 que;
2231 3282 2461 3351 illosque
2506 3297 2700 3336 omnes
2746 3283 2952 3340 diluvio
2984 3284 3212 3362 obrytos
3247 3299 3466 3356 prepter
3501 3290 3622 3344 vitae

367 3376 464 3428 illo
519 3389 702 3428 mense
748 3371 828 3426 sol
876 3387 1039 3441 supra
1093 3371 1330 3441 paradisi
1379 3371 1560 3427 locum
1599 3373 1827 3428 oriatur.
1883 3373 1947 3426 Et
2049 3371 2412 3442 impuritatem
2437 3373 2688 3443 periisse,
2711 3389 2824 3430 uno
2844 3373 2961 3430 Noa
2985 3377 3271 3447 virojusto
3294 3394 3418 3434 eum
3445 3380 3622 3436 tribus

368 3465 569 3519 horum
600 3465 690 3518 alii
722 3465 941 3535 quidem
977 3465 1118 3517 diem
1161 3464 1434 3519 decimum
1464 3464 1714 3534 quintum
1744 3465 1947 3520 mensis
2048 3461 2231 3518 liberis
2263 3473 2426 3533 atque
2464 3465 2790 3535 coniugibus
2826 3469 3142 3536 superstite,
3180 3480 3237 3524 ut
3271 3472 3468 3542 reliqui
3508 3480 3621 3527 tum
3691 3478 3699 3487 '

369 3559 539 3613 Nisan
595 3559 925 3623 observant,
979 3558 1134 3626 quasi
1191 3572 1257 3612 eo
1307 3558 1442 3613 solis
1491 3557 1631 3613 radii
1683 3565 1828 3612 recte
1877 3573 1942 3613 ex
2047 3555 2249 3610 fuerint
2279 3557 2380 3611 soli
2416 3565 2537 3612 octo
2566 3559 2845 3614 mortales.
2877 3559 3146 3616 Caeterum
3215 3558 3383 3618 Neam
3431 3565 3623 3619 cedrus

365 3651 734 3708 orientalibus
775 3649 1028 3704 fenestris
1054 3650 1370 3718 prosiliant;
1398 3649 1486 3705 alii
1513 3663 1642 3705 vero
1663 3659 1941 3720 quartum,
2047 3647 2103 3702 in
2133 3646 2224 3702 illa
2258 3663 2382 3718 quas
2414 3648 2555 3704 ultra
2591 3651 2865 3706 Oceanum
2900 3661 2984 3708 est
3011 3665 3156 3710 terra
3185 3657 3417 3719 sevisse,
3461 3667 3625 3727 atque

366 3760 543 3813 coque
582 3745 634 3798 id
671 3745 784 3798 tieri
823 3751 1032 3811 putant,
1071 3743 1212 3812 quod
1256 3742 1336 3797 sol
1365 3756 1431 3796 eo
1476 3743 1547 3796 sit
1576 3740 1663 3796 die
1705 3751 1943 3808 creatus,
2045 3755 2113 3795 ex
2161 3741 2269 3794 illis
2317 3755 2500 3795 arcam
2538 3741 2649 3796 illic
2702 3744 3008 3810 struxisse;
3065 3761 3236 3815 eaque
3274 3759 3454 3803 tectos
3500 3761 3624 3805 octo

363 3846 423 3890 ct
461 3851 681 3891 cursum
729 3851 888 3888 suum
943 3835 1233 3904 occeperit.
1283 3833 1482 3888 Verum
1523 3832 1770 3903 Ephrazm
1815 3833 1945 3888 dicit
2048 3830 2173 3886 illos
2205 3833 2474 3898 homines,
2508 3849 2633 3887 cum
2667 3850 2695 3887 a
2723 3835 2930 3890 diluvio
2965 3839 3164 3893 servati
3199 3851 3401 3903 essent,
3435 3858 3498 3896 ex
3533 3843 3629 3896 illa

366 3927 680 3996 paradisum
713 3927 1020 3980 universam
1065 3927 1272 3982 ambire
1341 3934 1542 3982 terram
1564 3969 1578 3991 ,
1612 3935 1776 3998 atque
1805 3927 1943 3984 ultra
2046 3920 2285 3991 pll'adiSi
2324 3922 2542 3992 regione
2587 3924 2813 3980 in‘hanc
2844 3926 3088 3982 nostram
3126 3931 3439 3999 pervenisse
3471 3952 3482 3988 :
3517 3951 3623 3990 non

366 4018 652 4073 Oceanum
703 4017 775 4071 ita
812 4018 1046 4085 positum
1080 4032 1201 4071 esse
1236 4026 1293 4071 ut
1338 4025 1509 4071 totum
1557 4023 1943 4071 terrarumor-
2046 4025 2230 4068 autem
2280 4015 2507 4084 pedibus
2557 4015 2730 4092 maris
2810 4014 3010 4072 vadum
3067 4022 3459 4079 transmisisse.
3518 4026 3620 4091 Qui

366 4115 490 4167 hem
523 4111 592 4166 ab
622 4109 771 4174 omni
808 4107 1110 4164 circumdet
1149 4108 1392 4176 regione,
1435 4121 1542 4161 non
1589 4106 1744 4161 aliter
1777 4115 1944 4177 atque
2047 4100 2188 4159 hanc
2234 4108 2559 4161 sententiam
2607 4114 2852 4173 tuentur,
2898 4107 3145 4179 Ephrann
3183 4125 3459 4169 auctorem
3510 4117 3626 4171 lau-

367 4206 514 4259 lunt
559 4203 710 4258 orbis
762 4201 949 4256 lunam
999 4200 1191 4270 cingit.
1242 4199 1382 4254 Sunt
1428 4209 1611 4254 autem
1666 4199 1781 4254 htec
1824 4199 1944 4269 ejus
2044 4197 2219 4260 dant.
2287 4199 2380 4270 qui
2435 4199 2488 4252 in
2550 4200 2665 4256 suis
2722 4200 3148 4259 Commentariis
3214 4206 3294 4261 sic
3359 4209 3644 4279 scriptum"

369 4296 485 4352 fere
525 4297 710 4360 verba,
753 4295 952 4364 quibus
983 4292 1036 4348 in
1065 4308 1128 4348 ea
1175 4308 1272 4348 sua
1314 4293 1681 4363 disputatione
1728 4293 1940 4348 utitur:
1986 4345 1999 4351 ,,
2045 4289 2309 4358 reliquit:
2347 4309 2366 4343 t
2397 4290 2459 4344 Et
2487 4290 2648 4360 eiecit
2675 4307 2798 4346 eum
2823 4308 2890 4349 ex
2920 4308 2984 4348 eo
3013 4296 3624 4370 (paradisumintellige)

368 4382 508 4448 Quia
555 4381 746 4452 procul
797 4390 948 4435 extra
991 4393 1343 4450 conspectum
1397 4382 1622 4437 dissitus
1663 4391 1744 4436 est
1781 4398 1943 4451 para-
2047 4380 2458 4451 assignavitque
2509 4383 2611 4452 ipsi
2662 4398 2773 4438 non
2821 4383 3010 4454 procul
3059 4391 3128 4441 ah
3167 4403 3254 4442 eo.
3307 4387 3619 4460 Benignitas

367 4474 548 4538 disus,
579 4488 756 4542 neque
803 4481 910 4528 tam
958 4484 1113 4529 acuta
1147 4475 1287 4529 inest
1326 4475 1502 4528 oculis
1532 4475 1735 4528 nostris
1776 4477 1940 4540 acies,
2046 4483 2211 4543 atque
2241 4474 2412 4543 gratia
2452 4487 2652 4544 scopus
2679 4484 2766 4531 est
2797 4487 3094 4546 perpetuus
3132 4478 3278 4544 Deo;
3309 4481 3430 4548 ejus
3454 4484 3616 4537 etiam

370 4580 432 4622 ttt
463 4566 616 4623 illum
651 4566 875 4636 assequi
925 4565 1234 4635 possimus;
1276 4565 1319 4619 si
1369 4566 1434 4619 de
1478 4566 1597 4634 ipso
1634 4567 1935 4636 periculum
1973 4563 2017 4619 D
2046 4565 2123 4620 rei
2168 4565 2310 4635 apud
2367 4565 2570 4622 inferos
2624 4569 2850 4638 vestigia
2917 4579 3154 4626 exstant.
3215 4562 3616 4630 llabitationem

371 4659 554 4714 lacere
593 4658 748 4720 velis,
800 4656 958 4712 facile
1002 4656 1300 4712 contuleris
1345 4673 1469 4712 eum
1515 4658 1720 4712 circulo
1751 4658 1936 4712 lunam
2047 4657 2272 4712 dederat
2317 4657 2420 4727 ipsi
2475 4658 2529 4713 in
2580 4661 2859 4729 paradiso,
2911 4663 3004 4718 sed
3060 4648 3444 4734 praivaricatus
3489 4679 3616 4724 est:

371 4750 698 4829 autbiente,
731 4759 895 4818 atque
947 4749 1019 4802 ita
1070 4750 1344 4804 intellectu
1399 4749 1878 4818 comprehenderis
1919 4767 1935 4804 :
2047 4765 2241 4805 rursus
2283 4765 2412 4820 ergo
2453 4753 2688 4807 extrusit
2737 4754 3015 4824 paradiso,
3059 4757 3152 4811 sed
3207 4757 3259 4812 in
3318 4763 3629 4832 propinquo

378 4860 498 4898 nam
549 4843 620 4899 ita
670 4822 760 4898 ille
808 4852 862 4895 et
909 4857 1061 4897 mare
1090 4852 1142 4895 et
1176 4852 1373 4896 terram
1429 4843 1568 4896 intra
1608 4856 1666 4898 se
1697 4842 1939 4913 comple-
2048 4841 2356 4897 collocavit.
2420 4839 2526 4898 Sed
2556 4851 2612 4898 et
2663 4822 2753 4900 hic
2808 4846 3160 4916 perditissimi
3202 4822 3450 4908 homines
3491 4822 3624 4909 deli-
3681 4917 3697 4932 .

375 4937 559 4991 uim...
2048 4939 2309 5001 queruut,
2355 4942 2409 4987 et
2442 4930 2534 5002 qui
2562 4931 2720 5002 juxta
2753 4935 3065 5004 paradisum
3104 4937 3432 5007 habitarent,
3486 4941 3624 4996 indi.

952 5029 1179 5085 CAPUT
1220 5028 1360 5084 XIV,
2050 5023 2138 5091 gni
2169 5028 2462 5079 evaserhnt
2494 5043 2505 5078 :
2538 5041 2680 5079 arca:
2707 5025 2873 5098 igitur
2903 5027 3206 5099 imperavit,
3246 5047 3307 5086 ca
3346 5032 3402 5085 iu
3428 5035 3622 5088 Arme-

446 5122 718 5187 Quomodo
760 5125 1059 5192 trajecerint
1108 5124 1265 5191 primi
1309 5135 1547 5193 parentes
1588 5139 1653 5177 ea:
1700 5122 1940 5193 paradisi
2048 5116 2194 5171 niam
2229 5116 2350 5171 illos
2378 5119 2664 5188 portavit.»
2694 5107 2970 5176 Hactenus
2993 5121 3262 5193 Ephraem.
3291 5122 3423 5189 Qua:
3466 5123 3622 5181 sisic

379 5224 516 5267 terra
561 5231 614 5267 tu
667 5213 798 5267 hanc
842 5225 1060 5268 terram.
1117 5213 1181 5266 Et
1231 5214 1549 5267 habitat-itus
1604 5213 1837 5266 Adamus
1885 5213 1939 5264 in
2049 5225 2107 5264 se
2140 5209 2362 5275 habent,
2401 5225 2700 5281 verumque
2726 5221 2829 5276 est,
2862 5213 2994 5270 Adae
3025 5215 3326 5270 Calvariam
3373 5215 3620 5274 inlebus

378 5307 581 5377 regione
613 5304 1118 5377 Hierosolymorum,
1165 5322 1357 5359 annon.
1395 5339 1460 5348 --
1489 5306 1716 5373 Quidam
1748 5322 1936 5360 eorum
2050 5303 2178 5373 (hoc
2207 5311 2306 5369 est,
2341 5301 2668 5373 Jerusalem)
2723 5305 3015 5374 sepultam,
3068 5319 3118 5362 et
3155 5305 3357 5363 Christi
3403 5325 3628 5366 crucem

377 5399 680 5461 doctorum,
729 5399 821 5469 qui
865 5411 1087 5455 censent
1128 5400 1435 5466 paradisum
1474 5401 1612 5453 ultra
1664 5398 1937 5453 Oceanum
2053 5396 2105 5448 in
2136 5410 2254 5449 eam
2288 5395 2517 5449 defixam
2555 5393 2723 5450 fuisse
2759 5408 3006 5452 :certum
3043 5411 3259 5468 quoque
3291 5401 3420 5464 erit,
3454 5401 3623 5457 Neam

379 5503 494 5545 esse
521 5490 781 5562 positum,
814 5490 1000 5545 dixere
1036 5492 1243 5561 primos
1280 5491 1527 5546 homines
1557 5507 1620 5545 cx
1659 5491 1749 5546 illa
1786 5506 1942 5560 para-
2054 5495 2368 5556 asportasse
2401 5500 2527 5544 ossa
2563 5487 2759 5545 Adami
2800 5505 2863 5546 ex
2916 5490 3082 5545 altera
3122 5491 3211 5545 illa
3257 5500 3424 5559 terra,
3467 5508 3623 5551 eum-

445 5668 489 5698 ”
521 5666 539 5722 l
573 5663 765 5721 Thess.
798 5684 845 5732 v,
887 5668 970 5723 18.

453 5850 526 5912 l3)
556 5850 704 5906 Alias
737 5853 954 5906 chitum.
