4010 6532
1082 34 1217 53 Ἴτηίι
1232 32 1749 61 n‘mﬂ—mn,
1778 58 1887 63 ,,,_,-.

552 551 660 618 499
680 536 682 539 ’

1827 560 2059 623 MOSIS
2100 562 2122 621 Ι

2224 562 2251 621 ἶ
2292 562 2538 623 (ΞΕΡΠᾹ
3680 562 3757 629 500

554 685 689 735 que,
752 668 845 726 ubi
905 669 959 725 in
998 671 1137 726 hanc
1185 680 1433 728 nostram
1497 672 1824 745 trajecisset,
1879 673 1989 731 tilio
2040 653 2140 730 suo
2166 677 2214 737 Α
2247 675 2456 733 fructus
2491 673 2728 746 paradisi
2764 674 2889 745 (etsi
2921 674 3147 730 arbores
3181 673 3498 744 fructusque
3529 675 3761 744 appellen-

556 761 924 835 primogenito
975 763 1102 819 Sero
1155 776 1321 837 caput
1348 766 1615 823 dedisse:
1646 768 1917 840 hujusque
1953 777 2135 838 poste-

555 858 774 913 ritatem
824 856 953 912 illud
1009 857 1062 912 in
1100 858 1270 915 Jebus
1298 860 1510 931 (utpote
1575 876 1674 918 sua
1730 863 1973 931 ipsorum
2010 876 2135 931 pos.

557 948 826 1019 sessione)
872 951 1215 1021 sepelivisse.
1260 951 1385 1008 llzec
1415 953 1577 1025 igitur
1622 955 1689 1009 ab
1741 954 1849 1011 illis
1879 954 2134 1009 dicuntur

555 1032 1003 1112 quiopinantur
1058 1045 1375 1113 paradisum
1452 1047 1591 1101 ultra
1658 1062 1806 1102 mare
1856 1046 2130 1103 Oceanum

551 1132 863 1202 exsistere;
896 1145 954 1191 at
1002 1136 1217 1192 illorum
1257 1138 1351 1208 qui
1404 1146 1597 1209 putant
1627 1139 1957 1210 paradisum
1992 1140 2132 1194 intra

550 1221 831 1281 Oceanum
868 1242 990 1282 esse
1021 1229 1288 1299 positum.
1324 1246 1501 1300 neque
1529 1247 1628 1287 nos
1663 1232 1801 1286 mari
1840 1232 1933 1286 sed
1973 1232 2133 1288 inviis

550 1325 604 1370 et
636 1319 778 1373 haud
813 1320 1247 1390 penetrabilibus
1277 1325 1557 1377 montibus
1595 1324 1663 1378 ab
1710 1323 1802 1378 illo
1832 1323 2129 1393 prohiberi,

553 1410 752 1477 partim
779 1411 970 1466 dicunt
996 1413 1125 1469 Adae
1165 1425 1390 1484 nepotes
1420 1415 1653 1486 pedibus
1686 1430 1750 1470 ex
1792 1414 1881 1469 illa
1911 1415 2133 1485 regione

550 1501 606 1554 in
659 1501 797 1557 hanc
846 1517 1091 1559 nostram
1147 1521 1512 1572 commeasse,
1544 1506 1745 1578 partim
1792 1522 1922 1563 vero
1967 1508 2130 1562 ober-

551 1601 704 1648 rante
735 1609 861 1650 arca
888 1595 1197 1655 illincesse
1226 1599 1334 1654 huc
1365 1599 1601 1655 delatos.

620 1692 623 1695 ’
1142 1690 1372 1748 CAPUT
1410 1691 1532 1748 XV.

619 1777 795 1844 Quam
855 1781 925 1835 sit
993 1782 1232 1853 amplum
1289 1788 1537 1853 paradisi
1592 1792 1845 1859 spatium.
1887 1819 1957 1829 —-
2005 1788 2130 1843 Sive

546 1878 727 1924 autem
760 1872 1051 1941 paradisus
1088 1876 1141 1929 in
1174 1876 1400 1947 regione
1428 1880 1594 1934 modo
1631 1881 1891 1936 Orientali
1922 1863 2135 1952 positus

545 1971 654 2030 est,
719 1974 779 2020 nt
840 1965 1029 2024 dixere
1087 1968 1346 2038 Basilius,
1405 1972 1727 2045 Gregorius,
1792 1973 2027 2030 Severus
2076 1985 2130 2032 et

2243 771 2350 837 tur)
2410 770 2542 824 tales
2596 769 2822 825 omnino
2867 767 3075 832 fuisse,
3132 766 3319 837 quales
3366 766 3457 821 hie
3508 768 3636 837 apud
3685 785 3763 826 nos

2240 863 2677 934 progignuntur;
2722 861 2815 917 sed
2861 860 3023 931 longe
3058 860 3143 915 his
3174 859 3643 930 p‘necellentiores,
3676 863 3765 917 ele-

2239 956 2533 1024 gantiores,
2587 955 2845 1024 majores.
2877 952 3013 1008 Nam
3067 962 3125 1008 ut
3176 952 3249 1007 ita
3281 961 3610 1017 statuamus,
3646 953 3767 1009 hisce

2238 1046 2550 1102 inducimur
2596 1046 2926 1103 rationibus.
2980 1044 3225 1099 Primum
3282 1044 3359 1098 illi
3430 1043 3635 1101 fructus
3680 1062 3766 1101 non

2238 1138 2391 1196 fuere
2428 1139 2800 1195 exsecrationi
2830 1139 3028 1192 divina:
3061 1137 3286 1192 obnoxii
3340 1152 3519 1207 neque
3542 1138 3768 1205 damnati,

2238 1243 2297 1289 ut
2346 1235 2398 1287 hi
2451 1233 2670 1297 nostri;
2718 1232 2913 1287 deinde
2962 1233 3005 1287 si
3054 1233 3108 1288 in
3151 1232 3253 1287 hac
3284 1240 3471 1286 nostra
3503 1230 3769 1287 detestabili

2236 1308 2378 1379 terra
2414 1333 2575 1391 atque
2614 1323 2849 1391 infelice,
2891 1323 2994 1378 alia
3028 1323 3166 1386 loca,
3217 1322 3364 1385 aliis.
3404 1321 3771 1393 praestantiores

2234 1415 2458 1470 arbores
2488 1423 2541 1470 et
2567 1414 2770 1470 fructus
2811 1414 3065 1469 meliores
3098 1410 3588 1481 bierunt;'quanto
3632 1410 3775 1483 magis

2233 1508 2657 1563 existimandum
2694 1507 2877 1577 fuerit,
2928 1507 3157 1563 arbores
3196 1504 3522 1576 fructusque
3569 1503 3772 1574 paradisi

2235 1599 2321 1653 his
2392 1600 2597 1654 nostris
2669 1598 2842 1654 multo
2914 1597 3369 1669 praecellentiores
3447 1596 3776 1665 melioresque

2234 1686 2444 1743 inisse!
2480 1687 2544 1743 Et
2572 1703 2700 1743 vero
2728 1688 2873 1745 hanc
2901 1695 3148 1743 nostram
3180 1686 3510 1743 sententiam
3546 1682 3778 1756 approbat

2232 1781 2398 1837 etiam
2458 1782 2815 1855 Philoxeuus,
2874 1796 2937 1837 ea
2987 1782 3238 1837 oratione
3270 1796 3432 1852 quam
3489 1780 3557 1834 de
3610 1778 3779 1833 arbore

2228 1874 2356 1929 vitae
2389 1873 2648 1943 scriptam
2683 1875 2941 1943 reliquit;
2996 1890 3123 1929 nam
3158 1875 3226 1929 de
3253 1873 3535 1944 paradiso,
3578 1872 3781 1941 ejusque

2230 1965 2433 2034 plantis
2493 1965 2659 2021 verba
2720 1964 2928 2021 faciens
2992 1964 3501 2034 ait:Nequaqnam
3554 1961 3782 2030 subjectae

541 2056 857 2126 complures
888 2058 1002 2126 alii,
1036 2076 1322 2118 necessum
1380 2072 1464 2120 est
1501 2066 1802 2135 spatiosum
1828 2066 2121 2123 admodum

2234 2046 2775 2113 sunt°exsecrationi
2827 2065 2991 2128 atque
3022 2056 3399 2122 damnationi;
3436 2056 3519 2111 ha:
3559 2055 3695 2110 enim
3735 2052 3779 2106 in

542 2156 715 2220 atque
778 2152 1021 2222 amplum
1094 2152 1304 2222 fuisse;
1368 2156 1418 2213 ei
1465 2159 1612 2212 enim
1658 2160 1731 2214 rei
1786 2159 1945 2215 (idem
1997 2159 2126 2217 facit

542 2241 738 2311 ingens
784 2244 916 2300 illud
954 2246 1155 2302 ﬂumen
1197 2262 1310 2318 quo
1361 2250 1665 2322 rigabatur.
1720 2250 1857 2307 Nam
1910 2254 1956 2310 si
1997 2254 2123 2320 hoc,

540 2327 635 2384 ubi
682 2332 999 2401 paradisum
1057 2336 1193 2393 satis
1244 2338 1443 2403 abluit,
1506 2341 1558 2395 in
1602 2350 1837 2411 quatuor
1892 2342 2127 2411 grandes

540 2420 739 2479 ﬂuvios
768 2425 1098 2492 dissecatur,
1132 2431 1226 2502 qui
1264 2447 1520 2501 magnam
1569 2436 1719 2491 orbis
1770 2438 1931 2506 hujus
1960 2454 2124 2506 quem

540 2528 645 2567 nos
690 2517 922 2574 colimus
950 2531 1160 2590 partem
1193 2539 1296 2579 suo
1332 2539 1499 2582 cursu
1531 2527 1764 2603 alluunt,
1821 2530 2122 2584 maximum

538 2607 806 2681 profecto,
852 2614 1254 2701 amplissimum
1307 2628 1471 2691 atque
1517 2619 2037 2690 prol‘undissimum,
2064 2631 2126 2680 ut

538 2701 614 2756 sit
658 2714 1093 2763 consentaneum
1142 2720 1247 2777 est,
1284 2722 1597 2784 antequam
1623 2714 1677 2769 in
1723 2722 1965 2784 quatuor
1998 2715 2124 2774 illos

533 2794 817 2852 diductum
848 2806 1011 2870 atque
1031 2803 1376 2874 dispertitum
1412 2805 1481 2861 sit
1503 2809 1734 2878 grandes
1767 2808 1979 2866 ﬂuvios.
2002 2808 2141 2865 Jam'
2182 2866 2187 2869 κ

537 2901 668 2943 vero
697 2903 761 2944 ex
790 2889 1035 2949 ﬂuminis
1064 2895 1440 2967 magnitudine
1463 2897 1778 2965 coniicitur,
1805 2900 2120 2969 paradisum

534 2978 629 3047 qui
682 2980 775 3035 illo
830 2982 1042 3052 rigatur
1118 2986 1519 3057 amplissimum
1569 2977 1789 3060 quoque
1825 3005 1968 3046 esse.
2022 2991 2120 3047 Sin

534 3084 669 3126 vero
700 3072 845 3143 (quae
874 3072 1150 3146 Ephrami
1181 3079 1452 3133 sententia
1492 3088 1600 3151 est)
1623 3095 1841 3135 omnem
1879 3083 2122 3154 undique

535 3173 742 3223 terram
801 3177 1047 3225 nostram
1112 3185 1238 3226 cum
1297 3172 1521 3230 Oceano
1574 3175 1771 3229 ambit.
1811 3177 2119 3246 paradisus.

533 3255 781 3330 profecto
827 3259 962 3317 nihil
1011 3278 1239 3334 prorsus
1282 3254 1644 3323 dubitationis
1695 3267 1964 3338 reliquum
2014 3278 2117 3334 est.

531 3353 669 3423 quin
701 3353 775 3409 sit
805 3356 1186 3427 amplissimus
1218 3358 1762 3430 patentissimusque.

1120 3467 1350 3525 CAPUT
1391 3468 1530 3525 XVI.

602 3580 747 3647 Quid
784 3581 855 3634 sit
906 3579 1090 3647 Edon,
1114 3589 1163 3635 et
1198 3597 1295 3635 cur
1332 3582 1615 3651 paradisus
1657 3594 1867 3641 vocetur
1899 3586 2119 3656 paradi-

532 3689 647 3729 sus.
691 3703 762 3714 —
803 3672 954 3729 Eden
1009 3673 1252 3730 Hebmis
1309 3664 1600 3748 uoluptatis
1674 3680 2115 3752 signiﬁcationem

532 3766 711 3834 liabet,
764 3775 815 3822 et
863 3766 1113 3850 credi/bile
1163 3779 1237 3823 est
1291 3768 1505 3827 Graecos
1561 3787 1718 3825 suum
1767 3772 1938 3843 ἡδονὴ
1997 3774 2119 3829 inde

534 3862 817 3929 formasse.
849 3860 1215 3918 —C:eterum
1268 3862 1419 3917 Eden
1468 3863 1626 3918 locus
1681 3874 1763 3920 est
1797 3866 2011 3935 amplus
2054 3882 2119 3923 ac

532 3953 834 4028 spatiosus.
888 3952 968 4008 sic
1012 3951 1218 4018 dictus,
1273 3952 1423 4024 quod
1464 3953 1754 4019 delicatus,
1807 3970 1871 4010 ac
1929 3957 2118 4012 multis

534 4043 811 4114 variisque
844 4044 1140 4102 arboribus
1169 4058 1469 4102 exornatus
1496 4047 1590 4103 sit.
1631 4046 1926 4104 Paradisus
1984 4064 2118 4104 vero

529 4136 843 4207 appellatur
896 4138 1191 4208 paradisus
1240 4141 1385 4211 quod
1426 4140 1579 4197 locus
1628 4141 1701 4196 sit
1732 4142 1912 4196 cultus
1948 4142 2119 4212 pluri-

532 4227 640 4283 mis
688 4226 1182 4294 pulcherrimisque
1242 4232 1488 4301 plantis,
1521 4248 1644 4295 eum
1702 4232 1929 4287 odoratu
1998 4242 2115 4288 tum

532 4331 752 4391 gustatu
798 4323 1086 4394 jucundis,
1137 4323 1408 4393 planeque
1451 4338 1755 4391 congruus,
1808 4322 2114 4393 appositus,

531 4417 1023 4482 accommodatus,
1087 4425 1148 4470 ut
1202 4414 1274 4470 sit
1338 4415 1677 4470 domicilium
1735 4413 2006 4485 sedesque
2062 4423 2117 4469 et

531 4510 829 4565 amcenitas
906 4509 1236 4575 hominum;
1309 4524 1435 4563 nam
1500 4507 1877 4577 hujuscemodi
1934 4508 2113 4562 locum

530 4610 941 4657 consueverunt
960 4600 1231 4671 mortales
1257 4602 1531 4671 appellare
1562 4599 1899 4670 paradisum.
1930 4598 2115 4666 Quare

532 4698 725 4751 beatus
765 4695 977 4766 Moyses
1014 4708 1236 4764 quoque
1302 4693 1559 4747 .lordanis
1606 4693 1768 4748 etiam
1813 4696 2112 4762 regionem,

528 4790 659 4859 quia
710 4765 929 4845 amoma
974 4798 1139 4858 atque
1186 4765 1503 4856 spectabilis
1548 4796 1696 4841 esset
1731 4786 1780 4839 ἰιΙ
1830 4787 2113 4861 temporis,

434 4940 439 4943 Α
529 4882 847 4951 paradisum
886 4880 1215 4936 nominavit.
1263 4879 1437 4934 Porro
1474 4885 1533 4934 ut
1586 4879 1736 4950 regio
1787 4876 1935 4932 Eilcn
1978 4892 2117 4930 cun-

525 4986 645 5029 ctas
683 4974 925 5043 reliquas
959 4972 1219 5043 praecellit
1252 4980 1459 5037 terras;
1507 4971 1660 5026 itaet
1688 4986 1751 5025 ea
1806 4969 1926 5039 ejus
1961 4984 2107 5039 pars,

526 5067 580 5119 in
636 5082 745 5135 qua
812 5065 951 5119 situs
1001 5073 1089 5119 est
1139 5062 1466 5134 paradisus.
1519 5072 1712 5117 caetera
1766 5062 1946 5116 omnia
2001 5076 2123 5131 quae

528 5157 678 5211 Eden
723 5155 1106 5225 complectitur
1151 5155 1270 5209 loca
1326 5164 1551 5225 superat
1595 5172 1609 5207 :
1662 5168 1840 5223 neque
1869 5154 2012 5208 enim
2065 5153 2121 5205 in

527 5248 678 5302 Eden
740 5249 908 5301 ullum
966 5256 1043 5302 est
1112 5246 1291 5304 solum
1343 5246 1696 5316 praestantius
1756 5262 1821 5301 eo
1886 5246 1939 5298 in
2006 5260 2116 5316 quo

533 5338 822 5408 paradisus
852 5349 935 5393 est
966 5338 1235 5393 consitus.

1104 5452 1335 5507 CAPUT
1384 5451 1547 5508 XVII.

606 5550 690 5598 Au
742 5548 947 5614 [ueriul
996 5548 1213 5602 arbores
1274 5549 1588 5619 frurtusque
1644 5546 1885 5617 paradisi
1934 5546 2114 5618 quales

537 5646 648 5693 tia’c
706 5648 892 5692 nostra
938 5650 1079 5693 terra
1112 5640 1235 5709 fert,
1289 5655 1356 5692 an
1413 5640 1494 5694 his
1541 5639 1847 5694 dissimiles.
1881 5669 1948 5678 —
1979 5638 2112 5693 Iliud

539 5744 707 5802 porro
749 5728 1086 5785 aﬂirmamus
1132 5744 1375 5800 quoque,
1432 5745 1607 5800 neque
1633 5731 1884 5795 arbores,
1936 5743 2113 5800 neque

611 5911 690 5983 (ι)
730 5912 875 5969 Cave
914 5920 1193 5967 auctorem
1220 5911 1384 5967 istum
1412 5926 1597 5965 errore
1630 5908 1939 5983 Graecorum
1969 5926 2108 5983 quo-

540 5982 790 6041 rumdam
841 5983 1193 6055 implicitum,
1247 5994 1559 6055 sanctorum
1603 5982 1977 6055 animositate
2021 5982 2111 6051 ju-

538 6056 667 6113 dicii
691 6056 833 6113 diem
857 6050 1177 6113 in’terrestri
1204 6052 1455 6110 paradiso
1477 6054 1725 6112 detineri.
1759 6050 1885 6110 Vide
1910 6050 2105 6109 librum

2227 2164 2346 2203 eam
2408 2151 2570 2205 modo
2626 2160 2829 2205 terram
2882 2150 3249 2218 pronuntiata:
3298 2156 3450 2213 sunt,
3494 2164 3614 2218 quin
3650 2153 3781 2202 extra

2227 2242 2541 2312 paradisum
2580 2251 2684 2305 est,
2720 2252 2841 2313 post
2872 2242 3130 2317 violatam
3165 2242 3234 2296 ab
3257 2240 3469 2296 Adamo
3503 2240 3693 2310 legem,
3720 2226 3781 2293 ita

2228 2341 2288 2388 ut
2337 2334 2406 2388 ab
2447 2333 2584 2404 ipsis
2614 2334 2904 2405 paradisus
2951 2342 3197 2389 maneret
3240 2333 3525 2399 immunis,
3558 2331 3695 2386 sicut
3736 2328 3782 2384 in

2225 2424 2368 2480 hanc
2415 2441 2591 2496 usque
2642 2426 2784 2481 diem
2826 2441 3048 2498 quoque
3090 2425 3356 2482 immunis
3405 2425 3649 2494 liberque
3690 2429 3783 2485 est,

2225 2532 2402 2587 eoque
2431 2525 2487 2573 et
2522 2516 2926 2573 delicatissimas
2952 2524 3005 2571 ct
3034 2515 3455 2588 speciosissima
3487 2514 3708 2570 arbores
3739 2510 3785 2565 in

2226 2610 2346 2681 ipso
2370 2611 2535 2666 etiam
2566 2618 2807 2666 exstant.

2786 2721 3014 2779 CAPUT
3054 2721 3239 2778 XVI".

2294 2854 2397 2913 Cui
2419 2858 2497 2912 vel
2524 2874 2684 2925 nunc,
2724 2858 2803 2913 vel
2824 2868 2945 2929 post
2989 2859 3428 2913 resurrectionem
3462 2858 3587 2913 stin
3610 2857 3791 2914 serviat

2223 2950 2533 3020 paradisus.
2559 2980 2631 2992 —-
2661 2950 2765 3006 Sed
2791 2951 2973 3006 solent
2997 2951 3218 3021 quidam
3246 2950 3661 3021 disciplinarum
3690 2959 3791 3027 stl-

2224 3043 2362 3099 diosi
2397 3058 2667 3114 quaerere,
2701 3042 2826 3115 quis
2851 3044 2923 3099 sit
2951 3044 3033 3098 vel
3058 3044 3173 3115 jam
3203 3059 3349 3098 nunc
3381 3044 3621 3116 paradisi
3649 3058 3791 3105 usus.

2222 3136 2306 3192 vel
2362 3136 2489 3205 quis
2531 3137 2662 3192 olim
2703 3137 2922 3192 futurus
2952 3179 2968 3205 ,
3022 3147 3336 3208 postquam.
3370 3138 3631 3192 mortales
3677 3149 3791 3191 cuat

2222 3229 2551 3297 corporibus
2604 3227 3036 3300 revixerint(4).
3098 3228 3194 3283 llis
3236 3244 3334 3285 nos
3388 3223 3791 3299 respondemus,

2223 3336 2290 3376 eo
2320 3321 2492 3377 fuisse
2525 3330 2771 3378 creatum
2823 3323 3004 3393 primo
3056 3323 3443 3393 consitumque
3492 3322 3564 3376 ab
3609 3319 3794 3391 opiﬂce

2142 3401 2189 3463 ϐ
2224 3414 2337 3468 Deo
2364 3413 2701 3484 paradisum,
2726 3403 2793 3470 ut
2823 3415 2994 3470 Adam
3026 3430 3150 3470 cum
3187 3406 3301 3469 sni's
3344 3413 3398 3467 in
3437 3414 3555 3483 ipso
3589 3411 3795 3467 habita-

2223 3515 2329 3563 ret.
2392 3505 2497 3573 Qui
2572 3506 2667 3563 ubi
2726 3516 2919 3563 contra
2977 3506 3298 3562 Conditoris
3354 3505 3441 3561 sui
3512 3504 3792 3575 imperium

2222 3592 2875 3669 peccassent,‘eliminati
2914 3597 3043 3652 inde
3080 3597 3328 3667 pulsique
3378 3605 3527 3649 sunt.
3587 3596 3662 3649 Ex
3709 3592 3793 3648 illo

2221 3685 2390 3762 porro
2423 3699 2667 3761 tempore
2715 3705 2889 3761 usque
2918 3688 2982 3744 ad
3014 3688 3219 3743 Christi
3269 3686 3567 3743 adventum
3598 3684 3788 3742 versati

2219 3792 2350 3849 sunt
2379 3784 2434 3837 in
2466 3782 2721 3854 paradiso
2752 3780 2941 3837 Enoch
2977 3790 3143 3850 atque
3189 3779 3380 3845 Elius;
3426 3787 3481 3831 at
3509 3793 3642 3833 vero
3678 3782 3794 3845 post

2219 3874 2424 3945 Christi
2453 3875 2595 3946 regis
2630 3874 2951 3940 adventum,
2975 3873 3106 3928 huic
3140 3884 3401 3943 praeterea
3432 3872 3509 3926 rei
3536 3872 3709 3927 servit
3734 3877 3792 3925 ut

2222 3967 2277 4021 in
2322 3967 2442 4038 ipso
2498 3965 2747 4021 habitent
2795 3965 2991 4019 animae
3034 3964 3317 4020 hominum
3359 3963 3635 4034 justorum
3690 3962 3797 4033 pio-

2222 4074 2481 4129 rumque,
2515 4068 2682 4129 atque
2711 4071 2903 4112 eorum
2933 4057 3025 4126 qui
3067 4071 3163 4125 per
3199 4055 3446 4125 corporis
3467 4056 3553 4112 sui
3590 4056 3797 4111 crucia.

2220 4162 2310 4209 tus
2379 4152 2585 4207 Christi
2653 4150 2815 4206 iidem
2874 4150 3299 4220 comprobarunt
3359 4149 3561 4225 quique
3621 4148 3797 4203 ﬁdeles

2220 4245 2391 4299 Deum
2423 4250 2700 4309 amarunt,
2734 4255 2910 4299 exuta:
2937 4242 3260 4314 corporibus
3304 4256 3479 4311 usque
3511 4241 3579 4295 ad
3615 4256 3795 4296 resur-

2221 4335 2479 4390 rectiOnis
2518 4336 2699 4391 diem”:
2740 4336 2885 4405 quod
2930 4336 2984 4389 in
3020 4351 3086 4389 eo
3134 4349 3390 4391 sermone
3436 4334 3795 4399 ostendimus,

2219 4442 2382 4497 quem
2409 4426 2478 4482 de
2509 4428 2689 4482 anima
2721 4427 2973 4484 iecimus.
3023 4426 3155 4483 Nam
3186 4428 3418 4484 latronis
3451 4426 3691 4483 animam
3733 4440 3795 4481 eo

2220 4520 2467 4575 subvexit
2499 4520 2785 4586 Dominus,
2817 4522 3034 4577 dicebat
3064 4524 3207 4576 enim
3234 4522 3299 4576 ad
3339 4522 3517 4593 ipsum
3554 4538 3569 4575 :
3608 4519 3793 4590 Profe-

2220 4626 2303 4669 cto
2334 4618 2453 4669 dico
2481 4616 2576 4670 tibi
2602 4657 2619 4683 ,
2648 4616 2801 4671 hodie
2848 4633 3048 4671 mecum
3092 4620 3197 4671 eris
3229 4618 3279 4669 in
3311 4615 3590 4687 paradiso.
3633 4612 3796 4667 Porro

2223 4717 2343 4777 post
2367 4708 2511 4764 diem
2550 4710 2997 4773 resurrectionis,
3027 4711 3209 4764 nullus
3235 4723 3461 4779 prorsus
3503 4707 3623 4776 ejus
3653 4703 3795 4759 futu-

2226 4817 2318 4857 rus
2352 4813 2435 4857 est
2464 4820 2615 4868 usus,
2649 4804 2741 4859 sed
2769 4818 3207 4874 superi-araneus
3232 4802 3470 4855 manebit
3496 4812 3548 4855 et
3569 4812 3792 4853 vacuus.

2220 4895 2338 4951 Jam
2372 4912 2502 4951 vero
2555 4913 2621 4950 ne
2668 4898 2792 4967 quis
2830 4913 2926 4966 per
2974 4897 3347 4965 conjecturam
3398 4894 3514 4949 hac
3560 4910 3589 4947 a
3642 4892 3794 4946 nobis

2223 4988 2367 5042 dii-ta
2406 4998 2580 5059 putet,
2614 4990 2743 5043 libet
2780 4989 3053 5044 nonnullis
3086 4989 3137 5043 id
3171 4989 3439 5043 aﬂirmare
3468 4986 3790 5039 rationibus.

2224 5078 2412 5135 Primo
2468 5089 2686 5135 constat
2731 5081 2835 5135 alia
2897 5083 3059 5136 etiam
3126 5082 3352 5150 spiritus
3420 5079 3602 5133 dicata
3655 5077 3791 5135 loca.

2224 5174 2535 5242 cujusmodi
2592 5183 2719 5228 sunt
2759 5189 2821 5228 ea
2866 5190 2931 5228 ex
2966 5174 3167 5243 quibus
3198 5172 3449 5225 diabolus
3501 5185 3625 5225 cum
3678 5164 3793 5222 suis

2224 5266 2402 5335 copiis
2428 5267 2653 5329 excidit,
2684 5282 2851 5321 vacua
2894 5267 3072 5321 adhuc
3129 5280 3350 5319 manere
3397 5276 3560 5334 atque
3597 5276 3789 5329 super-

2225 5376 2464 5416 vacanea
2497 5378 2510 5413 :
2546 5361 2609 5415 ad
2642 5360 2743 5415 hoc
2775 5375 2902 5430 pars
2952 5359 3073 5413 coeli
3106 5358 3329 5411 dimidia
3373 5374 3435 5411 ea
3462 5372 3624 5426 quam
3655 5352 3787 5425 justi

2225 5462 2350 5523 post
2406 5454 2867 5528 resurrectionem.
2912 5452 3171 5517 ineolent,
3221 5452 3399 5505 adhuc
3452 5464 3618 5503 vacua
3670 5456 3787 5511 est;

2223 5555 2485 5616 praetcrea
2532 5545 2646 5617 ipse
2679 5554 2945 5601 terrarum
2994 5545 3143 5599 orbis
3180 5546 3491 5597 universum
3527 5543 3791 5610 tantisper

2222 5639 2351 5693 dum
2385 5638 2580 5707 lingua:
2610 5636 3007 5701 dividerentur,
3054 5635 3335 5689 desolatus
3384 5648 3479 5704 per
3508 5631 3788 5684 hominum

2226 5728 2652 5798 infrequentiam
2706 5730 2983 5792 manebat,
3031 5736 3223 5796 pra-ter
3275 5738 3439 5777 unam
3484 5719 3789 5791 Babylonia:

2220 5910 2406 5968 fratris
2435 5910 2657 5967 Thoma:
2694 5911 3007 5975 Mabiendae,
3044 5909 3301 5982 theologi,
3344 5907 3555 5965 ordinis
3584 5899 3784 5962 Prdi-

2223 5994 2489 6051 catorum,
2524 5984 2591 6039 de
2620 5982 2893 6053 paradiso,
2931 5998 2980 6037 c.
3014 5984 3067 6036 9.
