4176 6456
332 432 428 500 θυι

1467 437 1564 498 DE
1603 435 2004 502 PARADISO.
2045 461 2114 475 --
2152 436 2346 496 PARS
2388 435 2438 496 Ι.

3496 425 3600 494 502

334 549 608 620 regionem
663 550 714 604 in
756 565 919 619 quam
972 549 1128 607 multi
1180 560 1552 605 conveneram
1596 551 1854 606 mortales
1890 568 1902 605 ε
1938 551 1982 609 Α
2015 566 2165 605 nere.
2205 549 2361 616 Quod
2394 562 2559 618 porro
2596 546 2805 601 nullam
2837 546 2953 617 ipsa
2987 543 3359 617 cognitionem
3392 544 3600 597 Adaino

332 643 549 712 insuper
595 643 762 696 haece
802 642 966 696 etiam
1026 653 1347 713 tempestate
1392 643 1624 711 plurima
1670 655 1799 698 sunt
1851 645 1904 696 in

331 735 460 788 orbe
514 735 633 788 loca
697 749 818 803 quae
877 750 1056 805 neque
1109 736 1178 790 ab
1231 734 1546 791 hominibus
1603 751 1779 806 neque
1840 738 1905 790 ab

331 824 535 894 angelis
582 825 923 891 incoluntur,
960 826 1190 895 plurima
1227 826 1352 880 item
1391 827 1563 881 maria
1619 827 1904 895 innaviga-

331 917 481 972 bilia.
519 915 762 988 Denique
795 923 918 988 post
957 919 1421 976 resurrecrioncm
1460 920 1596 975 nihil
1637 922 1740 975 erit
1773 935 1910 988 opus

331 1017 425 1061 aut
475 1010 610 1074 sole,
658 1018 752 1064 aut
803 1010 954 1076 luna,
1007 1020 1102 1066 aut
1153 1011 1326 1068 stellis
1374 1015 1610 1079 caeteris,
1653 1014 1736 1068 vel
1785 1014 1911 1069 ullis

334 1099 561 1154 omnino
616 1101 1032 1166 animantibus,
1085 1102 1473 1173 serpentibus,
1529 1106 1746 1161 avibus.
1805 1105 1914 1160 Po-

243 1263 247 1265 _
336 1197 544 1245 stremo
578 1203 702 1260 post
733 1193 1194 1250 resurrectionem
1231 1195 1417 1252 nullus
1441 1196 1718 1268 justorum
1754 1214 1915 1253 man-

331 1295 496 1336 suros
526 1291 611 1337 est
641 1283 695 1336 in
729 1284 911 1350 terris,
947 1287 1148 1356 quippe
1174 1287 1268 1358 qui
1306 1291 1474 1359 supra
1505 1289 1914 1362 firmamentum

331 1376 721 1442 conscenderit,
751 1377 846 1433 sed
881 1378 980 1434 soli
1012 1380 1124 1435 illic
1149 1382 1532 1452 relinquentur
1561 1391 1614 1438 et
1642 1384 1916 1440 moraturi

333 1471 464 1517 sunt
495 1463 667 1534 impii.
719 1466 788 1522 Ut
814 1483 946 1539 ergo
993 1469 1046 1524 in
1081 1470 1168 1526 his
1216 1473 1475 1528 omnibus
1505 1488 1632 1528 cum
1670 1473 1745 1529 ita
1793 1490 1918 1532 sese

335 1554 592 1620 habeant,
641 1558 778 1613 nihil
809 1561 1110 1617 absurdum
1159 1572 1256 1619 aut
1298 1563 1742 1632 dissentaneum,‘
1781 1569 1917 1624 nihil

339 1645 590 1701 mutilum
631 1659 726 1703 aut
760 1651 918 1706 hians
950 1667 1072 1708 esse
1098 1655 1336 1711 dicimus
1368 1674 1383 1712 :
1419 1656 1494 1712 ita
1528 1640 1786 1728 nequeiin
1821 1673 1914 1724 eo,

329 1741 478 1809 quod
509 1743 799 1810 paradisus
838 1755 960 1814 post
1009 1750 1471 1805 resurrectionem
1505 1753 1670 1808 nullis
1724 1754 1919 1809 usibus

331 1831 576 1896 serviet,
626 1836 928 1905 quidquam
980 1839 1229 1896 deforme
1276 1854 1374 1896 aut
1427 1844 1677 1900 hiulcum
1735 1846 1921 1903 inesse

333 1928 614 1982 statueris.
650 1926 879 2000 Insuper
919 1947 1072 2000 reges
1117 1949 1262 2004 saepe
1315 1938 1568 1993 maximis
1608 1940 1921 2009 sumptibus

335 2029 536 2086 magna
573 2028 837 2075 extruunt
883 2023 1136 2092 aedificia,
1165 2043 1286 2096 qua
1319 2041 1616 2100 postquam
1671 2033 1918 2103 ipsorum

333 2110 463 2166 usui
499 2110 676 2167 fecere
729 2114 890 2180 satis,
939 2131 1112 2171 vacua
1167 2119 1366 2176 deinde
1414 2123 1824 2193 relinquuntur,
1867 2136 1921 2181 et

335 2212 519 2257 tamen
588 2204 811 2260 minime
882 2217 1123 2275 temere,
1195 2221 1290 2266 aut
1353 2213 1761 2271 inconsiderate
1834 2217 1924 2271 illa

333 2303 548 2351 structa
599 2296 1027 2354 existimantur:
1060 2301 1185 2369 quis
1221 2303 1384 2372 igitur
1408 2303 1576 2360 Deum
1610 2307 1926 2376 prudentis-

337 2387 544 2440 simum
592 2403 774 2442 rerum
814 2389 1247 2460 dispensatorem
1301 2398 1787 2459 inconsiderantiae
1833 2419 1928 2460 ar-

336 2486 491 2547 guat,
522 2479 615 2549 qui
646 2494 770 2534 cum
797 2483 1113 2550 paradisum
1143 2490 1480 2548 condidisset
1503 2493 1697 2550 Adami
1725 2497 1925 2566 gratia,

340 2585 582 2640 eumque
638 2571 692 2624 in
758 2571 852 2625 illo
917 2574 1282 2646 collocasset,
1340 2592 1399 2637 ut
1464 2599 1588 2638 cum
1651 2586 1931 2654 voluptate

342 2662 591 2730 haberet,
625 2672 938 2733 peccantem
973 2665 1102 2724 inde
1152 2671 1338 2741 ejecit,
1377 2689 1728 2748 vacuumque
1773 2678 1931 2734 illum

341 2755 602 2828 πειῆιυὶιῖ

928 2859 1160 2916 CAPUT
1200 2858 1346 2914 XIX.

413 2943 736 3015 Cujusmodi
786 2952 949 3021 fuerit
1020 2954 1181 3006 arbor
1227 2954 1463 3010 scientite
1511 2956 1634 3028 boni
1694 2967 1743 3012 et
1781 2960 1932 3028 ntali,

341 3052 505 3106 quam
566 3041 924 3097 interdixerat
973 3045 1176 3101 Adamo
1219 3045 1387 3111 Deus,
1437 3058 1484 3099 et
1516 3065 1632 3120 qua:
1671 3051 1744 3104 sit
1795 3054 1936 3106 ratio

325 3130 462 3200 ejus
493 3136 746 3190 nominis.
779 3168 848 3178 -—
879 3135 1081 3193 Beatus
1111 3137 1289 3193 Moses
1331 3141 1508 3209 primo
1545 3143 1686 3197 libro
1714 3145 1938 3213 scripsit

2011 643 2242 704 dederit,
2267 650 2477 696 certum
2517 648 2620 703 est,
2654 637 3105 708 quandoquidem
3135 636 3226 692 ille
3259 634 3462 704 alioqui
3490 636 3601 704 jam

2011 745 2138 788 ante
2173 732 2353 787 fuerat
2377 733 2605 787 scicntia
2631 731 2762 786 boni
2797 731 3036 800 malique
3063 739 3295 786 ornatus
3325 746 3336 781 :
3378 741 3606 794 compo-

2013 828 2150 882 situs
2217 830 2364 882 enim
2426 835 2546 880 erat
2596 840 2660 878 ex
2720 825 2907 880 anima
2969 823 3222 879 rationali
3292 837 3416 892 qua:
3480 819 3610 874 boni

2015 920 2254 990 malique
2300 918 2510 986 judicio
2551 918 2736 988 pollet.
2774 917 2854 971 Ad
2907 916 3033 978 hoc.
3093 915 3180 971 lex
3233 915 3608 984 imperabatur

2015 1014 2251 1077 Adamo,
2291 1013 2471 1084 qualis
2526 1026 2634 1066 non
2689 1011 2794 1066 nisi
2848 1011 2917 1066 iis
2959 1011 3052 1080 qui
3099 1009 3244 1065 inter
3295 1009 3500 1063 bonum
3558 1013 3616 1060 et

2015 1107 2222 1162 malum
2272 1116 2472 1162 norunt
2519 1104 2842 1167 discrimen,
2899 1113 3048 1159 recte
3101 1102 3406 1173 imponitur
3441 1118 3454 1154 :
3486 1113 3611 1152 nam

2017 1200 2223 1269 alioqui
2255 1198 2425 1269 (quod
2477 1197 2676 1268 absit!)
2729 1196 3020 1252 habuisset
3066 1195 3157 1250 ille
3192 1195 3340 1266 quod
3389 1195 3455 1248 de
3504 1191 3616 1246 Deo

2019 1301 2368 1362 quereretur,
2422 1289 2521 1360 qui
2570 1289 2744 1360 legem
2795 1288 2900 1343 sibi
2949 1287 3132 1342 omnis
3164 1284 3612 1357 prorsnsjudicii

2020 1385 2228 1455 eXperti
2311 1384 2762 1456 prmscripsisset.
2840 1384 3075 1453 Insuper
3154 1381 3256 1434 nisi
3323 1377 3617 1434 illiusmodi

2020 1479 2248 1536 scientia
2295 1477 2408 1548 jam
2465 1489 2581 1531 tum
2619 1475 2821 1532 fuisset
2865 1475 3111 1529 imbutus
3154 1472 3348 1534 Adam,
3380 1471 3474 1541 qui
3519 1484 3619 1539 po:-

2022 1573 2221 1626 tuissct
2254 1571 2480 1626 nomina
2511 1569 2893 1626 animantibus
2929 1566 3155 1621 indere?
3195 1565 3287 1635 qui
3317 1577 3622 1635 agnoscere

2023 1664 2191 1721 Evam
2231 1678 2460 1718 uxorem
2493 1679 2676 1726 suam,
2697 1670 2878 1732 .atque
2907 1659 2975 1714 de
3002 1675 3065 1713 ea
3105 1658 3287 1713 dicere
3318 1676 3332 1712 :
3370 1655 3486 1709 Hoc
3503 1654 3626 1725 jam

2024 1774 2081 1812 os
2117 1773 2182 1812 ea:
2219 1757 2430 1811 ossibus
2475 1758 2624 1819 meis,
2660 1767 2708 1809 et
2766 1770 2892 1808 caro
2935 1753 2999 1807 de
3050 1767 3211 1806 carne
3266 1766 3383 1804 mea
3408 1749 3477 1814 ",
3511 1757 3622 1802 etc.

2027 1849 2290 1920 Denique
2333 1849 2642 1904 divinitatis
2700 1847 2980 1902 desiderio
3037 1845 3366 1914 tangebatur
3431 1844 3628 1903 Adam,

2029 1953 2193 2011 atque
2265 1942 2387 2012 ejus
2453 1943 2825 2012 adipiscenda:
2898 1958 3066 1997 causa
3125 1943 3192 1996 de
3263 1942 3462 1994 arbore
3536 1937 3628 1990 illa

2029 2035 2300 2106 gustabat
2357 2053 2371 2090 :
2428 2051 2602 2105 quare
2677 2048 2968 2090 necessum
3039 2043 3123 2088 est
3185 2033 3313 2087 boni
3387 2029 3630 2098 malique

2027 2128 2399 2197 cngnitionem
2456 2128 2509 2180 in
2567 2127 2686 2197 ipso
2739 2125 2932 2189 fuisse,
2975 2124 3069 2195 qui
3122 2123 3433 2179 divinitatis
3477 2136 3632 2192 prte-

2029 2221 2287 2276 stautiant
2325 2219 2766 2288 dignitatemque
2802 2217 3166 2285 intelligebat,
3216 2230 3448 2283 eamque
3497 2213 3632 2268 aﬂ‘e-

2031 2313 2234 2366 ctabat.
2281 2310 2512 2379 Insuper
2563 2308 2876 2366 considerat
2919 2309 3100 2377 ipsum
3139 2305 3280 2360 Deus
3328 2305 3392 2358 ad
3437 2302 3632 2372 imagi-

2036 2419 2158 2458 nem
2222 2401 2756 2469 similitudinemque
2808 2385 3006 2463 suam,
3085 2408 3139 2455 et
3201 2400 3450 2453 omnium
3512 2411 3636 2465 quze

2034 2495 2305 2559 viverent,
2347 2493 2832 2548 absolutissimum
2885 2491 3116 2546 fecerat.
3166 2489 3300 2546 lium
3360 2505 3489 2544 vero
3539 2491 3635 2559 qui

2039 2585 2164 2640 talis
2211 2599 2239 2638 a
2287 2586 2395 2639 Deo
2442 2585 2624 2638 fuerat
2675 2584 2962 2649 conditus,
3012 2584 3140 2653 quis
3191 2591 3372 2654 neget.
3428 2581 3636 2650 judicio

2038 2677 2166 2747 (hoc
2196 2685 2304 2740 est,
2330 2675 2461 2730 boni
2492 2676 2730 2744 malique
2770 2677 3110 2747 cognitione)
3141 2677 3392 2730 dolatum
3430 2673 3638 2729 fuisse?

2038 2769 2174 2824 Nam
2199 2767 2347 2838 quod
2377 2766 2787 2822 cacodmmonis
2820 2766 2922 2821 fuit
2952 2764 3146 2822 fraude
3194 2766 3476 2829 seductus,
3528 2781 3638 2818 non

2040 2861 2172 2917 boni
2227 2860 2472 2930 malique
2526 2859 2877 2929 ignoratione
2919 2857 3142 2923 evenit;
3204 2857 3299 2913 sed
3353 2857 3480 2926 quia
3525 2872 3641 2912 suae

2042 2956 2173 3025 ipsae
2236 2952 2549 3026 cupiditati,
2611 2951 2905 3021 pellectus,
2964 2949 3215 3005 indulsit.
3275 2948 3411 3002 Nam
3469 2951 3635 3002 etiam

2041 3058 2188 3098 nunc
2210 3041 2304 3112 qui
2332 3051 2585 3113 peccant,
2615 3055 2970 3111 nequaquam
3001 3048 3058 3094 ut
3089 3038 3272 3094 omnis
3304 3038 3638 3107 cognitionis

2043 3136 2199 3189 vacui
2249 3143 2508 3204 peccant,
2544 3148 2646 3187 cur
2710 3131 2858 3186 enim
2909 3131 3049 3185 tales
3102 3128 3641 3199 condemnarentur?

346 3223 402 3276 ill
444 3223 604 3289 ,hanc
658 3229 988 3284 sententiam
1022 3246 1036 3283 :
1073 3230 1140 3283 Et
1200 3237 1448 3301 prim-epit
1495 3234 1750 3290 Dominus
1796 3235 1936 3290 Deus
1964 3237 2008 3299 C
2044 3226 2216 3280 sed-3
2269 3239 2372 3278 suo
2407 3224 2656 3293 ipsorum
2695 3217 2893 3278 aIfcctu
2947 3221 3308 3277 sedttcuntur.
3351 3219 3640 3276 Postremo

347 3312 503 3378 Alte,
532 3317 780 3387 dixitque
816 3319 910 3373 ei:
948 3318 1021 3373 De
1065 3321 1308 3374 omnibus
1357 3323 1640 3378 arboribus
1687 3326 1935 3396 paradisi

347 3405 554 3466 edendo
582 3408 703 3463 edes
737 3426 754 3464 :
786 3423 838 3464 at
871 3413 934 3464 de
968 3411 1155 3466 arbore
1203 3415 1441 3469 scientia
1467 3415 1589 3470 boni
1616 3427 1665 3470 et
1714 3420 1844 3473 mali
1876 3436 1938 3474 ne

345 3500 478 3554 edas
505 3515 526 3556 :
555 3517 678 3555 nam
711 3518 816 3572 quo
853 3502 938 3556 die
968 3504 1033 3558 de
1061 3504 1162 3557 hac
1199 3506 1344 3571 edes,
1378 3519 1603 3562 mortem
1641 3521 1844 3576 appetes
1869 3510 1933 3565 ³⁸.

348 3593 419 3648 Et
477 3595 640 3664 paulo
700 3605 820 3664 post
869 3614 882 3650 :
935 3596 999 3650 Et
1055 3599 1255 3668 accepit
1309 3599 1506 3653 mulier
1560 3601 1623 3654 de
1673 3602 1938 3670 fructibus

347 3684 585 3750 arboris,
609 3687 837 3757 editque,
869 3704 932 3741 ac
955 3689 1097 3741 dedit
1128 3693 1289 3743 etiam
1331 3691 1444 3744 uiro
1477 3707 1594 3754 suo,
1626 3693 1717 3761 qui
1748 3703 1798 3745 et
1829 3684 1942 3762 ipse

352 3777 468 3831 edit
494 3778 560 3832 ⁸⁸.
613 3780 714 3833 IIic
763 3780 862 3833 tria
899 3797 957 3835 se
993 3780 1231 3835 offerunt
1261 3783 1646 3852 disquireuda,
1699 3801 1938 3854 quorum

355 3871 596 3938 primum
643 3881 748 3938 est,
793 3887 890 3926 cur
937 3874 1101 3927 arbor
1132 3873 1225 3928 illa
1277 3876 1553 3945 appellata
1584 3876 1656 3930 sit
1689 3877 1942 3932 scientiae

357 3961 492 4014 boni
539 3971 594 4015 et
645 3963 815 4026 mali;
859 3964 1115 4029 alterum,
1148 3966 1279 4035 quid
1335 3968 1407 4020 sit
1459 3968 1688 4030 bonum,
1725 3978 1780 4023 et
1812 3969 1943 4040 quid

359 4051 607 4120 malum;
651 4055 893 4119 tertium,
950 4056 1104 4124 cujus
1150 4058 1366 4126 generis
1409 4058 1574 4114 fuerit
1613 4061 1702 4113 illa
1758 4063 1942 4118 arbor.

353 4141 531 4210 Igitur
559 4146 702 4213 quod
741 4145 804 4197 ad
861 4146 1096 4214 primum
1138 4148 1359 4215 attinet,
1395 4149 1500 4205 hoc
1542 4163 1647 4219 est,
1694 4154 1943 4209 vocabuli

358 4236 658 4299 rationem,
693 4237 933 4292 dicimus
982 4241 1210 4296 minime
1241 4243 1570 4313 appellatam
1613 4262 1736 4301 esse
1783 4247 1943 4302 arbo-

363 4343 481 4383 rem
518 4329 761 4384 scientiae
799 4333 925 4385 boni
950 4341 1003 4386 et
1035 4335 1186 4398 mali,
1219 4337 1363 4405 quod
1400 4338 1516 4407 ipsa
1551 4349 1696 4393 esset
1722 4342 1945 4411 praedita

359 4421 677 4489 cognitione
746 4439 854 4492 qua
913 4423 1053 4478 inter
1115 4427 1319 4480 bonum
1379 4439 1435 4482 et
1503 4433 1706 4484 malum
1763 4449 1949 4502 posset

361 4511 691 4582 diiudicare,
719 4530 896 4583 neque
931 4519 1095 4570 etiam
1133 4519 1276 4587 quod
1323 4520 1442 4589 ipsa
1483 4522 1603 4592 ejus
1640 4525 1715 4577 rei
1767 4527 1945 4580 scien-

2045 3316 2161 3371 Iieri
2209 3331 2320 3369 non
2356 3315 2532 3384 potuit
2580 3323 2640 3369 ut
2685 3315 2852 3369 arbor
2901 3329 2968 3369 eo
3013 3312 3286 3367 Adamum
3344 3313 3638 3379 imbueret,

2043 3424 2154 3480 quo
2188 3408 2305 3478 ipsa
2337 3409 2580 3462 carebat.
2614 3407 2904 3462 Perficitur
2943 3422 3074 3476 ergo
3106 3423 3173 3463 ex
3205 3406 3274 3460 iis
3303 3421 3424 3476 qum
3459 3408 3642 3462 adhuc

2043 3499 2186 3555 dicta
2218 3486 2368 3565 sunt,
2401 3516 2510 3555 non
2539 3501 2664 3557 ideo
2697 3500 2956 3554 arborem
2994 3499 3239 3554 scientiae
3270 3499 3396 3554 boni
3430 3509 3482 3554 et
3513 3499 3641 3555 πίω

2041 3603 2290 3650 vocatam
2343 3610 2490 3657 esse,
2539 3592 2686 3663 quod
2721 3593 2805 3648 vel
2853 3593 3021 3647 ullam
3070 3592 3189 3663 ipsa
3242 3591 3370 3646 boni
3425 3607 3454 3645 a
3499 3593 3642 3646 malo

2045 3685 2419 3757 distinguendi
2449 3685 2706 3755 peritiam
2758 3685 3056 3751 habuerit;
3110 3687 3195 3741 vel
3227 3687 3439 3740 Adamo
3484 3683 3551 3740 de
3583 3700 3644 3740 se

2045 3778 2227 3833 edenti
2289 3779 2577 3834 scientiam
2625 3779 2897 3849 ejusmodi
2955 3778 3481 3833 accommodaverit.
3533 3778 3642 3833 Sed

2046 3885 2147 3924 cur
2193 3869 2410 3924 demum
2480 3869 2532 3922 id
2590 3867 2830 3924 nominis
2891 3871 3084 3922 sortita
3145 3868 3217 3922 sit
3274 3869 3428 3938 prius
3474 3884 3638 3937 quam

2047 3963 2444 4034 expediamus,
2497 3963 2790 4017 dicendum
2848 3973 2970 4028 est;
3021 3962 3154 4033 quid
3207 3963 3358 4028 boni,
3399 3964 3646 4036 quidque

2049 4057 2176 4111 mali
2227 4055 2510 4110 vocabulis
2565 4055 2637 4110 sit
2689 4054 3126 4125 intelligendum.
3183 4054 3393 4110 Bonum
3449 4055 3645 4125 igitur,

2049 4159 2132 4204 est
2190 4149 2306 4219 ipsa
2367 4147 2721 4213 obedientia;
2791 4147 2994 4200 malmn
3056 4162 3229 4213 vero,
3301 4148 3643 4201 contrarith

2053 4241 2376 4297 obedientize
2441 4240 2669 4304 vitium,
2736 4240 2983 4294 rebellio.
3058 4237 3192 4292 Nam
3271 4240 3645 4297 obedientiam

2053 4337 2256 4390 bonum
2316 4349 2436 4389 esse
2495 4333 2794 4389 ostendunt
2843 4333 2932 4386 illa
3000 4331 3136 4401 legis
3192 4333 3355 4387 verba
3415 4353 3427 4388 :
3480 4333 3647 4402 Dilige

2053 4430 2337 4484 Dominum
2389 4428 2557 4481 Deum
2603 4439 2751 4480 tuum
2781 4427 2863 4492 ’7;
2927 4444 2990 4480 ex
3038 4443 3226 4482 amore
3277 4429 3422 4482 enim
3485 4437 3648 4496 atque

2055 4523 2320 4576 cbaritate
2381 4522 2691 4575 obcdicntia
2755 4521 3020 4575 nascitur.
3098 4521 3192 4577 Est
3235 4523 3398 4592 igitur
3443 4524 3646 4576 bonum

363 4605 497 4656 tiam
539 4603 590 4657 in
625 4605 893 4658 Adamum
949 4608 1262 4662 contulerit.
1317 4609 1448 4663 Nam
1505 4613 1800 4668 illiusmodi
1859 4631 1948 4668 co-
1981 4584 2024 4641 ο
2053 4613 2389 4666 obedientia.
2429 4611 2645 4666 Rursus
2683 4613 2890 4666 malum
2937 4628 3061 4667 esse
3112 4615 3465 4667 rebellionem
3516 4631 3648 4684 pro«

362 4697 630 4768 gnitiouis
689 4708 964 4767 expertem
1029 4703 1246 4769 penitus
1311 4702 1480 4758 fuisse
1548 4707 1802 4760 arborem
1865 4709 1947 4760 vel

361 4790 495 4845 hinc
543 4791 835 4858 intelligas,
893 4792 1035 4858 quod
1093 4809 1159 4848 ne
1208 4794 1366 4849 bruta
1417 4797 1636 4865 quidem
1695 4799 1948 4867 (necdum

365 4881 645 4953 rationali)
719 4883 901 4936 anima
954 4885 1118 4938 fuerit
1174 4887 1447 4954 praedita:
1485 4905 1609 4942 nam
1668 4890 1713 4943 si
1766 4891 1950 4954 bruta,

368 4975 652 5028 mactanda
717 4977 956 5045 primum
1017 4977 1216 5032 fuisset
1271 4990 1330 5034 ut
1380 4996 1572 5035 cetera
1631 4982 1953 5050 animantia,

367 5077 662 5138 antequam
702 5075 766 5125 de
805 5088 862 5124 ea
903 5078 1210 5140 potuissent
1261 5075 1424 5129 edere
1466 5076 1622 5144 primi
1659 5086 1950 5139 parentes;

373 5161 627 5214 rationali
666 5180 798 5218 vero
847 5167 1073 5221 omnino
1127 5170 1374 5223 caruisse
1427 5169 1796 5222 certissimum
1848 5179 1951 5231 est.

372 5267 498 5305 cum
561 5256 709 5308 nulla
768 5257 1024 5312 facultate
1079 5261 1241 5314 rebus
1313 5277 1410 5329 pro
1475 5261 1706 5315 arbitrio
1766 5263 1951 5316 utendi

371 5349 558 5403 dotata
605 5350 793 5416 fuerit,
847 5371 1020 5424 neque
1077 5357 1315 5425 aliquam
1367 5372 1393 5407 a
1437 5357 1733 5410 Cotiditore
1781 5357 1952 5426 legent

373 5442 666 5508 acceperit,
719 5447 936 5513 qualem
992 5447 1057 5502 iis
1105 5447 1193 5500 ille
1252 5448 1512 5514 imposuit
1564 5465 1685 5517 quzc
1745 5449 1955 5501 ratione

378 5535 624 5589 donavit.
656 5536 836 5601 Quare
866 5540 908 5593 si
943 5556 1039 5611 per
1070 5549 1316 5593 neutram
1345 5541 1612 5594 dictarunt
1641 5541 1951 5595 animarum

378 5625 586 5679 vivebat
627 5627 792 5680 arbor
816 5629 928 5692 illa,
963 5630 1236 5698 colligitur
1266 5645 1440 5699 neque
1488 5629 1772 5682 scientiam
1809 5631 1858 5682 in
1895 5646 1954 5685 sc

379 5719 546 5772 ullam
585 5719 840 5775 habuisse
883 5739 988 5790 qua
1022 5723 1222 5775 bonum
1276 5731 1456 5792 posset
1508 5741 1532 5776 ιι
1573 5724 1715 5777 malo
1746 5723 1953 5779 discer-

453 5900 495 5931 “
525 5901 660 5959 Gen.
699 5919 754 5970 ιι,
807 5904 884 5972 16,
933 5906 1010 5960 l7.
1095 5908 1135 5934 ³⁵
1165 5909 1295 5962 Urit.
1337 5922 1414 5968 III,
1450 5908 1502 5958 ti.

1583 5907 1624 5934 ³⁵
1653 5905 1784 5960 Gen.
1826 5923 1881 5966 ll,
1918 5909 1969 5966 ‘2.
2004 5907 2092 5960 εὖ.
2185 5905 2213 5932 ’⁷
2245 5901 2398 5959 Deut.
2435 5920 2506 5967 vt,
2543 5903 2592 5956 5.

2057 4706 2183 4758 bant
2219 4704 2308 4757 illa
2342 4704 2434 4757 Dei
2466 4708 2627 4758 verba
2666 4722 2678 4758 :
2717 4705 2834 4757 Duo
2862 4705 3005 4758 mala
3039 4706 3160 4774 fecit
3185 4708 3410 4775 populus
3456 4724 3645 4772 meus;

2060 4813 2139 4848 me
2189 4796 2584 4866 dereliquernnt
2613 4837 2625 4858 ,
2683 4798 2883 4865 fontem
2923 4815 3076 4862 aqum
3119 4800 3284 4864 virtu,
3332 4809 3380 4852 et
3427 4800 3652 4869 profecti

2058 4885 2303 4953 foderant
2375 4888 2476 4938 sibi
2535 4887 2704 4954 fossus
2770 4889 3024 4956 e/fractaa‘
3092 4906 3210 4959 qua,
3260 4906 3362 4943 non
3430 4901 3650 4959 possunt
3703 4947 3709 4952 ,

2060 4985 2331 5037 continere
2376 4986 2428 5036 in
2465 5001 2518 5036 se
2547 5001 2713 5053 aquas
2741 4985 2806 5040 ³⁸.
2850 4985 2969 5039 Jam
3008 5002 3138 5039 vero
3185 4988 3442 5048 dicimus,
3481 4989 3650 5040 arbo-

2067 5093 2179 5128 rem
2221 5077 2466 5130 seientim
2497 5078 2624 5130 boni
2657 5088 2709 5129 et
2762 5079 2888 5130 mali
2925 5078 3074 5130 illam
3123 5094 3248 5133 esse
3300 5080 3650 5147 appellatalii,

2063 5168 2188 5236 quia
2250 5184 2345 5235 per
2411 5184 2556 5234 eam,
2610 5170 2787 5235 reipsa
2856 5169 3004 5224 facto
3071 5173 3337 5241 periculo,
3401 5171 3646 5230 Adatnus

2065 5259 2286 5326 agnovit
2337 5260 2540 5312 bonum
2602 5270 2655 5312 et
2707 5261 2936 5314 malum.
2986 5263 3056 5316 At
3107 5264 3250 5316 enirn
3305 5264 3478 5324 dices,
3525 5266 3652 5318 hinc

2063 5351 2276 5420 colligi.
2311 5353 2580 5405 Adamqu
2636 5351 2808 5406 fuisse
2867 5356 3169 5407 cariturum
3234 5355 3361 5408 boni
3429 5368 3478 5409 et
3524 5359 3650 5410 mali

2062 5441 2421 5509 cognitione,
2478 5442 2583 5494 nisi
2635 5441 2701 5495 de
2768 5444 2858 5498 illa
2919 5446 3113 5499 arbore
3183 5455 3474 5516 gustasset.
3548 5448 3650 5501 Sed

2062 5537 2482 5606 respondemus,
2530 5536 2759 5592 scivissc
2795 5539 3018 5608 quidem
3065 5540 3336 5594 Adamurn
3390 5541 3650 5596 obedien-

2062 5628 2189 5681 tiam
2234 5628 2439 5682 bonum
2487 5643 2629 5692 esse,
2664 5639 2719 5683 et
2768 5631 3118 5684 rebellionem
3175 5634 3403 5696 malum,
3455 5647 3514 5688 ut
3559 5634 3653 5703 qui

2066 5731 2210 5776 esset
2261 5721 2325 5774 ad
2391 5719 2480 5775 Dei
2529 5723 2950 5778 similitudinem
3005 5725 3284 5787 conditus,
3341 5737 3392 5781 et
3445 5730 3652 5781 ratione

2715 5907 2754 5934 ³*
2785 5903 2988 5960 Jet'cut.
3028 5919 3064 5959 ιι
3134 5905 3217 5958 L3.
