4176 6450
577 341 684 407 503

1737 408 1742 413 .
1815 354 2047 415 MOSIS
2087 355 2235 415 ΒΑΚ
2271 356 2513 419 CEPHA

3717 362 3821 428 5οῑ

584 455 815 545 pollens,
858 452 1227 526 facultateque
1261 430 1446 512 rerum
1478 472 1614 529 quas
1648 457 1834 513 animo
1863 458 2153 532 concepis-
2184 465 2232 523 Α
2259 460 2486 519 edoctus
2517 465 2648 536 quid
2678 474 2825 521 esset
2866 468 3067 523 bonum
3106 479 3159 525 et
3187 470 3318 540 quid
3363 469 3591 537 malum,
3627 476 3824 545 quippe

583 557 665 599 set
693 544 1166 615 dijudicandarum
1201 566 1215 603 :
1254 557 1634 605 verumtamen
1682 549 1735 605 id
1799 550 1976 619 ipsum
2008 558 2149 620 post,

582 653 680 708 per
719 640 1113 709 experientiam
1155 656 1376 713 quoque
1420 642 1502 698 rei
1530 642 1810 706 didicisse,
1842 644 1934 697 ubi
1962 643 2155 698 \conti~

581 731 754 800 gisset
802 741 966 801 atque
1014 742 1287 803 gustasset
1356 736 1553 791 vetitos
1614 735 1845 790 fructus.
1898 734 2053 791 Sicut
2099 744 2154 791 et

578 823 716 877 Cain
777 838 883 878 non
943 823 1229 896 ignorabat
1287 827 1507 897 quidem
1578 843 1692 882 rem
1754 829 1953 882 malam
2031 842 2152 884 esse

581 912 960 983 homicidium,
1016 918 1337 987 priusquam
1393 920 1443 973 id
1500 929 1910 989 perpetrasset;
1962 934 2148 974 verum

577 1005 774 1060 deinde
819 1008 1022 1063 clarius
1076 1008 1180 1063 hoc
1235 1010 1413 1083 ipsum
1466 1027 1561 1083 per
1615 1013 2007 1081 experientiam
2069 1011 2147 1067 rei

575 1098 769 1154 didicit
820 1099 1115 1155 homicidio
1167 1102 1431 1168 admisso,
1464 1119 1584 1158 cum
1618 1101 1798 1176 fugaci
1845 1105 2148 1160 mobilitate

573 1199 718 1245 esset
762 1190 1048 1247 multatus.
1086 1191 1232 1259 Quin
1264 1204 1318 1248 et
1360 1210 1457 1249 nos
1508 1194 1731 1267 quoque
1781 1196 2033 1251 novimus
2082 1211 2144 1250 ea

572 1295 695 1349 quae
751 1281 895 1336 mala
947 1293 1117 1347 sunt,
1178 1294 1472 1355 antequam
1535 1287 1678 1341 mala
1739 1288 2144 1357 designemus:

571 1386 763 1425 verum
798 1371 889 1427 ubi
929 1373 1042 1442 iam
1076 1375 1191 1444 ipsa
1216 1376 1577 1446 patravimus,
1614 1386 1725 1432 tum
1762 1380 1940 1449 reipsa
1987 1380 2147 1436 intel-

571 1461 797 1533 ligimus
836 1464 975 1517 mala
1003 1479 1157 1532 esse;
1199 1479 1255 1522 et
1293 1468 1511 1538 quidem
1544 1471 1717 1526 multo
1760 1473 1988 1538 certius,
2028 1480 2141 1527 tum

570 1569 696 1609 cum
734 1556 984 1611 meritam
1018 1561 1087 1614 ob
1136 1561 1224 1616 illa
1262 1579 1484 1633 poenam
1539 1567 1851 1635 pendimus.
1896 1567 2143 1639 Denique

566 1646 1032 1716 quemadmodum
1066 1655 1268 1723 malum
1305 1672 1429 1711 esse
1454 1660 1705 1713 morbum
1733 1676 1839 1714 non
1864 1661 2141 1717 nescimus

568 1737 727 1809 longe
753 1750 1049 1811 antequam
1074 1754 1425 1814 aegrotamus,
1449 1758 1503 1802 et
1528 1758 1708 1803 tamen
1735 1748 1877 1805 facta
1900 1750 2140 1820 periculo

569 1829 676 1884 hoc
719 1830 899 1900 ipsum
954 1835 1184 1905 pr0pius
1237 1839 1571 1909 penitusque
1618 1843 1966 1912 agnoscimus
2012 1859 2136 1899 cum

571 1921 760 1976 morbo
794 1939 1092 1992 vexamur;
1143 1936 1292 1983 etut
1348 1932 1639 1985 sanitatem
1692 1947 1885 1987 omnes
1939 1944 2141 1989 norunt

506 2082 513 2091 κ
567 2009 768 2066 bonam
819 2028 940 2070 esse
1000 2016 1164 2071 etiam
1218 2018 1443 2087 quando
1488 2035 1553 2074 ea
1610 2030 1824 2086 carent,
1880 1999 2137 2076 caeterum

566 2103 660 2157 ubi
695 2106 954 2161 fruuntur
999 2108 1259 2174 sanitate,
1297 2110 1408 2181 iam
1435 2111 1745 2181 cuiusmodi
1781 2120 1836 2167 et
1873 2122 2136 2181 quantum

566 2195 768 2250 bonum
803 2197 896 2262 sit,
944 2214 1040 2269 per
1088 2202 1484 2272 experientiam
1526 2203 1737 2259 certius
1772 2205 2080 2275 intelligunt
2119 2222 2131 2258 :

564 2289 637 2344 ita
660 2300 712 2344 et
744 2289 995 2348 Adamus
1042 2294 1250 2350 sciebat
1279 2294 1840 2366 quidem,antequam
1867 2297 1937 2351 de
1974 2297 2138 2351 vetita

563 2384 758 2439 arbore
804 2393 1100 2454 gustasset,
1155 2387 1353 2442 benam
1408 2403 1531 2445 esse
1578 2388 1968 2454 obedientiam,
2024 2405 2140 2443 rna-

565 2474 780 2545 lamque
824 2476 1214 2544 rebellionem;
1252 2495 1440 2539 verum
1477 2495 1602 2535 cum
1648 2479 1987 2544 rebellasset.
2022 2481 2133 2536 hoc

563 2565 739 2634 ipsum
770 2568 1108 2637 experientia
1177 2571 1437 2640 magistra
1480 2573 1687 2627 rectius
1733 2572 1975 2639 agnovit.
2020 2573 2136 2639 Qua

560 2656 707 2710 enim
756 2662 1026 2713 sententia
1065 2660 1133 2715 de
1162 2662 1403 2731 paradisi
1448 2664 1608 2718 bonis
1649 2664 1918 2734 deiectus,
1971 2673 2138 2733 atque

563 2751 616 2804 iu
657 2749 795 2805 hanc
825 2750 1142 2807 damnatam
1191 2763 1391 2810 terram
1432 2755 1702 2827 relegatus
1748 2764 1852 2817 est.
1887 2757 2135 2811 eamdem

560 2857 655 2911 per
688 2843 988 2913 periculum
1023 2846 1218 2903 didicit
1255 2858 1519 2917 quantum
1568 2849 1772 2904 bonum
1802 2832 1950 2905 esset
2000 2848 2136 2903 obe-

558 2933 787 3000 dientia,
814 2944 869 2992 et
898 2948 1164 3009 quantum
1195 2950 1384 2995 contra
1423 2940 1626 2996 malum
1683 2941 1924 2997 rebellio.
1967 2940 2137 3012 igitur

557 3037 751 3084 vocata
801 3041 883 3087 est
951 3030 1118 3087 arbor
1178 3031 1424 3087 scientiae
1467 3032 1593 3087 boni
1662 3041 1717 3088 et
1782 3032 1953 3099 mali,
2006 3031 2134 3102 quia

2260 553 2318 615 in
2353 568 2415 607 ea
2449 553 2644 609 arbore
2672 557 2906 625 positum
2933 568 3049 613 erat
3082 560 3385 630 periculum
3417 569 3471 635 et
3504 560 3827 618 obedientim

2257 654 2310 701 et
2341 647 2657 703 rebellionis
2686 647 2902 714 Adami,
2956 660 3118 720 atque
3156 667 3255 721 per
3281 666 3402 707 eam
3437 652 3582 707 clare
3606 656 3827 723 agnovit

2255 736 2347 791 ille
2376 737 2503 790 boni
2552 736 2792 809 malique
2828 741 3093 794 rationem
3149 742 3268 811 ipso
3302 740 3377 795 rei
3423 742 3643 807 ell‘ectu,
3677 744 3826 798 didi-

2254 829 2436 900 citque
2489 838 2752 901 quantum
2815 844 2968 888 esset
3025 834 3151 889 boni
3212 836 3267 890 in
3326 834 3669 891 observando
3726 835 3821 891 Dei

2254 922 2512 977 mandato
2573 924 2857 994 positum,
2907 936 2960 982 et
3020 936 3283 995 quantum
3341 936 3532 981 contra
3584 926 3709 981 mali
3763 926 3821 982 in

2253 1013 2679 1082 pravaricandu.
2710 1015 2907 1070 Parere
2939 1018 3083 1071 enim
3120 1025 3391 1087 praecepto
3420 1016 3663 1081 bonum;
3710 1030 3821 1071 non

2252 1121 2464 1176 parere,
2498 1105 2699 1160 malum
2735 1108 3026 1177 appellavit
3058 1107 3358 1177 Scriptura.
3402 1106 3528 1163 Hac
3558 1108 3722 1178 igitur
3750 1108 3823 1163 de

2250 1198 2489 1253 nominis
2535 1194 2744 1253 ratiune
2775 1198 2920 1254 dicta
2967 1201 3101 1255 satis
3143 1210 3342 1267 sunto;
3386 1200 3498 1270 iam
3552 1199 3820 1270 reliquum

2248 1298 2329 1344 est
2362 1302 2419 1344 ut
2450 1291 2819 1361 expendamus
2846 1291 3008 1363 cuius
3051 1292 3143 1347 illa
3178 1293 3394 1363 generis
3436 1293 3599 1347 arbor
3631 1293 3817 1348 fuerit.

2252 1378 2391 1435 Sunt
2417 1381 2641 1451 quidam
2674 1382 2765 1453 qui
2797 1382 3113 1438 existiment
3138 1398 3247 1437 non
3280 1382 3450 1437 fuisse
3478 1382 3729 1436 arborem
3761 1381 3817 1436 id

2246 1479 2312 1533 de
2341 1494 2450 1547 quo
2500 1478 2736 1549 gustavit
2782 1478 2980 1543 Adam,
3021 1479 3114 1534 sed
3159 1493 3453 1535 venereum
3505 1478 3819 1547 amplexum

2245 1585 2355 1639 quo
2399 1585 2521 1625 eum
2566 1585 2742 1626 uxore
2794 1570 2885 1626 ille
2932 1585 3132 1641 corpus
3164 1572 3415 1634 miscuit;
3466 1585 3699 1640 eamque
3746 1570 3821 1625 ob

2249 1678 2361 1716 rem
2397 1667 2549 1719 aiunt
2578 1675 2792 1734 partum
2827 1664 3073 1719 mulieris
3095 1678 3217 1719 esse
3238 1676 3334 1734 per
3363 1662 3456 1717 Dei
3492 1663 3819 1719 sententiam

2244 1755 2531 1811 doloribus
2564 1754 2767 1812 factum
2804 1755 3145 1822 obnoxium;
3179 1770 3355 1825 neque
3394 1755 3538 1809 aliud
3582 1755 3822 1811 voluisse

2247 1848 2375 1903 illud
2419 1856 2772 1920 prteceptum,
2803 1845 2881 1903 Ne
2929 1847 3108 1904 edatis
3139 1846 3207 1902 de
3246 1847 3338 1902 illa
3373 1846 3591 1910 arbore.
3623 1861 3817 1916 quam,

2242 1938 2356 1993 Non
2406 1941 2634 2013 coealis,
2680 1942 2773 1996 sed
2822 1938 3028 1995 sancte
3061 1948 3117 1995 et
3160 1939 3365 2009 absque
3411 1940 3556 1993 omni
3600 1936 3831 1994 Venere.

2242 2031 2475 2096 vivatis;
2513 2040 2569 2087 et
2601 2049 2615 2086 :
2649 2030 2767 2097 Quo
2792 2031 2884 2085 die
2918 2035 2983 2086 de
3011 2029 3101 2086 illa
3130 2030 3320 2095 edetis,
3353 2039 3582 2085 mortem
3611 2029 3820 2084 morie-

2243 2123 2403 2188 mini,
2442 2123 2495 2178 id
2547 2140 2669 2179 esse
2707 2139 2816 2194 quo
2846 2124 2936 2179 die
2974 2137 3204 2194 corpora
3250 2122 3569 2177 miseebitis.
3615 2120 3816 2176 Verum

2243 2214 2383 2268 hanc
2438 2215 2767 2270 sententiam
2804 2215 3030 2269 minime
3076 2229 3261 2269 veram
3302 2227 3427 2268 esse
3470 2211 3551 2265 vel
3589 2211 3641 2266 id
3682 2212 3820 2268 satis

2241 2308 2615 2379 arguit-quod
2692 2308 2905 2377 integra
2979 2305 3293 2374 virginitate
3356 2304 3498 2374 pulsi
3562 2304 3674 2359 sint
3735 2304 3817 2359 illi

2241 2399 2519 2469 paradiso.
2546 2398 2785 2473 Ceusent
2807 2412 2939 2468 ergo
2970 2397 3059 2452 alii
3093 2397 3432 2452 frumentum
3464 2395 3640 2451 fuisse
3670 2397 3818 2452 hanc

2241 2490 2535 2555 arborem,
2605 2497 2770 2559 atque
2834 2490 2955 2544 ideo
3009 2488 3283 2544 Christum
3358 2503 3578 2558 quoque
3642 2502 3811 2542 suum

2240 2598 2442 2653 corpus
2498 2583 2554 2639 in
2605 2597 2745 2653 pane
2801 2582 3016 2637 dedisse
3050 2590 3152 2636 :ut
3190 2595 3298 2649 qua
3357 2593 3417 2633 re
3466 2585 3815 2634 contractum

2240 2684 2386 2731 esset
2423 2674 2688 2739 debitum,
2720 2673 2908 2729 eadem
2942 2683 2997 2728 et
3031 2673 3425 2727 exsolveretur.
3471 2668 3685 2725 Rursus
3717 2668 3815 2723 alii

2239 2768 2405 2822 vitem
2459 2766 2629 2821 fuisse
2675 2762 3052 2829 contendunt,
3115 2772 3172 2818 et
3225 2763 3432 2818 idcirco
3493 2762 3818 2832 sanguinem

2239 2874 2399 2914 suum
2428 2857 2645 2912 dedisse
2676 2855 2959 2911 Christum
3006 2856 3062 2910 in
3092 2854 3221 2909 vino
3255 2868 3359 2924 pro
3399 2853 3670 2924 expianda
3702 2854 3822 2923 pri-

2239 2963 2455 3003 morum
2483 2957 2773 3017 parentum
2801 2959 2966 3000 noxa.
3001 2944 3105 2999 Sed
3132 2958 3234 2999 nos
3269 2944 3381 2998 haec
3404 2958 3530 2997 vera
3558 2957 3667 2997 non
3692 2954 3823 2998 esse

2238 3047 2493 3108 putamus
2514 3054 2529 3103 ;
2556 3034 2888 3090 frumentum
2912 3034 3058 3088 enim
3079 3048 3258 3103 seges,
3278 3048 3386 3088 non
3409 3032 3572 3087 arbor
3593 3031 3822 3099 dicitur,

560 3122 804 3178 Adamus
832 3137 930 3193 per
962 3123 1134 3194 ipsam
1167 3133 1426 3193 expertus
1466 3132 1552 3180 est
1584 3123 1715 3194 quid
1750 3130 1896 3178 esset
1933 3123 2135 3179 bonum
2164 3131 2207 3189 C
2243 3138 2302 3184 ut
2329 3142 2505 3199 neque
2546 3127 2691 3181 vitis.
2734 3124 2902 3196 Igitur
2926 3123 3259 3180 Philoxenus
3286 3123 3658 3194 Mabugensis,
3691 3136 3823 3179 ora-

557 3228 613 3276 et
640 3219 774 3291 quid
805 3220 1035 3287 malum,
1066 3226 1229 3289 atque
1281 3218 1457 3289 reipsa
1512 3217 1730 3289 agnovit
1767 3216 2132 3273 obedientiam

508 3306 511 3309 ’
557 3327 679 3369 esse
713 3312 942 3380 bonum,
977 3313 1182 3366 malum
1225 3326 1358 3365 vero
1406 3310 1779 3365 rebellionem.
1820 3307 1929 3364 Sed
1962 3307 2133 3376 enim,

558 3406 704 3462 dicet
733 3405 933 3475 aliquis
962 3445 976 3469 .
1017 3404 1210 3460 demus
1240 3404 1512 3469 Adatnum
1554 3416 1653 3472 per
1698 3400 1845 3456 illam
1882 3400 2133 3455 arborem

558 3514 680 3555 esse
709 3508 989 3568 expertum
1025 3497 1153 3566 quid
1201 3495 1404 3550 bonum
1445 3502 1500 3549 et
1549 3493 1679 3565 quid
1730 3492 1930 3548 malum
1968 3501 2133 3558 esset,

560 3607 673 3647 non
701 3589 934 3662 proinde
959 3589 1103 3660 iusta
1137 3587 1278 3643 ratio
1310 3602 1375 3643 ea
1407 3586 1641 3651 videtur,
1673 3585 1744 3641 ob
1775 3599 1939 3656 quam
1972 3583 2140 3638 arbor

557 3685 677 3757 ipsa
733 3682 974 3739 scientia:
1020 3681 1147 3736 boui
1184 3689 1238 3735 et
1282 3679 1409 3734 mali
1444 3687 1751 3743 vocaretur,
1800 3692 1921 3748 qua
1954 3675 2138 3730 scien-

559 3776 691 3830 tiam
724 3774 779 3828 in
806 3786 866 3827 se
898 3771 1103 3825 nullam
1131 3770 1379 3825 haberet.
1411 3767 1828 3839 Respondemus
1863 3783 1987 3847 eum
2012 3781 2137 3824 esse

559 3880 767 3921 morem
800 3877 1081 3920 sacrarum
1113 3860 1468 3925 Litterarum,
1513 3868 1571 3916 ttt
1600 3870 1653 3915 et
1676 3859 1811 3915 locis
1843 3868 1899 3916 et
1928 3869 2137 3931 tempo-

562 3958 714 4013 ribus
756 3968 945 4009 earum
1014 3967 1199 4009 rerum
1253 3950 1669 4007 accommodent
1710 3948 1958 4017 nomina,
2015 3963 2138 4020 qua:

561 4048 724 4125 rebus
760 4047 892 4118 ipsis
929 4045 983 4100 in
1008 4044 1141 4101 locis
1172 4054 1224 4101 et
1253 4042 1592 4114 temporibus
1616 4041 1723 4097 illis
1760 4039 2137 4097 evenientibus

561 4139 850 4195 debentur.
885 4138 977 4194 Sic
1007 4144 1227 4209 puteum
1262 4136 1555 4208 quemdam
1573 4134 1745 4205 jnrgii
1768 4134 2131 4204 appellarunt,

560 4249 685 4288 cum
718 4239 917 4303 puteus
945 4246 1051 4285 non
1081 4230 1355 4300 iurgasset
1406 4229 1501 4283 sed
1538 4228 1607 4282 de
1635 4235 1801 4306 pute/o
1847 4227 1967 4297 ipso
1996 4226 2140 4281 inter

488 4300 508 4321 ’
562 4342 621 4378 se
681 4300 1093 4375 contendissent
1148 4328 1400 4391 pastores
1426 4317 1491 4373 ³’.
1559 4318 1624 4372 Et
1704 4300 1897 4373 rursus
1964 4317 2135 4372 alium

562 4425 778 4485 puteum
821 4412 1136 4483 juramenti,
1178 4425 1287 4465 non
1338 4410 1497 4481 quasi
1550 4409 1665 4479 ipse
1707 4408 1929 4479 iuratus
1968 4416 2135 4471 esset,

564 4505 661 4560 sed
727 4500 855 4574 quia
923 4503 991 4556 de
1061 4502 1181 4571 ipso
1236 4499 1381 4555 facta
1447 4500 1667 4555 fuerant
1728 4499 2041 4569 iuramenta
2068 4496 2137 4552 ⁸⁸.

567 4596 827 4650 Similiter
879 4593 1161 4648 cumulum
1242 4591 1533 4661 quemdam
1590 4590 1832 4661 lapidum
1876 4599 2143 4646 vocarunt

565 4688 837 4743 tantulum
892 4685 1270 4752 testimonii",
1326 4683 1419 4754 qui
1479 4683 1688 4737 nullum
1725 4683 1904 4753 potuit
1956 4683 2142 4739 dicere

566 4762 963 4843 testimonium,
1012 4776 1104 4832 sed
1134 4775 1263 4846 quia
1294 4775 1439 4845 apud
1488 4775 1666 4845 ipsum
1706 4783 1925 4844 peracta
1963 4774 2141 4829 fuerat

568 4871 895 4926 contestatio
929 4869 1072 4923 inter
1105 4866 1275 4923 Iacob
1303 4876 1358 4921 et
1402 4864 1627 4922 Labam.
1668 4863 1914 4935 Denique
1969 4862 2142 4919 Jaeub

567 4962 757 5016 Bethel
793 4960 1098 5016 nominavit
1126 4960 1415 5014 exercitum
1441 4957 1536 5012 Dei
1565 4957 1633 5021 ",
1670 4971 1793 5012 cum
1826 4956 1981 5011 locus
2029 4957 2145 5027 ipse

574 5055 719 5109 haud
766 5063 912 5109 esset
960 5054 1237 5107 exercitus
1275 5051 1391 5118 Dei,
1431 5066 1616 5105 verum
1650 5049 1775 5120 quia
1828 5048 1979 5102 ineo
2024 5048 2145 5102 loco

572 5146 870 5199 exercitum
928 5144 1022 5199 Dei
1081 5145 1170 5199 ille
1232 5143 1476 5198 vidisset.
1542 5142 1621 5195 Ad
1674 5141 1930 5196 eumdem
1982 5140 2147 5210 igitur

572 5237 794 5291 modum
841 5238 1009 5291 arbor
1055 5236 1145 5290 illa
1197 5234 1577 5305 cognominata
1618 5242 1703 5287 est
1736 5233 1979 5287 scientia:
2017 5231 2148 5287 boni

572 5335 627 5380 et
674 5325 827 5386 mali,
869 5340 975 5379 non
1012 5325 1155 5395 quod
1192 5323 1309 5393 ipsa
1346 5323 1425 5380 vel
1480 5325 1530 5377 in
1571 5338 1633 5378 se
1665 5322 1825 5377 talem
1860 5324 2146 5378 scientiam

578 5415 830 5469 habuerit
867 5424 958 5468 aut
984 5432 1103 5469 eatn
1139 5416 1192 5470 in
1233 5415 1444 5470 Adamn
1477 5414 1737 5475 eﬂ'ecerit,
1775 5430 1882 5483 qua
1915 5414 2004 5468 hic
2032 5414 2146 5482 iant

576 5516 701 5560 ante
736 5508 992 5576 pollebat,
1029 5509 1121 5562 sed
1155 5509 1284 5577 quia
1334 5521 1430 5578 per
1476 5521 1595 5559 eam
1642 5506 1895 5561 arborem
1929 5517 2010 5561 est
2056 5506 2152 5562 ille

576 5598 753 5667 reipsa
798 5607 1080 5668 expertus,
1129 5608 1292 5669 atque
1328 5598 1410 5667 (ut
1460 5598 1530 5651 ita
1588 5597 1791 5667 dicam)
1850 5598 2147 5653 eilieienter

1416 5738 1427 5763 δ

648 5776 845 5831 "Gen.
887 5791 1002 5837 xm,
1046 5777 1093 5827 7.
1178 5776 1218 5805 ‘°
1246 5766 1375 5830 Gen
1421 5793 1527 5840 xxi,
1561 5779 1627 5835 29
1661 5779 1747 5833 52.

1833 5782 1867 5812 δι
1894 5779 2027 5836 Gen.
2070 5797 2221 5848 xxxt,
2254 5785 2339 5839 l7.

2243 3221 2392 3275 tione
2415 3221 2482 3274 de
2506 3219 2705 3274 arbore
2732 3217 2876 3284 vitae,
2918 3225 2974 3273 et
3005 3216 3161 3273 multi
3187 3216 3279 3271 alii
3304 3215 3624 3271 existimant
3648 3216 3822 3280 ticum

2242 3311 2417 3367 fuisse
2446 3325 2566 3365 eam
2598 3308 2877 3373 arborem,
2911 3324 3041 3377 qua,
3074 3323 3198 3363 cum
3225 3316 3372 3363 esset
3400 3307 3613 3362 Adamo
3642 3307 3825 3361 inter-

2242 3404 2470 3470 dictum,
2493 3417 2601 3456 non
2647 3401 2929 3457 abstinuit.
2968 3398 3106 3454 Huic
3148 3398 3429 3455 sententiae
3464 3413 3563 3452 nos
3592 3411 3819 3469 quoque
3905 3464 3910 3470 Δ

2240 3504 2299 3550 ιιι
2324 3508 2455 3551 vero
2499 3493 2749 3549 similiori
2777 3490 3197 3549 subscribimus.
3234 3488 3509 3549 Credibile
3537 3489 3683 3543 enim
3707 3497 3821 3554 est,

2240 3588 2403 3643 simul
2447 3595 2611 3656 atque
2659 3585 2727 3640 de
2759 3598 2822 3639 ea
2868 3582 3064 3638 arbore
3105 3581 3366 3644 edissent,
3396 3581 3602 3649 pudore
3630 3594 3823 3636 corre-

2240 3686 2380 3750 ptos,
2408 3693 2475 3731 ex
2503 3691 2571 3731 eo
2598 3675 2742 3747 quod
2780 3674 3029 3745 proxime
3062 3674 3129 3728 ad
3156 3687 3374 3728 manum
3403 3680 3545 3734 erat.
3568 3672 3816 3743 subliga-

2239 3771 2361 3827 cula
2392 3768 2497 3824 sibi
2527 3768 2941 3839 comparavisse
2976 3767 3179 3837 quibus
3207 3779 3308 3822 sua
3346 3763 3667 3819 obvelarent
3711 3778 3819 3834 pn-

2239 3862 2416 3920 denda
2441 3901 2456 3927 ,
2484 3877 2549 3918 ea
2592 3876 2723 3916 vero
2746 3876 2812 3915 ex
2843 3859 3091 3915 ficulneis
3122 3858 3269 3915 foliis
3316 3857 3485 3913 inisse
3534 3856 3675 3913 facta
3732 3865 3819 3912 te.

2246 3964 2425 4011 statur
2450 3954 2569 4023 ipsa
2620 3951 2903 4023 Scriptura
2935 3952 3003 4006 “.
3046 3950 3237 4021 Neque
3282 3950 3428 4005 enim
3476 3949 3655 4003 simile
3703 3948 3818 4005 veri

2240 4053 2421 4119 potest
2449 4043 2777 4109 existimari,
2809 4042 2953 4112 ipsos
2972 4041 3339 4115 praetermissa
3375 4054 3440 4094 ea
3459 4040 3656 4094 arbore
3692 4054 3820 4110 qua

2240 4137 2489 4211 proxima
2514 4144 2652 4203 erat,
2701 4135 2767 4191 ad
2813 4134 2974 4190 aliam
3010 4132 3351 4205 longiuscule
3374 4124 3623 4188 dissitam
3665 4131 3820 4187 festi-

2243 4244 2440 4296 nasse;
2464 4243 2529 4283 ex
2555 4228 2716 4298 cuius
2747 4225 2891 4283 follis
2908 4226 3252 4282 concinnatis
3280 4222 3635 4293 subligaculis
3657 4237 3816 4279 suam

2242 4330 2592 4392 contegerent
2644 4319 2969 4374 nuditatem.
3014 4317 3080 4373 Et
3141 4331 3272 4387 ergo
3323 4316 3461 4371 licus
3516 4315 3680 4370 arbor
3727 4315 3819 4368 illa

2246 4413 2491 4472 scientiae
2521 4412 2648 4469 boni
2694 4425 2751 4467 et
2797 4411 2963 4477 mali;
3002 4424 3108 4479 qua
3139 4424 3248 4464 non
3287 4407 3431 4463 vesci
3471 4422 3596 4463 cum
3634 4417 3822 4461 essent

2243 4508 2405 4581 iussi,
2441 4520 2550 4562 non
2582 4511 2881 4577 paruerunt
2913 4501 3115 4556 edicto.
3155 4500 3293 4555 Sunt
3320 4511 3497 4553 tamen
3528 4500 3619 4567 qui
3651 4497 3818 4552 velint

2249 4597 2671 4666 haudquaquam
2717 4593 2880 4647 [lcum
2930 4588 3121 4652 fuisse,
3189 4587 3285 4641 sed
3337 4585 3516 4655 potius
3565 4584 3815 4637 arborem

2248 4686 2562 4759 quampiam
2601 4684 2728 4739 novi
2767 4680 2987 4753 generis
3022 4689 3184 4749 atque
3224 4677 3489 4742 inusitati,
3527 4677 3686 4744 longe
3730 4690 3821 4729 re-

2250 4779 2423 4851 liquis,
2458 4773 2927 4845 prmstantiorem;
2962 4769 3121 4839 cuius
3162 4768 3430 4823 fructibus
3475 4766 3817 4821 interdictum

2253 4870 2415 4924 fuerit
2444 4868 2650 4921 Adamn
2683 4881 2698 4917 :
2736 4858 2898 4931 idque
2962 4862 3065 4917 hac
3111 4860 3376 4930 colligunt
3428 4858 3658 4923 ratione,
3690 4857 3819 4927 quia

2251 4958 2488 5030 peccarit
2529 4956 2701 5008 Adam
2733 4952 2941 5007 edendo
2976 4961 3033 5008 et
3071 4951 3330 5005 multatus
3389 4948 3482 5003 sit.
3531 4937 3668 5001 Nam
3699 4947 3820 5000 vnl-

2252 5054 2368 5125 gari
2397 5052 2691 5122 (inquiunt)
2729 5048 2906 5103 fructu
2956 5044 3248 5111 vescendo,
3284 5058 3460 5114 neque
3490 5041 3823 5114 peccavisset

2257 5145 2364 5209 ille,
2394 5159 2573 5212 neque
2617 5157 2831 5211 poenam
2865 5140 3302 5195 commeruisset.
3337 5134 3537 5190 Verum
3584 5135 3650 5188 ad
3706 5134 3821 5187 ha:c

2249 5235 2640 5304 respondemus
2674 5251 2687 5286 :
2719 5232 2855 5285 Cum
2904 5246 2995 5286 res
3039 5230 3222 5299 aliqua
3258 5229 3372 5300 lege
3413 5226 3684 5298 prohibita
3718 5234 3819 5286 est,

2251 5342 2361 5380 non
2388 5326 2463 5380 rei
2498 5326 2581 5396 vel
2610 5324 2978 5395 praestantiam
3023 5322 3451 5391 dignitatemque
3503 5318 3582 5373 vel
3622 5318 3821 5372 utilita-

2258 5428 2363 5474 tem
2402 5426 2566 5487 atque
2600 5418 3000 5489 indignitatem,
3032 5415 3157 5469 dum
3188 5425 3283 5469 aut
3318 5414 3497 5467 editur
3530 5422 3624 5467 aut
3660 5408 3821 5466 omit-

2258 5512 2389 5565 titur
2442 5509 2777 5581 quidquam,
2817 5508 3018 5564 referre
3054 5517 3148 5563 aut
3188 5506 3253 5559 ad
3298 5513 3574 5575 peceatum
3620 5510 3715 5557 aut
3753 5498 3819 5553 ad

2248 5602 2521 5673 justitiam
2568 5601 2647 5657 vel
2696 5601 2760 5655 ad
2809 5616 3019 5655 umnam
3076 5598 3443 5668 pranniumve,
3498 5596 3590 5650 sed
3651 5594 3820 5664 ipsam

2438 5786 2480 5818 ³³
2511 5785 2644 5845 Gen.
2680 5801 2847 5849 xxxtt,
2879 5783 2967 5839 30.
3048 5782 3087 5813 ⁵³
3118 5779 3251 5836 Gen.
3285 5796 3362 5849 ιιι,
3398 5778 3445 5836 7.
