4176 6450
245 371 351 436 505

1368 359 1467 425 DE
1507 361 1908 425 PARADISO.
1951 385 2014 396 -
2061 359 2255 420 PARS
2298 358 2344 416 Ι.

3402 350 3510 409 506

244 489 413 545 solam
469 484 556 540 hic
618 479 851 553 spectari
914 476 1276 536 obedientiam
1336 487 1392 532 et
1440 476 1813 533 rebellionem.
1847 479 1890 535 Α
1923 471 2096 528 tbales
2163 470 2341 526 solent
2396 467 2707 523 interimere
2751 480 2847 522 eos
2888 463 3144 535 aquibus
3192 474 3455 519 vorantur
3497 481 3510 518 :

244 580 401 638 Verbi
438 591 602 632 causa
634 593 648 629 :
687 573 803 629 Divi
848 571 1135 628 Machabaai
1174 585 1297 626 cum
1324 586 1354 625 a
1379 569 1602 640 porcina
1644 582 1808 624 carne

241 687 365 727 sese
405 668 762 731 abstinerent,
787 679 1018 733 eamque
1065 663 1134 717 ob
1165 677 1278 715 rem
1330 660 1561 731 plurima
1605 659 1807 716 tolera-

239 769 358 818 rent
385 761 548 826 mala,
581 775 688 812 non
743 759 914 826 ipsam
953 755 1272 824 spectabant
1317 754 1529 809 suillam
1560 766 1804 810 carnem.

234 867 406 919 eaque
451 867 546 904 ceu
580 849 670 903 vili
719 857 771 904 et
829 848 1220 916 contemptibili
1261 846 1386 900 cibo
1419 843 1803 899 abstinebant:

1817 733 1845 747 ν

234 945 326 1001 sed
378 943 624 997 divinum
667 941 956 994 versabant
1015 940 1199 992 animo
1267 947 1618 1007 praeceptum,
1662 933 1830 1004 quod'

232 1034 415 1090 modis
443 1034 695 1086 omnibus
720 1031 820 1085 sibi
857 1028 1278 1089 observandum,
1313 1042 1486 1095 neque
1512 1027 1623 1083 ullo
1650 1035 1806 1094 pacto

233 1124 648 1181 transiliendum
685 1122 996 1177 statuebant
1025 1119 1090 1174 δι.
1127 1121 1189 1173 Ει
1224 1129 1493 1190 martyres
1535 1128 1804 1172 tormenta

232 1219 464 1288 p'urima
501 1225 627 1271 sunt
671 1213 912 1283 perpessi
943 1208 1072 1282 quia
1101 1213 1169 1266 de
1207 1211 1399 1266 hostiis
1435 1210 1663 1265 deorum
1706 1225 1808 1278 gu-

230 1320 376 1366 stare
430 1309 788 1373 recusabant;
843 1323 947 1360 non
985 1307 1129 1375 quod
1182 1304 1286 1358 cibi
1338 1304 1488 1359 illius
1543 1304 1805 1359 rationem

229 1402 496 1457 haberent
532 1400 623 1467 qui
655 1415 720 1455 ex
749 1399 989 1453 victimis
1026 1398 1346 1475 parabatur,
1375 1397 1466 1450 sed
1495 1413 1561 1450 ne
1600 1413 1693 1449 sua
1725 1396 1807 1465 ip-

227 1509 420 1549 sorum
473 1495 738 1564 adversus
795 1492 962 1547 Deum
1022 1491 1355 1547 conscientia
1404 1490 1804 1558 polluerentur.

231 1587 322 1642 Sic
343 1587 505 1640 divus
531 1584 733 1647 Paulus
768 1583 1035 1654 permittit
1063 1583 1218 1638 nobis
1247 1592 1304 1636 ut
1335 1572 1470 1635 cibis
1506 1582 1655 1636 nullo
1681 1594 1804 1634 cum

230 1678 552 1733 discrimine
609 1691 926 1741 vescamur,
972 1676 1238 1743 tantisper
1279 1675 1407 1727 dum
1464 1675 1651 1742 quales
1700 1672 1810 1729 sint

228 1771 580 1841 ignoramus;
633 1769 820 1823 vcr'um
854 1769 1106 1823 conscios
1126 1767 1279 1836 jubet
1309 1761 1610 1829 abstinere,
1643 1763 1806 1818 nimi-

1917 565 2020 621 soli
2051 562 2154 627 illi,
2195 563 2274 616 vel
2306 570 2419 615 tum
2453 576 2577 614 cum
2611 559 2991 621 vescebantur,
3029 557 3107 610 vel
3140 566 3262 624 post
3289 558 3508 626 oppeti-

1914 659 2124 712 vissent
2167 661 2420 708 mortem.
2458 651 2644 721 Neque
2700 665 2891 704 rursus
2947 649 3019 703 ob
3063 648 3234 703 solam
3271 649 3497 702 rebellio

1915 766 2039 804 nem
2079 749 2204 804 illos
2235 757 2461 801 mortem
2489 747 2784 800 incurrisse
2816 761 2830 798 :
2862 743 3301 813 quandoquidem
3341 740 3511 795 David

1918 843 2097 896 tribus
2156 840 2332 894 modis
2401 839 2808 908 praevaricatus,
2854 850 2950 905 per
3001 833 3353 898 adulterium,
3408 847 3508 901 per

1915 934 2074 996 iram,
2108 949 2200 1002 per
2234 931 2612 990 homicidium,
2648 944 2754 983 non
2800 939 2978 981 tamen
3010 926 3229 994 punitus
3261 932 3364 989 est,
3413 921 3509 977 sed

1915 1025 2236 1078 delictorum
2283 1024 2512 1091 gratiam
2543 1036 2570 1072 a
2614 1018 2721 1072 Deo
2759 1025 3137 1071 consecutus:
3181 1029 3372 1069 verum
3426 1013 3513 1068 di--

1913 1114 2157 1169 viuitatis
2191 1113 2587 1167 all‘ectationem
2629 1109 2797 1164 fuisse
2837 1108 2945 1162 illis
2992 1122 3216 1161 causam
3275 1105 3510 1160 mortis.

1915 1206 2089 1262 Simul
2135 1214 2299 1274 atque
2341 1205 2484 1257 enim
2524 1201 2768 1271 (inquit)
2795 1201 2860 1253 ad
2903 1199 3067 1253 Evam
3119 1197 3350 1252 dixisset
3389 1211 3513 1250 ser-—

1914 1312 2048 1368 pens
2081 1313 2094 1350 :
2130 1296 2296 1350 Erilis
2335 1297 2470 1348 sicut
2494 1295 2592 1357 dii,
2629 1295 2849 1347 scientes
2873 1292 2995 1345 boui
3023 1299 3072 1345 et
3105 1291 3235 1344 mali
3259 1291 3328 1354 δ’,
3361 1289 3407 1342 si
3441 1288 3506 1342 de

1914 1390 2001 1445 illa
2027 1391 2220 1444 arbore
2245 1388 2610 1456 gustaveritis,
2662 1386 2924 1454 evestigio
2973 1385 3086 1449 illa,
3114 1384 3350 1437 maxima
3378 1397 3504 1435 cum

1913 1481 2192 1544 aviditate,
2224 1491 2446 1548 accepto
2492 1478 2672 1532 fructu
2724 1478 3089 1532 vescebatur:
3120 1490 3292 1545 quare
3318 1473 3505 1527 existi-

1914 1572 2171 1626 mandum
2213 1586 2317 1624 non
2347 1580 2452 1636 est,
2487 1571 2592 1626 cibi
2630 1569 2777 1623 illius
2843 1583 3037 1637 sapore
3069 1568 3304 1621 illectam
3338 1563 3503 1618 Evam

1916 1663 2150 1717 violasse
2179 1662 2466 1730 imperium
2515 1661 2630 1722 Dei.
2662 1660 2755 1715 sed
2787 1659 2931 1730 quod
2971 1666 3215 1728 speraret
3259 1673 3317 1712 sc
3343 1658 3502 1711 deam

1915 1753 2055 1812 fore.
2083 1753 2540 1822 divinitatemque
2596 1752 2898 1816 all'ectaret,
2931 1761 2986 1805 et
3030 1751 3204 1823 ipsam
3246 1749 3426 1804 edisse
3452 1755 3508 1800 et

229 1838 349 1915 ,Ῑιηη
384 1861 515 1929 qui“
554 1876 660 1914 non
686 1861 739 1913 in
781 1860 912 1926 ipsis
956 1858 1111 1922 cibis,
1151 1858 1243 1912 sed
1285 1857 1339 1910 in
1372 1872 1561 1911 eorum
1601 1856 1693 1926 qui
1727 1854 1814 1909 his
1844 1838 1889 1897 Β
1919 1845 2035 1898 viro
2081 1844 2414 1911 porrexisse.
2461 1842 2569 1897 Sed
2621 1858 2799 1912 neque
2846 1843 3118 1896 Adamum
3177 1851 3272 1895 aut
3326 1840 3506 1894 fructu

229 1961 534 2004 vescuntur
561 1949 894 2005 conscientia
916 1988 932 2013 ,
961 1964 1049 2003 res
1075 1948 1176 2002 sita
1210 1956 1292 2003 est
1317 1949 1384 2001 ".
1419 1947 1609 2015 Itaque
1642 1947 1811 1999 Adam

225 2058 336 2098 non
372 2058 442 2096 ex
479 2042 692 2096 arboris
721 2041 788 2095 de
847 2056 952 2110 qua
999 2040 1237 2109 gustavit
1272 2040 1446 2106 pretio
1485 2038 1815 2108 dignitateve

225 2135 451 2203 agnovit
479 2133 736 2186 delictum
771 2146 952 2192 suum,
979 2129 1074 2184 sed
1100 2146 1165 2184 ex
1201 2130 1316 2198 ipsa
1347 2145 1441 2183 sua
1483 2128 1812 2193 rebellione;

225 2225 563 2292 punitusque
593 2231 677 2276 est
712 2221 867 2290 plane
911 2236 1022 2274 non
1054 2236 1152 2291 pro
1179 2221 1375 2289 gustati
1440 2219 1548 2275 cibi
1594 2228 1811 2282 natura,

225 2315 318 2371 sed
355 2323 582 2384 propter
613 2314 865 2374 violatam
915 2313 1108 2383 legem.
1136 2314 1346 2380 Quippe
1383 2312 1434 2364 in
1468 2313 1813 2366 observamla

226 2417 319 2461 aut
387 2406 639 2460 violanda
689 2405 826 2476 lege,
858 2404 1038 2460 omnis
1085 2404 1297 2473 justitia
1336 2405 1587 2458 consistit
1647 2414 1814 2472 atque

227 2496 539 2565 iujustitia;
578 2511 684 2550 non
720 2506 894 2549 autem
930 2494 984 2549 in
1018 2509 1080 2549 ea
1117 2509 1174 2550 ro
1208 2495 1274 2548 de
1299 2509 1400 2562 qua
1437 2493 1521 2546 lcx
1561 2494 1676 2561 ipsa
1707 2493 1813 2547 lata

223 2597 326 2643 est.
394 2588 520 2642 Fuit
560 2587 725 2656 igitur
773 2586 910 2643 licus
975 2586 1137 2641 arbor
1171 2585 1262 2639 ills
1319 2585 1564 2640 scientiae
1607 2585 1732 2639 boni
1762 2577 1816 2639 et

225 2682 383 2747 mali,
413 2680 482 2734 de
508 2695 614 2749 qua
664 2679 985 2734 vescebatur
1024 2678 1284 2732 Adamus.
1322 2675 1418 2730 llic
1453 2692 1645 2732 rursus
1675 2678 1816 2748 obji-

224 2774 330 2826 ciet
356 2772 558 2842 aliquis
585 2789 597 2825 :
627 2768 682 2824 Si
710 2778 932 2826 mortem
972 2771 1152 2824 attulit
1185 2770 1312 2823 Adae
1357 2777 1572 2839 gustata
1615 2770 1806 2833 arbor,

224 2865 427 2918 merito
484 2877 583 2932 pro
623 2861 892 2916 homicida
947 2861 1194 2915 habenda
1264 2859 1465 2929 Deique
1506 2860 1661 2916 bOSIe
1691 2870 1812 2928 est;

224 2969 351 3009 cum
390 2954 481 3009 hic
527 2952 796 3008 Adamum
833 2952 1139 3007 condiderit
1167 2954 1385 3022 vitaque
1419 2952 1658 3014 donarit.
1712 2953 1803 3006 illa

224 3046 527 3116 perdiderit
563 3058 618 3100 et
668 3045 835 3099 vitam
885 3045 1170 3114 eripuerit.
1216 3044 1320 3098 Sed
1373 3044 1440 3098 ad
1492 3045 1598 3099 hoc
1657 3044 1813 3098 facile

227 3136 612 3208 respondetur,
653 3151 759 3191 non
789 3135 1019 3192 arboren
1053 3135 1145 3190 sed
1180 3136 1529 3209 rebellionem
1564 3138 1810 3193 attulisse

226 3239 462 3283 mortem
515 3229 743 3281 Adamo.
791 3224 926 3279 Nam
982 3235 1036 3281 et
1086 3227 1138 3280 in
1188 3227 1303 3295 lege
1365 3227 1671 3282 scribitur:
1707 3227 1810 3292 Qui

225 3318 524 3372 maledictis
566 3332 691 3370 usus
720 3316 966 3385 [ueritOin
989 3327 1188 3386 patrem
1220 3327 1312 3370 aut
1346 3331 1569 3372 matrem
1614 3320 1814 3372 moria-

227 3419 315 3463 tur
338 3408 414 3468 “.
443 3406 611 3463 Nemo
636 3416 818 3462 tamen
866 3406 1072 3463 dixerit
1120 3408 1237 3478 ipsa
1281 3409 1596 3476 maledicta,
1631 3412 1679 3464 ei
1714 3411 1808 3480 qui

228 3500 363 3571 ipsis
403 3509 686 3568 parentem
740 3499 1060 3562 insectatur,
1109 3509 1337 3553 mortem
1374 3500 1639 3568 inﬂigere,
1687 3501 1811 3554 ani-

228 3604 486 3661 mamque
521 3588 642 3659 ejus
677 3604 708 3642 a
739 3604 968 3658 corpore
991 3588 1249 3651 divellere
1279 3607 1292 3644 :
1329 3590 1421 3644 sed
1456 3590 1808 3658 impietatem,

229 3680 304 3735 illi
355 3694 482 3736 esse
530 3678 722 3733 mortis
762 3693 1010 3733 causam.
1049 3677 1130 3731 Ad
1168 3678 1292 3739 hoc,
1321 3679 1376 3731 iu
1413 3677 1622 3742 iloreh,
1665 3693 1812 3732 mors

229 3772 672 3844 prtestituebatur
717 3773 952 3842 populo,
985 3771 1235 3840 quisquis
1270 3787 1422 3846 oram
1473 3771 1675 3826 montis
1727 3770 1813 3824 Si-

230 3864 320 3917 nai
388 3862 726 3931 contingeret
763 3861 806 3894 "
844 3878 860 3915 :
899 3862 1318 3931 haudquaquam
1383 3871 1563 3916 tamen
1612 3861 1808 3917 existi-

231 3953 492 4008 mandum
543 3961 645 4016 est,
678 3967 707 4005 a
740 3962 923 4006 monte
972 3951 1120 4006 Siuai
1175 3969 1506 4022 quemquam
1565 3955 1808 4009 occisum

228 4057 375 4108 esse,
407 4044 502 4098 sed
531 4038 707 4112 potius
737 4059 769 4096 a
800 4053 1069 4113 praecepto
1114 4044 1335 4099 violato.
1370 4043 1608 4115 Denique
1641 4047 1686 4100 si
1718 4063 1810 4101 rex

231 4134 454 4204 aliquis,
486 4135 703 4189 civitate
745 4137 846 4188 hac
875 4144 967 4191 aut
1021 4134 1142 4199 illa,
1176 4135 1342 4190 alicui
1390 4137 1494 4192 sub
1541 4139 1811 4206 supplicio

231 4226 450 4296 capitali
481 4225 841 4287 interdixerit,
876 4226 1086 4280 accidat
1128 4241 1290 4297 porro
1321 4237 1378 4282 ut
1421 4228 1466 4282 is
1500 4243 1565 4283 ea
1596 4228 1812 4285 civitate

235 4328 340 4367 non
390 4314 692 4376 abstineat,
729 4329 792 4367 ac
827 4316 1073 4383 proinde
1103 4316 1276 4386 capite
1304 4316 1611 4386 puniatura
1648 4334 1810 4387 rege:

234 4404 358 4474 quis
412 4405 563 4459 illum
620 4405 818 4462 dixerit
846 4420 875 4457 a
906 4404 1125 4460 civitate
1161 4407 1512 4463 interiectum
1555 4425 1695 4475 esse,
1748 4426 1813 4464 ac

238 4508 346 4549 non
400 4495 587 4564 potius
624 4510 722 4562 sua
755 4496 931 4563 ipsum
979 4496 1274 4553 rebellione
1329 4499 1599 4570 periisse?
1629 4500 1815 4570 Neque
1847 4493 1892 4548 D

237 4598 363 4638 vero
405 4601 605 4640 manna
640 4586 1032 4652 lsraclitarum,
1062 4591 1206 4657 quod
1238 4590 1458 4645 Sabbati
1507 4602 1665 4646 nocte
1695 4609 1814 4648 ser-

240 4686 419 4730 vatum
458 4692 563 4730 non
598 4679 963 4746 putrescebat,
999 4680 1222 4748 reliquis
1257 4697 1386 4736 vero
1419 4683 1666 4738 noctibus
1691 4700 1814 4738 cor-

242 4769 632 4836 rumpebatur;
669 4770 751 4822 vcl
805 4771 919 4839 ipsa
975 4770 1199 4826 Sabbati
1244 4789 1351 4828 nox
1406 4777 1690 4840 servabat,
1734 4776 1814 4830 vel

241 4869 445 4913 exterae
494 4861 790 4928 perdebant
843 4877 856 4915 :
912 4863 1007 4916 sed
1043 4878 1109 4917 ex
1174 4865 1460 4920 observato
1509 4867 1817 4936 violatoque

242 4959 506 5019 praecepto
541 4967 624 5007 res
658 4962 768 5004 tota
817 4956 1084 5022 pendebat
1118 4955 1183 5011 ".
1211 4955 1328 5011 Non
1385 4959 1548 5027 igitur
1598 4959 1806 5013 Adamo

245 5041 321 5093 vel
350 5043 534 5105 arbor,
571 5045 650 5097 vel
683 5053 926 5112 gustatus
957 5045 1168 5102 fructus
1201 5059 1426 5103 mortem
1460 5049 1688 5120 peperit,
1719 5051 1812 5105 sed

246 5129 353 5197 ipsa
383 5131 628 5186 rebellio.

309 5225 576 5278 Caeterum
619 5225 950 5282 Philoxenus
1007 5226 1350 5297 Mabugensis
1383 5235 1436 5284 in
1464 5247 1526 5286 ea
1566 5243 1648 5288 est
1685 5249 1807 5289 sen-

248 5318 428 5380 tentia,
464 5327 522 5370 ut
571 5327 721 5386 putet
777 5333 954 5386 neque
1007 5323 1257 5374 arborem
1311 5323 1454 5376 illam
1508 5324 1810 5380 fructumve

249 5417 514 5474 gustatum
553 5409 804 5462 attulisse
856 5421 1087 5466 mortem
1135 5412 1324 5479 primis
1369 5418 1732 5481 parentibus:
1765 5419 1810 5472 si

249 5497 408 5563 enim,
452 5499 650 5567 inquit,
679 5514 802 5554 esca
845 5502 924 5555 sic
954 5501 1075 5556 illos
1105 5519 1404 5568 CllCt'ﬂSf.Ll,
1437 5517 1493 5558 ut
1531 5509 1707 5563 herba:
1740 5512 1810 5563 le-

320 5702 422 5782 ξίιι
460 5703 628 5782 illaab.
668 5722 728 5782 vi
759 5715 811 5759 et
848 5723 954 5768 vri;
987 5707 1167 5782 luerit.
1199 5726 1246 5762 λι
1279 5727 1291 5772 ;
1326 5711 1478 5764 Dent.
1515 5728 1621 5766 xn'.
1659 5713 1698 5742 π
1738 5713 1754 5765 1
1797 5715 1916 5766 (lor.
1959 5731 2009 5773 λ.
2043 5717 2111 5769 1’5
2139 5732 2292 5782 seqq.

1882 5787 2086 5838 “ti-1i.
2123 5801 2204 5851 lli,
2240 5787 2291 5838 Si.

263 5769 301 5799 δ’
331 5772 496 5830 Exod.
525 5792 632 5841 im,
677 5777 735 5830 li
767 5793 953 5847 scqq.;
984 5780 1142 5832 Num.
1174 5796 1244 5842 χι,
1277 5769 1340 5847 7;
1375 5783 1524 5836 llettt.
1565 5800 1676 5846 VIII,
1722 5786 1796 5838 lli.

1916 1935 2159 2005 ciboque
2217 1935 2312 1988 illo
2363 1934 2666 1989 inescatum
2740 1933 3108 1990 transilivisse
3154 1942 3507 2003 praeceptum,

1914 2040 2038 2080 cum
2088 2034 2274 2080 essent
2301 2024 2356 2080 in
2394 2026 2650 2094 paradiso
2688 2025 2940 2093 plurimm
2983 2024 3211 2083 arbores
3239 2025 3359 2078 aliae
3390 2023 3510 2093 qui-

1915 2117 2016 2174 bus
2069 2120 2172 2174 sibi
2220 2118 2496 2172 libidinem
2544 2118 2610 2186 (si
2670 2132 2732 2170 ea
2792 2117 2967 2186 ipsum
3026 2126 3173 2173 tanta
3224 2116 3508 2182 tenuisset)

1916 2209 2191 2262 exsatiare
2231 2208 2516 2278 potuisset,
2553 2216 2648 2260 aut
2681 2195 2909 2262 omnino
2943 2207 3106 2261 ullius
3136 2223 3274 2260 esca:
3308 2209 3506 2274 gratia,

1917 2313 2103 2370 spreto
2141 2311 2305 2371 atque
2357 2303 2606 2369 neglecto
2639 2301 2746 2355 Deo
2775 2300 3059 2354 conditore
3087 2299 3510 2364 suo,obtempc-

1919 2391 2133 2445 ravisse
2188 2391 2451 2447 insidioso
2501 2392 2733 2446 daemoni
2775 2408 2789 2444 :
2832 2391 2926 2446 sed
2969 2390 3281 2459 perculsum
3340 2388 3504 2441 etiam

1869 2496 1871 2498 ·
1918 2479 2095 2549 ipsum
2161 2481 2465 2536 divinitatis
2529 2481 2839 2551 ambitione.
2898 2468 3307 2551 praevaricatum
3365 2492 3510 2542 esse,

1917 2571 2091 2636 deque
2118 2573 2284 2626 vetita
2309 2573 2503 2627 arbore
2531 2574 2729 2628 edisse.
2759 2572 2866 2627 Nisi
2901 2572 3047 2626 enim
3092 2571 3179 2625 illa
3221 2569 3510 2626 allectione
3603 2575 3607 2580 ’

1919 2663 2295 2732 perturbatum
2329 2664 2575 2718 animum
2613 2665 2932 2728 habuisset,
2974 2664 3171 2732 inquit,
3203 2663 3361 2716 facile
3393 2662 3510 2716 ιτα-υ

1923 2767 2090 2826 atque
2123 2755 2437 2825 huiusmodi
2467 2758 2571 2811 alia
2598 2756 2945 2828 opposuisset
2971 2755 3128 2810 uxOri
3153 2762 3510 2827 argumenta:

1917 2846 2028 2900 Cur
2063 2853 2429 2915 non'serpens
2471 2847 2561 2914 qui
2607 2847 2768 2901 nobis
2808 2846 3147 2900 dixinitatem
3188 2861 3255 2900 ex
3315 2845 3510 2899 arbore

1916 2945 2128 3007 gustata
2177 2937 2468 3007 promittit,
2497 2938 2611 3007 ipse
2652 2938 2800 3006 prior
2830 2937 2962 2998 edit,
3005 2937 3253 3006 deusque
3299 2936 3512 2991 evasit?

1915 3027 2032 3083 Jam
2067 3044 2192 3082 vero
2221 3046 2395 3097 neque
2428 3041 2498 3091 te.
2531 3040 2589 3084 ut
2627 3030 2810 3092 edisti,
2871 3028 3030 3083 deam
3071 3027 3267 3084 factam
3307 3028 3506 3084 video:

1915 3120 2007 3188 qui
2054 3119 2258 3188 possim
2289 3134 2417 3189 ergo
2459 3119 2572 3188 ipse
2601 3119 2935 3175 divinitatem
2972 3134 3196 3190 sperare
3227 3119 3271 3174 si
3304 3119 3460 3173 edam
3487 3118 3510 3171 i

1917 3213 2000 3277 Et,
2033 3212 2125 3281 qui
2168 3212 2342 3266 valeat
2375 3211 2559 3278 arbor,
2585 3226 2706 3281 qua:
2739 3215 2900 3266 etiam
2938 3212 3134 3282 spiritu
3165 3221 3332 3275 caret,
3369 3211 3506 3267 deos

1915 3302 2126 3358 eliicere
2173 3304 2263 3373 qui
2314 3319 2372 3358 se
2422 3302 2757 3358 vescantur?
2789 3304 2947 3373 quasi
2993 3319 3121 3358 vero
3175 3320 3336 3360 suum
3387 3305 3505 3373 ipsa

1917 3401 2139 3460 superet
2187 3392 2533 3447 cll‘ectorcml
2580 3392 2774 3447 Verum
2811 3392 2945 3447 nihil
2978 3393 3082 3447 tale
3113 3393 3390 3463 respondit
3419 3394 3509 3447 ille

1917 3483 2094 3545 uxori,
2121 3497 2297 3550 neque
2329 3499 2453 3536 cum
2486 3483 2602 3552 ipsa
2663 3494 2745 3538 est
2768 3498 2828 3537 ea
2861 3484 2928 3536 de
2968 3499 3023 3538 re
3054 3494 3505 3554 argumentatus:

1917 3573 2177 3627 nimirum
2230 3575 2321 3644 qui
2367 3576 2531 3628 etiam
2568 3576 2686 3645 ipse
2714 3575 3015 3630 divinitatis
3044 3576 3299 3646 cupidine
3333 3579 3511 3632 victus

1919 3680 2012 3735 per
2047 3666 2358 3720 vecordiam
2415 3667 2724 3726 tenebatur.
2772 3667 3016 3721 Ellicitur
3062 3668 3283 3736 itaque,
3333 3683 3509 3736 neque
3583 3657 3590 3664 ’

1919 3757 2168 3811 arborem
2194 3759 2476 3812 arborisve
2509 3757 2741 3813 fructum
2779 3759 2860 3812 vel
2887 3775 3092 3822 escam,
3126 3775 3298 3829 neque
3324 3759 3510 3816 rebel-

1916 3848 2111 3903 lionem
2146 3850 2390 3903 attulisse
2425 3851 2615 3919 primis
2640 3851 2843 3905 nostris
2885 3851 3203 3920 parentibus
3234 3851 3488 3919 exitium,

1916 3942 2011 3994 sed
2064 3942 2244 4011 ipsum
2296 3959 2490 3997 eorum
2544 3944 2790 3998 animum
2841 3959 2952 4015 quo
2984 3944 3506 4015 praevaricabantur,

1923 4035 2030 4091 hoc
2063 4045 2169 4100 est,
2199 4037 2369 4105 ipsam
2404 4037 2707 4093 divinitatis
2743 4038 3118 4092 ambitionem.
3149 4037 3283 4093 Nam
3314 4038 3506 4093 eadem

1929 4129 2230 4183 ambitione
2262 4129 2513 4184 diabolus
2552 4146 2770 4199 quoque
2813 4147 2938 4185 cum
2982 4131 3098 4188 suis
3145 4132 3322 4201 copiis
3368 4133 3509 4186 deli-

1913 4223 2027 4291 quit
2060 4239 2073 4274 :
2109 4223 2484 4276 dicebatenim
2512 4238 2529 4279 :
2557 4221 2761 4276 Portam
2783 4225 2960 4278 sedem
2990 4240 3340 4293 meamsupra
3384 4226 3511 4279 stel-

1915 4311 1995 4365 las
2037 4311 2154 4374 Dei,
2186 4322 2235 4365 et
2265 4328 2354 4366 ero
2376 4312 2564 4365 similis
2587 4313 2863 4368 Altissimo
2887 4315 2971 4382 '°;
3001 4325 3163 4384 atque
3191 4317 3261 4370 ob
3295 4318 3394 4372 hoc
3427 4320 3510 4388 ip-

1917 4415 2328 4473 sumpeccatum
2354 4405 2492 4457 ctelo
2519 4405 2788 4460 deturbati
2808 4407 3234 4477 praecipitatique
3253 4419 3382 4463 sunt
3405 4410 3503 4463 illi.

1993 4494 2270 4550 Hactenus
2314 4496 2670 4551 Philoxenus.
2726 4497 2831 4552 Sed
2883 4513 2985 4553 nos
3029 4499 3284 4565 dicimus,
3333 4500 3505 4570 ipsam

1922 4591 2426 4657 praevaricationem
2483 4587 2648 4644 fuisse
2677 4604 2898 4645 causam
2933 4593 3122 4646 mortis
3151 4592 3392 4657 Adamo,
3425 4595 3505 4648 id-

1920 4699 2026 4751 que
2057 4683 2268 4736 duabus
2321 4683 2628 4736 rationibus
2678 4685 3127 4753 Comprobamus,
3161 4702 3391 4754 quarum
3437 4701 3502 4739 ex

1924 4775 2015 4827 Dei
2080 4777 2245 4828 verbo
2294 4783 2511 4843 sumpta
2595 4776 2708 4830 hazc
2753 4787 2857 4831 est.
2892 4776 3114 4831 Dicebat
3163 4780 3306 4833 enim
3362 4778 3505 4833 Deus

1919 4867 2129 4920 Adamo
2163 4883 2176 4918 :
2215 4864 2330 4929 Quo
2367 4867 2451 4918 die
2491 4865 2778 4920 comederis
2828 4874 2883 4919 tu
2927 4868 2990 4919 de
3029 4868 3234 4931 arbore,
3286 4877 3504 4923 mortem

1918 4967 2122 5027 o;-petes
2150 4958 2218 5011 ⁸¹.
2251 4959 2431 5011 Altera
2460 4958 2576 5014 bzec
2604 4968 2686 5013 est
2711 4976 2727 5014 :
2755 4958 2810 5012 Si
2842 4959 3143 5017 divinitatis
3176 4977 3270 5031 spe
3298 4963 3504 5028 oblata,

1917 5047 2128 5100 dte-mon
2161 5061 2266 5100 non
2295 5048 2560 5116 quivisset
2611 5047 2878 5102 Adamum
2912 5061 3080 5119 atque
3119 5050 3281 5104 Evam
3338 5051 3503 5106 sedu-

1915 5154 2058 5202 cere,
2092 5140 2279 5206 procul
2313 5140 2479 5194 dubio
2513 5141 2921 5196 immortalitate
2953 5143 3217 5210 promissa
3254 5145 3504 5214 impulis-

1921 5241 2004 5284 set
2032 5230 2096 5283 ad
2142 5231 2605 5299 praevaricaudum
2645 5250 2660 5297 ;
2719 5235 2976 5303 atqueita
3038 5237 3233 5304 quovis
3285 5239 3500 5292 laudent

1921 5325 2082 5377 modo
2139 5325 2213 5379 illi
2247 5325 2566 5381 incidissent
2608 5327 2660 5380 in
2704 5339 2934 5382 mortem
2971 5329 3170 5384 violato
3200 5332 3288 5384 Dei
3333 5332 3502 5401 impe-

1922 5419 2022 5481 rio,
2049 5433 2211 5488 quam
2244 5420 2356 5487 ipse
2389 5421 2562 5474 fuerat
2584 5422 2664 5474 eis
2689 5421 3088 5489 comminatus;
3121 5422 3342 5492 fregisse
3373 5440 3502 5494 ergo

1925 5519 2251 5580 pneceptuin
2312 5512 2424 5574 Dei,
2458 5511 2560 5566 fuit
2610 5514 2740 5582 ipsis
2765 5514 2920 5567 exitii
2974 5530 3158 5571 causa.
3219 5513 3325 5570 Sed
3374 5531 3497 5582 cur,

2377 5717 2418 5745 ἀθ
2457 5717 2620 5768 Exod.
2657 5732 2770 5777 ut,
2812 5718 2893 5770 17.

2373 5788 2415 5816 ⁵⁰
2444 5788 2544 5840 lsa.
2585 5803 2689 5851 Mt‘,
2718 5787 2798 5842 Η.

2974 5721 3015 5748 ⁸⁷
3052 5721 3222 5774 Εςηά.
3255 5738 3364 5784 xix,
3403 5723 3489 5777 i2,

2879 5789 2918 5818 "'
2954 5788 3084 5845 Gen.
3116 5808 3175 5855 ll,
3222 5793 3298 5843 l7.
