4010 6490
638 472 741 536 507

1911 438 2140 534 nosts
2176 470 2328 531 san
2368 470 2612 535 caput
3762 478 3840 541 sos

640 586 917 655 inquiunt,
964 587 1222 659 imposuit
1251 587 1391 644 Deus
1418 587 1626 643 Adznuo
1660 586 1855 657 legem,
1883 600 2046 655 quam
2078 597 2211 655 ιιι-κο
2243 584 2290 642 Δ
2318 581 2407 637 illa
2433 584 2632 640 arbore
2658 589 2825 650 esset,
2868 584 2921 640 in
2956 585 3171 661 animas
3210 603 3399 644 eorum
3431 590 3523 660 qui
3565 589 3653 645 illo
3679 592 3846 648 aleren-

641 678 847 734 sciebat
894 680 1073 749 ipsum
1129 695 1237 736 non
1293 696 1416 737 esse
1466 678 1918 735 observaturum?
1965 677 2216 733 Proiecto

643 767 747 823 nisi
786 767 871 821 lex
917 767 991 823 illi
1036 768 1227 824 fuisset
1270 771 1416 834 data,
1455 768 1508 823 in
1554 767 1729 823 multo
1785 766 1964 836 majus
2010 764 2214 819 malum

649 860 957 924 incidisset,
989 875 1155 930 quam
1201 861 1391 917 incidit
1412 861 1580 916 Satan
1614 875 1630 914 :
1660 859 1959 930 praesertim
2000 873 2123 913 cum
2160 856 2214 911 in

644 963 755 1004 tam
802 951 967 1021 regali
1004 962 1314 1008 versaretur
1350 953 1571 1023 palatio,
1604 953 1723 1021 ipso
1758 950 2007 1021 paradiso
2040 949 2219 1004 omni-

642 1040 748 1095 bus
780 1040 992 1096 deliciis
1022 1040 1294 1108 aﬂluente,
1338 1042 1600 1112 imperata
1638 1051 1721 1096 est
1753 1055 1883 1111 ergo
1914 1041 1986 1094 illi
2021 1040 2102 1095 lex
2128 1039 2217 1094 cui

647 1148 753 1185 non
780 1146 899 1193 erat
925 1114 1417 1202 obsecundaturus,
1451 1149 1520 1189 ne
1550 1135 1602 1188 in
1630 1133 1809 1203 majus
1846 1132 2052 1187 malum
2086 1146 2219 1201 pro-

644 1225 945 1291 laberetur,
968 1242 1129 1297 quam
1153 1226 1278 1282 data
1304 1226 1419 1298 lege
1451 1226 1578 1281 ruit.
1617 1225 1755 1280 Sunt
1778 1238 1907 1278 vero
1927 1223 2048 1279 alia:
2067 1237 2220 1280 com-

645 1318 828 1387 plures
890 1323 1127 1378 rationes
1176 1320 1595 1391 praescribendze
1652 1320 1799 1374 illius
1849 1320 1983 1391 legis
2013 1336 2027 1372 :
2056 1332 2217 1389 quas,

643 1413 861 1467 volente
895 1413 1022 1476 Deo.
1051 1422 1177 1486 post
1208 1428 1399 1470 sumus
1420 1412 1761 1484 explicaturi.
2136 1462 2139 1465 Α

718 1505 914 1560 Verum
950 1507 1231 1562 enimvero
1284 1514 1495 1576 quarat
1530 1560 1533 1562 ,
1570 1504 1805 1575 aliquis,
1874 1521 1973 1560 cur
2026 1503 2220 1560 Adami

643 1607 927 1667 peccatum
958 1600 1102 1668 quod
1134 1598 1352 1669 quidem
1384 1612 1492 1652 non
1523 1597 1810 1652 videbatur
1836 1597 2221 1669 gravissimum

645 1688 943 1745 durissima
988 1690 1067 1745 sit
1119 1704 1280 1759 pana
1348 1698 1666 1753 consecuta,
1703 1689 1816 1759 ipsa
1862 1703 2033 1744 mors.
2085 1686 2224 1744 Huic

642 1778 823 1849 primo
863 1778 1278 1849 respondemus,
1322 1778 1494 1849 magis
1543 1778 1696 1833 illum
1742 1779 2026 1834 admisisse
2072 1777 2226 1849 ﬂagi-

644 1870 803 1935 tium,
852 1887 1015 1942 quam
1060 1872 1391 1943 pependisse
1442 1886 1656 1942 poenam
1695 1870 2030 1942 :multiplici
2076 1870 2221 1927 enim

2321 686 2432 741 tur,
2461 678 2570 733 vim
2591 679 2885 749 quamdam
2923 680 3331 755 elllcaciamque
3361 686 3547 742 indere
3572 687 3803 755 divinam,
3824 706 3846 745 a

2320 769 2533 825 caeteris
2579 770 2775 826 animae
2811 772 3020 830 viribus
3057 775 3366 841 diversam;
3412 779 3556 833 sicut
3609 784 3773 836 carnis
3802 798 3849 838 ac

2320 862 2433 918 vini
2461 862 2565 918 alia
2596 872 2681 919 est
2720 863 2774 919 itt
2800 864 3041 921 humano
3071 868 3611 939 corpore'elﬁcirntia
3640 912 3653 935 ,
3682 873 3772 926 alia
3791 874 3851 927 le-

2322 955 2606 1027 guminum
2638 973 2653 1011 :
2680 957 2887 1027 quaevis
2934 958 3120 1015 divina
3170 961 3573 1033 eﬂicacitasque
3616 964 3797 1018 bonum
3830 981 3853 1021 a

2322 1049 2468 1103 malo
2492 1058 2761 1105 secernat.
2791 1049 2992 1107 Eadem
3024 1052 3190 1123 igitur
3211 1054 3373 1109 etiam
3403 1055 3613 1111 ratione
3643 1058 3855 1111 arborem

2320 1140 2447 1197 vita:
2480 1151 2753 1209 vocatam,
2778 1145 2903 1214 quia
2931 1146 3095 1199 vitam
3128 1146 3489 1223 immortalem
3529 1150 3861 1219 suppeditaret

2322 1232 2391 1291 iis
2424 1234 2517 1303 qui
2555 1248 2623 1290 ex
2672 1236 2786 1303 ipsa
2836 1234 3019 1289 cibum
3060 1238 3565 1308 nutrimentumque
3606 1247 3860 1308 raperent;

2324 1325 2485 1396 idque
2520 1324 2703 1379 divina
2747 1326 3003 1395 quapiam
3042 1326 3349 1382 elllcientia.
3381 1326 3534 1384 llanc
3574 1331 3861 1385 sententiam

2325 1416 2504 1475 ﬁrmat
2541 1415 2838 1489 Numysius
2869 1418 3229 1489 philosOplms
3272 1417 3620 1476 Christianus
3647 1421 3723 1477 sic
3752 1424 3865 1476 scri-

2326 1507 2462 1562 bens
2496 1526 2511 1563 :
2548 1506 2631 1562 Et:
2674 1508 2842 1561 Adam
2875 1510 3050 1563 evasi!
3083 1510 3258 1579 qualis
3287 1526 3422 1564 unus
3451 1528 3479 1565 e
3529 1511 3678 1565 nobis
3703 1513 3766 1565 ad
3796 1529 3866 1566 eo-
3928 1506 3929 1509 “

2323 1598 2673 1670 gnoscendum
2720 1600 2913 1654 bonum
2963 1610 3013 1654 et
3048 1601 3284 1665 malum;
3323 1617 3383 1656 ne
3447 1602 3616 1673 igitur
3656 1602 3868 1658 extendat

2324 1706 2545 1746 manum
2578 1708 2732 1745 suam
2758 1700 2808 1745 et
2844 1700 3021 1746 sumat
3048 1693 3112 1746 de
3137 1692 3323 1748 arbore
3350 1695 3496 1756 vitm,
3529 1702 3865 1764 retentaque,

2324 1790 2374 1835 et
2404 1782 2541 1835 vivat
2558 1793 2803 1849 perpetuo
2821 1779 2888 1835 ⁸⁸.
2904 1779 3022 1836 Non
3043 1781 3160 1837 bare
3179 1782 3393 1838 dicebat
3428 1781 3571 1839 Deus
3601 1797 3692 1853 per
3714 1783 3868 1839 odium

2329 1879 2493 1943 atque
2537 1872 2824 1936 invidiam,
2868 1872 2963 1927 sed
3012 1874 3143 1941 quia
3190 1869 3446 1945 indignus
3474 1870 3622 1930 esset
3661 1874 3871 1930 Adams

643 1941 913 2020 noxarum
940 1941 1149 2036 genere
1184 1965 1411 2021 rebellio
1446 1941 1542 2019 illa
1569 1964 1877 2027 constabat,
1909 1941 2224 2029 inscientia,
2260 1941 2300 1995 Β
2331 1941 2422 2033 qui
2456 1963 2618 2018 vitam
2652 1966 3039 2033 sempiternam
3072 1941 3516 2035 consequeretur,
3547 1964 3744 2034 quippe
3768 1978 3873 2020 eoa-

643 2072 849 2123 errore,
878 2057 1160 2127 superbia,
1200 2056 1604 2120 incredulitate,
1644 2055 1941 2117 calumnia,
1976 2065 2226 2110 contem-

642 2158 737 2217 ptu
778 2148 1037 2218 denique.
1093 2146 1384 2204 lnscientia
1431 2148 1703 2218 quidem,
1755 2146 1881 2216 quia
1944 2146 2221 2216 iumentis,

645 2240 947 2309 bestiisque
976 2239 1176 2296 similis
1212 2240 1407 2306 evasit,
1439 2241 1540 2311 qui
1570 2240 1778 2309 alioqui
1819 2239 2086 2310 sapientia
2139 2248 2227 2293 at-

643 2346 751 2400 que
788 2331 1002 2386 ratione
1054 2330 1308 2401 pollebat.
1350 2330 1547 2387 Errore
1576 2346 1727 2393 vero,
1754 2330 1952 2401 quippe
1980 2328 2228 2385 insidiosi

644 2421 964 2492 impostoris
1002 2421 1087 2476 sui
1119 2422 1303 2478 verbis
1354 2422 1615 2478 seductus
1644 2430 1747 2479 est.
1787 2422 2054 2493 Superbia
2083 2435 2226 2492 quo-

646 2530 777 2583 que,
816 2530 940 2570 nam
968 2514 1314 2570 divinitatem
1344 2514 1651 2571 aﬂectabat.
1682 2513 1908 2586 insuper
1936 2513 2232 2569 increduli-

642 2615 773 2673 tate,
808 2620 919 2661 non
950 2606 1217 2662 credebat
1234 2607 1380 2663 enim
1412 2616 1676 2662 eventura
1707 2622 1771 2662 ea
1805 2623 1927 2678 qua:
1962 2607 2066 2662 sibi
2095 2622 2231 2663 suus

642 2689 895 2754 conditor
918 2698 1205 2763 Deus_erat
1224 2698 1629 2755 interminatus.
1649 2698 1948 2754 Calumniis
1971 2698 2229 2769 denique,

645 2800 701 2844 ut
734 2790 931 2860 quibus
963 2790 1054 2846 ille
1084 2806 1246 2847 suum
1291 2800 1376 2847 est
1423 2792 1731 2847 insectatus
1770 2799 2075 2862 parentem.
2124 2791 2230 2847 Po-

643 2893 852 2938 stremo
906 2884 1070 2937 etiam
1150 2893 1509 2954 contemptu;
1573 2899 1698 2938 nam
1747 2883 2067 2953 imperatam
2124 2884 2230 2939 sibi

646 2976 819 3043 legem
851 2974 1157 3045 vilipendit,
1189 2977 1413 3045 sprevit,
1443 2976 1699 3045 neglexit.
1724 2975 1907 3046 Neque
1935 2976 2079 3031 enim
2113 2991 2232 3032 sce-

645 3068 778 3123 leris
804 3067 951 3123 illius
977 3067 1386 3123 existimatione
1416 3068 1746 3135 spectandus
1776 3076 1859 3122 est
1879 3068 2037 3122 cibus
2066 3082 2229 3137 quem

645 3162 903 3230 sumpsit,
937 3160 1031 3216 sed
1062 3161 1204 3230 quod
1231 3170 1417 3231 spreto
1445 3176 1548 3217 suo
1584 3160 1841 3217 etl'ectore
1888 3159 2024 3226 Deo,
2052 3161 2217 3231 hujus

2332 2066 2414 2112 tra
2447 2072 2606 2127 quem
2647 2056 2758 2127 iam
2792 2064 2917 2111 ante
2950 2057 3057 2110 lata
3101 2056 3279 2112 fuerat
3304 2058 3600 2115 sententia
3632 2076 3645 2112 :
3686 2055 3750 2111 In
3774 2056 3874 2127 pai-

2328 2165 2501 2205 verem
2528 2149 2797 2205 reverteris
2821 2149 2888 2206 ⁸⁸.
2909 2149 3151 2209 Semovit
3191 2150 3372 2220 itaque
3421 2149 3574 2204 illum
3603 2151 3672 2205 ab
3708 2142 3876 2205 arbore

2330 2240 2475 2306 vitze,
2513 2255 2581 2296 ne
2612 2240 2679 2296 de
2718 2240 2808 2295 illa
2845 2239 3027 2295 cibum
3068 2250 3321 2296 sumeret
3351 2259 3366 2298 :
3393 2242 3485 2313 qui
3528 2244 3685 2297 cibus
3722 2241 3877 2297 divino
3942 2230 3977 2313 ΙῘ

2332 2335 2555 2389 decreto
2603 2333 2677 2388 illi
2727 2342 2874 2391 esset
2904 2334 3191 2390 adversus.
3216 2318 3341 2389 [lare
3388 2333 3478 2389 ille
3525 2333 3874 2405 philosophus.

2333 2426 2533 2496 quibus
2560 2426 2694 2482 satis
2723 2426 2902 2482 innuit
2941 2426 3260 2482 existimare
3290 2440 3371 2491 se,
3423 2414 3698 2497 ejusmodi
3742 2424 3879 2481 luisse

2332 2533 2453 2572 eam
2474 2518 2730 2580 arborem
2752 2528 2812 2574 ut
2836 2518 3002 2573 vitam
3025 2518 3180 2599 daret
3200 2518 3268 2574 iis
3287 2517 3377 2589 qui
3410 2518 3589 2589 ipsam
3610 2528 3876 2601 gustarem.

2333 2608 2599 2664 Dominus
2622 2622 2752 2662 vero
2784 2605 3025 2663 Jacobus
3058 2604 3409 2678 Sarugensis,
3436 2608 3689 2664 oratione
3720 2624 3807 2662 sua
3828 2607 3881 2662 de
3946 2604 3973 2678 |

2331 2700 2506 2770 eiecto
2544 2699 2756 2755 Adamo
2772 2713 2839 2753 ex
2868 2699 3142 2769 paradiso,
3163 2700 3294 2754 dicit
3336 2699 3450 2754 lleri
3477 2714 3642 2769 posse
3667 2709 3726 2754 ut
3751 2699 3881 2755 arbor

2336 2792 2428 2847 illa
2462 2792 2629 2847 vitam
2656 2792 2890 2849 allatura
2919 2791 3087 2847 fuerit
3120 2791 3489 2846 immortalem
3531 2790 3743 2846 Adamo
3765 2792 3807 2845 si
3833 2790 3883 2843 de
3938 2790 3981 2859 [ξ

2333 2899 2396 2939 ea
2427 2884 2648 2945 edisset.
2699 2893 2985 2955 propterea
3024 2884 3170 2954 quod
3238 2882 3565 2953 mysterium
3616 2882 3881 2938 Christi-tn

2334 2978 2424 3033 illa
2453 2978 2664 3040 lateret.
2706 2992 2771 3032 ac
2812 2976 3041 3047 proinde
3080 2976 3296 3032 occulta
3340 2974 3578 3044 quadam
3625 2972 3882 3029 efﬁcientia
3928 2972 3981 3047 Ι]

2330 3070 2509 3140 ipsius
2562 3069 2774 3125 fructus
2823 3067 3073 3137 ramique
3125 3066 3439 3137 pollerent,
3484 3080 3611 3122 cum
3666 3065 3879 3122 Christu

2335 3163 2453 3232 ipse
2480 3170 2673 3233 suapte
2701 3171 2895 3215 natura
2920 3160 3026 3215 vita
3066 3157 3157 3222 sit,
3180 3172 3244 3213 ac
3280 3158 3592 3228 ubicunque
3643 3158 3734 3213 ille
3764 3158 3887 3213 adest

641 3252 799 3322 jussa
831 3252 1084 3307 violarit:
1106 3262 1296 3308 contra
1320 3268 1452 3307 vero
1478 3252 1723 3307 insidiosi
1752 3251 1928 3308 hostis
1959 3251 2043 3308 sui
2065 3254 2231 3309 verba
2257 3291 2303 3350 ϐ
2339 3254 2392 3308 in
2426 3254 2751 3324 propinquo,
2787 3252 2939 3307 illinc
2969 3252 3126 3322 longe
3153 3250 3294 3305 absit
3327 3264 3499 3305 mors.
3528 3247 3596 3303 Et
3616 3265 3749 3305 vero
3778 3251 3888 3303 banc

623 3346 837 3415 ιιιηιιί
870 3344 1101 3411 fecerit;
1139 3346 1191 3401 id
1224 3362 1356 3401 vero
1380 3347 1434 3401 in
1471 3348 1737 3401 rationem
1770 3348 2076 3411 vocandum
2125 3357 2232 3414 est,

646 3438 773 3493 inde
789 3436 1074 3507 ﬂagitium.
1098 3437 1233 3494 Illud
1258 3454 1513 3511 magnum
1540 3439 1642 3496 fuit
1658 3451 1713 3497 et
1730 3443 2050 3512 gravissima
2075 3457 2235 3515 pmna

646 3529 908 3602 piandum
945 3545 1053 3586 non
1086 3529 1142 3586 in
1173 3531 1302 3586 Adae
1331 3540 1495 3603 caput
1544 3528 1757 3599 solum,
1791 3534 1887 3590 sed
1927 3535 1981 3590 in
2011 3550 2232 3591 omnem

649 3639 880 3693 prorsus
919 3624 1297 3693 posteritatem
1333 3634 1647 3695 propagata.
1668 3624 1828 3682 Sicut
1860 3637 1914 3682 et
1935 3625 2107 3693 Esau,
2137 3626 2233 3698 qui

649 3718 732 3785 (ut
762 3717 838 3771 ait
872 3716 1171 3787 Apostolus
1194 3717 1268 3786 "l
1307 3734 1409 3771 non
1444 3718 1638 3772 invenit
1673 3717 1848 3773 locum
1868 3720 2232 3790 peniten‘tic;

651 3825 759 3865 non
791 3825 947 3876 sane,
977 3808 1107 3879 quia
1156 3824 1281 3864 rem
1315 3806 1628 3880 quampiam
1678 3810 1997 3866 inusitatam
2046 3827 2235 3867 come-

649 3903 823 3959 disset
870 3903 1065 3974 (lentes
1109 3902 1255 3957 enim
1307 3903 1469 3957 modo
1497 3902 1732 3970 ederat),
1761 3905 1853 3959 sed
1896 3905 2041 3975 quod
2088 3895 2234 3960 esset

651 4012 768 4052 sua:
814 3996 1226 4052 obsecundatus
1271 3996 1580 4067 cupiditati,
1626 4005 2019 4068 auctoremque
2067 4013 2230 4053 suum

652 4089 821 4145 Deum
856 4088 1301 4160 contempsisset.

1240 4178 1472 4237 CAPUT
1509 4178 1631 4237 XX.

726 4276 857 4340 Qua:
885 4276 1049 4345 fuerit
1101 4276 1263 4329 arbor
1292 4275 1389 4328 illa
1432 4275 1554 4329 vitae
1584 4276 1635 4329 in
1672 4275 1843 4329 medio
1884 4275 2138 4345 paradiso
2184 4280 2235 4327 et

652 4386 750 4423 ear
771 4370 892 4422 vita:
918 4370 1079 4422 arbor
1102 4369 1172 4423 sit
1206 4378 1411 4423 vocata.
1442 4368 1718 4439 Scriptum
1747 4380 1828 4423 est
1868 4370 1919 4421 in
1965 4370 2103 4424 libro
2129 4366 2235 4423 Ge-

653 4479 849 4517 neseos
880 4479 895 4515 :
925 4466 994 4516 Et
1028 4471 1396 4529 procreaverat
1430 4462 1685 4516 Dominus
1718 4461 1857 4515 Deus
1884 4477 1913 4515 e
1955 4470 2095 4515 terra
2125 4477 2239 4515 om-

653 4574 769 4611 nem
802 4558 1042 4609 arborem
1064 4558 1174 4609 visu
1198 4554 1559 4624 appetibilem,
1579 4567 1627 4609 et
1664 4556 1715 4608 in
1740 4548 2235 4623 cibnm‘pulchram;

2336 3346 2667 3403 sententiam
2717 3345 2793 3399 ait
2857 3344 3196 3399 Philoxenus
3248 3341 3594 3412 Mabugensls
3659 3358 3720 3397 se
3772 3341 3888 3397 nolle
3948 3354 3949 3397 3

2338 3435 2681 3507 Oppugnare,
2712 3449 2838 3491 cum
2869 3432 3057 3489 credat
3086 3432 3198 3488 Deo
3226 3432 3407 3488 omnia
3437 3446 3561 3487 esse
3595 3430 3743 3487 iactu
3776 3431 3890 3486 iaci-

2336 3531 2431 3588 lia.
2466 3530 2735 3586 Caeterum
2767 3527 2858 3584 alii
2889 3528 3162 3594 doctores,
3202 3541 3343 3598 quos
3389 3541 3489 3581 nos
3538 3526 3795 3582 libentius
3821 3540 3891 3579 se-

2337 3624 2585 3696 quimur,
2617 3620 2793 3686 aiunt,
2824 3620 2968 3676 haud
3004 3619 3123 3687 ideo
3155 3619 3304 3689 quod
3339 3619 3525 3677 vitam.
3558 3618 3679 3689 ipsa
3736 3615 3893 3673 conci-

2337 3718 2495 3773 liaret
2521 3713 2892 3779 vescentibus,
2920 3719 3164 3768 vocatam
3194 3725 3317 3766 esse
3349 3710 3468 3766 vita:
3486 3711 3739 3765 arborem
3767 3709 3895 3781 (per-
3952 3709 3981 3781 If

2338 3809 2465 3866 inde
2511 3808 2657 3864 enim
2692 3793 2845 3862 rudis
2876 3818 2940 3866 ac
2970 3803 3122 3860 stulti
3176 3802 3375 3875 ingenii
3414 3816 3561 3868 esse,
3607 3801 3897 3857 existimare

2338 3902 2590 3958 arborem
2643 3897 2808 3953 ullam
2847 3896 2979 3953 boni
3032 3895 3272 3965 malique
3322 3895 3687 3965 cognitionem
3734 3889 3895 3961 largiri

2336 4006 2497 4064 posse
2534 3990 2600 4046 iis
2636 4004 2667 4043 a
2705 3987 2906 4058 quibus
2938 3986 3191 4042 ederetur
3217 4004 3232 4040 :
3263 3993 3318 4040 et
3352 4000 3473 4039 esse
3500 3985 3785 4047 arborem,
3808 3995 3896 4051 qua

2337 4085 2382 4140 si
2414 4097 2664 4147 vescare,
2688 4079 2893 4137 evadas
2916 4076 3293 4147 immortalis).
3327 4076 3421 4133 sed
3462 4076 3533 4131 ob
3580 4076 3657 4142 id,
3703 4076 3805 4130 boc
3834 4072 3900 4127 illi
3948 4070 3949 4075 “

2339 4190 2539 4231 nomen
2572 4189 2603 4228 a
2638 4172 2747 4228 Deo
2777 4170 2963 4227 datum
2994 4182 3138 4233 esse,
3175 4182 3287 4238 quo
3336 4166 3583 4223 Adamus
3614 4167 3680 4220 ad
3717 4178 3901 4237 parea-
3956 4168 3957 4203 ὲ

2337 4269 2468 4324 dum
2522 4264 2848 4336 prascriptz
2914 4261 3021 4316 sibi
3077 4260 3179 4331 legi
3224 4259 3580 4340 animaretur.
3617 4257 3748 4312 Nam
3791 4270 3897 4310 cum

2338 4362 2510 4417 soleat
2538 4358 2740 4429 qumvis
2768 4355 2853 4411 lex
2882 4353 3094 4409 duabus
3132 4353 3244 4407 fere
3276 4351 3477 4407 muniri
3504 4352 3688 4414 rebus,
3746 4362 3899 4419 preme
3952 4408 3957 4411 _

2341 4455 2556 4509 scilicet
2618 4448 3067 4511 denuntiatione,
3120 4455 3173 4500 et
3229 4444 3439 4514 prcmii
3503 4443 3896 4513 pollicitatione,

2339 4523 2570 4616 quarum
2611 4542 2701 4596 illa
2751 4536 3247 4610 praevaricationem
3270 4576 3286 4599 ,
3322 4535 3436 4589 hac
3475 4534 3889 4589 observationem

652 4650 821 4718 ipsam
864 4651 1024 4702 etiam
1070 4648 1307 4701 arborem
1336 4649 1452 4701 vitae
1481 4648 1535 4700 in
1563 4649 1730 4701 medio
1763 4637 2039 4715 paradiso,
2072 4657 2122 4701 et
2149 4664 2230 4700 ar-

2334 4622 2628 4690 Icomitetur
2674 4630 3045 4703 (nequeenim
3093 4628 3276 4682 minus
3312 4625 3495 4680 deberi
3523 4625 3735 4681 videtur
3782 4636 3901 4691 pra:-

650 4744 830 4796 borem
856 4743 1089 4795 scientia:
1130 4742 1253 4793 boni
1277 4752 1324 4794 et
1357 4740 1569 4802 mali",
1598 4750 1705 4794 ctc.
1738 4738 1810 4793 De
1848 4738 2044 4797 arbore
2065 4740 2242 4794 scicn-

654 4834 744 4886 tiae
780 4831 906 4883 boni
936 4840 985 4882 et
1026 4829 1152 4881 muli
1185 4830 1324 4882 satis
1353 4843 1384 4882 a
1420 4828 1577 4881 nobis
1618 4827 1731 4897 jam
1756 4825 1961 4881 dictum
2003 4834 2105 4893 est,
2151 4842 2243 4882 su-

658 4933 839 4995 perest
894 4924 1062 4993 igitur
1094 4932 1153 4975 ut
1183 4922 1250 4976 de
1278 4922 1477 4975 arbore
1519 4920 1642 4974 vitae
1684 4936 1830 4974 nunc
1881 4922 2239 4987 disseramus,

658 5022 726 5071 de
758 5020 860 5086 qua
888 5018 999 5072 duo
1031 5018 1146 5070 liaac
1185 5015 1411 5069 veniunt
1441 5012 1792 5083 disquirenda
1828 5030 1842 5067 :
1871 5030 1968 5067 cur
1998 5015 2122 5068 vitae
2154 5029 2244 5067 ar-

656 5109 758 5162 bor
789 5117 1033 5174 vocatur,
1067 5116 1121 5161 et
1152 5106 1455 5176 cujnsmodi
1490 5108 1653 5157 arbor
1680 5103 1797 5172 ipsa
1827 5104 1918 5158 sit.
1963 5105 2101 5157 Sunt
2147 5119 2244 5158 au-

662 5214 770 5256 tem
808 5202 898 5271 qui
929 5201 1049 5255 ideo
1080 5201 1203 5253 vita:
1229 5201 1478 5254 arborem
1515 5198 1838 5267 appellatam
1877 5206 2065 5269 putent
2096 5196 2241 5266 quod

659 5315 723 5351 ea
758 5304 902 5351 esset
939 5296 1108 5365 ipsius
1137 5296 1378 5350 conditio
1410 5304 1579 5364 atque
1618 5306 1811 5350 natura
1842 5303 1901 5347 ut
1937 5293 2102 5345 vitam
2144 5292 2246 5343 im-

663 5391 949 5445 mortalem
990 5391 1057 5443 iis
1087 5389 1403 5443 conciliaret
1440 5391 1529 5460 qui
1577 5405 1633 5443 se
1666 5398 2045 5450 vescerentur;
2095 5385 2243 5438 enim

665 5500 793 5540 vero
820 5487 871 5539 lii
904 5487 1157 5540 arborem
1196 5484 1437 5538 scientia:
1464 5484 1587 5536 boni
1623 5491 1676 5536 ct
1703 5481 1851 5544 mali,
1884 5479 1997 5549 pari
2026 5492 2245 5547 quoque

664 5576 875 5631 ratione
899 5577 1097 5631 dictam
1132 5576 1343 5641 volunt,
1374 5575 1500 5645 quia
1548 5575 1918 5645 cognitionem
1949 5572 2076 5625 boni
2133 5587 2247 5623 ma-

664 5674 812 5741 lique
843 5672 911 5724 iis
943 5680 1153 5740 pareret
1185 5670 1278 5740 qui
1328 5670 1499 5739 ipsam
1551 5668 1793 5734 ederent,
1835 5668 2128 5734 cibumque
2179 5680 2245 5716 ex

660 5785 724 5822 ea
762 5774 1051 5837 caperent;
1114 5779 1234 5817 nam
1290 5766 1496 5830 Deum,
1536 5779 1630 5834 per
1658 5778 1782 5816 cum
1826 5762 2006 5815 cibum
2048 5759 2142 5829 qui
2180 5772 2243 5811 ex

2342 4730 2511 4782 mium
2543 4728 2608 4781 iis
2637 4725 2728 4795 qui
2761 4726 3139 4791 obtemperant
3165 4760 3179 4785 ,
3206 4734 3369 4789 quam
3420 4717 3589 4772 multa
3621 4720 3685 4772 iis
3709 4716 3798 4785 qui
3828 4730 3900 4767 re-

2344 4818 2566 4889 bellant)
2602 4818 2819 4885 lataque
2849 4830 2879 4867 a
2922 4812 3034 4867 Deo
3079 4813 3163 4867 lex
3205 4819 3369 4875 esset,
3424 4826 3490 4864 ne
3534 4811 3700 4863 Adam
3751 4808 3816 4860 de
3849 4820 3900 4858 ea

2344 4914 2539 4967 arbore
2567 4926 2689 4980 qua:
2719 4907 2960 4963 scientiae
3004 4905 3129 4958 boni
3164 4913 3217 4959 et
3244 4903 3370 4957 mali
3402 4902 3707 4971 dicebatur,
3736 4910 3902 4969 gusta-

2344 5014 2447 5072 ret,
2494 5012 2547 5058 et
2601 4998 2975 5072 prmvaricanti
3024 5013 3180 5067 pmna
3227 4996 3513 5065 prostituta
3559 4988 3673 5063 ipsa
3718 5005 3899 5045 mors:

2347 5099 2465 5164 Qua
2492 5099 2629 5151 enim
2667 5095 2771 5157 die,
2802 5091 2994 5163 inquit,
3036 5091 3099 5144 de
3134 5088 3230 5143 illa
3256 5088 3451 5148 ederis,
3482 5095 3695 5140 mortem
3730 5082 3903 5141 abibis;

2346 5192 2615 5259 reliquum
2677 5194 2834 5249 erat,
2892 5196 2951 5238 ut
2995 5182 3271 5253 praemium
3318 5177 3479 5233 etiam
3525 5177 3901 5249 promitteretur

2346 5281 2661 5339 observanti
2711 5280 2903 5348 legem.
2940 5279 3127 5343 Itaque
3166 5272 3309 5326 Deus
3337 5270 3773 5325 'comrnonstrata
3813 5264 3902 5317 alia

2348 5380 2542 5444 arbore
2574 5392 2694 5445 qua:
2730 5373 2783 5425 in
2818 5368 3121 5425 meditullio
3153 5365 3385 5435 paradisi
3437 5372 3575 5426 sata,
3612 5374 3797 5430 magno
3822 5373 3901 5445 exf

2349 5474 2528 5527 stabat
2567 5444 2799 5535 insignis
2828 5466 3041 5523 decore,
3078 5458 3199 5512 vita:
3252 5470 3369 5511 eam
3407 5452 3713 5525 appellavit,
3758 5444 3901 5517 quasi

2348 5565 2600 5617 diceret:
2637 5560 2693 5613 Si
2744 5559 2811 5613 ab
2872 5556 2962 5609 illa
3016 5555 3210 5606 arbore
3266 5548 3510 5605 scientia:
3541 5546 3663 5599 boni
3708 5551 3759 5597 et
3794 5536 3902 5592 mali

2352 5669 2403 5712 te
2470 5654 2832 5717 continueris,
2878 5649 3086 5720 legique
3134 5662 3265 5701 mea:
3314 5635 3783 5710 obtemperaveris,
3845 5645 3901 5682 eu

2355 5752 2451 5808 tibi
2495 5753 2745 5804 arborem
2793 5747 2912 5801 vim
2944 5742 3009 5800 de
3038 5759 3143 5813 qua
3177 5741 3327 5803 edes,
3363 5736 3619 5805 vivcsque
3648 5731 3699 5785 in
3732 5738 3877 5797 [κεῖρε

736 5953 779 5983 ⁵⁸
811 5952 976 6010 licbr.
1030 5965 1125 6015 att,
1168 5948 1247 6001 l7.
1326 5947 1524 6003 "chi
1561 5963 1622 6014 tt,
1647 5947 1701 6002 9.
1779 5946 1820 5977 "‘
1851 5945 1984 6000 Gen.
2030 5958 2109 6006 ιιι,
2142 5942 2231 5995 “1:2.
2309 5939 2354 5969 ³³
2389 5936 2519 5993 ibid.
2562 5934 2639 5989 l'J.

3979 904 3981 937 1

3980 1466 3981 1497 1

3980 1558 3981 1589 1

3980 1650 3981 1683 1

3979 1744 3981 1780 1

3976 1928 3981 1962 1

3979 2018 3981 2053 1

3979 2110 3981 2143 |

3974 2198 3981 2233 1

3972 2294 3982 2329 1

3972 2388 3982 2420 3

3970 2480 3982 2515 il

3970 2574 3981 2603 ,1

3970 2666 3981 2699 ’1

3974 3224 3981 3260 1

3948 3312 3981 3377 γι

3976 3410 3981 3449 ι

3979 3494 3981 3543 1

3979 3584 3981 3635 1

3980 3694 3981 3730 1

3979 3770 3981 3822 1

3979 3970 3981 3997 1
