4176 6446
245 434 339 501 509

1362 444 1461 503 DE
1504 440 1904 503 PAIlADlSO.
1948 467 2020 477 -
2055 442 2249 502 PARS
2290 441 2341 504 ῐ.

3384 437 3502 500 510

242 564 402 607 tuom.
441 551 545 609 Pro
579 553 916 609 cohortando
955 553 1118 624 igitur
1171 555 1379 610 Adamn
1407 556 1471 610 ad
1503 555 1805 626 obsequen-
1837 563 1877 619 Α
1913 554 2158 620 duraret,
2206 555 2308 609 hac
2357 559 2573 624 gustata
2631 550 2887 608 evaderet
2931 551 3299 606 immortalis?
3334 550 3502 619 Igitur

237 645 357 701 dum
409 648 536 716 legi,
598 658 790 702 vocata
833 650 942 701 est'
973 649 1132 702 arbor
1197 649 1286 703 illa
1339 650 1464 703 vita:
1513 650 1695 713 arbor,
1757 661 1815 704 ut

237 751 491 808 quantum
522 742 712 795 mortis
755 740 972 794 nomine
1009 757 1037 795 a
1067 742 1378 796 rebellando
1399 743 1768 796 deterreretur
1796 783 1809 806 ,

241 839 446 884 tantum
483 825 604 882 vitie
635 829 900 884 vocabulo
941 831 1006 884 ad
1059 831 1358 900 parendum
1415 829 1810 897 impelleretur;

245 938 415 992 eaque
457 924 628 992 gratia
677 925 955 992 praemium
1012 940 1230 994 quoque
1273 924 1427 994 plane
1478 939 1544 976 ex
1587 923 1813 975 adverso

236 1031 406 1086 preme
448 1017 824 1087 responderet,
858 1029 912 1072 et
946 1018 1052 1095 vita
1100 1018 1281 1072 morti.
1312 1016 1458 1070 llanc
1491 1015 1810 1071 sententiam

230 1109 419 1180 probat
448 1110 612 1164 etiam
646 1112 802 1164 divus
849 1114 1102 1172 Severus,
1134 1114 1378 1165 oratione
1435 1112 1523 1174 53,
1577 1111 1639 1162 de
1694 1107 1812 1178 epi-

232 1202 472 1268 tbronio,
509 1205 599 1258 ubi
628 1204 694 1258 de
728 1218 890 1258 cruce
938 1204 1136 1260 Christi
1192 1205 1418 1273 loquens
1472 1205 1545 1257 ait
1581 1219 1594 1254 :
1631 1202 1811 1255 Altera

229 1311 356 1348 vero
387 1296 481 1348 illa
507 1296 650 1362 (vitae
676 1295 924 1347 arborem
960 1294 1103 1363 dico)
1141 1295 1366 1364 gleriam
1405 1293 1532 1346 Atla:
1570 1290 1810 1359 paritura

226 1395 360 1449 erat,
396 1388 506 1442 nisi
577 1387 664 1440 ille
729 1386 1093 1454 intempestivi
1139 1387 1395 1455 cupidine
1466 1384 1570 1438 eihi
1612 1383 1806 1446 victus,

231 1495 334 1532 non
373 1479 650 1549 paruisset
688 1479 887 1534 edicto.
917 1488 1022 1534 etc.
1061 1479 1128 1532 At
1161 1479 1303 1531 enim
1355 1487 1557 1547 quzrret
1589 1476 1807 1544 aliquis,

229 1585 325 1625 cur
362 1586 476 1624 non
515 1573 697 1640 potius
727 1586 975 1641 regnum,
1013 1581 1105 1624 aut
1143 1571 1452 1640 incorrupta
1499 1567 1810 1622 immutabi-

227 1663 404 1733 lisque
435 1665 680 1721 conditio
731 1666 852 1719 vitae
879 1666 1141 1736 promissa
1174 1665 1244 1720 sit
1267 1665 1416 1728 Adae,
1442 1663 1485 1718 si
1525 1661 1663 1716 foret
1694 1675 1810 1713 mo-

227 1758 468 1828 rigerns.
499 1759 601 1811 Sed
638 1758 1030 1826 respondemus
1085 1774 1341 1828 capacem
1377 1756 1524 1810 illum
1563 1755 1811 1825 perfectae

227 1847 562 1918 disciplinae,
593 1848 755 1900 simul
788 1857 949 1917 atque
975 1849 1224 1902 conditus
1254 1857 1387 1912 erat,
1419 1861 1540 1901 esse
1574 1861 1680 1899 non
1716 1861 1809 1913 po-

229 1939 400 1995 tuisse
441 1939 568 2010 (Γ).
621 1937 676 1993 Si
707 1940 850 1994 enim
887 1949 1008 2009 post
1040 1941 1342 1994 universam
1397 1939 1540 1994 illam
1593 1939 1725 2009 legis
1765 1948 1816 1994 et

225 2013 618 2100 prophetarum
650 2031 976 2096 doctrinam,
1005 2029 1316 2098 Judaeorum
1352 2032 1572 2101 quidam
1600 2032 1654 2085 in
1681 2030 1818 2085 Sad-

225 2120 573 2188 ducazorum,
603 2103 911 2188 ut\vocant,
959 2133 1163 2177 sectam
1202 2123 1437 2193 prolapsi
1468 2135 1619 2189 sunt,
1667 2138 1816 2176 mor-

227 2219 572 2283 tuorumque
625 2216 1085 2270 resurrectionem
1135 2226 1188 2270 et
1233 2217 1336 2270 alia
1381 2231 1514 2271 sana
1563 2215 1814 2286 dogmata

225 2315 502 2374 negarunt
557 2323 571 2361 :
651 2318 860 2377 quanto
923 2308 1097 2379 magis
1163 2309 1585 2363 existimandum
1656 2307 1819 2362 fuerit

224 2399 525 2465 Adamum,
556 2399 608 2452 in
637 2397 757 2469 ipso
793 2402 975 2456 statim
1004 2401 1297 2456 creationis
1329 2415 1440 2455 suae
1475 2401 1812 2467 rudimento,

225 2489 550 2556 incapacem
583 2490 750 2546 fuisse
797 2491 1062 2548 absoluta:
1092 2493 1236 2548 illius
1268 2493 1530 2548 doctrinae
1553 2490 1656 2564 qua
1691 2509 1816 2562 per-

225 2583 458 2637 suaderi
520 2583 823 2653 quivisset,
873 2601 1095 2640 manere
1143 2587 1360 2656 aliquod
1393 2587 1818 2656 sublime'prteo

225 2676 397 2730 mium
455 2692 551 2733 eos
597 2678 689 2747 qui
746 2678 914 2750 Deum
981 2689 1266 2745 amarent,
1318 2691 1817 2751 przeceptorumque

228 2768 352 2836 ejus
407 2760 770 2825 observantes
822 2780 1042 2835 essent;
1105 2773 1282 2843 ipsum
1343 2787 1534 2842 nempe
1599 2774 1820 2828 cteleste

226 2862 508 2931 regnum?
576 2862 830 2919 Profecto
879 2865 1102 2942 utﬁlios
1154 2875 1371 2920 nostros
1411 2881 1547 2934 quos
1592 2865 1819 2920 tenellos

227 2954 294 3009 ad
348 2955 544 3009 ludum
594 2957 920 3010 litterarium
987 2959 1254 3012 mittimus
1303 2956 1657 3022 erudiendos,
1691 2957 1818 3027 quia

229 3047 457 3117 ingenio
495 3047 675 3103 adhuc
708 3049 828 3104 rudi
861 3058 1009 3115 sunt,
1044 3058 1098 3104 et
1129 3050 1368 3103 nondum
1403 3050 1675 3115 absoluto,
1709 3066 1816 3105 non

230 3139 619 3210 hujuscemodi
677 3143 855 3196 verbis
882 3143 1400 3212 'prosequimur:l,
1463 3142 1530 3197 da
1597 3157 1816 3212 operam

231 3233 460 3301 litteris,
507 3245 564 3288 nt
620 3235 672 3289 in
705 3239 880 3289 virum
914 3237 1231 3306 prudentem
1279 3245 1442 3307 atque
1473 3238 1731 3301 doctum,
1765 3248 1818 3292 et

230 3328 580 3399 popularium
629 3338 847 3384 tuorum
905 3334 1190 3398 primatem
1230 3331 1428 3385 evadas
1457 3349 1470 3385 :
1498 3332 1593 3385 sed
1651 3332 1816 3386 meris

230 3421 519 3478 blanditiis
555 3424 620 3477 ad
673 3423 1130 3494 frequentandum
1187 3425 1370 3479 ludum
1425 3425 1817 3494 discendasque

231 3514 450 3570 litteras
530 3516 902 3581 cohortamur,
957 3526 1010 3571 et
1085 3518 1394 3572 inducimus
1431 3535 1445 3571 :
1479 3519 1552 3571 ita
1612 3518 1818 3571 Adamn

234 3624 456 3680 quoque
517 3607 682 3674 Deus,
718 3625 909 3666 recens
941 3626 970 3664 a
997 3627 1055 3666 se
1079 3611 1321 3666 conditio
1355 3613 1525 3682 legem
1575 3612 1819 3682 prazscri-

234 3699 421 3765 bebat,
459 3715 556 3769 per
583 3716 748 3770 quam
789 3716 848 3756 se
891 3703 1125 3757 revereri
1172 3704 1432 3767 disceret,
1464 3719 1692 3773 eamque
1740 3703 1817 3757 le-

235 3807 354 3862 gem
383 3794 432 3848 si
467 3793 786 3858 transiliret,
813 3805 1041 3848 mortem
1074 3795 1326 3849 denuntia
1340 3797 1468 3850 bat:
1507 3798 1588 3851 sin
1630 3797 1818 3850 obser-

235 3894 424 3952 varet,
474 3901 869 3941 concessurum
911 3902 972 3942 se
1015 3889 1117 3958 ipsi
1160 3891 1515 3957 promittebat
1562 3889 1814 3943 arborem

235 3975 383 4041 vitae,
411 3976 483 4028 de
512 3991 617 4046 qua
647 3976 736 4029 ubi
766 3984 1060 4045 gustasset,
1087 3977 1315 4047 adeptus
1349 3975 1813 4032 immortalitatem

233 4067 486 4122 victurus
529 4077 670 4122 esset
714 4069 877 4121 vitam
921 4069 1328 4138 sempiternam.
1361 4067 1477 4123 Non
1517 4084 1649 4138 ergo
1693 4069 1815 4123 rudi

238 4163 422 4219 adhuc
451 4175 504 4218 et
532 4164 751 4218 indocili
786 4163 994 4218 homini
1023 4164 1272 4219 dicebat?
1308 4164 1542 4219 Daturus
1571 4181 1691 4219 sum
1719 4164 1812 4218 tibi

233 4255 485 4323 jussibus
535 4254 667 4308 meis
713 4256 922 4324 parenti
964 4253 1184 4308 cteleste
1229 4269 1496 4322 regnum;
1531 4253 1626 4307 sed
1656 4253 1816 4306 arbo-

237 4360 350 4398 rem
388 4344 556 4398 Veluti
591 4345 761 4413 digito
782 4345 1103 4399 ostendebat
1138 4360 1352 4399 amunia
1393 4345 1572 4412 specie
1610 4343 1817 4413 appeti-

242 4441 426 4506 bilem,
459 4441 748 4511 fructuque
783 4451 1052 4509 comptam
1091 4456 1214 4504 suo,
1279 4457 1442 4511 quam
1497 4443 1618 4495 vita:
1651 4442 1812 4492 arbo-

241 4547 353 4587 rem
395 4534 644 4598 vocabat,
675 4533 1056 4603 morigeroque
1089 4534 1162 4587 illi
1195 4533 1538 4609 promittebat
1588 4532 1703 4586 fore
1757 4539 1813 4584 ut

1917 663 1978 701 ex
2020 648 2083 702 iis
2135 663 2255 717 qua-
2293 646 2405 714 jam
2459 645 2600 700 dicta
2649 653 2797 708 sunt,
2836 645 3044 700 clarum
3075 653 3190 709 est,
3227 645 3349 698 ideo
3378 643 3503 696 vita:

1918 755 2110 794 nomen
2154 755 2182 792 a
2217 735 2325 792 Deo
2376 735 2560 790 arbori
2613 737 2688 790 illi
2720 753 2840 792 esse
2888 737 3144 799 inditum,
3177 745 3234 789 ut
3279 750 3344 789 eo
3393 751 3500 789 non

1917 833 2102 886 minus
2129 831 2397 884 Adamnm
2421 828 2488 884 ad
2518 820 2914 883 observandam
2939 830 3054 900 jam
3101 838 3215 883 tum
3255 828 3502 899 praeseri-

1917 933 2061 994 ptam
2091 940 2118 976 a
2148 937 2206 978 se
2242 922 2414 990 legem
2448 922 2717 976 animaret
2749 933 2911 991 atque
2935 940 3264 992 propensum
3305 923 3502 976 redde-

1915 1026 2019 1076 ret,
2079 1029 2242 1084 quam
2277 1013 2448 1089 paulo
2483 1024 2608 1068 ante
2651 1011 2846 1067 mortis
2889 1014 3107 1070 nomine
3131 1031 3160 1068 a
3193 1013 3506 1070 rebellando

1913 1107 2268 1162 deterruerat.
2296 1105 2399 1161 Sed
2426 1107 2538 1160 haec
2562 1107 2627 1161 de
2655 1107 2896 1162 nominis
2924 1109 3139 1161 ratione
3163 1109 3295 1162 satis
3319 1117 3506 1162 sunto.

1916 1200 2069 1266 Quod
2105 1215 2269 1270 porro
2299 1207 2490 1264 restat,
2524 1199 2685 1266 cujus
2732 1215 2791 1253 ea
2842 1200 3007 1252 arbor
3051 1201 3266 1269 generis
3321 1201 3506 1262 fuerit,

1915 1295 2184 1349 neminem
2243 1293 2422 1348 adhuc
2477 1293 2760 1349 doctorum
2830 1294 3075 1347 omnium
3126 1292 3356 1364 legimus
3409 1294 3502 1362 qui

1914 1387 2092 1458 qualis
2143 1386 2318 1459 reipsa
2375 1395 2538 1455 atque
2589 1385 2724 1438 adeo
2781 1386 3024 1453 corporis
3072 1386 3259 1439 habitu
3312 1384 3497 1445 fuerit,

1913 1479 2240 1550 explicarit;
2285 1495 2406 1531 nam
2437 1479 2528 1547 qui
2579 1477 2806 1548 mystice
2843 1477 3330 1546 interpretarentur
3356 1476 3509 1528 inve-

1921 1574 2103 1627 nimus
2133 1570 2468 1638 complures,
2501 1577 2554 1623 et
2587 1583 2687 1622 nos
2718 1581 2936 1638 quoque
2971 1564 3079 1621 Deo
3112 1565 3257 1632 freti,
3288 1565 3509 1636 quando

1913 1665 1966 1719 in
2004 1663 2183 1734 Operis
2215 1661 2376 1732 hujus
2430 1675 2721 1729 progressu
2766 1658 3079 1730 paradisum
3133 1659 3370 1725 ﬁgurare
3416 1673 3510 1712 ex-

1913 1757 2236 1828 plicabimus
2264 1795 2280 1820 ,
2313 1770 2375 1810 ea
2409 1769 2531 1824 qua:
2559 1752 2624 1806 ad
2661 1765 2864 1806 arcana
2896 1751 3058 1821 hujus
3091 1751 3308 1804 arboris
3348 1765 3509 1805 sensa

1920 1857 2209 1918 spectant,
2244 1863 2602 1917 exponemus.
2642 1845 2877 1914 lngenue
2915 1845 3079 1915 igitur
3109 1846 3344 1898 fatemur
3371 1858 3510 1898 non-

1849 1921 1891 1974 Β
1922 1944 2048 1998 dum
2083 1941 2340 1997 didicisse
2377 1955 2483 1994 nos
2514 1939 2821 2008 qualisnam
2855 1937 3019 1991 arbor
3054 1936 3216 1991 fuerit
3241 1951 3362 2005 qua:
3388 1935 3513 1990 vita:

1918 2035 2250 2099 vocabatur,
2307 2032 2526 2087 interim
2585 2039 2932 2100 corporatam
2985 2043 3172 2084 revera
3235 2026 3512 2084 exstitisse

1918 2137 2068 2185 certo
2128 2127 2374 2197 persuasi
2441 2141 2673 2190 sumus,
2727 2124 3018 2195 ipsumque
3064 2123 3394 2177 vocabulum
3447 2137 3511 2176 ex

1927 2221 2228 2277 creationis
2283 2220 2424 2274 libro
2480 2218 2839 2280 didiScimus,
2891 2215 3034 2284 quod
3086 2229 3184 2284 pro
3237 2212 3512 2267 incitando

1917 2314 2127 2368 Adamo
2161 2313 2224 2367 ad
2255 2311 2619 2368 obedientiam
2654 2310 2842 2364 datum
2879 2308 2951 2362 illi
2988 2307 3245 2376 essejam
3281 2306 3511 2360 deumn-

1918 2407 2213 2462 stravimus
2249 2425 2262 2460 :
2300 2421 2485 2459 verum
2518 2404 2752 2475 speciem
2779 2403 2980 2471 ipsam,
3002 2410 3053 2455 et
3084 2400 3296 2454 fructus
3323 2401 3512 2469 quales

1919 2498 2158 2560 fuerint.
2220 2498 2533 2568 quibusque
2557 2506 2776 2564 compta
2827 2495 2990 2549 fuerit
3026 2493 3335 2555 frondibus,
3369 2508 3510 2546 non-

1923 2593 2052 2646 dum
2087 2591 2348 2646 discendo
2383 2605 2572 2644 sumus
2603 2588 2860 2643 assecuti.

2494 2680 2727 2736 CAPUT
2785 2680 2925 2736 XXI.

1992 2775 2068 2831 De
2093 2776 2254 2845 ﬂuvio
2300 2776 2390 2846 qui
2443 2775 2759 2844 paradisum
2811 2773 3044 2843 rigabat,
3085 2771 3234 2826 etde
3282 2779 3512 2841 quatuor

1920 2869 2094 2938 ﬂuuiis
2115 2869 2204 2938 qui
2238 2883 2303 2921 ex
2340 2867 2437 2920 illo
2471 2865 2880 2919 diducebantur.
2939 2894 3010 2905 —
3070 2865 3244 2919 Porro
3297 2865 3363 2918 de
3399 2863 3503 2917 ﬂuo

1921 2958 2069 3013 utine
2116 2957 2264 3027 quod
2326 2956 2639 3027 paradisum
2707 2957 2916 3024 irrigat,
2967 2957 3080 3011 haac
3111 2958 3311 3024 scripta
3346 2958 3505 3009 nobis

1922 3051 2144 3120 reliquit
2196 3051 2353 3105 divus
2407 3049 2629 3105 Moses:
2677 3050 2742 3103 Et
2783 3053 2978 3121 ﬂumen
3031 3049 3390 3120 egrediebatur
3438 3064 3502 3101 ea:

1930 3144 2075 3198 Edeu
2103 3143 2532 3213 adirrigandum
2561 3144 2897 3211 paradisum,
2933 3153 3092 3212 atque
3122 3142 3243 3194 inde
3274 3142 3505 3194 divisum

1924 3237 2088 3291 evasit
2118 3236 2175 3288 in
2201 3243 2434 3304 quatuor
2463 3235 2720 3304 capita“.
2761 3233 2855 3290 Est
2904 3244 3088 3289 autem
3124 3251 3153 3289 a
3205 3234 3504 3312 nobis-jam

1919 3330 2127 3385 dictum
2176 3330 2354 3397 capite
2385 3327 2470 3382 16.
2503 3329 2648 3383 Edcn
2712 3344 2835 3383 esse
2866 3329 3142 3398 regionem
3169 3330 3500 3396 spatiosum,

1919 3422 2180 3490 amplam,
2209 3435 2504 3485 ammoam,
2532 3422 2762 3475 variam.
2795 3420 3117 3474 Paradisum
3166 3435 3298 3474 vero
3323 3420 3503 3474 locum

1919 3532 2064 3581 esse,
2097 3515 2364 3587 pulchris,
2400 3515 2722 3579 fructuosis,
2757 3517 3174 3585 prtestantibus,
3210 3515 3500 3570 laudabili-

1918 3609 2128 3677 busque
2153 3608 2467 3670 arboribus,
2499 3623 2610 3677 prae
2646 3609 2928 3676 quibusvis
2965 3609 3088 3662 aliis
3127 3609 3178 3660 in
3207 3617 3314 3661 tota
3351 3607 3499 3661 Eden

1919 3701 2056 3755 locis
2086 3709 2339 3754 ornatum
2383 3718 2396 3753 :
2432 3700 2756 3759 l‘aradisum
2788 3700 2934 3755 enim
2961 3701 3080 3768 ejus
3107 3701 3346 3770 regionis
3378 3715 3502 3770 qua:

1918 3793 2066 3847 Eden
2096 3793 2318 3856 dicitur,
2355 3803 2561 3863 partem
2615 3809 2739 3848 esse
2790 3793 2930 3847 inter
2965 3794 3101 3848 alias
3129 3811 3322 3850 omnes
3356 3810 3500 3864 prte-

1917 3888 2335 3950 stantissimam,
2397 3887 2911 3950 laudabilissimam,
2973 3898 3139 3957 atque
3190 3889 3498 3942 cultoribus

1918 3981 2036 4037 suis
2086 3979 2611 4035 commodissimam.
2681 3979 2847 4049 Igitur
2911 3980 3041 4034 illud
3073 3979 3275 4033 flumen
3312 3997 3503 4036 revera

1919 4075 2132 4145 ingens,
2164 4071 2427 4141 amplum,
2461 4074 2766 4141 copiosum,
2797 4073 3029 4143 insigne,
3073 4089 3136 4126 ex
3176 4083 3316 4128 terra
3351 4075 3498 4128 Eden

1917 4168 2227 4221 araturiens
2255 4175 2418 4230 atque
2474 4181 2826 4234 promauans.
2872 4167 2925 4219 in
2972 4169 3209 4220 medium
3256 4176 3505 4236 penetrat

1918 4258 2233 4326 paradisum
2259 4297 2274 4320 ,
2303 4273 2541 4327 eumque
2589 4257 2907 4312 universum
2971 4259 3196 4331 irrigat;
3232 4277 3341 4329 quo
3380 4276 3502 4329 pct-

1916 4349 2051 4414 luto,
2089 4350 2311 4403 finditur
2366 4351 2418 4404 in
2469 4359 2704 4420 quatuor
2768 4351 2962 4406 deinde
3019 4353 3235 4414 fluvios,
3273 4355 3504 4423 etipsos

1916 4443 2171 4513 grandes,
2206 4443 2296 4512 qui
2339 4442 2407 4495 ab
2457 4443 2548 4496 illo
2584 4444 2816 4506 diducti,
2881 4445 3044 4499 simul
3077 4455 3244 4514 atque
3289 4447 3504 4513 paradi-

1916 4552 2036 4591 sum
2069 4535 2366 4605 reliquere,
2400 4538 2504 4590 sub
2557 4537 2674 4606 ipsa
2737 4538 2905 4591 maris
2939 4538 3143 4592 Oceani
3189 4543 3322 4594 vada
3353 4541 3504 4594 dela-

240 4639 299 4678 ea
351 4635 666 4678 vesceretur
703 4635 757 4680 et
808 4626 1058 4679 evaderet
1105 4626 1450 4678 immortalis.
1496 4623 1680 4695 Neque
1728 4634 1813 4680 est
1846 4627 1888 4682 D
1919 4627 2152 4692 buntur;
2188 4637 2350 4696 atque
2381 4627 2505 4680 inde
2530 4643 2721 4681 rursus
2768 4629 2820 4681 in
2849 4629 2998 4682 baca
3049 4629 3208 4684 nobis
3262 4631 3499 4684 habitata

241 4717 384 4784 quod
433 4717 557 4784 quis
609 4717 722 4771 lta'c
772 4718 996 4769 miretur
1031 4719 1081 4770 in
1119 4719 1359 4782 Adamo,
1412 4719 1630 4787 tutando
1680 4718 1812 4787 ipsis

243 4735 384 4784 quou
433 4735 557 4784 quis
609 4735 722 4771 na'c
772 4735 996 4769 nnretur
1031 4735 1081 4770 in
1119 4735 1359 4782 nuamo,
1412 4735 1428 4766 t
1488 4735 1630 4772 anno
1680 4735 1812 4787 lpSlS

243 4807 402 4861 etiam
438 4806 642 4862 Iudaeis
671 4819 791 4878 post
821 4809 1109 4863 ornuifaria
1161 4812 1294 4879 legis
1337 4735 1600 4878 pt'gzepta
1649 4821 1812 4881 atque

245 4897 492 4954 instituta
530 4941 546 4964 ,
583 4917 686 4953 non
726 4901 950 4955 cmleste
983 4917 1204 4969 regnum
1255 4919 1283 4954 a
1327 4901 1436 4955 Deo
1483 4905 1810 4971 promissum

248 5002 347 5059 est,
373 4994 419 5049 si
469 4995 628 5048 dictis
684 4995 802 5064 ejus
843 4995 1298 5057 obsecundarent,
1339 4997 1432 5049 sed
1479 5005 1620 5048 terra
1678 4995 1815 5049 lacte

247 5085 508 5154 melleque
548 5085 793 5150 afﬂuens,
825 5095 878 5138 et
913 5086 1166 5137 arborum
1210 5085 1594 5155 fructuumque
1639 5087 1813 5150 ferax,

249 5179 435 5244 quales
464 5188 591 5233 sunt
628 5179 751 5230 mali
793 5179 1027 5248 punicre.
1059 5179 1224 5244 oleaz,
1277 5182 1467 5248 palmte
1490 5223 1503 5245 ,
1537 5192 1640 5234 etc.
1675 5181 1814 5247 Quid

250 5268 412 5337 igitur
466 5272 664 5324 mirum
721 5272 764 5325 si
819 5272 1048 5337 Adamo,
1101 5275 1186 5326 cui
1237 5290 1409 5341 nuper
1458 5276 1594 5330 adeo
1649 5277 1815 5344 legem
1863 5281 1866 5284 ’

252 5360 621 5432 imposuerat,
654 5365 866 5417 edulem
901 5366 1150 5420 arborem
1185 5368 1459 5431 ostendit,
1485 5385 1648 5437 quam
1698 5372 1818 5424 vita!

251 5456 554 5522 appellavit,
582 5472 642 5510 ea
673 5457 1034 5525 promissione
1063 5460 1291 5528 adjecta,
1319 5470 1374 5514 ut
1407 5461 1449 5514 si
1483 5462 1533 5514 in
1561 5464 1820 5532 obsequio

318 5631 360 5663 “
393 5630 526 5684 Gen.
563 5648 623 5691 ll,
664 5632 748 5685 10.

321 5776 414 5852 _(-'r‘)
445 5775 674 5830 Fallitur.
691 5778 1032 5852 liat-Cepba.
1055 5781 1186 5833 Nam
1214 5799 1337 5834 vera
1368 5782 1633 5852 theologia
1658 5785 1815 5838 docet

258 5841 515 5924 Adamum
565 5848 840 5902 Conditum
983 5851 1089 5905 Deo
1144 5854 1194 5906 in
1257 5864 1398 5906 statu
1452 5841 1809 5919 perfecturum

255 5923 592 5972 Kientzarutn
627 5931 679 5973 et
717 5923 1110 5986 regnitiununt,
1143 5933 1249 5977 tum
1290 5926 1615 5978 naturalium
1651 5942 1811 5995 quam

1919 4729 2203 4790 emergunt
2240 4729 2402 4774 terra.
2442 4718 2629 4787 Neque
2659 4737 2788 4774 vero
2822 4723 2933 4775 lnec
2992 4723 3147 4776 nobis
3209 4724 3314 4794 ipsi
3340 4724 3500 4793 [iugi-

1924 4829 2045 4868 tnus
2091 4813 2184 4866 sed
2218 4823 2479 4882 tanquam
2514 4811 2679 4868 Mosis
2713 4815 2986 4883 prophetm
3033 4815 3213 4869 verbis
3263 4833 3499 4871 consen-

1921 4916 2080 4960 tanea
2139 4907 2578 4974 pronuntiamus,
2613 4923 2732 4976 qua:
2789 4920 2980 4962 sancto
3038 4907 3241 4978 Spiritu
3277 4921 3500 4965 auctore

1923 4999 2126 5068 scripta
2161 5012 2307 5052 sunt.
2341 4998 2474 5051 Nam
2509 5001 2706 5053 flumen
2741 5001 2871 5054 illud
2906 5018 2971 5055 ex
3036 5010 3176 5056 terra
3206 5003 3351 5056 Eden
3389 5006 3496 5058 ori~

1924 5093 2102 5161 ginem
2132 5093 2350 5157 ducere,
2382 5104 2545 5162 atque
2576 5093 2848 5163 profluere
2892 5095 2975 5149 his
3009 5097 3188 5148 verbis
3220 5096 3495 5150 afﬁrmat:

1924 5181 2146 5238 Flumen
2181 5187 2547 5254 egrediebatur
2604 5203 2666 5239 ea:
2717 5187 2885 5240 Eden.
2920 5187 3131 5240 Rursus
3164 5190 3308 5257 quod
3342 5206 3495 5257 para-

1921 5277 2096 5329 disum
2131 5280 2337 5345 perluat
2359 5289 2522 5353 atque
2550 5281 2860 5349 irriget,bis
2893 5298 2904 5332 :
2934 5281 3364 5350 Addrrigundum
3395 5300 3494 5350 pa-

1925 5372 2183 5425 radisum.
2227 5371 2495 5426 [’ra-terea
2528 5373 2919 5428 derivationem
2941 5376 3086 5428 illam
3113 5391 3273 5444 quam
3311 5377 3486 5445 ingen-

1925 5469 2003 5513 tes
2032 5459 2225 5515 fluvios
2253 5463 2364 5516 licri
2389 5462 2651 5530 diximus,
2675 5465 2906 5532 irrigato
2935 5465 3044 5534 jam
3068 5476 3178 5518 tum
3203 5466 3491 5531 paradiso;

1925 5791 2450 5856 supernaturalium,
2486 5808 2606 5859 qnze
2649 5780 2943 5862 principem
2977 5803 3029 5845 rt
3064 5809 3227 5860 caput
3271 5797 3492 5849 humani

1921 5862 2136 5929 generis
2171 5863 2380 5917 dicebat
2416 5864 2472 5916 S.
2513 5862 2707 5919 Tironi.
2741 5881 2753 5919 ι
2782 5881 2832 5934 p.
2869 5882 2922 5933 ιι.
2967 5867 3032 5920 ‘Jl
3065 5877 3167 5920 ait.
3202 5868 3255 5920 5.
