4176 6442
726 358 821 419 511

1994 356 2221 418 MOSIS
2261 353 2409 413 ΒΑΗ
2450 354 2696 415 CEPHA

3875 357 3979 421 519

729 470 844 520 ltzt'c
878 465 1037 531 verba
1074 464 1382 535 signiﬂcant
1415 484 1429 521 :
1464 465 1532 520 Et
1559 465 1706 521 illinc
1729 468 1978 537 ﬁnditur,
2029 481 2076 524 et
2124 469 2300 524 evadit
2331 467 2375 523 Α
2408 477 2503 530 per
2531 464 2676 536 quod
2710 463 2907 531 ﬂuunt,
2940 463 3239 531 dulciores,
3273 467 3598 534 amariores,
3635 467 3979 540 insulsior-cs,

725 563 779 614 in
814 561 845 611 ὁ
869 560 1044 626 capita
1068 575 1086 612 :
1121 560 1353 629 denique
1386 575 1508 613 cum
1536 559 1690 616 addit
1717 561 1900 619 Moses
1927 563 2095 619 unius
2149 565 2297 618 ﬂuvii

726 667 923 706 nomen
961 667 1082 706 esse
1124 650 1347 717 Phison,
1403 669 1637 723 eumque
1689 655 1928 710 circuire
1988 657 2300 711 universam

726 756 926 798 terrain
957 741 1175 807 l'evila;
1232 743 1457 796 alterius
1515 758 1641 798 vero
1675 743 1886 809 Gehun,
1919 747 2010 815 qui
2046 747 2301 816 pervadat

728 843 893 886 totam
964 833 1235 901 regionem
1267 829 1624 902 'A‘Sthiopiae;
1663 836 1880 889 tertium
1932 851 2098 906 porro
2130 837 2301 891 Diclat

724 926 1026 992 appellari,
1087 939 1327 993 eumque
1394 933 1583 978 contra
1659 925 1819 980 Attur
1872 928 1986 995 ire;
2063 929 2299 1000 denique

724 1026 978 1085 quartum
1018 1018 1201 1072 vocari
1236 1017 1560 1086 Euphratem
1600 1039 1612 1074 :
1647 1021 1778 1093 satis
1827 1022 2031 1077 indicat
2068 1034 2301 1093 quatuor

723 1125 818 1164 eos
848 1109 1066 1174 ﬂuvios,
1094 1119 1442 1178 posteaquam
1469 1113 1780 1179 paradisum
1814 1114 2172 1184 reliquerunt,
2198 1120 2300 1172 sub

724 1205 922 1248 terram
951 1196 1222 1265 delapsos,
1257 1199 1470 1251 tandem
1501 1199 1555 1253 in
1605 1201 1708 1256 hoc
1751 1218 1778 1256 a
1812 1205 1969 1260 nobis
1993 1207 2139 1261 culto
2168 1208 2300 1264 orbe

723 1301 1100 1355 prorumpere,
1157 1290 1558 1360 scaturireque.
1621 1290 1694 1346 Ea
1744 1294 1912 1365 igitur
1934 1313 2058 1367 quae
2083 1307 2198 1354 tum
2231 1302 2298 1356 de

722 1394 833 1432 uno
862 1380 953 1433 illo
994 1378 1240 1446 ﬂumine,
1274 1392 1386 1438 tum
1412 1384 1480 1438 de
1506 1396 1742 1453 quatuor
1770 1388 1895 1445 aliis
1917 1395 1984 1444 ab
2041 1393 2134 1447 illo
2157 1393 2301 1448 deri-

723 1470 860 1524 vatis
892 1470 1128 1527 diximus
1158 1489 1281 1528 cum
1330 1474 1497 1530 Mosis
1525 1477 1698 1533 divini
1741 1481 1980 1538 hominis
2024 1487 2296 1540 sententia

720 1573 1046 1634 congruunt.
1111 1567 1214 1620 Sed
1270 1569 1484 1639 urgebit
1529 1571 1775 1642 aliquis:
1823 1549 1928 1641 (iui
1977 1577 2150 1646 possit
2181 1579 2294 1633 fieri

720 1667 780 1708 ut
808 1664 1040 1724 quatuor
1069 1658 1141 1712 illi
1178 1658 1327 1714 ﬂuvii
1361 1662 1622 1730 paradiso
1647 1667 1854 1734 egressi
1886 1669 2298 1738 praecipitentur

720 1749 822 1802 sub
861 1747 1061 1804 Oceani
1089 1752 1247 1817 vada,
1276 1762 1440 1822 atque
1474 1756 1598 1811 inde
1623 1759 1842 1814 tandem
1899 1761 1951 1815 in
1984 1762 2088 1818 hac
2111 1774 2296 1820 nostra

721 1851 864 1896 terra
896 1847 1227 1912 erumpant?
1266 1846 1402 1902 liuic
1435 1849 1612 1918 primo
1639 1854 2050 1922 respondemus,
2082 1872 2143 1912 ea
2173 1873 2298 1929 qua:

719 1949 750 1988 a
782 1935 941 1991 nobis
974 1936 1089 1992 ﬂeri
1117 1953 1224 1993 non
1253 1955 1417 2008 posse
1464 1943 1867 2010 existimantur,
1933 1947 2112 2004 facilia
2175 1967 2296 2007 esse

720 2031 830 2081 Deo
862 2047 876 2083 :
915 2029 1066 2082 illum
1098 2046 1225 2084 vero
1254 2048 1415 2101 quem
1455 2033 1696 2091 diximus
1729 2049 1966 2107 quatuor
1998 2041 2293 2100 ﬂuviorum

716 2135 958 2186 cursum,
991 2128 1156 2191 atque
1177 2124 1296 2193 eius
1329 2126 1543 2192 generis
1567 2127 1693 2194 alia,
1718 2131 1960 2186 divinum
1992 2149 2116 2188 esse
2134 2151 2292 2205 opus,

718 2220 828 2260 non
895 2208 1219 2265 humanum.
1296 2211 1501 2283 Deinde
1567 2217 1669 2270 hoc
1721 2234 1940 2290 quoque
1971 2240 2291 2292 responsum

716 2298 992 2363 volumus,
1017 2303 1333 2370 paradisum
1368 2306 1542 2362 multo
1567 2310 1888 2368 sublimiore
1916 2317 2152 2384 positum
2174 2335 2294 2376 esse

717 2389 959 2460 regione,
988 2401 1152 2463 atque
1182 2394 1298 2450 haec
1333 2407 1522 2452 nostra
1574 2413 1747 2456 exstet
1770 2411 1951 2472 terra;
1976 2423 2150 2478 eoque
2175 2412 2289 2467 ﬂeri

715 2482 951 2537 utillinc
998 2499 1094 2552 per
1143 2486 1508 2555 praecipitium
1570 2492 1896 2549 delabantur
1952 2497 2098 2552 ﬂuvii
2141 2510 2290 2558 tanto

716 2589 838 2627 cum
864 2574 1085 2643 impetu,
1113 2588 1379 2646 quantum
1409 2581 1594 2638 verbis
1615 2585 1922 2655 exprimere
1947 2605 2054 2645 non
2088 2595 2287 2661 possis,

713 2667 1114 2736 coqueimpetu
1159 2669 1400 2740 impulsi,
1432 2676 1714 2746 pressique
1759 2681 1861 2733 sub
1904 2686 2094 2738 oceani
2152 2688 2286 2741 vada

716 2756 1018 2825 rapiantur,
1078 2760 1222 2814 unde
1287 2778 1478 2819 rursus
1505 2768 1790 2834 prosiliant
1822 2771 2204 2845 ebulliautque
2232 2777 2285 2831 in

717 2849 817 2900 hoc
847 2863 877 2902 a
910 2849 1066 2905 nobis
1096 2852 1245 2905 culto
1276 2855 1429 2909 orbe.
1455 2855 1592 2911 Nam
1616 2858 1709 2928 qui
1767 2875 1942 2932 aquas
1975 2866 2027 2919 in
2051 2868 2285 2924 sublime

713 2938 934 3002 ducere,
972 2949 1133 3010 atque
1161 2957 1225 2997 ex
1251 2944 1380 3000 altis
1429 2947 1742 3018 erectisque
1784 2954 2067 3010 canalibus
2122 2959 2287 3016 veluti

716 3027 1041 3097 siphonibus
1089 3033 1424 3100 profundere
1448 3023 1720 3106 laborant,
1757 3039 1794 3095 ii
1823 3057 1891 3098 ex
1925 3044 2086 3115 longo
2112 3048 2287 3105 inter-

2401 558 2657 614 salsiores
2714 560 2968 624 evadunt,
3025 576 3123 616 cur
3173 576 3282 615 non
3343 563 3784 620 existimabimus
3855 566 3981 624 illos

2401 668 2617 723 quoque
2644 653 2837 710 ﬂuvios
2870 656 3132 726 tantisper
3178 656 3307 711 dum
3369 672 3466 726 per
3513 657 3893 714 beatissimum
3913 676 3982 716 ac

2404 746 2789 802 felicissimum
2825 749 3001 803 locum
3053 750 3368 818 paradisum
3421 749 3645 819 ﬂuunt,’
3684 753 3981 821 iucundis-

2402 841 2539 896 simo
2574 850 2740 911 atque
2783 842 3112 897 suavissimo
3147 858 3340 913 sapore
3372 859 3496 900 esse
3526 864 3540 912 ;
3604 847 3656 899 in
3693 846 3800 900 hoc
3844 863 3978 902 vero

2403 932 2761 988 exsecrabilis
2796 943 2996 987 nostra:
3028 943 3204 989 tractu
3235 944 3393 990 terrae
3433 937 3500 990 de
3555 936 3644 992 illa
3701 941 3978 994 suavitate

2401 1025 2696 1094 plurimum
2725 1027 3039 1081 remittere?
3075 1027 3240 1084 Porro
3260 1030 3449 1085 beatus
3474 1030 3653 1086 Moses
3675 1040 3729 1086 et
3757 1035 3980 1089 nomina

2403 1119 2617 1174 illorum
2649 1127 2884 1187 quatuor
2922 1119 3234 1184 ﬂuviorum,
3259 1128 3313 1174 et
3355 1121 3468 1175 loca
3503 1138 3598 1191 per
3630 1140 3752 1192 qum
3788 1125 3980 1179 ferun-

2403 1217 2510 1274 tur,
2565 1211 2782 1280 aliaque
2823 1211 3029 1285 eodem
3066 1213 3369 1281 spectantia
3423 1214 3626 1269 diserte
3656 1209 3980 1285 explicavit,

2403 1311 2462 1355 ut
2495 1318 2615 1371 quae
2649 1303 2737 1357 illa
2769 1281 2927 1357 aetate
2982 1319 3088 1356 non
3154 1304 3332 1374 ignota
3398 1315 3624 1360 essent:
3668 1281 3744 1362 ait
3779 1307 3929 1362 enim
3964 1327 3977 1362 :

2403 1391 2610 1447 Nomen
2673 1395 2832 1448 unius
2905 1392 3135 1459 Phison,
3193 1396 3284 1465 qui
3328 1395 3623 1464 perlabitur
3670 1399 3999 1465 universam,

2402 1496 2598 1542 terram
2651 1486 2879 1553 (Invita,
2950 1488 3060 1542 illic
3108 1497 3185 1541 ett
3231 1505 3447 1552 aurum,
3501 1501 3551 1543 et
3598 1491 3712 1555 ejus
3742 1492 3981 1561 regionis

2400 1593 2589 1631 aurum
2655 1587 2916 1646 pra-stans
2976 1585 3094 1640 est;
3146 1576 3257 1629 illic
3333 1576 3982 1648 Bedolaclt,.gentmtzqus

2358 1712 2360 1714 τ
2399 1668 2632 1734 Berilli;
2664 1670 2820 1739 quasi
2851 1670 2996 1723 dicat
3023 1687 3035 1722 :
3072 1666 3227 1724 Unus
3261 1668 3478 1723 illorum
3506 1678 3746 1737 quatuor
3777 1667 3978 1725 ﬂuvio-

2402 1776 2524 1816 rum
2608 1760 2812 1818 Phison
2851 1762 2927 1832 (5)
2996 1773 3242 1827 vocatur,
3274 1762 3368 1830 qui
3419 1761 3510 1816 ubi
3547 1760 3616 1816 ab
3646 1761 3854 1832 ingenti
3887 1761 3976 1820 illc

2401 1848 2619 1906 ﬂumine
2651 1849 2882 1904 medium
2917 1848 3196 1917 perluente
3216 1848 3528 1920 paradisum
3558 1848 3840 1902 derivatus
3870 1857 3973 1910 est,

2399 1942 2640 2012 atquein
2679 1952 2876 1997 terram
2912 1942 3013 2015 sub
3053 1941 3256 1996 Oceani
3283 1941 3418 1996 vade
3470 1955 3528 1996 se
3565 1939 3792 2009 recepit,
3847 1953 3975 1992 rur-

2396 2051 2489 2092 sns
2514 2036 2745 2103 prosilit,
2775 2036 2993 2100 emicat,
3025 2033 3363 2102 scaturitque
3413 2033 3468 2087 in
3502 2031 3744 2088 Occidua
3787 2029 3977 2086 mundi

2397 2127 2636 2198 regione,
2669 2127 2814 2181 unde
2843 2125 3330 2195 Septentrionalem
3385 2135 3599 2191 petens,
3663 2132 3836 2186 telam
3893 2119 3980 2176 ln-

2394 2220 2585 2289 dorum
2615 2218 2872 2273 ditionem
2935 2216 3085 2271 alluit
3133 2216 3269 2284 (hac
3314 2214 3460 2270 enim
3505 2213 3707 2268 Havilaa
3753 2211 3981 2266 nomine

2398 2310 2781 2382 signiﬁcatur),
2840 2326 2904 2365 ac
2957 2309 3175 2364 tandem
3230 2307 3285 2362 in
3342 2323 3490 2363 mare
3516 2307 3736 2362 desinit.
3790 2304 3978 2361 Graece

2395 2401 2595 2456 Phison
2662 2399 2869 2454 Diiobis
2933 2409 3177 2464 vocatur.
3245 2396 3450 2452 Ferunt
3513 2406 3693 2452 autem
3738 2397 3976 2466 pleram-

2391 2506 2499 2562 que
2538 2491 2672 2562 ripae
2723 2490 2887 2560 hujus
2929 2491 3076 2545 ﬂuvii
3122 2505 3344 2545 arenam
3403 2497 3569 2559 atque
3621 2488 3786 2542 etiam
3837 2487 3974 2541 alvei

2391 2569 2685 2652 pres‘tante
2705 2597 2842 2637 auro
2872 2582 3242 2647 abundare,et
3256 2582 3485 2653 gemmis
3510 2581 3768 2651 pretiosis
3799 2597 3812 2645 :
3850 2595 3976 2633 nam

2390 2689 2494 2728 vox
2525 2674 2772 2738 Hebraea,
2806 2673 3059 2736 Bcdolah,
3080 2676 3404 2745 margaritas
3435 2673 3726 2743 signiﬁcat.
3764 2671 3973 2728 Secun-

2392 2765 2442 2818 di
2471 2763 2616 2818 ﬂuvii
2652 2778 2849 2818 nomen
2898 2773 2981 2819 est
3009 2763 3220 2820 Gehon.
3258 2763 3311 2819 is
3357 2772 3610 2835 peragrat
3658 2765 3975 2818 universam

2393 2865 2594 2911 terram
2655 2855 2827 2918 Cbus,
2887 2855 2938 2909 id
2973 2857 3093 2919 est,
3128 2854 3458 2924 Ethiopim;
3517 2853 3972 2910 hicauonnullis

2389 2949 2552 3005 etiam
2578 2949 2779 3004 Sichor
2814 2947 2890 3018 (6)
2928 2949 3250 3017 appellatur.
3287 2945 3490 3004 Graeci
3512 2944 3692 3003 Nilum
3725 2955 3925 3004 vocant
3954 2964 3968 3001 :

2390 3041 2481 3111 qui
2517 3056 2545 3096 a
2576 3057 2771 3112 magno
2830 3041 3055 3094 ﬂumine
3113 3040 3414 3109 digressus,
3479 3048 3642 3110 atque
3670 3041 3776 3096 sub
3807 3038 3974 3096 maris

715 3117 858 3173 vallo
912 3128 1243 3178 cataractam
1279 3127 1393 3182 sive
1447 3131 1807 3201 pracipitium
1843 3133 1976 3205 ipsis
2013 3139 2287 3209 quoddam
2317 3144 2362 3206 ο
2392 3132 2618 3187 fundum
2646 3132 2920 3200 delapsus,
2945 3130 3157 3197 prosilit
3181 3130 3397 3185 tandem
3419 3131 3722 3203 ebullitque
3745 3133 3798 3186 in
3822 3132 3974 3202 plaga

716 3211 824 3264 alta
857 3211 1156 3269 devexitate
1185 3217 1475 3286 abruptum
1503 3232 1665 3293 atque
1689 3224 1914 3283 difﬂcile
1947 3244 2290 3303 comparant,

717 3319 811 3373 per
840 3306 983 3374 quod
1014 3307 1315 3366 deturbate
1342 3329 1539 3384 magno
1560 3332 1683 3371 cum
1718 3319 1922 3391 impetu
1951 3325 2054 3379 sub
2080 3333 2284 3386 terram

715 3398 1020 3453 condantur
1054 3417 1068 3456 :
1098 3402 1201 3457 sub
1227 3419 1333 3473 qua
1371 3415 1659 3478 postquam
1693 3421 1918 3479 coactze,
1973 3426 2136 3487 atque
2187 3436 2289 3478 suo

716 3493 954 3559 ipsarum
988 3493 1189 3565 impetu
1214 3511 1414 3570 pressa:
1435 3498 1798 3572 aliquousque
1820 3504 2048 3576 ﬂuxere,
2076 3513 2287 3569 tamlcm

715 3596 810 3649 per
865 3585 1082 3638 canales
1143 3585 1263 3641 illos
1287 3604 1484 3658 magna
1535 3591 1585 3645 vi
1637 3608 1744 3662 qua
1801 3612 1866 3653 ex
1896 3604 2162 3672 praecipiti
2197 3607 2289 3661 illo

713 3687 845 3727 casu
890 3686 1169 3744 urgentur,
1194 3693 1414 3732 sursum
1456 3683 1714 3739 emicant.
1749 3687 1871 3742 lliec
1897 3690 1969 3744 ita
2002 3709 2060 3747 se
2090 3696 2288 3752 habere

713 3764 967 3819 dominus
1011 3769 1173 3821 etiam
1235 3768 1507 3839 Ephrmm,
1543 3784 1750 3831 etcum
1808 3795 1874 3834 eo
1901 3783 2152 3844 doctores
2195 3788 2288 3845 alii

714 3853 1027 3911 affirmant:
1062 3875 1232 3930 quare
1265 3877 1365 3916 nos
1396 3856 1615 3935 quoque
1673 3869 1902 3926 libenter
1933 3881 2286 3939 assentimur.

712 3945 981 4000 Caeterum
1031 3949 1176 4019 quod
1223 3951 1289 4005 ad
1339 3967 1590 4024 saporem
1635 3971 1864 4029 spectat,
1919 3964 2135 4024 idemne
2179 3971 2288 4027 illis

712 4037 870 4107 anteis
900 4040 1291 4112 maneatapud
1319 4059 1443 4109 nos,
1478 4049 1570 4117 qui
1598 4045 1776 4107 fuerat
1802 4054 1856 4108 in
1891 4056 2168 4124 paradiso,
2215 4079 2284 4117 an

714 4128 940 4186 minime
973 4149 987 4185 :
1018 4147 1118 4188 nos
1140 4138 1497 4204 pronuntiare
1527 4155 1636 4197 non
1664 4141 2007 4221 dubitamus,
2041 4150 2094 4204 iu
2124 4168 2287 4223 para-

712 4223 835 4277 diso
865 4238 982 4280 esse
1013 4236 1230 4296 gustatu
1278 4231 1622 4299 gratissimas
1650 4239 2136 4313 suavissimasque,
2163 4245 2288 4302 inde

712 4325 893 4376 autem
924 4334 1262 4390 progressas,
1324 4324 1621 4393 plurimum
1671 4333 1961 4391 suavitatis
2013 4337 2286 4405 amittere,

712 4409 984 4466 acredinis
1013 4429 1140 4468 vero
1167 4418 1512 4484 contrahere,
1532 4437 1657 4476 cum
1681 4424 1810 4480 illud
1842 4427 2077 4493 paradisi
2106 4431 2283 4486 solum

714 4504 832 4559 beta
884 4504 977 4559 Dei
1027 4510 1339 4576 precatione
1402 4511 1618 4568 beatum
1677 4531 1732 4571 et
1786 4518 1914 4575 felix
1939 4519 2049 4586 sit;
2087 4531 2144 4577 at
2178 4524 2281 4580 hoc

713 4612 954 4658 nostrum
1015 4616 1240 4672 contra,
1303 4611 1679 4668 exsecratione
1729 4615 1917 4670 infelix
1983 4626 2038 4671 et
2101 4619 2275 4677 triste.

710 4699 986 4758 Quantum
1035 4696 1202 4767 igitur
1250 4698 1479 4756 interest
1535 4703 1677 4759 inter
1732 4719 1857 4762 eum
1924 4706 2127 4763 fontem
2185 4711 2274 4767 cui

711 4787 1039 4840 benedicunt
1067 4803 1276 4856 omnes,
1302 4805 1356 4846 et
1385 4809 1510 4847 eum
1542 4811 1705 4868 quem
1753 4814 1918 4852 nemo
1980 4816 2089 4856 non
2132 4803 2282 4858 dete-

712 4889 886 4934 statur
919 4897 934 4947 ;
973 4889 1180 4936 tantum
1235 4884 1408 4938 diﬂert
1437 4889 1708 4961 suavitate
1755 4900 1919 4961 atque
1945 4893 2282 4961 ammnitate,

715 4971 928 5024 illorum
962 4971 1250 5028 ﬂuviorum
1301 4991 1465 5047 sapor
1495 4961 1655 5050 quem
1687 4958 1737 5036 in
1769 4987 2049 5053 paradiso,
2098 4989 2166 5042 ab
2218 5005 2283 5044 eo

713 5080 877 5131 quem
914 5068 1051 5134 apud
1082 5083 1180 5122 nos
1210 5068 1480 5125 obtinent.
1508 5072 1642 5129 Nam
1680 5076 1723 5130 si
1780 5089 2054 5134 nostrates
2107 5099 2283 5152 aquae,

715 5159 882 5238 unius
910 5159 1262 5231 ejusdemque
1289 5173 1495 5219 natura:
1531 5183 1654 5222 cum
1687 5171 1816 5234 sint,
1853 5187 1948 5240 pro
1975 5173 2074 5226 soli
2111 5174 2287 5229 indole

794 5367 867 5432 ὦ)
896 5365 1051 5420 Unde
1087 5359 1216 5441 hoe
1258 5383 1470 5441 nomen
1511 5371 1706 5424 habeat
1767 5372 1976 5429 nescire
2006 5390 2089 5430 me
2105 5373 2295 5441 fateor,

718 5439 857 5509 intra
911 5448 1096 5509 autem
1133 5439 1295 5492 habet
1325 5439 1555 5508 Dijnbis,
1586 5457 1707 5509 cap.
1739 5441 1830 5495 28.

790 5497 1096 5586 (6).$ichor
1124 5526 1230 5586 vos
1259 5522 1350 5586 est
1386 5497 1669 5586 lleb_r_a_ica'
1711 5511 2025 5586 signiﬁcans
2081 5521 2287 5586 nigrum

719 5594 781 5631 ac
815 5576 1097 5656 ruln'dnm.‘
1118 5578 1268 5643 Quod
1290 5591 1470 5656 autem
1493 5576 1826 5656 Nilusetia'ut
1851 5601 1877 5635 a
1903 5576 2169 5639 veteribus
2200 5590 2294 5656 μέ-

721 5651 814 5724 λις
842 5649 1018 5701 dictus
1047 5650 1118 5703 sit
1163 5660 1392 5705 testatur
1430 5651 1754 5707 Plutarchus
1797 5652 1976 5709 [itu-llo
2013 5657 2084 5710 1h:
2120 5649 2292 5724 [inini-

723 5723 896 5773 nibus.

797 5791 870 5864 (7)
908 5791 1119 5857 Melius,
1153 5793 1203 5846 in
1240 5780 1712 5867 Mediterraneum,
1747 5817 1865 5867 cup.
1902 5799 1988 5854 ‘28.

2396 3224 2755 3287 tneridionali,
2790 3234 2953 3293 atque
2984 3224 3297 3280 universam
3327 3223 3648 3295 Ethiopum
3685 3227 3967 3297 regionem

2393 3332 2713 3387 peragrans,
2743 3315 2962 3370 demum
2989 3317 3042 3372 in
3070 3316 3294 3371 Adriam
3323 3326 3649 3374 ueneratur
3681 3319 3762 3386 (7)
3791 3316 3968 3387 :quod

2393 3427 2543 3465 mare
2596 3410 2808 3481 Egypti
2881 3409 3016 3466 ﬂues
3071 3411 3247 3468 alluit.
3288 3405 3509 3465 Tertius
3540 3409 3740 3467 ﬂuvius
3767 3411 3970 3473 Dictat,

2393 3504 2496 3559 hoc
2526 3510 2630 3569 est,
2666 3501 2864 3572 Tigris,
2905 3512 3095 3558 contra
3123 3502 3284 3558 Attur
3317 3503 3396 3573 (8)
3442 3501 3595 3558 ﬂuit.
3622 3503 3867 3569 Quartus
3892 3510 3971 3557 est
4006 3539 4008 3541 ›

2393 3594 2613 3660 Perath,
2675 3596 2726 3648 id
2779 3604 2882 3658 est,
2933 3595 3255 3663 Euphrates.
3296 3594 3363 3648 Et
3406 3595 3458 3649 hi
3493 3610 3716 3666 quoque
3738 3596 3873 3664 duo,
3903 3591 3974 3647 ob

2395 3688 2488 3741 illo
2515 3686 2804 3758 grandiore
2832 3685 3066 3748 diducti,
3097 3696 3152 3741 et
3181 3685 3285 3743 sub
3313 3701 3463 3741 mare
3493 3686 3660 3741 mersi
3698 3691 3969 3758 prodeunt

2385 3780 2606 3833 tandem
2652 3778 2706 3832 in
2771 3779 2950 3833 medio
3014 3777 3117 3833 hoc
3157 3787 3345 3833 nostro
3367 3779 3497 3844 orbe
3519 3778 3718 3835 vicinis
3745 3781 3887 3834 inter
3915 3791 3972 3834 se

2392 3869 2633 3927 fontibus
2671 3869 2978 3940 perluitque
3003 3869 3175 3924 Diclat
3201 3870 3522 3925 orientalem
3555 3870 3970 3943 Mesopotamia

2390 3962 2701 4034 regionem;
2732 3970 2915 4030 quem,
2949 3972 3006 4016 ut
3033 3961 3230 4017 Peratb
3263 3971 3440 4018 tractu
3498 3964 3684 4019 vicino
3725 3966 3968 4037 aliquan-

2389 4057 2480 4112 diu
2517 4056 2806 4110 comitatus
2836 4063 2940 4118 est,
2961 4054 3217 4111 labuntur
3257 4056 3420 4112 ambo
3449 4057 3504 4111 in
3533 4074 3793 4130 magnum
3831 4071 3971 4113 mare

2387 4148 2646 4203 australte
2674 4147 2855 4203 Bosrze
2887 4147 2990 4218 (9).

2958 4239 3187 4296 CAPUT
3240 4240 3408 4298 XXII.

2469 4332 2597 4386 Tria
2627 4333 2745 4387 loca
2781 4347 2876 4399 pro
2921 4332 3126 4387 Adamo
3191 4337 3406 4389 condita
3447 4355 3479 4391 a
3527 4335 3633 4394 Deo
3661 4370 3734 4381 -—
3783 4337 3968 4392 Solent

2388 4426 2609 4498 quidam
2646 4426 2976 4496 percontari,
3034 4427 3164 4496 quid
3208 4427 3420 4484 Adamo
3445 4429 3680 4501 Eveque
3727 4430 3963 4487 futurum

2390 4522 2600 4588 fuisset,
2633 4522 2679 4577 si
2742 4520 3052 4591 impositam
3109 4521 3213 4575 sibi
3263 4537 3290 4574 a
3329 4521 3437 4575 Deo
3484 4521 3654 4593 legem
3708 4523 3762 4578 in
3811 4533 3964 4592 para-

2386 4616 2508 4671 diso
2605 4629 2708 4669 non
2794 4613 3102 4685 fregissent.
3193 4613 3288 4671 His
3350 4617 3783 4686 respondemus,
3841 4612 3963 4668 sub-

2388 4708 2660 4764 vehendos
2694 4708 2862 4763 fuisse
2888 4723 2953 4761 ex
2985 4707 3239 4777 paradiso
3264 4723 3428 4777 supra
3476 4707 3582 4764 hoc
3610 4710 3733 4765 caeli
3786 4706 3962 4762 llrma-

2391 4811 2632 4857 mentum
2664 4799 2807 4870 quod
2841 4814 3004 4867 supra
3028 4813 3128 4854 nos
3162 4799 3398 4870 positum
3451 4800 3751 4864 intuemur,
3807 4803 3964 4864 atque

2390 4896 2443 4949 in
2483 4895 2689 4952 cmlesti
2736 4909 2903 4961 regno
2932 4895 3204 4962 voluptate
3235 4894 3538 4949 incredibili
3590 4903 3645 4948 et
3685 4895 3964 4948 immorta-

2389 4991 2540 5044 litate
2566 5005 2792 5060 prorsus
2809 4987 3044 5043 beandos
3070 5004 3084 5051 ;
3115 4987 3218 5041 hoc
3232 4988 3376 5042 enim
3395 4986 3602 5056 praemii
3631 4995 3792 5056 atque
3811 4975 3957 5052 pretii

2392 5099 2488 5154 pro
2515 5084 2799 5137 observata
2844 5081 2958 5151 lege
2992 5081 3229 5135 dandum
3270 5079 3375 5134 illis
3438 5078 3621 5134 fuisse.
3658 5079 3783 5133 Tria
3821 5072 3955 5129 enim

2391 5177 2507 5230 loca
2543 5176 2857 5230 condiderat
2883 5190 2980 5244 pro
3012 5174 3218 5227 Adamo
3279 5171 3418 5227 Deus
3447 5190 3461 5227 ;
3490 5174 3708 5238 cmlum,
3751 5162 3956 5240 paradi-

2479 5375 2553 5445 (8)
2585 5375 2780 5436 Ascur,
2815 5371 3410 5450 inl‘raL-Tigrinretiam
3441 5375 3605 5450 hodie
3644 5370 3768 5450 Syri.
3795 5363 3956 5450 Illic/at

2397 5437 2556 5514 vulgo
2599 5455 2831 5509 vocant;
2867 5455 2918 5497 et
2949 5437 3158 5497 Plinius
3189 5445 3346 5499 aliine
3382 5447 3645 5497 vocabulo
3684 5437 3952 5509 'Digltlum

2397 5511 2722 5581 appellatum
2756 5526 3041 5577 memorat,
3084 5531 3186 5584 qua
3224 5518 3397 5570 lenior
3431 5516 3568 5577 ﬂuit,
3608 5515 3701 5568 lib.
3728 5527 3798 5573 Vl,
3837 5519 3948 5573 σπι).

2397 5588 2485 5642 27.
3809 5649 3816 5656 _

2485 5660 2559 5724 (9')
2611 5657 2835 5710 llosram
2875 5658 3026 5710 aiunt
3081 5658 3198 5725 Syri
3263 5658 3449 5709 urinam
3503 5674 3623 5710 esse
3683 5655 3744 5705 ad
3777 5655 3948 5704 smul"

2407 5721 2709 5787 Persicum.
2740 5728 2937 5795 alioqui
2975 5721 3136 5779 mu;
3175 5745 3231 5786 ll,
3266 5728 3314 5778 in
3361 5725 3571 5779 Idumen
3610 5728 3944 5781 rce-cuscltt’:

2405 5811 2449 5851 et
2485 5801 2622 5868 apud
2656 5800 2963 5864 alcl't‘llllitlll,
3003 5819 3048 5852 ς.
3094 5800 3178 5860 is,
3222 5799 3269 5850 in
3301 5797 3604 5852 Moabitidc.
