4010 6466
715 236 826 302 515.

1984 240 2214 301 nosrs
2256 240 2404 299 usu
2443 232 2688 300 CEPHA
3522 235 3527 239 ’
3816 247 3887 319 51¢

708 348 864 403 candi
892 346 981 417 qui
1017 347 1071 402 in
1097 349 1410 418 angelorum
1443 358 1636 405 natura
1666 356 1773 413 est,
1800 348 1854 403 in
1884 348 1952 404 iis
1991 350 2155 404 etiam
2182 351 2275 420 qui
2308 358 2351 413 Α
2381 350 2473 405 sed
2492 350 2632 405 idem
2651 351 2738 406 ille
2754 352 3388 423 modusquoangelorum
3405 362 3600 410 natura
3616 356 3888 429 titultipneata

711 440 932 509 paulum
959 439 1209 495 diminuti
1259 448 1386 495 sunt
1406 441 1473 496 ab
1514 441 1721 511 angelis
1746 441 1872 510 (hoc
1924 450 2042 505 est,
2092 442 2145 494 in
2179 442 2276 495 ho-

713 530 973 602 minibus)
996 533 1135 585 viam
1169 547 1323 587 suam
1339 532 1666 601 exercuisset
1704 533 1771 587 ad
1808 532 2297 603 multiplicandum.

711 637 883 689 genus
940 623 1239 677 humanum
1279 637 1446 693 usque
1486 624 1553 678 ad
1582 623 1864 679 definitum
1895 623 2116 694 Opilicis
2150 638 2281 679 con-

707 715 832 769 ailio
860 730 1170 771 numerum.

1262 826 1489 884 CAPUT
1522 826 1614 882 XX
1626 826 1716 885 IV.

776 943 1042 998 Arionium
1062 953 1109 998 et
1136 914 1301 997 Esaia
1335 920 1437 999 non
1466 944 1604 997 solos
1637 943 1691 997 in
1717 943 1972 1013 paradiso
2000 958 2279 999 mansuros

644 1046 651 1055 '
705 1034 998 1103 faisss,aed
1033 1034 1206 1089 sobole
1234 1034 1405 1089 multa
1427 1033 1714 1105 augendos,
1735 1036 1783 1091 ai
1818 1036 2131 1090 mandatum
2180 1036 2279 1090 Dei

702 1138 809 1177 non
826 1124 1387 1179 violassent—Solent
1404 1138 1566 1193 porro
1582 1124 1685 1180 hoc
1703 1124 1867 1181 etiam
1883 1126 2276 1199 quaererem),

702 1208 813 1285 qui
860 1230 1038 1270 rerum
1100 1216 1621 1287 cognoscendarum.
1659 1218 1934 1273 desiderio
1988 1227 2274 1283 tenentur;

702 1305 933 1361 fuissent
968 1320 1037 1362 ne
1070 1305 1228 1376 primi
1277 1316 1529 1378 parentes
1562 1306 1663 1362 soli
1719 1309 1774 1363 in
1812 1310 2066 1381 paradiso
2095 1324 2277 1365 mora-

706 1396 836 1459 turi,
867 1397 915 1453 si
968 1398 1138 1465 legem
1162 1398 1595 1464 gobservassent;
1643 1414 1712 1454 an
1744 1416 1874 1456 vero
1917 1402 2103 1458 sobole
2150 1417 2277 1473 pro-

698 1498 878 1566 creata
930 1490 1287 1547 nihilominus
1342 1492 1649 1547 crevissent
1709 1508 1938 1549 numero
2001 1494 2273 1551 homines.

698 1582 907 1649 Quibus
920 1592 1239 1653 responsum
1263 1586 1513 1640 volumus
1529 1597 1787 1656 generato
1798 1600 1908 1652 ros,
1928 1588 2277 1656 maximoque

698 1681 926 1729 numera
974 1675 1408 1746 multiplicandns
1455 1674 1669 1733 fuisse:
1722 1678 1887 1747 idque
1931 1677 2013 1732 vel
2053 1676 2272 1767 exgipsa
2303 1708 2347 1767 Β

696 1766 1069 1823 benedictione
1127 1784 1233 1837 qua
1287 1768 1435 1837 ipsos
1495 1778 1820 1839 prosecutus
1870 1769 2051 1823 fuerat
2128 1765 2273 1824 Deus

694 1868 972 1923 constare,
1005 1844 1141 1914 cum
1174 1859 1421 1915 diceret:
1453 1858 1685 1916 Crescite
1715 1870 1765 1915 et
1823 1860 2269 1930 multiplicamini,

696 1959 993 2025 terramque
1028 1949 1220 2021 replete
1258 1960 1310 2005 et
1356 1967 1472 2006 eam
1503 1951 1748 2024 subigite.
1796 1951 1875 2008 Ea
1906 1955 2052 2010 enim
2108 1955 2273 2011 verba

694 2057 819 2096 cum
854 2042 1167 2109 simul,cum
1202 2042 1379 2100 fausta
1415 2046 1733 2114 precatione
1790 2034 2110 2103 mandatum
2141 2064 2274 2105 con-

696 2129 941 2198 tineant;
970 2130 1093 2200 quis
1128 2132 1387 2201 ambigat,
1418 2134 1550 2203 quin
1606 2132 1701 2189 Dei
1753 2145 1808 2190 et
1858 2137 2171 2206 apprecatio
2218 2145 2273 2193 et

676 2223 1012 2292 ,mandatum
1061 2237 1287 2292 prorsus
1322 2210 1629 2294 pnestnnda
1681 2226 1931 2297 fuerint?
1974 2222 2274 2285 coniicitur

696 2311 919 2380 itaque,
984 2312 1254 2368 Adamum
1315 2326 1372 2371 et
1422 2314 1590 2371 Evam
1636 2318 1883 2377 sobolem
1923 2334 2270 2375 numerosam

695 2416 1084 2474 prapagaturos
1124 2407 1333 2471 fuisse;
1382 2424 1556 2479 neque
1599 2413 1748 2467 solos
1796 2411 1923 2468 illos
1959 2412 2269 2482 paradisum

698 2498 1056 2563 habitaturus,
1088 2501 1131 2555 si
1159 2501 1476 2556 obedientes
1508 2504 1860 2559 mansissent.

1238 2613 1471 2670 CAPUT
1540 2616 1711 2672 XXV.

760 2726 1053 2797 Caeterum,
1076 2728 1221 2801 quod
1244 2732 1415 2803 quaeri
1439 2732 1597 2799 solet,
1618 2748 1713 2803 per
1730 2733 2100 2791 Venereumue
2123 2752 2272 2791 com-

694 2822 913 2891 plexum
976 2836 1197 2891 operam
1232 2822 1419 2880 liberis
1472 2825 1758 2896 gignendis
1808 2827 1987 2883 daturi
2043 2826 2272 2885 fuissent

696 2914 944 2969 homines
982 2912 1033 2967 in
1064 2915 1344 2985 paradiso.
1370 2929 1441 2971 an
1492 2918 1699 2988 absque
1734 2920 1937 2991 nuptiis
1968 2938 1983 2976 :
2010 2919 2265 2989 dicimus,

694 3017 756 3060 ut
789 3008 919 3076 ipsa
954 3017 1139 3063 nostra
1176 3015 1375 3068 natura
1434 3025 1639 3066 arcano
1703 3013 2001 3071 conditoris
2051 3016 2138 3071 sui
2172 3016 2265 3071 Dei

695 3099 923 3154 consilio
971 3098 1106 3156 scite
1134 3099 1482 3170 fecundatur,
1536 3120 1785 3175 augetur,
1827 3107 2264 3183 multiplicatur;

693 3190 769 3244 ita
800 3192 1115 3247 universum
1150 3207 1369 3264 quoque
1409 3194 1708 3250 humanum
1749 3213 1921 3267 genus
1970 3198 2267 3256 fecundan-

692 3282 846 3346 dum,
877 3286 1206 3355 augendum,
1240 3290 1711 3358 multiplicandum
1744 3291 1935 3358 fuisse,
1959 3305 2016 3349 et
2042 3294 2261 3364 quidem

692 3375 903 3444 absque
950 3378 1265 3435 concubitu.
1295 3377 1428 3434 Nam
1455 3390 1509 3435 et
1546 3383 1723 3453 angeli
1774 3386 1929 3441 multi
1974 3399 2266 3445 evaserunt

690 3468 931 3539 quidem,
964 3470 1057 3523 sed
1089 3472 1299 3539 absque
1353 3475 1577 3543 nuptiis,
1616 3486 1671 3530 et
1710 3468 1880 3531 Adam
1935 3490 2097 3549 atque
2152 3480 2263 3540 Eva

690 3560 808 3615 sine
848 3560 1053 3617 Venere
1094 3563 1205 3618 nati
1251 3562 1496 3631 fuerant;
1528 3568 1593 3621 ad
1650 3568 1776 3632 hoc,
1817 3566 1978 3625 etiam
2011 3588 2157 3628 nunc
2184 3576 2266 3629 vi-

689 3654 817 3707 dere
847 3661 931 3708 est
969 3655 1136 3709 multa
1167 3657 1485 3713 animalium
1523 3677 1716 3728 genera
1746 3664 1953 3735 absque
1973 3668 2116 3721 coitu
2146 3666 2265 3739 pro-

687 3747 895 3814 pagnri,
914 3750 1073 3815 quale
1098 3758 1179 3803 est
1197 3751 1457 3805 vermium
1479 3768 1673 3823 genus,
1701 3766 1749 3811 et
1774 3758 2032 3825 culicum,
2051 3761 2264 3833 aliaque
2326 3764 2331 3769 ⁷

688 3838 987 3905 οοιιιριυτει.
1023 3839 1171 3895 lianc
1203 3846 1527 3900 sententiam
1573 3850 1835 3917 approbat
1868 3868 2087 3921 quoque
2118 3854 2262 3910 Gre-

688 3932 871 3999 gorius
908 3930 1181 4003 Nyssmus,
1206 3938 1626 3994 Commentariis
1647 3942 1714 3995 de
1736 3941 1972 3999 hominis
1991 3948 2263 4017 composi-

692 4022 857 4085 tione,
886 4024 1048 4092 capit.
1084 4024 1168 4089 i8,
1198 4026 1452 4097 inquiens
1486 4044 1502 4085 :
1530 4029 1697 4102 Aiuqt
1729 4034 1986 4102 quidam,
2019 4038 2062 4090 si
2085 4036 2289 4096 nullus.

690 4117 958 4171 l'nissctin
985 4119 1238 4186 paradiso
1285 4121 1923 4191 complexus,'humanas
1967 4132 2177 4186 animus
2211 4133 2264 4185 in

689 4224 886 4279 magno
918 4228 1139 4268 numero
1161 4215 1371 4271 iuturas
1402 4232 1508 4271 non
1540 4218 1728 4275 fuisse.
1756 4220 1863 4276 Nos
1884 4239 2011 4278 vero
2034 4226 2265 4289 dicimus

689 4298 962 4354 hominem
994 4317 1119 4359 ante
1164 4321 1439 4374 peccatum
1502 4311 1801 4366 admissum
1845 4316 2260 4387 quasiangelum

2382 453 2467 498 est
2514 444 2565 497 in
2607 446 2842 499 humano
2900 461 3095 515 genere
3131 447 3273 516 quod
3327 445 3620 503 Paululam
3660 452 3717 504 ab
3750 456 3891 524 angeli:

2383 536 2639 589 minutum
2674 536 2832 600 est",
2856 537 3039 591 eﬂicax
3079 537 3290 602 fuisset,
3316 551 3371 595 ut
3404 541 3471 595 ad
3492 556 3618 596 eum
3647 556 3893 613 augesceret

2382 642 2666 682 numerum
2685 628 2777 697 qui
2808 627 2902 683 Dei
2929 630 3156 686 consilio
3174 632 3430 689 deﬁnitus
3452 642 3593 689 erat.
3612 633 3752 700 Quod
3766 638 3894 707 siquis

2381 736 2510 775 vero
2535 730 2740 791 qumrat
2776 723 3229 792 procreandarum
3265 725 3571 781 animarum
3606 728 3794 798 absque
3823 748 3893 784 nu-

2382 811 2507 880 ptiis
2532 815 2795 866 rationem
2837 814 3167 885 modumque
3191 855 3207 880 ,
3241 816 3289 871 is
3319 816 3555 872 vicissim
3600 818 3747 872 nobis
3775 817 3894 879 dicit,

2286 896 2289 899 ’
2380 918 2491 973 quo
2524 903 2826 959 subsistant
2856 906 3016 960 modo
3050 906 3246 976 angeli,
3280 908 3361 964 sic
3384 908 3527 963 enim
3559 909 3792 965 homines
3814 912 3897 965 sine

2380 997 2662 1067 complexu
2699 997 2928 1054 fuissent
2955 1000 3290 1086 multiplicati
3317 1010 3375 1055 ut
3398 1002 3603 1073 angeli.
3635 1001 3770 1057 Idem
3788 1002 3893 1073 Nys-

2380 1104 2541 1152 saaus,
2571 1106 2690 1161 cap.
2729 1092 2814 1146 14.
2846 1092 2963 1162 ejus
3020 1093 3223 1161 operis,
3279 1094 3360 1149 sic
3405 1096 3569 1149 habet
3606 1114 3619 1149 :
3660 1095 3716 1149 Si
3748 1096 3899 1151 mein-

2379 1185 2761 1253 terrogaveris,
2802 1186 2895 1254 qui
2948 1185 3255 1254 potuissent
3301 1196 3381 1242 tot
3439 1176 3726 1243 hominum
3774 1189 3899 1244 millia
3948 1176 3949 1227 Ῡ

2381 1277 2676 1343 procreari,
2708 1278 2752 1332 si
2802 1280 3122 1333 concubitus
3162 1280 3348 1335 nullus
3401 1280 3620 1347 fuisset,
3676 1297 3772 1354 ego
3813 1300 3900 1338 uni-

2380 1381 2529 1424 tunm
2560 1385 2626 1424 ex
2662 1380 2713 1425 te
2759 1380 2960 1440 petam,
2998 1372 3087 1440 qui
3143 1374 3212 1429 sit
3268 1385 3565 1446 prognatus
3601 1377 3784 1444 Adam,
3832 1380 3899 1448 qui

2379 1460 2510 1525 Eva,
2534 1464 2753 1533 quando
2782 1466 2941 1519 nullae
2960 1464 3325 1521 intervenerat
3355 1468 3588 1538 nuptie!
3614 1468 3748 1537 Quid
3772 1471 3899 1540 ergo?

2378 1556 2442 1610 ad
2467 1571 2667 1611 eumne
2700 1558 2949 1624 modum,
2983 1575 3094 1628 quo
3114 1559 3203 1615 'illi
3253 1572 3377 1616 sunt
3427 1559 3631 1629 eﬂ‘ecti,
3684 1564 3898 1618 nascituri

2377 1657 2533 1701 erant
2592 1649 2849 1719 deinceps
2891 1665 3083 1705 onmes
3131 1650 3441 1706 mortales?
3498 1650 3640 1706 Sane
3686 1652 3901 1722 genitura

2377 1740 2573 1794 modus
2603 1742 2796 1796 talisne
2830 1756 2898 1795 an
2949 1740 3086 1795 alius
3118 1740 3278 1798 fuerit
3312 1742 3549 1805 futurus,
3585 1744 3636 1797 id
3669 1744 3773 1813 jam
3801 1745 3901 1798 mihi

2376 1843 2482 1883 non
2518 1839 2602 1885 est
2639 1829 3015 1900 explicandum
3054 1850 3068 1886 :
3122 1834 3223 1886 hoc
3269 1832 3412 1887 enim
3451 1833 3615 1889 modo
3663 1833 3900 1904 quatitur,

2376 1923 2722 1978 connubione
2756 1939 2893 1993 opus
2946 1923 3141 1979 fuisset
3191 1923 3299 1980 Deo
3330 1926 3397 1980 ad
3449 1926 3741 1981 humanum
3768 1941 3903 1995 genus

2346 2016 2845 2085 .rnultiplicandum
2906 2019 2958 2071 in
3011 2017 3192 2081 terris,
3249 2032 3317 2072 an
3367 2017 3616 2075 minime.
3673 2018 3905 2074 Hactenus

2372 2118 2437 2159 ex
2471 2105 2718 2176 Nysaeo.
2755 2104 2859 2161 Sed
2906 2116 2962 2161 et
3008 2106 3265 2163 dominus
3287 2104 3524 2163 Jacobus
3554 2108 3621 2164 de
3667 2108 3903 2165 Botnaut:

2373 2196 2449 2251 Et
2481 2199 2682 2268 quibus
2710 2197 2931 2270 (inquit)
2960 2215 3143 2270 quasso
3180 2201 3389 2275 nuptiis,
3421 2200 3603 2257 editus
3633 2212 3714 2257 est
3737 2203 3905 2257 Adam?

2373 2305 2510 2359 quos
2541 2300 2735 2360 passus
2773 2292 2888 2360 ipse
2920 2292 3136 2347 dolores
3184 2304 3240 2347 ut
3274 2292 3438 2347 Eram
3474 2296 3726 2364 pareret?
3748 2294 3903 2350 Millies

2372 2383 2688 2453 angelorum
2746 2384 2916 2437 millia
2974 2392 3120 2438 stant
3169 2399 3353 2439 coram
3415 2384 3548 2453 Deo,
3604 2402 3705 2442 nec
3758 2397 3902 2442 tamen

2371 2490 2559 2530 eorum
2612 2476 2760 2533 ullus
2796 2485 2951 2532 utero
2989 2486 3253 2545 gestatus,
3280 2486 3376 2532 aut
3421 2478 3642 2548 gravida
3674 2480 3786 2534 alvo
3806 2496 3903 2534 cum

2372 2567 2656 2623 doloribus
2697 2569 2752 2623 in
2788 2568 2964 2623 lucem
3020 2569 3200 2625 editus
3230 2580 3357 2625 est:
3395 2571 3570 2625 multo
3598 2586 3727 2641 ergo
3767 2569 3904 2641 magis

2374 2657 2797 2713 existimandum
2851 2667 2933 2715 est
2972 2660 3220 2730 cpiiieem
3249 2659 3416 2715 Deum
3451 2662 3702 2718 homines
3736 2664 3904 2732 alisque
3956 2657 3999 2732 Γ

2371 2752 2577 2820 nuptiis
2621 2763 3035 2823 procreaturum
3068 2753 3269 2822 fuisse,
3305 2758 3445 2810 sicut
3477 2757 3686 2826 primos
3726 2768 3906 2825 quoque
3948 2752 3988 2826 Ι

2373 2844 2494 2900 illos
2526 2856 2801 2916 parentes,
2849 2860 2877 2901 e
2907 2847 3108 2914 quibus
3154 2848 3407 2903 universa
3442 2847 3555 2905 bac
3598 2849 3800 2920 generis
3830 2849 3908 2901 ιω.
3948 2844 3999 2920 1³

2372 2938 2518 2992 mani
2573 2939 2863 3009 posteritas
2894 2950 3017 2994 nata
3051 2948 3156 3005 est,
3206 2942 3533 3011 procreavit.
3569 2938 3637 2995 Et
3674 2940 3820 3012 paulo
3845 2940 3907 2993 ine

2373 3028 2543 3083 ferius
2571 3045 2587 3083 :
2621 3027 2760 3095 Quid
2789 3044 2941 3099 ergo,
2984 3032 3153 3085 dicito
3184 3031 3337 3097 mihi,
3371 3032 3684 3087 Abrahamo
3734 3030 3905 3101 profuit
3938 3027 3992 3101 Ι

2370 3136 2439 3175 ne
2485 3123 2814 3177 concubitus
2847 3125 2913 3176 ad
2951 3125 3346 3191 procreandam
3388 3125 3681 3180 sobolem?
3716 3124 3905 3179 Minime

2368 3213 2500 3269 sahe
2532 3232 2545 3267 :
2578 3216 2779 3285 quippe
2834 3215 2927 3284 qui
2983 3224 3060 3271 tot
3111 3218 3270 3272 annis
3302 3232 3521 3287 Operam
3571 3217 3766 3274 frustra
3803 3218 3904 3273 huic

2366 3307 2606 3363 dedisset
2627 3349 2641 3371 ,
2676 3308 2826 3364 hisce
2855 3310 2997 3380 apud
3040 3311 3206 3365 Deum
3256 3311 3439 3366 verbis
3469 3312 3630 3367 etiam
3661 3324 3767 3367 tum
3798 3327 3905 3367 usus

2365 3407 2450 3453 est
2481 3416 2496 3452 :
2530 3398 2773 3468 Domine,
2811 3401 2938 3471 quid
2961 3402 3087 3456 mihi
3119 3404 3343 3456 daturus
3368 3421 3420 3458 es
3452 3406 3542 3473 qui
3558 3405 3729 3459 liberis
3747 3405 3908 3459 careo?

2364 3488 2533 3561 Igitur
2558 3504 2618 3547 ut
2660 3500 2791 3547 tunc
2836 3508 2902 3548 ex
2935 3506 3151 3550 mortuo
3180 3495 3325 3551 elIeti
3358 3499 3508 3552 senis
3541 3498 3686 3552 illius
3711 3512 3906 3565 corpore

2365 3583 2534 3639 edidit
2565 3583 2710 3640 De‘us
2742 3597 2851 3639 tam
2883 3588 3049 3641 multa
3085 3590 3362 3643 hominum
3400 3592 3569 3645 millia
3598 3610 3611 3646 :
3636 3593 3705 3647 ita
3735 3594 3775 3646 si
3802 3593 3906 3645 inde

2367 3675 2436 3729 ab
2498 3676 2656 3731 initio
2722 3677 3159 3749 Deigprmceptis
3236 3684 3644 3750 acquievissent
3696 3684 3907 3739 Adamns

2348 3785 2615 3839 uxorque
2644 3770 2773 3837 Eva,
2808 3784 2971 3843 atque
3015 3775 3080 3827 ab
3111 3778 3303 3831 arbore
3334 3779 3637 3847 appetenda
3676 3794 3731 3835 se
3766 3780 3909 3831 absti-

2366 3864 2643 3928 nuissent;
2701 3881 2806 3919 non
2859 3867 3120 3922 defuisset
3175 3870 3281 3925 Deo
3344 3871 3666 3927 fecundandi
3722 3873 3909 3941 generis

2367 3952 2589 4006 humani
2657 3956 2815 4009 ratio.
2877 3955 3177 4012 Conficitur
3224 3974 3354 4029 ergo
3385 3976 3449 4016 ex
3486 3963 3551 4017 iis
3591 3978 3708 4032 qua:
3754 3962 3909 4015 adhuc

2366 4045 2507 4100 dicta
2542 4058 2690 4107 sunt,
2719 4048 2968 4103 homines
3029 4051 3081 4103 in
3120 4055 3372 4119 paradiso
3428 4052 3633 4124 absque
3656 4054 3785 4123 gullo
3821 4068 3909 4105 nu-

2374 4138 2534 4207 ptiali
2574 4140 2855 4209 complexu
2892 4143 3067 4211 reipsa
3104 4143 3461 4199 fetiiicaturos
3498 4148 3698 4213 fuisse,
3730 4150 3809 4200 sed
3853 4160 3907 4198 eo

2367 4230 2527 4285 modo
2566 4247 2728 4301 quem
2764 4234 2914 4287 solus
2955 4235 3135 4303 epiicx
3173 4236 3311 4292 Deus
3344 4239 3517 4293 novit.

2919 4325 3152 4381 CAPUT
3204 4327 3393 4383 XXVI.

689 4392 879 4458 fuisse,
916 4396 1017 4450 sed
1068 4414 1161 4467 per
1196 4410 1473 4469 peccatum
1517 4404 1725 4469 ruisse;
1764 4408 1875 4475 ipsa
1906 4410 2047 4463 enim
2088 4428 2263 4467 resur-

2439 4416 2593 4473 Sicut
2627 4429 2804 4473 autem
2842 4421 3043 4487 absque
3077 4424 3371 4477 concubitu
3406 4423 3638 4479 fuissent
3662 4422 3901 4494 prognati.

688 4490 859 4541 rectio
897 4488 1101 4545 reditus
1132 4500 1212 4547 est
1244 4496 1306 4546 ad
1340 4496 1625 4563 pristinam
1690 4499 2079 4561 conditionem.
2126 4504 2264 4574 Ergo

688 4577 731 4630 si
768 4588 886 4647 post
922 4587 1375 4639 resurrectionem
1412 4589 1618 4643 erimus
1660 4590 1823 4643 veluti
1877 4594 2076 4663 angeli,
2125 4610 2260 4650 con-

687 4670 934 4737 sequitur
968 4672 1095 4726 tales
1124 4689 1339 4743 quoquc
1376 4675 1547 4731 fuisse
1594 4687 1719 4733 ante
1751 4690 2059 4749 peccatum.
2094 4686 2257 4753 Atqui

685 4760 859 4829 angeli
899 4777 999 4815 non
1024 4764 1614 4838 jungnnlutjamplcxu;
1647 4787 1774 4841 ergo
1814 4789 1987 4843 neque
2013 4778 2258 4833 homines

681 4850 857 4918 juncti
913 4854 1140 4909 fuissont
1189 4860 1288 4912 nisi
1328 4875 1639 4928 peccassent
1690 4882 1701 4917 :
1752 4869 1841 4920 sed
1884 4870 2023 4924 sient
2083 4874 2257 4945 angeli

688 4942 892 5011 absque
923 4950 1124 5016 nuptiis
1160 4951 1351 5005 millies
1389 4954 1534 5008 mille
1563 4960 1712 5022 sunt,
1744 4970 1793 5011 et
1843 4964 2111 5031 myriades
2142 4942 2259 5036 my-

688 5033 900 5087 riadum
956 5055 1178 5094 numero
1224 5056 1506 5113 superant,
1537 5047 1607 5099 ita
1638 5064 1733 5103 nos
1760 5065 1997 5120 quoque,
2026 5055 2127 5109 nisi
2161 5033 2257 5109 au-

686 5130 990 5199 gelicusillc
1009 5143 1177 5189 status
1196 5138 1245 5191 iu
1266 5138 1419 5193 nobis
1439 5150 1677 5196 mutatus
1700 5145 1890 5197 inisset
1908 5148 2179 5202 connubio
2192 5150 2258 5204 ad

687 5225 860 5279 nostri
888 5229 1389 5298 multiplicatiouem
1422 5236 1646 5290 minime
1678 5252 1814 5308 Opus
1859 5239 2256 5309 habuissemus,

755 5370 798 5400 ⁸⁷
836 5370 977 5425 Psal.
1013 5388 1125 5437 tm,
1169 5374 1201 5428 5
1228 5392 1241 5439 ;
1271 5373 1432 5431 Hebr.
1466 5393 1521 5442 Il,
1552 5379 1600 5433 7.

757 5489 868 5565 (Il)
904 5496 1069 5546 tante
1102 5496 1214 5563 lege
1245 5496 1346 5549 hoc
1372 5506 1554 5565 caput,
1585 5513 1707 5550 nam
1762 5499 2008 5554 dissonat
2050 5520 2077 5557 a
2104 5519 2255 5557 com-

687 5564 838 5614 muni
892 5578 1051 5635 sensu
1118 5564 1497 5635 theologorum
1566 5572 1875 5621 docentium
1913 5573 1964 5623 in
1996 5583 2137 5626 statu
2172 5577 2254 5627 in-

682 5632 1198 5712 iioceutimfuturam
1230 5632 1396 5691 inisse
1428 5640 1707 5713 hominum
1734 5645 2135 5713 gettet‘nitionem
2172 5662 2259 5713 per

686 5704 1124 5759 CUUlllllSllUllCln
1159 5710 1323 5761 maris
1356 5719 1408 5763 et
1442 5709 1629 5767 lentio.
1659 5704 1790 5765 ντίὶιι
1814 5710 1870 5764 S.
1908 5712 2096 5768 Thom.
2132 5704 2180 5784 ι,’
2208 5734 2259 5785 p.

2373 4512 2628 4578 auctique
2688 4526 2913 4564 numero
2949 4510 3196 4565 homines
3229 4513 3281 4566 in
3320 4515 3597 4583 paradiso,
3621 4517 3689 4569 ita
3720 4518 3763 4567 in
3800 4529 3902 4563 tcta

2367 4605 2662 4670 voluptate,
2701 4610 2866 4671 atque
2898 4602 3124 4657 inﬁnitis
3147 4605 3395 4672 partibus
3434 4608 3639 4672 majore
3664 4618 3807 4675 quant
3831 4611 3904 4655 est

2364 4709 2425 4745 ca
2461 4710 2563 4761 qua
2605 4694 2762 4747 hodie
2800 4695 3059 4755 mortales
3094 4694 3350 4751 fruuntur
3379 4702 3640 4761 maxima,
3674 4697 3771 4751 illic
3793 4704 3904 4748 zela-

2368 4791 2473 4835 tem
2530 4786 2859 4852 ngitassent,
2893 4796 3077 4854 utpote
3127 4789 3305 4857 ominis
3359 4790 3599 4854 laboris,
3654 4788 3905 4860 perlner

2369 4878 2554 4941 liOtlIS,
2614 4881 2896 4944 molestiae,
2951 4881 3193 4949 doloris,
3257 4885 3431 4937 morbi
3486 4885 3715 4955 denique
3766 4891 3901 4947 atque
3974 4878 3986 4951 i

2363 4968 2703 5035 mgritudinis
2723 4982 2988 5039 expertes.
3014 4972 3265 5029 Edisseut
3282 4976 3423 5028 enim
3444 4975 3510 5029 de
3533 4972 3903 5044 paradisiarbeo

2367 5060 2539 5123 ribus,
2561 5071 2613 5114 et
2632 5063 3014 5117 suavissimum
3039 5080 3102 5118 ex
3128 5068 3364 5120 maximo
3400 5070 3490 5123 illo
3514 5069 3901 5129 dulcissitnoque

2369 5152 2604 5220 paradisi
2639 5152 2859 5209 nomine
2885 5166 3069 5225 potum
3096 5158 3356 5212 bibissent
3382 5163 3589 5232 absque
3614 5158 3750 5215 omni
3782 5157 3899 5208 inter

2368 5260 2427 5300 se
2462 5246 2691 5301 dissidio
2754 5251 2975 5317 rixave;
3023 5252 3235 5320 qualem
3268 5255 3441 5325 angeli
3476 5256 3600 5325 ipsi,
3634 5265 3683 5309 et
3713 5247 3895 5321 qualem

2360 5526 2415 5587 ᾳ,-
2450 5511 2540 5587 98.
2566 5520 2676 5587 ert.
2718 5512 2771 5587 ἓ,
2800 5514 3025 5587 ejusque
3081 5526 3409 5587 interpretes
3445 5514 3677 5587 Bannes,
3714 5506 3892 5587 Cumq'o

2366 5579 2693 5647 Valentiam,
2723 5579 3001 5650 Moliuam,
3035 5597 3087 5642 et
3122 5579 3335 5642 Sisini"
3393 5588 3596 5642 Seueri.
3629 5584 3757 5642 Jem.
3811 5581 3889 5635 lib.

2368 5669 2443 5709 γ..
2487 5651 2621 5705 ΙΗΗ.
2660 5668 2844 5709 annot.
2888 5657 2976 5709 9.0.
