4010 6462
114 230 192 290 517
1190 215 1285 273 DE
1326 207 1697 272 PARADISO

1772 231 1839 240 -
1881 205 2072 264 PARS
2116 202 2162 262 ῐ.
3212 186 3313 251 518

113 346 316 390 Adaums
341 349 457 386 t‘tt‘n
495 330 602 383 lira
643 338 766 382 ante
800 327 992 380 factam
1033 326 1225 395 legem,
1247 327 1411 379 vitam
1449 323 1638 376 viven-
1673 328 1713 381 Α
1743 330 2064 385 corporeum
2089 310 2328 382 quidem,
2352 308 2396 365 si
2433 308 2610 378 ipsum
2639 301 3275 373 aspectabilemangucm
3305 321 3318 362 ;

113 442 177 482 tes
207 429 250 479 in
285 423 512 493 perfecta
555 437 705 492 pace,
761 419 1042 480 charitate,
1085 415 1638 484 concordia.Quippe
1744 411 2043 478 spiritalem
2102 420 2252 468 vero,
2303 403 2348 457 si
2415 415 2636 456 sensum
2697 410 2918 452 omnem
2971 393 3318 461 effugiendum

110 519 177 568 liis
201 488 381 581 quibus
411 513 520 574 jam
551 488 807 563 mortales
847 510 1080 562 fruimur
1115 508 1507 574 voluptatibus,
1540 519 1637 558 sua
1746 501 2002 554 Satanam
2036 499 2129 568 qui
2169 497 2307 550 intra
2362 495 2513 548 illum
2550 492 2750 545 latebat
2801 497 2965 558 atque
3000 488 3124 539 inde
3159 489 3320 539 verba

105 608 272 674 cuique
331 604 575 656 molestia
605 603 859 664 COllil'I‘t‘l,
895 602 1054 654 veluti
1086 600 1208 654 cibo
1265 600 1480 670 largiori
1515 613 1640 652 cru-
1744 590 2327 646 faciebatconsideres.
2352 586 2534 639 Altera
2570 582 2802 652 qiimstio
2854 588 2959 633 est.
2997 577 3074 629 Ex
3111 593 3326 645 genere-

105 697 260 750 ditatis
315 695 549 759 malum,
610 692 757 761 potui
813 691 1104 760 copiosiori
1185 706 1423 755 nausea,
1483 691 1640 743 bona:
1745 701 1811 738 ne
1845 683 2232 753 reptilium,an
2260 695 2390 733 vero
2424 686 2746 731 cmterornm
2776 669 3140 725 animantium
3168 667 3327 719 fuerit

103 786 360 841 valetudini
452 790 716 850 adversa,
791 785 972 838 robori
1047 771 1425 846 imbecillit’as,
1491 783 1640 835 boum
1745 775 1832 830 ille
1863 771 2188 841 serpens,in
2213 785 2372 838 quem
2417 783 2474 821 se
2499 766 2754 818 Satanam
2805 761 3135 821 insinuasse,
3164 767 3330 825 atque

104 878 262 930 forma:
317 873 664 941 deformitas;
716 884 875 944 atque
921 875 972 927 in
1025 875 1146 929 aliis
1205 888 1441 943 quoque.
1474 873 1538 927 At
1586 873 1638 926 in
1747 866 1817 918 ita
1849 879 1973 918 cum
2005 862 2235 915 muliere
2258 861 2588 914 collocutum
2615 855 2900 909 diximus?
2933 854 3329 908 Existimamus
3370 863 3375 868 ·

105 969 482 1039 paradisooulla
514 968 702 1022 fuisset
727 968 1262 1037 ejuscemodirerum
1290 967 1638 1031 vicissitudo;
1745 973 1870 1011 vero
1910 971 1972 1010 ex
2021 955 2320 1009 bestiarum
2355 967 2461 1006 non
2508 948 2813 1017 repentium
2865 962 3096 1001 numero
3128 945 3325 1007 fuisse.

104 1077 226 1115 mera
273 1062 415 1114 enim
478 1042 586 1115 illic
635 1062 884 1130 voluptas
938 1060 1159 1126 fuisset,
1220 1060 1479 1115 molestia;
1511 1073 1640 1113 vero
1746 1050 1908 1118 idque
1939 1047 2024 1101 his
2059 1047 2208 1100 ducti
2233 1045 2591 1116 argumentis.
2611 1040 3078 1095 PrimoMosesait
3104 1054 3330 1107 serpen-

104 1167 298 1220 prorsus
330 1152 511 1216 nullae,
541 1163 736 1222 utquze
759 1160 880 1222 post
906 1153 1162 1206 violatum
1196 1151 1287 1207 Dei
1323 1152 1639 1206 mandatum
1747 1149 1852 1194 tem
1906 1141 2076 1194 fuisse
2105 1137 2423 1193 astutiorem
2457 1135 2714 1188 omnibus
2741 1134 2968 1197 bestiis;
3008 1147 3115 1184 non
3143 1139 3327 1184 autem

107 1245 288 1300 tandem
319 1255 492 1315 enatze
523 1220 654 1314 sint;
696 1220 992 1315 Maioribus
1023 1263 1152 1315 ergo
1174 1246 1385 1301 deliciis
1415 1262 1478 1301 ex
1516 1247 1642 1301 cum
1743 1230 1902 1293 dixit,
1938 1228 2194 1283 omnibus
2225 1225 2532 1294 reptilibus.
2576 1224 2641 1274 Et
2688 1222 2851 1291 paulo
2881 1229 3001 1291 post
3040 1222 3155 1289 ipse
3189 1220 3333 1273 Deus

103 1345 311 1406 potaque
358 1311 467 1392 illic
509 1311 686 1393 atl'ecti
733 1311 1003 1404 fuissent,
1041 1311 1204 1409 quam
1236 1340 1438 1410 quibus
1483 1339 1642 1394 hodie

1747 1323 1809 1375 ad
1839 1329 2147 1389 serpentem
2170 1316 2331 1370 verba
2358 1330 2550 1369 rursus
2573 1314 2785 1367 faciens
2825 1330 2838 1367 :
2879 1312 3198 1365 Maledictus
3224 1311 3330 1380 (in-

104 1403 336 1484 mortales
366 1431 769 1485 demulccntur.
1057 1403 1074 1409 ⁷
1254 1403 1270 1410 ’
1739 1415 1880 1485 quit)
1911 1429 2022 1482 pra:
2050 1412 2190 1464 omni
2223 1409 2388 1462 bestia
2436 1407 2575 1476 agri,
2608 1417 2656 1459 et
2685 1422 2796 1475 prce
2817 1405 2960 1458 omni
2985 1403 3209 1457 animali
3231 1443 3246 1464 ,
3282 1410 3332 1454 et

610 1523 839 1579 CAPUT
891 1524 1106 1581 χχνιι,
1744 1523 1853 1576 pra:
1883 1503 2124 1559 omnibus
2162 1501 2458 1578 reptitibns,
2491 1500 2699 1552 dictum
2751 1513 2862 1551 non
2899 1505 3002 1556 est,
3060 1497 3137 1548 Ad
3195 1495 3330 1559 hoc,

165 1616 230 1668 De
268 1624 501 1685 serpente
532 1615 621 1686 qui
675 1615 840 1669 Evam
876 1618 1095 1670 adortus
1131 1616 1436 1684 decepti...
1475 1615 1640 1670 ροι-ιιο
1747 1602 1986 1655 Adamus
2046 1601 2098 1652 in
2164 1598 2282 1666 ipso
2317 1594 2472 1646 initio
2524 1581 2748 1646 nomina
2795 1589 2989 1644 bestiis
3023 1589 3331 1658 avibusque

103 1707 159 1759 de
187 1679 426 1774 serpente
462 1679 787 1762 sicvlocutus
839 1717 922 1763 est
967 1711 1125 1762 divus
1178 1679 1355 1764 Miises
1389 1728 1402 1762 :
1436 1708 1506 1761 Et
1536 1724 1648 1762 ser-
1682 1683 1718 1736 Β
1751 1692 2050 1755 indiderat,
2086 1697 2142 1741 ut
2174 1695 2404 1739 testatur
2455 1683 2764 1752 Scriptura,
2791 1697 2902 1735 non
2931 1682 3092 1734 etiam
3127 1679 3334 1747 reptili-

101 1813 205 1866 parts
233 1797 479 1850 callidior
511 1809 622 1852 erat
669 1799 905 1853 omnibus
941 1802 1299 1856 animantibus
1347 1802 1483 1869 agri,
1528 1816 1646 1870 qua
1750 1785 1856 1840 illis
1893 1799 1908 1838 ε
1952 1797 2016 1838 ac
2068 1777 2297 1851 βτοῖηάθ
2356 1777 2465 1830 Eva
2520 1791 2549 1828 ³
2605 1774 2724 1828 Viro
2775 1773 2970 1828 εάοεη
3031 1771 3330 1827 “ﬁliarum

98 1890 377 1943 condiderat
408 1890 663 1946 Dominus
688 1892 863 1959 Deus;
887 1894 1126 1965 dixitque
1149 1911 1359 1962 serpens
1381 1866 1598 1947 mulieri
1626 1911 1646 1948 :
1750 1876 1969 1931 nomine
1997 1878 2326 1943 Serpentem,
2355 1868 2501 1939 (1⁸οά
2520 1883 2587 1922 εί
2613 1866 2913 1941 bestiarum
2937 1880 3136 1938 εθηετθ
3159 1874 3328 1926 esse"

109 1979 218 2034 Vere
260 1983 395 2035 dixit
450 1984 608 2048 Deus,
655 2002 715 2040 ne
755 1989 1088 2040 nasceremini
1123 1989 1186 2040 de
1220 1988 1457 2041 omnibus
1487 2004 1647 2055 para-

1753 1969 1951 2034 llevio;
2001 1969 2104 2022 hoc
2152 1975 2256 2028 est,
2293 1965 2485 2018 bestiae
2529 1961 2752 2015 nomine
2801 1960 3141 2029 appellavit;
3179 1959 3326 2027 quod

99 2069 264 2124 disi“.
313 2072 413 2128 Hic
467 2075 650 2130 decem
708 2077 865 2133 nobis
902 2080 1266 2147 expendenda:
1307 2051 1647 2147 atque-exa-
1749 2077 1948 2117 "Ome"
2003 2061 2071 2114 ab
2124 2057 2331 2112 Adamo
2365 2056 2633 2111 didicerat
2686 2053 2916 2109 salice"
2978 2051 3106 2106 Em"
3163 2053 3327 2118 igitur

101 2167 697 2235 minandaequiestiones
745 2180 1315 2240 occurruni,qua.-um
1353 2171 1528 2240 ptima
1564 2181 1649 2226 εει
1750 2169 1975 2223 serpens
2023 2169 2088 2205 ex
2140 2151 2438 2206 bestiarum
2497 2163 2712 2218 genere,
2749 2162 2856 2198 non
2907 2154 3088 2198 autem
3137 2158 3330 2196 eorum

99 2255 308 2312 fueritne
361 2271 682 2328 corporatus
734 2277 956 2331 serpens
1013 2235 1198 2316 ὶιςίυι
1260 2235 1436 2318 oculis
1500 2271 1648 2318 esse;
1751 2247 2109 2300 animantium
2148 2259 2269 2313 qua:
2305 2240 2514 2312 reptilia
2568 2239 2845 2292 dicuntur.
2881 2235 3126 2301 Quastio
3177 2235 3333 2286 tertia

101 2348 420 2414 aspectabilis
440 2327 533 2418 qui
565 2365 687 2403 cum
728 2327 950 2406 muliere
975 2354 1404 2422 εοιιοιμιειιαιυιι,
1425 2370 1492 2408 an
1521 2371 1646 2410 vero
1750 2347 1832 2394 est
1866 2357 1877 2390 :
1909 2341 1990 2390 An
2011 2337 2175 2406 pedes
2203 2335 2453 2387 habuerit
2475 2346 2734 2400 serpens;
2759 2339 2832 2391 et,
2854 2329 2899 2382 si
2924 2327 3112 2380 habuit
3136 2327 3332 2395 pedes;

102 2440 247 2493 Satan
296 2442 569 2509 corpora”
619 2444 888 2511 serpentis
931 2420 1167 2515 ερρείίηίι
1204 2462 1314 2515 pm
1347 2463 1406 2502 se
1443 2447 1645 2512 ferens,
1750 2431 2005 2499 bipesne,
2037 2445 2103 2480 an
2139 2444 2266 2481 vero
2299 2425 2610 2494 quadrupes
2649 2421 2810 2474 fuerit
2841 2420 2969 2474 ?Ad
3002 2424 3140 2472 hanc
3182 2434 3332 2486 qua:-

102 2528 224 2582 illam
260 2532 328 2584 sit
357 2530 553 2585 affatus
574 2550 587 2597 ;
607 2548 675 2585 an
706 2534 942 2603 denique
964 2511 1131 2588 Satan
1164 2511 1300 2590 intra
1339 2548 1647 2607 serpentem

1751 2524 1983 2578 stionem
2047 2519 2464 2589 respondemus,
2520 2513 2930 2583 quadrupedem
2967 2511 3169 2576 fuisse,
3207 2526 3331 2569 cum

102 2619 276 2684 latens,
307 2623 468 2675 verba
505 2623 591 2676 illa
623 2624 688 2678 ad
733 2601 1013 2680 mulierem
1052 2626 1264 2682 fecerit.
1294 2601 1447 2684 Sane
1476 2631 1652 2687 domi-

1756 2631 1817 2668 cx
1874 2614 2169 2667 bestiarum
2231 2623 2427 2676 genere
2468 2605 2638 2676 (Mose
2694 2608 2857 2672 teste)
2903 2601 3339 2669 fuerit;easquo

102 2725 190 2763 nus
221 2708 465 2781 prrzem
499 2714 735 2783 quodam
783 2730 883 2769 suo
918 2719 1310 2772 commentario
1337 2720 1415 2772 ait
1443 2737 1646 2791 corpo-
1751 2708 2078 2767 animantes,
2140 2717 2278 2772 quas
2309 2700 2513 2754 bestias
2553 2696 2797 2751 solemus
2849 2709 3066 2756 vocare,
3097 2694 3342 2760 quadru-

101 2809 256 2855 ratum
286 2811 589 2872 serpentem
611 2802 798 2867 fuisse,
820 2805 909 2872 qui
931 2807 1212 2860 mulierem
1235 2809 1507 2864 allocutus
1532 2786 1647 2865 est:

1752 2797 1916 2867 pedes
1974 2811 2095 2850 esse
2152 2795 2450 2847 videamus.
2506 2792 2570 2846 Et
2629 2804 2757 2844 vero
2803 2787 3062 2841 dominus
3087 2786 3335 2854 prraem

104 2885 338 2942 53mm"
361 2891 506 2944 enim
531 2906 560 2944 ³
590 2891 697 2945 Deo
719 2893 995 2959 petivisse,
1015 2903 1071 2947 ut
1092 2896 1328 2962 serpenti
1379 2900 1650 2953 sermonis
1751 2890 1879 2944 dum
1914 2889 2027 2942 11220
2071 2887 2123 2940 in
2177 2887 2291 2939 suis
2324 2882 2750 2938 Commentariis
2782 2878 3040 2947 explicat,
3067 2877 3209 2931 inter
3229 2875 3337 2929 alia

105 2976 389 3033 facultatem
449 2981 770 3035 concederet
841 2983 908 3035 ad
964 2984 1284 3037 tentandum
1339 2987 1688 3054 Adamum;

1755 2979 1880 3033 ait:
1922 2979 2070 3032 itane
2127 2975 2377 3037 volebas,
2418 2983 2477 3027 ut
2528 2973 2701 3026 Adam
2763 2969 3040 3023 amitteret
3102 2965 3332 3035 gloriam

105 3070 227 3123 sicut
257 3085 388 3141 opes
410 3068 531 3126 Jobi
566 3088 783 3142 quoque
809 3075 907 3127 sibi
933 3077 1167 3142 permitti
1199 3079 1515 3145 postulavit,
1538 3044 1650 3150 quo
1678 3044 1724 3102 ο
1755 3085 1908 3125 suam
1934 3085 1948 3135 ;
1981 3082 2202 3138 serpens
2255 3080 2382 3118 vero
2451 3080 2517 3117 ne
2568 3060 2800 3133 pedibus
2831 3059 3048 3128 quidem
3081 3057 3342 3110 multare-

107 3161 160 3216 de
190 3163 301 3231 ejus
337 3165 596 3233 patientia
625 3165 828 3219 faceret
855 3168 1177 3234 periculum.
1208 3168 1286 3224 Ex
1321 3186 1429 3240 quo
1459 3147 1654 3226 con—ee-
1758 3162 1878 3216 tur?
1912 3161 2037 3214 Erat
2067 3174 2194 3225 ergo
2228 3157 2537 3226 quadrupes
2562 3154 2758 3223 anguis
2784 3169 2799 3203 :
2827 3151 2921 3205 sed
2948 3150 3074 3220 quia
3104 3149 3205 3201 fuit
3226 3147 3340 3202 Sa-

106 3254 287 3320 ιιιιίιιιτ.
320 3255 394 3308 ita
445 3257 519 3309 illi
568 3271 833 3325 corporeo
868 3260 1119 3325 serpenti.
1155 3264 1457 3320 sermonis_
1490 3279 1650 3318 usum
1759 3264 1896 3307 tanta:
1933 3266 2224 3320 organum,
2260 3258 2312 3301 et
2369 3247 2588 3300 inhaesit
2639 3247 2740 3314 ipsi
2794 3242 2977 3297 divina
3008 3240 3338 3302 exsecratio,

108 3340 255 3397 fuisse
301 3345 510 3409 datum,
563 3357 620 3400 ut
680 3347 851 3401 asinae
898 3347 1154 3415 Balaam;
1191 3352 1298 3404 imo
1353 3368 1483 3406 vero
1545 3370 1650 3408 non
1755 3362 1817 3398 es
1847 3345 2021 3399 bestia
2079 3344 2256 3396 factus
2303 3348 2388 3394 est
2450 3340 2640 3408 reptile
2704 3335 2928 3396 animal,
2961 3345 3014 3386 et
3049 3350 3172 3387 cum
3211 3341 3340 3386 ante

109 3434 254 3489 solam
303 3437 688 3505 elocutionem,
735 3457 918 3494 verum
964 3444 1125 3495 etiam
1189 3444 1524 3498 intellectum
1577 3448 1650 3500 illi

1755 3438 1980 3506 pedibus
1997 3436 2322 3503 gradiretur,
2353 3433 2610 3500 deinceps
2631 3443 2801 3499 prono
2822 3438 3009 3482 ventre
3032 3427 3335 3495 prorepsit:

109 3530 323 3596 serpenti
379 3530 608 3584 inditum
669 3531 838 3586 fuisse
892 3533 1123 3612 allii-mat
1185 3533 1468 3603 Eplirwm,
1527 3554 1650 3592 cum

1757 3531 1896 3582 sicut
1930 3537 1984 3582 et
2019 3515 2208 3590 Satan,
2251 3527 2375 3594 quia
2417 3525 2806 3594 przevai-icatus
2831 3521 3025 3582 fuerat,
3055 3534 3119 3572 es
3145 3518 3340 3587 angelo

114 3616 233 3674 Deus
266 3621 440 3687 ipsum
493 3633 548 3675 ut
579 3624 970 3690 intelligentem
1012 3629 1084 3678 sit
1129 3625 1324 3681 affatus
1360 3628 1442 3683 liis
1479 3630 1651 3682 male-
1757 3631 2002 3677 evaserat
2038 3621 2402 3683 daemonium;
2443 3627 2495 3671 et
2523 3627 2579 3671 ut
2608 3633 2746 3670 uxor
2776 3614 2896 3678 Lot,
2920 3615 3046 3682 quia
3081 3612 3344 3681 rcspexit,

111 3707 245 3762 dictis
281 3713 650 3781 perstringens
697 3733 708 3766 :
760 3713 1032 3768 Pulverem
1077 3718 1218 3780 edes,
1253 3727 1304 3770 et
1349 3735 1506 3787 super
1533 3736 1654 3772 veu-
1759 3730 1823 3766 ex
1860 3714 2084 3767 muliere
2115 3728 2236 3781 quae
2261 3705 2386 3764 ante
2421 3719 2565 3774 erat,
2607 3708 2992 3762 transformata
3021 3715 3101 3758 est
3139 3704 3190 3757 in
3223 3713 3339 3757 sta-

112 3809 383 3856 mmmam
409 3805 784 3860 ambulabis".
811 3808 1042 3877 Cyrillus
1065 3811 1475 3873 vero,oratione
1500 3813 1653 3866 tertia
1760 3815 1906 3859 tuam
1956 3805 2106 3858 salis.
2141 3804 2343 3870 Quarta
2387 3801 2619 3872 qu:e5tio
2645 3809 2747 3860 est,
2784 3801 2829 3852 si
2865 3799 3099 3852 Satanas
3138 3801 3189 3851 in
3246 3813 3345 3850 an-

115 3895 348 3951 adversus
377 3897 650 3951 Julianum
683 3899 988 3967 perfugam,
1015 3902 1089 3952 ait
1115 3903 1292 3969 ipsum
1317 3901 1573 3956 Satanam
1599 3920 1656 3958 se
1759 3913 1916 3967 gnem
1939 3912 1996 3950 se
2030 3895 2346 3958 insinuavit,
2377 3903 2540 3963 atque
2563 3908 2624 3946 ex
2651 3905 2714 3944 eo
2741 3891 2854 3959 ipse
2885 3892 2950 3942 ad
2982 3889 3148 3941 Evam
3182 3888 3341 3941 verba

114 3985 159 4039 in
197 4001 437 4058 serpente
481 3991 920 4058 transformasse,
952 4000 1114 4061 atque
1149 3994 1222 4047 ita
1270 4010 1393 4048 cum
1430 3998 1656 4050 muliere
1763 3990 1917 4054 fecit;
1972 4004 2068 4042 cur
2123 3987 2171 4039 id
2227 4003 2256 4039 a
2313 3986 2460 4038 Mose
2495 3985 2756 4052 scriptum
2798 3998 2901 4034 non
2929 3981 3020 4041 sit,
3045 3980 3138 4033 sed
3172 3979 3343 4033 solius

114 4080 414 4135 collocutum
457 4099 613 4146 esse;
662 4099 723 4135 ac
781 4084 1006 4152 proinde
1061 4085 1233 4152 ipsqu
1287 4101 1504 4154 quoque
1554 4089 1655 4140 sub
1756 4072 3345 4150 anguisfactamentio.Hicrespondetnus:Moscmrvige.-

115 4175 354 4239 serpentis
373 4190 598 4243 persona
629 4175 826 4228 divinis
850 4177 1150 4230 maledictis
1173 4192 1292 4231 esse
1316 4179 1652 4246 perculsum.
1759 4185 1855 4228 sta:
1879 4175 2219 4241 scriptorem,
2260 4187 2365 4225 non
2403 4170 2748 4236 interpretem
2777 4168 2954 4234 egisse
2991 4183 3003 4217 :
3029 4181 3091 4217 ac
3117 4164 3346 4232 proinde

119 4263 379 4320 Existimat
431 4266 573 4320 enim
646 4267 908 4336 Cyrillus,
972 4269 1269 4322 'lannonem
1338 4286 1498 4339 posse
1558 4289 1656 4341 pro
1759 4267 1937 4336 qualis
1981 4280 2206 4334 quaeque
2261 4279 2344 4316 res
2390 4247 2506 4314 visa
2533 4258 2818 4323 est,talem
2854 4258 2920 4310 ab
2948 4257 3065 4325 ipso
3099 4272 3219 4310 esse
3250 4257 3344 4308 de-

124 4354 324 4410 arbitrio
374 4369 466 4410 aut
516 4359 782 4428 serpentis
835 4371 926 4413 aut
962 4362 1100 4415 alius
1133 4363 1385 4415 animalis
1417 4367 1654 4433 speciem
1696 4396 1736 4448 ο
1766 4359 2045 4426 scriptam,
2084 4374 2187 4409 non
2228 4356 2354 4408 item
2381 4355 2710 4421 explicatum
2742 4350 2833 4418 qui
2863 4365 2919 4402 se
2950 4363 3136 4402 revera
3177 4348 3345 4400 liabe-

121 4463 260 4514 quam
297 4451 520 4504 voluerit
548 4469 781 4505 sumere.
828 4453 894 4506 At
943 4455 1197 4509 dominus
1233 4454 1464 4511 Iacobus
1498 4457 1660 4511 Satu-
1696 4444 1704 4448 ’

1771 4458 1868 4500 ret.
1893 4447 2000 4499 Eia
2030 4456 2207 4499 autem
2231 4456 2536 4510 serpentem
2566 4444 2800 4506 videbat,
2826 4451 3133 4508 serpentem
3158 4455 3343 4493 secum

125 4544 301 4607 gens-is,
354 4546 744 4597 commentario
800 4562 898 4599 suo
944 4547 1007 4599 de
1044 4549 1198 4614 pulso
1251 4550 1459 4602 Adamo
1506 4530 1657 4603 extra
1771 4541 2077 4608 loquentem
2140 4537 2437 4590 audiebat:
2477 4537 2578 4588 hoc
2629 4536 2792 4603 igitur
2825 4534 3003 4601 ipsum
3041 4530 3216 4586 Moses
3246 4546 3347 4583 suo

124 4637 428 4698 paradisum,
473 4637 621 4701 dicit,
665 4638 920 4692 Satanam
955 4657 1012 4692 se
1045 4642 1446 4709 incorporatum
1494 4652 1658 4711 atque
1771 4633 1972 4700 scripto
2038 4630 2312 4700 prodidit,
2361 4627 2825 4696 quemadmodum
2891 4624 3019 4678 alibi
3070 4633 3178 4678 tres
3231 4623 3346 4675 illos

124 4728 473 4802 aspectabilem
521 4745 748 4797 anguem
785 4729 1115 4795 insinuasse,
1142 4739 1194 4782 et
1227 4731 1350 4783 inde
1379 4747 1502 4784 cum
1533 4749 1654 4783 mu-
1770 4743 1907 4796 quos
1940 4724 2537 4783 videbatAin-abantus,
2574 4720 2722 4773 viros
2755 4717 3066 4787 appellavit,
3100 4731 3220 4768 cum
3248 4714 3345 4764 viri

127 4816 236 4870 liere
305 4836 422 4874 esse
496 4823 823 4875 collocutum
887 4843 897 4875 :
961 4841 1122 4892 quam
1177 4826 1490 4893 Opinionem
1562 4841 1661 4878 nos
1774 4836 1878 4872 ιιυιι
1929 4814 2242 4869 essem-Ad
2313 4813 2435 4874 i100,
2492 4811 2534 4864 Si
2593 4811 2747 4863 divus
2813 4809 3032 4869 Paulus.
3077 4806 3167 4874 (illi
3200 4813 3346 4856 1³ηῑο

128 4908 265 4962 etiam
339 4914 702 4982 approbemus
786 4923 946 4984 atque
1031 4919 1434 4984 amplectimur.
1514 4916 1663 4970 lianc
1776 4910 2028 4979 temporis
2079 4907 2358 4959 intervallo
2402 4905 2600 4957 Mosem
2661 4914 2881 4956 secutus
2931 4909 3051 4960 est,
3097 4914 3222 4950 cum
3263 4913 3348 4950 res

128 5001 247 5055 enim
305 5021 480 5058 veram
528 5022 648 5060 esse
698 5006 776 5060 vel
835 5007 887 5060 id
943 5010 1140 5076 arguit,
1189 5011 1332 5076 quod
1381 5011 1664 5080 paradisus
1770 5006 1879 5074 jam
1933 5014 2047 5056 tum
2103 5002 2386 5070 explicatae
2443 5004 2647 5060 essent,
2695 4993 2932 5063 serpenti
2989 5009 3092 5044 non
3134 4989 3348 5043 Satanzc

132 5099 294 5165 duplex
328 5113 470 5166 erat;
501 5117 794 5170 corporeus
841 5114 890 5155 et
932 5104 1213 5168 spiiitalis,
1259 5113 1314 5155 ut
1342 5103 1552 5172 magnis
1583 5119 1667 5156 ra—
1777 5096 2134 5164 imposturam
2168 5089 2434 5147 attribuit,
2468 5087 2718 5155 inquiens
2759 5103 2770 5137 :
2820 5082 3013 5147 Vereor
3061 5085 3198 5134 sicut
3241 5097 3346 5131 ser-

136 5188 342 5244 tionilius
379 5203 460 5248 est
507 5210 534 5245 a
593 5195 747 5248 nobis
797 5195 1228 5248 demonstratum
1268 5215 1277 5248 :
1315 5171 1485 5248 Adam
1537 5196 1662 5248 item
1769 5201 1893 5251 pens
1937 5185 2134 5252 decepit
2183 5182 2345 5234 Evam
2370 5181 2436 5244 ⁸ο,
2477 5187 2606 5240 etc.,
2650 5190 2748 5231 cur
2774 5192 2880 5229 non
2917 5175 3110 5228 merito
3147 5171 3347 5230 Moses,

137 5275 319 5350 Evaun
348 5286 575 5353 duplicis
603 5297 653 5340 cl
681 5290 997 5356 composita}
1034 5289 1183 5341 fuere
1213 5299 1439 5350 natura},
1469 5290 1666 5357 quippe
1889 5289 1996 5332 tam
2025 5275 2210 5329 ιιιυιιίε
2244 5272 2496 5326 aetatibus
2523 5269 2752 5323 Paulum
2785 5270 3080 5338 ρνωεεδςίι,
3105 5266 3348 5318 fraudem

136 5371 208 5434 ‘lUi
244 5388 300 5425 es
333 5391 552 5443 Corpore
579 5387 890 5431 constarent
924 5389 976 5431 et
1009 5380 1215 5441 anima;
1251 5395 1420 5448 quare
1446 5394 1667 5446 scrpen-
1771 5370 2008 5440 serpenti
2058 5366 2374 5435 ascripsisse
2406 5363 2698 5418 videatur?
2737 5360 3033 5428 Scriptoris
3063 5360 3208 5411 enim
3248 5367 3349 5418 est,

140 5469 222 5515 lem
273 5482 478 5537 queque
528 5470 798 5539 duplicem
848 5471 1017 5525 fttlsse
1057 5472 1481 5526 existimandum
1528 5481 1610 5526 est
1647 5487 1659 5522 :
1772 5483 1858 5523 res
1885 5475 2063 5536 gestas
2083 5477 2342 5526 narrare;
2371 5459 2753 5528 atinterpretis
2783 5469 3004 5519 munus,
3032 5468 3059 5505 a
3086 5451 3349 5519 scriptore

197 5644 372 5704 “Gen.
411 5653 575 5720 111,1.
651 5656 693 5684 ⁵³
731 5652 866 5707 Gen.
922 5667 995 5718 ιιι,
1042 5652 1126 5704 ll.
1206 5654 1246 5680 ‘°
1281 5651 1322 5703 ll
1357 5650 1484 5704 (lor.
1521 5666 1579 5717 ll,
1611 5651 1664 5705 ὅ.
