4176 6464
634 280 741 348 519

1922 265 2152 329 MOSIS
2192 262 2345 327 ΒΑΗ
2381 263 2632 325 CEPIIA

3802 254 3904 321 520

634 394 847 467 prodita
868 390 1152 461 explicare
1186 407 1200 443 :
1231 400 1297 442 ac
1346 381 1572 455 proinde
1606 375 1804 446 Moses,
1832 378 1925 448 qui
1972 378 2209 448 scriptor
2239 381 2283 437 Α
2315 390 2419 429 nus
2478 374 2741 429 obsecuta
2778 370 2970 426 fuisset
3004 368 3185 425 dictis.
3234 364 3426 441 Igitur,
3461 377 3519 423 ιιι
3567 382 3677 423 suae
3729 368 3904 425 fraudi

632 502 740 542 non
802 485 1093 551 interpres.
1130 495 1251 536 esse
1319 476 1528 541 voluit,
1590 486 1734 529 reete
1793 471 2038 527 narravit
2096 485 2215 525 ser-

628 586 848 647 pentem
888 590 1014 630 cum
1048 572 1155 627 Eva
1178 570 1507 627 collocutum
1546 582 1688 632 esse,
1718 558 1840 622 non'
1858 575 2040 620 autem
2074 564 2216 621 dixit

634 647 896 723 Satanam
931 670 1073 721 intra
1101 672 1406 735 serpentem
1458 661 1630 717 fuisse
1663 660 2018 716 occultatum.
2054 655 2216 722 Qum-

634 766 743 820 stio
773 763 965 835 quinta
995 770 1099 824 est,
1126 763 1484 830 quamobrem
1518 755 1748 813 Satanas
1785 751 2051 808 Adamum
2087 766 2210 805 eum

632 872 803 911 uxore
837 852 1135 910 seduxerit.
1174 850 1288 908 Nos
1315 849 1693 904 existimamus
1750 860 1973 901 causam
1998 845 2216 899 Satana

632 948 803 1003 fuisse
837 947 1095 1002 invidiam
1123 961 1232 1017 qua
1268 942 1389 999 illos
1420 940 1894 1013 prosequebatur;
1924 953 2051 993 nam
2088 951 2211 991 eum

632 1041 724 1094 ille
779 1038 1003 1095 sublimi
1062 1053 1161 1094 sua
1221 1035 1485 1105 dignitate
1539 1034 1825 1103 gloriaque
1883 1029 2213 1095 excidisset,

632 1130 949 1199 videretque
981 1142 1141 1198 porro
1167 1123 1436 1181 Adamum
1465 1138 1530 1179 es
1556 1123 1669 1177 luto
1700 1121 2125 1186 conformatum,
2145 1119 2214 1175 ad

631 1225 926 1293 imaginem
962 1231 1143 1277 tamen
1169 1217 1693 1286 similitudinemque
1715 1214 1805 1270 Dei
1839 1213 2042 1270 factum
2068 1229 2211 1279 esse,

630 1327 796 1387 atque
823 1314 1067 1370 omnium
1105 1326 1285 1367 rerum
1315 1326 1438 1382 quae
1470 1311 1523 1364 in
1559 1308 1721 1365 terris
1749 1315 1933 1363 essent
1984 1308 2213 1377 imperio

629 1411 894 1481 potitum;
969 1417 1226 1478 praeterea
1307 1403 1621 1475 paradisum
1684 1401 1897 1458 deliciis
1956 1402 2211 1457 omnibus

629 1504 846 1573 plenum
889 1501 1245 1566 incolentem,
1288 1507 1456 1570 atque
1501 1497 1867 1575 angeliearum
1924 1495 2209 1565 copiarum

630 1594 899 1649 fruentem
924 1592 1211 1656 societate,
1232 1607 1291 1647 se
1321 1605 1449 1646 vero
1471 1598 1661 1645 contra
1682 1588 2039 1644 deturbatum
2050 1596 2215 1657 atque

627 1686 923 1756 dejectum,
960 1685 1200 1739 maxima
1252 1692 1531 1754 permotus
1557 1683 1824 1737 adversus
1860 1680 2129 1735 Adamum
2158 1688 2212 1733 et

2320 465 2477 520 locus
2538 473 2682 519 esset
2745 462 3035 534 verbisque
3091 460 3247 530 fides,
3301 460 3480 516 induit
3549 471 3903 530 corporatum

2319 557 2451 612 illud
2490 571 2781 628 organum,
2812 564 3156 627 serpentem,
3186 568 3359 624 eoque
3392 552 3579 609 habitu
3616 551 3901 608 visendum

2319 664 2380 705 se
2402 647 2950 719 exhibuit.Septima
2982 646 3214 717 quaestio
3261 655 3367 710 est,
3401 660 3502 700 cur
3553 660 3663 714 pra:
3694 644 3905 699 caeteris

2320 739 2510 796 bestiis
2576 754 2808 810 anguem
2842 737 2943 793 sibi
2977 734 3210 791 Satanas
3237 735 3291 791 in
3326 750 3591 807 organum
3623 733 3905 805 delegerit.

2318 832 2494 900 Hujus
2539 830 2619 887 rei
2666 845 2864 885 causas
2902 830 3102 883 multas
3127 842 3250 884 esse
3279 826 3513 884 dicimus
3549 824 3732 881 Primo
3763 824 3908 880 enim

2318 926 2529 980 nullum
2576 932 2698 979 erat
2729 937 2906 994 angue
2952 921 3152 977 animal
3184 921 3251 977 ad
3310 919 3612 976 fallendum
3642 918 3909 983 astutius;

2316 1016 2370 1070 id
2402 1017 2549 1087 quod
2584 1015 2741 1070 divus
2775 1014 2951 1071 Moses
2981 1030 3204 1086 quoque
3233 1013 3317 1069 bis
3344 1013 3527 1069 verbis
3574 1011 3857 1085 signiﬁcat
3890 1028 3907 1065 :

2320 1105 2404 1163 Et.
2440 1122 2649 1175 serpens
2688 1114 2804 1160 erat
2853 1105 3101 1160 callidior
3129 1106 3273 1176 omni
3318 1105 3486 1159 bestia
3521 1104 3661 1174 agri.
3690 1100 3829 1157 Nam
3856 1109 3913 1158 et

2324 1200 2690 1255 animantium
2751 1199 2856 1254 alia
2919 1196 3483 1273 vafritieexcellunt,
3555 1205 3614 1250 ut
3673 1195 3904 1266 vulpes;

2324 1296 2454 1360 alia,
2481 1295 2600 1349 rudi
2656 1293 3006 1364 simplicitate
3057 1301 3207 1355 sunt,
3240 1300 3299 1345 ut
3329 1305 3486 1345 oves.
3523 1288 3728 1343 Deinde
3780 1302 3904 1343 cum

2319 1386 2517 1456 anguis
2576 1382 2765 1439 letbali
2823 1395 3036 1435 veneno
3079 1379 3295 1449 plenum
3342 1376 3581 1438 animal,
3617 1382 3910 1430 consenta-

2317 1492 2481 1532 neum
2522 1484 2666 1539 erat,
2702 1484 2760 1529 ut
2808 1474 2890 1529 vel
2943 1482 3164 1543 propter
3216 1481 3426 1550 natura:
3468 1467 3910 1537 congruentiam,

2318 1569 2663 1625 mortiferum
2728 1582 2890 1621 suum
2951 1564 3192 1619 toxicum
3255 1560 3639 1616 eommisceret
3677 1557 3913 1613 Satanas

2314 1676 2441 1717 cum
2478 1659 2750 1730 serpentis
2779 1672 3010 1713 veneno.
3042 1655 3253 1719 Tertio,
3314 1661 3374 1708 ut
3424 1652 3564 1706 idem
3596 1650 3914 1707 usuveniret

629 1742 796 1833 siam
829 1742 1057 1842 invidia,
1090 1742 1504 1847 ipsos-seduxit.
1529 1771 1796 1828 Nimirum
1820 1769 2205 1842 hujuscemodi
2240 1761 2280 1815 Β
2311 1749 2528 1806 Satanae
2573 1749 2718 1847 quod
2782 1748 2893 1803 ιιιίο
2946 1746 3023 1847 illi
3058 1744 3330 1847 proditio:
3371 1743 3416 1799 is
3447 1742 3594 1847 εξυῑιιι
3622 1749 3909 1847 vastatth

627 1872 1058 1942 cogitationibus
1108 1869 1416 1940 exagitatus
1463 1876 1597 1921 est:
1633 1866 1747 1935 Ego
1808 1864 1903 1935 qui
1954 1862 2212 1934 spiritalis

608 1975 775 2032 sum,
810 1964 1034 2029 exsulo;
1075 1972 1131 2018 at
1162 1962 1333 2018 Adam
1365 1961 1457 2030 qui
1488 1974 1783 2028 corporeus
1821 1968 1924 2022 est,
1961 1958 2105 2013 intro
2129 1966 2213 2011 est

629 2066 882 2126 receptus
916 2074 931 2111 :
966 2070 1067 2125 ego
1116 2051 1436 2124 proﬂigatus
1467 2054 1727 2124 omnique
1754 2049 1926 2120 gloria
1974 2058 2208 2113 exutus;

628 2149 719 2203 ille
750 2147 915 2218 gloria
952 2146 1178 2200 indutus
1206 2145 1544 2215 vestitusque
1578 2160 1593 2198 :
1621 2159 1720 2214 ego
1750 2143 1804 2196 in
1850 2142 1991 2205 imo,
2034 2141 2124 2195 ille
2158 2141 2209 2193 in

626 2255 844 2297 summo
869 2258 883 2292 :
909 2252 1008 2308 ego
1024 2238 1167 2309 apud
1192 2237 1415 2303 bestias,
1441 2235 1528 2289 ille
1557 2236 1696 2305 apud
1726 2234 1949 2307 angelos
1982 2251 1997 2288 :
2028 2247 2129 2300 ego
2157 2231 2211 2285 in

625 2341 780 2387 vasta
834 2324 1149 2395 solitudine,
1198 2328 1288 2384 ille
1345 2328 1488 2382 inter
1521 2325 1926 2382 amoenissimas
1972 2323 2213 2395 paradisi

626 2425 853 2479 arbores
882 2431 1153 2477 versatur.
1184 2418 1591 2489 llujuscemodi,
1626 2416 1874 2487 inquam,
1916 2415 2213 2488 cogitatio-

629 2531 729 2571 nes
789 2512 857 2568 ad
917 2511 1333 2583 prosequendos
1387 2510 1510 2564 illos
1557 2508 1760 2564 invidia
1832 2507 2213 2576 fallendosque

628 2609 809 2678 ipsum
844 2605 1183 2676 impulerunt
1219 2620 1232 2659 :
1264 2604 1464 2675 quippe
1504 2601 1842 2671 intelligebat
1870 2616 1934 2656 ex
1969 2615 2035 2656 eo
2064 2599 2209 2670 quod

627 2701 730 2755 sibi
764 2698 1062 2764 acciderat,
1092 2695 1138 2753 si
1170 2695 1632 2768 pecearetAdam,
1655 2694 1899 2749 futurum
1934 2703 1993 2749 ut
2027 2701 2214 2749 rueret

627 2794 771 2847 sicut
843 2791 960 2860 ipse
1012 2790 1164 2860 prior
1236 2789 1754 2860 ceciderat:atque
1815 2803 1880 2842 ex
1953 2796 2209 2858 peccato,

626 2885 822 2939 horum
871 2883 1032 2954 plane
1081 2881 1311 2937 alterum
1360 2881 1570 2936 Adamn
1615 2891 1941 2936 eventurum
1974 2890 2120 2946 esse,
2152 2887 2213 2934 ut

627 2976 709 3030 vel
737 2982 1063 3033 moreretur.
1098 2988 1197 3044 pro
1230 2974 1336 3029 lata
1367 2974 1480 3044 jam
1511 2985 1638 3027 ante
1663 2972 1954 3034 sententia,
1990 2971 2105 3039 Quo
2126 2972 2213 3026 die

627 3068 911 3121 comederis
965 3067 1027 3119 tle
1088 3067 1215 3131 illa,
1271 3078 1492 3120 mortem
1543 3075 1787 3134 appetes;
1822 3064 1905 3117 vel
1954 3066 2282 3157 paradisoCl

625 3155 1016 3225 expelleretur,
1047 3162 1209 3223 atque
1259 3154 1453 3207 deinde
1482 3154 1668 3207 sobole
1709 3160 1990 3219 procreata
2022 3151 2211 3205 multi-

626 3249 922 3318 plicarctur
964 3249 1263 3302 secundum
1315 3246 1545 3302 faustam
1580 3248 1725 3299 illam
1759 3232 2210 3315 apprecationem

627 3359 731 3413 qua
755 3342 897 3399 Deus
917 3342 982 3397 ad
1004 3343 1129 3398 illos
1149 3357 1281 3395 usus
1306 3341 1517 3395 dixerat
1540 3358 1553 3394 :
1576 3340 1805 3393 Crescite
1821 3348 1867 3392 et
1888 3337 2215 3408 multiplica-

628 3438 799 3502 mini;
832 3439 939 3489 hoc
982 3428 1110 3488 v'ero
1143 3435 1188 3489 si
1219 3434 1291 3487 illi
1324 3436 1681 3501 contingeret,
1715 3440 1825 3485 tum
1860 3430 1974 3483 fore
2016 3438 2075 3484 ttt
2103 3428 2216 3499 ipse

627 3541 679 3584 et
704 3531 760 3585 in
788 3530 937 3583 illum
963 3528 1230 3597 ipsutn,et
1252 3528 1303 3580 iu
1330 3527 1474 3581 illius
1499 3540 1714 3579 omnem
1736 3523 2101 3593 posteritatem
2118 3522 2218 3577 itu-

626 3623 840 3693 perium
872 3630 1173 3678 exerceret.
1194 3620 1360 3690 Igitur
1383 3619 1448 3673 ad
1469 3619 1619 3672 illum
1655 3615 1947 3669 fallendum
1975 3614 2217 3686 percitus

628 3722 713 3769 est
743 3728 889 3767 mera
918 3713 1142 3767 invidia.
1178 3712 1338 3775 Sexta
1376 3712 1603 3781 quaestio
1635 3718 1737 3771 est,
1774 3725 1872 3762 cur
1902 3724 2010 3761 non
2047 3722 2214 3779 appa—

628 3808 798 3862 ruerit
845 3805 1008 3859 Satan
1041 3806 1229 3874 primis
1277 3804 1595 3874 parentibus
1630 3802 1867 3854 humana
1900 3801 2102 3871 specie,
2132 3800 2215 3853 vel

628 3903 807 3956 divina
845 3902 1015 3970 (quali
1054 3898 1529 3966 Dominusttoster
1568 3896 1619 3948 in
1676 3898 1904 3963 monte),
1931 3906 2022 3953 aut
2046 3892 2215 3964 lighra

630 3992 900 4062 majorum
961 3992 1283 4056 bestiarum,
1320 3988 1511 4058 quales
1548 3997 1678 4041 sunt
1708 3986 1925 4050 cameli,
1953 3987 2216 4054 elephan-

633 4092 732 4145 tes,
763 4090 813 4133 et
844 4080 1027 4149 ejusee
1070 4080 1289 4147 generis
1332 4077 1451 4129 alia:
1486 4092 1500 4129 :
1553 4086 1647 4128 aut
1698 4074 1933 4143 denique
1981 4089 2079 4127 cur
2108 4090 2214 4128 non

631 4190 730 4228 suo
761 4176 933 4243 ipsius
965 4173 1187 4239 prOprio
1216 4182 1381 4239 atque
1412 4170 1594 4222 nativo
1633 4167 1843 4233 habitu,
1881 4166 1976 4221 sed
2006 4181 2216 4235 organo

631 4278 769 4332 Opus
830 4262 1105 4315 habuerit.
1158 4259 1297 4313 Saue
1333 4258 1569 4310 humana
1601 4258 1783 4326 specie
1807 4270 1912 4309 non
1944 4255 2213 4326 apparuit,

633 4354 778 4425 quod
835 4356 999 4409 sciret
1045 4354 1209 4406 Evam
1247 4367 1354 4404 eun
1402 4350 1651 4419 ignorare
1712 4348 1900 4414 alium,
1935 4357 2130 4418 prazter
2159 4361 2216 4401 se

632 4424 908 4509 suumque
964 4442 1217 4493 maritum
1279 4439 1553 4492 hominem
1588 4436 1797 4490 nullum
1846 4452 1998 4503 esse;
2036 4450 2209 4506 neque
2244 4452 2285 4506 ο
2321 4426 2549 4498 qttmslio
2604 4424 2916 4495 huiusmodi
2976 4433 3056 4478 cst
3101 4439 3117 4477 :

636 4552 763 4589 vero
807 4534 947 4587 Deus
980 4533 1080 4609 ipsi
1112 4531 1461 4601 permittebat
1497 4542 1555 4583 ut
1588 4529 1863 4583 hominem
1899 4527 2208 4594 simularet,

634 4646 702 4683 ne
753 4628 955 4696 justam
999 4626 1220 4677 haberet
1270 4623 1378 4677 Eva
1412 4622 1616 4676 erroris
1650 4621 1734 4676 sui
1780 4619 2207 4685 excusationem,

632 4718 947 4785 conspicata
1009 4713 1281 4766 hominem
1318 4710 1423 4766 sibi
1445 4709 1675 4765 similem
1706 4724 1736 4763 a
1760 4724 1869 4778 quo
1911 4707 2208 4762 falleretur.

634 4807 804 4862 Per-ro
854 4806 1073 4869 divina,
1108 4803 1191 4857 vel
1227 4801 1494 4872 majorum
1548 4801 1851 4857 bestiarum
1890 4800 2061 4870 figura
2103 4812 2211 4851 non

640 4904 911 4973 apparuit,
949 4903 1095 4971 quod
1150 4902 1233 4955 hae
1275 4900 1483 4969 species
1518 4900 1690 4953 nimio
1721 4907 1869 4953 metu
1903 4898 2219 4952 concussis-

639 5004 760 5051 sent
804 4995 1325 5064 perturbassentque
1386 4992 1691 5056 mulierem,
1726 4992 1925 5045 nedum
1970 4990 2039 5043 ad
2116 5004 2217 5043 au-

638 5088 986 5145 scultandum
1045 5085 1226 5140 verbis
1254 5084 1370 5140 suis
1425 5083 1787 5138 induxissent.
1821 5080 1930 5135 Sua
1984 5080 2220 5151 denique

637 5181 809 5250 ipsius
860 5178 1095 5231 naturali
1145 5177 1324 5251 specie
1368 5190 1474 5230 non
1506 5184 1588 5230 est
1632 5176 1776 5228 illam
1809 5172 2059 5238 adortus,
2089 5173 2225 5242 quia

640 5273 813 5337 magis
868 5272 1030 5324 etiam
1100 5277 1441 5325 consternata
1480 5267 1597 5337 ipsa
1647 5264 1840 5321 fuisset
1887 5265 1930 5318 si
1964 5264 2084 5334 ejus
2117 5263 2211 5334 qui

638 5363 853 5416 videndi
892 5378 1111 5418 sensum
1160 5360 1365 5415 falleret
1402 5360 1561 5413 verba
1600 5356 1873 5422 audisset;
1906 5372 2075 5426 eoque
2119 5355 2224 5410 mi-

659 5540 700 5569 ⁶¹
734 5538 871 5592 an.
907 5554 998 5604 xv,
1036 5540 1091 5592 Η
1129 5555 1285 5609 seqq.

2317 1859 2531 1901 summo
2590 1842 2802 1896 honore
2841 1838 3154 1903 excidisset,
3188 1837 3241 1892 in
3274 1850 3367 1891 eas
3388 1840 3642 1891 redactus
3668 1844 3751 1888 est
3781 1832 3908 1887 vita:

2317 1937 2569 1992 miserias
2613 1943 2674 1989 ut
2712 1948 2907 2004 porcos
2936 1946 3163 2002 pascere
3206 1942 3497 2000 cogeretur
3522 1929 3564 1959 ⁶¹
3610 1945 3624 1983 :
3663 1927 3745 1980 sic
3800 1925 3911 1980 sci-

2314 2029 2442 2083 licet
2495 2029 2662 2081 Satan
2699 2041 2765 2080 ex
2806 2039 2905 2079 sua
2939 2026 3196 2092 delapsus
3244 2022 3438 2092 gloria,
3482 2024 3535 2074 in
3568 2033 3800 2089 anguem
3847 2032 3908 2072 se

2316 2119 2637 2174 insinuavit.
2676 2117 2913 2182 Quarto,
2953 2125 3011 2168 ut
3055 2128 3181 2167 cum
3213 2123 3354 2167 esset
3389 2112 3685 2181 aliquando
3714 2108 3910 2178 anguis

2316 2227 2479 2281 super
2509 2221 2749 2266 ventrem
2787 2224 2949 2264 suum
2983 2217 3372 2278 prorepturus;
3407 2205 3458 2258 id
3490 2207 3687 2272 ipsum,
3754 2202 3906 2256 itumi

2316 2318 2557 2374 serpere,
2598 2300 2799 2356 diaboli
2817 2300 2911 2371 qui
2949 2299 3004 2353 in
3036 2314 3211 2369 angue
3243 2297 3497 2361 latuerat,
3531 2294 3689 2348 nobis
3716 2307 3904 2349 casum

2316 2396 2387 2449 ob
2418 2396 2610 2450 oculos
2640 2401 2888 2462 poneret.
2924 2390 3169 2460 Denique
3201 2390 3273 2444 ita
3308 2396 3503 2442 natura
3524 2394 3902 2456 comparatum

2315 2497 2403 2542 est
2460 2494 2772 2555 serpentum
2827 2498 3021 2555 genus,
3057 2490 3116 2536 ut
3170 2479 3385 2535 occulta
3444 2477 3695 2548 quaedam
3736 2476 3901 2532 veluti

2317 2578 2561 2635 fraterna
2616 2578 2816 2632 indolis
2874 2575 3204 2643 conjunctio
3254 2573 3356 2642 ipsi
3404 2587 3527 2625 cum
3561 2569 3903 2625 daemonibus

2316 2668 2619 2725 intercedat
2651 2666 2788 2738 (ιε),
2832 2668 2936 2721 etsi
2974 2681 3038 2720 ea
3098 2679 3198 2719 nos
3230 2665 3413 2717 lateat.
3442 2659 3903 2731 Octava-quaestio

2316 2770 2421 2828 est,
2448 2776 2549 2817 cur
2576 2759 2887 2831 permiserit
2912 2758 3056 2813 Deus
3076 2755 3292 2812 Satanae
3312 2763 3366 2809 et
3396 2754 3633 2824 serpenti
3662 2754 3720 2807 in
3744 2769 3902 2824 para-

2298 2856 2497 2917 .disum
2561 2854 2791 2908 introire
2826 2869 2839 2905 ε
2874 2853 2985 2906 ἱιιιο
3028 2864 3158 2905 vero
3188 2849 3425 2914 Satanae,
3468 2848 3739 2902 Adamum
3773 2860 3899 2901 cum

2316 2954 2490 3003 uxore
2525 2946 2735 3002 fallere.
2777 2945 2858 3000 Ad
2896 2944 3038 2999 hanc
3068 2942 3424 3011 qumstioncm
3457 2941 3856 3010 reSpondemus
3881 2977 3899 3005 ,

2318 3042 2499 3094 varias
2542 3039 2615 3094 ob
2665 3053 2753 3093 res
2785 3037 3052 3107 permissa
3086 3035 3174 3089 illa
3213 3048 3358 3089 esse.
3427 3032 3683 3087 Permisit
3722 3034 3895 3090 enim.

2313 3136 2441 3191 dum
2500 3132 2718 3191 Satanae
2771 3136 3076 3190 libertatem
3131 3119 3245 3188 non'
3291 3131 3569 3201 impedivit
3604 3130 3902 3201 quominus

2313 3234 2506 3295 suopte
2538 3224 2765 3280 arbitrio
2788 3235 3060 3287 uteretur,
3120 3223 3257 3277 sicut
3293 3236 3473 3291 neque
3496 3222 3682 3274 Oziam
3713 3220 3901 3290 prohi-

2319 3319 2435 3372 huit
2491 3333 2522 3372 a
2558 3316 2923 3371 sanctissimis
2971 3315 3170 3386 adytis,
3195 3329 3261 3367 ne
3294 3328 3392 3382 pro
3446 3312 3724 3381 voluptate
3757 3314 3808 3366 in
3837 3326 3899 3367 ea

2315 3418 2659 3482 penetraret.
2692 3408 2955 3464 Praterea
3005 3408 3133 3462 sirit
3179 3406 3321 3461 Deus
3380 3408 3467 3459 illa
3515 3407 3759 3472 evenire,
3793 3418 3944 3477 qu0'

2316 3490 2647 3567 ostenderet,
2682 3498 3143 3571 quemadmodum
3190 3495 3305 3553 fieri
3330 3483 3593 3566 patuit'ut
3625 3498 3896 3552 Adamum

2316 3594 2399 3648 sui
2448 3593 2738 3663 imaginem
2786 3589 3313 3660 similitudinemque
3340 3588 3407 3643 de
3438 3598 3581 3643 terra
3623 3589 3896 3646 aboleret:

2317 3685 2390 3737 ita
2433 3698 2628 3737 rursus
2681 3697 2740 3736 se
2793 3681 2923 3735 huic
2969 3679 3069 3750 ipsi
3127 3680 3439 3749 permisisse
3482 3688 3537 3733 ut
3586 3690 3781 3749 posset
3806 3693 3903 3749 per

2318 3779 2631 3849 superbiant
2663 3787 2825 3847 atque
2851 3775 3047 3832 fastum
3085 3774 3341 3829 all‘ectare
3375 3774 3615 3829 divinam
3644 3774 3903 3844 majesta-

2319 3884 2450 3927 tem.
2497 3873 2726 3941 Insuper
2774 3879 2832 3923 ιιι
2882 3886 2946 3925 ne
3003 3869 3139 3923 nihil
3191 3876 3339 3923 esset
3396 3882 3519 3922 cum
3564 3883 3674 3937 quo
3702 3866 3896 3923 Adami

2319 3966 2541 4019 libertas
2574 3963 2784 4018 arbitrii
2816 3973 3000 4033 posset
3036 3961 3319 4016 decertare
3353 3960 3626 4029 :denique
3663 3969 3723 4013 ut
3753 3958 3898 4029 peri-

2319 4059 2502 4110 culum
2538 4056 2689 4109 fieret
2722 4055 2788 4108 de
2810 4054 3021 4107 Adamo
3056 4052 3429 4107 observansne
3457 4050 3699 4105 mandati
3730 4047 3897 4104 divini

2321 4159 2492 4215 esset,
2530 4163 2597 4201 an
2632 4148 2879 4201 minime.
2942 4145 3110 4200 Erant
3161 4147 3327 4217 igitur
3377 4159 3502 4198 cum
3550 4144 3715 4198 arbor
3761 4143 3894 4213 ipsa,

2319 4252 2434 4297 tum
2492 4238 2727 4295 Satanas
2761 4250 2924 4308 atque
2957 4253 3180 4307 serpens
3212 4237 3276 4291 ad
3328 4235 3721 4306 explorandam
3774 4233 3900 4288 Adte

2320 4333 2530 4387 arbitrii
2563 4332 2871 4386 libertatem
2902 4331 3315 4385 accommodata
3345 4328 3733 4383 instrumenta.
3753 4325 3898 4383 Nona

3171 4421 3282 4477 Cur
3337 4421 3499 4490 angui
3559 4419 3898 4474 maledixerit

2318 4520 2482 4585 Deus,
2535 4517 2629 4589 qui
2686 4517 2896 4570 nullum
2956 4515 3136 4571 scelus
3193 4521 3454 4584 patrarat,
3504 4510 3721 4567 Satanae
3768 4525 3899 4565 vero

2318 4612 2506 4682 ﬂagitii
2553 4626 2645 4665 reo
2693 4609 2967 4679 noxioque
3013 4606 3151 4661 nihil
3210 4595 3339 4659 mali
3388 4605 3725 4674 imprecatus
3776 4598 3895 4682 sit?

2320 4678 2498 4775 neque
2518 4704 2662 4758 enim
2686 4703 2860 4757 libero
2878 4678 3134 4754 utebatur
3156 4698 3349 4767 anguis
3372 4696 3623 4762 arbitrio,
3649 4704 3704 4748 ut
3720 4678 3898 4765 posset

2321 4813 2380 4854 se
2413 4795 2629 4853 Satana:
2673 4810 2771 4866 pro
2816 4795 3182 4847 instrumento
3224 4806 3329 4844 non
3364 4796 3642 4859 prarstare.
3674 4786 3752 4842 Ad
3785 4786 3897 4841 hac

2321 4890 2556 4945 dicimus
2620 4890 2944 4943 detestatum
3002 4899 3121 4939 esse
3172 4898 3405 4953 anguem
3465 4880 3677 4935 ut-ltoc
3720 4880 3893 4950 ipsum
3941 4937 3949 4946 ι

2323 4983 2543 5038 Satanae
2593 4982 2878 5036 molestum
2940 4980 3232 5039 accideret,
3267 4974 3360 5045 qui
3388 4973 3499 5054 illo
3529 4972 3783 5030 utebatur
3816 4971 3901 5025 ln-

2324 5086 2665 5140 strumento;
2702 5071 2870 5127 veluti
2917 5072 2963 5127 si
3012 5070 3138 5141 quis
3173 5069 3443 5123 musicum
3477 5064 3896 5120 instrumentum

2324 5166 2657 5236 confringat,
2689 5180 2796 5235 quo
2828 5180 2953 5219 eum
2995 5162 3088 5232 qui
3122 5160 3213 5215 illo
3278 5160 3508 5216 canebat
3573 5154 3847 5213 excruciet
3881 5169 3896 5204 :

2327 5274 2532 5329 equum
2590 5258 2848 5313 nimirum
2903 5254 3138 5327 graviter
3190 5252 3502 5324 prostravit,
3535 5257 3592 5306 ιιι
3634 5258 3897 5305 sessorem

2337 5352 2501 5409 simul
2537 5360 2949 5415 consterneret',
2986 5362 3287 5417 navemque
3342 5343 3629 5410 subvertit,
3674 5352 3732 5393 ιιι
3771 5351 3901 5392 nau-

707 5697 820 5767 (l-z)
854 5697 1346 5769 Cautclege;nam
1382 5694 1685 5754 similitudo
1716 5694 1979 5771 quaedam,
2030 5691 2256 5763 indolis,
2298 5708 2406 5749 non
2498 5690 2737 5749 fraterna
2791 5694 3107 5764 conjunctio
3162 5694 3299 5749 inest
3353 5689 3579 5748 eolubro
3621 5699 3742 5744 cum
3782 5681 3900 5741 dia-

640 5769 788 5823 bslo.
