4010 6502
610 412 713 473 523

1869 410 2099 471 MOSIS
2145 412 2291 469 ΒΑΗ
2324 410 2569 470 CEPHA
3710 423 3790 483 52$

610 526 678 574 rit
703 524 770 573 ".
826 520 887 573 Et
934 536 1064 577 vero
1098 524 1220 576 hinc
1260 522 1425 576 etiam
1483 530 1717 585 constat,
1772 522 2079 590 paradisum
2110 523 2173 575 ab
2204 535 2247 589 Α
2277 522 2582 589 ingessisse,
2616 536 2879 593 suamque
2920 540 3104 579 vocem
3134 526 3299 595 ipsius
3333 528 3693 598 intelligentiae
3722 551 3792 588 re-

609 616 724 678 ipso
755 611 865 665 Deo
890 626 1011 667 esse
1043 613 1338 683 plantatum
1366 653 1380 676 ,
1435 612 1581 682 quod
1612 611 1889 680 Scriptura
1921 616 2083 674 dicat,
2110 612 2173 665 ab

612 705 789 757 initio.
826 703 1083 772 Sequitur
1108 704 1248 773 apud
1282 704 1465 759 Mosen
1502 722 1515 757 :
1569 700 1635 755 Et
1684 706 1855 771 posuit
1894 704 2001 756 illic
2035 704 2177 755 Ada-

598 806 753 846 ‘mnm
779 810 929 865 quem
956 794 1204 862 finxerat.
1240 792 1396 859 Quod
1428 794 1502 847 ait
1534 809 1548 846 :
1604 791 1669 843 Et
1698 795 1873 861 posuit
1900 794 2010 846 illic
2033 794 2177 845 Ada-

614 878 779 949 mnan,
815 892 1195 954 argumentum
1232 894 1317 939 est
1347 884 1529 953 gloriae
1576 898 1738 951 quam
1788 885 1930 938 Deus
1971 884 2179 937 Adamo

594 975 881 1035 attribuit,
915 974 1042 1027 dum
1070 973 1256 1043 ipsum
1295 974 1588 1029 collocaret
1624 977 1677 1027 in
1726 976 1975 1043 paradiso
2016 974 2179 1028 variis

612 1064 900 1118 arboribus
933 1079 1173 1128 amoeno,
1198 1072 1256 1117 ut
1280 1079 1339 1118 se
1366 1064 1497 1118 inibi
1525 1064 1642 1133 ipse
1666 1064 1985 1129 oblectaret,
2005 1078 2179 1133 neque

610 1154 740 1207 sivit
769 1156 823 1207 in
856 1156 1037 1218 terris,
1090 1169 1240 1209 more
1287 1164 1611 1208 cretei-orum
1653 1155 2007 1209 animantium
2058 1169 2220 1223 quae.

613 1247 823 1300 ratione
857 1254 1063 1306 carent,
1098 1244 1355 1313 pabulum
1387 1260 1632 1314 carpere.
1656 1245 1810 1309 Quod
1839 1256 2002 1315 pOrro
2030 1246 2182 1299 addi-

617 1347 704 1391 tur
752 1356 767 1392 :
814 1338 977 1402 Quem
1029 1337 1261 1405 ﬁnxerat
1296 1336 1434 1406 (14),
1478 1337 1530 1389 in
1562 1336 1677 1390 haec
1706 1350 1807 1389 nos
1838 1350 1996 1389 sensa
2030 1337 2183 1389 ducit

614 1435 790 1497 primo
819 1448 883 1486 ex
914 1433 1030 1485 sola
1073 1442 1218 1487 terra
1262 1433 1431 1487 Deum
1480 1446 1591 1485 non
1634 1431 1946 1485 condidisse
1990 1430 2181 1485 Adatni

614 1536 838 1588 corpus,
888 1521 982 1575 sed
1039 1536 1105 1574 ex
1160 1530 1398 1591 quatuor
1427 1519 1711 1574 elementis
1762 1520 1983 1574 tinxisse
2020 1527 2183 1588 atque

612 1616 983 1681 composuisse
1018 1614 1188 1680 (certe
1220 1611 1401 1681 ﬁglina
1431 1612 1639 1680 absque
1663 1625 1804 1680 aqua
1837 1626 1945 1665 non
1984 1610 2062 1680 lit)
2091 1612 2184 1665 de-

614 1702 740 1757 inde
766 1718 873 1756 non
909 1704 981 1757 ita
1009 1702 1127 1757 solo
1160 1704 1323 1757 verbo
1366 1701 1722 1772 progenuisse
1759 1702 1953 1755 Adami
1986 1714 2184 1771 corpus

613 1807 681 1847 ex
722 1803 863 1847 terra
891 1834 907 1857 ,
948 1802 1089 1847 Sicut
1119 1808 1185 1847 ex
1206 1792 1324 1851 hac
1361 1792 1479 1847 solo
1514 1791 1794 1859 suojussu
1826 1792 2023 1845 herbas
2055 1807 2181 1860 pto-

613 1881 865 1946 duxerat,
900 1881 1268 1951 animaliaque
1296 1890 1524 1943 caetera,
1550 1890 1711 1947 atque
1738 1894 1805 1932 ex
1840 1880 1999 1947 aquis
2031 1878 2181 1931 varia

614 1971 845 2042 piscium
882 1987 1115 2043 genera;
1164 1973 1258 2028 sed
1310 1972 1429 2027 suis
1479 1970 1611 2025 illud
1654 1970 1911 2023 manibus
1956 1968 2183 2023 tinxisse

615 2073 777 2131 atque
805 2062 1201 2127 conformasse,
1235 2078 1357 2133 qua:
1392 2077 1477 2117 res
1509 2061 1844 2143 amplissima
1876 2075 2031 2125 sane,
2084 2061 2211 2113 ho-'

616 2153 813 2207 minem
850 2169 959 2224 prae
1004 2154 1231 2224 reliquis
1277 2153 1465 2219 rebus,
1504 2155 1688 2225 .gloria
1716 2168 1745 2208 a
1780 2152 1889 2208 Deo
1920 2162 2183 2205 ornatum

617 2245 881 2298 ostendit.
935 2243 1203 2299 Praeterea
1244 2243 1505 2299 Adatnum
1544 2260 1651 2298 non
1681 2252 1835 2297 utero
1866 2251 2184 2312 conceptum

615 2344 883 2405 partuque
924 2336 1119 2391 deinde
1161 2337 1363 2390 editum
1407 2349 1530 2389 esse
1556 2372 1571 2395 ,
1619 2341 1678 2387 ut
1729 2334 1886 2387 hodie
1930 2332 2181 2389 homines

621 2424 895 2492 procreari
948 2423 1236 2489 vidi-mus;
1288 2422 1379 2476 Dei
1428 2420 1685 2476 inanibus
1714 2420 1992 2474 conditum
2028 2418 2191 2473 exsti-

620 2522 771 2570 tisse.
821 2516 1046 2585 lnsuper
1080 2524 1141 2569 ut
1183 2515 1557 2583 jumentorum
1593 2522 1647 2567 et
1685 2512 1943 2575 ferarum,
1971 2523 2189 2563 eorum-

622 2625 728 2677 que
762 2623 882 2674 qua:
911 2609 1090 2661 volatu
1124 2615 1176 2661 et
1211 2622 1331 2675 qua:
1362 2593 1548 2659 natatu
1585 2612 1811 2657 utuntur
1832 2600 2189 2656 animantium

622 2714 847 2769 corpora
879 2698 1038 2775 siuqu
1067 2705 1124 2779 et
1155 2696 1367 2750 anitnas
1389 2709 1455 2748 ex
1487 2704 1625 2748 terra
1661 2701 1715 2746 et
1739 2693 1897 2761 aquis
1927 2690 2191 2746 condide-

620 2801 726 2851 rat,
759 2805 881 2859 quae
919 2788 1104 2841 omnia
1149 2787 1357 2840 ratione
1390 2795 1610 2849 carent;
1666 2800 1773 2837 non
1809 2784 1888 2838 sic
1924 2782 2191 2836 Adamum

621 2885 787 2936 etiam
814 2880 1082 2944 olfecisse,
1118 2879 1212 2931 sed
1248 2877 1413 2946 hujus
1443 2889 1646 2945 corpus
1679 2868 1897 2943 quidem
1931 2887 1994 2927 ex
2029 2873 2192 2927 humo

625 2972 1021 3042 composuisse,
1047 2978 1302 3024 ueterum
1333 2968 1573 3025 animam
1605 2981 1666 3019 ex
1697 2965 1867 3025 nihilo
1894 2962 2190 3018 'crcavisse.

630 3066 871 3134 Denique
902 3077 1008 3116 non
1040 3077 1158 3115 eam
1194 3060 1362 3114 fuisse
1394 3060 1461 3113 ab
1494 3058 1647 3111 initio
1673 3056 1955 3109 hominum
1984 3094 1999 3120 ,
2024 3071 2196 3124 popu—

2282 623 2655 681 prazsentasse,
2685 617 2924 683 quando,
2944 616 3217 671 utdictnm
3247 628 3348 682 est,
3371 620 3481 673 ﬁeri
3514 636 3620 675 non
3633 627 3795 689 potuit,

2282 715 2339 757 ιιι
2370 705 2423 757 in
2454 705 2697 773 corporis
2724 721 2937 759 sensum
2979 708 3235 778 aliquem,
3268 726 3535 781 apparens
3566 712 3698 768 Deus
3733 718 3798 767 in.

2280 805 2544 850 curreret.
2572 795 2674 849 Sed
2703 796 2932 850 aliorum
2962 800 3149 867 Opinio
3180 810 3280 863 est,
3301 801 3464 855 Deum
3507 818 3563 857 se
3593 807 3802 873 corporis

2287 885 2477 939 Adami
2504 886 2755 939 sensibus
2773 888 3121 955 corporaliter
3146 886 3226 959 (ut
3244 889 3533 957 sic;ilii-am)
3553 891 3798 953 Oblliilbst'.

2285 988 2351 1027 eo
2376 975 2654 1043 quod,liac
2674 977 2834 1027 modo
2860 976 3088 1039 ratione,
3109 993 3277 1046 neque
3304 992 3565 1047 praeterea
3589 982 3688 1035 alia
3717 983 3811 1045 ulla

2286 1065 2504 1132 assequi
2534 1064 2621 1118 ille
2656 1073 2836 1119 mente
2855 1075 3040 1135 posset
3071 1067 3283 1123 divinas
3306 1072 3672 1139 apparitiones
3701 1088 3806 1126 eas-

2280 1169 2387 1224 que
2440 1155 2739 1224 intelligere
2795 1174 2808 1210 :
2868 1158 3043 1227 ipsum
3095 1160 3239 1213 enim
3296 1161 3440 1217 illius
3495 1164 3804 1217 conditorem

2283 1244 2476 1308 Deum,
2506 1260 2628 1303 sese
2658 1247 2723 1300 ad
2760 1247 2877 1316 ejus
2914 1248 3267 1303 humilitatem
3293 1250 3591 1315 demisisse,
3629 1252 3812 1320 ipsique

2282 1335 2355 1389 ita
2370 1337 3043 1408 apparuisse,casteroquin
3076 1340 3433 1406 immensum;
3468 1342 3607 1395 unde
3642 1357 3815 1397 consc-

2283 1441 2455 1494 quens
2485 1435 2594 1490 est.
2653 1426 2709 1482 hi
2769 1436 2828 1482 ut
2877 1430 3102 1484 ulterius
3151 1430 3353 1496 dicant,
3394 1433 3557 1485 Deum
3600 1432 3814 1487 humana

2283 1531 2455 1586 eaque
2514 1520 2659 1588 regia
2711 1528 2766 1573 et
2833 1533 3054 1588 prorsus
3103 1520 3486 1591 augustissima
3539 1526 3714 1589 specie
3767 1537 3816 1575 se

2288 1595 2495 1659 Adamo
2567 1607 2883 1662 exhibuisse
2952 1610 3335 1677 aspectabilem
3402 1621 3457 1663 et
3519 1626 3814 1681 quanquam

2284 1697 2459 1765 neque
2505 1712 2701 1751 manus
2757 1698 2971 1761 habeat,
3026 1715 3200 1769 neque
3245 1702 3429 1769 pedes,
3462 1710 3557 1755 aut
3603 1702 3812 1765 vultum,

2288 1790 2372 1842 vel
2404 1806 2491 1853 cs,
2536 1799 2716 1844 tamen
2752 1790 3121 1867 detnittentem
3174 1796 3430 1863 se'quasi
3468 1794 3551 1849 his
3586 1794 3820 1848 omnibus

2284 1892 2425 1934 esset
2465 1881 2738 1950 praditus.
2770 1883 2839 1937 ab
2878 1882 3084 1939 Adamn
3124 1884 3301 1936 visum
3358 1899 3504 1951 esse,
3554 1894 3718 1953 atque
3757 1886 3820 1937 ita

2284 1969 2534 2023 manibus
2560 1971 2675 2024 suis
2703 1970 2853 2025 illum
2881 1969 3165 2035 formasse,
3194 1971 3335 2040 quod
3367 1976 3449 2041 (ut
3484 1973 3735 2041 diximus)
3762 1974 3820 2025 ad

2283 2058 2402 2128 ejus
2438 2061 2529 2127 qui
2583 2061 2920 2114 lormabatur
2969 2061 3193 2130 gloriam
3262 2062 3685 2135 dignitatemque
3713 2076 3824 2131 spe-

2283 2158 2414 2205 ctat.
2445 2148 2550 2205 Sed
2578 2152 2845 2221 expendat
2874 2165 2976 2205 suo
2994 2149 3196 2219 judicio
3227 2152 3395 2206 lector
3426 2156 3522 2206 has
3554 2154 3688 2206 duas
3715 2154 3822 2221 opi-

2284 2243 2511 2305 niones;
2564 2258 2631 2298 ac
2688 2254 2863 2297 utram
2909 2245 3078 2305 malit.
3107 2245 3277 2298 altera
3319 2245 3552 2308 omissa,
3592 2244 3823 2298 retineat.

2288 2329 2455 2386 Porro
2489 2332 2639 2387 fuere
2685 2349 2749 2385 ex
2795 2334 3060 2387 haereticis
3097 2334 3189 2403 qui
3220 2334 3462 2388 dicerent
3532 2336 3671 2389 duos
3697 2333 3826 2387 Ada-

2289 2438 2409 2477 mos
2455 2439 2486 2477 a
2526 2423 2647 2478 Deo
2690 2433 2901 2483 creatos
2954 2424 3160 2490 fuisse;
3204 2426 3365 2498 idque
3406 2440 3471 2481 ex
3524 2440 3591 2482 eo
3638 2425 3824 2495 colligi,

2289 2513 2433 2582 quod
2484 2514 2660 2569 Moses
2706 2515 2935 2569 duorum
2988 2517 3312 2581 meminerit,
3361 2516 3550 2571 dicens
3610 2516 3822 2569 alterum

2290 2606 2376 2660 die
2409 2608 2565 2659 Sexto
2594 2606 2871 2660 conditum
2905 2622 3025 2661 esse
3051 2644 3067 2669 ,
3117 2607 3344 2661 alterum
3398 2609 3485 2662 hic
3527 2615 3648 2675 post
3698 2607 3826 2662 diem

2294 2710 2503 2751 sextum
2543 2713 2556 2749 :
2593 2699 2659 2751 ad
2707 2696 2857 2753 illum
2894 2699 3038 2752 enim
3091 2708 3336 2767 spectare
3387 2714 3448 2753 ea
3504 2702 3711 2753 verba:
3769 2694 3829 2750 Et

2295 2787 2453 2855 ﬁnxit
2489 2786 2743 2841 Dominus
2773 2787 2910 2842 Deus
2941 2789 3202 2841 Adamum
3223 2788 3481 2856 puluerem
3513 2805 3539 2842 ε
3566 2798 3727 2842 terra.
3770 2790 3832 2840 At

2303 2878 2473 2941 hunc,
2515 2893 2689 2946 neque
2720 2893 2782 2932 ex
2816 2878 3034 2947 pulvere
3064 2878 3244 2932 dicere
3273 2878 3477 2942 Μυκη,
3509 2879 3603 2933 sed
3638 2878 3835 2948 simpli-

2296 2966 2454 3032 citer,
2500 2967 2761 3022 Adamum
2819 2968 2928 3023 illic
2965 2968 3215 3037 posuisse
3262 2984 3421 3038 quem
3459 2970 3704 3037 tinxerat.
3738 2969 3834 3023 Sed

2299 3075 2399 3113 nos
2447 3059 2555 3114 illis
2612 3060 3002 3129 respondemus
3057 3078 3069 3111 :
3120 3058 3195 3111 Ex
3227 3060 3461 3129 ecquod
3492 3069 3617 3114 ante
3641 3062 3839 3116 dixerat

628 3160 807 3209 lorutn
832 3195 845 3217 ,
875 3156 1161 3208 nationum
1213 3151 1424 3205 turbam
1459 3151 1511 3202 in
1548 3159 1689 3202 terra
1725 3164 1887 3217 quam
1926 3148 2083 3200 hodie
2118 3148 2196 3197 vi-
2224 3149 2474 3243 cruoses
2516 3152 2780 3205 Adamum
2836 3151 2923 3205 die
2951 3161 3103 3205 sexto
3164 3166 3282 3204 esse
3335 3161 3603 3216 creatum,
3634 3154 3839 3218 άείωιτι,

625 3247 799 3309 detis;
837 3245 931 3298 sed
988 3244 1157 3298 Deum
1198 3242 1371 3310 primo
1424 3240 1973 3308 tiuxissepersnnam
2030 3226 2269 3289 unam."
2300 3242 2498 3296 omissa
2522 3243 2608 3296 illa
2644 3244 2978 3307 narratione,
2998 3243 3287 3296 etiamtum
3314 3242 3645 3312 imper-tecta,
3667 3254 3833 3300 trans.

626 3339 826 3406 (ipsum
857 3334 981 3388 dico
1016 3335 1311 3399 Adamum)
1337 3316 1535 3384 deinde}
1562 3346 1623 3384 ex
1654 3330 1743 3382 illa
1780 3328 2046 3381 formasse
2071 3342 2193 3377 mn-

626 3430 851 3489 lzcrctn;
900 3434 1063 3493 atque
1113 3424 1183 3476 ita
1220 3422 1477 3489 deinCeps
1503 3435 1603 3489 per
1646 3420 1820 3472 virum
1854 3428 1905 3469 rt
1940 3416 2193 3469 feminam

626 3524 971 3586 procreatum
1025 3528 1146 3568 esse
1205 3527 1375 3581 genus
1430 3512 1729 3565 humanum
1793 3527 1804 3562 :
1870 3518 2029 3577 atque
2084 3510 2195 3560 lure

630 3610 813 3662 omnia
858 3606 1205 3674 intelligimus
1254 3620 1317 3657 ex
1369 3604 1534 3656 verbo
1587 3603 1679 3655 illo
1717 3620 1728 3654 ε
1772 3598 2052 3661 Finierat,
2088 3614 2193 3668 quo

632 3717 765 3753 usus
798 3708 878 3751 est
910 3696 1109 3751 Moses.

706 3796 821 3855 Quo
867 3788 1050 3841 habitu
1097 3787 1237 3839 Deus
1278 3768 1594 3855 apparuerit
1626 3784 1831 3835 Adamo
1870 3794 1915 3835 et
1952 3781 2093 3836 Ecce.
2132 3812 2198 3819 —-

633 3882 736 3935 Sed
788 3880 932 3932 enim
983 3892 1162 3945 opera:
1222 3873 1455 3941 pretium
1503 3870 1666 3924 fuerit
1714 3882 2044 3939 cognoscere
2093 3886 2198 3937 quo

634 3974 821 4027 habitu
869 3965 1179 4037 apparuerit
1227 3967 1381 4029 Deus
1416 3963 1643 4025 Adamo,
1702 3961 1816 4015 sive
1873 3961 1997 4014 dum
2030 3960 2199 4027 ipsius

633 4076 831 4129 corpus
888 4062 1135 4125 lingeret,
1186 4056 1302 4107 sive
1344 4053 1470 4105 dum
1514 4052 1683 4119 legem
1730 4050 1832 4118 ipsi
1878 4050 2196 4118 imponeret,

638 4154 751 4206 sive
778 4148 998 4217 quando
1029 4161 1092 4198 ex
1132 4143 1303 4212 ipsius
1335 4152 1483 4194 costa
1515 4143 1693 4194 ablata
1726 4140 1982 4191 conderet
2014 4138 2197 4199 Evam,

638 4244 746 4297 sive
773 4240 1007 4308 denique
1033 4237 1123 4290 ubi
1156 4237 1209 4289 in
1240 4235 1494 4304 paradiso
1526 4231 1882 4285 obambulans
1910 4244 2064 4282 suam
2096 4229 2201 4281 illis

637 4347 821 4386 \occm
847 4332 1137 4398 ingereret,
1162 4326 1454 4379 inclinante
1472 4324 1573 4375 die.
1612 4321 1893 4374 Philoxeni
1918 4320 2203 4391 Mahugen-

636 4427 713 4479 sis
750 4421 1016 4476 sententia
1051 4429 1157 4481 est,
1206 4418 1522 4486 priusquam
1560 4412 1878 4480 deliquisset
1908 4412 2075 4463 Adam
2104 4412 2201 4461 ad-

2302 3330 2398 3385 ivit
2439 3334 2505 3389 ad
2548 3333 2875 3388 mentionem
2917 3331 3025 3386 diei
3068 3334 3329 3403 septimae,
3365 3333 3505 3388 unde
3534 3349 3741 3401 rursus,
3772 3339 3832 3387 ad

2297 3424 2674 3483 absolvendam
2707 3422 2849 3477 illam
2877 3432 3001 3476 ante
3025 3432 3254 3493 emptam
3289 3424 3595 3485 historiam,
3628 3425 3838 3477 reverti-

2300 3528 2385 3570 tur
2439 3516 2853 3586 haudquaquam
2902 3527 3324 3569 consentaneum
3371 3530 3489 3571 esse
3552 3523 3611 3569 ut
3663 3515 3839 3571 existi-

2260 3660 2265 3665 .
2299 3624 2506 3662 menius
2536 3609 2671 3660 duos
2700 3622 2729 3657 a
2761 3605 2869 3659 Deo
2893 3605 3112 3659 effectos
3139 3604 3307 3659 fuisse
3331 3606 3589 3670 Adainos,
3613 3607 3703 3659 sed
3726 3604 3837 3658 uni-

2299 3717 2446 3753 cum.
2479 3698 2611 3751 Nam
2648 3698 2786 3751 idem
2832 3713 3047 3767 quoque
3077 3700 3142 3750 de
3190 3698 3399 3763 bestiis,
3426 3698 3492 3750 de
3538 3698 3839 3755 arboribus,

2300 3791 2366 3843 de
2386 3789 2659 3859 paradiso,
2680 3795 2731 3839 et
2755 3787 2973 3841 ﬂumine
3001 3789 3143 3842 hunc
3165 3788 3364 3857 rigante
3389 3788 3531 3842 fecit.
3553 3787 3681 3842 Cum
3704 3790 3841 3840 en'tn

2306 3880 2581 3933 historiam
2634 3878 2846 3930 illarum
2892 3893 3070 3931 rerum
3116 3880 3356 3932 nonduin
3403 3878 3686 3947 perfectam
3718 3879 3839 3931 reli-

2302 3973 2547 4039 quisset,
2584 3970 2671 4024 hic
2712 3971 2825 4039 jam
2857 3970 2994 4023 redit
3024 3970 3090 4021 ad
3121 3983 3235 4021 eam
3269 3968 3669 4021 absolvendain.
3704 3968 3843 4021 Pise-

2304 4068 2449 4111 terea
2484 4059 2587 4110 hoc
2621 4072 2836 4126 quoque
2866 4056 2973 4109 illis
3005 4054 3411 4122 reapondemus,
3442 4069 3614 4122 neque
3644 4053 3839 4117 Mosen,

2307 4163 2481 4215 neque
2512 4163 2833 4215 quemquam
2908 4147 3314 4216 prophetarum,
3346 4152 3437 4197 aut
3466 4145 3841 4213 apostolorum,

2304 4237 2384 4288 vel
2410 4236 2858 4303 evangelistarum
2880 4250 3114 4301 unquam
3150 4246 3497 4295 memorasse,
3531 4233 3662 4286 duos
3687 4247 3714 4285 a
3740 4216 3841 4283 Deo

2304 4334 2517 4377 creatos
2541 4322 2860 4390 cﬂcctosque
2883 4320 3050 4374 fuisse
3080 4322 3332 4384 Adamos,
3356 4322 3446 4373 sed
3469 4334 3632 4372 unum
3655 4318 3837 4371 solum.

2306 4412 2473 4465 Porro
2514 4412 2792 4464 sciendum
2820 4421 2921 4473 est,
2963 4407 3124 4462 Vetus
3183 4408 3581 4461 Testamentum
3614 4405 3843 4476 pluribus

636 4529 831 4568 versus
883 4511 972 4563 Dei
1006 4510 1343 4571 mandatum,
1399 4506 1567 4557 Deum
1618 4517 1789 4571 neque
1831 4517 1925 4569 per
1952 4501 2199 4568 angelum
2236 4499 2279 4551 D
2311 4501 2757 4553 translationibus
2779 4517 2845 4553 ex
2882 4498 3099 4551 llebra'a
3131 4500 3180 4550 iti
3204 4498 3442 4551 Graecam
3475 4497 3705 4566 linguam
3732 4510 3842 4549 esse

639 4620 815 4675 neque
844 4616 939 4672 per
970 4615 1083 4653 rem
1122 4599 1359 4665 aliquam
1387 4602 1728 4663 corporalem
1759 4591 1835 4643 illi
1867 4591 2202 4658 apparuisse,
2231 4653 2235 4657 ~

641 4700 731 4753 sed
766 4698 945 4765 ipsum
972 4707 1093 4746 sese
1126 4690 1200 4742 illi
1236 4696 1695 4756 reprrescntasse;
1744 4696 1850 4739 non
1893 4679 2039 4750 quod
2080 4695 2206 4733 cor-

643 4788 793 4859 poris
822 4785 907 4839 sui
946 4782 1219 4843 sensibus,
1260 4778 1456 4840 Adam,
1488 4781 1833 4844 apparentem
1878 4769 2044 4824 Deum
2083 4786 2205 4839 per-

639 4881 823 4950 cipere
868 4882 1070 4944 posset,
1121 4871 1212 4923 sed
1265 4867 1462 4921 mentis
1514 4862 1886 4930 intelligentia.
1930 4860 2060 4912 Nam
2106 4861 2206 4912 etsi

641 4968 921 5024 habitabat
974 4963 1191 5030 quidem
1244 4958 1384 5011 intra
1476 4971 1674 5022 corpus
1750 4952 1940 5003 Adami
2005 4950 2212 5010 anima.

648 5076 825 5115 tamen
860 5073 967 5109 non
1001 5067 1161 5107 secus
1207 5062 1368 5117 atque
1415 5045 1720 5114 incorporei
1770 5043 1967 5111 angeli,
2000 5056 2062 5095 ea
2094 5055 2211 5093 cer~

648 5167 774 5205 nere
807 5149 950 5199 illam
984 5143 1246 5213 quivissc,
1283 5155 1399 5208 qua:
1430 5154 1592 5208 supra
1624 5150 1783 5189 omne
1813 5148 2010 5201 corpus
2040 5141 2207 5185 matc-

648 5244 891 5305 rieutque
918 5246 1260 5302 corporatam
1296 5232 1543 5283 l‘eruntur
1580 5245 1591 5278 :
1648 5228 1827 5293 itaque
1864 5239 1986 5277 cum
2020 5223 2208 5291 integri

647 5334 808 5386 etiam
846 5340 959 5381 tum
994 5334 1177 5379 essent
1220 5324 1412 5375 anima:
1454 5318 1640 5373 Adaini
1675 5331 1884 5375 sensus,
1918 5329 2087 5381 neque
2116 5319 2211 5364 abs

649 5430 871 5491 peccato
913 5414 1292 5477 contaminati,
1343 5412 1506 5463 Deum
1539 5426 1595 5461 se
1638 5405 1835 5461 mentis
1863 5404 2006 5456 illius
2036 5405 2157 5457 ocul
2188 5420 2211 5453 s

750 5626 791 5654 "
836 5624 1112 5683 Psal.cttt,
1158 5619 1240 5672 i6.

2315 4592 2698 4658 transpositutu
2719 4607 2733 4641 :
2756 4587 2938 4656 Syrice
2951 4600 3075 4639 vero
3099 4584 3360 4636 redditum
3384 4597 3502 4636 esse
3520 4598 3622 4636 una
3644 4580 3843 4650 quidem

2315 4681 2753 4748 interpretatione
2773 4694 2835 4730 ex
2857 4678 2970 4745 ipso
2986 4677 3222 4736 Hebrmo,
3239 4675 3407 4727 altera
3430 4689 3631 4727 veroex
3651 4674 3845 4727 Graeco.

2318 4772 2586 4824 Caeterum
2626 4786 2747 4838 quae
2790 4769 2955 4821 fuerit
2988 4779 3092 4820 tam
3128 4769 3415 4818 multarum
3458 4766 3845 4819 translationum

2319 4854 2506 4923 causa,
2560 4870 2611 4915 et
2645 4876 2761 4929 qua:
2801 4861 2941 4912 inter
2971 4860 3111 4926 ipsas
3155 4859 3365 4909 caeteris
3415 4857 3633 4923 probior
3674 4853 3844 4907 existi-

2320 4953 2453 5006 mari
2506 4950 2731 5011 debeat,
2796 4961 2915 5000 cum
2972 4946 3091 4998 aliis
3136 4945 3252 5012 ejus
3289 4944 3500 5011 generis
3535 4938 3850 5011 argumentis

2318 5040 2672 5093 disseruimus
2715 5038 2765 5088 in
2799 5050 2862 5088 eo
2891 5035 3023 5087 libro
3055 5047 3211 5099 quem
3257 5031 3327 5083 De
3377 5044 3467 5082 sea:
3513 5031 3689 5082 diebus
3723 5040 3847 5096 pm-

2319 5132 2581 5185 misimus.
2630 5128 2793 5196 Igitur
2838 5127 2891 5178 in
2932 5140 2992 5178 ea
3038 5117 3738 5191 Graecatraductimieqnz
3773 5124 3844 5171 est

2324 5220 2672 5288 Srptuaginta
2722 5217 3094 5284 interpretum,
3135 5216 3212 5266 sic
3269 5214 3467 5281 scripta
3516 5219 3726 5265 exstant
3765 5208 3843 5262 illa

2323 5312 2485 5365 Mosis
2513 5312 2671 5363 verba
2715 5326 2728 5361 :
2789 5308 2851 5360 Et
2881 5309 3206 5376 plantarerut
3241 5306 3492 5358 Dominus
3527 5302 3664 5357 Deus
3692 5316 3841 5371 para-

2319 5403 2488 5452 disum
2527 5402 2576 5450 in
2608 5397 2750 5453 Edeu
2794 5401 2855 5451 ab
2898 5401 3112 5460 oriente,
3156 5407 3205 5447 et
3239 5397 3406 5458 posuit
3446 5394 3557 5449 illic
3606 5394 3842 5448 homines!

730 5806 839 5868 (it)
882 5800 1036 5867 Quod
1090 5798 1226 5855 verti
1290 5797 1517 5866 ﬁnxerat
1553 5833 1569 5860 ,
1631 5800 1714 5848 est
1760 5789 1983 5845 verbum
2038 5786 2193 5841 Gabai

2296 5788 2425 5855 ,uod-
2471 5788 2629 5856 plane
2654 5780 2943 5852 respondet
2973 5780 3177 5839 Graeco.
3212 5784 3454 5845 πλατεις.
