4176 6496
352 379 447 439 535

1475 373 1570 431 DE
1606 371 2011 432 PARADISO.
2048 397 2116 407 -
2154 374 2344 431 PARS
2387 370 2434 432 Ι.

3460 370 3564 433 5'25

350 498 586 565 ﬁnxerat.
633 488 906 544 Orientem
955 486 1116 556 igitur
1147 482 1516 554 appellantilli
1548 484 1894 550 interpretes,
1928 493 1965 547 Α
2003 482 2294 550 prophetiae
2331 481 2472 534 dona
2500 479 2551 532 in
2584 479 2763 549 ipsum
2789 481 3038 543 contulit,
3074 490 3390 550 proptu‘stam
3415 488 3556 538 enim

349 602 458 642 eatn
491 596 754 640 terrarum
795 579 1067 648 regionem
1093 591 1156 630 ex
1199 591 1304 644 qua
1337 576 1416 629 sol
1451 574 1736 638 oboritur;
1775 589 1896 625 nam

348 683 398 735 in
429 679 519 734 illo
548 685 723 731 tractu
758 669 1045 725 orientalis
1068 670 1400 740 plantaverat
1435 667 1900 734 eollocaveratque

347 773 690 844 paradisum"
723 777 778 818 ut
819 763 1068 825 Basilius,
1133 770 1185 816 ct
1233 761 1351 828 ejus
1403 758 1564 810 frater
1609 758 1900 826 Gregorius

355 871 697 937 attestaptur,
747 866 799 911 et
843 856 1101 910 Dominus
1165 853 1399 904 Severus
1455 865 1689 919 quoque.
1747 849 1900 913 Quod

299 936 310 976 ἰ
345 971 471 1009 vero
499 936 566 1004 ad
600 950 773 1018 ipsum
817 960 1011 999 nomen
1060 941 1270 1004 attinet,
1301 953 1411 1008 quo
1451 939 1525 991 illi
1563 936 1702 990 LXX
1737 938 1904 990 inter-

343 1053 518 1115 pretes
594 1023 679 1093 hic
757 1037 928 1090 Adam
991 1042 1188 1086 vocant
1263 1033 1498 1100 (vocant
1570 1029 1712 1083 enim
1771 1027 1902 1081 Bar-

344 1133 483 1186 Noso
517 1129 674 1201 [15]),
709 1128 810 1182 tria
833 1133 960 1180 sunt
983 1123 1239 1176 vocabula
1262 1122 1459 1191 quibus
1482 1122 1591 1175 fere
1621 1121 1899 1189 Scriptura

342 1236 392 1278 et
435 1227 532 1278 hoc
564 1225 681 1276 loco
710 1230 763 1274 et
796 1218 1047 1286 superius
1087 1215 1254 1269 utitur
1289 1230 1383 1285 pro
1422 1214 1615 1267 Adami
1664 1211 1902 1280 appella-

347 1319 523 1381 tione;
571 1313 734 1375 Noso,
788 1307 1082 1371 Bar-Noso,
1128 1307 1319 1361 Adam.
1371 1307 1436 1359 Et
1479 1303 1633 1359 Noso
1685 1303 1899 1372 quidem

341 1418 532 1472 vocat,
590 1406 716 1460 dum
768 1402 921 1469 ait:
993 1398 1272 1453 Faciamus
1336 1395 1482 1450 Noso
1539 1395 1615 1464 (id
1680 1402 1762 1450 est
1807 1396 1903 1446 ho.

341 1500 567 1566 minem)
613 1494 682 1548 ad
718 1494 1000 1564 imaginem
1028 1489 1584 1545 nostramrsecundum
1651 1485 1902 1539 similitu-

341 1593 513 1642 dinem
552 1595 783 1640 nostram
811 1599 828 1647 ;
860 1582 1028 1636 Adam
1061 1595 1190 1634 vero
1217 1580 1345 1633 dum
1376 1579 1505 1633 dicit
1539 1596 1552 1631 :
1608 1576 1675 1630 Et
1705 1576 1902 1629 creavit

342 1680 480 1733 Deus
539 1677 705 1732 Adam
763 1674 829 1726 ad
885 1671 1164 1740 imaginem
1219 1684 1367 1722 suam
1407 1688 1421 1722 :
1458 1665 1523 1718 Et
1572 1665 1742 1734 posuit
1793 1661 1904 1713 illic

341 1771 514 1824 Adam
559 1782 709 1837 quem
768 1764 1108 1832 formaverat.
1162 1757 1404 1826 Denique
1458 1754 1765 1818 Bar-Noso,
1815 1753 1902 1806 hic

2002 573 2169 626 fuisse
2201 572 2369 624 Adam
2429 570 2507 623 vel
2555 569 2679 625 hinc
2709 579 2924 625 constat
2952 573 3092 639 quod
3126 589 3219 640 per
3242 574 3556 628 vaticinium

2002 663 2236 717 dixerit:
2269 664 2398 714 llmc
2419 662 2536 730 jam
2579 679 2701 715 caro
2727 663 2787 715 de
2840 679 2998 715 carne
3039 679 3148 715 tuen
3181 674 3226 715 et
3265 682 3317 718 os
3346 666 3408 719 de
3447 681 3502 720 os
3533 683 3558 718 ‹·

2001 771 2133 816 meo,
2189 756 2297 808 lia'c
2353 754 2620 807 vocabitur
2687 756 2892 819 mulier,
2956 766 3062 809 etc.
3121 756 3353 819 Decimo,
3409 762 3557 811 auxit

2001 846 2173 916 ipsum
2221 844 2504 899 sacerdotii
2541 857 2760 914 munere
2791 861 2802 906 ;
2859 861 2976 896 nam
3006 841 3176 898 fuisse
3198 847 3554 907 sacerdotem,

1998 950 2066 993 ex
2114 934 2338 989 Davidis
2385 934 2674 1004 psalmistae
2707 934 2884 988 verbis
2913 938 3272 1002 cognoscitur,
3309 937 3434 988 dum
3474 953 3562 989 ve-

1988 1027 2105 1099 .luti
2153 1027 2459 1096 loquentem
2509 1026 2777 1078 Adamum
2825 1041 2946 1078 entn
3001 1025 3106 1078 Deo
3138 1030 3397 1082 inducens
3433 1030 3506 1082 ait
3545 1050 3556 1083 ε

2003 1105 2235 1166 Finxiin
2261 1129 2337 1165 me
2364 1124 2414 1168 et
2458 1113 2677 1180 posuisti
2729 1128 2880 1178 super
2928 1103 3138 1166 manum
3185 1125 3327 1169 tuam
3360 1119 3439 1180 ⁶⁶;
3474 1136 3560 1172 sa-

3424 1160 3439 1185 ο

2004 1205 2300 1260 cerdotium
2352 1204 2495 1258 enim
2555 1219 2812 1257 manuum
2867 1206 3211 1273 impositione
3261 1210 3555 1270 confertur.

2006 1295 2149 1348 sicut
2188 1304 2238 1348 et
2267 1295 2567 1362 baptismus
2593 1333 2606 1347 .
2648 1293 2965 1359 Undecimo,
2997 1299 3141 1367 regia
3171 1308 3332 1367 atque
3360 1279 3557 1366 ptittci—

2005 1386 2111 1456 pali
2145 1386 2318 1453 ipsum
2362 1385 2652 1440 donatione
2700 1386 3091 1462 ampliﬁcavit;
3138 1391 3211 1442 ait
3253 1392 3394 1443 enim
3437 1409 3450 1442 :
3491 1389 3558 1442 Et

2001 1481 2351 1534 dominamini
2377 1480 2602 1548 piscibus
2636 1481 2820 1544 maris,
2849 1489 2896 1533 et
2927 1481 3224 1534 volucribus
3244 1486 3376 1536 catli.
3414 1483 3560 1537 Duo.

2005 1572 2240 1636 decimo,
2291 1571 2361 1622 ita
2406 1571 2581 1639 ipsum
2615 1573 2967 1639 comparavit,
2996 1580 3051 1625 nt
3071 1573 3255 1628 animo
3293 1583 3451 1643 atque
3479 1576 3563 1628 in-

2008 1663 2302 1730 telligentia
2375 1678 2470 1714 sua
2558 1663 2761 1730 angelis
2803 1671 2946 1717 esset
2992 1645 3295 1719 familiaris.
3342 1665 3560 1720 Decimo

2010 1754 2190 1815 tertio,
2219 1754 2456 1807 condidit
2489 1756 2663 1822 ipsum
2705 1768 2931 1822 corpore
2966 1737 3068 1808 levi
3105 1765 3268 1826 atque
3290 1761 3562 1827 expedito,

341 1859 651 1928 (sequamur
683 1850 822 1905 LXX
845 1852 1198 1918 interpretum
1230 1845 1684 1913 translationem).
1718 1841 1902 1896 Posuit
1936 1839 1977 1893 Β
2010 1860 2116 1899 non
2139 1854 2315 1899 autem
2367 1845 2515 1914 gravi
2542 1845 2699 1913 quale
2723 1843 2936 1900 demum
2956 1846 3121 1902 evasit
3153 1859 3272 1917 post
3311 1849 3561 1902 violatam

341 1949 456 2001 illic
486 1942 775 2000 Bar-Noso
805 1941 877 2010 (id
926 1948 1028 2002 est,
1067 1937 1235 1991 tilium
1265 1937 1522 2002 hominis)
1556 1951 1705 2005 quem
1736 1934 1902 2002 ﬁnxe-

339 2047 446 2091 rat.
501 2039 677 2105 Atque
709 2035 820 2088 haec
864 2031 965 2086 tria
993 2030 1214 2084 nomina
1245 2029 1382 2082 inter
1426 2043 1484 2082 se
1516 2028 1588 2081 ita
1627 2026 1900 2088 diﬂ‘erunt,

342 2140 402 2182 ut
432 2128 578 2182 Noso
609 2126 820 2196 proprie
852 2124 1176 2179 universum
1211 2136 1381 2190 genus
1409 2120 1687 2174 hominum
1722 2129 1905 2173 osten-

340 2221 465 2284 dat;
502 2217 782 2272 Bar-Noso
811 2232 937 2270 vero
973 2229 1098 2268 eum
1130 2213 1224 2282 qui
1259 2229 1322 2266 ex
1355 2211 1579 2266 homine
1613 2217 1911 2280 prognatus

342 2310 433 2373 sit,
480 2308 584 2362 hoc
639 2315 742 2370 est,
783 2305 948 2359 tilium
1003 2303 1237 2358 hominis
1288 2301 1556 2369 signiticet
1597 2317 1610 2352 :
1659 2311 1712 2353 et
1761 2295 1904 2350 Noso

341 2401 562 2469 quidem
608 2396 931 2467 pluraliter,
969 2390 1248 2447 Bar-Noso
1279 2406 1405 2445 vero
1445 2388 1789 2460 singulariter
1825 2387 1907 2457 (ut

342 2491 421 2544 sic
451 2489 648 2556 dicam)
681 2485 1037 2555 accipiantur,
1099 2493 1489 2553 spectentque;
1522 2479 1667 2535 Noso
1701 2479 1812 2534 fere
1839 2480 1903 2531 ad

342 2582 518 2650 ipsam
549 2579 808 2648 speciem,
844 2574 1117 2629 Bar-Noso
1157 2590 1283 2628 vero
1312 2575 1375 2628 ad
1411 2573 1704 2627 individua.
1736 2572 1903 2625 Porro

341 2674 408 2726 de
462 2684 594 2724 voce
645 2669 814 2721 Adam
860 2667 1047 2721 dicunt
1110 2665 1249 2734 apud
1295 2679 1395 2717 nos
1443 2663 1608 2733 Syros
1661 2663 1906 2732 plerique

342 2761 758 2830 appellationem
808 2771 928 2810 esse
979 2756 1359 2825 particularem
1409 2753 1671 2822 hominis,
1708 2769 1899 2822 perso-

346 2868 590 2922 namque
635 2867 794 2903 uuam
856 2857 1241 2917 repraesentare
1295 2864 1305 2897 :
1361 2842 1546 2900 verum
1599 2846 1686 2898 alii
1726 2845 1913 2896 existi-

346 2955 520 3005 ntant,
574 2943 712 3010 apud
754 2941 1007 2994 Hebraeos
1054 2953 1249 2993 nomen
1294 2952 1410 2991 esse
1465 2936 1800 3004 specilieum,
1853 2944 1908 2988 et

347 3049 522 3092 totum
558 3051 724 3106 genus
761 3036 1056 3088 humanum
1093 3050 1190 3088 sua
1218 3035 1438 3089 notione
1470 3033 1740 3102 amplecti,
1770 3032 1912 3086 sient

345 3130 584 3184 antehac
625 3127 859 3181 diximus
913 3127 963 3179 in
1015 3125 1418 3180 Commentario
1463 3135 1646 3179 nostro
1700 3127 1763 3179 de
1816 3138 1980 3216 δοκε

345 3220 562 3273 diebus.
597 3219 803 3270 Rursus
837 3214 929 3268 alii
958 3224 1102 3273 sunt.
1140 3215 1228 3283 qui
1259 3223 1450 3283 putant
1485 3229 1678 3268 nomen
1736 3212 1906 3267 Adam

347 3321 625 3378 stnnptum
657 3311 776 3362 esse
817 3323 879 3361 ex
916 3308 1032 3375 ipso
1065 3306 1298 3360 hominis
1330 3319 1588 3374 corpore,
1621 3315 1674 3358 et
1701 3304 1748 3356 ei
1784 3317 1912 3372 pro-

348 3402 471 3470 prie
504 3400 812 3468 impositum
850 3413 969 3451 esse
998 3413 1061 3451 eo
1085 3397 1229 3464 quod
1256 3413 1319 3450 ex
1355 3405 1494 3450 terra
1521 3413 1638 3465 qua:
1670 3398 1906 3451 Adamo-

350 3497 448 3547 tho
477 3493 670 3545 dicitur
690 3489 1064 3544 confirmatum
1095 3489 1166 3541 sit
1196 3504 1209 3540 :
1246 3486 1391 3542 Noso
1418 3502 1546 3542 vero
1579 3489 1642 3541 ad
1676 3491 1907 3543 animum

350 3583 706 3654 peculiariter
733 3589 994 3648 spectare.
1026 3579 1290 3635 Creterum
1324 3579 1455 3647 quid
1487 3579 1591 3633 sibi
1625 3579 1752 3632 velit
1781 3580 1908 3632 illud

351 3685 517 3726 terrae
552 3669 895 3732 vocabulum,
930 3667 1249 3732 Adamotho,
1309 3666 1417 3720 illic
1449 3682 1665 3736 qu0que
1695 3682 1722 3720 a
1757 3667 1909 3721 nobis

350 3772 435 3817 est
464 3761 807 3828 explicatum.

427 3850 611 3902 Πείιᾶ
667 3848 910 3916 beneﬁcia
970 3848 1023 3898 in
1078 3844 1356 3899 Adamum.
1395 3844 1682 3898 —Verum
1736 3860 1907 3898 enim-

357 3959 492 3999 vero
523 3957 698 4012 operre
730 3942 958 4010 pretium
1008 3949 1089 3993 est
1140 3947 1195 3991 ut
1243 3938 1510 4006 expendas
1549 3939 1634 3990 hic
1664 3945 1912 3991 accurate

355 4034 507 4107 apud
561 4034 1005 4094 :tnitttum'luum,
1039 4045 1199 4098 quam
1234 4029 1419 4082 multis
1467 4030 1641 4082 modis
1670 4033 1910 4084 cohone-

356 4124 592 4182 staverit
616 4122 757 4175 Deus
785 4121 1070 4173 Adamum.
1104 4119 1280 4172 Primo
1311 4121 1452 4170 enini
1485 4134 1607 4172 cum
1641 4120 1695 4172 in
1732 4137 1909 4174 rerum

358 4225 556 4271 natura
612 4225 988 4282 prorsus‘non
1042 4221 1214 4274 esset,
1260 4213 1594 4278 procreavit,
1653 4211 1913 4287 eilicitque

360 4310 542 4378 ipsum
571 4321 636 4359 ex
672 4304 840 4357 nihilo
872 4311 931 4356 ut
966 4301 1166 4370 aliquid
1215 4309 1379 4354 esset.
1413 4303 1614 4356 Deinde
1657 4302 1720 4356 ad
1758 4319 1910 4358 suam

361 4401 536 4466 ipsius
636 4395 919 4464 imaginem
1011 4403 1065 4446 et
1156 4392 1557 4448 similitudinem
1655 4395 1910 4451 condidit.

2005 1935 2193 2003 legem.
2282 1932 2496 1986 Decimo
2573 1941 2766 2001 quarto
2845 1934 3099 2003 denique,
3146 1937 3323 2004 posuit
3387 1940 3560 2005 ipsmn

2007 2026 2060 2079 in
2109 2023 2404 2093 paradiso,
2471 2032 2529 2076 ut
2605 2024 2734 2078 inibi
2802 2023 3158 2080 obiectaretur
3200 2044 3371 2096 neque
3437 2044 3559 2084 cum

2008 2117 2217 2171 cmteris
2279 2116 2604 2171 animalibus
2661 2116 2859 2170 mentis
2925 2118 3234 2187 expertibus
3292 2120 3344 2173 iu
3420 2131 3560 2175 terra

2014 2207 2295 2264 nascendo
2353 2208 2571 2277 reliquit
2633 2227 2646 2261 :
2727 2208 2800 2262 Et"
2841 2211 3016 2262 enasci
3063 2211 3252 2280 fecerat
3307 2211 3561 2266 Dominus

2009 2301 2148 2356 Deus
2177 2318 2201 2353 e
2232 2310 2370 2353 terra
2418 2316 2618 2353 omnem
2663 2300 2904 2354 arborem
2932 2304 3046 2370 ipso
3088 2314 3295 2373 aspectu
3322 2316 3562 2358 caneten:

2007 2392 2149 2452 dam,
2193 2398 2240 2443 et
2279 2391 2549 2459 pulchram
2577 2392 2644 2442 ad
2673 2392 2971 2444 vescendum
2996 2409 3013 2455 ;
3037 2394 3123 2447 die
3163 2395 3366 2449 Scilicet
3399 2396 3560 2456 tertio

2011 2483 2337 2551 produxerat
2392 2480 2654 2535 Dominus
2709 2497 2800 2536 eas
2849 2484 3073 2538 arbores
3117 2501 3179 2538 ex
3235 2496 3395 2551 terra,
3440 2505 3560 2540 eum

2009 2575 2258 2629 diceret:
2293 2572 2553 2626 Producat
2579 2582 2716 2627 terra
2747 2575 2959 2628 herbam
2988 2578 3203 2630 viridem
3230 2596 3400 2630 semen
3425 2583 3562 2648 [oui-

2011 2667 2201 2734 ﬁcans,
2243 2675 2290 2724 et
2331 2665 2570 2719 arborem
2604 2666 2958 2735 fructiferam,
3004 2677 3108 2723 etc.
3149 2668 3339 2722 Verum
3385 2672 3469 2724 hic
3496 2677 3560 2725 λιιι

2011 2755 2244 2823 priorem
2272 2753 2416 2808 illam
2454 2754 2817 2808 narrationem
2854 2757 3177 2823 regreditur,
3206 2756 3378 2826 ipsam
3408 2759 3566 2814 abso-

2011 2845 2224 2899 luturus
2251 2845 2379 2914 quin
2427 2846 2539 2914 ipse
2585 2846 2744 2898 etiam
2787 2847 3071 2914 paradisus
3123 2849 3211 2902 die
3258 2849 3348 2902 illo
3405 2850 3564 2904 tertio

2013 2935 2266 2990 consitus
2298 2936 2488 2988 fuerat.
2523 2935 2794 3008 Carterum
2843 2936 2952 2997 Deo
2983 2939 3232 2992 attribuit
3260 2940 3433 2995 Moses
3475 2944 3563 2996 illa

2013 3027 2175 3082 verba
2211 3045 2224 3080 :
2258 3024 2325 3098 Et
2353 3027 2529 3079 enasci
2563 3027 2757 3098 fecerat
2787 3029 3016 3093 arbores,
3053 3039 3112 3084 ut
3140 3031 3563 3101 intelligeremus

2013 3133 2120 3173 non
2158 3117 2225 3171 ab
2255 3118 2471 3172 homine
2510 3127 2655 3172 satas
2688 3119 2878 3181 fuisse,
2927 3123 2995 3173 ut'
3030 3120 3141 3176 Noe
3192 3125 3352 3177 vitem
3402 3126 3560 3188 sevit,

2016 3217 2110 3264 aut
2137 3209 2270 3262 alias
2295 3210 2537 3274 arbores,
2573 3209 2661 3264 alii
2687 3228 2703 3276 ;
2732 3213 2825 3266 sed
2854 3211 3020 3282 ipsius
3049 3212 3140 3266 Dei
3172 3229 3301 3267 cura
3335 3231 3397 3270 ac
3426 3230 3562 3269 nutu

2017 3296 2392 3369 prméeptoque
2435 3301 2730 3366 exstitisse,
2758 3302 2911 3371 juxta
2952 3303 3079 3356 illud
3107 3303 3407 3360 Psalmista:
3440 3327 3454 3360 ;
3498 3307 3565 3360 Et

2012 3391 2155 3445 cedri
2179 3391 2368 3444 Libani
2419 3409 2547 3461 quas
2593 3394 2852 3460 plantavit
2894 3394 2960 3448 ".
2997 3395 3101 3450 Sed
3138 3398 3304 3450 videri
3339 3409 3567 3468 possunt

2017 3484 2179 3537 verba
2205 3485 2381 3548 potius
2405 3486 2470 3536 ad
2499 3485 2636 3538 inme
2667 3487 2884 3539 modum
2915 3502 3034 3541 esse
3062 3488 3280 3559 legenda
3306 3507 3318 3542 :
3346 3489 3564 3543 Omnem

2021 3574 2258 3626 arborem
2285 3574 2556 3641 pulchram
2589 3575 2656 3627 ad
2696 3580 3051 3644 spectandum,
3090 3590 3138 3632 et
3161 3584 3564 3648 exspectandam

2018 3666 2085 3719 ad
2121 3667 2442 3730 vescendum,
2473 3667 2812 3733 pulchritudo
2834 3669 2978 3721 enim
3009 3670 3072 3722 ad
3108 3671 3317 3726 videndi
3347 3687 3567 3726 sensum

2019 3761 2267 3827 pertinet,
2313 3758 2580 3826 appetitus
2612 3773 2738 3812 vero
2775 3763 2840 3812 ad
2874 3760 3053 3812 cibum
3098 3771 3321 3828 spectat.
3370 3760 3560 3815 Verum

2015 3850 2296 3909 consuevit
2326 3848 2601 3917 Scriptura
2630 3851 2988 3918 appetentiam
3024 3852 3220 3906 referre
3251 3854 3315 3906 ad
3355 3855 3564 3917 oculos,

2017 3943 2174 4009 quale
2219 3925 2299 3994 est
2332 3941 2458 3994 illud
2508 3941 2731 3995 Joannis
2774 3944 3116 4017 evangelista:
3169 3945 3222 3996 in
3276 3944 3510 4013 Epistola
3545 3965 3563 4002 ς

2017 4033 2186 4086 Omne
2209 4033 2344 4101 quod
2363 4042 2435 4085 est
2456 4034 2507 4085 in
2533 4037 2744 4095 mundo,
2771 4036 3187 4102 concupiscentia
3201 4037 3442 4103 corporis
3468 4047 3565 4101 est,

2019 4134 2065 4175 et
2102 4124 2519 4191 concupiscentia
2567 4124 2832 4175 oculorum
2864 4123 2928 4176 θ’.
2983 4123 3048 4175 Et
3099 4125 3332 4178 arborem
3368 4127 3484 4178 vitta
3514 4131 3566 4178 in

2021 4214 2185 4264 medio
2224 4214 2492 4280 paradiso,
2536 4223 2581 4265 et
2630 4214 2868 4266 arborem
2906 4217 3136 4268 scientiw
3177 4215 3296 4267 boni
3326 4228 3373 4268 et
3417 4216 3565 4269 mali.

2022 4305 2163 4357 Duas
2194 4306 2269 4356 ait
2301 4305 2583 4358 Dominum
2612 4306 2791 4359 enasci
2829 4306 3019 4361 fecisse
3045 4309 3266 4362 arbores
3307 4311 3568 4362 iu,medio

2021 4397 2293 4463 paradiso,
2330 4397 2548 4448 alteram
2589 4399 2724 4460 vita),
2773 4399 2994 4451 alteram
3050 4401 3309 4454 scientite.
3367 4403 3566 4455 Viden-

366 4490 577 4553 Tertio,
602 4504 730 4541 cum
770 4487 942 4554 ipsius
973 4485 1133 4554 longe
1181 4485 1517 4552 prtesuntior
1546 4495 1688 4538 esset
1728 4495 1913 4538 natura
1952 4503 1992 4554 ι)
2022 4489 2148 4539 dum
2184 4488 2343 4554 igitur
2381 4489 2470 4555 qui
2520 4489 2631 4540 lieri
2685 4491 2937 4556 potuerit.
3000 4501 3050 4542 ut
3101 4493 3220 4545 dum
3254 4494 3473 4546 arbores
3516 4497 3565 4546 in

365 4599 534 4653 quam
582 4582 670 4635 cui
710 4594 902 4632 manus
943 4577 1198 4643 vocisque
1240 4591 1370 4628 usus
1401 4577 1620 4629 attribui
1657 4577 1912 4640 deberet,

365 4683 549 4727 tamen
579 4673 729 4723 illum
765 4678 816 4722 et
863 4667 1109 4720 manibus
1145 4667 1256 4718 suis
1287 4663 1526 4729 ﬁnxisse,
1556 4675 1607 4718 et
1636 4681 1762 4721 voce
1792 4666 1919 4719 alia-

364 4771 458 4818 tus
516 4776 636 4814 esse
692 4758 796 4812 dici
845 4756 1036 4808 voluit.
1091 4752 1324 4818 Quarto,
1385 4753 1659 4805 conditum
1715 4755 1917 4806 ratione

367 4854 607 4915 ornavit,
655 4864 763 4920 qua
818 4847 1027 4902 caeteris
1074 4843 1439 4898 animantibus
1489 4845 1575 4896 illa
1610 4844 1917 4898 carentihns

367 4952 672 5014 praestaret.
733 4940 955 5004 Quinto,
988 4934 1070 4991 sui
1110 4936 1418 5003 cognitione
1461 4936 1634 5003 ipsum
1665 4936 1916 5003 dignatus

365 5045 472 5090 est.
504 5031 685 5096 Sexto,
710 5031 930 5084 admisit
959 5029 1132 5095 ipsum
1163 5027 1324 5081 veluti
1362 5027 1414 5080 in
1441 5042 1594 5080 suam
1629 5027 1916 5079 latniIiari-

369 5133 560 5188 tatem,
596 5132 652 5177 ut
693 5137 758 5177 ea
800 5137 919 5176 sese
965 5136 1062 5189 pro
1094 5119 1322 5172 arbitrio
1348 5119 1664 5180 oblectaret,
1693 5117 1918 5171 medita-

371 5217 609 5271 tionibus
636 5212 1287 5281 eontemplationibusque
1307 5210 1504 5264 divinis
1535 5201 1731 5263 vacans
1761 5219 1921 5276 atque

372 5308 683 5375 indulgens.
760 5304 1044 5372 Septimo,
1126 5302 1581 5355 immortalitatem
1649 5301 1914 5367 promisit.

370 5395 595 5462 Octavo,
644 5395 880 5449 maxima
927 5394 1102 5462 ipsum
1164 5393 1426 5461 sapientia
1486 5391 1698 5446 imbuit.
1749 5377 1918 5455 Nono,

446 5557 490 5586 “
530 5555 668 5609 Psal.
698 5568 957 5612 cum”,
994 5550 1079 5607 16.
1172 5548 1214 5578 ⁸⁷
1252 5547 1392 5601 Psal.
1427 5564 1538 5611 cm,
1577 5548 1660 5600 lii.

2023 4576 2139 4644 ipso
2185 4585 2459 4630 exstarent
2511 4578 2743 4644 paradisi
2810 4582 3109 4632 meditullio
3154 4601 3164 4634 :
3226 4599 3382 4634 unam
3423 4584 3565 4634 enim

2024 4669 2193 4722 solam
2227 4670 2665 4735 possevmedium
2707 4670 2955 4723 obtinere
3009 4672 3182 4723 locum
3221 4689 3376 4749 inemo
3411 4690 3570 4742 nuga-

2027 4759 2186 4824 verit,
2225 4769 2275 4812 at
2323 4759 2440 4813 dua:
2473 4769 2527 4812 ut
2561 4761 2722 4812 simul
2763 4762 2937 4822 medio
2981 4763 3238 4829 quopiam
3280 4764 3394 4816 loco
3425 4768 3569 4818 σχεῖ-

2020 4857 2184 4912 stant,
2221 4864 2321 4902 non
2360 4850 2441 4904 fas
2484 4858 2586 4906 est.
2624 4849 2758 4903 Sunt
2807 4849 2967 4920 igitur
3015 4854 3103 4920 qui
3148 4851 3324 4906 dicant
3359 4857 3566 4906 unicam

2020 4939 2186 4992 fuisse
2235 4940 2286 4992 in
2337 4941 2452 5006 ipso
2505 4942 2681 4994 medio
2741 4943 3044 5006 consitam,
3096 4959 3212 4997 eam
3272 4960 3387 5010 qua:
3451 4947 3569 4998 vitm

2022 5039 2262 5095 vocatur,
2289 5033 2509 5084 alterum
2544 5049 2670 5085 vero
2692 5051 2810 5102 quae
2833 5036 3128 5103 appellatur
3157 5037 3392 5089 scientia:
3419 5039 3568 5104 juxta

2023 5120 2168 5172 illam
2231 5122 2349 5174 vita:
2402 5123 2670 5176 exstitisse
2725 5135 2922 5178 satam.
2980 5126 3080 5177 Sed
3134 5126 3216 5177 his
3283 5127 3570 5194 objicimns

2022 5212 2195 5278 ipsam
2235 5213 2565 5281 Scriptorum
2594 5234 2606 5278 ;
2642 5233 2760 5284 qua:
2785 5221 2936 5269 verba
2975 5219 3060 5268 illa
3093 5234 3106 5270 :
3135 5220 3196 5271 In
3226 5220 3392 5270 medio
3413 5236 3571 5286 puru-

2026 5302 2160 5362 diso,
2221 5304 2283 5357 ad
2337 5317 2618 5373 utramque
2679 5310 2922 5361 arborem
2990 5313 3404 5370 accommodat,
3465 5324 3569 5362 n0n

2026 5404 2208 5449 autem
2244 5397 2309 5450 ad
2341 5414 2457 5450 eam
2489 5415 2608 5466 qua:
2642 5401 2760 5454 vitae
2789 5411 2892 5466 cst,
2929 5404 3119 5456 solam.
3144 5403 3256 5456 Hoc
3278 5401 3419 5456 enim
3453 5402 3578 5456 inde

1739 5550 1780 5579 ⁸⁸
1821 5549 2023 5603 lJoan.
2060 5568 2120 5612 ιι,
2155 5553 2238 5605 iii.

451 5691 561 5756 (i5)
605 5690 757 5759 Apud
791 5687 924 5745 LXX
978 5689 1027 5741 in
1073 5688 1256 5741 Graeco
1312 5695 1410 5740 est.
1457 5684 1746 5752 ἂνθρωπου
1797 5702 1923 5754 quo:

1988 5690 2134 5745 Siros
2207 5694 2490 5757 inlt‘llll't‘b,
2526 5710 2680 5761 quem
2733 5704 2917 5748 auctor
2962 5697 3226 5762 sequitur,
3269 5697 3441 5752 "abiit
3473 5697 3578 5751 illic

377 5761 634 5815 Barnoso.
