4010 6516
571 406 694 494 sar

1757 421 1765 466 Ϊ
1810 416 2073 485 ΊῙΟΞΙΞ
2110 426 2136 483 Ι

2237 427 2262 486 t
2299 423 2545 486 canus
3681 433 3755 496 533

564 543 938 616 cognoscitur,
982 522 1134 614 quod
1160 540 1289 595 ‘Eva
1333 539 1399 594 ad
1443 547 1750 609 serpentem
1779 536 1988 594 diceret
2022 558 2037 593 :
2076 539 2149 592 De
2176 546 2222 602 Α
2252 539 2405 594 locus
2436 548 2554 594 erat
2590 554 2819 609 tnegnus
2852 548 3027 610 'atquc
3057 542 3306 610 amplus,
3359 543 3446 598 cui
3491 542 3541 597 id
3572 548 3760 604 nominis

558 635 743 702 [ructu
785 633 993 688 arboris
1041 648 1161 704 qua:
1204 642 1280 687 est
1325 633 1382 684 in
1427 631 1597 685 medio
1647 628 1898 700 paradiso
1926 669 1944 693 ,
1981 629 2142 686 nolite

561 724 852 792 conradere,
882 724 963 778 ait
1013 720 1178 778 Deus.
1215 714 1350 775 Erat
1385 721 1530 776 enim
1565 719 1731 775 arbor
1759 719 2024 783 scientiae,
2075 734 2140 774 ea

468 846 474 852 -
559 810 668 884 qua
691 814 804 871 illis
837 814 1015 871 fuerat
1044 812 1394 869 interdictum
1415 829 1565 881 ,‘non
1593 815 1756 868 arbor
1773 813 1918 868 vitae.
1948 812 2138 868 Conﬂ-

559 911 708 964 citur
753 924 884 980 ergo
931 893 1325 979 ad'utramque
1373 908 1624 962 arborem
1672 908 1947 978 pertinere
1991 907 2138 977 quod

561 999 807 1060 dicitur:
837 999 900 1054 Ia
939 1000 1108 1053 medio
1144 999 1416 1068 paradiso.
1465 997 1959 1070 lgitur'Gregorius
2007 996 2144 1070 Nys-

570 1105 741 1146 senus
807 1091 942 1145 dicit
983 1092 1122 1146 duas
1164 1092 1328 1146 hasce
1369 1089 1906 1160 arbores'spiritales
1946 1089 2137 1155 fuisse,

564 1175 796 1255 sulaque
832 1185 1045 1239 ratione
1079 1176 1329 1254 potuisse
1351 1183 1602 1254 intelligi,
1639 1174 1830 1252 quales
1864 1198 1974 1238 non
1999 1169 2156 1239 duas
2185 1176 2202 1212 ’

508 1337 517 1345 ,
555 1277 750 1345 “modo,
775 1276 870 1334 sed
897 1275 1306 1347 pluritnas'uno
1330 1275 1632 1346 eodemque
1652 1274 1779 1330 loco
1806 1259 1988 1332 medio
2019 1290 2140 1331 esse

561 1385 776 1441 posse,»
815 1382 978 1423 neruo
1018 1367 1392 1423 dubitaverit..
1427 1356 1562 1421 Nam
1606 1366 1773 1448 animi
1825 1370 1995 1423 nostri
2056 1367 2138 1424 vis

560 1451 723 1518 facile
773 1452 838 1516 ea
893 1462 1184 1547 coniungit
1239 1459 1361 1530 quae
1421 1452 1626 1531 alioq‘ui
1675 1447 1762 1516 vel
1807 1476 1837 1515 a
1888 1447 2140 1530 plurimis

562 1549 729 1607 simul
798 1546 1188 1620 comprehendi
1250 1557 1548 1618 nequeant.
1600 1548 1678 1622 .At
1745 1561 1846 1602 nos
1899 1547 2137 1601 dicimus

558 1622 788 1696 artiores
837 1639 956 1693 illas
1012 1646 1333 1708 eorporatas
1374 1636 1704 1702 "exstitisse;
1753 1633 1917 1703 idque
1945 1648 2139 1705 ‘nupcr

560 1720 941 1793 ostendimus,
999 1733 1163 1800 atque
1226 1739 1491 1798 utrasque
1535 1727 1591 1783 in
1645 1726 1884 1798 paradisi
1957 1726 2139 1781 medio

537 1822 780 1894 _quidrm
818 1807 999 1878 fuisse
1013 1805 1222 1892 positas
1250 1820 1344 1875 sed
1370 1822 1478 1874 non
1504 1829 1564 1877 ut
1605 1819 1662 1872 in
1703 1831 1814 1894 uno
1836 1817 2154 1887 eodemque,

2245 633 2496 697 dabatur,
2562 643 2845 704 propterea
2905 635 3052 703 quod
3112 650 3361 690 amamus
3411 646 3466 691 et
3520 637 3759 694 multarum

2242 724 2498 778 arborum
2533 725 2791 780 varietate
2815 726 3120 795 spectabilis
3141 735 3287 782 esset
3316 745 3331 784 :
3385 729 3549 797 hujus
3589 745 3693 799 pars
3715 749 3764 785 ca

2241 833 2364 887 qua:
2434 829 2657 873 casteras
2694 820 3344 889 comnespulebritudine
3394 824 3555 887 atque
3603 823 3765 877 decore

2245 908 2512 975 anteibat,
2542 908 2846 980 paradisus
2874 911 3159 965 dicebatur
3205 913 3764 969 accommodatissimas

2239 1000 2305 1052 ad
2343 1000 2723 1055 habitationem
2756 1002 3282 1069 oblectationemque
3314 1003 3626 1066 hominum.
3683 1002 3766 1058 Sed

2241 1101 2445 1160 quanta
2473 1075 2832 1162 iuerifbujus
2861 1094 3180 1162 amplitudo,
3223 1093 3355 1149 satis
3388 1096 3566 1165 arguit
3599 1095 3769 1149 ﬂuvius

2241 1181 2330 1236 ille
2415 1195 2644 1250 magnus
2679 1221 2694 1246 ,
2743 1180 2837 1251 qui
2890 1198 2954 1237 ex
3017 1184 3136 1252 ipso
3185 1183 3480 1248 adluebat,
3547 1195 3598 1237 ct
3645 1195 3769 1252 putt-

2237 1287 2403 1342 quam
2454 1274 2671 1343 elapsus
2725 1282 2869 1328 esset
2924 1274 3264 1329 dividebatur
3310 1277 3364 1327 in
3418 1283 3645 1345 quatuor
3684 1274 3770 1327 ﬂu-

2240 1367 2382 1420 mina
2418 1367 2537 1426 {si
2583 1368 2732 1420 enim
2779 1367 2976 1421 ﬂuvius
3040 1368 3156 1436 ipse
3207 1383 3437 1437 magnus
3485 1376 3625 1430 erat,
3677 1381 3772 1419 ma-

2237 1457 2495 1511 nifestum
2539 1469 2624 1513 est
2669 1459 2978 1526 paradisum
3035 1475 3194 1528 quem
3241 1460 3482 1528 rigabat,
3539 1473 3771 1528 maguum

2235 1549 2641 1620 spatiosumque
2671 1549 2884 1606 fuisse:
2912 1548 2990 1603 ιΕι
3015 1551 3164 1603 illinc
3188 1551 3542 1616 diuidebatur,
3565 1563 3610 1605 et
3632 1554 3775 1605 erasit

2234 1641 2288 1695 in
2345 1653 2574 1710 quatuor
2605 1644 2816 1710 capita.
2881 1643 3172 1714 Postquam
3220 1645 3266 1699 is
3327 1644 3526 1708 ﬂuvius
3573 1645 3772 1714 rigasset

2234 1731 2570 1799 paradisum,
2631 1732 2885 1787 diductus
2925 1732 3258 1803 divisusque
3310 1744 3392 1788 est
3447 1735 3502 1788 in
3561 1745 3771 1806 quatuor

2235 1823 2427 1880 ﬂuvios
2453 1825 2796 1896 quos'lloses
2824 1827 2975 1896 (quia
3018 1828 3190 1898 ipsius
3244 1830 3452 1883 saeculo
3480 1831 3590 1884 noti
3619 1830 3775 1897 erant)

563 1889 882 1986 amicum?
922 1889 1066 1976 ποθέν.
1099 1912 1197 1984 qui
1224 1911 1381 1975 locus
1415 1909 1580 1966 fuerit
1607 1889 1841 1982 paradisi
1881 1909 2138 1965 meditul-
2170 1896 2210 1950 Β
2235 1917 2350 1972 suis
2397 1889 2966 1984 ειίιυηιίηίιιυε,”ει’
2994 1889 3128 2003 lo;cis
3156 1918 3452 1981 describit,
3503 1889 3766 1989 inquiens;

564 2008 719 2082 lium.
740 2003 878 2059 Nam
908 2002 991 2061 ‘id
1033 2001 1318 2059 haud'ﬂeri
1347 2000 1548 2073 potuit,
1588 2011 1644 2056 et
1689 2001 1734 2082 si
1776 2000 1830 2056 in
1861 2015 1929 2055 eo
1951 2000 2132 2054 [altera

569 2080 846 2163 exstabat,
872 2098 1100 2152 alteram
1124 2103 1278 2150 extra
1295 2090 1631 2150 eumloctnu
1649 2080 2132 2147 fuissemeeessum

563 2201 671 2253 (st,
703 2182 827 2264 eum
870 2185 1083 2264 profani
1130 2183 1297 2243 etiam
1325 2181 1660 2256 philosophi
1711 2182 1982 2242 aﬂlr’rnent
2026 2182 2136 2236 im-

565 2262 824 2353 possibile
872 2262 1110 2335 essent
1157 2269 1269 2332 duo
1329 2273 1558 2347 corpora
1603 2276 2000 2331 contineantur‘
2022 2288 2134 2329 uno

561 2369 880 2444 particulari
925 2368 1048 2428 loca
1098 2368 1262 2426 simul
1317 2385 1332 2423 :
1383 2369 1475 2425 sed
1525 2369 1598 2423 ita
1628 2366 2035 2423 ambasiuisse
2076 2365 2132 2420 in

563 2451 742 2520 medio
773 2461 1051 2533 paradiso,
1085 2463 1146 2518 ut
1174 2462 1298 2531 quis
1320 2455 1589 2516 utramvis
1617 2459 1798 2515 dicere
1826 2467 1981 2514 recte
2003 2471 2133 2528 pos.

564 2561 669 2620 set,
701 2539 952 2625 respectu
999 2558 1371 2606 extremarum
1405 2548 1643 2619 paradisi
1693 2546 1928 2618 partium
1958 2537 2133 2602 {uisae

564 2649 617 2702 in
651 2645 830 2701 medio
881 2630 1160 2720 paradiso.
1201 2640 1437 2700 Medium
1470 2639 1634 2719 igitur
1662 2641 1716 2694 in
1763 2647 2016 2695 contextu
2055 2638 2130 2694 ita

561 2735 938 2816 accipiendum
996 2742 1102 2798 est,
1159 2742 1272 2788 neu
1333 2741 1393 2786 ut
1457 2730 1836 2814 particularem
1889 2731 2129 2798 aliquem

562 2821 743 2892 locum
792 2826 1087 2905 siguilleei,
1137 2824 1234 2885 sed
1279 2825 1443 2898 quasi
1494 2824 1658 2889 dicat,
1694 2825 1820 2880 cuin
1846 2822 2131 2894 paradisus

566 2918 1045 2996 frequentissimus
1077 2913 1419 2974 esset'variis
1440 2915 1739 2971 arboribus
1767 2921 1933 2983 atque
1973 2911 2128 2983 pian-

565 3016 658 3084 tis,
692 3017 857 3071 hasce
886 3013 1025 3068 duas
1058 3010 1294 3067 arbores
1312 3023 1418 3063 non
1466 3008 1519 3062 in
1575 3007 1696 3076 ejus
1723 3005 1945 3076 angulo
1994 3018 2130 3071 quo-

568 3108 715 3180 piam
743 3086 897 3165 satas
916 3102 1105 3169 fuisse,
1142 3101 1236 3156 sed
1266 3099 1326 3166 in
1347 3096 1522 3153 medio
1546 3094 1799 3168 paradiso
1823 3092 2129 3150 inter~alias

523 3217 525 3219 ί
569 3185 1119 3253 arboresexstitisse.
1152 3188 1260 3244 Sed
1290 3197 1345 3244 et
1389 3189 1493 3242 hoc
1525 3185 1666 3241 seire
1691 3197 1871 3254 opera:
1898 3181 2128 3254 pretium

511 3297 513 3299 ’
567 3288 753 3354 fuerit,
786 3301 917 3341 num
943 3284 1064 3340 duas
1092 3283 1207 3338 istic
1237 3276 1460 3337 arbores
1483 3317 1501 3346 ,
1531 3279 1698 3332 altera
1719 3277 1874 3347 juxta
1909 3275 2132 3329 alteram

567 3382 762 3453 posita:
778 3375 1106 3442 exsititer'mt,
1137 3389 1206 3428 an
1241 3368 1469 3428 séorsim
1501 3387 1515 3424 :
1547 3370 1615 3426 de
1647 3371 1747 3424 hae
1787 3382 1847 3423 re
1884 3382 1985 3422 nos
2013 3381 2138 3437 pro-

569 3469 910 3534 nuntiamus,
943 3465 1094 3536 juxta
1129 3461 1335 3533 positas
1370 3458 1555 3515 fuisse.
1609 3455 1796 3527 Neque
1827 3457 1973 3510 enim
2004 3454 2138 3509 dixit

569 3561 851 3633 Scriptura
882 3560 948 3615 de
974 3557 1225 3614 Adamn:
1258 3553 1335 3609 Ne
1365 3549 1686 3633 iqrte'adeat
1715 3549 1965 3603 arborem
1992 3547 2137 3633 vitae,

513 3715 517 3719 ,
569 3623 856 3726 rapiatque
889 3655 957 3708 de
1007 3649 1096 3714 'ea,
1143 3662 1205 3703 ac
1229 3623 1496 3708 vescatur,
1540 3651 1600 3698 et
1648 3641 1794 3696 vivat
1835 3630 2133 3710 perpetuo;

567 3750 665 3805 sed
719 3747 881 3801 habet
945 3744 1012 3797 ad
1071 3743 1218 3796 hunc
1262 3739 1479 3792 modum
1535 3753 1550 3790 :
1600 3733 1683 3788 Ne
1709 3733 1845 3803 [arte
1891 3731 2136 3786 extendat

568 3851 785 3894 manum
815 3849 990 3898 suam,
1040 3840 1087 3886 et
1113 3831 1309 3899 Eapiat.
1339 3827 1391 3882 is
1421 3841 1546 3880 vero
1581 3825 1673 3894 qui
1723 3837 1942 3877 manum
1977 3837 2132 3875 suam

571 3929 640 3983 ad
676 3940 788 3981 rem
839 3922 1151 3996 quampiam
1195 3917 1504 3987 protendit,
1544 3930 1830 3970 necessum
1875 3917 2057 3993 est-ut
2085 3911 2135 3964 ei

573 4020 652 4074 rei
693 4018 974 4087 proximus
1011 4010 1470 4068 astet.-Pra:terca
1505 4009 1626 4088 hinc
1657 4005 1912 4061 credibile
1943 4001 2134 4064 cst,-ei

571 4112 714 4175 loco,
743 4122 797 4162 In
825 4121 936 4176 quo
959 4104 1167 4158 Adamo
1199 4111 1470 4156 certamen
1498 4107 1551 4153 et
1573 4099 1713 4152 lucta
1740 4106 1856 4150 erat
1877 4094 2136 4149 adversus

570 4203 817 4258 arborem
867 4197 1143 4260 scientiae,
1191 4181 1494 4265 proximam
1559 4190 1833 4246 exstitisse
1888 4187 2132 4249 arborem

571 4296 717 4362 vitze,
776 4306 872 4346 ceu
941 4277 1182 4342 victoriae
1237 4287 1562 4355 prmuium:
1603 4295 1664 4338 ut
1712 4282 1758 4339 si
1794 4283 2008 4340 vicisset
2043 4297 2133 4351 per

571 4382 1175 4450 continentiam-neque
1200 4369 1401 4432 edissét
1430 4377 1495 4430 de
1535 4376 1656 4438 hac,
1703 4389 1826 4428 mox
1873 4375 2133 4444 permissa

570 4475 765 4531 fuisset
803 4461 929 4541 ipsi
1002 4469 1090 4523 illa
1149 4468 1319 4522 altera
1379 4463 1683 4534 gustanda,
1743 4462 1941 4532 quippe
1999 4464 2135 4515 solet

2237 2006 2440 2062 Nomen
2469 2010 2622 2063 unius
2649 2006 2866 2076 Phison,
2888 2010 3027 2063 is‘est
3055 2011 3144 2079 qui
3165 2010 3351 2063 circuit
3380 2011 3663 2064 uttiursam
3686 2019 3774 2061 ter-

2234 2118 2349 2155 ram
2388 2100 2608 2156 llarilw.
2664 2085 3093 2172 Numenjgitur
3122 2101 3286 2155 unius
3338 2101 3532 2155 herum
3553 2109 3770 2170 quatuor

2233 2192 2520 2247 ﬂuviorum
2551 2205 2634 2246 est
2663 2193 2898 2256 Phison;
2928 2195 3042 2247 sive
3067 2230 3082 2256 ,
3116 2200 3173 2245 ut
3194 2189 3416 2245 Gmcus
3445 2197 3616 2255 vocat,
3647 2188 3773 2257 Dija-

2233 2285 2318 2341 bis
2349 2285 2495 2355 :gui
2514 2283 2710 2339 ﬂuvius
2764 2296 3048 2356 postquam
3100 2285 3322 2340 avulsus
3355 2284 3424 2338 ab
3461 2283 3553 2337 illo
3593 2282 3776 2352 majore

2232 2386 2285 2432 et
2321 2378 2579 2447 primario
2598 2378 2917 2447 paradisum
2946 2378 3217 2448 pelluente
3237 2415 3253 2441 ,
3289 2378 3341 2430 iu
3369 2386 3668 2446 terramque
3692 2375 3773 2429 de-

2235 2485 2449 2525 mersus
2505 2479 2608 2535 est,
2663 2471 2766 2525 sub
2801 2471 2936 2539 ipsis
2981 2472 3142 2524 etiam
3203 2470 3400 2524 Oceani
3455 2459 3604 2523 vadis
3653 2467 3770 2533 ﬂuit,

2231 2561 2403 2616 donec
2448 2561 2715 2616 ebullit-ns
2755 2569 3071 2632 prorumpat
3126 2561 3181 2616 in
3212 2561 3605 2627 occidentem,
3652 2560 3772 2614 unde

2231 2665 2424 2707 versus
2475 2653 3196 2724 septentrionem'regyrans
3230 2654 3500 2707 delabitur
3529 2656 3633 2723 'pcr
3667 2652 3774 2704 uni-

2230 2755 2442 2795 versant
2512 2735 2785 2811 regionem
2828 2739 3095 2796 'lndorum
3135 2741 3339 2811 ‘(quam
3403 2752 3562 2795 vocat
3617 2739 3774 2814 Moses

2232 2834 2695 2902 terraurHavilaa),
2718 2833 3021 2887 setandem
3042 2832 3239 2886 desinit
3272 2834 3325 2886 in
3359 2847 3506 2887 mare
3532 2832 3773 2886 Indicum.

2234 2922 2371 2978 Sunt
2398 2933 2576 2978 autem
2622 2924 2714 2994 qui
2757 2931 2944 2992 putent
3001 2921 3202 2976 Phison
3245 2924 3577 2992 appellatum
3609 2937 3721 2976 esse
3749 2935 3774 2973 a

2230 3014 2395 3068 verbo
2426 3013 2716 3085 Plias(lﬁ).
2743 3024 3021 3084 promeres
3053 3014 3189 3080 quod
3211 3021 3382 3068 cesset
3404 3029 3434 3066 a
3454 3012 3613 3068 ﬂuctu
3641 3027 3776 3081 aspe-

2231 3091 2437 3171 CIabili,
2465 3107 2664 3177 quippe
2689 3106 2779 3175 qui
2812 3106 2910 3160 sub
2936 3105 3117 3159 multis
3152 3105 3352 3175 pelagis
3380 3105 3637 3173 tuajmem
3669 3119 3778 3156 cur-

2234 3210 2326 3250 sus
2354 3195 2440 3249 sui
2478 3205 2683 3263 partem
2713 3178 3047 3263 peragat.‘Et
3082 3193 3151 3246 ibi
3181 3204 3255 3246 est
3289 3209 3501 3255 aurum,
3532 3202 3580 3245 et
3609 3202 3777 3245 auram

2236 3285 2350 3355 ejus
2398 3295 2551 3339 terra
2599 3295 2852 3348 prwstans
2895 3294 3003 3347 est;
3050 3281 3126 3336 ibi
3184 3281 3461 3345 Bedolaih,
3511 3291 3561 3334 et
3601 3280 3780 3350 lapides

2237 3377 2454 3434 Berilli.
2491 3375 2693 3432 Ferunt
2733 3377 2785 3431 in
2840 3379 3095 3446 pleraque
3141 3374 3310 3443 huius
3349 3360 3587 3428 ﬂuminis
3635 3384 3780 3441 arena

2237 3481 2399 3539 atque
2431 3468 2483 3523 iu
2537 3468 2652 3539 ipsa
2686 3469 2822 3538 ripa,
2859 3483 3047 3522 aurum
3081 3467 3309 3536 probum
3345 3465 3786 3531 admirandasqus

2238 3560 2562 3632 margaritas
2608 3560 2843 3615 ubertim
2893 3560 3134 3628 reperiri.
3169 3556 3450 3614 Hebraeum
3482 3558 3646 3621 enim,
3693 3555 3784 3609 Bc-

2238 3652 2447 3714 dolath,
2481 3668 2715 3722 gemmas
2775 3661 2964 3716 vocat;
3000 3649 3226 3704 Ber'rllos
3259 3664 3407 3710 vero,
3443 3648 3644 3716 lapides
3673 3659 3785 3716 pre-

2238 3743 2430 3798 tiosos.
2462 3743 2587 3808 Alii,
2623 3743 2905 3807 Bedolath,
2940 3742 3200 3797 candidas
3236 3743 3463 3825 uniones
3491 3739 3783 3810 signiﬁcare

2237 3833 2588 3899 existimant;
2650 3831 2877 3887 Berillos
2930 3847 3079 3897 vero,
3143 3833 3354 3895 sardos,
3420 3831 3675 3900 topazios,
3735 3835 3784 3878 ιι

2237 3934 2462 3978 caeteras
2496 3925 2548 3977 id
2585 3938 2753 3994 genus
2781 3939 3042 3992 gemmas.
3083 3926 3148 3976 Et
3172 3939 3362 3975 nomen
3405 3921 3554 3986 ﬂuvii
3583 3917 3787 3973 secundi

2240 4012 2439 4079 Gihon;
2475 4014 2518 4067 is
2556 4025 2630 4068 est
2673 4031 2761 4084 qut
2799 4015 2986 4067 circuit
3032 4029 3232 4068 onmem
3274 4022 3467 4066 terram
3497 4011 3654 4083 Clitis.
3694 4007 3795 4062 Sor

2238 4105 2445 4161 eundus
2474 4104 2670 4160 ﬂuvius
2703 4121 2896 4160 nomen
2931 4106 3090 4160 habet
3121 4103 3322 4158 Gihon.
3353 4103 3574 4158 Grzecus
3605 4100 3788 4154 Nilum

2236 4197 2503 4267 appellat:
2541 4196 2629 4250 alii
2656 4194 2858 4250 Sichor
2890 4204 3101 4249 vocant.
3119 4194 3182 4248 Et
3214 4195 3299 4247 hic
3328 4209 3542 4262 quoque
3567 4191 3786 4251 ﬂuvius,

2238 4300 2296 4342 ut
2349 4299 2625 4357 separatus
2678 4298 2760 4341 est
2808 4288 2875 4340 ab
2923 4287 3016 4339 iilo
3067 4286 3292 4354 majore,
3372 4287 3473 4339 sub
3522 4267 3791 4340 Oceanum

2237 4378 2536 4444 descendit,
2566 4378 2739 4433 donec
2769 4377 3094 4445 scaturigine
3124 4376 3390 4431 evomitur
3419 4376 3470 4428 in
3501 4375 3647 4445 plaga
3679 4378 3795 4425 Au-

2237 4470 2409 4533 strali,
2472 4477 2634 4539 atque
2695 4484 2894 4540 gyraus
2943 4467 3140 4538 perluit
3192 4477 3390 4522 terram
3437 4467 3792 4521 Chussiorum

571 4565 767 4622 ‘ViclOt'i
803 4564 978 4630 palma
1015 4561 1067 4613 in
1095 4566 1353 4629 promptu
1380 4570 1522 4610 esse.
1565 4555 1800 4623 Insuper
1837 4555 1966 4609 illud
2002 4570 2136 4624 quo-

2240 4561 2528 4630 (Ethiopas
2580 4560 2857 4626 vocamus)
2919 4567 2977 4611 et
3019 4556 3413 4628 Egyptiorum,
3470 4557 3793 4622 tandemque

575 4675 681 4729 que
709 4653 885 4726 quani
928 4660 1124 4724 potest,
1166 4664 1264 4706 cur
1327 4649 1466 4701 Deus
1508 4646 1829 4716 produxerit
1852 4646 1986 4700 du‘as
2013 4645 2131 4699 illas

573 4725 794 4806 arbores
821 4725 886 4804 in
919 4741 1096 4796 medio
1121 4738 1407 4809 paradiso,
1456 4750 1519 4790 ac
1557 4751 1662 4790 non
1706 4725 1884 4801 potius
1914 4736 1966 4788 iu
1999 4751 2135 4803 quu-

570 4843 714 4914 piaiu
745 4838 866 4906 ejus
891 4833 1107 4902 angulo.
1140 4830 1235 4883 llic
1265 4827 1673 4914 respondemus,
1701 4827 1820 4879 ideo
1851 4826 1898 4879 id
1931 4825 2130 4880 factum

573 4895 696 4986 inse
755 4895 884 4995 quia
960 4895 1013 4976 in
1090 4919 1268 4974 medio
1312 4895 1576 4986 paradiso
1627 4915 1967 4970 habitaturus
2018 4924 2135 4970 erat

573 5022 768 5082 Adam,
815 5023 1037 5084 accepto
1083 5011 1173 5065 Dei
1215 5009 1442 5080 imperio
1486 5008 1552 5063 de
1600 5007 1824 5061 edendis
1862 5007 2133 5061 fructibus

574 5110 787 5167 arboris
821 5104 1062 5160 scientia:
1098 5103 1223 5158 boni
1257 5111 1313 5157 et
1342 5100 1491 5155 mali.
1524 5100 1789 5153 Ceterum
1826 5101 2130 5166 qualisnam

572 5201 740 5257 fuerit
768 5197 932 5252 arbor
966 5195 1107 5256 vitae,
1129 5203 1185 5248 et'
1211 5210 1308 5248 cur
1335 5193 1420 5248 sie
1440 5191 1508 5246 sit
1539 5191 1680 5244 dicta
1705 5229 1717 5252 ,
1748 5187 1939 5242 deinde
1960 5189 2134 5259 qualis

569 5282 735 5348 arbor
805 5287 1044 5344 scienti-te
1096 5287 1219 5340 boni
1281 5295 1334 5340 et
1385 5283 1536 5348 mali,
1580 5291 1633 5336 et
1657 5281 2020 5351 quamobrem
2068 5295 2134 5334 eo

573 5384 799 5440 nomine
859 5379 1160 5451 appellata,
1222 5392 1331 5430 una
1403 5391 1526 5429 cum
1586 5373 1706 5427 aliis
1758 5372 1877 5440 ejus
1927 5373 2136 5439 generis

579 5474 881 5532 rationibus
913 5487 1075 5541 supra
1106 5485 1137 5524 a
1174 5469 1330 5523 nobis
1361 5468 1493 5524 satis
1519 5466 1839 5534 explicatum
1868 5479 1882 5516 :
1933 5463 1997 5515 Et
2031 5463 2136 5530 ﬂu-

573 5570 688 5624 vius
719 5566 1085 5638 egrediebatur
1115 5579 1177 5617 ex
1206 5560 1346 5615 Edeu
1373 5572 1427 5613 ut
1472 5559 1664 5629 rigaret
1707 5557 2033 5625 paradisum.
2079 5554 2139 5606 Ιεζι

2239 4649 2439 4702 desinit
2486 4649 2538 4702 in
2561 4665 2706 4702 mare
2741 4647 3109 4708 Adriaticum,
3154 4645 3300 4714 quod
3344 4653 3426 4698 est
3470 4645 3608 4714 apud
3632 4642 3795 4711 Egy-

2236 4751 2409 4808 ptttm.
2439 4738 2702 4794 Caeterum
2749 4754 2943 4792 nomen
2989 4737 3217 4791 Giltonis
3257 4737 3489 4790 obtinuit
3519 4752 3548 4788 a
3584 4735 3793 4788 tiuenJo

2240 4843 2362 4884 cum
2390 4830 2766 4893 inundatione;
2793 4829 2887 4881 bac
2909 4829 3078 4890 enim,
3104 4827 3214 4894 ripa
3241 4842 3339 4880 sua
3363 4826 3787 4897 supergrediens.

2239 4922 2426 4990 irrigat
2479 4933 2648 4974 terras
2696 4921 2794 4974 sibi
2833 4920 3298 4988 circutnjacentes.
3334 4917 3400 4970 Et
3439 4934 3620 4971 nomen
3642 4915 3788 4985 ﬂuvii

2239 5013 2382 5064 tertii
2416 5010 2616 5074 Dililat,
2647 5013 2732 5078 qui
2764 5011 2801 5061 it
2829 5009 3075 5062 adversus
3102 5010 3289 5063 Assur.
3326 5007 3558 5072 Quartus
3579 5008 3784 5073 denique

2244 5104 2436 5171 ﬂuvius
2491 5112 2566 5155 est
2624 5102 2833 5156 l’eratli.
2898 5101 3071 5155 Diklat
3130 5101 3427 5169 appellatus
3475 5109 3558 5153 est
3605 5097 3780 5152 tertius

2243 5193 2458 5256 ﬂuvius,
2491 5193 2632 5260 quod
2664 5193 2996 5261 iiupetuosus
3039 5206 3099 5244 ac
3142 5193 3359 5259 rapidus
3390 5204 3604 5244 sursum
3632 5187 3780 5240 deor-

2244 5300 2362 5338 sum
2404 5283 2606 5336 l'eratur
2636 5284 2789 5351 quasi
2830 5283 2990 5336 homo
3024 5283 3289 5335 violentus
3340 5295 3401 5335 ac
3434 5279 3660 5333 fervidus
3690 5273 3775 5344 qui

2245 5378 2307 5430 ad
2335 5377 2753 5443 perrumpendas
2774 5375 3049 5443 angustias
3071 5374 3279 5443 aliquas
3305 5388 3447 5427 nunc
3470 5387 3528 5426 se
3544 5368 3774 5437 subrigit,

2249 5478 2390 5517 nunc
2459 5463 2711 5514 demittit.
2767 5461 3000 5526 Quartus
3067 5461 3298 5528 denique
3351 5458 3548 5512 ﬂuvius
3596 5457 3775 5510 dicitur

2249 5554 2464 5616 Perath,
2504 5553 2630 5619 quia
2663 5551 3082 5606 fecundissimus
3115 5559 3214 5604 est.
3249 5548 3312 5601 Et
3339 5549 3389 5601 hi
3440 5561 3651 5617 quoque
3682 5547 3775 5598 duo

649 5776 763 5845 (lii)
799 5770 1438 5845 l’liison,superius__cap.
1466 5769 1555 5830 9|,
1583 5767 1713 5824 dixit
1744 5767 1926 5822 Graece
1987 5761 2163 5820 vocari
2208 5760 2410 5825 Diinbis
2462 5776 2554 5829 per
2594 5770 2838 5815 unartam
2912 5759 3144 5815 vocalem
3187 5760 3238 5813 in
3295 5753 3531 5814 Secunda
3567 5754 3763 5828 syllaba.

569 5838 974 5915 Pliaspcusare
1004 5838 1268 5912 signiﬁcat
1303 5838 1474 5910 Syris.
