4010 6456
223 366 341 434 52)

1338 418 1341 419 ν
1394 382 1912 443 DE-PARADISO
1975 405 2042 416 -
2086 379 2275 439 PARS
2314 378 2367 440 Ι.

3392 366 3500 430 530

226 487 384 542 ﬂuvii
413 489 575 544 simul
608 499 770 559 atque
798 492 1024 547 derivati
1054 502 1181 548 sunt
1210 495 1277 549 ab
1304 496 1395 549 illo
1423 497 1811 566 principalium
1843 489 2027 555 Alliic
2051 496 2194 548 haud
2223 492 2317 546 diu
2352 490 2575 571 mansit,
2610 504 2739 551 suar
2761 501 2872 542 non
2898 484 3186 542 Eﬂ‘ectoris
3217 484 3301 539 sui
3336 482 3494 552 culpa
3567 489 3569 491 ’

224 580 461 633 ﬂiiniine
487 599 500 632 :
531 582 770 651 absorpti
804 585 905 636 sub
930 582 1228 651 Oceanum,
1262 590 1479 641 tandem
1513 589 1801 657 prosiliunt

224 671 280 721 in
327 672 510 725 medio
547 682 810 729 terrarum
844 678 991 734 orbe.
1034 679 1272 734 fontibus
1308 695 1417 734 non
1454 680 1639 749 procltl
1670 682 1807 732 inter

220 776 282 813 se
309 762 594 826 dissipatis
623 781 687 820 ac
712 767 969 835 prolapsi»
990 769 1242 824 desinunt
1289 772 1341 824 in
1375 787 1524 825 mare
1554 770 1808 841 Australe

223 848 409 916 ipsius
440 854 643 909 Bosrte.
672 855 838 911 Porro
865 858 1037 913 Assur
1071 870 1226 915 vocat
1257 863 1529 930 regionem
1563 863 1720 916 Attur
1756 871 1811 916 ct

220 939 608 1000 Ninevitarum
641 964 704 1002 ac
734 947 1056 1017 Bethgarme
1077 992 1092 1013 ,
1135 952 1349 1021 aliaque
1381 956 1809 1023 circumquaque

211 1034 311 1088 his
340 1038 651 1105 adjacentia
684 1041 821 1096 loca.
851 1041 954 1096 Sed
978 1045 1129 1097 enim
1143 1053 1394 1112 quaerunt
1420 1046 1509 1100 hie
1535 1047 1803 1109 homines,

218 1125 324 1191 qui
366 1130 536 1196 possit
574 1133 686 1185 lieri
721 1142 778 1186 nt
810 1133 861 1185 hi
895 1145 1140 1201 quatuor
1160 1134 1304 1188 ﬂuvii
1341 1137 1559 1190 veniant
1588 1152 1615 1190 e
1644 1153 1808 1206 para-

219 1213 358 1271 diso
386 1258 400 1282 ,
431 1230 484 1273 et
520 1222 770 1292 absorpt'r
788 1224 892 1278 sub
921 1225 1195 1280 Oceanum
1240 1227 1377 1281 intra
1412 1237 1569 1282 terra:
1600 1230 1806 1283 viscera

226 1320 443 1375 nicent,
475 1327 536 1365 ac
564 1315 777 1367 tamlem
806 1326 1103 1384 emergant,
1143 1316 1598 1389 eil'undanturque
1622 1320 1673 1373 in
1709 1320 1811 1374 hac

224 1406 429 1452 nostra
450 1401 628 1453 terra!
665 1398 863 1455 Verum
908 1402 1047 1457 hanc
1074 1405 1451 1473 qnazstionem,
1488 1417 1542 1462 et
1570 1408 1689 1476 ejus
1717 1425 1810 1477 ge-

220 1490 381 1542 neris
432 1491 568 1546 alias
613 1492 722 1560 jam
770 1495 901 1550 satis
944 1496 1313 1552 dissolvimus.
1375 1498 1546 1555 Porro
1600 1500 1811 1566 Moses,

217 1576 503 1645 explicata
535 1583 847 1633 narratione
875 1597 1064 1637 carum
1096 1601 1279 1640 rerum
1315 1602 1437 1656 quae
1466 1588 1530 1644 ad
1568 1590 1805 1658 paradisi

220 1662 446 1718 laudem
508 1667 1075 1740 magniﬁcentiamqne
1106 1691 1119 1726 :
1156 1672 1280 1727 item
1332 1689 1516 1730 earum
1568 1692 1688 1747 qua:
1744 1679 1809 1733 ad

219 1749 436 1807 llutnen
468 1753 655 1821 ingens
686 1771 794 1825 quo
834 1757 920 1813 ille
956 1760 1162 1829 rigatur
1195 1780 1208 1815 :
1247 1762 1481 1833 denique
1508 1766 1574 1819 ad
1607 1767 1811 1820 seduli-

1914 586 2117 641 c-cnit.
2141 583 2483 655 Quod'porro
2504 581 2773 650 sequitur:
2793 579 2871 634 Ut
2892 595 3009 634 eum
3036 577 3226 631 coleret
3252 586 3299 628 et
3327 586 3509 629 custoc

1914 680 2083 741 diret,
2119 692 2349 747 quanam
2402 675 2671 730 sententia
2730 673 2831 727 erit
2866 668 3285 741 accipiendum?
3352 669 3506 721 Nunc

1917 770 2049 840 quid
2083 768 2368 839 paradisus
2400 766 2608 821 cultore
2638 766 2848 835 egebat,
2881 765 2935 818 in
2965 780 3073 834 quo
3106 762 3305 819 silvosa
3333 762 3506 817 senti-

1916 875 2151 930 cosaque
2171 859 2426 914 materies
2450 874 2554 913 non
2578 857 2994 915 succrescebat?
3016 858 3129 930 haec
3153 856 3297 911 enim
3322 863 3508 925 postea

1914 969 2012 1024 per
2039 951 2669 1021 exsecrationemvicmpit
2700 952 2754 1004 in
2773 966 2839 1006 ea
2877 960 3046 1015 terra,
3076 965 3199 1020 qua:
3224 958 3373 1003 extra
3405 962 3513 1033 pa-r

1918 1044 2161 1098 radisum
2209 1052 2357 1109 erat,
2400 1043 2603 1098 enasci.
2640 1041 2909 1096 Prmterea
2938 1041 3029 1111 qui
3079 1041 3255 1111 potuit
3299 1040 3508 1095 cultore

1918 1149 2076 1204 opus-
2116 1135 2317 1191 habere
2370 1136 2696 1205 paradisus,
2732 1133 2910 1188 omnis
2960 1133 3173 1203 generis
3216 1131 3505 1187 arboribus

1917 1226 2240 1280 abundans?
2300 1226 2535 1296 denique
2598 1225 2873 1296 quomodo
2925 1225 3224 1287 eoluissct,
3268 1222 3490 1295 quando

1918 1333 2096 1386 neque
2125 1318 2361 1383 sarcula,
2411 1332 2602 1388 nequa
2652 1332 2853 1388 scopae,
2883 1326 2979 1370 aut
3030 1316 3257 1392 alterius
3280 1319 3506 1384 generis

1878 1420 1879 1423 ‘
1921 1408 2283 1464 instrumenta
2310 1409 2535 1465 cultura:
2558 1406 2696 1486 facta
2739 1415 2919 1477 erant.
2964 1406 3504 1478 Similiter.quornm

1920 1500 2155 1556 habebat
2180 1502 2441 1557 custodia
2456 1501 2936 1571 opusparadisus,
2963 1515 3089 1554 cum
3118 1499 3247 1553 nulli
3273 1516 3503 1568 usquam

1920 1598 2249 1652 exsisterent
2295 1595 2449 1666 egeni
2496 1594 2785 1662 homines?
2823 1592 2964 1660 Quid
2999 1603 3129 1662 ergo
3175 1593 3279 1648 sibi
3316 1592 3506 1647 volunt

1920 1688 2009 1743 illa
2037 1688 2220 1743 verba:
2261 1686 2331 1743 ω
2377 1688 2568 1743 calent
2617 1695 2670 1740 et
2711 1685 3036 1739 custodiret?
3089 1683 3505 1755 Respondemus

1922 1793 2029 1832 non
2065 1778 2117 1833 id
2167 1762 2486 1848 signiﬁcare.
2521 1775 2805 1832 fodiendas
2853 1774 3142 1829 illquisse
3195 1775 3418 1833 scrobes
3448 1774 3501 1827 in

219 1851 401 1897 tatem
443 1843 533 1897 Dei
570 1847 873 1903 conditoris
918 1850 1061 1905 illius
1103 1862 1265 1917 atque
1292 1857 1489 1911 satoris
1520 1868 1765 1927 spectant
1798 1878 1811 1913 :
1838 1860 1889 1913 -Β
1916 1870 2114 1941 quibus
2135 1843 2348 1940 plantas
2374 1873 2793 1933 consereret,,ut
2814 1865 2939 1921 Noe
2954 1866 3165 1921 vineam
3193 1906 3209 1929 ,
3234 1872 3329 1918 aut
3358 1863 3503 1917 εἱώθ-

217 1934 429 1986 transit
477 1935 541 1989 ad
583 1937 872 1993 dicendum
904 1941 970 1995 de
1002 1941 1223 1999 inducto
1252 1947 1461 2003 Adamo
1490 1950 1541 2003 in
1591 1952 1809 2020 paradi-

214 2037 344 2075 sum
376 2023 462 2079 his
492 2027 669 2083 verbis
699 2047 715 2080 :
748 2028 813 2083 Et
847 2035 1047 2100 accepit
1074 2034 1329 2091 Dominus
1355 2037 1491 2093 Deus
1516 2041 1805 2105 Adamum.

214 2121 269 2165 et
290 2117 473 2189 posuit
502 2118 673 2184 ipsum
713 2121 764 2173 in
788 2125 1040 2189 paradiso
1072 2125 1240 2182 Eden.
1268 2130 1388 2194 Quo
1427 2132 1610 2187 habitu
1642 2151 1809 2205 appa-

212 2205 402 2259 ruerit
433 2206 572 2262 Deus
599 2210 828 2275 Adamo,
862 2213 1099 2271 diximus
1136 2233 1334 2288 nuper.
1394 2219 1512 2275 Jam
1547 2239 1675 2278 vero
1711 2228 1812 2282 hoc

216 2294 539 2354 videndum
554 2311 656 2365 est,
681 2305 843 2370 unde,
869 2315 922 2362 et
945 2323 1053 2378 quo
1078 2313 1365 2367 sustulerit
1386 2314 1562 2383 ipsum
1592 2320 1811 2386 quando

214 2384 514 2456 Scriptura
548 2391 620 2444 ait
654 2410 668 2447 :
699 2392 767 2447 Et
814 2399 1011 2465 accepit
1044 2399 1299 2455 Dominus
1341 2403 1476 2458 Deus
1523 2384 1808 2464 Arionium.

215 2475 400 2545 Igitur
429 2482 649 2551 quidam
684 2497 878 2554 pntant
901 2489 1294 2547 chcrnsalcm
1331 2496 1603 2553 sublatum
1639 2511 1812 2576 trare-

216 2572 420 2626 tullssc
449 2572 500 2627 in
536 2575 848 2645 paradisum
882 2598 896 2635 :
935 2596 1058 2635 nam
1094 2583 1145 2636 in
1174 2572 1807 2647 Jerusalrml'ormaium

212 2677 371 2727 esse,
410 2664 497 2718 ubi
525 2675 832 2739 etinortetn
869 2673 1032 2727 etiam
1066 2674 1282 2730 obierit.
1324 2676 1434 2733 Alii
1468 2696 1599 2736 vero
1621 2683 1809 2737 existi-

215 2765 374 2807 mant
404 2794 433 2819 ,.
468 2771 532 2810 ex
586 2757 709 2812 loco
743 2760 1032 2819 humiliore
1076 2776 1240 2837 atque
1271 2768 1459 2825 viliore
1518 2774 1809 2830 sustulisse

213 2845 271 2899 in
310 2847 494 2901 locum
524 2851 812 2909 sublimem
843 2856 1323 2927 magniﬁcumque,
1376 2872 1429 2916 et
1458 2865 1621 2919 veluti
1653 2882 1808 2926 crea-

220 2946 345 2991 tum
387 2954 417 2993 a
452 2956 510 2995 se
546 2958 723 3014 regem
761 2940 1041 3003 induxisse
1073 2950 1125 3004 in
1174 2954 1407 3024 regalem
1460 2958 1666 3014 sedem.
1702 2958 1808 3015 Sed

214 3033 646 3115 quonamillum
678 3039 838 3093 modo
866 3040 1502 3114 sustulitiﬂespondcnt
1528 3051 1805 3119 nonnulli,

211 3121 267 3176 id
309 3123 460 3192 quod
497 3125 772 3196 Scriptura
814 3131 890 3185 ait
915 3131 1025 3186 :Et
1068 3139 1306 3206 accepit,
1340 3140 1476 3195 nihil
1513 3141 1798 3201 aliudsibi

211 3215 360 3268 velte
387 3231 551 3284 quam
584 3217 750 3274 Deum
787 3223 992 3280 dixisse
1031 3229 1095 3281 ad
1140 3230 1294 3284 illum
1322 3250 1335 3284 :
1364 3232 1489 3298 Abi,
1518 3236 1805 3307 ipsumque

210 3299 486 3362 continuo
538 3311 843 3378 profectum
887 3331 1027 3373 esse.
1077 3320 1179 3375 Sed
1231 3323 1314 3376 his
1368 3299 1638 3393 objiciunt
1687 3299 1804 3395 alii.

215 3394 493 3481 incertum
522 3400 691 3456 fuisse
714 3404 946 3471 Adamn,
985 3410 1145 3474 unde,
1171 3422 1223 3465 et
1252 3428 1359 3481 quo
1382 3415 1537 3469 abire
1561 3394 1801 3475 deberet.

214 3480 437 3573 Quibus
465 3485 535 3538 illi
564 3492 912 3557 respondent.
943 3495 1043 3563 ipsi
1069 3497 1120 3550 in
1154 3480 1386 3571 mentem
1418 3503 1803 3563 venisseunde

212 3584 267 3649 et
298 3591 415 3643 quo
437 3577 745 3633 abeundum
781 3583 906 3650 sibi,
935 3595 1097 3656 atque
1125 3589 1214 3645 ubi
1245 3591 1597 3649 habitandum
1629 3590 1799 3663 esset,

214 3664 385 3717 sicuti
446 3668 558 3721 \isa
614 3673 892 3739 prophetis
942 3676 1116 3731 solent
1170 3682 1410 3738 evenire.
1463 3682 1664 3743 Verum
1692 3663 1801 3743 .alii

213 3756 433 3809 malunt
472 3747 805 3827 existimare,
877 3763 1043 3819 Deum
1082 3768 1290 3825 Adamo
1338 3750 1571 3830 humana
1623 3778 1805 3845 specie

214 3845 567 3914 apparuisse,
610 3848 905 3920 ipsumque
950 3856 1352 3922 apprehensum
1403 3868 1804 3931 transportasse

214 3936 270 3988 in
301 3938 643 4004 paradisum.
673 3942 778 3995 Sed
806 3942 955 3998 dices
980 3962 993 3997 :
1022 3946 1136 4001 sive
1162 3964 1259 4015 per
1283 3951 1479 4008 mentis
1508 3954 1800 4021 visionem,

186 4027 338 4082 sive
372 4045 470 4098 per
501 4030 795 4087 humanam
822 4036 1063 4108 ‘liguram
1114 4039 1188 4093 illi
1237 4046 1586 4111 apparuerit;
1638 4058 1802 4121 atque

214 4119 296 4173 ita
337 4122 694 4189 transtulerit,
728 4142 924 4197 magno
956 4128 1130 4186 luisse
1159 4147 1305 4202 opus
1335 4139 1593 4206 temporis
1624 4119 1800 4210 spatio

220 4210 291 4263 ad
348 4212 454 4265 iter
498 4213 600 4269 hoc
633 4217 1055 4274 conﬁciendum.
1107 4221 1278 4292 Igitur
1310 4236 1491 4282 nostra
1528 4234 1797 4287 sententia

218 4307 329 4367 eet,
368 4303 533 4357 Demn
574 4306 839 4365 fortnasse
864 4312 1129 4367 A‘damum
1160 4326 1309 4370 extra
1346 4322 1683 4393 paradisum,
1714 4334 1801 4381 at-

222 4409 336 4475 que
361 4394 510 4450 illine
533 4410 811 4470 arreptum
839 4405 1148 4461 sustullisse
1174 4408 1225 4462 in
1252 4413 1586 4480 paradisum,
1616 4416 1801 4489 ibique

224 4485 838 4555 dimisisse;ca:terum
890 4510 956 4551 eo
1010 4502 1285 4569 accepisse
1346 4506 1529 4571 modo,

224 4576 451 4647 Enorh,
491 4590 544 4636 ct
575 4583 902 4655 Philippum.
938 4588 1072 4644 Nam
1109 4602 1167 4646 ut
1208 4595 1274 4648 de
1318 4594 1499 4651 Enoch
1534 4576 1803 4669 scriptum

228 4679 406 4724 exstat
438 4689 451 4725 :
487 4672 553 4727 Et
580 4676 699 4728 tulit
726 4678 899 4746 ipsum
924 4680 1064 4735 Deus
1085 4684 1164 4749 ⁶⁹;
1224 4671 1464 4757 itemque
1498 4687 1745 4761 Philippo
1775 4709 1792 4749 :

234 4763 302 4813 Η
335 4762 566 4833 Spiritus
601 4767 815 4823 Domini
844 4776 1021 4842 rapuit
1049 4775 1219 4843 ipsum
1242 4778 1291 4808 ⁷⁸
1321 4795 1337 4831 :
1372 4780 1449 4838 sic
1476 4793 1529 4836 ct
1559 4785 1792 4840 dicimus

229 4856 499 4912 Adamum
531 4876 651 4916 esse
680 4878 709 4915 a
751 4863 857 4919 Deo
889 4874 1101 4935 raptum
1133 4885 1198 4923 ex
1229 4885 1294 4924 co
1330 4872 1451 4929 loco
1481 4889 1588 4945 quo
1614 4876 1795 4935 luerat

225 4950 514 5013 formatus.
548 4963 712 5024 atque
745 4958 797 5011 in
839 4961 1148 5029 paradisum
1184 4968 1597 5043 transpositum.‘
1622 4970 1793 5027 Diuti-

225 5046 392 5112 sitque
430 5048 601 5114 ipsum
645 5050 697 5101 in
748 5052 999 5119 paradiso
1041 5057 1221 5121 Eden,
1270 5068 1326 5111 ut
1360 5075 1477 5113 eum
1522 5064 1710 5118 coleret
1745 5077 1795 5120 et

227 5138 529 5218 mstodiret‘.
560 5138 633 5191 Eo
655 5141 802 5209 quod
828 5144 961 5196 dicit
992 5162 1004 5197 :
1036 5143 1103 5197 Et
1126 5145 1322 5201 dimisit
1350 5151 1519 5219 ipsum
1549 5154 1601 5207 in
1632 5172 1796 5225 pora-

227 5226 361 5289 diso,
395 5227 636 5283 declarat
666 5230 830 5285 Deum
864 5234 1078 5289 sublato
1106 5230 1316 5294 Adamn
1350 5259 1457 5298 non
1483 5248 1792 5303 ostendisse

212 5308 385 5373 modo
412 5317 648 5385 paradisi
702 5321 1158 5389 pulchritudinem
1208 5332 1790 5406 magnificentiamque,

231 5413 283 5454 et
312 5421 426 5461 mox
459 5408 584 5464 inde
611 5411 933 5480 abripuisse.
959 5417 1051 5470 scd
1084 5417 1212 5474 inibi
1244 5422 1450 5488 relicto,
1479 5424 1790 5485 facultatem

233 5500 477 5552 manendi
500 5516 666 5570 seque
686 5505 989 5560 oblectandi
1013 5510 1329 5578 permisisse
1352 5523 1409 5567 ut
1433 5516 1485 5569 in
1506 5517 1625 5575 loco
1647 5521 1792 5577 illius

231 5589 396 5659 ipsius
446 5597 615 5665 gratia
670 5600 891 5653 condito
942 5601 1379 5676 concinnatoque
1421 5623 1593 5666 :nam
1646 5615 1791 5670 ouod

308 5784 351 5815 "
383 5785 511 5841 Gen.
544 5802 597 5854 v,
623 5788 713 5844 2i.
790 5789 834 5822 "
867 5790 984 5847 Act.
1014 5805 1127 5859 rm,
1155 5791 1242 5848 59.

1582 4524 1692 4605 quo
1748 4521 1801 4567 et
1833 4547 1877 4605 υ

1321 5795 1360 5825 ⁷¹
1394 5792 1436 5850 ll
1471 5793 1661 5853 'l'hcss.
1690 5814 1765 5864 Ill,
1812 5799 1894 5853 ll.

1918 1962 2086 2018 riosis
2110 1962 2287 2031 ipsum
2313 1960 2691 2030 instrumentis
2714 1955 2988 2028 operando
3013 1944 3313 2011 molesiiam
3338 1954 3500 2035 ullam

1912 2047 2096 2108 subire
2108 2052 2380 2117 debuisse,
2406 2051 2501 2106 sed
2523 2050 2575 2106 in
2598 2066 2664 2105 eo
2684 2051 2915 2119 positum
2934 2047 3103 2102 fuisse
3127 2046 3329 2123 cultum
3351 2046 3499 2101 illum

1913 2149 1973 2199 ut
2011 2141 2144 2197 inibi
2170 2141 2349 2196 locum
2375 2139 2480 2196 sibi
2517 2155 2615 2209 pro
2635 2123 2974 2193 habitatione
3004 2146 3236 2207 aptaret.
3275 2135 3502 2204 viasque

1911 2244 1978 2286 ac
2028 2232 2253 2287 semitas
2315 2232 2516 2301 quibus
2571 2230 2858 2286 commode
2907 2237 3099 2297 posset
3120 2227 3501 2291 obambulare,

1910 2322 2281 2392 complanarct
2304 2362 2319 2387 .
2373 2337 2443 2378 ne
2475 2321 2682 2377 scilicet
2732 2322 2943 2395 otiosus
2972 2316 3147 2374 esset:
3181 2320 3398 2389 quando
3432 2334 3501 2374 ex

1919 2416 2032 2468 otio
2066 2414 2295 2484 plurima
2322 2425 2657 2471 enascantur
2682 2415 2847 2476 mala,
2881 2415 3035 2481 juxta
3064 2413 3197 2469 illud
3226 2412 3501 2483 Sapientis
3570 2478 3574 2483 ρ

1910 2507 2193 2576 cujusdam
2231 2522 2247 2562 :
2282 2507 2486 2562 Otium.
2521 2507 2745 2562 malum.
2785 2516 2868 2561 est
2894 2546 2908 2571 ,
2977 2515 3032 2561 et
3068 2506 3312 2562 fraudem
3363 2507 3506 2577 parit

1913 2599 2147 2667 pigritia.
2209 2598 2271 2651 lit
2322 2598 2483 2654 divus
2529 2597 2731 2653 Paulus
2763 2599 2893 2655 dicit
2932 2616 2947 2654 :
2983 2597 3109 2654 Nisi
3146 2597 3295 2652 aliud
3333 2615 3495 2669 quant

1911 2690 2079 2743 otium
2119 2699 2331 2759 agentes
2353 2692 2421 2747 τ’.
2458 2689 2523 2745 Et
2552 2690 2681 2745 alibi
2704 2692 2801 2752 ait,
2832 2690 3097 2760 quasdam
3132 2689 3363 2745 ictninas
3389 2704 3503 2747 non

1910 2778 2085 2848 solum
2116 2779 2319 2836 ntiosas
2347 2794 2708 2846 csse,..verum
2747 2780 2907 2835 etiam
2939 2779 3304 2850 quarumdam
3329 2779 3502 2836 mala-

1913 2887 2030 2926 rum
2063 2887 2243 2928 rerum
2283 2874 2630 2929 occasionem
2674 2874 2807 2928 dare
2824 2870 3231 2937 7'.-.Ca:terum,~
3256 2872 3400 2943 quod
3429 2874 3502 2927 de

1911 2964 2267 3019 custodiendo
2320 2965 2576 3034 paradiso
2628 2965 2837 3025 dictum
2881 2974 2985 3029 est,
3017 2964 3075 3019 id
3116 2964 3181 3017 ad
3232 2967 3498 3021 arcendas

1912 3050 2035 3106 inde
2058 3052 2263 3107 bestias
2291 3040 2531 3119 spectat;
2560 3053 2799 3124 paradisi
2842 3053 2986 3107 enim
3035 3052 3207 3107 vincte
3246 3054 3496 3123 hortique

1911 3144 2247 3213 aliiquando
2282 3148 2353 3199 ab
2384 3145 2697 3214 hominibus
2747 3147 2951 3201 deserti
2993 3158 3242 3211 manent,
3272 3150 3498 3203 concul-

1912 3240 2129 3297 cantu’r,
2161 3237 2656 3309 npprimunturque
2680 3255 2708 3293 a
2753 3239 2903 3294 furis.
2930 3239 3101 3309 Igitur
3138 3249 3191 3291 ct
3221 3240 3402 3296 colere
3440 3248 3496 3297 ct

1910 3322 2215 3388 custodirc'.
2258 3319 2343 3381 ad
2372 3344 2559 3383 curam
2601 3329 2950 3384 habitationis
2997 3329 3188 3385 Adami
3247 3342 3493 3403 spectat;

1909 3434 2085 3486 neque
2133 3418 2397 3474 cuim.ad
2450 3421 2708 3489 exiguum
2744 3421 3011 3499 duntaxat
3044 3432 3259 3494 tempus
3308 3426 3493 3479 datum

1908 3507 2087 3563 iuct'M
2118 3508 2166 3564 ei
2202 3511 2332 3567 illud
2388 3512 2729 3569 domicilium
2773 3517 2826 3570 in
2861 3531 2969 3585 quo
3007 3526 3267 3581 maneret,
3305 3519 3396 3572 sed
3427 3518 3493 3574 ad

1906 3597 2228 3651 diuturnum
2272 3599 2630 3672 longumque.
2665 3602 2890 3673 Insuper
2934 3603 3040 3658 huc
3068 3619 3288 3674 quoque
3316 3606 3497 3662 cultus

1908 3685 1997 3739 ille
2026 3696 2079 3740 et
2108 3688 2353 3741 custodia
2389 3690 2695 3758 pertinent,
2733 3700 2791 3743 ut
2838 3700 2983 3746 esset
3010 3692 3252 3749 Adam‘us
3283 3693 3407 3764 \‘igil
3444 3707 3499 3749 et

1903 3785 2121 3844 cautus;
2144 3790 2571 3850 agnosceretque
2589 3792 2867 3845 parentem
2887 3799 3047 3837 suum
3065 3799 3130 3839 ex
3157 3784 3286 3853 ipsis
3302 3785 3497 3855 plantis

1905 3867 2286 3940 fructibusque
2316 3871 2577 3939 paradisi,
2614 3876 2995 3929 ccuvcolouus
3034 3866 3339 3943 plantarum
3391 3878 3494 3936 iut—

1906 3961 2224 4018 mortalium
2258 3981 2275 4017 :
2312 3962 2417 4018 hoc
2464 3974 2549 4019 est
2597 3964 2905 4020 divinarum
2964 3968 3396 4039 cogitationum,
3435 3983 3495 4028 ut

1904 4052 1982 4106 ait
2011 4051 2307 4123 Gregorius
2342 4054 2679 4125 Theologus.
2723 4039 2967 4128 Denique
3018 4060 3123 4115 illis
3153 4062 3363 4117 colendi
3392 4080 3493 4119 cu-

1905 4144 2287 4218 stodiendique
2320 4148 2508 4203 verbis
2547 4151 2858 4205 ostenditur
2889 4152 3052 4206 etiam
3077 4192 3105 4219 ,ν
3146 4154 3303 4225 longe
3335 4156 3494 4211 aliter

1906 4236 2158 4295 homines
2188 4241 2351 4295 vitam
2388 4258 2543 4296 suam
2578 4243 2863 4298 instituere
2894 4244 3095 4300 debere
3124 4261 3289 4328 quam
3328 4262 3491 4317 pecu-

1906 4332 2004 4387 des
2042 4333 2272 4388 rationis
2313 4344 2565 4404 expertes
2613 4336 2857 4407 degant:
2898 4338 2978 4392 lire
3022 4340 3168 4393 enim
3208 4340 3273 4393 ad
3307 4342 3492 4396 colen-

1905 4417 2036 4474 dum
2095 4420 2635 4497 custodiendumque_
2683 4424 2996 4493 paradisum
3078 4426 3300 4481 minimc
3358 4438 3489 4482 sunt

1904 4511 2243 4580 destinatae;
2280 4513 2373 4568 sed
2422 4516 2585 4571 homo
2636 4525 2722 4571 est
2770 4518 2915 4572 illius
2962 4518 3151 4573 cultor
3186 4528 3239 4573 et
3300 4529 3488 4576 custos

1904 4603 2241 4676 designatus,
2274 4622 2448 4678 caque
2484 4623 2544 4663 re
2579 4609 2872 4678 plurimum
2907 4610 3007 4665 iste
3037 4610 3105 4665 ab
3135 4610 3242 4666 illis
3264 4610 3482 4678 dill'ert,

1902 4700 2047 4769 quod
2089 4700 2266 4767 ipsum
2307 4716 2526 4771 quoque
2557 4701 2687 4755 dum
2725 4701 2999 4755 hominem
3036 4702 3270 4773 prepriis
3305 4706 3482 4759 mani-

1903 4790 2007 4846 bus
2026 4789 2281 4846 iormaret
2305 4791 2467 4858 Deus,
2488 4794 2775 4849 ostendere
2797 4794 2983 4849 voluit.
3005 4794 3174 4853 Porro
3193 4807 3477 4866 postquam

1902 4882 1970 4938 de
1995 4882 2303 4938 introducto
2332 4886 2383 4938 in
2412 4887 2723 4955 paradisum
2750 4889 2961 4942 Adamn
2992 4888 3267 4954 disseruit,
3302 4898 3353 4942 et
3382 4906 3482 4945 cur

1900 4990 2023 5030 eum
2061 4978 2200 5030 Deus
2235 4976 2363 5031 illnc
2393 4977 2665 5032 intulisset
2695 5019 2709 5045 ,
2736 4978 3044 5048 explicavit,
3090 4980 3387 5048 digreditur
3412 4982 3479 5033 ad

1901 5065 2190 5120 dicendum
2220 5068 2289 5123 de
2324 5068 2440 5136 lege
2470 5068 2543 5121 illi
2578 5069 2830 5138 imposita
2872 5069 2954 5122 his
2982 5070 3161 5124 verbis
3194 5087 3207 5122 ε
3244 5068 3310 5123 Et
3342 5088 3472 5139 pra:-

1903 5156 2037 5224 cepit
2072 5158 2326 5213 Dominus
2369 5158 2509 5213 Deus
2542 5161 2749 5215 Adamn
2772 5204 2785 5228 ,
2810 5164 3044 5231 dixitque
3066 5163 3167 5231 ipsi
3253 5162 3327 5217 De
3365 5180 3495 5216 omv

1894 5248 2045 5303 nibus
2083 5249 2360 5304 arboribus
2395 5268 2512 5325 qua:
2543 5264 2664 5307 sunt
2697 5255 2751 5307 in
2790 5256 3063 5322 paradiso,
3094 5253 3295 5309 edendo
3328 5256 3467 5321 edes;

1894 5350 1947 5392 ot
1975 5341 2038 5394 de
2068 5342 2253 5397 arbore
2281 5343 2514 5399 scientia!
2541 5346 2731 5399 bouiet
2768 5345 2896 5399 ntali
2944 5362 3046 5399 non
3078 5346 3195 5399 edes
3242 5348 3304 5399 de
3335 5347 3469 5415 ipsa.

1897 5431 2009 5488 lloc
2068 5434 2231 5503 igitur
2277 5446 2360 5491 est
2401 5448 2767 5506 prmceptum,
2831 5438 2945 5492 hzec
2976 5426 3073 5491 'lcx
3115 5452 3276 5505 quam
3332 5438 3474 5493 Deus

1898 5512 2105 5579 Adamn
2139 5527 2419 5596 imposuit,
2448 5543 2513 5582 ne
2540 5528 2727 5583 ederet
2757 5529 2826 5585 de
2850 5530 3046 5583 arbore
3076 5529 3333 5584 scientiae.
3363 5531 3467 5584 Sed

1894 5619 2007 5688 jam
2063 5618 2117 5673 in
2158 5619 2596 5689 disquisitionem
2634 5623 2815 5689 venit,
2855 5632 2985 5691 quot
3036 5623 3210 5679 modis
3258 5623 3467 5677 dicatur

1973 5801 2015 5831 "
2052 5798 2068 5853 Ι
2101 5800 2238 5856 Ήιῐι.
2279 5818 2329 5865 γ,
2392 5801 2470 5855 l5.
