4176 6440
571 331 668 397 531

1832 323 2057 386 MOSIS
2098 320 2253 381 ΒΑΗ
2292 320 2537 381 CEPHA

3696 292 3801 357 532

572 453 703 521 legis
734 451 1077 513 vocabulum,
1109 457 1160 503 et
1188 446 1471 516 cuiusnam
1509 443 1724 516 generis
1755 443 1839 496 lex
1876 442 2133 510 imperata
2164 438 2206 493 Α
2236 451 2356 521 quae
2406 436 2615 489 ratione
2665 438 2859 486 vacant
2884 468 2898 490 ,
2938 424 3358 521 haudquaquam
3394 426 3475 472 est
3501 426 3796 521 'concessa.

573 545 734 597 fuerit
782 544 1017 604 Adamn,
1059 540 1289 608 denique
1328 554 1425 593 cur
1454 538 1617 590 ullam
1669 536 1743 589 illi
1778 535 1917 589 Dens
1962 532 2130 601 legem

572 636 840 690 statuerit.
871 634 1107 687 Dicimus
1138 633 1301 701 igitur
1332 631 1499 700 legem
1533 629 1746 683 duobus
1783 626 1887 680 diei
1919 621 2094 679 modis
2115 662 2131 687 ,

573 727 947 782 universaliter
971 764 985 789 ,
1015 734 1068 779 et
1108 723 1503 794 particulariter
1538 742 1549 775 :
1586 720 1733 775 verbi
1754 707 1761 713 ’
1784 718 1979 787 gratia,
2010 714 2141 798 unis

571 818 796 873 vcrsalis
841 818 924 871 lex
972 828 1052 871 est
1112 815 1349 885 cognitio
1385 814 1471 869 illa
1522 813 1779 868 naturalis
1810 826 1929 881 qua:
1978 806 2133 861 nobis

575 912 736 964 insita
764 920 887 975 est,
920 920 974 964 et
1010 911 1088 964 vis
1137 910 1334 978 ingenii
1367 924 1472 978 qua
1504 908 1812 976 iudicamus
1857 904 2059 958 bonum
2102 916 2130 955 a

574 1002 716 1055 malo
753 1021 763 1055 :
798 1018 916 1055 eam
958 1002 1099 1055 enim
1136 1000 1330 1053 itididit
1373 1000 1515 1054 Deus
1562 1000 1805 1053 omnium
1855 994 2130 1049 hominum

571 1093 791 1157 animis,
829 1093 1055 1146 laudans
1084 1092 1251 1159 ipsos,
1291 1092 1336 1147 si
1369 1092 1511 1162 quod
1546 1091 1746 1146 bonum
1775 1098 1859 1145 est
1906 1088 1958 1143 id
2001 1102 2133 1157 ope-

572 1196 783 1249 rentur,
814 1195 863 1238 et
894 1185 1132 1239 vicissim
1163 1186 1389 1255 culpatis
1434 1186 1804 1249 damnansque
1838 1180 1883 1236 si
1931 1181 2131 1233 malum

571 1284 806 1341 patrent,
840 1276 1191 1344 quantumvis
1219 1276 1427 1329 occulte
1455 1290 1516 1327 ea
1547 1284 1889 1343 pet-agantur.
1919 1270 2051 1325 Nam
2079 1278 2133 1324 et

571 1368 623 1418 in
674 1364 936 1433 gentium,
971 1376 1027 1419 ut
1051 1365 1124 1419 ait
1162 1365 1380 1429 Paulus,
1423 1364 1665 1417 cordibus
1700 1364 1893 1431 scripta
1919 1362 2000 1415 lea:
2032 1369 2131 1422 est,

569 1464 618 1508 et
642 1465 718 1509 est
744 1457 872 1524 ipsis
903 1474 999 1510 sua
1028 1458 1343 1510 conscientia
1377 1458 1522 1509 testis
1543 1455 1611 1521 ’f,
1634 1466 1737 1510 etc.
1770 1448 1896 1523 Ejus
1922 1453 2134 1522 generis

568 1554 653 1599 est
682 1545 810 1598 illttd
846 1545 1056 1599 Domini
1090 1547 1293 1600 dictum
1322 1565 1335 1599 :
1370 1546 1522 1600 Sicut
1550 1546 1705 1599 vultis
1730 1562 1816 1599 vos
1844 1557 1899 1597 at
1936 1546 2132 1613 faciant

568 1635 711 1689 vobis
742 1635 994 1699 homines,
1023 1637 1099 1689 sic
1131 1637 1291 1705 facile
1323 1636 1479 1687 etiam
1512 1652 1598 1689 vos
1628 1636 1759 1701 ipsis
1782 1634 1849 1687 ⁷⁸.
1890 1633 2133 1687 Particu-

544 1729 700 1782 laris
736 1729 815 1781 les
858 1738 1036 1782 autem
1071 1740 1174 1794 est,
1212 1728 1392 1798 qualis
1420 1743 1480 1782 ea
1518 1744 1679 1798 quam
1721 1728 1861 1782 Deus
1892 1726 2135 1795 praescri-

570 1820 734 1875 bebat
768 1822 902 1890 ipsis
930 1820 1214 1876 Noachitis
1238 1865 1252 1887 ,
1295 1838 1363 1875 ne
1394 1830 1741 1877 vescerentur
1776 1820 2043 1890 sanguine
2068 1818 2135 1882 7';

569 1914 697 1967 item
734 1915 912 1983 qualis
961 1915 1210 1984 imposita
1242 1924 1360 1969 erat
1409 1914 1720 1969 Jndteornm
1754 1912 2043 1974 Nazaraeis,
2074 1909 2141 1966 de

569 2018 676 2056 non
742 2004 972 2058 bibendo
1024 2006 1170 2067 vino,
1205 2012 1296 2057 aut
1331 2004 1526 2067 sicera,
1580 2018 1757 2074 neque
1802 2004 2139 2059 admovenda

564 2097 728 2165 capiti
765 2097 1027 2151 novacula
1050 2097 1130 2161 ⁷⁸,
1166 2098 1356 2166 quales
1389 2098 1625 2168 denique
1662 2085 1972 2152 Judaeorum
2026 2107 2137 2153 sta-

566 2194 695 2242 tntre
720 2186 868 2242 luere
894 2187 1288 2252 sacerdotibus,
1319 2188 1386 2242 de
1419 2189 1612 2253 rebus,
1643 2189 1764 2243 aliis
1808 2190 2141 2254 omittendis,

569 2280 693 2333 aliis
758 2280 1001 2349 agendis.
1050 2278 1185 2333 Cum
1242 2280 1402 2348 igitur
1457 2280 1589 2349 legis
1626 2281 1892 2335 vocabulo
1925 2280 2142 2337 duobus

571 2378 787 2422 utamur
829 2368 1004 2422 modis
1029 2408 1043 2431 ,
1079 2376 1134 2422 et
1178 2368 1598 2436 partietilariter,
1635 2377 1687 2425 et
1741 2369 2139 2433 universaliter,

568 2458 957 2529 respondemus
1009 2458 1074 2512 ad
1116 2461 1338 2513 alteram
1379 2460 1753 2528 quaestionem,
1810 2477 1915 2515 non
1962 2458 2155 2515 'luisse'

567 2554 741 2621 legem
770 2552 1131 2606 universalem
1183 2554 1275 2607 sed
1324 2553 1703 2621 particularem
1738 2554 1916 2618 illam;
1948 2569 2016 2608 ne
2042 2569 2143 2623 gu-

567 2652 736 2699 staret
762 2646 826 2698 de
850 2644 1043 2697 arbore
1073 2643 1345 2707 scientiae;
1372 2644 1473 2698 soli
1505 2645 1649 2698 enim
1681 2643 1886 2699 Adamn
1917 2644 2143 2713 ejusque

569 2736 785 2805 coniugi
822 2750 941 2789 eam
992 2737 1351 2805 imperaverat
1379 2729 1661 2803 Deus‘non
1698 2736 1856 2789 etiam
1887 2736 2141 2789 universo

566 2827 751 2895 generi
794 2826 1051 2880 humano.
1104 2825 1220 2881 Jam
1259 2835 1505 2893 superest
1554 2837 1611 2881 ut
1638 2838 1691 2881 et
1739 2830 1838 2881 ltnc
1870 2828 2141 2894 disquira-

572 2929 712 2976 mus,
749 2930 849 2982 qua
896 2914 963 2968 de
1018 2930 1179 2969 causa
1233 2914 1444 2969 dederit
1500 2916 1639 2972 Deus
1690 2917 1897 2971 Adamn
1946 2918 2139 2987 legem.

569 3004 862 3062 Censemus
909 3016 1012 3059 aut.
1038 3023 1086 3058 ιιι
1123 3007 1190 3059 nl)
1227 3006 1359 3061 bene
1394 3007 1591 3063 inultas
1625 3025 1818 3065 causas
1856 3010 1904 3063 id
1938 3008 2138 3064 factum

2236 502 2516 577 Postremo
2542 521 2611 575 ob
2638 521 2738 573 line
2767 531 2980 588 quoque
3012 517 3116 567 lata
3150 521 3233 566 est
3262 509 3472 562 Adamn
3501 504 3579 557 les
3614 518 3643 555 a
3670 502 3799 563 Deo,

2238 623 2295 665 ut
2331 613 2417 665 ille
2442 612 2605 666 sciret
2640 619 2803 679 atque
2839 607 3183 674 intelligeret,
3217 588 3444 655 alterum
3476 590 3805 661 Densuper-

2234 719 2355 758 esse
2414 703 2669 757 saeculum
2739 702 2791 754 in
2855 714 2964 769 quo
3046 697 3268 766 dignum
3346 692 3575 760 pretium
3636 686 3805 740 solvet

2239 794 2479 860 utrisque
2503 805 2555 846 et
2582 795 2647 847 iis
2674 792 2764 860 qui
2791 780 3086 844 observant
3112 796 3165 841 et
3193 785 3259 839 iis
3288 784 3379 852 qui
3411 782 3613 834 violant
3634 778 3802 844 leges.

2238 881 2341 937 Sed
2378 872 2896 952 pergunt.qii:erere
2935 875 3181 931 nonnulli
3214 871 3441 927 ulterius
3465 910 3479 931 .
3502 883 3604 924 cur
3633 866 3803 933 legem

2238 974 2419 1028 tulerit
2445 972 2587 1029 Dens
2613 974 2823 1028 Adamn
2848 986 3011 1041 quam
3039 968 3314 1037 praesciret
3345 965 3522 1035 ipsum
3549 976 3653 1013 non
3687 972 3807 1011 esse

2236 1067 2670 1120 observaturum.
2699 1064 2775 1117 Ad
2805 1064 2906 1117 hoc
2928 1062 3102 1132 primo
3126 1050 3519 1127 respondemus
3541 1067 3647 1107 non
3686 1050 3807 1104 ideo

2236 1158 2569 1213 conditorem
2631 1158 2792 1209 Deum
2848 1156 3015 1223 legem
3063 1152 3270 1207 Adamn
3320 1147 3697 1218 imperavisse,
3751 1152 3809 1195 ut

2236 1264 2354 1302 eam
2404 1250 2751 1309 obserVaret.
2809 1260 2985 1315 neque
3040 1260 3257 1307 rursus,
3294 1252 3349 1295 ut
3404 1241 3631 1293 violaret
3682 1236 3811 1304 (quo

2237 1351 2417 1396 vestra
2445 1341 2555 1396 haec
2586 1340 2816 1411 quaestio
2845 1347 3055 1410 spectat
3082 1352 3206 1392 eum
3236 1334 3419 1389 dicitis
3449 1350 3463 1387 :
3493 1332 3622 1393 Cur,
3648 1342 3811 1396 qnam

2238 1434 2513 1503 praesciret
2542 1435 2692 1488 illum
2728 1434 2897 1504 legem
2934 1445 3041 1485 non
3078 1430 3407 1498 praestitum,
3448 1420 3812 1494 przeceperit),

2237 1528 2329 1583 sed
2359 1542 2451 1581 eas
2496 1527 2795 1580 nb-eausas
2845 1538 2984 1595 quas
3023 1538 3195 1592 nuper
3239 1515 3811 1576 commemoravimus.

2236 1620 2447 1689 Quippe
2496 1619 2637 1672 aliud
2698 1628 2779 1671 est
2818 1619 3150 1681 observare,
3201 1613 3347 1669 aliud
3381 1625 3487 1664 non
3525 1610 3817 1662 observare

2238 1714 2429 1781 legem,
2493 1720 2545 1764 et
2584 1708 2726 1764 aliud
2770 1710 2910 1764 scire
2955 1722 3013 1763 se
3051 1706 3252 1761 habere
3285 1714 3609 1764 creatorem,
3650 1709 3819 1766 seque

2169 1780 2208 1835 Β
2242 1780 2362 1859 esse
2388 1814 2626 1857 creatum
2666 1811 2721 1855 et
2750 1800 3032 1871 praeditum
3067 1798 3280 1853 arbitrii
3312 1796 3582 1857 libertate,
3620 1791 3817 1859 liuius-

2242 1910 2349 1965 que
2380 1895 2592 1966 generis
2619 1902 2813 1949 uetera
2847 1905 3199 1961 cognoscere.
3240 1888 3505 1943 Praeterea
3537 1884 3772 1940 dicimus
3802 1900 3815 1935 :

2244 1985 2397 2042 Sicut
2436 1986 2707 2055 praescivit
2734 1984 2886 2039 illum
2921 1999 3028 2039 non
3060 1983 3483 2038 observaturum
3518 1979 3708 2045 legem,
3743 1974 3818 2028 ita

2242 2079 2511 2148 praescivit
2548 2092 2769 2147 quoque
2802 2076 3047 2131 futurum
3082 2083 3140 2129 ut
3182 2084 3470 2145 postquam
3525 2070 3696 2138 legem
3729 2066 3823 2121 ille

2243 2170 2629 2223 trausilivisset
2654 2177 2709 2222 et
2739 2183 2833 2237 per
2864 2176 3143 2237 peccatum
3177 2165 3488 2228 cecidisset,
3526 2163 3641 2233 ipse
3671 2158 3826 2217 veni-

2242 2272 2345 2323 ret,
2377 2261 2686 2325 redimeret,
2718 2260 3026 2314 sublevaret
3056 2260 3205 2313 illum
3242 2274 3271 2313 a
3308 2272 3435 2311 casu
3466 2252 3694 2325 peccati.
3732 2250 3825 2306 lti-

2242 2366 2404 2422 super
2449 2353 2616 2422 legem
2651 2353 2769 2408 ideo
2790 2352 2913 2406 tulit
2945 2352 3069 2423 (etsi
3122 2352 3378 2405 violatam
3418 2350 3482 2403 iri
3534 2363 3641 2401 non
3670 2349 3826 2415 igno-

2244 2448 2410 2515 raret)
2436 2460 2544 2514 quo
2577 2445 2992 2511 intelligeretur,
3024 2445 3199 2511 ipsum
3235 2457 3354 2496 esse
3387 2441 3696 2499 Dominum,
3726 2438 3822 2507 qui

2248 2537 2651 2591 cnndendarutn
2708 2536 2884 2607 legum
2920 2536 3140 2589 baberet
3173 2542 3520 2603 potestatem.
3551 2532 3820 2584 Adamnm

2245 2643 2372 2681 vero
2404 2637 2710 2681 creaturam
2740 2668 2753 2692 ,
2790 2638 2843 2681 et
2870 2643 2995 2681 eum
3030 2626 3120 2695 qui
3155 2626 3352 2689 merito
3383 2625 3595 2694 legibus
3630 2638 3822 2691 parere

2244 2719 2482 2775 deberet.
2517 2720 2784 2775 Pra:lerea
2820 2706 2929 2790 quo
2963 2729 3239 2774 constaret
3275 2719 3503 2773 liberum
3531 2718 3821 2771 arbitrium

2244 2814 2325 2865 eis
2354 2812 2699 2882 peculiariter
2735 2826 3060 2866 concessum
3097 2799 3219 2865 esse
3269 2810 3431 2864 rebus
3476 2810 3675 2864 creatis
3700 2822 3825 2877 quae

2244 2907 2453 2960 retinue
2484 2905 2710 2974 pollent,
2748 2912 2806 2957 ut
2837 2920 3005 2974 penes
3034 2905 3181 2973 ipsas
3207 2913 3353 2957 esset
3378 2902 3463 2956 vel
3486 2916 3704 2956 servare
3732 2901 3825 2955 vel

2245 2996 2709 3067 frangere/leges.
2744 2996 2829 3049 -Ad
2868 2995 2982 3049 htee
3033 2994 3264 3049 sancivit
3314 2992 3486 3062 legem
3537 2990 3679 3048 Dens
3704 2990 3821 3059 iam

566 3115 596 3153 a
645 3099 755 3153 Deo
794 3112 935 3153 esse.
972 3097 1155 3151 Primo
1204 3099 1370 3161 enim,
1422 3108 1481 3154 ut
1532 3100 1696 3155 sciret
1746 3117 1803 3155 se
1854 3101 2138 3154 Dominum
2168 3115 2211 3175 ε
2247 3101 2358 3145 tum
2392 3088 2684 3159 praas'ciens
2710 3088 2950 3142 futurum
2980 3088 3381 3151 ut'violaretur,
3435 3100 3544 3154 quo
3570 3100 3631 3138 ea
3660 3084 3827 3138 obse-

565 3189 1007 3256 conditoretnque
1053 3187 1249 3240 habere
1284 3188 1373 3256 qtti
1424 3188 1524 3241 sibi
1558 3204 1676 3241 eam
1705 3188 1872 3259 legem
1904 3188 2137 3258 impera-

566 3279 749 3340 visset,
794 3292 913 3330 nam
959 3276 1300 3347 dominorum
1340 3288 1422 3331 est
1458 3278 1601 3346 leges
1640 3278 1889 3342 sancire,
1948 3279 2141 3335 deinde

567 3378 629 3423 ut
676 3384 735 3423 se
766 3378 1006 3422 creatum
1038 3366 1399 3437 eﬂ‘ectuque
1432 3376 1750 3438 agnosceret
1784 3384 1797 3421 :
1829 3368 2023 3438 quippe
2056 3369 2141 3423 lex

568 3461 840 3514 creaturis
864 3468 1029 3525 atque
1076 3457 1281 3512 eli'ectis
1315 3459 1476 3513 statui
1525 3450 1679 3523 solet,
1723 3467 1778 3513 ut
1811 3460 1887 3513 ait
1924 3457 2089 3539 David
2122 3477 2135 3511 :

566 3549 756 3605 Statue
788 3550 915 3618 ipsis
948 3548 1323 3617 legislaturem,
1354 3559 1407 3602 ut
1436 3550 1603 3603 sciant
1631 3560 1806 3620 gentes
1822 3558 1881 3603 se
1904 3550 2137 3605 homines

562 3647 782 3699 esse"‘.
813 3642 897 3695 Ad.
926 3642 1046 3707 hoc,
1075 3649 1132 3695 ut
1165 3641 1487 3710 intelligeret
1521 3642 1817 3697 libertatem
1846 3642 1943 3696 sibi
1971 3641 2141 3697 facul-

564 3742 840 3804 tatemque
884 3732 1093 3786 arbitrii
1142 3746 1169 3784 a
1219 3730 1326 3786 Deo
1375 3733 1555 3787 datam
1590 3748 1709 3787 esse
1755 3747 1876 3788 cum
1924 3734 1993 3788 ab
2046 3734 2138 3789 illo

564 3826 929 3890 conderetur;
983 3840 1157 3894 neque
1208 3826 1351 3879 cuitu
1417 3827 1585 3895 legem
1641 3826 1739 3894 ipsi
1791 3826 2139 3895 imposuisset

562 3915 944 3987 particularem
979 3925 1033 3971 et
1068 3931 1188 3984 qua:
1217 3930 1279 3969 ex
1312 3916 1588 3970 voluntate
1642 3916 1917 3985 penderet,
1965 3933 2032 3971 ne
2071 3917 2138 3971 de

565 4007 763 4061 arbore
801 4007 984 4060 ederet
1027 4006 1266 4061 scientia:
1292 4049 1305 4073 ,
1336 4007 1436 4062 nisi
1469 4016 1593 4061 ante
1625 4007 1873 4062 libertate
1904 4016 2139 4073 potesta-

566 4109 727 4169 teque
775 4098 981 4152 arbitrii
1013 4099 1213 4168 proprii
1240 4100 1413 4167 ipsum
1467 4098 1740 4162 donasset,
1772 4115 1873 4167 qtta
1906 4098 1952 4154 si
1983 4099 2139 4154 vellet

563 4194 881 4246 observaret
905 4190 1097 4258 legem,
1132 4191 1215 4245 sin
1247 4192 1407 4245 nollet
1429 4232 1444 4254 ,
1481 4206 1586 4245 non
1619 4193 1953 4247 observaret.
1993 4192 2135 4247 Prin-

563 4291 714 4336 terea
751 4281 916 4350 legem
952 4281 1071 4337 ideo
1101 4284 1281 4353 posuit
1309 4284 1516 4337 Adamn
1538 4276 1704 4346 Deus,
1745 4294 1801 4339 ut
1831 4285 2001 4338 libero
2050 4285 2135 4353 ip-

566 4374 683 4429 sius
723 4373 947 4428 arbitrio
979 4384 1122 4430 esset
1166 4377 1417 4431 materies
1464 4386 1517 4431 et
1549 4377 1709 4431 veluti
1737 4378 1985 4432 clibanus
2030 4394 2137 4447 qun

2244 3181 2423 3252 qulnsi
2456 3196 2485 3235 a
2523 3180 2817 3235 rebellibus
2848 3186 3282 3242 secernerentnr,
3318 3176 3589 3247 amicique
3620 3175 3688 3229 ab
3719 3178 3824 3229 lio-

2244 3275 2510 3340 stibus,et
2533 3274 2708 3345 legum
2737 3274 2972 3329 cultores
3004 3287 3033 3327 a
3069 3271 3607 3342 prmvarieatoribus,
3648 3276 3819 3337 atque

2243 3380 2365 3419 cum
2419 3366 2635 3421 illorum
2663 3367 2871 3428 virtus,
2908 3377 3022 3419 tum
3056 3366 3250 3419 borum
3288 3362 3558 3418 vitiositas
3587 3359 3821 3416 manife-

2241 3461 2408 3515 staria
2436 3460 2585 3515 ﬂeret
2606 3498 2621 3521 ,
2651 3468 3187 3527 cognoscereturque
3216 3475 3229 3511 :
3264 3456 3477 3511 sublata
3510 3454 3654 3508 enim
3680 3453 3821 3522 lege,

2242 3550 2451 3605 nullum
2505 3550 2646 3605 inter
2696 3559 2961 3617 utrosque
3012 3548 3305 3603 discrimen
3348 3545 3531 3601 fuerit.
3570 3544 3635 3599 Et
3685 3546 3823 3598 vero

2242 3646 2381 3701 hanc
2408 3645 2569 3699 etiam
2600 3644 2671 3699 ob
2703 3660 2814 3699 rem
2850 3644 2953 3697 lata
2990 3660 3018 3696 ιι
3047 3641 3155 3697 Deo
3181 3642 3262 3697 lex
3294 3649 3401 3703 est,
3432 3656 3597 3710 quam
3634 3646 3839 3703 tamen,

2241 3753 2347 3791 non
2372 3737 2646 3792 nesciebat
2672 3736 3178 3797 transiliendamnte
3200 3746 3257 3789 ut
3280 3734 3618 3789 nesciremus
3637 3733 3820 3801 ipsum

2241 3830 2447 3883 merito‘
2461 3829 2582 3899 jure
2630 3830 2696 3883 iis
2735 3831 2827 3899 qtti
2869 3826 2971 3895 legi
3022 3836 3273 3898 parerent
3328 3825 3626 3880 retribuere
3676 3821 3821 3877 deli-

2239 3919 2352 3973 cias
2383 3918 2570 3973 mundi
2597 3959 2611 3983 ,
2641 3929 2939 3987 contraque
2973 3916 3268 3972 rebellibus
3295 3929 3572 3972 aerumnas
3602 3912 3817 3967 mundi.

2240 4010 2513 4073 Pratet‘ea
2565 4019 2623 4065 ut
2676 4012 2711 4065 ii
2741 4010 2831 4081 qui
2884 4010 3092 4079 ratione
3146 4019 3397 4072 utuntur,
3452 4006 3818 4076 intelligerent

2240 4100 2385 4171 quod
2417 4100 2583 4155 alium
2616 4101 2707 4155 ille
2743 4100 2938 4155 babeat
2985 4100 3247 4156 mundum
3301 4100 3354 4154 in
3391 4114 3500 4170 quo
3528 4096 3728 4153 ’merita
3762 4100 3845 4153 ιιι.

2240 4209 2516 4263 quemque
2542 4193 2782 4248 conferet
2799 4194 3046 4263 praemia.
3078 4193 3320 4262 Denique
3344 4207 3452 4246 non
3480 4192 3582 4245 alia
3608 4191 3821 4246 ratione

2240 4283 2571 4353 praescripsit
2639 4284 2786 4339 illam
2842 4284 3051 4339 Adamn
3106 4284 3324 4355 legem,
3382 4300 3547 4354 quam
3610 4284 3820 4340 sciebat

2241 4378 2416 4447 ipsum
2449 4391 2917 4449 transgressurum
2943 4420 2960 4443 ,
2994 4390 3157 4449 atque
3198 4386 3321 4446 post
3371 4378 3494 4431 aliis
3572 4378 3817 4430 mortali-

566 4465 891 4534 probaretur
916 4505 931 4529 ,
982 4464 1124 4519 sicut
1176 4466 1253 4519 ait
1306 4466 1601 4537 Gregorius
1648 4467 1953 4539 Tlteologus
1979 4468 2089 4538 (l7)
2119 4486 2133 4521 :
2169 4455 2212 4509 υ
2242 4473 2343 4525 bus
2372 4472 2496 4527 lidei
2532 4473 2700 4544 leges,
2734 4488 2840 4529 non
2878 4474 3095 4529 nescius
3151 4471 3417 4541 plurimos
3466 4469 3581 4525 lore
3619 4455 3812 4524 incre-

570 4558 723 4613 Dedit
767 4557 1063 4627 (inquiens)
1101 4559 1269 4628 legem
1297 4600 1313 4624 ,
1351 4558 1630 4614 materiem
1678 4560 1847 4614 libero
1882 4561 2129 4615 arbitrio.

566 4648 722 4702 Sicut
780 4648 921 4702 enim
964 4664 1059 4719 per
1102 4650 1244 4721 ligna
1292 4651 1589 4719 periculum
1638 4651 1700 4705 lit
1734 4652 1800 4705 de
1836 4662 1949 4705 arte
1996 4652 2130 4706 l‘abri

563 4740 802 4810 lignatii,
838 4758 907 4797 an
945 4744 1110 4813 probe
1138 4755 1299 4814 atque
1328 4738 1514 4799 exacle
1539 4760 1656 4799 eam
1686 4755 1891 4810 teneat,
1928 4760 1995 4798 an
2028 4745 2131 4800 mi-

565 4833 863 4895 niine,itcm
886 4850 976 4900 per
994 4852 1182 4889 aurum
1202 4845 1591 4905 argentumque
1608 4836 1673 4891 de
1692 4836 1952 4890 attril‘abri
1971 4845 2088 4891 arte
2114 4852 2127 4888 :

568 4928 638 4977 ita
688 4940 779 4993 per
832 4926 998 4996 legem
1051 4930 1254 4982 Adamn
1308 4930 1659 4984 constitutam
1716 4929 2002 4999 probatum
2048 4937 2134 4983 est

568 5018 737 5086 ipsius
768 5019 993 5075 liberum
1022 5022 1331 5087 arbitrium,
1357 5032 1803 5097 compertumque
1827 5023 2131 5077 libertatem

567 5107 737 5177 ipsius
766 5112 1040 5167 remissam
1080 5115 1420 5185 solutamque
1449 5130 1571 5171 esse
1604 5129 1667 5169 ac
1697 5115 1868 5182 magis
1902 5130 2134 5184 propen-

565 5202 691 5254 dere
742 5200 807 5253 ad
843 5207 1305 5282 praevaricandnm
1343 5210 1804 5276 peccanditmquc.
1851 5208 1985 5259 Natu
2037 5222 2131 5260 va-

569 5293 759 5346 luisset
815 5295 1031 5362 quidem
1087 5300 1373 5354 observare
1430 5300 1623 5369 legem,
1681 5309 1735 5353 et
1784 5310 1963 5353 tamen
2022 5315 2127 5353 non

566 5383 888 5449 observavit,
920 5390 1096 5457 qualis
1123 5406 1252 5445 sane
1285 5392 1513 5446 l'acultas
1556 5392 1728 5447 brutis
1759 5393 2127 5447 animantibus

632 5561 677 5593 ⁷³
733 5568 887 5621 Itoni.
927 5582 987 5631 tt,
1026 5570 1107 5623 i5.
1186 5572 1231 5599 ⁷³
1260 5564 1445 5624 Matth.
1493 5587 1585 5634 vit,
1624 5571 1708 5628 12.

628 5743 738 5814 (l7)
770 5742 1029 5801 Oratione
1060 5745 1113 5800 in
1144 5743 1313 5800 Natali
1343 5748 1565 5801 Christi.

1784 5572 1829 5603 ⁷⁸
1883 5571 2017 5626 Gen.
2058 5587 2132 5638 ιι,
2167 5570 2220 5626 4.

2244 4564 2429 4617 dulos.

2309 4653 2419 4710 Cur
2454 4656 2541 4713 (ex
2565 4658 2906 4726 particularis
2935 4666 3128 4724 printer
3152 4654 3453 4708 naturalem
3482 4652 3687 4707 Adamn
3714 4670 3811 4721 po-

2239 4753 2345 4806 sita
2394 4756 2480 4807 sit.
2506 4782 2577 4793 -—-
2615 4749 2859 4805 Ulterius
2886 4748 3159 4819 quierunt,
3192 4762 3316 4801 cum
3370 4754 3518 4799 esset
3565 4745 3809 4797 Adainus

2238 4834 2469 4895 naturali
2506 4843 2621 4909 lege
2652 4838 2976 4892 informatus
3000 4852 3122 4906 qua:
3156 4837 3209 4889 in
3239 4833 3809 4902 conseientirjudicio

2241 4934 2415 5002 posita
2444 4943 2527 4987 est
2572 4932 2779 4985 bonum
2806 4971 2821 4992 .
2850 4946 2881 4985 s
2906 4926 3057 4985 malo
3085 4929 3477 4997 distinguente,
3518 4944 3615 4981 cur
3668 4927 3807 4979 lianc

2238 5025 2463 5080 alterum
2500 5023 2877 5093 particularem
2907 5024 3069 5077 etiam
3114 5020 3253 5074 Deus
3307 5021 3404 5089 ipsi
3440 5017 3802 5085 imperaverit,

2237 5132 2302 5169 ne
2332 5117 2514 5171 ederet
2542 5117 2607 5169 de
2636 5116 2829 5167 arbore
2858 5111 3137 5167 scientiae?
3179 5108 3275 5165 llic
3308 5110 3720 5175 respondemus,
3752 5104 3803 5157 id

2235 5208 2439 5262 factum
2469 5222 2594 5263 esse
2630 5222 2738 5277 quo
2783 5204 3049 5259 illustrior
3093 5215 3238 5258 esset
3285 5204 3495 5257 bonitas
3535 5197 3806 5253 Creatoris

2233 5301 2447 5366 Adami,
2498 5309 2558 5355 ut
2601 5300 2693 5369 qui
2751 5313 2859 5353 non
2912 5296 3039 5351 sivit
3090 5296 3266 5365 ipsum
3307 5296 3471 5349 rebus
3505 5288 3801 5362 majoribus

2234 5392 2475 5446 animum
2526 5408 2689 5448 suum
2740 5404 3006 5460 occupare
3037 5406 3052 5445 ε
3085 5388 3276 5443 deinde
3326 5403 3391 5441 ne
3426 5402 3519 5456 per
3562 5392 3799 5437 errorem

2295 5572 2338 5606 "
2369 5571 2527 5630 Nunt.
2561 5588 2635 5638 vt,
2681 5573 2735 5629 Ξ.
2817 5571 2879 5603 ⁷⁸·
2912 5570 3053 5627 Psal.
3100 5586 3170 5634 ix,
3212 5568 3301 5619 ~ll.
