4010 6466
46 88 157 133 MT"
170 88 175 95 '
190 86 199 95 “’

218 313 324 375 533

213 535 366 581 num,
400 536 575 591 neque
624 538 791 591 supra
832 540 887 579 se
931 526 1208 579 dominum
1240 526 1405 580 alium
1447 544 1589 581 esse.
1623 526 1781 592 Nam,

214 614 361 667 verbi
399 616 591 685 gratia,
624 630 746 669 cum
786 610 1259 675 animadvertisset
1328 621 1510 674 omnia
1545 622 1632 675 illa
1665 637 1785 689 quae

214 705 315 759 sub
348 714 630 775 aspectum
664 709 873 763 cadunt
898 726 996 764 sua
1031 726 1195 767 causa
1224 728 1343 766 esse
1372 712 1561 786 elTeeta
1590 730 1618 765 a
1659 694 1784 772 l)eo,

212 810 381 863 suque
418 798 655 851 naturali
689 800 969 867 praeditum
1022 805 1088 854 ab
1132 804 1224 856 illo
1252 804 1593 872 cOguitione,
1624 812 1785 872 atque

211 902 378 941 omne
426 904 601 958 genus
650 876 872 945 delicias
920 894 1021 947 sibi
1056 894 1260 963 absque
1304 896 1411 947 ullo
1449 896 1675 950 molesto
1710 895 1786 946 la-

212 976 349 1031 bore
381 976 437 1031 in
468 991 721 1050 promptu
747 997 891 1047 esse,
922 984 1156 1053 denique
1188 1002 1269 1039 res
1297 980 1657 1052 aspectabiles
1682 972 1787 1039 sibi

211 1066 517 1125 servientes
552 1074 705 1138 quasi
740 1075 986 1137 ancillas,
1016 1083 1089 1137 ct,
1129 1084 1183 1129 ut
1232 1077 1397 1129 si-mel
1432 1077 1630 1139 dicam,
1662 1092 1783 1127 cum

210 1156 447 1215 vidisset
495 1161 676 1215 omnia
730 1163 817 1216 illa
860 1163 998 1217 bona
1032 1165 1231 1234 quibus
1287 1168 1491 1237 absque
1542 1163 1787 1219 molestia

210 1260 307 1305 aut
341 1268 475 1306 cura
506 1254 878 1309 oblecrahatur
912 1272 926 1309 :
960 1256 1115 1313 facile
1150 1259 1319 1325 ipsius
1350 1260 1565 1313 animus
1596 1274 1660 1312 ex
1703 1238 1787 1312 his

211 1343 381 1399 rrbus
428 1361 523 1415 per
583 1350 947 1417 arrogantiam
995 1351 1489 1420 conﬁdentiamque
1543 1361 1788 1405 mutatus

214 1436 318 1491 sibi
376 1440 778 1506 persuasisset,
817 1458 901 1495 res
936 1458 1121 1497 omnes
1150 1460 1269 1513 qua:
1308 1444 1540 1499 conditae
1584 1454 1788 1506 essent,

210 1532 276 1582 ad
358 1546 421 1593 se
479 1543 759 1601 spectare,
819 1549 992 1603 neque
1050 1535 1193 1589 alius
1248 1537 1609 1590 dominationi
1662 1551 1791 1603 esse

210 1621 497 1690 subjectas
528 1641 540 1675 :
576 1623 676 1678 nisi
711 1624 847 1677 hanc
883 1626 1109 1679 alteram
1138 1643 1167 1681 a
1203 1626 1311 1679 Deo
1342 1628 1509 1693 legem
1544 1628 1790 1696 accepis-

210 1720 337 1777 set,
369 1713 438 1766 de
484 1728 587 1766 non
623 1715 889 1782 gusmnda
934 1716 1127 1769 arbore
1152 1756 1167 1778 ,
1214 1734 1333 1787 qua‘
1371 1729 1629 1788 perpetuo
1662 1718 1792 1787 ipsis

1358 321 1454 380 ne
1499 319 1899 397 PARADISO.
1939 344 2006 356 -
2048 320 2243 380 rans
2287 320 2332 378 Ι.

214 424 301 481 ille
334 426 687 489 existimaret,
726 445 784 484 se
816 446 998 484 rerum
1046 433 1383 486 conditarum
1425 450 1547 489 esse
1602 435 1780 487 doini-
1811 446 1852 500 Α
1884 433 2150 503 agendum
2216 430 2675 486 omittendnmve;

3360 316 3461 381 534

2762 430 2839 483 Ad
2920 446 3040 485 eam
3122 426 3515 501 questionem'

1885 526 2327 595 respondemus,
2386 540 2504 579 eam
2567 524 3073 595 concupiscentiam
3140 540 3261 594 qute
3322 525 3465 579 circa

1885 618 2066 670 cibum
2131 627 2383 687 versatur
2445 617 2681 685 primum
2744 631 2863 670 esse
2922 614 3090 689 animi
3162 616 3329 670 nostri
3390 614 3471 668 af-

1886 708 2130 783 fectum,
2208 722 2385 777 eoque
2469 715 2616 760 recte
2683 708 2910 773 primam
3001 706 3182 775 primo
3240 705 3468 770 homini

1886 801 2095 853 Adamo
2152 801 2325 868 legem
2392 798 2459 852 de
2514 798 2604 851 illa
2666 813 2789 852 esse
2853 798 3186 869 impositam.
3248 795 3353 849 Sed
3419 809 3470 849 ut

1887 891 2092 944 clarius
2151 888 2345 943 evadat
2394 890 2537 958 quod
2580 889 2840 950 dicimus,
2878 888 3033 953 multi
3067 899 3120 941 et
3172 887 3305 940 varii
3347 897 3475 939 sunt

1886 981 2113 1037 affectus
2134 980 2330 1050 quibus
2391 991 2577 1033 nostra
2612 982 2834 1033 libertas
2873 980 3187 1055 impellitur.
3238 992 3474 1047 quorum

1888 1075 2133 1127 omnium
2170 1074 2463 1143 prazcipUa.
2490 1084 2539 1127 et
2582 1072 2743 1125 veluti
2780 1071 2930 1124 radix
2965 1081 3050 1126 est
3082 1072 3483 1139 concupiscen-

1891 1167 2147 1233 tia.l{:rc
2179 1180 2341 1233 porro
2368 1164 2638 1231 trifariam
2696 1163 2956 1216 dividitur
3002 1179 3021 1215 ς
3078 1178 3201 1214 nam
3263 1170 3357 1214 aut
3407 1158 3478 1212 ad

1890 1258 2094 1311 ventris
2142 1257 2435 1325 ingluviem
2464 1254 2722 1325 pertinet,
2770 1262 2866 1307 aut
2896 1252 2960 1305 ad
3008 1267 3171 1321 opmn
3224 1251 3483 1320 pecunia;

1889 1364 2121 1418 rumque
2155 1348 2460 1410 avaritiam,
2494 1355 2589 1399 aut
2617 1342 2682 1399 ad
2716 1344 2923 1413 ‘gloriae
2974 1343 3347 1395 ambitionem.
3387 1338 3481 1393 llis

1888 1440 2033 1494 enim
2089 1438 2265 1492 tribus
2323 1437 2670 1492 aﬂectionum
2724 1434 3017 1503 generibus
3075 1433 3484 1501 comprehensa:

1892 1539 2151 1586 tenentur
2177 1520 2369 1586 Omnes
2399 1544 2577 1599 prava:
2614 1526 2940 1596 cupiditates
2974 1542 2987 1577 :
3027 1536 3081 1579 et
3112 1526 3195 1579 his
3256 1525 3487 1577 adortus

1892 1631 1979 1675 est
2008 1621 2227 1691 quidem
2265 1620 2497 1674 Satanas
2535 1619 2828 1672 Dominum
2878 1626 3125 1670 nostrum
3166 1618 3219 1669 in
3249 1616 3466 1669 deserto

1894 1723 1949 1767 et
1975 1714 2029 1767 in
2063 1713 2226 1777 urbe;
2262 1728 2470 1777 verum,
2506 1709 2821 1766 succubuit.
2851 1708 3120 1763 Caeterum
3157 1707 3364 1760 ventris
3390 1720 3487 1757 cu-

212 1800 513 1858 observata
570 1805 748 1859 oculis
812 1806 865 1859 in
918 1808 1233 1861 memoriam
1292 1819 1637 1877 mentemque
1691 1796 1867 1877 ipsiB
1900 1804 2119 1874 piditas,
2192 1804 2417 1874 reliquis
2488 1804 2706 1859 duabus
2758 1802 3051 1856 violentior
3114 1801 3496 1869 dil'licilinrqne

213 1904 504 1949 revocaret
530 1896 777 1949 servilem
814 1898 1184 1965 humilemque
1214 1916 1367 1952 suam
1399 1900 1789 1965 conditionem,

212 2000 387 2051 seque
428 1983 629 2053 habere
660 1985 944 2040 Dominum
983 2004 1012 2042 a
1042 2006 1149 2059 quo
1176 1991 1445 2058 ejusmodi
1486 1993 1567 2045 lex
1602 1992 1667 2045 de
1694 1974 1791 2045 ar-

210 2077 347 2132 bore
380 2078 483 2132 sibi
519 2086 661 2133 esset
708 2070 979 2149 imposita,
1014 2089 1175 2151 atque
1207 2099 1299 2138 cas
1330 2080 1477 2152 ipsas
1512 2092 1793 2138 creaturas

210 2185 339 2237 qnze
372 2170 476 2224 sibi
509 2170 769 2235 serviunt,
804 2171 868 2224 ad
901 2172 1050 2226 illum
1102 2190 1261 2227 suum
1323 2186 1569 2243 spectare
1614 2173 1793 2228 Domi-

213 2274 373 2313 num.
436 2256 569 2313 Nam
629 2260 673 2315 si
726 2276 847 2314 cum
897 2262 1064 2331 legem
1122 2264 1344 2318 haberet
1380 2265 1704 2328 naturalem,
1741 2275 1795 2320 et

210 2345 446 2419 insuper
476 2351 614 2405 hanc
647 2349 715 2405 de
762 2354 976 2419 arbore,
1009 2370 1130 2424 qua:
1158 2355 1320 2409 veluti
1373 2357 1613 2425 adjutrix
1649 2358 1795 2412 illius

209 2450 386 2504 esset,
413 2452 595 2497 tamen
622 2444 851 2514 deliquit
883 2446 1073 2517 Suaple
1094 2449 1392 2509 voluntate,
1414 2457 1578 2517 atque
1630 2448 1798 2503 sedn-

208 2540 461 2587 ctus’est
505 2549 518 2586 :
555 2542 761 2602 quanto
796 2536 968 2603 magis
994 2548 1272 2606 peccasset
1302 2538 1593 2607 lapsusque
1624 2548 1796 2605 esset,

206 2622 255 2676 si
292 2624 413 2677 hac
443 2623 508 2677 de
539 2624 735 2678 arbore
766 2625 848 2679 lex
879 2626 1050 2696 posita
1101 2628 1204 2695 ipsi
1251 2643 1360 2681 non
1395 2628 1627 2683 fuisset?
1659 2628 1797 2682 Rur-

210 2716 336 2777 sus,
393 2715 439 2770 si
471 2723 664 2785 preter
702 2716 849 2771 illam
893 2719 1199 2773 naturalem
1255 2719 1426 2790 legem
1471 2736 1579 2775 non
1633 2721 1794 2776 etiam

212 2808 362 2863 hanc
428 2806 728 2864 interdicta:
782 2811 997 2864 arboris
1054 2814 1395 2882 accepisset,
1447 2810 1800 2870 musitassent

214 2901 431 2957 morosi
468 2902 722 2957 homines
744 2944 758 2965 ,
794 2920 889 2959 cur
920 2920 1026 2958 non
1064 2905 1300 2959 dedisset
1340 2906 1415 2959 illi
1450 2905 1591 2961 Deus
1626 2908 1797 2976 legem

212 2992 415 3055 aiiam,
450 3007 625 3064 eaque
654 2993 957 3069 subsidium
989 2995 1262 3049 attulisset
1295 2992 1613 3065 priuSquazu
1646 2996 1798 3049 labe-

212 3099 371 3142 retur
426 3101 520 3153 per
575 3088 900 3155 peccatum?
953 3086 1118 3141 Recte
1180 3088 1346 3158 igitur
1398 3087 1537 3141 Deus
1565 3089 1798 3152 Adamo,

211 3189 519 3248 antequam
551 3190 843 3249 peccaret,
869 3181 1007 3235 hanc
1039 3180 1207 3250 legem
1239 3181 1307 3234 de.
1334 3180 1530 3234 arbore
1562 3181 1801 3235 scientia:

212 3272 508 3343 imposuit,
544 3272 667 3325 lieet
698 3263 991 3340 'praeterea.
1030 3270 1261 3324 naturali
1306 3271 1425 3339 lege
1476 3271 1802 3325 informatus

213 3373 389 3421 esset.
422 3361 561 3429 Quin
602 3364 702 3417 hoc
743 3362 966 3431 insuper
1021 3363 1163 3416 scire
1214 3362 1510 3425 convenit,
1540 3378 1645 3415 non
1688 3362 1802 3431 jam

216 3469 337 3513 tum
386 3454 675 3525 inquinate
707 3453 917 3509 Adamo
962 3456 1194 3524 positam
1244 3470 1365 3510 esse
1398 3470 1427 3509 a
1464 3454 1573 3509 Deo
1608 3456 1803 3526 legem,

216 3547 315 3603 sed
360 3546 547 3601 adhuc
584 3561 718 3628 puro
750 3545 1030 3615 proboque
1078 3553 1128 3601 et
1161 3545 1318 3599 veluti
1352 3544 1421 3598 ab
1451 3546 1598 3598 omni
1645 3545 1805 3599 vitio-

218 3638 395 3695 sitate
442 3638 754 3706 percolato;
802 3636 881 3691 sic
922 3636 1068 3690 enim
1120 3637 1296 3704 ipsum
1351 3637 1689 3690 condiderat.
1722 3636 1805 3695 Ad

216 3734 338 3788 ha-c
375 3731 510 3787 illud
542 3731 705 3784 etiam
740 3730 1039 3799 quaeritur,
1078 3746 1177 3783 cur
1214 3730 1355 3783 Deus
1389 3726 1596 3783 Adamo
1633 3728 1804 3799 legem

216 3825 283 3877 de
307 3822 510 3877 arbore
539 3821 628 3874 illa
663 3820 1033 3890 imperaverit,
1065 3829 1119 3874 et
1140 3836 1247 3873 non
1276 3821 1342 3873 de
1362 3821 1466 3873 alia
1487 3834 1546 3873 re
1581 3819 1804 3889 quavis.

218 3913 638 3985 Respondemus
660 3921 842 3967 autem
870 3932 883 3966 :
908 3912 1028 3978 Quo
1050 3922 1472 3982 cognosceretur
1489 3913 1634 3965 illius
1654 3927 1809 3966 amor

218 4023 354 4078 erga
404 4023 565 4062 suum
616 4015 895 4077 parentem
930 4004 1123 4059 Deum.
1174 4004 1367 4059 Omnis
1405 4005 1549 4059 enim
1601 4004 1685 4057 lex
1726 4003 1807 4058 vel

222 4101 291 4157 ad
350 4114 593 4153 amorem
649 4099 703 4150 in
756 4097 963 4159 Deum,
1002 4098 1084 4149 vel
1141 4096 1206 4149 ad
1258 4111 1499 4151 amorem
1545 4096 1809 4150 adversus

222 4195 546 4269 proximum
579 4203 785 4259 spectat
817 4212 829 4247 :
868 4193 979 4263 jam
1007 4207 1138 4246 vero
1181 4192 1313 4289 nu‘lli
1352 4192 1531 4245 adhuc
1560 4193 1809 4247 homines

224 4300 464 4356 usquam
492 4292 647 4337 erant
673 4324 688 4346 ,
718 4292 777 4337 ut
809 4284 1066 4337 mandare
1099 4282 1306 4335 Adamn
1337 4292 1519 4351 posset
1553 4298 1620 4335 ne
1664 4282 1811 4336 occi-

221 4381 405 4440 deret,
434 4389 525 4432 ant
547 4393 614 4431 ne
645 4376 1010 4431 committeret
1040 4377 1389 4439 adulterium,
1409 4377 1490 4431 vel
1514 4393 1579 4429 ne
1606 4376 1809 4431 furtum

1896 1896 2218 1950 mortalibus
2252 1896 2519 1949 incumbit
2552 1912 2567 1949 :
2609 1894 2756 1964 quod
2793 1895 2875 1948 vel
2910 1896 3041 1948 hinc
3083 1904 3320 1955 constat,
3364 1895 3492 1960 quia

1894 1988 2103 2059 absque
2137 1988 2366 2058 pecunia
2390 1988 2654 2056 et,gloria
2694 1989 2875 2049 vivere
2922 1986 3175 2041 homines
3212 1996 3438 2054 possunt
3478 2001 3490 2035 :

1895 2090 1951 2133 at
1981 2080 2101 2133 sine
2147 2080 2270 2134 cibo
2306 2095 2412 2133 non
2439 2089 2671 2148 possunt
2703 2079 2842 2132 sicut
2882 2078 3022 2145 apud
3047 2075 3337 2143 Jcremiam
3368 2092 3497 2145 pro-

1895 2168 2111 2241 phetam
2168 2171 2429 2236 scriptum
2489 2178 2668 2224 exstat
2716 2186 2727 2220 :
2788 2168 3055 2221 Dedcrttnt
3090 2186 3168 2223 res
3199 2184 3324 2221 suos
3371 2184 3494 2236 pre-

1894 2265 2059 2316 tiosas
2099 2279 2195 2332 pro
2250 2264 2387 2325 cibo,
2442 2272 2498 2314 ut
2542 2263 2905 2314 instaurarth
2963 2261 3199 2312 animam
3246 2260 3493 2313 suam".

1897 2354 2081 2422 Neque
2114 2356 2261 2409 enim
2286 2355 2575 2407 adversum
2612 2368 2709 2407 nos
2748 2352 2877 2405 facit
2902 2353 3034 2405 illud
3069 2353 3287 2406 Domini
3324 2352 3495 2407 nostri

1897 2446 2148 2499 dictum:
2198 2444 2322 2523 Non
2373 2446 2427 2497 in
2482 2444 2596 2497 solo
2637 2459 2773 2512 pane
2826 2445 2949 2497 vivit
3010 2445 3166 2496 homo
3206 2446 3271 2498 ⁷⁸.
3331 2443 3499 2515 Igitur

1898 2539 2158 2608 quoniam
2200 2537 2350 2608 gula,
2373 2536 2545 2606 prima
2569 2538 2735 2597 estin
2754 2537 2911 2591 nobis
2940 2536 3279 2605 perturbatio
3308 2526 3498 2596 animi,

1898 2638 2329 2684 consentaneum
2363 2637 2499 2692 erat,
2558 2636 2615 2681 ut
2642 2629 2837 2697 prima}
2860 2628 3009 2697 legis
3055 2628 3269 2681 Adamo
3322 2627 3501 2697 primo

1902 2721 2111 2776 homini
2146 2720 2383 2775 ferendae
2442 2728 2589 2774 esset
2634 2720 2875 2774 occasio.
2915 2721 2979 2772 Et
3040 2734 3170 2774 vero
3222 2720 3347 2789 quia
3406 2735 3502 2789 per

1913 2812 2124 2867 ventris
2186 2812 2506 2883 ingluviem,
2570 2811 2789 2882 cibique
2843 2813 3208 2879 appetentiam
3269 2810 3503 2865 Satanas

1902 2904 2173 2958 Adamum
2193 2904 2418 2968 vicerat,
2454 2904 2659 2959 idcirco
2686 2914 2741 2959 et
2771 2904 3031 2959 Christus
3052 2905 3179 2958 imle
3212 2904 3513 2959 victoriam'

1904 3011 2059 3052 suam
2099 2995 2364 3065 adversus
2394 2996 2546 3050 illum
2577 2996 2631 3049 in
2665 2995 2884 3050 deserto
2912 3006 2995 3049 cst
3024 2996 3341 3065 auspicatus
3372 3012 3497 3050 cum

1904 3087 1979 3143 illi
2002 3085 2229 3151 diceret,
2260 3096 2322 3142 ut
2348 3096 2433 3141 est
2454 3087 2595 3156 apud
2629 3088 2814 3142 divum
2842 3087 3148 3142 Manlianum
3181 3106 3195 3141 :
3232 3088 3295 3143 Si
3325 3088 3501 3143 Filius

1906 3177 2003 3232 Dei
2026 3194 2105 3244 es,
2134 3176 2321 3236 dicito.
2366 3188 2424 3233 ut
2489 3178 2820 3249 lapides-isti
2875 3196 3038 3248 panes
3061 3180 3298 3248 fiant".
3334 3181 3505 3236 Porro

1906 3282 2035 3327 sunt
2066 3274 2161 3345 qui
2194 3271 2367 3329 Deum
2398 3274 2645 3343 culpent,
2691 3274 2839 3344 quod
2886 3276 3162 3331 Adamum
3198 3275 3506 3331 condiderit.

1907 3365 2014 3420 cibi
2042 3365 2260 3419 avidum
2310 3381 2378 3421 ac
2411 3382 2710 3422 voracem:
2752 3376 2805 3422 et
2855 3367 3099 3432 interim,
3148 3370 3262 3437 lege
3294 3368 3423 3432 lata,
3473 3386 3504 3422 a

1906 3456 2030 3511 cibo
2054 3452 2381 3511 eohibuerit.
2418 3458 2523 3513 Sed
2574 3473 2673 3525 nos
2714 3458 2781 3515 ad
2820 3459 2939 3515 haec
2984 3460 3244 3521 dicimus,
3300 3458 3503 3515 nullam

1908 3549 1999 3603 hic
2034 3550 2091 3604 in
2116 3549 2287 3603 Deum
2344 3550 2651 3605 creatorem
2685 3566 2845 3620 posse
2868 3552 3084 3623 culpam
3116 3550 3376 3617 conferri,
3409 3553 3503 3606 sed

1910 3640 1962 3693 in
1988 3639 2165 3709 ipsum
2193 3640 2467 3694 ‘Adamum
2484 3640 2814 3708 iustissime.
2869 3643 3027 3709 cuius
3056 3645 3325 3698 rationem
3346 3644 3468 3696 audi
3491 3661 3504 3696 :

1909 3731 2179 3800 Cupidine
2228 3748 2351 3802 qua:
2384 3742 2469 3788 est
2502 3733 2555 3787 in
2589 3735 2899 3796 nobismet
2915 3744 3192 3804 quatenus
3236 3735 3405 3789 libere
3427 3736 3507 3787 uti

1918 3823 2279 3894 permittitur,
2310 3832 2397 3879 est
2429 3824 2593 3879 etiam
2624 3826 2716 3878 ubi
2750 3826 3053 3881 coercenda
3093 3824 3511 3894 cohibendoque

1921 3908 2029 3971 cst.
2062 3914 2135 3968 Ea
2191 3915 2360 3985 igitur
2382 3931 2509 3984 pars
2547 3916 2696 3969 illius
2732 3931 2854 3984 qua
2879 3926 3068 3970 nostro
3095 3915 3217 3971 usui
3242 3914 3511 3985 permissa

1911 4015 2018 4071 est,
2051 4005 2211 4075 culpa
2244 4015 2421 4069 vacat,
2454 4021 2633 4077 neque
2662 4007 2780 4077 lege
2817 4005 3097 4061 inhibetur
3138 4023 3152 4059 :
3191 4005 3369 4075 qualis
3400 4001 3510 4067 est,

1914 4106 1981 4151 ut
2007 4096 2259 4163 edamus,
2295 4108 2353 4151 ut
2380 4097 2652 4160 bibamus,
2676 4108 2735 4151 ut
2767 4097 3129 4158 dormiamus,
3153 4106 3314 4166 atque
3344 4095 3509 4163 hujus

1912 4188 2131 4258 generis
2158 4189 2262 4242 alia
2300 4189 2590 4245 faciamus.
2636 4187 2981 4242 llefrenanda
3017 4202 3145 4241 vero
3179 4188 3510 4241 coercenda-

1913 4295 2023 4349 quc
2047 4280 2139 4334 illa
2173 4288 2283 4344 est,
2318 4296 2484 4350 quam
2516 4281 2599 4335 lex
2632 4290 2782 4335 vetat
2810 4278 3088 4344 exerceri;
3122 4279 3286 4331 veluti
3318 4278 3360 4332 si
3386 4277 3511 4345 quis

1917 4361 2147 4445 gulosus
2178 4374 2270 4435 sit,
2309 4382 2407 4427 aut
2423 4373 2696 4436 ebriosus,
2722 4372 2805 4425 vel
2836 4380 3104 4441 scortator
3125 4380 3178 4423 et
3205 4370 3513 4439 hujusmodi

224 4458 453 4535 faceret,
498 4479 549 4523 et
573 4486 692 4539 qua:
721 4477 848 4522 sunt
882 4468 1041 4537 hujus
1072 4469 1285 4537 generis
1335 4469 1465 4523 alia.
1510 4469 1807 4523 llliusmodi
1841 4502 1887 4561 Β
1914 4465 2039 4519 aliis
2063 4465 2209 4519 vitiis
2238 4464 2477 4519 deditus.
2531 4462 2837 4518 Conficitur
2885 4478 3035 4531 ergo,
3088 4461 3255 4516 Deum
3294 4464 3506 4516 Adamo

222 4564 373 4619 enim
397 4562 681 4633 praeceptis
700 4562 882 4615 nullus
906 4571 1034 4615 tunc
1067 4561 1218 4615 locus
1239 4575 1358 4613 esse
1376 4562 1567 4627 potuit,
1587 4560 1805 4629 quando

225 4654 362 4710 nulli
404 4662 564 4707 erant
593 4652 682 4705 alii
727 4652 974 4705 homines
1001 4689 1017 4715 ,
1051 4652 1278 4718 ideoque
1314 4652 1481 4717 legem
1515 4651 1581 4704 de
1614 4652 1809 4706 arbore

229 4743 462 4805 ferebat,
514 4756 619 4809 qua
680 4739 1017 4796 observanda
1060 4742 1230 4809 pietas
1290 4740 1482 4794 Adami
1546 4741 1808 4796 adversus

228 4851 394 4891 suum
428 4833 773 4889 Conditorem
804 4844 1215 4901 agnosceretur.

301 4926 412 4983 Cur
468 4926 531 4979 de
589 4925 692 4978 cibi
760 4926 1177 4993 concupiscentia
1251 4925 1332 4979 lex
1381 4926 1583 4978 Adamo
1634 4926 1809 4993 posita

230 5022 318 5075 sit.
345 5050 416 5061 ——
445 5018 685 5087 Denique
720 5027 772 5072 et
800 5017 929 5071 illud
963 5019 1099 5071 solet
1125 5018 1315 5087 quarri,
1347 5032 1446 5069 cur
1476 5018 1614 5070 Deus
1638 5016 1805 5087 legem

234 5113 447 5167 Adamn
478 5109 843 5179 imperaverit,
886 5125 1007 5179 quae
1056 5110 1121 5163 ad
1155 5110 1259 5163 cibi
1302 5109 1805 5175 eomupisceutiam

237 5212 531 5277 Spectaret,
565 5218 671 5257 non
706 5203 770 5257 ad
818 5202 979 5256 aliam
1027 5218 1139 5256 rem
1172 5201 1510 5271 quampiam.
1535 5200 1811 5254 Potuisset

234 5299 381 5351 enim
418 5295 487 5348 illi
517 5295 623 5349 lata
662 5295 774 5364 lege
807 5295 1064 5348 mandare
1103 5304 1158 5346 ut
1192 5294 1455 5363 quosdam
1489 5292 1809 5346 nominatim

239 5390 587 5458 pra-scriptos
618 5387 975 5456 dicsjejunus
1003 5395 1097 5439 aut
1124 5386 1371 5455 precibus
1402 5400 1602 5439 vacans
1629 5396 1811 5440 trans-

243 5481 433 5550 igeret,
469 5481 551 5535 vel
585 5496 644 5536 se
694 5495 801 5535 nuo
827 5480 1130 5549 eodemque
1184 5481 1300 5534 loco
1338 5495 1430 5546 per
1460 5495 1554 5533 eos
1611 5478 1813 5533 immo-

242 5584 333 5627 tus
388 5573 728 5635 contineret,
784 5581 875 5625 aut
929 5571 1242 5639 hujusmodi
1299 5570 1443 5623 aliud
1528 5571 1808 5641 quidpiam

314 5750 359 5785 "
397 5745 596 5803 Thrcn.
629 5761 665 5813 I,
700 5749 779 5803 ll.
859 5744 902 5777 "
930 5745 1121 5803 Matth.
1151 5760 1224 5813 tv,
1257 5745 1308 5801 Α.

1389 5748 1428 5778 "’
1470 5746 1602 5801 ibid.
1629 5749 1681 5801 ὃ.

1918 4556 2088 4625 legem
2113 4555 2259 4609 illam
2283 4556 2690 4626 perscripsisse,
2729 4572 2837 4609 non
2874 4564 2933 4609 ut
2966 4570 3194 4625 prorsus
3226 4555 3357 4609 nihil
3388 4556 3516 4609 cde-

1917 4663 2021 4713 ret,
2058 4653 2151 4721 sed
2203 4660 2262 4706 ut
2288 4651 2356 4706 de
2394 4668 2500 4706 una
2521 4652 2612 4707 illa
2656 4653 2855 4707 arbore
2912 4667 3018 4706 non
3063 4651 3271 4714 ederet.
3299 4649 3436 4705 Nam
3466 4650 3515 4703 si

1917 4744 2065 4797 nulla
2102 4744 2175 4798 illi
2216 4760 2309 4814 per
2353 4761 2471 4798 eam
2507 4746 2678 4813 legem
2718 4758 2775 4798 re
2810 4744 2954 4798 vesci
2987 4743 3253 4803 licuisset,
3288 4743 3515 4811 culpan-

1917 4839 2019 4892 dus
2050 4853 2237 4893 revera
2290 4836 2483 4890 fuisset
2517 4837 2663 4891 Deus
2719 4836 3022 4906 legislator,
3081 4837 3173 4906 qui
3235 4836 3381 4889 illam
3442 4837 3513 4889 ita

1916 4929 2234 4984 condiderat
2267 4938 2325 4982 ut
2373 4928 2582 4982 edendo
2617 4928 2787 4983 vitam
2820 4928 3097 4985 sustinere
3151 4927 3389 4982 deberet.
3448 4927 3516 4980 At

1916 5021 2135 5090 quando
2174 5019 2243 5073 ab
2280 5020 2443 5074 unica
2480 5019 2663 5089 ipsum
2694 5020 2965 5075 duntaxat
2992 5033 3189 5075 arnore
3218 5018 3515 5090 prohibuit,

1918 5126 2095 5181 neque
2130 5108 2179 5165 id
2209 5112 2289 5166 vel
2314 5127 2407 5182 per
2437 5112 2698 5167 invidiam
2726 5112 2807 5165 vel
2838 5128 2935 5183 per
2969 5113 3155 5167 odium
3185 5129 3201 5177 ;
3237 5112 3331 5167 sed
3363 5121 3421 5166 ut
3450 5129 3516 5166 ev

1921 5204 2041 5275 ejus
2080 5205 2215 5275 legis
2238 5206 2621 5260 observatione
2649 5220 2873 5260 causam
2907 5206 3129 5259 haberet
3161 5205 3516 5275 permittendi

1920 5298 2115 5351 deinde
2140 5298 2241 5367 ipsi
2277 5308 2496 5368 gustare
2520 5297 2649 5351 vitae
2674 5298 2947 5359 arborem,
2972 5312 3084 5365 quo
3115 5298 3220 5351 vita
3256 5298 3515 5364 deinceps

1923 5387 2028 5442 frui
2075 5389 2407 5460 sempiterna
2462 5397 2695 5456 posset:
2733 5386 2877 5440 haud
2936 5386 3131 5441 insons
3167 5404 3297 5442 sane
3343 5387 3516 5440 videri

1922 5479 2015 5534 ille
2034 5479 2214 5547 {debet
2242 5478 2331 5543 qui
2388 5495 2496 5533 non
2533 5478 2811 5534 satiaverit
2842 5493 2998 5532 suam
3053 5479 3403 5547 cupiditatem
3447 5476 3519 5531 ab

1928 5574 2151 5644 reliquis
2183 5572 2506 5640 arboribus;
2539 5586 2710 5641 neque
2741 5569 2955 5626 unicam
2988 5570 3135 5625 illam
3174 5568 3378 5636 vitarit,
3408 5585 3513 5640 qua
