4010 6504
500 350 605 411 535

1762 343 1997 433 Mosrs
2036 341 2186 401 ΒΑΗ
2225 320 2483 404 cupita

3609 307 3612 311 ’
3631 333 3725 398 sas

446 448 455 455 ’
500 465 675 517 fuerat
713 462 812 518 sibi
849 460 1215 519 interdictum.
1244 458 1378 515 Nam
1418 469 1477 515 ut
1502 471 1708 515 caetera:
1763 473 1953 515 omnes
1977 473 2073 512 ve-
2102 456 2149 514 Α
2178 456 2323 510 tione
2351 467 2405 511 ct
2436 471 2556 527 qua:
2610 455 2790 510 anima
2821 459 3030 515 carent,
3064 457 3274 505 naturas
3322 446 3524 517 impetu
3581 456 3728 516 atque

499 554 613 606 ιίιπι
654 553 901 617 fuissent,
934 551 1158 620 solaque
1198 565 1307 606 una
1364 564 1648 619 concessa,
1698 550 1844 604 nulla
1885 557 2064 604 tamen

500 648 672 713 ipsum
706 644 1008 715 subegisset
1039 642 1335 698 necessitas
1356 641 1422 697 de
1450 641 1777 712 reliquarqu
1805 656 1910 695 una
1933 655 2068 711 qua-

499 735 642 805 piam
675 747 908 808 gustare,
940 744 1144 804 quanto
1172 735 1355 790 minus
1389 749 1511 789 eum
1541 749 1730 789 omnes
1752 744 1947 805 praeter
1975 749 2068 789 so-

501 828 793 882 lamunam
839 828 1115 896 permissa:
1176 835 1375 891 essent,
1431 816 1741 896 ulla‘ipsum
1799 825 2067 895 compulit

501 920 582 975 vis
608 933 916 974 eantunam
955 918 1201 973 arborem
1232 919 1452 973 vetitam
1505 918 1795 986 attingere.
1845 917 2066 972 Certum

498 1009 661 1076 igitur
698 1023 760 1062 ex
815 1007 900 1062 bis
931 1009 1130 1072 evadit,
1172 1008 1386 1075 culpam
1438 1006 1491 1061 in
1548 1002 2068 1071 Adamo‘inbierere,

496 1097 701 1151 nonin
761 1097 934 1169 ipsius
980 1098 1231 1153 cll’eetore
1270 1098 1401 1152 Deo.
1454 1096 1559 1152 Sed
1600 1106 1655 1153 et
1686 1098 1819 1153 illud
1855 1099 2072 1168 disqui-

460 1187 731 1243 irendum
806 1197 887 1244 est
927 1204 943 1243 :
993 1187 1169 1243 soliue
1213 1188 1437 1243 'Adamo
1486 1189 1659 1259 legem
1725 1189 2073 1259 imperaverit

495 1281 665 1342 Deus,
685 1293 755 1334 an
780 1293 903 1332 vero
951 1278 1115 1333 etiam
1145 1278 1355 1334 caeteris
1384 1280 1547 1334 rebus
1575 1278 1703 1333 dum
1746 1279 1891 1350 ipsas
1942 1294 2075 1334 con-

502 1368 682 1435 deret,
736 1383 866 1424 suas
914 1370 1111 1439 cuique
1134 1369 1290 1442 leges
1321 1356 1574 1425 dederit?
1609 1369 1848 1425 Dicimus
1870 1356 2075 1434 autem,

500 1460 754 1518 omnibus
835 1460 1000 1517 rebus
1088 1475 1213 1518 esse
1301 1462 1506 1531 positas
1570 1461 1718 1527 leges
1786 1463 2078 1518 aratione

503 1551 768 1621 praditis,
793 1562 848 1608 et
880 1553 1108 1607 rationis
1135 1554 1469 1625 expertibus,
1506 1553 1850 1616 mortalibus,
1889 1561 1941 1609 et
1978 1553 2078 1608 im-

501 1643 861 1709 mortalibus;
901 1644 1175 1709 animatis,
1233 1654 1287 1698 ct
1337 1644 1685 1713 inanimatis;
1741 1660 1862 1715 qme
1912 1659 2075 1700 sensu

504 1734 899 1803 percipiuntur,
955 1745 1008 1789 et
1043 1750 1166 1804 quae
1220 1750 1440 1791 sensum
1505 1741 1721 1791 omnem
1788 1735 2072 1806 effugiunt.

424 1884 428 1887 _
503 1800 672 1889 illam,
694 1824 863 1895 (verbi
900 1800 1118 1897 gratia),
1154 1827 1362 1898 angelis
1403 1828 1636 1898 primam
1687 1828 1856 1901 legem
1900 1800 2076 1885 dabat
2107 1800 2151 1855 Β

502 1931 629 1971 cum
690 1917 839 1988 ipsos
880 1928 1116 1984 crearet,
1174 1920 1435 1975 adversus
1478 1934 1641 1991 quam
1691 1921 2076 1991 praevaricatur

504 2007 696 2074 Satan,
736 2023 861 2063 cum
894 2008 1008 2065 suis
1043 2010 1214 2079 ecpiis
1252 2010 1436 2081 lapsus
1464 2019 1585 2078 est;
1615 2011 1814 2069 deinde
1847 2014 2073 2069 alteram

509 2099 624 2154 illis
655 2114 875 2155 rursum
902 2099 1067 2156 dabat
1093 2102 1286 2171 legem,
1317 2112 1375 2157 ut
1409 2118 1497 2159 res
1525 2113 1718 2159 natura
1759 2115 2078 2174 cerporatas
2125 2138 2127 2141 τ

510 2191 972 2257 administrarent,
1019 2202 1185 2263 atque
1236 2193 1351 2249 haec
1392 2194 1652 2250 inferiora
1697 2206 1751 2252 et
1780 2211 2078 2269 cognosce-

506 2290 632 2335 reut
661 2291 715 2336 et
743 2283 1147 2354 gubernarent;
1196 2286 1308 2354 ipsa
1348 2286 1556 2342 scilicet
1581 2296 1787 2343 natura:
1812 2289 2076 2344 elementa

510 2382 567 2427 ct
592 2388 714 2443 quae
749 2390 815 2429 ex
871 2376 1154 2432 elementis
1189 2380 1491 2447 composita
1552 2388 1681 2435 sunt
1722 2395 1972 2449 corpora,
2020 2391 2080 2437 ut

436 2483 446 2494 ’
511 2468 589 2520 ait
622 2463 955 2524 Pliiloxenus
1003 2484 1252 2524 sermone
1288 2470 1354 2524 de
1392 2475 1587 2525 arbore
1624 2470 1765 2527 vitae.
1822 2472 2081 2529 Similiter

514 2565 570 2610 et
603 2557 742 2612 cwlo
771 2566 824 2613 et
856 2567 1014 2613 terrae
1044 2560 1213 2630 legem
1252 2561 1459 2632 posuit,
1489 2572 1546 2617 ut
1584 2562 1638 2617 in
1670 2574 1850 2618 rerum
1883 2572 2079 2618 natura

514 2649 890 2717 perdurarent,
924 2659 982 2704 ut
1030 2652 1106 2706 ait
1131 2651 1296 2707 David
1333 2670 1348 2708 :
1391 2652 1658 2709 Stabiliuit
1684 2665 1883 2709 terram
1916 2671 2079 2723 supra

514 2740 690 2803 fulcra
720 2757 816 2795 sua
840 2741 907 2795 ”.
941 2741 1155 2800 Rursus
1193 2745 1294 2819 soli
1337 2753 1392 2799 et
1424 2746 1564 2801 luna:
1603 2746 1923 2817 exterisque
1952 2747 2082 2802 stel-

516 2833 589 2888 lis
613 2848 746 2890 suas
783 2834 1116 2903 prmscripsit
1159 2834 1326 2907 leges,
1375 2839 1576 2907 quibus
1623 2846 1804 2894 motus
1834 2829 2078 2908 ipsorum

514 2923 794 2995 aequalitas
849 2927 1076 2997 regitur,
1127 2927 1256 2983 dum
1318 2944 1462 2983 nune
1523 2929 1787 2984 accedunt
1835 2926 2079 3000 propius,

516 3029 665 3069 nunc
694 3018 983 3080 recedunt;
1020 3018 1177 3088 juxta
1205 3018 1335 3073 illud
1369 3018 1611 3090 ejusdem
1650 3018 1869 3077 Davidis
1900 3040 1916 3078 :
1953 3023 2084 3077 Sta-

2168 548 2454 603 emeientia
2482 547 2753 602 ducuntur
2784 553 2842 599 ut
2868 540 3217 613 legibussuis
3242 540 3630 625 obsequantur.
3654 539 3729 593 Ad

2169 641 2319 695 llaec:
2350 640 2619 704 homines,
2650 638 2696 692 si
2735 638 2943 698 volunt,
2968 642 3232 699 servant;
3285 632 3330 686 si
3392 631 3585 685 nolunt
3628 645 3730 682 non

2169 742 2388 788 servant
2420 748 2549 789 suas
2583 734 2728 802 leges
2763 747 2780 784 :
2823 730 3055 797 pendent
3102 727 3248 782 enim
3268 741 3330 781 ex
3365 724 3539 778 libero
3562 723 3733 776 homi-

2172 841 2300 879 num
2323 824 2643 879 arbitrio.At
2664 824 2817 877 aliter
2844 836 2903 878 se
2932 821 3129 874 habent
3153 832 3339 872 earum
3368 830 3548 870 rerum
3579 814 3737 882 leges,

2171 930 2294 980 quae
2340 916 2552 969 ratione
2578 923 2632 968 et
2678 930 2799 985 qua?
2860 927 3022 968 sensu
3071 918 3302 974 vacant;
3357 921 3533 976 neque
3593 903 3732 958 enim

2171 1009 2275 1072 leo,
2317 1012 2370 1063 et
2427 1007 2602 1062 audax
2665 1017 2719 1062 et
2755 1006 2981 1059 timidus
3029 1018 3149 1057 esse
3207 1010 3417 1072 potest;
3467 1012 3637 1065 neque
3668 995 3741 1049 lc-

2174 1114 2297 1168 pus,
2333 1098 2561 1168 pavidus
2592 1105 2646 1151 et
2670 1095 2993 1165 impavidus,
3025 1093 3115 1149 sed
3142 1105 3248 1146 una
3272 1087 3497 1142 audacia
3528 1086 3739 1140 leonum

2172 1203 2277 1254 est,
2314 1206 2480 1261 pavor
2507 1206 2637 1245 vero
2670 1191 2820 1246 solus
2852 1189 3119 1257 leporum.
3160 1183 3344 1251 Neque
3395 1188 3458 1233 ut
3508 1179 3590 1233 leo
3636 1193 3741 1232 non

2174 1286 2243 1341 sit
2276 1285 2484 1350 audax,
2521 1283 2605 1337 vel
2654 1283 2804 1352 lepus
2842 1276 2969 1339 .'non
3015 1277 3175 1349 fugax
3227 1276 3340 1330 fieri
3378 1282 3571 1343 potest.
3599 1271 3743 1324 Con-

2177 1386 2498 1433 sentaneum
2530 1375 2695 1445 igitur
2726 1385 2831 1440 est,
2866 1374 2978 1428 haec
3009 1371 3054 1426 si
3097 1370 3213 1425 suis
3255 1368 3459 1438 legibus
3497 1374 3741 1435 pareant,

2178 1487 2283 1525 non
2334 1471 2455 1525 ideo
2484 1469 2645 1538 digna
2669 1482 2795 1523 esse
2825 1465 3069 1537 prtemio,
3096 1462 3316 1532 quando
3361 1460 3507 1514 nulla
3540 1456 3743 1511 arbitrii

2178 1562 2429 1617 libertate
2462 1560 2689 1630 pollent,
2723 1557 2813 1612 sed
2844 1566 3060 1630 natura;
3081 1552 3313 1609 vinculis
3345 1550 3636 1605 constricta
3672 1556 3749 1601 te-

2179 1664 2374 1709 nentur
2408 1670 2422 1706 :
2459 1667 2561 1707 nos
2592 1666 2721 1706 vero
2768 1636 3200 1713 vel'observare,
3251 1644 3335 1699 vel
3374 1643 3577 1697 violare
3606 1641 3747 1709 leges

2179 1745 2336 1799 nobis
2367 1744 2667 1813 imperatas
2706 1741 2951 1812 quimus,
2991 1738 3274 1794 Postremo
3308 1736 3413 1790 hoc
3440 1735 3604 1788 etiam
3654 1731 3753 1785 ad-

2179 1836 2416 1891 dendum
2457 1834 2563 1889 huc
2614 1833 2890 1896 duximus.
2933 1831 3091 1887 nobis
3141 1830 3366 1897 insuper
3392 1839 3513 1881 esse
3553 1822 3752 1877 inditas

2182 1928 2344 1983 etiam
2374 1927 2544 1997 leges,
2588 1924 2696 1979 illis
2741 1921 2948 1993 legibus
3010 1926 3383 1976 creaturarum
3430 1915 3638 1971 ratione
3696 1918 3752 1964 et

2182 2035 2344 2075 sensu
2427 2016 2729 2073 carentium
2824 2014 3054 2070 similes.
3108 2010 3272 2067 Verbi
3321 2008 3525 2079 gratia;
3580 2003 3753 2061 oculis

2183 2112 2385 2175 nostris
2412 2109 2571 2164 insita
2605 2116 2685 2164 est
2722 2123 2753 2163 a
2784 2105 2893 2160 Deo
2919 2106 2999 2159 lex
3034 2103 3272 2167 videndi,
3299 2100 3549 2165 auribus,
3602 2097 3756 2153 audi-

2183 2204 2352 2271 endi;
2411 2203 2614 2275 palato.
2652 2199 2944 2273 gustandi;
3003 2198 3244 2265 naribus,
3285 2193 3581 2269 odorandi;
3626 2207 3756 2245 ven-

2185 2296 2402 2362 triculo,
2446 2291 2863 2363 concoquendi;
2903 2302 3066 2362 atque
3100 2291 3173 2344 ita
3226 2289 3441 2345 ereteris
3493 2285 3756 2342 membris

2185 2402 2311 2442 suas
2345 2386 2540 2441 indidit
2568 2400 2747 2440 rerum
2773 2384 2961 2454 Opilex
3004 2381 3346 2438 el'ﬁcacitates
3376 2395 3475 2452 pro
3505 2378 3753 2450 legibus:

2187 2480 2326 2547 Quia
2358 2495 2461 2551 quo
2492 2477 2579 2532 die
2598 2478 2835 2532 comedet
2890 2476 2953 2530 de
2980 2492 3063 2537 ca.
3112 2485 3277 2529 morte
3316 2471 3579 2537 morieris.
3634 2468 3758 2524 Hec

2172 2574 2364 2628 oratio
2403 2572 2584 2627 minas
2638 2578 3017 2638 terroremque
3073 2566 3341 2630 continet,
3368 2574 3429 2620 ut
3475 2580 3582 2633 qua
3618 2563 3759 2617 Deus

2186 2665 2417 2729 Adamo,
2459 2664 2505 2719 si
2558 2660 3004 2732 praevaricaretur
3025 2668 3079 2714 et
3108 2658 3174 2712 de
3206 2658 3397 2739 arbore
3431 2656 3522 2710 illa
3553 2656 3758 2720 ederet,

2185 2755 2531 2811 obnuntiavit
2566 2752 2891 2823 periculum.
2925 2749 3026 2806 Sed
3048 2748 3329 2820 quaeritur,
3368 2761 3475 2816 qua
3497 2746 3566 2825 de
3592 2760 3758 2801 causa

2188 2846 2263 2902 illi
2302 2850 2374 2900 sit
2404 2844 2783 2900 intermiuans.
2808 2841 3001 2897 Facilis
3032 2849 3115 2896 est
3150 2839 3457 2909 responsio.
3477 2848 3540 2893 ut
3567 2854 3596 2892 a
3632 2837 3752 2894 vio-

2153 2969 2156 2973 ~
2190 2935 2805 3007 laudalege,illiusmodi
2838 2934 3025 2995 minis,
3050 2939 3104 2987 et
3126 2946 3299 3000 paena:
3328 2929 3575 3000 periculo
3604 2928 3760 2984 cohi-

2190 3031 2431 3093 beretur,
2465 3042 2629 3098 quam
2669 3025 2774 3081 sibi
2798 3024 3137 3094 delinquenti
3192 3033 3390 3094 praesto
3447 3021 3757 3077 adfuturam

484 3109 617 3163 ι⁸⁸ί⁸
656 3109 822 3178 δρηυη
866 3111 921 3163 δη
940 3111 1194 3165 Mettium
1223 3112 1425 3177 ta'culi,
1455 3113 1617 3186 legem
1666 3116 1833 3182 dedit,
1877 3124 1927 3170 et
1981 3131 2081 3170 non
2112 3151 2155 3210 ο
2191 3121 2486 3191 pi-zescirct.
2519 3119 2691 3189 Leges
2713 3119 2855 3172 enim
2889 3133 2984 3187 per
3013 3126 3121 3171 tres
3163 3130 3359 3170 causas
3405 3113 3517 3168 fere
3565 3114 3760 3169 obser-

514 3202 808 3269 pra'teribit
834 3202 897 3256 ".
941 3200 1187 3280 Denique
1220 3214 1273 3259 et
1308 3220 1458 3261 mare
1500 3221 1656 3262 suam
1684 3224 1713 3262 a
1756 3206 1869 3271 Deo
1914 3207 2080 3277 legem

517 3294 923 3363 accepit,ipsam
936 3309 1162 3351 arenam
1185 3316 1201 3365 ;
1222 3298 1286 3351 ad
1307 3314 1469 3367 quam
1482 3300 1609 3354 dum
1633 3301 1906 3356 inundans
1926 3310 2089 3370 atque

520 3400 847 3452 procurrens
867 3388 1145 3459 pertingit,
1182 3391 1394 3446 sistitur
1423 3406 1600 3462 neque
1630 3392 1801 3463 ipsam
1832 3397 2086 3463 praeterit.

519 3477 663 3543 Quin
699 3478 990 3546 etberbis,
1027 3483 1351 3549 seminibus,
1383 3484 1671 3539 arboribus
1719 3484 1802 3538 lex
1832 3484 1957 3539 data
1985 3493 2089 3547 est,

522 3576 582 3620 ut
632 3566 917 3636 pullulent,
966 3580 1390 3642 augescantque.
1447 3572 1738 3630 Postremo
1791 3576 2089 3630 animantia

521 3661 704 3715 omnia
733 3676 857 3728 qua:
896 3665 1106 3719 ratiune
1145 3674 1348 3732 carent,
1381 3666 1619 3736 generali
1646 3668 1749 3723 bac
1775 3666 1891 3738 lege
1917 3667 2090 3722 infor-

523 3753 713 3816 mavit,
745 3763 804 3808 ut
837 3770 926 3810 res
954 3770 1117 3812 sensu
1178 3760 1281 3814 suo
1331 3758 1607 3829 percipere
1649 3768 1705 3815 et
1760 3768 1910 3815 motu
1971 3776 2092 3818 sese

524 3844 731 3915 agitare
764 3856 987 3916 queant.
1055 3847 1327 3903 Caeterum
1386 3849 1636 3905 leonibus
1690 3852 2091 3922 particulariter

522 3932 803 3996 audaciam
828 3953 927 4008 pro
960 3939 1078 4010 lege
1129 3940 1307 4004 dedit;
1369 3943 1667 4011 leporibus,
1709 3944 2089 4013 timiditatem;

519 4028 829 4098 pantheris.
856 4031 1116 4102 unguenti
1150 4047 1430 4093 amorem:
1465 4035 1737 4105 vulpibus,
1772 4036 2091 4093 fraudulen-

521 4122 652 4176 tiam
683 4130 844 4194 atque
872 4125 1173 4199 astutiam;
1211 4126 1387 4195 agnis,
1428 4144 1616 4198 puram
1648 4129 2047 4201 simplicitatem
2074 4151 2088 4199 ;

524 4215 743 4284 aquilis.
805 4230 1003 4271 saevam
1057 4212 1443 4288 rapacitatem;
1490 4220 1780 4287 columbis,
1832 4222 2093 4277 innocen-

524 4307 695 4373 tiam;
756 4316 916 4377 atque
971 4309 1041 4363 ita
1094 4311 1162 4365 de
1187 4313 1398 4366 caeteris
1427 4313 1636 4385 legibus
1669 4316 2092 4384 particularibus

522 4416 696 4471 quam
733 4399 843 4455 Deo
901 4400 1223 4467 bestiarum,
1265 4405 1470 4470 avium,
1525 4407 1802 4475 reptilium
1856 4407 2091 4479 denique

2192 3221 2421 3266 rantur:
2458 3220 2549 3264 aut
2572 3224 2667 3278 per
2690 3223 2929 3263 amorem
2950 3221 3059 3277 quo
3081 3206 3443 3276 legislaturem
3476 3205 3763 3276 prosequi-

2192 3319 2335 3371 mur,
2372 3309 2467 3357 aut
2516 3317 2609 3371 per
2643 3300 2848 3371 pra‘mii
2884 3314 3033 3369 spem
3062 3299 3205 3367 quod
3240 3296 3557 3367 parentibus
3599 3296 3760 3351 nobis

2191 3395 2529 3466 prapositum
2564 3402 2667 3457 est,
2695 3401 2791 3448 aut
2821 3391 3054 3461 denique
3081 3405 3175 3460 per
3199 3399 3402 3444 metum
3429 3372 3603 3459 ptent:
3639 3403 3761 3457 quae

2195 3486 2546 3556 pet-cautibus
2576 3494 2659 3565 est
2690 3484 3011 3555 praestituta.
3058 3480 3171 3536 Huc
3204 3482 3367 3552 igitur
3413 3489 3623 3550 spectat
3676 3480 3766 3535 illa

2191 3578 2547 3634 comminatio
2595 3593 2700 3648 qua
2738 3591 2867 3631 usus
2899 3570 3037 3631 Deus
3070 3575 3146 3629 ait
3183 3592 3198 3630 :
3232 3572 3348 3640 Quo
3398 3574 3483 3627 die
3524 3573 3765 3628 comedet

2191 3672 2255 3726 de
2276 3686 2359 3737 ea,
2391 3681 2560 3725 morte
2584 3670 2863 3731 morieris;
2898 3676 2957 3722 ut
3008 3665 3053 3721 si
3081 3666 3171 3722 illo
3221 3664 3496 3737 prioribus
3550 3665 3767 3721 duabus

2194 3762 2376 3818 causis
2420 3761 2563 3817 baud
2601 3760 2953 3815 induceretur
2996 3756 3063 3813 ad
3098 3757 3422 3827 parendum,
3483 3765 3765 3827 postrema

2196 3857 2386 3909 saltem
2419 3854 2533 3908 btec
2565 3852 2584 3919 (
2614 3848 2862 3921 supplicii
2888 3858 3032 3903 metu
3078 3847 3221 3920 dico)
3250 3849 3303 3902 in
3351 3846 3531 3903 ofﬁcio
3587 3849 3765 3918 ipsum

2178 3946 2519 4009 contineret.
2558 3941 2692 3997 Nam
2740 3951 2793 3997 et
2844 3939 2975 3995 illud
3024 3955 3243 4010 quoque
3293 3937 3667 4008 intelligimus,
3705 3948 3763 3993 ut

2199 4052 2412 4107 poenam
2440 4035 2677 4089 minatus
2707 4042 2789 4090 est
2819 4034 3057 4102 peccanti
3092 4032 3259 4097 Deus,
3296 4032 3370 4085 ita
3400 4038 3454 4085 et
3480 4031 3764 4101 praemium

2196 4144 2314 4182 esse
2349 4126 2649 4197 pollicitum
2684 4124 3028 4194 obsequenti,
3057 4124 3305 4194 quamvis
3339 4122 3443 4177 hoc
3472 4138 3651 4193 neque
3681 4124 3767 4177 di-

2202 4221 2343 4275 xerit
2392 4234 2568 4288 neque
2603 4216 2882 4289 scripserit
2918 4217 3075 4271 divus
3108 4214 3309 4290 Moses,
3355 4214 3449 4269 sed
3480 4224 3768 4269 contentus

2198 4327 2370 4383 poena:
2396 4311 2732 4371 meminisse.
2761 4310 2829 4365 de
2862 4307 3088 4380 praemio
3134 4306 3385 4362 tacuerit.
3434 4302 3769 4362 Promiserat

2198 4407 2367 4470 enim,
2416 4406 2461 4459 si
2500 4404 2686 4474 positae
2735 4403 2838 4473 legi
2884 4409 3116 4472 pareret,
3163 4400 3556 4471 permissurum
3607 4414 3666 4454 se
3694 4398 3765 4454 illi

522 4493 732 4547 naturis
786 4501 912 4547 sunt
967 4493 1255 4562 impositis,
1303 4494 1445 4549 sicut
1502 4497 1707 4566 prolixe
1755 4498 1985 4554 antehac
2035 4500 2087 4553 in
2128 4497 2168 4551 D
2198 4506 2255 4553 ut
2280 4500 2347 4553 de
2370 4496 2566 4551 arbore
2621 4496 2745 4551 vita:
2787 4495 2991 4560 ederet,
3042 4501 3206 4562 atque
3259 4492 3334 4547 ita
3363 4491 3528 4545 vitam
3568 4492 3769 4545 viveret

520 4599 589 4639 eo
629 4583 768 4638 libro
817 4600 976 4653 quem
1008 4583 1075 4638 de
1112 4601 1205 4640 sex
1250 4585 1444 4640 diebus
1474 4585 1720 4653 fecimus,
1756 4604 1784 4642 a
1826 4589 1980 4645 nobis
2006 4599 2089 4644 est

522 4685 819 4730 ostensum.
859 4675 1099 4745 Denique
1130 4677 1451 4747 interrogari
1485 4680 1642 4744 solet,
1676 4681 1873 4749 quibus
1924 4682 1976 4734 in
2009 4697 2094 4736 rc-

522 4767 624 4821 bns
662 4766 909 4820 dill‘erant
939 4782 1015 4820 eae
1048 4767 1193 4837 leges
1225 4784 1361 4837 quas
1393 4768 1536 4824 Deus
1560 4771 1815 4839 imposuit
1847 4772 2095 4826 animan-

520 4862 669 4916 tibus
696 4858 917 4914 rati0nis
948 4859 1281 4928 expertibus,
1316 4861 1583 4928 rebusque
1618 4861 1736 4916 aliis
1768 4866 2094 4932 corporalis,

521 4968 642 5019 quae
673 4962 727 5005 et
757 4950 934 5004 animo
964 4959 1019 5005 et
1048 4966 1211 5007 sensu
1241 4961 1452 5015 carent,
1495 4954 1563 5007 ab
1595 4954 1699 5009 illis
1722 4955 1930 5023 legibus
1955 4972 2091 5025 quas

527 5043 834 5097 horninibus
893 5044 1221 5111 pra-scripsit
1282 5054 1336 5098 et
1377 5044 1499 5099 aliis
1556 5048 1835 5101 creaturis
1885 5050 2091 5102 ratione

526 5136 788 5203 pra-ditis.
834 5136 914 5190 Ad
944 5138 1046 5191 boc
1076 5137 1490 5206 respondemus,
1522 5137 1770 5207 plurimis
1808 5154 1901 5192 eas
1953 5138 2091 5193 inter

522 5242 579 5280 se
607 5228 777 5279 modis
806 5228 1043 5287 dilTerre.
1088 5227 1219 5282 Nam
1256 5230 1427 5298 legum
1463 5245 1580 5299 qua:
1622 5230 1933 5284 bo.niuibus
1976 5230 2095 5285 lata:

526 5327 675 5377 sunt.
715 5320 766 5373 iu
796 5319 908 5389 ipsa
932 5322 1210 5376 voluntate
1226 5323 1395 5391 posita
1431 5330 1513 5376 est
1530 5321 1866 5385 observatio;
1905 5338 2089 5377 earum

530 5428 654 5468 vero
676 5414 853 5483 legunt
887 5415 1127 5468 custodia
1187 5430 1306 5483 qua:
1373 5430 1471 5468 nec
1533 5413 1714 5468 anima
1768 5429 1866 5468 nec
1927 5430 2089 5469 sensu

531 5505 765 5572 przeditis
844 5504 1008 5559 rebus
1089 5505 1352 5574 impositze
1412 5515 1559 5570 sunt,
1622 5506 1673 5558 in
1732 5505 1847 5574 ipsa
1904 5521 2088 5560 earum

474 5594 479 5597 ⁷
531 5604 723 5647 natura
756 5604 833 5647 est
871 5596 993 5648 sita.
1041 5593 1178 5647 Tum
1216 5593 1463 5649 homines
1507 5596 1750 5649 doctrina
1791 5594 2095 5648 formantur

528 5688 594 5743 ad
637 5688 967 5756 prrcstandas
1002 5689 1146 5758 leges
1172 5702 1308 5758 quas
1354 5688 1590 5749 debent;
1628 5696 1681 5741 at
1722 5702 1782 5742 ea
1841 5702 1958 5759 quae
2008 5702 2093 5742 ra-

597 5785 643 5816 ”
684 5784 827 5840 l‘sul.
854 5801 963 5846 Clll.
997 5786 1046 5839 5.
1125 5784 1164 5816 "
1196 5784 1335 5841 l‘sal.
1361 5801 1579 5849 (κω-ιιι,
1604 5784 1655 5839 li.
1744 5833 1754 5837 μ

2196 4589 2604 4659 sempiternam,
2644 4586 3077 4655 immortallsquc
3128 4584 3399 4647 evaderet,
3433 4574 3597 4652 idque
3641 4580 3767 4636 binc

2197 4691 2433 4747 constat,
2474 4679 2619 4751 quod
2652 4667 2741 4734 ubi
2775 4678 2976 4733 edisset
3009 4676 3246 4731 Adamus
3270 4674 3338 4729 de
3375 4675 3570 4729 arbore
3597 4674 3768 4729 scien—

2199 4774 2305 4843 tiae,
2337 4773 2531 4827 dixerit
2567 4770 2745 4826 Deus:
2783 4766 2864 4822 Ne
2895 4768 3031 4835 forte
3066 4766 3313 4820 extendat
3349 4780 3566 4817 manum
3587 4780 3764 4823 suam,

2201 4878 2247 4921 et
2283 4875 2454 4919 sumat
2491 4865 2554 4917 de
2583 4863 2769 4916 arbore
2814 4862 2953 4925 vim,
2994 4858 3213 4930 edalque
3243 4874 3305 4911 ac
3332 4858 3469 4911 vivat
3497 4856 3553 4909 in
3581 4872 3770 4927 perpa-

2202 4968 2291 5011 tuo
2327 4974 2341 5011 :
2370 4966 2653 5026 pra-terea,
2678 4953 2818 5022 quod
2849 4964 3019 5005 morte
3045 4960 3103 5005 ut
3147 4964 3320 5019 poenae
3348 4948 3597 5019 opposita
3627 4947 3673 5003 si
3704 4964 3766 5002 ex

2201 5050 2429 5103 adverso
2481 5048 2587 5099 vita
2643 5057 2842 5097 :t'tcrna
2898 5044 3052 5113 quasi
3121 5042 3425 5111 praemium,
3460 5048 3516 5095 et
3554 5041 3769 5094 mortali

2200 5140 2494 5195 conditioni
2530 5154 2689 5205 quam
2716 5138 3021 5191 minabatur
3054 5135 3192 5189 Deus
3226 5134 3579 5197 immortalis,
3607 5148 3768 5204 quan

2205 5232 2573 5303 promittebat.
2598 5232 2785 5293 Porm,
2822 5229 2911 5282 ubi
2943 5229 3007 5281 de
3040 5228 3152 5297 lege
3175 5242 3336 5295 quam
3369 5225 3577 5280 Adamo
3606 5226 3771 5294 impe-

2202 5333 2417 5379 raverat
2450 5323 2589 5377 Dcus
2646 5304 2860 5377 locutus
2904 5328 2989 5374 est
3045 5318 3243 5381 Moses,
3302 5318 3650 5388 progreditur
3706 5319 3770 5370 ad

2204 5413 2491 5467 dicendum
2555 5414 2619 5466 de
2650 5411 2968 5465 concinnata
3029 5407 3367 5479 formataque
3422 5406 3555 5469 Eva,
3599 5408 3771 5478 deque

2204 5504 2498 5559 bestiarum
2533 5514 2585 5558 et
2609 5504 2873 5573 pecudum
2909 5502 3301 5570 procreatioue,
3356 5510 3409 5555 et
3438 5500 3506 5554 de
3530 5499 3767 5575 nomini-

2212 5599 2313 5653 bus
2348 5597 2548 5667 quibus
2580 5597 2679 5651 bas
2729 5588 3015 5663 appellavit
3041 5596 3232 5657 Adam,
3280 5593 3528 5661 inquiens
3556 5612 3568 5647 :
3599 5591 3666 5644 Et
3697 5590 3768 5645 ait

2203 5686 2456 5741 Dominus
2490 5684 2626 5740 Dens
2648 5705 2660 5741 :
2685 5683 2805 5738 Non
2835 5694 2909 5739 est
2939 5687 3126 5744 bonum
3158 5684 3417 5740 Adammn
3448 5700 3557 5740 esse
3580 5683 3769 5749 solum,
