4176 6446
609 330 715 392 539
1860 330 2087 390 MOSIS
2133 330 2191 387 ii.

2327 326 2578 388 CEPHA
3742 320 3849 385 5&0

612 460 741 500 vero
783 458 1011 513 corpora
1062 460 1173 499 non
1221 446 1491 506 manibus,
1551 443 1645 499 sed
1697 444 1814 499 solo
1876 449 2032 512 jussu
2088 444 2178 499 Dei
2208 448 2395 505 Anon
2452 445 2641 498 Adami
2676 453 2855 498 autem
2907 443 3116 515 lingua,
3154 443 3575 513 nominibusque
3607 441 3675 497 ab
3732 444 3852 511 ipso

611 540 951 591 coaluerunt.
1005 536 1073 591 Et
1119 539 1272 593 duxit
1330 555 1391 591 ea
1438 538 1507 590 nd
1544 538 1827 591 Atlantem.
1884 536 2037 591 Unde
2087 535 2187 590 ad-

612 634 771 685 duxit
802 629 968 693 feras,
1010 630 1274 701 jutnenta,
1310 646 1458 693 aves,
1492 631 1556 684 ad
1589 630 1892 683 Adamum?
1928 631 2180 682 nimirum

612 742 640 773 te
678 722 978 786 montibus,
1058 722 1463 785 solitudinibus,
1517 721 1743 793 aliisque
1796 721 1927 775 locis
1986 723 2185 790 passim

612 816 866 880 collecta,
920 816 1038 870 solo
1069 823 1205 868 nutu
1241 832 1341 870 suo
1374 816 1437 869 ad
1472 815 1737 868 Adamum
1791 823 1920 884 egit,
1949 816 2083 868 sicut
2118 814 2185 866 ad

612 902 725 961 Noe
781 922 997 978 quoque
1035 908 1225 962 diluvii
1294 918 1557 975 tempore.
1625 905 1758 960 Nam
1826 914 1885 959 ut
1938 906 2045 971 hic,
2115 907 2186 960 ita

615 998 832 1052 volente
861 998 988 1061 Deo,
1034 998 1169 1053 nihil
1213 999 1311 1053 sibi
1355 999 1422 1052 ab
1467 999 1679 1053 illorum
1720 998 1938 1053 feritate
1984 1009 2187 1052 metue-

622 1088 732 1155 lzat,
783 1088 856 1142 ita
900 1103 1081 1161 neque
1125 1093 1385 1153 Adatnus,
1434 1105 1499 1144 eo
1536 1091 1679 1160 quod
1726 1092 1905 1146 adhuc
1956 1106 2059 1144 non
2094 1090 2188 1145 de-

616 1176 869 1247 liquisset
926 1186 1183 1235 adversus
1218 1180 1311 1236 Dei
1358 1182 1671 1236 mandatum
1701 1199 1716 1235 :
1744 1182 1855 1236 imo
1913 1186 2039 1234 vero
2068 1181 2185 1250 ipsa

617 1271 885 1325 Adamutn
916 1272 1319 1335 reverebantur,
1364 1275 1737 1343 pavebantque
1768 1290 1830 1328 ac
1889 1276 2189 1327 tremebant

623 1362 689 1414 ad
720 1356 891 1430 ipsius
925 1374 1298 1432 conspectum.
1357 1364 1456 1417 Sed
1502 1375 1554 1417 et
1605 1367 1707 1419 hnc
1751 1365 2187 1419 animadverten-

619 1451 751 1503 dum
792 1461 898 1513 est,
930 1450 1016 1504 hic
1050 1469 1274 1521 prorsus
1320 1462 1481 1523 atque
1527 1455 1748 1509 omnino
1793 1456 2040 1509 eﬂ'ertttm
2069 1455 2185 1508 dari

618 1538 764 1607 quod
797 1550 924 1594 ante
964 1543 1175 1597 dixerat
1216 1544 1357 1598 Dens
1386 1545 1451 1598 ad
1482 1546 1727 1599 homines
1768 1563 1784 1600 :
1824 1546 2187 1599 Dominamini

560 1686 563 1689 _
615 1631 844 1695 piscibus
901 1636 1063 1688 muris
1110 1645 1160 1689 et
1227 1638 1520 1690 volucribus
1576 1638 1712 1702 caeli,
1768 1636 2014 1707 omnique
2065 1640 2187 1691 ani-

618 1723 785 1785 manti
815 1733 987 1777 terra.
1038 1724 1103 1778 Et
1136 1741 1329 1780 rursus
1364 1742 1380 1779 :
1431 1726 1786 1780 Dominamini
1811 1729 2041 1796 piscibus
2070 1744 2185 1779 ma-

619 1813 719 1897 ris,
751 1824 859 1868 etc.
897 1814 1051 1879 Quod
1074 1826 1250 1871 autem
1272 1818 1359 1871 illa
1387 1818 1450 1872 ad
1481 1819 1773 1885 Adamum,
1811 1836 1917 1873 non
1944 1819 2185 1874 Adamus
2218 1796 2259 1851 Β

618 1906 683 1957 ad
732 1905 821 1958 illa
849 1905 1515 1977 ducitur,amplilicand:e
1547 1911 1825 1982 dignitatis
1869 1926 2032 1965 causa
2088 1911 2187 1978 lit;

618 1999 775 2065 quasi
823 2014 913 2054 res
954 2015 1214 2069 possessa:
1261 2002 1652 2057 transferantur
1687 2005 1754 2058 ad
1795 2018 2186 2072 possessorem,

620 2099 715 2143 aut
764 2095 1031 2161 mancipia
1090 2097 1358 2148 ducantur
1390 2095 1457 2149 ad
1502 2096 1790 2149 Dominum
1835 2114 1848 2149 :
1890 2083 2191 2150 ostenditur

618 2184 788 2247 enim,
812 2181 898 2235 illa
939 2185 1255 2253 obsequium
1289 2186 1485 2240 debere
1516 2188 1746 2250 Adatno,
1779 2188 2005 2257 ejusque
2026 2204 2189 2243 causa

616 2288 742 2327 esse
789 2276 1029 2331 condita.
1070 2275 1137 2330 Ut
1169 2278 1362 2333 rideret
1394 2280 1580 2349 quibus
1626 2278 1722 2333 illa
1759 2281 2047 2349 appellaret
2092 2297 2188 2333 no-

620 2365 872 2421 minibus.
907 2364 1023 2420 Non
1052 2367 1168 2423 hinc
1201 2384 1267 2423 eo
1296 2370 1571 2434 dicuntur,
1602 2371 1758 2440 quasi
1800 2373 1935 2426 Dens
1972 2372 2189 2425 illorum

621 2461 838 2513 nomina
866 2474 930 2514 ex
972 2460 1180 2516 Adam'o
1211 2461 1425 2515 discere
1473 2477 1610 2531 opus
1645 2461 1912 2526 habuerit,
1946 2463 2039 2517 sed
2073 2463 2193 2515 vul-

628 2549 743 2617 gari
793 2551 1072 2604 hominum
1106 2565 1254 2606 more
1294 2534 1535 2620 loquitur
1587 2551 1789 2614 Moses;
1823 2554 2022 2621 quippe
2052 2553 2195 2607 sole-

629 2657 750 2696 mus
782 2657 903 2710 qua:
938 2643 1138 2710 alioqui
1174 2643 1329 2703 nobis
1366 2643 1527 2697 etiam
1573 2645 2010 2712 perspectissnna
2039 2654 2190 2709 sunt,

616 2744 686 2785 ea
725 2740 905 2784 tamen
951 2746 1251 2800 proponere
1305 2732 1425 2786 aliis
1468 2740 1526 2784 ut
1585 2734 1823 2801 ipsorum
1866 2732 2191 2785 sententiam

628 2835 846 2890 quoque
887 2821 954 2876 de
986 2822 1091 2876 illis
1138 2822 1420 2877 audiamus
1468 2840 1481 2875 :
1542 2821 1682 2876 Deus
1731 2823 1875 2876 enim
1931 2823 1999 2876 ab
2047 2816 2193 2875 omni

621 2909 924 2962 aeternitate
973 2920 1167 2963 cuncta
1210 2913 1360 2965 novit
1425 2913 1735 2980 priusquam
1784 2912 2070 2965 etsistant.
2125 2911 2214 2971 Et

617 2998 981 3067 quodcumque
1007 3000 1343 3066 appellaverit
1381 3000 1614 3053 Adamn:
1662 3001 1893 3053 animum
1922 3004 2192 3068 i'iventem,

618 3092 675 3143 id
716 3093 815 3144 erit
851 3094 949 3157 ipsi
983 3109 1190 3147 nomen.
1220 3094 1353 3146 Cum
1388 3093 1541 3156 dicit,
1587 3096 1947 3161 appellaverit,
2007 3105 2191 3149 osten-

623 3184 699 3236 dit
734 3183 953 3237 nomiaa
983 3184 1088 3238 illis
1110 3199 1229 3239 esse
1268 3185 1335 3238 ab
1383 3184 1589 3238 Adamn
1618 3185 1804 3238 indita.
1847 3186 1980 3237 (lum
2032 3200 2192 3253 porro

610 3278 772 3331 addit
818 3279 1064 3330 Animam
1094 3278 1366 3341 viventem,
1415 3278 1591 3347 arguit
1632 3293 1692 3331 ea
1726 3277 1883 3330 modo
1911 3277 1963 3329 id
1992 3286 2195 3345 tempo-

627 3372 701 3423 ris
732 3371 798 3423 ad
846 3369 1115 3423 Adatncm
1147 3370 1407 3438 producta
1432 3385 1578 3434 esse,
1608 3386 1731 3439 qua:
1765 3370 1983 3422 animali
2011 3370 2192 3422 anima

626 3467 707 3527 (ut
747 3462 825 3514 sic
868 3462 1068 3530 dicant)
1106 3460 1257 3514 fuere
1282 3462 1523 3530 praedita.
1574 3462 1814 3530 Denique
1855 3477 1979 3516 eum
2011 3462 2142 3516 dicit
2177 3475 2193 3515 :

623 3552 690 3607 Id
716 3553 816 3607 erit
841 3554 940 3621 ipsi
970 3568 1174 3614 nomen,
1205 3552 1562 3619 demonstrat,
1595 3567 1658 3607 ea
1705 3555 2040 3622 singulorum
2072 3569 2193 3609 esse

626 3644 846 3699 nomina
886 3658 1007 3713 quae
1035 3645 1165 3714 ipsis
1192 3645 1400 3700 suntab
1428 3645 1639 3698 Adanto
1670 3645 1865 3713 pesita.
1896 3643 2195 3699 Conﬁcitur

628 3740 831 3807 itaque,
862 3738 1060 3807 pisces,
1102 3737 1335 3810 reptilia,
1377 3737 1619 3802 arbores,
1667 3738 1897 3800 sumina,
1942 3737 2192 3807 virgulta,

624 3830 842 3885 herbas.
880 3840 1178 3899 casteraque
1225 3846 1287 3884 ex
1332 3840 1483 3883 terra
1517 3829 1816 3891 nascentia,
1847 3839 1900 3881 et
1935 3843 2020 3882 res
2055 3842 2193 3895 pne-

621 3928 775 3975 terea
812 3921 946 3975 alias
992 3922 1292 3984 inanimas,
1328 3937 1433 3975 non
1461 3922 1559 3974 hoc
1589 3920 1708 3973 loco
1739 3936 1913 3988 neque
1948 3920 2047 3972 hac
2079 3921 2194 3974 vice

621 4016 842 4070 nomina
871 4030 966 4068 sua
988 4014 1054 4068 ab
1090 4014 1295 4069 Adnue
1324 4014 1618 4083 accepisse,
1649 4014 1741 4067 sed
1777 4014 1881 4067 alio
1914 4022 2034 4083 post
2057 4022 2187 4067 tem~

626 4119 776 4173 pore,
808 4120 980 4174 neque
1002 4105 1144 4158 enim
1175 4106 1263 4159 illa
1285 4106 1465 4159 omnia
1502 4115 1724 4175 potuere
1750 4122 1852 4158 una
1886 4120 2005 4157 cum
2038 4105 2192 4170 fetis,

619 4200 904 4268 juntentis,
951 4200 1265 4253 volucribus
1300 4200 1363 4253 ad
1418 4199 1682 4254 Adamum
1732 4199 1965 4260 adduci,
2029 4206 2193 4265 atque

626 4293 738 4344 lucc
793 4292 963 4358 prima
994 4302 1074 4345 est
1102 4293 1165 4344 de
1204 4291 1309 4377 illis
1349 4291 1526 4345 verbis
1566 4292 1849 4345 doctorum
1899 4274 2193 4346 sententia.

616 4382 887 4437 Cancrum
924 4382 1009 4434 alii
1044 4383 1121 4436 sic
1151 4384 1483 4448 existimant,
1530 4384 1669 4436 dicta
1729 4381 1817 4434 illa
1872 4382 2040 4435 Mosis
2085 4397 2190 4435 non

2290 535 2432 588 datis
2465 534 2541 587 uti
2579 552 2592 587 :
2628 536 2770 589 unde
2794 535 3099 597 coniicitur,
3134 534 3221 588 illa
3262 531 3428 587 Hosis
3474 533 3636 587 verba
3667 535 3854 586 aditu-

2288 627 2497 695 perium
2531 626 2677 694 quod
2709 626 2837 680 Adze
2887 626 3111 694 ejusque
3137 624 3437 694 posteritati
3474 623 3527 675 in
3569 622 3732 684 feras,
3764 621 3853 691 ju-

2289 724 2491 777 menta,
2525 714 2777 768 volucres
2810 729 2837 766 a
2869 714 2974 767 Deo
2999 727 3315 767 concessum
3348 710 3543 784 fuerat,
3572 719 3850 776 spectare;

2290 816 2347 859 ιιι
2381 821 2479 875 pro
2508 806 2623 869 illo,
2655 807 2853 875 quibus
2883 805 3187 858 collibitum
3219 809 3364 857 esset
3424 800 3757 862 nominibus,
3790 814 3853 852 ea

2286 898 2553 967 appellare
2584 907 2786 967 posset.
2821 896 2916 952 Est
2947 906 3001 950 et
3028 895 3183 949 tertia
3219 894 3485 949 sententia
3526 891 3851 960 eorum.qui

2287 990 2447 1042 Verba
2483 989 2571 1041 illa
2620 988 2863 1044 referunt
2907 988 2973 1042 ad
3013 987 3186 1056 ipsam
3240 986 3503 1039 rationem
3562 968 3667 1052 qua
3708 980 3855 1036 Deus

2289 1083 2581 1134 humanum
2613 1095 2783 1150 genus
2812 1080 3067 1142 ornavit;
3102 1092 3164 1133 ea
3209 1079 3351 1133 enim
3385 1078 3513 1130 dum
3549 1077 3708 1128 homo
3744 1073 3855 1129 uti-

2286 1183 2373 1226 tur
2426 1172 2708 1241 appositis,
2744 1180 2799 1227 et
2844 1170 3007 1235 feras,
3034 1180 3089 1225 et
3120 1170 3364 1224 volucres
3392 1177 3723 1233 exterasque
3764 1180 3854 1219 res

2285 1276 2523 1327 creatas,
2577 1262 2890 1317 nominibus
2929 1262 3199 1331 appellare
3246 1268 3420 1329 potest
3451 1278 3463 1311 :
3501 1257 3568 1311 Et
3600 1258 3853 1326 imposuit

2285 1356 2455 1409 Adam
2481 1358 2690 1408 nomina
2720 1356 2862 1409 omni
2888 1354 3129 1419 animali,
3153 1363 3200 1408 et
3235 1354 3375 1406 omni
3406 1351 3605 1405 uolucri
3648 1350 3857 1412 ccli,“

2286 1450 2428 1501 omni
2465 1448 2642 1501 bestiw
2670 1450 2804 1515 agri.
2860 1446 3090 1512 Quidam
3132 1456 3319 1516 putattt
3375 1444 3663 1507 Atlamnm,
3721 1456 3859 1496 voce

2285 1554 2406 1608 quae
2436 1554 2597 1593 sensu
2642 1538 2844 1607 percipi
2898 1537 3185 1606 audirique
3245 1544 3426 1604 posset
3466 1535 3809 1605 pronuntiata
3839 1572 3858 1597 ,

2285 1631 2512 1699 singulis
2528 1631 2884 1684 animantium
2912 1628 3193 1699 speciebus
3227 1629 3617 1705 volucrumque
3636 1627 3855 1680 nomina

2291 1723 2576 1785 indidisse,
2612 1738 2733 1776 cum
2764 1722 2996 1776 editiore
3028 1720 3280 1775 collicqu
3300 1728 3453 1774 terrae
3478 1734 3573 1789 pro
3602 1719 3860 1789 paradiso

2292 1815 2613 1869 insidentem
2647 1821 2983 1884 angustaque
2999 1814 3255 1868 amictum
3284 1813 3563 1882 majestate
3592 1822 3645 1865 et
3676 1811 3864 1879 splen-

2290 1908 2422 1961 dore
2446 1900 2603 1977 quem
2640 1906 2825 1959 habitu
2854 1921 2963 1975 pra.-
2990 1921 3048 1960 se
3076 1903 3303 1969 ferebat,
3322 1904 3520 1959 etsolis
3543 1904 3726 1957 radios
3757 1917 3855 1955 sue

2292 2007 2571 2065 perantem
2617 2013 2633 2061 ;
2686 1996 2773 2048 illa
2810 1995 3103 2050 submissis
3140 1993 3409 2061 capitibus
3457 2006 3647 2060 prona,
3686 2004 3863 2059 neque

2292 2104 2400 2158 prae
2432 2086 2600 2140 nimio
2622 2086 2815 2140 decore
2843 2098 2952 2153 quo
2975 2084 3066 2139 ille
3096 2081 3432 2153 Splendebat,
3459 2080 3656 2133 intueri
3680 2080 3861 2147 ipsum

2292 2178 2566 2234 audientia
2633 2176 2948 2246 singulatim
3001 2162 3372 2243 praeterirent,
3421 2172 3643 2240 suisque
3675 2171 3865 2225 abillo

2291 2270 2695 2340 appellarentur
2745 2283 2809 2324 ex
2866 2267 3055 2322 ordine
3114 2266 3423 2321 nominibus
3479 2266 3627 2336 (nam
3687 2279 3880 2333 neque.

2292 2361 2550 2416 Israelita:
2580 2362 2871 2429 quiverunt
2922 2358 3087 2420 Hosis
3112 2358 3318 2411 vultum
3360 2357 3633 2427 inspicere
3659 2356 3728 2409 ob
3756 2355 3865 2408 lul-

2292 2468 2476 2522 gnrem
2506 2467 2613 2521 quo
2638 2450 2937 2504 collucebat
2979 2449 3025 2481 ⁸³
3061 2464 3239 2517 neque
3284 2463 3382 2502 nos
3433 2448 3676 2503 valemus
3729 2460 3865 2501 ocu-

2294 2532 2480 2599 lorutn'
2498 2544 2667 2598 aciem
2689 2542 2967 2597 intendere
2986 2541 3038 2594 in
3070 2541 3237 2594 solent
3266 2549 3485 2609 propter
3508 2538 3865 2604 rcsplendens

2287 2635 2453 2706 jubar
2485 2648 2593 2705 quo
2620 2632 2991 2687 circumdatus
3008 2630 3306 2699 est)veluti
3340 2631 3486 2683 verbi
3521 2630 3716 2700 gratia,
3736 2644 3861 2692 cum

2292 2734 2509 2779 taurum
2589 2725 2679 2779 ille
2736 2726 2957 2779 nomine
3011 2725 3196 2789 cieret,
3254 2724 3439 2777 audito
3490 2724 3709 2778 nomine
3762 2736 3865 2776 suo

2292 2829 2484 2873 taurus
2519 2820 2785 2874 transibat
2818 2833 3005 2872 coram
3042 2818 3152 2884 illo,
3181 2816 3361 2884 capite
3391 2817 3655 2877 demisso,
3686 2828 3865 2880 neque

2293 2910 2502 2965 obtueri
2534 2912 2709 2979 ipsum
2744 2920 2936 2979 potens
2972 2925 2987 2962 :
3022 2909 3275 2962 similiter
3306 2907 3626 2961 nominatim
3661 2906 3863 2960 citatus

2264 2991 2466 3070 equus
2522 2990 2851 3072 agnoscebat
2906 3016 3127 3065 nomen,
3188 2999 3601 3069 prmteribatque
3656 2992 3862 3067 dejecta

2295 3095 2525 3157 cervice,
2549 3108 2721 3163 neque
2744 3094 2933 3147 Adami
2969 3102 3319 3161 conspectum
3356 3092 3666 3145 sustinens:
3703 3100 3868 3157 atque

2297 3188 2368 3240 ita
2397 3187 2463 3240 de
2495 3198 2804 3254 nuncupato
2834 3186 3012 3247 asino,
3034 3185 3266 3254 aliisque
3292 3182 3521 3253 singulis
3546 3182 3864 3237 animalium

2296 3291 2351 3335 et
2381 3281 2681 3335 beatiarutn
2712 3280 3104 3347 volucrumque
3130 3277 3437 3347 speciebus.
3472 3276 3575 3345 Sed
3602 3276 3743 3332 dicet
3763 3278 3871 3331 ali-

2297 3372 2419 3442 quis
2446 3390 2459 3425 :
2486 3372 2638 3426 Unde
2686 3370 2951 3427 didicerat
2974 3371 3239 3432 Adamus,
3275 3384 3383 3439 quo
3408 3367 3577 3441 genus
3610 3366 3867 3443 quodque

2297 3463 2519 3518 nomine
2558 3473 2702 3525 esset
2733 3463 3059 3518 vocandum.
3094 3462 3175 3517 Ad
3232 3463 3334 3517 hoc
3366 3457 3713 3531 respondent.
3741 3460 3866 3530 qui—

2296 3555 2399 3610 bus
2426 3555 2540 3612 banc
2571 3554 2947 3625 interpretatio
2974 3554 3150 3623 placet
3185 3550 3421 3621 Spiritus
3463 3553 3635 3606 sancti
3669 3551 3863 3607 fretum

2296 3648 2493 3718 gratia,
2529 3648 2819 3714 instinctu,
2855 3656 3019 3716 atque
3066 3646 3351 3700 eliiciemia
3392 3662 3405 3709 ;
3445 3645 3594 3699 illum
3629 3645 3870 3714 propriis

2294 3740 2594 3810 appellasse
2620 3756 2849 3809 qumque
2874 3739 3152 3794 vocabulis
3176 3734 3190 3792 Ξ
3221 3739 3426 3808 quippe
3452 3737 3599 3792 sicut
3632 3736 3873 3820 apostoli

2297 3835 2515 3903 impulsi
2555 3843 2682 3888 sunt
2715 3833 2780 3887 ad
2816 3832 3148 3901 loquendum
3185 3832 3306 3886 aliis
3347 3832 3569 3898 linguis,
3622 3846 3721 3901 pro
3799 3844 3869 3885 eo

2294 3943 2358 3980 ac
2396 3926 2633 3995 Spiritus
2661 3934 2883 3979 sanctus
2911 3924 3239 3995 suggerebat
3262 3924 3395 3992 ipsis
3420 3932 3478 3976 ut
3512 3924 3871 3992 l0querentur

2296 4017 2490 4079 '",ita
2526 4017 2690 4070 etiam
2745 4016 3009 4069 Adamum
3039 4017 3106 4070 ab
3134 4015 3376 4082 ejusdem
3428 4015 3602 4069 sancti
3637 4014 3872 4084 Spiritus

2295 4107 2630 4177 benignitate
2677 4106 3111 4177 eiﬁcacitateque
3141 4107 3420 4176 accepisse
3473 4118 3526 4159 ct
3582 4106 3865 4162 scientiam

2294 4210 2349 4255 et
2380 4216 2563 4255 vocem
2595 4211 2649 4254 et
2678 4201 3005 4264 orationem,
3062 4208 3224 4268 atque
3257 4200 3327 4253 ita
3390 4200 3621 4269 singulis
3654 4201 3869 4253 anima-

2297 4292 2427 4345 lium
2467 4292 2756 4355 generibus
2788 4307 2884 4346 sua
2923 4292 3238 4346 attribuisse
3287 4292 3527 4344 nomina.
3568 4290 3739 4344 Porro
3774 4291 3870 4347 iis-

2298 4387 2418 4439 dem
2451 4385 2553 4439 illis
2584 4385 2651 4439 ab
2688 4386 2895 4439 Adamo
2952 4384 3144 4453 positis
3196 4386 3511 4439 nominibus
3545 4398 3697 4438 usam
3749 4399 3871 4438 esse

620 4487 685 4526 eo
725 4485 968 4541 speetare
1013 4474 1167 4542 quasi
1232 4468 1474 4528 Adamus
1520 4475 1736 4527 nomina
1809 4472 2088 4540 iumentis,
2121 4476 2200 4527 fc-
2232 4491 2275 4548 ι)
2305 4480 2612 4533 universam
2670 4478 2945 4531 hominum
3001 4479 3369 4547 posteritatem
3426 4491 3599 4545 usque
3626 4477 3691 4529 ad
3736 4476 3869 4530 illud

621 4567 717 4628 ris,
762 4565 1068 4620 volucribus
1116 4567 1377 4634 posuerit,
1428 4567 1519 4620 sed
1557 4568 1622 4619 ad
1656 4566 1936 4632 imperium
1980 4565 2193 4628 Adatni,

619 4660 763 4727 quod
819 4660 865 4712 ei
934 4640 999 4712 ea.
1031 4660 1196 4713 simul
1250 4660 1504 4712 universo
1542 4659 1722 4728 generi
1768 4658 2002 4710 humano
2032 4656 2195 4710 inilla

617 4756 797 4807 datum
851 4764 951 4816 est,
1010 4756 1296 4825 pertinere.
1350 4752 1480 4806 Nam
1518 4767 1681 4821 penes
1706 4767 1849 4821 quos
1883 4763 1967 4805 est
2006 4765 2186 4804 rerum

618 4847 969 4916 quarumdam
995 4846 1321 4908 dominium,
1353 4847 1388 4900 ii
1424 4846 1623 4915 quibus
1659 4848 1846 4899 volunt
1879 4831 2190 4899 nominibus

620 4948 1079 5004 reseascensent,
1161 4938 1303 4993 sicut
1378 4953 1631 5008 possesor
1709 4955 1769 4992 ea
1835 4953 1958 5007 qua:
2046 4953 2173 5005 pos.-

621 5030 774 5084 sidet.
840 5031 977 5097 Quid
1035 5033 1178 5086 enim
1235 5033 1431 5100 alioqui
1522 5032 1832 5102 profuisset,
1904 5030 2178 5099 inquiunt,

620 5122 758 5177 banc
820 5135 913 5177 aut
973 5126 1118 5179 illaut
1194 5125 1419 5179 bestiam
1514 5126 1853 5178 volucremve
1925 5124 2028 5174 hoc
2095 5120 2180 5173 vel

618 5217 709 5271 illo
772 5218 991 5270 nnuiue
1045 5230 1412 5284 nuncupasse,
1502 5218 1641 5283 qut-.l
1708 5232 1906 5269 nomen
2002 5230 2177 5281 neque

619 5311 747 5377 ipsa:
788 5326 1084 5377 agnoscere
1114 5312 1436 5378 quivisscut,
1496 5326 1668 5379 neque
1708 5326 1772 5364 eo
1800 5308 1998 5362 szrculo
2038 5310 2180 5360 ullus

620 5401 933 5479 mortalium
985 5400 1055 5454 ab
1113 5400 1319 5454 Adamn
1353 5403 1603 5455 discere?
1645 5402 1721 5453 Ad
1786 5401 1887 5454 hoc
1938 5399 2182 5453 videmus

620 5493 863 5562 singulas
898 5502 1083 5561 gentes
1142 5508 1242 5548 sua
1307 5509 1525 5564 quaque
1595 5495 1777 5562 lingua
1825 5506 2185 5561 sermoneque

614 5601 684 5641 ac
719 5586 996 5641 vocabulis
1013 5590 1263 5659 propriis,
1285 5589 1588 5645 animantes
1615 5606 1849 5659 avesque
1876 5590 2181 5652 nominare;

1502 5235 1569 5283 qu
1596 5218 1641 5269 »ει
1708 5232 1906 5269 ttrtmezt

687 5766 731 5797 "‘
780 5765 952 5821 Exod.
1012 5783 1191 5833 uxtv,
1240 5772 1326 5826 ‘21),
1407 5773 1479 5801 ⁸³⁸
1547 5770 1663 5825 Att.
1704 5786 1761 5835 tt,
1832 5771 1882 5820 -l.

2300 4582 2516 4639 tempus
2546 4585 2653 4637 quo
2680 4578 2807 4625 sunt
2834 4569 3076 4623 confusa:
3108 4562 3342 4638 linguae:
3368 4577 3420 4622 et
3448 4568 3589 4622 sicut
3611 4568 3698 4622 ille
3717 4567 3871 4623 lenti-

2300 4680 2423 4717 natn
2462 4666 2687 4716 vocabat
2728 4661 3032 4721 mulierem,
3089 4670 3143 4713 et
3173 4662 3356 4727 Evam,
3393 4661 3464 4713 ita
3494 4675 3686 4714 omnes
3727 4659 3870 4714 illius

2295 4751 2478 4807 δίρρυιί
2500 4751 2729 4805 feminas
2762 4752 2827 4805 ad
2848 4750 3106 4804 confusas
3137 4749 3347 4821 linguas
3378 4766 3551 4821 usque
3575 4750 3869 4819 appellatas

2290 4862 2412 4900 esse
2444 4846 2795 4905 mulieres,et
2838 4842 2975 4896 Evas
3002 4860 3016 4907 ;
3067 4843 3283 4911 quando
3312 4844 3477 4897 etiam
3516 4842 3677 4895 hodie
3708 4842 3897 4911 multi,

2293 4936 2601 4990 mortalium
2632 4936 2699 4987 iis
2720 4942 2944 4987 utuntur
2974 4935 3273 4997 vocabulis,
3309 4951 3431 5003 quae
3469 4944 3598 4989 sunt
3630 4935 3698 4989 ab
3720 4935 3867 4989 Ada-

2291 5042 2379 5080 mo
2408 5032 2624 5095 priutun
2661 5024 2893 5093 prodita.
2934 5028 3000 5076 At
3052 5025 3142 5078 alii
3172 5026 3549 5092 interpretum,
3594 5035 3650 5077 ιιι
3695 5040 3869 5093 nuper

2290 5128 2569 5173 ostensum
2603 5133 2630 5170 a
2664 5115 2819 5170 nobis
2849 5125 2951 5177 est,
2984 5116 3165 5170 diei-rc
3208 5116 3436 5178 malunt,
3472 5115 3652 5170 Mosen
3690 5116 3867 5185 signi—-

2286 5213 2451 5265 ﬁcarc
2485 5210 2592 5263 illis
2623 5210 2824 5273 verbis,
2856 5210 3139 5279 imperium
3169 5208 3376 5261 Adatno
3414 5209 3641 5278 ejusque
3677 5220 3863 5279 poste-

2284 5303 2429 5358 ritati
2457 5317 2800 5359 concessum.
2835 5318 2932 5371 pro
2956 5318 3062 5369 quo
3096 5302 3311 5354 nomina
3330 5301 3701 5357 animantibus
3724 5316 3865 5356 cun-

2286 5399 2389 5451 ctis
2457 5396 2730 5463 rebuSque
2777 5395 2899 5449 aliis
2956 5394 3230 5461 imponere
3285 5397 3516 5463 possint.
3572 5395 3677 5447 Alii
3733 5408 3866 5450 vero

2289 5490 2626 5554 existimant,
2662 5491 2773 5543 hcce
2827 5488 2891 5541 ad
2927 5487 3096 5556 ipsam
3125 5487 3386 5541 rationem
3416 5496 3695 5558 spectare,
3754 5500 3865 5552 qua

2290 5584 2474 5640 donati
2512 5584 2578 5638 ab
2607 5582 2800 5652 opiticc
2846 5579 2955 5635 Deo
2998 5580 3265 5649 homines,
3301 5581 3416 5636 suis
3482 5596 3567 5635 res
3618 5592 3865 5653 quasque
