4176 6456
249 344 333 410 5il

1349 345 1449 405 DE
1489 342 1888 404 PARADISO.
1931 367 2000 378 -
2043 344 2235 404 PARS
2279 343 2328 402 Ῑ.

3371 329 3477 392 5ιὲ

245 454 502 511 vocabulis
527 463 732 522 queunt
776 456 1048 524 appellare
1077 472 1090 509 :
1138 455 1203 508 Et
1240 455 1446 507 Adamo
1508 469 1608 505 non
1641 453 1781 504 inre-
1816 458 1852 510 Α
1887 453 2214 522 gerebantur
2240 465 2444 520 :eaque
2471 464 2578 504 non
2602 449 2761 505 aliter
2791 446 3336 517 intelligerentqnam
3360 460 3483 513 qua:

245 547 466 600 uiebatur
514 546 836 608 adiutorium
872 547 1043 616 qualis
1076 547 1240 614 ipsius
1301 553 1437 598 erat.
1489 543 1787 612 Haudqua-

246 653 388 707 quam
422 637 779 690 existimanda
834 646 963 690 sunt
1016 638 1127 690 haec
1165 636 1321 689 verba
1375 649 1473 704 pro
1526 648 1792 702 responso

245 735 350 786 data
373 745 492 784 esse
523 729 757 796 cuipiam
795 746 809 780 :
848 729 965 797 quis
996 729 1138 782 enim
1166 729 1502 797 interrogare
1526 726 1794 796 potuisset

241 840 354 878 num
386 823 864 877 Adamushaberet
903 823 1205 876 subsidium
1245 824 1345 877 sibi
1380 823 1578 881 simile,
1611 837 1789 891 quatt—

239 919 298 969 do
338 926 528 985 praeter
572 915 722 970 illum
755 917 919 968 etiam
956 925 1068 968 tum
1106 930 1263 969 nemo
1295 920 1411 967 erat
1468 912 1792 966 hominum?

239 1007 422 1060 Verum
449 1015 697 1074 spectant
728 1007 793 1059 ad
838 1008 1266 1074 cognoscendum
1323 1007 1612 1061 discrimen
1651 1008 1796 1060 inter

237 1101 354 1155 Atla!
382 1098 752 1151 conditionem
789 1108 1181 1153 etcaeterorum
1205 1101 1562 1153 animantium
1587 1101 1794 1155 ratione

237 1191 526 1246 carentium
563 1192 614 1242 in
642 1204 707 1242 eo
743 1191 978 1259 positum
1006 1193 1147 1260 quod
1181 1192 1233 1244 in
1269 1191 1352 1246 his
1377 1208 1492 1246 mas
1522 1201 1573 1246 et
1597 1192 1792 1246 femina

235 1285 340 1352 pari
363 1291 486 1335 ortu
520 1283 680 1336 simul
709 1281 1051 1346 exstiterint;
1087 1283 1139 1335 in
1174 1298 1368 1350 genere
1391 1299 1524 1336 vero
1557 1284 1795 1338 humano

233 1374 391 1426 Adam
429 1373 584 1426 solus
614 1371 866 1426 conditus
891 1371 981 1435 sit,
1026 1380 1078 1426 et
1106 1372 1300 1427 deinde
1327 1389 1391 1426 ex
1427 1373 1547 1441 ipso
1571 1374 1790 1426 femina.

297 1463 483 1531 Qualis
505 1465 664 1531 fuerit
687 1465 881 1516 Adumi
930 1481 1162 1519 somnus.
1200 1495 1264 1505 —-
1317 1463 1386 1517 Et
1435 1466 1649 1517 immisit
1691 1465 1793 1517 Do-

233 1558 395 1609 minus
431 1555 565 1609 Deus
598 1556 652 1608 its
683 1557 941 1608 Adamum
977 1557 1221 1624 quietem.
1252 1567 1299 1609 et
1330 1556 1660 1608 obdormivit.
1685 1555 1792 1607 Νοο

232 1649 445 1703 tandum
478 1658 703 1717 esu-pro
726 1649 907 1717 quiete
934 1650 984 1701 in
1008 1648 1193 1702 Graeco
1228 1648 1490 1701 ἔκστασιν
1515 1667 1528 1702 :
1557 1649 1659 1700 hoc
1690 1655 1795 1711 est,

233 1739 422 1792 utentis
451 1749 754 1806 stuporem,
799 1754 921 1794 esse
962 1741 1220 1808 scriptum
1254 1755 1268 1803 ;
1303 1739 1354 1791 in
1412 1738 1638 1792 Hebraeo
1666 1751 1796 1791 vero

1894 546 2068 599 oculis
2092 545 2428 614 auribusque
2460 542 2741 611 corporeis
2771 556 2954 596 coram
2980 538 3093 593 lteri
3122 529 3367 593 videreni
3397 548 3482 591 at-

1895 652 2002 707 que
2033 636 2307 699 audirent,
2329 637 2523 690 deinde
2555 633 3051 689 radiis'divinarum
3089 630 3478 684 revelationum

1894 739 2111 804 pectora
2133 729 2369 798 ipsorum
2393 727 2776 802 collustrabat:
2805 723 3190 777 revelationum
3210 721 3477 790 (inquam)

1894 840 2079 879 earum
2109 836 2289 875 rerum
2317 835 2436 889 quze
2464 827 2556 872 aut
2587 825 2868 872 eventura:
2894 823 3071 872 erant.
3096 820 3190 866 aut
3215 811 3328 880 jam
3355 818 3469 873 tum

1895 917 2228 970 acciderant.
2256 910 2457 965 Verum
2483 909 2781 964 illiusmodi
2813 905 3172 959 revelationes
3202 903 3400 956 divinae
3430 911 3474 953 ct

1898 1005 2131 1076 Spiritus
2157 1004 2330 1058 sancti
2369 1003 2620 1055 ct‘ticaces
2669 1000 2935 1058 actiones.
2992 995 3275 1066 prophetis
3344 994 3480 1060 vigi-

1900 1099 2137 1152 lantibus
2163 1095 2552 1164 contingebant
2580 1108 2594 1155 ;
2629 1101 2684 1144 at
2737 1090 2946 1142 Adamo
2980 1084 3272 1140 dormienti
3308 1085 3476 1137 obve-

1898 1191 1977 1241 nit
2003 1203 2155 1242 sacra
2189 1185 2276 1239 illa
2309 1183 2645 1239 revelatiorei
2690 1196 2807 1247 qum
2863 1182 3004 1234 circa
3041 1178 3190 1231 illum
3223 1175 3485 1244 agebatur

1900 1280 1954 1333 in
1995 1279 2276 1333 condcnda
2301 1294 2362 1331 ex
2403 1277 2519 1346 ipso
2545 1275 2675 1328 Eva.
2715 1271 2838 1326 Fuit
2877 1270 3041 1340 igitur
3067 1285 3131 1324 ea
3164 1271 3278 1323 sive
3330 1269 3485 1335 quies

1899 1375 2014 1428 sive
2089 1371 2367 1431 ἔκστασις,
2426 1384 2532 1442 qua
2614 1368 2751 1419 Deus
2823 1366 3088 1416 Adamutn
3143 1360 3486 1416 devinciebat

1897 1464 2121 1535 quando
2144 1465 2312 1530 ipsius
2331 1462 2632 1516 detractam
2655 1457 2868 1526 corpori
2890 1455 3267 1511 conformabat
3291 1452 3482 1516 Evam,

1903 1557 1978 1610 illi
2018 1554 2214 1610 similis
2258 1569 2427 1608 sacra:
2468 1551 2661 1606 visioni
2726 1564 2832 1618 qua
2898 1547 3170 1600 Abraham
3228 1544 3488 1600 cernebat

1903 1649 2203 1716 lampadem
2237 1646 2379 1715 ignis
2410 1644 2747 1698 incedentem
2770 1642 2910 1694 inter
2935 1639 3107 1692 frusta
3133 1637 3200 1699 “,
3222 1646 3328 1704 qua
3357 1637 3488 1689 Ezeo

1904 1739 2045 1791 chiel
2074 1737 2321 1790 invectos
2369 1734 2718 1789 Cherubinos
2750 1735 2817 1796 ⁸⁸,
2855 1748 2961 1800 qua
3004 1730 3172 1784 Isaias
3201 1729 3368 1782 Deum
3402 1743 3491 1782 se-

231 1843 500 1883 somuum.
537 1829 805 1882 Caeterum
849 1845 914 1882 eo
946 1831 1090 1897 quod
1155 1831 1252 1894 ait,
1293 1827 1457 1882 Deum
1498 1828 1711 1881 misisse
1743 1828 1794 1877 in
1821 1802 1872 1866 Β
1901 1833 2116 1886 dentem
2159 1831 2210 1884 in
2249 1830 2374 1882 sede
2407 1828 2626 1882 sublimi
2665 1828 3108 1894 Seraphinosquc
3146 1831 3354 1876 stantes
3385 1821 3493 1876 cir-

228 1922 511 1983 Adatnum,
547 1922 786 1990 quietem
813 1923 925 1976 sive
954 1923 1148 1977 mentis
1179 1932 1458 1990 stuporem
1483 1958 1500 1984 ,
1528 1919 1795 1988 arguitur,

230 2029 330 2067 non
365 2022 578 2066 natura:
609 2014 1010 2068 necessitudine
1063 2029 1321 2068 somnum
1389 2013 1538 2066 illum
1582 2012 1834 2065 Ada'mo-

229 2105 541 2168 accessisse,
575 2106 669 2158 sed
707 2104 814 2157 Deo
861 2105 1206 2181 conciliante.
1237 2104 1426 2170 Qualis
1465 2120 1595 2158 vero
1633 2102 1798 2156 fuerit

231 2197 314 2252 illa
343 2196 523 2265 quies,
564 2205 659 2248 aut
688 2194 965 2258 ἔκστασις,
1002 2196 1044 2248 si
1077 2196 1199 2264 quis
1232 2204 1461 2264 quaerat,
1495 2194 1794 2263 responde-

231 2303 347 2343 tuus
405 2287 551 2341 haud
585 2287 818 2341 'situilent
852 2289 1131 2362 consuetis
1164 2288 1269 2340 illis
1308 2287 1477 2340 fuisse
1510 2287 1710 2354 quibus
1741 2294 1800 2339 ut

228 2380 490 2445 solemus,
525 2389 733 2433 natura:
757 2379 1121 2448 indulgentes.
1162 2378 1404 2433 Priutum
1432 2379 1576 2432 enim
1607 2394 1671 2432 eo
1703 2393 1798 2431 so-

231 2486 357 2541 rore
390 2471 660 2532 immisso,
682 2470 912 2525 obduxit
939 2469 1078 2525 Deus
1096 2471 1288 2526 Adami
1323 2481 1555 2525 mentem
1586 2487 1611 2522 a
1639 2471 1800 2526 rebus

228 2568 486 2622 omnibus
525 2582 646 2635 qua:
701 2569 818 2620 visu
856 2567 935 2622 vel
1003 2567 1108 2621 alio
1144 2568 1340 2636 quovis
1389 2584 1550 2622 sensu
1597 2567 1800 2636 percipi

231 2661 455 2728 possint,
486 2667 648 2728 atque
681 2660 752 2713 ita
784 2673 976 2713 somno
1003 2674 1066 2711 eo
1085 2658 1260 2712 aﬂ‘ccit
1287 2668 1343 2712 ut
1373 2659 1584 2712 illarum
1621 2674 1802 2712 rerum

231 2765 455 2818 prorsus
500 2749 702 2801 nullum
729 2748 958 2802 sentiret
995 2767 1008 2802 :
1049 2749 1304 2801 nimirum
1367 2749 1537 2816 ipsius
1595 2749 1804 2818 cegitao

233 2837 404 2890 tiones
449 2840 666 2907 penitus
715 2838 784 2892 ab
824 2839 1290 2914 occupationibus
1327 2857 1511 2893 rerum
1571 2842 1802 2894 munda-

233 2945 425 2983 narum
463 2931 722 2983 omnibus
767 2931 836 2983 ita
873 2931 1086 3000 collegit
1124 2940 1182 2984 ut
1219 2933 1326 2985 alio
1356 2942 1588 2985 mentem
1647 2949 1800 2987 suam

231 3021 526 3090 ille,quans
553 3023 607 3074 in
641 3022 883 3090 seipsum
914 3037 978 3075 ac
1009 3025 1150 3076 circa
1179 3039 1317 3083 sese.
1358 3040 1464 3077 non
1493 3026 1802 3080 intenderet

229 3128 318 3180 aut
351 3127 588 3173 verteret
623 3135 638 3172 :
671 3120 866 3173 deinde
898 3120 1285 3173 revelationem
1320 3120 1418 3188 ipsi
1445 3121 1661 3185 indidit,
1685 3137 1792 3190 qua
1835 3153 1876 3210 ρ

231 3212 395 3266 veluti
429 3207 610 3265 divina
645 3212 900 3282 quapiam
935 3210 1243 3276 edicientia,
1280 3213 1364 3266 sic
1396 3213 1483 3266 ille
1510 3226 1800 3280 compara~

233 3305 416 3369 batur,
468 3312 547 3380 ut.
568 3317 664 3372 per
685 3303 882 3357 animae
911 3315 1021 3357 sua
1051 3313 1229 3357 motus
1259 3303 1538 3371 viresque,
1599 3305 1806 3358 videret

229 3407 391 3466 atque
446 3394 658 3449 audiret
690 3405 886 3449 cuncta
919 3410 1041 3464 qua:
1069 3395 1249 3463 seipso
1280 3412 1344 3449 ac
1386 3397 1531 3448 circa
1570 3411 1634 3450 se
1672 3410 1803 3464 age-

233 3493 452 3544 bantur.
510 3488 925 3543 Perntisitenim
953 3489 1054 3556 ipsi
1090 3497 1148 3542 ut
1183 3503 1290 3541 non
1325 3488 1482 3542 aliter
1504 3489 1642 3557 apud
1677 3487 1801 3541 ani-

230 3598 374 3637 mum
412 3597 573 3635 suum
607 3591 848 3634 versaret
885 3590 1271 3649 reputarelque
1301 3595 1364 3635 ac
1396 3591 1576 3633 εει-ιω
1607 3579 1800 3633 redde-

230 3681 375 3727 retur
396 3672 542 3740 quod
557 3683 705 3726 costa
734 3672 834 3727 sibi
859 3671 1198 3725 eximebatur
1231 3681 1393 3738 atque
1416 3673 1465 3724 iu
1504 3671 1796 3724 mulierem

228 3762 686 3826 roucinnahatur,
733 3776 896 3832 quam
955 3761 999 3814 si
1034 3761 1206 3814 oculis
1238 3764 1577 3829 auribusque
1606 3776 1806 3829 corpo-

233 3854 339 3909 reis
377 3871 511 3910 usus
541 3841 882 3924 remipsatn'
915 3856 1141 3910 vidisset
1191 3864 1241 3907 et
1289 3853 1612 3908 audivisset.
1671 3851 1808 3906 Nam

231 3960 296 4001 eo
315 3956 478 4016 captu
514 3947 705 4012 animi,
745 3948 838 4017 qui
881 3948 1097 4001 videndi
1156 3946 1518 4014 audiendique
1560 3943 1810 3999 sensibus

193 4112 196 4114 γ
234 4040 615 4110 responderet,
651 4040 770 4092 ideo
811 4022 988 4108 ipsum
1019 4039 1312 4093 intlrmavit
1344 4039 1486 4092 Deus
1513 4053 1621 4106 quo
1654 4038 1809 4107 peni.

234 4143 319 4188 tus
342 4131 494 4188 cordi
532 4132 703 4200 ipsius
751 4132 855 4185 lixa
902 4135 1129 4188 haereret
1177 4131 1454 4199 mentique
1485 4141 1633 4186 certa
1673 4132 1822 4184 con-'

237 4223 405 4277 Staret
448 4236 536 4275 res
571 4221 658 4274 illa
715 4237 837 4290 qua:
891 4223 1196 4290 agebatur;
1227 4222 1662 4291 intelligeretque
1722 4221 1812 4275 ille

235 4327 292 4367 se
325 4328 435 4367 non
483 4311 718 4366 fantasia
753 4315 1008 4381 quapiam
1043 4322 1206 4382 atque
1251 4328 1387 4366 vana
1422 4311 1812 4382 imaginatione

238 4408 527 4462 seducmm
556 4423 585 4460 a
628 4423 755 4462 vero
780 4423 922 4467 esse.
958 4411 1049 4462 sed
1085 4425 1195 4463 rem
1251 4409 1424 4477 ipsam
1463 4410 1808 4478 percepisse:

1901 1943 2024 1980 cuin
2061 1924 2239 1993 ipsum
2287 1924 2380 1988 ⁸⁶ς
2428 1924 2661 1990 denique
2693 1937 2799 1988 qua
2849 1920 3040 1974 Petrus
3086 1917 3424 1970 descendens
3455 1928 3486 1969 e

1902 2019 2044 2075 caelo
2089 2018 2271 2070 .velum
2309 2015 2671 2070 contuebatur
2701 2013 2768 2067 ⁸⁷.
2802 2013 2977 2081 Atque
3033 2011 3153 2063 haec
3209 2008 3477 2062 hactenus

1902 2113 1971 2167 de
2002 2112 2186 2181 quiete
2215 2112 2327 2164 sive
2348 2109 2758 2175 exstasi.quam
2788 2106 2929 2160 Deus
2962 2104 3172 2158 Adamo
3192 2101 3489 2170 injicieltat,

1902 2206 2046 2260 dicta
2079 2220 2108 2259 a
2146 2203 2304 2258 nobis
2351 2200 2708 2256 sunto.'llltnl
2771 2214 2934 2267 porro
3004 2199 3150 2268 quod
3204 2194 3489 2254 scribitur,

1903 2297 2214 2350 dorntirisse
2236 2275 2524 2358 Adamuni,
2550 2289 2790 2346 ostendit
2819 2292 2993 2358 ipsum
3027 2291 3205 2342 adhuc
3240 2287 3490 2355 ignarum

1905 2385 2034 2455 quid
2061 2383 2138 2438 rei
2169 2393 2312 2438 esset
2361 2397 2614 2442 somnus,
2673 2397 2731 2435 se
2762 2380 2967 2433 nudum
3011 2380 3163 2430 humi
3198 2376 3488 2443 abiecisse,

1907 2488 2072 2548 atque
2094 2476 2398 2540 stet-tuisse,
2433 2476 2524 2529 sed
2549 2474 2802 2528 indututn
2834 2471 3050 2525 interim
3079 2471 3275 2540 gloria,
3302 2468 3490 2537 splen-

1907 2571 2232 2637 dentemque
2260 2569 2392 2622 solis
2422 2569 2474 2621 in
2507 2582 2711 2620 utorcm
2736 2563 2928 2619 .Porro
2954 2558 3011 2616 iu
3036 2562 3484 2632 disquisitionem

1909 2671 2088 2716 autem
2124 2661 2211 2713 hic
2245 2660 2414 2725 venit,
2455 2673 2583 2712 num
2620 2674 2713 2727 per
2753 2656 3086 2712 insomnium
3137 2653 3334 2707 vidi-rit
3364 2667 3496 2706 cos-

1909 2765 2019 2811 tam
2049 2769 2168 2823 qua:
2205 2752 2307 2806 sibi
2354 2753 2799 2815 subtrahebatur,
2851 2761 3012 2818 atque
3045 2747 3495 2801 cnttiormabatur

1911 2849 1964 2903 in
1995 2846 2279 2907 feminam,
2306 2860 2373 2898 an
2399 2858 2529 2898 vero
2559 2845 2732 2913 reipsa
2753 2859 2872 2897 eam
2897 2852 3102 2897 costam
3138 2836 3367 2893 intuitus
3389 2838 3500 2892 sit?

1912 2940 2326 3010 lteSpondetnus
2370 2952 2521 2999 vero,
2551 2951 2675 2988 cum
2719 2936 2942 2990 minime
2968 2947 3174 2989 costam
3204 2934 3376 3002 ipsam
3411 2947 3498 2984 re-

1913 3046 2035 3084 vera
2085 3027 2384 3096 aspexisse,
2420 3041 2546 3079 cum
2577 3026 2861 3079 dormierit
2898 3043 2911 3079 :
2969 3041 3144 3093 neque
3208 3025 3368 3077 etiam
3404 3037 3498 3091 per

1912 3119 2245 3176 insomnium
2295 3119 2660 3194 (quanquam
2719 3132 2828 3170 non
2889 3116 3198 3185 negandum
3249 3116 3320 3168 sit
3374 3126 3495 3168 esse

1909 3213 2161 3282 quaedam
2199 3210 2471 3265 insomnia
2507 3224 2655 3273 vera,
2689 3209 2994 3277 cujusmodi
3030 3207 3180 3261 fuere
3229 3207 3318 3260 illa
3373 3219 3496 3274 qua:

1908 3305 2144 3374 Josepho
2170 3313 2468 3358 evenerunt
2499 3313 2552 3358 et
2579 3302 2872 3363 Pharaoni,
2911 3302 3037 3354 item
3065 3297 3268 3352 Danieli
3301 3307 3354 3349 et
3384 3297 3498 3351 Na-

1910 3398 2378 3462 buchodonosori,
2401 3405 2565 3466 atque
2595 3399 2758 3451 etiam
2792 3393 3033 3463 Josepho
3064 3392 3246 3445 Mariae
3269 3406 3497 3460 sponso,

1911 3489 2143 3558 denique
2176 3490 2334 3542 uxori
2371 3488 2553 3549 Pilati,
2593 3487 2988 3556 compluraque
3025 3485 3128 3538 alia
3193 3482 3358 3553 hujus
3391 3498 3486 3552 ge-

1915 3581 2084 3651 neris)
2117 3581 2212 3636 sed
2246 3596 2342 3651 per
2391 3581 2629 3651 divinam
2663 3579 3077 3638 revelationem.
3109 3593 3236 3629 cum
3298 3589 3496 3630 somno

1915 3683 2095 3727 tamen
2131 3673 2344 3726 interim
2378 3681 2525 3726 esset
2553 3672 2669 3742 ipse
2723 3682 3053 3739 occupatus.
3087 3667 3377 3732 Caeterum,
3413 3668 3498 3722 di-

1913 3764 2053 3817 vinas
2083 3764 2443 3817 revelationes
2481 3780 2584 3816 ttntt
2625 3777 2736 3815 uno
2763 3777 2954 3816 omnes
2987 3763 3146 3815 modo
3175 3760 3494 3814 hominibus

1913 3851 2301 3913 oﬂerri-solent
2326 3875 2340 3910 :
2367 3856 2458 3910 sed
2482 3838 2676 3924 partim
2706 3854 3112 3927 repra’seutatis
3142 3836 3308 3906 rebus
3339 3851 3499 3920 ipsis,

1915 3953 2034 4007 alia:
2067 3961 2174 4021 per:
2197 3949 2470 4004 insomnia
2510 3964 2525 4003 :
2557 3948 2794 4016 denique
2823 3948 3098 3999 nonnullae
3124 3945 3285 4006 etiam
3319 3958 3498 4013 mque

1917 4061 2009 4113 per
2035 4059 2122 4099 res
2153 4043 2302 4112 ipsas
2336 4056 2515 4111 neque
2563 4057 2659 4110 per
2690 4040 2986 4102 insomnia,
3032 4038 3123 4092 sed
3163 4053 3258 4109 per
3302 4039 3501 4092 animm

1918 4153 2115 4193 sensus
2139 4175 2156 4201 ,
2189 4134 2424 4190 octlusis
2473 4134 2684 4188 scilicet
2731 4133 2987 4189 sensibus
3018 4131 3269 4201 corporis
3308 4147 3322 4185 :
3361 4131 3503 4184 sicut

1919 4232 2076 4285 nobis
2104 4228 2516 4294 usuvcuit,dum
2550 4226 2751 4280 clausis
2778 4225 2955 4278 Oculis
2992 4222 3374 4292 obturatisque
3401 4239 3504 4275 au-

1919 4323 2068 4376 ribus
2107 4319 2494 4388 cogitationem
2534 4325 2779 4371 nostrain
2808 4319 2884 4369 ita
2927 4316 3262 4368 intendimus
3295 4315 3346 4366 in
3386 4327 3499 4365 rein

1920 4392 2240 4482 quampiam
2272 4420 2559 4473 renmtam,
2602 4419 2661 4462 ut
2699 4422 2874 4478 neque
2919 4407 3208 4461 audiamus
3241 4404 3501 4474 illosqui

237 4514 342 4554 non
378 4499 537 4551 aliter
572 4507 734 4569 atque
769 4500 924 4552 nobis
956 4501 1172 4561 accidit;
1211 4501 1303 4569 qui
1341 4501 1472 4554 dum
1507 4501 1680 4554 oculis
1707 4501 1809 4553 ali-
1844 4515 1884 4569 ι)
1919 4520 2019 4557 nos
2051 4519 2113 4557 ex
2181 4504 2486 4572 propinquo
2553 4500 2930 4571 alloquuntur,
2986 4514 3163 4567 neque
3194 4497 3498 4550 videamus.

237 4591 358 4660 quid
396 4591 673 4646 cernimus
707 4592 1041 4660 nuribusque
1071 4595 1345 4656 audimus,
1381 4608 1505 4646 vere
1529 4609 1628 4664 nos
1660 4593 1804 4663 quod

239 4696 324 4736 res
346 4691 430 4735 est
457 4680 714 4735 didicisse
743 4682 950 4735 scimus
982 4700 996 4734 :
1032 4692 1158 4736 sunt
1190 4682 1335 4736 enim
1375 4684 1482 4737 duo
1512 4683 1587 4735 illi
1616 4697 1809 4738 sensus

240 4775 439 4840 (visum
493 4773 634 4836 dico,
684 4776 1038 4842 auditumque
1068 4774 1085 4834 δ
1119 4776 1170 4828 in
1206 4776 1357 4829 omni
1410 4793 1468 4829 re
1511 4777 1805 4831 certissimi

240 4866 484 4920 veritatis
510 4875 690 4920 testes.
723 4865 787 4919 Et
811 4882 937 4919 vero
969 4877 1027 4919 ttt
1057 4868 1144 4921 hic
1166 4884 1288 4922 cum
1310 4869 1537 4930 Adamo,
1574 4868 1644 4921 ita
1670 4870 1810 4925 alias

238 4969 355 5008 cum
396 4956 600 5008 sanctis
628 4956 906 5026 prophetis
935 4958 1125 5023 agebat
1155 4972 1371 5025 quoilue
1409 4956 1549 5011 Deus
1585 4959 1803 5026 quando

240 5048 475 5115 ipsorum
509 5060 728 5117 peetora
758 5049 957 5102 divinis
992 5049 1106 5102 suis
1160 5051 1584 5104 revelatiouibus
1642 5051 1802 5105 illus-

242 5141 414 5194 trabat
448 5156 461 5192 ι
503 5150 628 5195 ante
661 5143 843 5195 omnia
879 5143 1023 5195 enim
1058 5143 1356 5196 abducebat
1381 5143 1626 5211 ipsorum
1647 5158 1805 5195 men-

243 5238 319 5285 tes
348 5232 814 5302 cogitationesque
850 5234 917 5285 ab
948 5235 1202 5287 omnibus
1234 5235 1394 5288 rebus
1418 5235 1805 5304 spectabilibus

245 5333 333 5376 aut
358 5324 413 5376 in
444 5326 692 5393 quemvis
716 5324 880 5377 alium
908 5342 1126 5382 sensum
1149 5327 1469 5381 cadentibus
1502 5337 1808 5402 atquema-

246 5415 539 5478 teriatis,et
569 5419 728 5486 plane
745 5419 811 5470 ab
837 5419 980 5472 omni
1010 5419 1405 5473 mundanarum
1432 5435 1616 5491 rerum
1642 5436 1808 5475 occu-

247 5510 870 5575 patinae:rquo,meutis
900 5512 1282 5579 agitationibus
1325 5512 1608 5583 animique
1658 5515 1806 5583 cogi-

251 5601 535 5656 tationibus
561 5587 1300 5673 intentecontemplarentur
1323 5621 1382 5658 ea
1407 5621 1526 5676 qum
1573 5609 1712 5676 apud
1746 5625 1802 5662 si:

313 5714 356 5744 ³⁵
398 5717 505 5765 (τμη
575 5734 660 5782 xv,
703 5719 783 5773 l7.

857 5722 900 5752 ’⁵⁵
951 5722 1121 5777 Ειρριι
1171 5741 1220 5791 .v,
1266 5724 1280 5776 l
1363 5723 1406 5753 ""
1438 5723 1538 5778 lsa.
1599 5739 1668 5789 vt,
1717 5725 1768 5779 2.

253 5801 350 5837 ιιι,
428 5787 609 5842 “Dan.
649 5809 704 5843 tt.
744 5793 781 5843 l.

1849 5724 1891 5755 ⁸⁷
1926 5728 2046 5779 Act.
2079 5741 2132 5792 ι,
2183 5726 2262 5780 ll.

1923 4599 2265 4651 Suntautem
2325 4596 2711 4659 revelationes,
2767 4611 2886 4664 qua:
2945 4609 3038 4662 per
3077 4608 3164 4646 res
3218 4592 3505 4654 liunt,cu-

1914 4688 2156 4756 jusmodi
2193 4686 2294 4739 fuit
2335 4686 2467 4739 illud
2521 4684 2688 4738 Mosis
2747 4687 2944 4749 visum,
3013 4698 3120 4752 quo
3169 4683 3346 4754 ignem
3408 4698 3502 4733 ru-

1915 4779 2151 4848 bumque
2211 4779 2412 4847 ipsum,
2464 4786 2516 4830 et
2574 4790 2768 4830 caetera
2817 4777 3037 4830 videbat
3101 4776 3185 4840 ⁸⁸;
3254 4791 3331 4828 ea:
3375 4788 3500 4825 vero

1915 4885 2038 4940 quae
2081 4885 2174 4937 per
2201 4869 2434 4931 somnia,
2474 4867 2666 4936 quales
2704 4867 2874 4932 luere,
2907 4866 3128 4937 .Iosephi
3160 4877 3212 4922 et
3253 4864 3496 4919 Pharao-

1916 4964 2000 5017 nis
2023 4962 2091 5027 ",
2119 4972 2282 5030 atque
2315 4961 2553 5015 Danielis
2582 4970 2636 5015 et
2667 4960 3220 5016 Nabuchodonosoris
3249 4961 3315 5013 '°.
3352 4961 3485 5025 Qute

1921 5070 2097 5124 neque
2120 5054 2319 5121 reipsa,
2353 5066 2530 5120 neque
2567 5068 2662 5121 per
2689 5053 3017 5107 insomnium
3049 5049 3324 5112 accidunt,
3355 5050 3500 5103 illius

1917 5158 2046 5201 sunt
2076 5145 2290 5214 generis
2348 5145 2508 5212 cujus
2549 5154 2708 5198 erant
2750 5160 2886 5214 quas
2931 5143 3148 5197 videbat
3197 5143 3496 5203 Abraham,

1917 5239 2087 5304 Isaae,
2136 5237 2354 5303 Petrus,
2392 5247 2446 5292 et
2481 5239 2582 5293 hoc
2615 5239 2737 5292 loco
2767 5238 2961 5291 Adam.

1991 5329 2099 5384 Cur
2130 5329 2334 5382 Adauto
2368 5331 2650 5384 dormienti
2680 5317 3045 5399 potiusquam
3076 5325 3321 5396 vigilanti
3351 5340 3500 5392 crep-

1918 5433 1973 5478 ta
1997 5433 2162 5477 costa.
2209 5453 2272 5467 σ-
2330 5422 2477 5476 Solet
2506 5433 2558 5476 et
2602 5423 2730 5476 illud
2760 5422 2956 5490 quaeri,
2982 5437 3080 5477 cur
3112 5435 3217 5474 non
3249 5419 3493 5488 vigilanti

1918 5514 2149 5576 Adamn,
2193 5512 2288 5567 sed
2325 5513 2617 5567 dormienti
2678 5525 2888 5567 costam
2925 5512 3064 5566 Deus
3112 5509 3497 5564 subtraxerit?

1916 5606 2081 5676 Atqui
2117 5607 2161 5660 si
2197 5608 2438 5676 vigilanti
2483 5607 2796 5671 exemisset,
2851 5608 3042 5660 horum
3076 5604 3180 5675 ipsi
3218 5606 3495 5659 evenisset

2344 5725 2388 5757 “
2443 5727 2610 5782 Ew-l.
2668 5718 2760 5794 tu,
2807 5727 2860 5798 2.
2937 5725 2980 5760 ⁹⁹
3015 5725 3152 5782 Gen.
3199 5741 3402 5791 xxxttt,
3435 5723 3490 5780 ct
