4010 6456
665 401 770 466 ΜΒ

1932 396 2158 456 MOSJS
2196 393 2227 452 I

2327 396 2346 452 t
2378 373 2627 454 'cspm
3751 399 3826 460 ut

662 520 1005 571 alti-rutrum,
1039 520 1096 563 ut
1124 519 1218 564 attt
1261 508 1466 562 doloris
1496 505 1876 578 Sensualiquo
1910 506 2221 559 afticeretur
2251 511 2293 564 Α
2326 501 2533 569 Tertia,
2573 513 2632 557 ut
2681 503 2917 559 arctiore
2971 494 3367 576 constringeret
3414 522 3598 562 amore
3630 509 3772 563 virum
3794 526 3835 568 ct

666 605 717 656 in
766 600 1059 654 auferenda
1103 610 1283 660 costa;
1313 606 1406 650 aut
1438 598 1607 651 nullo.
1642 595 1760 649 Jam
1794 610 1922 656 vero
1941 596 1986 650 si
2018 594 2225 649 doluiso

662 704 744 747 set
774 732 788 753 .
849 693 1033 746 odium
1097 692 1355 759 adversus
1378 689 1671 759 conjugem
1709 704 1862 742 suam
1907 687 2069 742 Evam
2098 703 2226 743 con-

664 785 894 852 cepisset
930 803 942 837 :
984 785 1068 837 sin
1128 757 1289 835 nullo.
1316 792 1489 836 tactus
1544 781 1736 835 fuisset
1772 780 1982 837 dolore.
2042 781 2228 836 existi-

666 886 870 928 massct
912 867 1097 927 falsam
1131 873 1391 926 duntaxat
1428 870 1871 939 imaginationem
1912 869 2086 935 fuisse
2105 885 2226 923 eam

663 977 785 1033 qua!
816 965 882 1016 de
920 963 1044 1016 Eva:
1077 962 1386 1018 conditione
1434 976 1537 1027 suo
1589 961 1777 1016 animo
1813 961 2226 1029 obversabatur,

667 1070 838 1122 neque
873 1055 1048 1122 reipsa
1077 1063 1134 1108 et
1163 1069 1286 1108 vere
1315 1054 1616 1109 accedisse;
1648 1053 1844 1107 Imbuit
1875 1055 2041 1123 igitur
2072 1054 2226 1108 illum

654 1155 858 1197 somno
908 1143 1048 1198 Deus
1074 1159 1139 1198 ne
1178 1143 1308 1213 quid
1341 1144 1550 1198 doloris
1606 1143 1836 1198 sentiret
1857 1143 1984 1197 dum
2011 1152 2218 1198 costam

666 1237 938 1290 amitteret
969 1254 987 1291 :
1046 1234 1546 1307 rursusqueetfecit
1585 1246 1644 1291 ut
1667 1237 1977 1291 intellectus
2003 1239 2085 1292 sui
2121 1252 2229 1291 mo-

667 1319 746 1390 tu,
789 1343 993 1384 costam
1038 1330 1141 1384 sibi
1174 1331 1363 1392 adimi,
1388 1332 1553 1399 inque
1596 1329 1762 1384 Evam
1795 1331 2108 1384 concinnari
2147 1331 2227 1385 vi-

666 1421 847 1474 derit:
889 1435 1000 1487 quo
1032 1437 1096 1474 ea
1136 1436 1223 1477 res
1270 1421 1441 1491 ipsius
1478 1423 1663 1476 animo
1690 1422 1955 1490 impressa
2015 1423 2228 1491 ﬁxaque

664 1511 877 1580 penitus
906 1522 1086 1566 mente
1111 1515 1354 1577 haereret,
1389 1528 1561 1582 neque
1582 1512 1716 1567 falsa
1749 1514 1824 1567 rei
1879 1513 2058 1583 imago
2082 1515 2229 1568 exis~

665 1605 984 1668 timaretur;
1015 1605 1126 1658 hac
1157 1618 1283 1657 vero
1329 1605 1497 1658 animi
1542 1604 1895 1675 intelligentia
1938 1615 2099 1674 atque
2131 1620 2228 1660 uo~

665 1695 741 1748 tio
794 1709 859 1748 ex
907 1693 1085 1748 divina
1155 1705 1241 1749 est
1294 1706 1412 1748 orta
1450 1696 1800 1760 revelatione,
1856 1704 1910 1749 et
1943 1697 2225 1751 instinctu.

663 1785 831 1856 Igitur
853 1801 957 1840 non
986 1789 1286 1842 naturalem
1319 1803 1568 1841 somnum
1600 1797 1654 1842 et
1682 1791 1940 1843 usitatum
1961 1789 2111 1843 illum
2129 1791 2229 1867 im-

662 1877 814 1930 misit
854 1877 1061 1930 Atlamo
1120 1878 1284 1942 Deus,
1313 1893 1420 1948 quo
1447 1877 1697 1933 etfeetum
1760 1889 1845 1934 est
1894 1866 1971 1932 ne
2005 1881 2232 1935 sentiret

660 1966 925 2032 dolorem,
958 1985 1209 2038 aegreque
1247 1971 1471 2024 haberet
1501 1971 1630 2024 dum
1677 1972 1779 2026 sibi
1850 1982 1998 2026 costa
2050 1974 2232 2026 deme-

663 2067 814 2114 retur
847 2080 861 2116 :
899 2076 960 2116 ex
1017 2077 1126 2132 quo
1159 2063 1346 2117 dolore
1371 2063 1621 2137 ‘subinde
1658 2064 1728 2116 in.
1765 2063 2080 2117 memoriam
2123 2065 2227 2118 sibi

663 2160 998 2215 recurrente,
1056 2151 1231 2207 hostis
1273 2153 1535 2208 adversus
1591 2168 1708 2206 cam
1774 2153 2056 2208 mulierem
2114 2154 2227 2209 fieri

661 2239 955 2309 potuisset,
997 2256 1117 2309 quae
1164 2241 1231 2296 ab
1267 2244 1384 2310 ipso
1433 2241 1544 2296 Deo
1567 2255 1682 2296 erat
1733 2243 2096 2310 conformata,
2135 2245 2228 2299 sed

659 2346 726 2395 ca
801 2331 974 2400 ipsum
1027 2335 1228 2400 quiete,
1279 2333 1393 2388 sive
1432 2336 1633 2389 exstasi
1706 2335 1967 2400 devinxit,
2025 2338 2077 2391 in
2123 2346 2229 2406 qua

659 2423 804 2496 scire
843 2434 1027 2491 posset
1052 2433 1212 2494 atque
1239 2424 1558 2495 intelligere,
1579 2426 1708 2480 illud
1744 2441 1854 2480 rem
1889 2428 2059 2495 ipsam
2087 2442 2229 2490 cSSc.

658 2516 807 2584 quod
863 2517 916 2570 in
972 2532 1074 2580 se,-
1104 2527 1158 2574 et
1197 2518 1402 2572 circum
1448 2534 1507 2573 se
1555 2519 1816 2587 agebatur
1855 2535 1884 2571 a
1917 2518 2046 2582 Deo,
2082 2519 2230 2574 nullo

665 2615 846 2664 tamen
873 2609 1087 2663 interim
1114 2611 1314 2666 doloris
1350 2626 1512 2666 sensu
1546 2608 1741 2665 factus.
1800 2612 1875 2665 Ad
1910 2612 2022 2666 hanc
2054 2613 2228 2671 scien-

659 2697 796 2752 dum
854 2705 962 2759 est.
1013 2697 1160 2767 quod
1211 2700 1509 2770 prephetis,
1553 2714 1676 2754 enm
1732 2699 2228 2778 imbuerenturdi-

654 2770 804 2845 ‘vinis
836 2791 1255 2846 revelationibus
1278 2791 1514 2847 dabatur
1555 2793 1715 2862 simul
1754 2794 1950 2846 mentis
1981 2774 2230 2848 contem-

652 2881 863 2950 iplatira
912 2882 994 2936 vis
1034 2882 1304 2952 quantam,
1336 2899 1442 2950 qua
1477 2900 1664 2939 sacras
1693 2886 1818 2941 illas
1867 2889 2228 2948 revelationes

662 2972 1236 3042 penitusintuercntur
1253 2983 1416 3043 atque
1438 2975 1802 3044 expenderent
1823 2995 1836 3032 :
1857 2993 1961 3049 qua
1986 2989 2247 3036 contem--
2291 3009 2310 3034 I
2332 2978 2531 3034 femina
2568 2994 2626 3033 se
2657 2979 2863 3050 absque
2921 2979 3036 3033 viro
3066 2990 3393 3048 sustentare
3416 2981 3578 3034 \‘alel.

655 3066 918 3136 .plationis
935 3066 984 3119 vi
1013 3067 1213 3137 alioqui
1249 3084 1355 3122 non
1388 3083 1604 3137 semper
1641 3070 1732 3123 sed
1769 3071 1887 3126 solo
1929 3070 2227 3129 illihsmodi

2331 594 2610 660 feminam,
2639 610 2702 649 eo
2742 595 2884 664 quod
2919 594 3032 650 btec
3059 612 3123 650 ex
3166 597 3256 652 illo
3298 609 3440 651 esset
3490 606 3628 651 Orta.
3657 597 3835 664 Quarta,

2333 697 2392 741 ttt
2440 673 2686 760 effectum
2717 687 3031 742 redderetur
3058 690 3202 758 quod
3232 687 3410 745 Moses
3459 691 3525 744 de
3587 690 3841 761 Adatnogdi-

2288 843 2294 850 ἱ
2330 777 2450 831 cit:
2488 775 2785 829 Masculum
2836 786 2897 830 εε-
2922 777 3172 846 feminam
3224 780 3419 832 creavit
3472 781 3630 844 ipsos.
3686 780 3838 845 Quinta

2329 870 2566 939 denique
2593 887 2660 925 ne
2701 871 2899 926 femina
2952 872 3312 948 principatum
3342 871 3637 935 affectaret,
3665 874 3743 942 qui
3770 877 3840 928 viri

2330 970 2435 1016 est.
2469 961 2646 1027 Quaeri
2686 979 2848 1032 porro
2881 973 3080 1034 potest,
3112 980 3210 1019 cur
3255 964 3394 1020 Deus
3423 965 3590 1020 Evam
3615 982 3710 1019 non
3733 981 3846 1020 sum-

2330 1055 2497 1124 pserit
2520 1071 2583 1110 ex
2618 1065 2770 1125 parte
2802 1059 3047 1127 corporis
3075 1041 3263 1113 Adami
3318 1061 3610 1122 anteriore,
3639 1068 3724 1114 ant
3754 1062 3844 1114 inti-

2276 1164 2281 1174 '
2330 1162 2438 1211 ma,
2474 1158 2568 1203 aut
2591 1145 2912 1218 posteriore,
2949 1161 3043 1205 aut
3092 1151 3325 1221 denique
3354 1167 3630 1221 suprema,
3677 1154 3757 1206 sed
3797 1171 3847 1208 et

2331 1240 2510 1294 medio
2540 1230 2788 1308 corpore.
2849 1239 3094 1296 Dicimus
3124 1258 3253 1296 vero
3291 1258 3356 1297 ex
3410 1245 3676 1300 anteriore
3733 1256 3852 1314 parte

2329 1340 2601 1399 acceptam
2635 1345 2743 1386 non
2764 1347 2905 1394 esse,
2938 1347 3005 1385 ne
3028 1333 3188 1386 vellet
3209 1333 3379 1401 potior
3397 1331 3581 1386 haberi
3613 1336 3853 1403 virumque

2329 1421 2556 1490 imperio
2589 1437 2874 1490 premere;
2908 1437 3082 1491 neque
3138 1439 3329 1495 rursus
3365 1438 3430 1478 ex
3479 1425 3779 1492 posteriore,
3804 1440 3853 1478 ne

2292 1553 2296 1557 .
2331 1513 2447 1566 viro
2477 1521 2618 1566 esset
2653 1513 2988 1572 contemptui
3017 1529 3031 1565 :
3061 1529 3124 1568 ex
3162 1515 3338 1582 capite
3365 1530 3491 1568 vero
3520 1515 3741 1568 ablatam
3769 1532 3853 1571 non

2329 1617 2471 1667 esse,
2501 1617 2568 1657 ne
2601 1602 2802 1671 primas
2834 1617 2954 1671 quae
2977 1603 3090 1658 viro
3120 1603 3387 1659 debentur
3419 1604 3615 1660 femina
3638 1607 3731 1662 sibi
3762 1609 3857 1660 vin-

2330 1692 2573 1760 dicaret;
2605 1704 2655 1747 et
2691 1708 2818 1748 vero
2851 1709 3028 1763 neque
3080 1711 3148 1750 ex
3206 1697 3394 1749 ultima
3451 1703 3601 1765 parte
3655 1702 3858 1768 corporis

2333 1783 2620 1839 formatam
2663 1801 2805 1848 esse,
2846 1801 2913 1842 ne
2947 1788 3028 1840 vir
3080 1787 3335 1841 feminam
3372 1790 3540 1843 multo
3578 1805 3635 1844 se
3673 1791 3857 1844 inferio-

2336 1893 2448 1931 rem
2481 1877 2934 1946 humilioremque
2966 1879 3299 1945 azstimarct;
3334 1881 3426 1935 sed
3449 1896 3512 1935 ex
3549 1882 3717 1936 medio
3763 1897 3861 1936 cor.

2332 1980 2483 2035 pore,
2523 1974 2583 2020 ut
2606 1957 3026 2037 mediocriapud
3057 1969 3230 2023 virum
3260 1969 3569 2038 dignatione
3593 1972 3859 2034 haberetur.

2297 2084 2312 2099 ο
2334 2057 2479 2112 Solet
2512 2059 2736 2113 ulterius
2758 2059 2864 2114 hoc
2895 2061 3054 2113 etiam
3079 2062 3266 2128 quaeri,
3293 2075 3390 2116 cur
3411 2077 3442 2116 e
3470 2063 3687 2119 sinistra
3717 2066 3863 2133 potius

2335 2150 2579 2219 corporis
2612 2160 2787 2219 parte,
2821 2166 2982 2219 quant
3013 2153 3202 2207 dextra
3231 2153 3304 2206 sit
3331 2153 3550 2218 ablata;
3585 2170 3863 2224 possumus-

2329 2257 2438 2310 que
2471 2245 2810 2312 respondere,
2842 2245 2962 2299 ideo
2987 2259 3018 2300 e
3048 2246 3241 2300 dextra
3269 2256 3427 2315 parte
3456 2260 3724 2318 sumptam
3775 2261 3857 2301 non

2330 2349 2455 2388 esse
2508 2350 2574 2389 ne
2600 2351 2726 2389 cum
2788 2335 2906 2389 viro
2963 2336 3197 2391 conferri
3243 2340 3559 2408 aequat-ique
3614 2355 3673 2394 se
3698 2339 3864 2406 vellet;

2332 2429 2466 2482 duas
2497 2442 2626 2482 vero
2674 2442 2794 2482 esse
2849 2417 3108 2492 rationes,
3167 2443 3265 2483 cur
3323 2443 3356 2484 e
3437 2430 3660 2486 sinistro
3735 2431 3868 2484 latrre

2330 2522 2402 2575 sit
2460 2519 2688 2574 formata
2752 2536 2767 2573 :
2837 2521 3103 2585 alteram,
3159 2530 3218 2575 ut
3297 2523 3367 2577 sit
3415 2525 3533 2577 viro
3584 2523 3867 2591 obsequiosa

2327 2611 2552 2681 ejusque
2629 2612 2856 2682 imperio
2958 2613 3382 2680 obtemperans;
3495 2612 3752 2673 alteram.
3827 2619 3870 2665 ut

2329 2705 2532 2758 sciatur
2561 2703 2857 2782 inﬁrtnnris
2883 2720 3002 2758 eam
3061 2687 3264 2774 natura:
3289 2719 3427 2759 esse.
3457 2704 3590 2758 Nam
3622 2706 3869 2759 sinistrum

2329 2794 2470 2849 latus
2519 2794 3068 2858 dextroimbecillius
3093 2800 3213 2862 est';
3252 2797 3598 2869 nequeenim
3649 2810 3763 2850 sese
3795 2811 3872 2864 po-

2330 2893 2434 2941 test
2490 2887 2696 2956 absque
2752 2886 2927 2960 uestri
2986 2887 3189 2942 auxilio
3243 2888 3552 2956 subrigcre,
3609 2896 3668 2941 ut
3727 2903 3875 2956 neque

3426 2981 3578 3056 ralet.
3662 2980 3724 3034 Et
3769 2995 3874 3034 vero

2333 3060 2618 3124 sinistrum
2648 3086 2876 3141 arguere
2905 3059 3356 3135 imbecillitatem,
3382 3073 3461 3126 rel
3512 3075 3626 3142 ipsa
3652 3073 3876 3127 animan-

663 3159 1056 3213 revelationum
1091 3171 1331 3230 tempore
1354 3176 1510 3216 mens
1544 3163 1787 3231 ipsorum
1815 3165 2082 3220 illustrata
2115 3183 2227 3220 ma-
2259 3178 2304 3239 ρ
2338 3161 2470 3214 tium
2505 3171 2694 3216 natura
2722 3171 2985 3216 monstrat
3005 3178 3234 3233 quorum
3255 3162 3499 3216 omnium
3534 3165 3744 3244 sinistra
3772 3178 3873 3232 pars

663 3253 843 3311 nebat.
878 3250 1224 3308 auferebatur
1251 3267 1379 3306 vero
1423 3268 1485 3307 ea
1536 3252 1605 3308 ab
1628 3255 1763 3324 ipsis
1800 3266 1919 3324 post
1949 3259 2234 3312 revelatio-

661 3356 759 3397 nes
805 3344 898 3398 sed
944 3356 1258 3400 remanente
1294 3345 1508 3401 interim
1541 3345 1645 3402 lixa
1676 3349 1729 3402 in
1761 3350 2000 3418 ipsorum
2032 3359 2231 3415 mente,

658 3449 785 3500 vera
834 3438 1264 3506 contemplativa:
1294 3437 1436 3493 illius
1488 3439 1707 3494 virtutis
1757 3441 2040 3507 memoria,
2071 3442 2230 3497 ('li-‘tm

661 3537 1011 3598 posteaquam
1065 3513 1418 3585 evanuissent
1479 3530 1608 3600 ipsa:
1665 3533 2024 3589 revelationes
2072 3535 2232 3589 simul

660 3635 787 3674 cum
823 3612 872 3674 vi
909 3621 994 3688 illa
1029 3623 1469 3692 contemplativa.
1511 3623 1586 3678 lta
1613 3625 1758 3680 enim
1812 3625 2010 3684 accidit
2056 3627 2234 3681 Abra-

659 3711 810 3778 ham,
845 3715 1044 3768 exstasi
1078 3723 1329 3782 correpto
1355 3715 1425 3778 ",
1469 3715 1665 3770 Elissac
1702 3717 1878 3771 visum
1924 3719 2125 3774 videnti
2157 3721 2226 3786 ",

663 3809 795 3864 item
835 3805 991 3862 Isaiae
1033 3822 1156 3862 cum
1203 3817 1454 3862 cerneret
1516 3809 1676 3863 Deum
1737 3810 2016 3865 sedentem
2069 3803 2232 3881 super

661 3899 856 3956 solium
895 3899 977 3962 ⁹³;
1025 3911 1282 3970 praeterea
1308 3901 1574 3956 Ezechieli
1607 3903 1858 3973 intuenti'
1887 3905 2230 3961 Cherubith

661 3989 905 4046 invectos
932 3991 1000 4054 “,
1034 3991 1269 4061 denique
1305 3992 1462 4048 Petro
1525 3995 1916 4063 contemplanti
1954 3999 2128 4051 velum
2161 3998 2228 4054 δ’.

660 4079 827 4152 Igitur
857 4083 937 4137 sic
970 4081 1213 4144 Adatnus
1256 4099 1476 4155 quoque
1527 4083 1755 4142 aﬂectus
1778 4098 2042 4142 eratcum
2073 4088 2233 4159 quie-

661 4184 768 4229 tem
801 4175 916 4230 sive
959 4177 1225 4244 exstasim.
1250 4177 1351 4246 Ipsi
1401 4178 1721 4254 immisisset
1752 4179 1897 4235 Deus
1927 4198 1941 4235 :
1976 4184 2230 4251 apparuit

658 4267 805 4321 enim
842 4267 893 4322 ei
933 4269 1092 4332 Deus,
1125 4271 1361 4340 dataque
1405 4279 1490 4326 est
1547 4272 1650 4340 ipsi
1689 4272 1850 4328 simul
1883 4273 1965 4329 vis
1990 4289 2053 4328 ea
2075 4290 2227 4328 men-

660 4360 730 4416 tis
770 4363 1188 4449 contemplativa
1223 4380 1328 4432 qua
1375 4364 1631 4420 cernebat
1683 4367 1848 4421 eximi
1909 4383 1939 4422 e
1970 4383 2071 4422 suo
2102 4383 2228 4422 cor»

657 4462 792 4517 pore
837 4461 1042 4504 cosmm
1087 4459 1143 4505 et
1194 4451 1449 4508 feminam
1478 4450 1702 4506 formari
1737 4452 1875 4508 :sed
1934 4462 2223 4523 postquam

2339 3253 2662 3308 imbecillior
2695 3262 2774 3308 est
2810 3270 2972 3323 quam
3024 3255 3233 3308 dextra.
3271 3253 3364 3308 Est
3393 3255 3576 3323 itaque
3613 3249 3871 3309 in-fe‘tninis

2337 3355 2818 3416 temperamentum
2850 3347 3093 3416 corporis
3117 3345 3382 3415 frigidius,
3411 3345 3748 3410 imbecillius,
3770 3362 3874 3402 cru-

2337 3441 2482 3502 tlins,
2512 3447 2569 3491 ut
2600 3439 2651 3492 in
2685 3446 2837 3508 parte
2884 3437 3236 3493 animantium
3275 3439 3518 3492 sinistra.
3561 3437 3699 3503 Quin
3757 3439 3873 3490 inter

2335 3533 2482 3604 ipsos
2511 3531 2656 3586 viros
2686 3531 2925 3600 reperias
2947 3531 3108 3598 cujus
3126 3531 3372 3584 dextrum
3401 3530 3539 3585 latus
3559 3530 3625 3584 sit
3647 3531 3875 3590 calidum,

2337 3635 2696 3695 vcgctumque
2724 3626 3005 3680 sinistrunt
3037 3640 3185 3688 vero,
3219 3623 3471 3691 frigidum
3496 3638 3561 3677 ac
3592 3621 3874 3677 flaccidunt.

2335 3717 2415 3782 Ad
2451 3717 2563 3771 haec
2603 3716 2878 3770 masculus
2928 3715 2979 3770 in
3019 3715 3206 3779 dextro
3264 3715 3430 3770 lat-ere
3462 3715 3782 3784 concipitur.
3811 3711 3876 3766 fe-

2338 3810 2490 3863 mella
2543 3808 2594 3862 in
2658 3808 2900 3863 sinistro.
2956 3808 3022 3862 At
3063 3809 3205 3861 enim
3243 3823 3307 3861 ex
3367 3808 3482 3877 ipsa
3540 3808 3879 3862 imbecillitate

2334 3915 2495 3968 quam
2531 3899 2583 3952 in
2639 3915 2767 3954 sexu
2819 3898 3078 3952 feminino
3110 3898 3283 3966 palam
3316 3898 3611 3962 cernimus,
3641 3900 3771 3955 latis
3798 3915 3879 3950 ar-

2333 4006 2496 4060 guere
2523 3989 2896 4054 liccat,‘Evam
2931 4005 2960 4044 e
3003 3989 3225 4044 sinistro
3259 3988 3446 4044 Adami
3482 3989 3670 4054 latere,
3714 4001 3765 4044 ut
3786 3989 3880 4042 mi-

2331 4097 2437 4136 nus
2489 4075 2686 4145 valido,
2745 4096 2866 4136 esse
2943 4091 3238 4150 acceptam.
3298 4081 3468 4136 Porro
3525 4073 3626 4136 cur
3680 4093 3868 4138 costam

2331 4181 2385 4227 et
2418 4188 2524 4226 non
2584 4173 2746 4226 aliam
2803 4174 3050 4242 corporis
3087 4183 3301 4242 partem
3347 4171 3560 4226 Adamo
3613 4174 3884 4228 detraxerit

2333 4262 2497 4327 Dens,
2535 4277 2698 4333 quam
2730 4263 3083 4316 concinnaret
3117 4261 3169 4314 in
3196 4261 3471 4325 feminam,
3502 4258 3760 4332 plurimas
3785 4263 3874 4322 luto

2329 4353 2516 4409 bemus
2548 4354 2785 4409 rationes
2815 4373 2828 4421 ;
2860 4369 2986 4414 nam
3018 4369 3139 4409 cum
3201 4355 3252 4408 in
3306 4367 3456 4409 costa
3501 4363 3557 4410 et
3591 4370 3795 4410 carnem
3827 4362 3872 4407 ct

2329 4455 2477 4508 ossa,‘
2527 4452 2579 4501 ct
2620 4459 2836 4508 nervos,
2900 4429 2952 4500 et
3006 4444 3327 4515 sanguinem
3390 4444 3632 4499 invenire
3685 4447 3785 4509 sit;
3822 4459 3876 4496 ex

663 4541 923 4598 abscessit
995 4544 1062 4596 ab
1113 4543 1229 4612 ipso
1287 4544 1564 4606 revelatio,
1613 4554 1777 4613 atque
1832 4544 2008 4627 ablata
2040 4546 2230 4606 simul
2264 4543 2316 4604 D
2345 4537 2480 4607 ipsa.
2511 4543 2570 4592 ut
2609 4536 2848 4607 perfecto
2886 4537 3247 4606 absolutoque
3284 4537 3554 4602 membro,
3607 4537 3875 4627 perfectam

657 4642 740 4686 est
783 4632 977 4689 mentis
1023 4634 1107 4686 illa
1172 4633 1250 4689 vis
1299 4634 1743 4704 contemplativa,
1799 4637 2006 4690 mansit
2044 4647 2222 4691 tamen

659 4723 1015 4778 nihilominus
1056 4725 1208 4779 firma
1250 4727 1301 4780 in
1348 4727 1519 4794 ipsius
1541 4727 1748 4790 animo,
1780 4726 1855 4781 rei
1880 4726 1945 4782 de
1971 4742 2029 4782 se
2063 4737 2226 4797 gestae

659 4830 785 4884 vera
822 4818 1148 4870 recordatio.
1330 4830 1334 4833 ·
1388 4865 1389 4868 η
1994 4881 1996 4883 ὶ

665 4917 676 4950 ἱ
730 4905 838 4959 Cur
873 4903 984 4958 Eva
1014 4923 1112 4960 non
1166 4907 1324 4960 etiam
1385 4919 1440 4962 ut
1483 4909 1720 4965 Adamus
1765 4928 1830 4965 ea:
1875 4913 2084 4983 puluere
2108 4915 2221 4985 for-

661 5004 804 5046 muta
859 4997 950 5050 sit.
1009 5026 1078 5039 —
1131 4995 1195 5050 Et
1253 5002 1450 5062 act-epit
1501 5019 1659 5056 unam
1726 5021 1754 5060 e
1806 5008 1968 5059 costis
2031 5007 2220 5075 ipsius,

659 5081 950 5151 clausitque
1002 5103 1162 5144 eunte
1190 5087 1304 5156 ejus
1346 5089 1540 5146 locum.
1583 5093 1693 5147 Cur
1732 5110 1796 5150 ex
1843 5097 1962 5164 ipso
2015 5098 2224 5150 Adamo

663 5174 980 5257 fortunaverit
1021 5178 1162 5236 Deus
1217 5178 1403 5245 Evam,
1454 5192 1510 5239 et
1561 5201 1668 5240 non
1713 5203 1776 5242 ex
1811 5196 1969 5242 terrae
2006 5188 2227 5257 pulvere

663 5256 883 5322 ﬁn‘xerit
913 5267 1055 5323 sicut
1108 5271 1282 5340 ipsutn
1329 5275 1595 5330 Adamum
1640 5277 1804 5333 Varia:
1847 5287 1974 5332 sunt
2009 5256 2227 5335 causa}.

661 5354 867 5424 Prima,
899 5372 958 5416 ut
986 5378 1091 5417 una
1127 5367 1420 5434 eademque
1449 5371 1623 5432 radix,
1648 5381 1700 5424 et
1734 5371 1990 5426 nascendi
2024 5370 2226 5440 princi-

669 5450 818 5520 pium
871 5456 1302 5516 essetomnibus
1348 5459 1657 5526 ltominibus
1694 5463 1809 5532 ipse
1863 5463 2231 5520 Atlam.Alte~

669 5556 728 5594 ra
775 5557 840 5594 ne
873 5542 1111 5600 dicerent
1147 5549 1472 5602 contentiosi
1521 5551 1786 5616 ItOtnincs,
1839 5553 2004 5606 alium
2059 5554 2227 5607 fuisse

670 5632 885 5697 Ardami,
927 5634 1090 5689 alium
1121 5639 1243 5695 Erae
1291 5641 1658 5706 conditorem,
1715 5646 1806 5699 sed
1857 5644 2014 5699 fateri
2065 5661 2225 5717 coge-

669 5734 880 5791 rentur,
909 5727 977 5782 ab
996 5743 1105 5784 uno
1121 5732 1413 5804 eodemque
1447 5734 1554 5789 Deo
1578 5736 1767 5790 ambos
1792 5752 1909 5790 csse
1936 5735 2220 5790 formatos.

738 5840 781 5875 "
810 5842 943 5903 Gen.
988 5846 1115 5913 xv,l
1156 5863 1306 5918 θέε-αισι.
1381 5851 1426 5881 ⁵⁸
1458 5850 1517 5902 IV
1549 5851 1678 5921 livg.
1720 5871 1788 5918 γι,
1821 5850 1899 5907 17.
1980 5852 2021 5882 ’³
2075 5851 2176 5905 lstt.
2214 5867 2227 5901 η

2332 5849 2359 5903 Ί
2397 5863 2548 5916 δι’ψι.
2627 5847 2670 5878 ⁵³
2704 5845 2902 5901 Ειςςιι.
2957 5861 3010 5910 Χ,
3058 5846 3111 5900 4.

2335 4630 2684 4705 numerisque
2728 4630 2981 4685 omnibus
3005 4630 3302 4684 absolutam
3333 4644 3453 4683 esse
3507 4628 3783 4684 formatam
3807 4625 3878 4680 fe.

2332 4724 2531 4777 minam
2575 4732 2723 4776 recte
2757 4722 3046 4786 colligitur.
3103 4721 3366 4789 Praeterea
3395 4722 3636 4777 coctiam
3692 4721 3876 4791 signitio

2330 4827 2508 4870 catum
2554 4824 2660 4879 est,
2696 4815 2768 4869 ita
2811 4815 3066 4868 feminam
3103 4823 3407 4884 protectore
3465 4814 3587 4866 viro
3611 4828 3742 4882 opus
3787 4811 3874 4864 ha-

2329 4908 2456 4963 bere
2483 4908 2585 4963 sub
2607 4909 2765 4975 cujus
2794 4906 2983 4960 umbra
3017 4915 3126 4960 tuta
3173 4909 3423 4973 latcat,ut
3457 4913 3622 4959 cusuc
3659 4903 3871 4958 bncbiis

2328 5009 2593 5064 contectis
2627 5007 3002 5067 proteguntur.
3044 4997 3282 5067 Denique
3311 4997 3496 5050 eodem
3523 5005 3721 5058 spectat
3748 5008 3869 5064 quo.

2330 5111 2436 5167 quc
2484 5081 2808 5168 mysterium
2835 5093 3067 5163 perfossi
3112 5095 3297 5148 lateris
3344 5091 3554 5146 Domini
3606 5093 3764 5146 nostri
3821 5089 3867 5140 in

2333 5201 2514 5248 cruce,
2549 5201 2616 5239 ex
2667 5179 2778 5254 quo
2810 5183 3066 5253 profluxit
3127 5181 3350 5252 sanguis
3397 5192 3451 5236 et
3500 5193 3662 5252 aqua,
3694 5187 3746 5235 ut
3781 5177 3870 5231 hac

2333 5284 2748 5333 renascerentur
2781 5275 2958 5330 lldeles
3000 5273 3486 5345 perbaptismum,
3522 5272 3615 5327 illo
3651 5285 3767 5326 vero
3789 5283 3867 5321 ex-

2327 5371 2619 5439 piarentur.
2645 5367 2762 5420 ltleo
2789 5366 2931 5421 enim
2959 5368 3145 5419 lancea
3177 5362 3388 5418 Domini
3419 5363 3589 5419 nostri
3621 5363 3868 5428 latusper-

2328 5468 2508 5512 tnsum
2554 5465 2656 5521 cst,
2684 5466 2739 5508 ut
2782 5454 2953 5508 lueret
2983 5453 3332 5521 cxpiaretque
3364 5451 3578 5508 fetninre
3611 5451 3746 5505 illius
3767 5461 3866 5502 sre-

2330 5549 2436 5611 lus,
2469 5561 2589 5616 qua:
2621 5559 2688 5602 cx
2740 5546 2910 5600 latere
2945 5543 3042 5596 viri
3105 5559 3197 5612 per
3236 5551 3441 5599 costam
3491 5540 3663 5597 fuerat
3708 5546 3863 5594 enata.

2333 5641 2505 5694 l'orro
2541 5637 2659 5694 idco
2686 5637 2920 5706 explevit
2942 5649 3103 5691 carne
3129 5636 3307 5692 locum
3335 5643 3600 5706 exempta:
3620 5644 3789 5692 casm.
3809 5639 3868 5680 Μ

2283 5753 2291 5774 ι
2340 5733 2524 5787 dolore
2558 5730 3216 5799 allicercturcxpcrrectus
3263 5727 3455 5790 Adam.
3490 5743 3555 5783 eo
3582 5726 3716 5799 quod
3735 5725 3866 5794 parte

3189 5846 3231 5878 ’⁵
3269 5847 3388 5900 Act.
3420 5861 3471 5909 χ,
3516 5843 3596 5897 ιι.
