4010 6466
85 372 305 448 \5‘5‘

1247 373 1344 432 DE
1386 372 1780 445 PARADISO.
1818 397 1885 408 —
1922 375 2113 434 PARS
2155 375 2203 435 Ι.

3241 381 3270 442 ἒ·
3284 381 3344 442 l3

145 505 198 546 ea
229 469 466 555 corporis
496 494 640 539 esset
679 486 934 550 mutilus;
957 483 1396 560 simultgtemque
1425 484 1687 540 adversus
1712 486 1764 547 Α
1787 499 1909 555 qua:
1931 494 2013 539 est
2026 485 2272 554 corporis
2294 494 2348 540 et
2367 488 2564 542 anima:
2579 487 2915 543 commistio.
2947 489 3254 564 matiam:
3284 496 3364 563 ip-

147 584 419 636 detractam
451 578 551 632 sibi
578 587 782 648 partem
811 578 1142 646 conciperet.
1171 577 1236 632 Et
1257 593 1384 633 vero
1405 577 1513 652 duo
1540 587 1687 641 sunt,

146 688 250 744 qua
279 669 526 736 expedite
559 668 704 724 Deus
731 671 935 738 peregit
961 670 1012 723 in
1042 671 1230 724 Atlatni
1265 685 1494 740 corpore
1522 687 1535 722 :
1566 671 1691 724 alte-

146 778 250 819 rum
298 762 439 830 quod
471 772 676 816 costam
710 761 915 831 absque
964 761 1149 817 dolore
1173 762 1396 824 exemit,
1447 761 1690 814 alterum

145 853 270 923 quod
304 869 398 922 pro
415 862 568 906 costa
588 866 807 906 carnem
839 852 1081 918 sull‘ecit;
1112 860 1164 906 et
1195 852 1411 920 quidem
1433 861 1690 906 neutrum

107 931 316 1000 ~‘ftorum
356 945 624 998 sentiente
657 942 883 1011 Adamo,
917 961 1028 998 rem
1061 954 1245 998 tamen
1283 944 1454 1012 ipsant
1497 942 1694 997 intelli-

142 1041 282 1103 gente
309 1041 473 1101 atque
491 1026 976 1103 cognoscenteper
1006 1033 1246 1088 divinam
1283 1033 1689 1097 revelationem,

141 1140 289 1194 quam
321 1125 521 1179 mentis
547 1125 1000 1194 contemplatione
1027 1126 1360 1190 intuebatur.
1387 1124 1454 1178 Et
1482 1127 1691 1178 concin-

96 1256 104 1262 ρ
141 1217 267 1270 navit
285 1216 540 1269 Dominus
569 1215 707 1270 Deus
753 1233 780 1269 ε
802 1227 949 1270 costa
967 1233 1123 1287 quam
1148 1225 1441 1286 sumpserat
1462 1232 1526 1270 ex
1541 1218 1689 1270 Ada-

141 1318 213 1357 nto
242 1303 512 1371 feminam.
548 1300 670 1358 Haec
702 1318 808 1357 non
837 1311 960 1358 sunt
999 1318 1028 1356 a
1079 1301 1189 1357 Deo
1237 1303 1410 1359 tribus
1464 1302 1690 1358 diversis

144 1405 348 1464 peracta
386 1393 631 1460 vicibus;
685 1409 860 1464 neque
889 1394 940 1448 id
990 1393 1121 1448 dicit
1166 1393 1364 1458 Moses,
1395 1394 1692 1463 sumpsisse

144 1484 293 1538 Dem
334 1483 513 1554 primo
568 1497 796 1552 costam,
835 1495 955 1554 post
1001 1485 1300 1554 explevisse
1355 1487 1531 1540 locum
1571 1486 1690 1552 ejus

139 1590 311 1637 carne,
335 1591 402 1630 ac
433 1583 562 1631 tunc
603 1577 824 1631 demum
847 1577 1202 1632 concinnasse
1257 1578 1515 1631 feminam
1548 1595 1562 1631 :
1601 1591 1690 1631 ve-

139 1669 475 1738 rumsubito,
502 1679 559 1723 et
590 1658 735 1724 oculi
763 1671 1083 1726 brevissima
1122 1671 1415 1725 nit-talione
1439 1680 1688 1740 exempta

138 1769 405 1825 esteosta,
439 1760 773 1830 suﬂectaque
826 1775 976 1828 caro,
1010 1771 1061 1816 et
1096 1760 1436 1815 conformata
1467 1761 1686 1816 femina.
1725 1767 1728 1830 ς

141 1845 262 1902 Nam
291 1849 333 1903 si
371 1851 512 1902 intra
543 1850 686 1904 oculi
737 1862 1069 1905 momentum
1101 1860 1347 1921 resurget
1378 1855 1687 1907 universum

138 1952 292 2006 genus
324 1940 647 2002 humanum,
681 1949 736 1994 ut
763 1940 920 1995 divus
945 1939 1147 1996 Paulus
1178 1943 1271 2007 ait,
1309 1943 1379 2006 ⁸⁸,
1410 1944 1576 1998 multo
1607 1944 1686 1997 la-

136 2026 284 2080 cilius
341 2028 640 2098 intelligere
693 2045 1007 2099 possumus,
1053 2032 1212 2086 simul
1270 2033 1359 2087 illa
1403 2035 1504 2087 tria
1547 2035 1688 2104 apud

135 2118 391 2172 Adamum
418 2135 448 2172 a
487 2121 606 2173 Deo'
642 2130 853 2191 peracta
887 2137 1008 2177 esse
1041 2138 1058 2177 :
1108 2139 1293 2178 verum
1333 2121 1553 2194 quando
1577 2143 1684 2183 non

135 2209 302 2274 potuit
328 2203 507 2264 Moses
536 2210 698 2291 simul
723 2213 904 2265 omnia
938 2214 1050 2269 hac
1075 2215 1238 2269 verbo
1271 2232 1378 2269 uno
1399 2219 1689 2287 complecti

135 2310 284 2365 atque
301 2302 589 2354 enuntiare
615 2312 668 2356 et
701 2302 1024 2371 describere,
1045 2313 1369 2393 coaettts'est
1407 2325 1472 2363 ex
1501 2312 1689 2364 ordine

135 2390 304 2445 dicere
339 2391 510 2446 Deum
538 2395 750 2462 cepisse
789 2407 1014 2461 costam,
1047 2411 1100 2451 et
1128 2390 1293 2454 cusuc
1318 2401 1436 2455 loco
1471 2419 1688 2458 carnem

139 2484 504 2550 supposuisse,
533 2500 596 2539 ac
623 2485 879 2540 feminam
907 2489 1282 2545 concinnasse.
1300 2489 1512 2563 Rursus
1540 2510 1687 2564 qua:-

137 2575 284 2638 ritur,
317 2589 413 2628 cur
436 2575 617 2632 Moses
648 2580 712 2631 de
730 2577 937 2632 Adamn
969 2590 1214 2648 usurpet,
1247 2581 1426 2647 (ιέὁαι,
1455 2584 1558 2638 hoc
1583 2595 1684 2650 est,

137 2665 358 2734 fingendi
396 2667 512 2721 sive
539 2667 827 2737 subigendi
856 2669 1078 2728 verbum
1111 2687 1125 2734 ;
1157 2681 1209 2725 at
1233 2673 1299 2726 de
1331 2672 1462 2740 Eva,
1490 2674 1685 2742 Tacen,

135 2755 230 2809 ltoc
262 2765 364 2820 est,
401 2757 785 2812 concinnandi.
808 2758 1243 2829 Respondemus,
1279 2764 1511 2834 fingendi
1539 2768 1688 2820 subi-

134 2846 348 2912 gemlive
377 2848 699 2902 vocabulum
753 2849 866 2904 luto
921 2853 1232 2916 convenire,
1267 2851 1331 2909 ei
1373 2872 1482 2924 quo
1516 2858 1686 2913 Adam

1741 2096 1754 2120 \

1775 577 1908 627 'sam
1937 575 2005 627 ad
2021 574 2303 630 Adamnm.
2320 576 2495 643 Unde,
2525 589 2700 648 etquo
2716 579 2868 634 duxit
2888 580 3031 633 illam
3053 582 3076 634 ?
3093 581 3236 637 Sane
3254 600 3364 639 non

1794 681 1859 721 ex
1892 682 2002 721 uno
2056 667 2175 720 loco
2205 667 2271 721 ad
2313 667 2580 725 alterum:
2627 672 2719 725 sed
2759 687 2880 726 cum
2923 683 3046 726 ante
3091 675 3143 727 itt
3179 692 3357 731 rerum

1795 769 1986 812 natura
2060 773 2168 813 non
2227 759 2442 825 fuisset,
2522 761 2780 828 produxit
2852 763 2905 816 in
2973 778 3153 816 rerum
3216 777 3364 821 natu-

1796 865 1937 903 ram.
2017 849 2287 903 Caeterum
2339 851 2460 904 ideo
2504 849 2706 906 dicitur
2765 852 2833 904 ad
2876 854 3144 907 Adamum
3200 855 3361 909 ducta

1797 954 1950 1004 esse,
1987 939 2118 1008 quia
2171 940 2289 1007 ejus
2323 941 2494 1009 gratia
2550 941 2723 1010 ipsam
2764 943 3104 1006 condiderat,
3139 945 3331 998 cont-in

1792 1039 2056 1098 naratque
2112 1028 2254 1084 Deus
2283 1047 2298 1096 ;
2349 1030 2423 1084 ait
2449 1031 2592 1084 enim
2641 1031 2915 1100 Scriptura
2951 1050 2965 1084 :
2999 1032 3219 1088 Faciam
3252 1038 3365 1104 'ips.

1793 1120 2175 1173 adminiculum
2200 1121 2375 1190 quatis
2408 1123 2516 1190 ipse
2543 1131 2638 1174 est.
2669 1124 2769 1175 Sed
2804 1131 2909 1176 non
2934 1133 3038 1186 est,
3067 1134 3127 1176 ut
3157 1128 3222 1178 ab
3243 1127 3361 1194 ipso

1791 1211 1968 1263 ablata
1990 1210 2165 1265 fuerat
2189 1211 2344 1268 rudis
2365 1223 2530 1280 atque
2555 1210 2800 1266 informis
2821 1227 2994 1278 costa,
3024 1216 3100 1268 ita
3129 1226 3180 1268 et
3208 1220 3359 1270 resti-

1794 1310 1946 1358 tnta:
1981 1317 2166 1355 verum
2210 1301 2321 1369 jam
2377 1304 2701 1357 concinnata
2771 1304 3065 1374 cﬂ‘ectaque
3137 1306 3357 1360 femina.

1791 1390 1859 1444 Et
1886 1393 2143 1446 aitAdant
2165 1407 2186 1446 :
2206 1392 2324 1446 Hac
2354 1396 2461 1446 vice
2484 1411 2540 1447 os
2579 1396 2642 1447 de
2662 1395 2866 1448 ossibus
2891 1399 3036 1460 meis,
3065 1409 3113 1450 et
3132 1415 3257 1452 caro
3295 1400 3360 1451 de

1790 1497 1948 1536 carne
2003 1497 2139 1536 mea.
2194 1481 2293 1536 Hic
2345 1486 2693 1539 vaticinantis
2743 1487 2934 1539 Adami
2991 1489 3149 1539 verba
3201 1490 3358 1542 nobis

1791 1577 1972 1646 prodit
2005 1575 2166 1639 divus
2199 1574 2406 1644 loses;
2438 1593 2565 1630 nam
2621 1578 2713 1646 qui
2751 1593 2946 1646 sopore
2977 1587 3138 1646 atque
3176 1581 3359 1647 quiete

1790 1665 2020 1719 obrutus
2042 1665 2280 1733 iacebat,
2308 1668 2505 1720 anime
2545 1681 2671 1720 vero
2703 1668 3051 1737 sutejntcritu
3103 1667 3359 1735 agitatio-

1795 1755 1958 1808 nibus
1986 1755 2294 1824 mentisque
2318 1757 2777 1826 contemplatione
2797 1763 2916 1816 rem
2949 1761 3115 1826 ipsam
3153 1770 3274 1827 quae
3304 1759 3355 1810 iu

1794 1848 2078 1903 eximenda
2128 1859 2281 1905 costa
2346 1850 2836 1920 concinnandaque
2891 1850 2998 1904 Eva
3063 1852 3354 1920 agebatur,

1791 1937 2206 2004 considerabat;
2240 1939 2422 1993 subito
2456 1950 2829 2007 experrectus,
2862 1955 2984 1993 cum
3017 1955 3148 2006 cam
3181 1941 3354 2008 ipsam

1791 2027 2075 2102 mulierem
2108 2044 2269 2097 quam
2299 2044 2397 2098 per
2426 2031 2701 2084 somnium
2731 2029 3068 2084 conformari
3103 2033 3356 2084 animad-

1790 2129 2048 2185 verterat,
2082 2135 2266 2174 coratn
2307 2135 2368 2174 se
2397 2128 2629 2175 stantem
2655 2121 2782 2190 vigil
2830 2121 3139 2180 inveniret:
3173 2122 3355 2175 divina

1791 2213 1963 2265 sancti
2003 2210 2246 2280 Spiritus
2276 2213 2448 2281 gratia
2505 2212 2770 2281 impulsus
2817 2213 3235 2277 vaticinabatur,
3269 2213 3359 2266 in-

1789 2303 2022 2372 quiens:
2065 2300 2182 2355 [Iac
2219 2304 2323 2356 vice
2353 2319 2410 2357 os
2465 2307 2530 2356 de
2584 2304 2785 2356 ossibus
2827 2303 2974 2364 meis,
3026 2314 3074 2356 cl
3124 2319 3247 2356 caro
3295 2304 3358 2355 ιιι

1787 2408 1943 2445 carne
1981 2408 2118 2464 mea,
2155 2393 2304 2457 Quod
2325 2395 2408 2446 ait
2442 2410 2456 2448 :
2489 2392 2605 2447 Hac
2643 2387 2768 2458 eice,
2821 2396 2888 2447 ad
2919 2394 3064 2450 illius
3100 2396 3357 2464 temporis

1788 2493 1995 2552 Spectat
2021 2485 2338 2548 discrimen,
2373 2501 2483 2555 quo
2501 2486 2644 2538 Deus
2673 2487 2874 2549 bestias
2898 2501 2960 2540 ac
2984 2488 3229 2555 iumenta
3253 2504 3354 2542 vo-

1791 2575 2074 2644 lucresque
2097 2578 2162 2629 ad
2187 2576 2337 2630 illum
2361 2590 2565 2647 egerat,
2589 2579 2912 2648 imponendo
2925 2596 3040 2633 rum
3075 2580 3354 2633 nominum

1788 2677 1974 2718 causa.
2041 2664 2270 2719 Perinde
2317 2680 2380 2720 ac
2431 2667 2478 2720 si
2547 2666 2655 2721 Deo
2681 2663 2826 2722 dicat
2864 2669 3105 2723 Adamus
3136 2689 3148 2725 :
3179 2669 3355 2735 Quam

1786 2769 1933 2807 nunc
1978 2756 2044 2808 ad
2084 2771 2168 2809 me
2227 2755 2498 2812 adduxisti
2551 2759 2868 2824 mulierem,
2925 2761 3085 2830 longe
3136 2763 3239 2815 alia
3269 2775 3354 2820 est

1788 2854 1949 2914 atque
1985 2845 2136 2901 fuere
2169 2847 2466 2902 animantia
2510 2850 2600 2902 illa
2626 2852 2828 2918 quibus
2855 2852 2921 2907 ad
2961 2868 3046 2906 me
3079 2855 3219 2907 actis
3253 2871 3354 2908 tto-

134 2932 389 2990 forusatus
407 2939 724 3008 est;subigi
743 2939 886 2994 enim
917 2941 1088 2995 lutum
1112 2942 1286 3008 debet,
1317 2954 1372 2998 ut
1407 2947 1682 3016 quidpiam
1783 2934 1930 2986 mina
1957 2935 2166 3000 indidi;
2199 2925 2390 3006 neque
2421 2938 2569 2994 enim
2606 2940 2695 2993 illa
2751 2956 2817 2994 ex
2866 2956 2952 2995 me
2993 2954 3228 3012 smnpta,
3261 2955 3355 2997 aut

134 3039 193 3079 ex
215 3025 331 3096 ipso
362 3026 494 3093 fiat;
528 3037 584 3082 at
612 3039 760 3083 costa
789 3045 917 3084 eum
945 3030 1054 3100 jam
1088 3042 1201 3087 tum
1238 3035 1392 3088 subat
1410 3044 1465 3089 to
1487 3052 1550 3090 ca
1572 3039 1685 3094 lnto

1783 3041 1914 3080 meas
1945 3025 2156 3082 fuerant
2183 3035 2426 3096 naturae;
2453 3039 2508 3084 at
2531 3033 2644 3087 haec
2671 3047 2733 3087 os
2756 3043 2836 3088 cst
2861 3048 2925 3087 ex
2949 3036 3165 3090 ossibus
3195 3038 3351 3099 meis,

138 3116 356 3171 formata
381 3119 693 3185 exsisteret,
725 3121 840 3176 sola
874 3124 1316 3182 concinnitudine
1359 3143 1494 3197 opus
1523 3133 1689 3188 babe-
1713 3141 1757 3203 ε
1789 3125 1841 3170 ει
1863 3131 1988 3171 (⁵³το
2017 3134 2083 3172 ει
2121 3135 2286 3196 Came
2323 3137 2463 3184 mea»
2496 3123 2597 3175 hoc
2647 3132 2751 3185 es"
2797 3139 2862 3176 ει
2900 3125 3105 3192 ιιιείμδο
3136 3136 3352 3194 accep“

134 3208 235 3274 bat,
268 3221 326 3264 ut
362 3212 412 3264 itt
453 3210 710 3266 feminam
734 3216 1004 3270 evaderet.

198 3296 302 3350 Cur
333 3315 435 3352 non
467 3301 660 3353 dixerit
695 3300 887 3363 Moses,
925 3304 1234 3372 inspiratam
1253 3307 1306 3360 in
1329 3309 1517 3377 [aciem
1538 3314 1682 3376 Ειιω,

134 3389 375 3454 animant,
403 3399 461 3443 ut
490 3394 554 3444 de
580 3392 784 3446 Adamo
810 3395 944 3453 dixit
989 3426 1064 3442 —
1093 3395 1210 3451 Jam
1237 3408 1375 3466 vero;
1407 3401 1508 3456 boc
1538 3419 1682 3473 quo-

137 3493 232 3547 que
261 3480 580 3551 interrogari
623 3493 818 3551 potest,
852 3501 950 3539 cur
986 3503 1093 3541 non
1119 3489 1189 3542 sit
1218 3491 1418 3546 dictum
1451 3495 1517 3547 de
1551 3494 1680 3560 Eva,

138 3571 270 3638 quod
308 3572 660 3627 insufﬂaverit
691 3573 826 3632 Deus
859 3578 911 3632 in
944 3579 1116 3648 ipsam
1148 3583 1406 3648 animant,
1449 3587 1592 3642 sicut
1618 3592 1684 3644 de

135 3660 328 3713 Adamo
355 3663 613 3731 scriptum
651 3673 734 3717 cst
767 3682 781 3717 :
822 3665 889 3718 Et
918 3668 1196 3743 intentavit
1222 3673 1281 3723 in
1313 3672 1504 3740 facient
1520 3677 1681 3743 ipsius

135 3749 354 3818 aut'ptam
378 3754 604 3806 vitalem.
634 3753 1040 3824 Respondemus
1068 3740 1412 3832 ttequaquam
1443 3780 1508 3819 eo
1538 3740 1679 3823 istud

135 3837 322 3893 factum
362 3858 483 3897 esse
513 3847 655 3913 quod
685 3844 794 3900 Eia
835 3865 940 3902 non
976 3849 1143 3904 fuerit
1176 3855 1397 3920 predita
1430 3857 1679 3914 rationali

135 3933 303 3986 anima
329 3933 553 4002 perinde
586 3950 649 3989 ac
699 3937 941 3994 Adamus
975 3951 1069 3994 aut
1129 3959 1232 3996 non
1270 3949 1565 4015 composita
1615 3965 1678 4004 ex

134 4035 351 4090 corpore
378 4033 430 4078 et
454 4026 654 4088 anima,
677 4036 733 4079 ut
757 4028 862 4095 ille,
879 4045 1052 4098 neque
1077 4045 1200 4084 vero
1217 4032 1375 4086 etiam
1395 4039 1681 4101 quasiani-

136 4126 216 4164 ωδ
243 4127 306 4166 ex
349 4127 576 4183 corpore
611 4128 886 4183 nascatur,
913 4120 1056 4174 sicut
1082 4137 1142 4176 05
1165 4137 1226 4176 CX
1259 4137 1445 4178 esseet
1468 4142 1594 4181 caro
1615 4145 1678 4184 (ΒΧ

137 4215 290 4289 carqe
325 4221 339 4256 :
373 4205 464 4258 sed
498 4206 707 4260 duabus
759 4207 826 4261 de
847 4210 1044 4287 -causis
1081 4211 1211 4267 illud
1261 4218 1676 4282 praetermissum

137 4292 185 4346 in
215 4294 437 4355 historia
465 4312 608 4365 esse,
632 4313 864 4366 quarum
889 4299 1054 4354 altera
1078 4312 1181 4366 est,
1230 4320 1352 4357 cum
1385 4316 1509 4359 ante
1540 4317 1679 4362 esset

139 4385 429 4465 dendamo
454 4389 810 4456 explicatum,
849 4391 1142 4474 liumanatn
1179 4405 1428 4448 naturam
1459 4412 1522 4450 ex
1551 4413 1676 4452 cor-

1787 3217 1891 3272 est,
1923 3225 2163 3278 meaeque
2217 3220 2302 3265 est
2344 3213 2559 3280 penitus
2624 3224 2834 3267 natura:
2893 3217 3160 3284 particeps
3195 3233 3208 3268 :
3246 3232 3350 3270 una

1785 3314 1983 3369 quippe
2031 3301 2327 3380 eademque
2370 3311 2562 3355 natura
2612 3315 2923 3358 constamus
2977 3320 3074 3374 ego
3113 3306 3339 3374 illaque.

1785 3392 2046 3447 Caeterum
2101 3393 2315 3447 duabus
2380 3392 2431 3446 id
2479 3393 2818 3449 orationibus
2859 3396 3064 3451 sciebat
3111 3398 3350 3450 Adamus

1785 3485 1930 3554 quod
1983 3483 2070 3537 hic
2101 3485 2512 3553 pronuntiabat,
2541 3494 2602 3540 et
2638 3489 2832 3540 mentis
2881 3502 2992 3546 suae
3015 3489 3348 3557 contempla-

1786 3575 1932 3630 tione
1956 3577 2061 3645 qu’a
2090 3575 2366 3630 dormiens
2404 3578 2678 3640 cernebat,
2701 3587 2755 3632 et
2784 3579 3017 3647 Spiritus
3048 3583 3216 3632 sancti
3251 3579 3336 3631 bc-

1785 3668 1946 3737 nigna
2013 3666 2297 3721 edieientia
2368 3683 2478 3738 qua
2528 3669 2709 3733 intus,
2771 3669 3173 3739 illustraliatnr.
3238 3669 3343 3724 Sed

1783 3755 2323 3809 animadvertendum
2348 3768 2430 3810 est
2448 3760 2712 3812 Adamum
2734 3776 2947 3827 quoque
2970 3776 3032 3812 ex
3060 3762 3182 3814 Eia:
3200 3778 3345 3814 eum-

1784 3847 2030 3914 positura
2086 3862 2240 3901 suam
2303 3849 2472 3915 ipsius
2523 3849 2854 3903 intellexisse
2905 3855 3341 3920 agnovisseque:

1785 3951 1907 3990 cum
1937 3938 2081 3990 enim
2118 3953 2211 4006 per
2245 3940 2411 3991 animi
2451 3923 2542 3992 sui.
2561 3941 3072 4010 contemplationem
3105 3945 3343 3996 intuere-

1785 4036 1871 4081 tur
1891 4026 2203 4082 Creatorem
2239 4045 2362 4082 eum
2396 4031 2489 4098 qui
2538 4030 2699 4083 Evam
2744 4034 3007 4086 condebat
3052 4033 3342 4087 alliciebat-

1783 4134 1906 4187 qne,
1938 4120 2265 4188 agnoscebat
2289 4121 2449 4174 simul
2482 4129 2535 4172 et
2565 4135 2716 4173 suam
2750 4122 2864 4190 ipse
2893 4126 3258 4176 conditionem
3291 4140 3343 4177 ct

1781 4222 1901 4260 eum
1933 4207 2024 4275 qui
2055 4221 2112 4260 se
2150 4207 2445 4260 ereavisset
2472 4207 2616 4278 (l8):
2653 4196 2793 4263 sicut
2825 4212 2984 4263 etiam
3015 4214 3185 4278 angeli
3219 4230 3338 4266 cum

1787 4300 2034 4353 viderent
2058 4278 2266 4362 animas
2283 4299 2478 4353 Adami
2499 4299 2684 4354 τιΕγω
2712 4317 2738 4352 a
2765 4302 2871 4375 Dio
2897 4303 3063 4354 creari
3092 4306 3339 4370 praeditas

1781 4391 1991 4444 ratione
2032 4399 2083 4443 et
2132 4390 2507 4458 intelligentia,
2568 4400 2622 4443 et
2668 4391 3037 4456 immortales,
3093 4393 3194 4446 ltoe
3237 4376 3338 4454 est.

139 4491 259 4544 pore
288 4489 341 4532 et
369 4495 548 4536 anutta
575 4483 630 4534 in
661 4482 827 4549 ipsius
854 4481 1045 4538 faciem
1079 4486 1346 4541 ἱιιειιίῐιειιςι
1403 4499 1674 4554 constare,
1708 4481 1754 4536 υ
1783 4482 1884 4535 sibi
1911 4480 2149 4544 similes,
2195 4488 2324 4532 tunc
2378 4479 2594 4531 demum
2650 4480 3042 4550 tntelligebant,
3085 4498 3190 4550 qua
3237 4485 3336 4552 ipsi

143 4569 351 4624 minime
374 4583 488 4627 erat
511 4575 872 4628 necessarium
901 4573 1038 4630 idem
1064 4579 1128 4630 de
1153 4578 1256 4632 Eva
1285 4582 1370 4634 hic
1401 4594 1672 4650 repetere;

140 4661 314 4727 altera,
329 4664 451 4731 quia
471 4679 592 4718 cum
607 4675 810 4720 costam
827 4679 1171 4735 temperasset
1188 4669 1326 4722 Deus
1343 4672 1497 4724 rebus
1513 4672 1680 4725 omni-

149 4750 240 4805 bus
266 4755 460 4827 quibus
489 4770 623 4823 opus
638 4764 751 4809 erat
787 4756 1287 4827 conformassctque
1319 4761 1370 4812 in
1399 4761 1676 4826 feminam,

141 4843 346 4895 dubium
379 4860 499 4898 esse
523 4860 629 4898 non
672 4850 839 4915 potttit
868 4850 998 4917 quin
1029 4851 1192 4902 simul
1241 4850 1473 4902 animam
1506 4853 1558 4903 in
1594 4852 1678 4920 ip-

143 4937 246 4986 sius
268 4934 453 4989 laciem
513 4938 850 5006 inspirasset,
902 4941 1061 5008 idque
1094 4943 1172 4994 vel
1203 4942 1325 4994 ltinc
1358 4945 1672 5012 intelligitur

144 5026 273 5091 quod
311 5035 362 5078 et
383 5028 424 5079 si
449 5027 555 5079 alio
578 5029 736 5080 modo
751 5031 918 5082 Adam
949 5032 1053 5084 alio
1081 5033 1186 5084 Eva
1211 5036 1308 5084 orti
1335 5045 1456 5086 sunt
1478 5035 1667 5103 (Adam

148 5117 276 5168 enim
306 5134 369 5170 ex
393 5120 503 5171 luto
526 5118 700 5174 factus
729 5131 828 5183 est,
859 5122 965 5175 Eva
999 5139 1121 5177 vero
1147 5141 1206 5178 ex
1225 5127 1427 5180 Adatno
1454 5114 1674 5180 concin-

146 5219 274 5270 ttata,
301 5221 457 5276 atque
475 5210 779 5275 Adatn,nou
799 5224 1088 5281 generatus
1102 5219 1326 5282 exstitit;
1352 5216 1455 5271 Eva
1473 5235 1595 5272 vero
1613 5235 1676 5274 ex

149 5300 335 5352 Atlante
371 5313 448 5354 est
466 5303 743 5373 producta)
772 5314 945 5359 tamen
968 5309 1266 5362 consimilis
1281 5326 1501 5377 prorsus
1519 5312 1676 5367 ambo

147 5401 471 5448 tuntnatura:
499 5399 720 5466 parique
752 5400 1136 5467 compositione
1154 5404 1380 5455 naturali
1402 5415 1672 5469 cortStant,

212 5531 252 5561 ’⁸
285 5531 302 5583 ι
330 5535 446 5590 Cor.
481 5554 567 5603 xv,
601 5539 688 5593 5‘2.

215 5651 321 5733 (l8)_
346 5654 492 5712 Errat
537 5661 690 5727 plane
730 5660 827 5713 ΒΜ
864 5664 1063 5729 Cepha,
1099 5681 1215 5716 nam
1250 5667 1555 5733 plenissima
1590 5686 1674 5722 re-

156 5730 258 5772 rum
311 5725 659 5784 humanarum
712 5725 1308 5804 superenturaliumqne
1378 5741 1679 5804 cognitione

1779 4581 1960 4626 essent
1991 4564 2301 4625 conditione
2331 4579 2540 4624 natura:
2588 4571 2777 4637 creati,
2805 4581 2856 4625 ct
2914 4589 2942 4624 a
2973 4587 3080 4639 quo
3126 4574 3333 4641 υριιὶίιυ.

1779 4663 2076 4717 Possumus
2107 4663 2270 4716 etiam
2299 4665 2450 4716 aliter
2476 4663 2635 4716 verba
2673 4663 2761 4715 illa
2785 4679 2796 4713 :
2829 4659 2941 4713 Hac
2970 4666 3073 4714 rice
3105 4681 3181 4727 os,
3203 4675 3333 4726 εις..

1783 4753 1835 4808 in
1868 4754 2189 4808 sententiam
2225 4755 2563 4822 interpretari
2595 4771 2607 4805 :
2637 4752 2745 4808 llac
2777 4754 3041 4807 duntaxat
3077 4754 3190 4808 vice
3219 4772 3336 4807 tnu-

1786 4848 1885 4899 lier
1919 4846 1989 4898 ita
2014 4844 2300 4908 formatur,
2333 4855 2388 4897 ut
2422 4847 2574 4899 sitos
2597 4860 2661 4899 ex
2691 4847 2908 4900 ossibus
2934 4846 3066 4898 meis
3088 4885 3102 4909 ,
3132 4857 3182 4899 et
3211 4862 3334 4910 cano

1782 4950 1848 4988 ex
1889 4948 2053 4986 carne
2098 4949 2257 4998 mea;
2289 4934 2340 4985 in
2383 4945 2659 5002 posterum
2688 4952 2812 4988 vero
2860 4952 2964 4988 non
3027 4938 3104 4989 sic
3135 4935 3336 4988 formu-

1783 5025 1982 5078 buntur
2019 5025 2296 5086 mulieres,
2329 5026 2420 5078 sed
2456 5041 2549 5094 per
2593 5028 2758 5081 maris
2798 5042 2917 5080 cum
2969 5026 3169 5080 femina
3203 5042 3331 5080 con.

1784 5117 2005 5168 nubium
2039 5116 2482 5183 procreabuntur.
2515 5120 2637 5170 Harc
2672 5119 2938 5171 vocabitur
2970 5121 3180 5183 mulier,
3211 5121 3331 5187 quia

1781 5220 1808 5257 ε
1845 5209 1952 5256 viro
1977 5217 2188 5273 accepta
2215 5217 2312 5258 est.
2345 5203 2568 5260 Videtur
2599 5209 2810 5278 quidem
2840 5210 2951 5262 haec
2984 5211 3157 5263 oratio
3190 5213 3330 5262 ltttttc

1781 5312 1891 5366 pra:
1932 5314 1989 5351 se
2039 5298 2179 5350 ferre
2217 5313 2458 5362 sensum,
2516 5301 2659 5368 quod
2713 5301 2831 5353 idco
2864 5301 3007 5354 dicta
3040 5304 3107 5354 sit
3137 5301 3331 5351 mulier

1782 5393 1905 5460 quia
1940 5407 2003 5444 ex
2032 5394 2144 5444 viro
2171 5401 2385 5460 sumpta
2417 5404 2519 5456 cst,
2579 5382 2700 5446 cum
2743 5405 2916 5448 tamen
2949 5404 3160 5463 propter
3201 5393 3329 5459 legi-
3393 5422 3411 5434 κ

1785 5680 1889 5734 qua
1934 5666 2168 5721 imbutus
2197 5666 2296 5720 fuit
2340 5669 2508 5721 Adam
2543 5681 2681 5720 recte
2711 5670 2970 5740 originem
3015 5687 3124 5723 sum
3161 5673 3324 5723 novit.

1789 5743 1848 5790 δ.
1878 5737 2134 5804 ’[1ιυωηε,
2170 5754 2182 5789 ι
2220 5750 2356 5807 part.
2388 5755 2442 5808 q.
2472 5741 2556 5804 99,
2584 5750 2683 5790 art.
2711 5740 2765 5792 5.

3440 5721 3468 5748 θ
