4176 6448
643 343 749 407 ΜΤ

1859 344 1861 348 ⁴
1931 337 2163 398 ΜΟΒΙΒ
2207 324 2355 396 DAR
2401 333 2641 394 CEPIIA

3796 338 3895 403 M3

644 456 842 520 timum
866 466 991 508 cum
1015 453 1133 508 viro
1156 451 1467 521 conjugium
1504 450 1697 505 mulier
1719 447 2152 519 apelletur.Nam
2175 448 2219 501 si
2248 450 2298 506 Α
2326 442 2527 497 divinis
2583 439 3006 497 revelationibus
3038 444 3444 513 pronuntiasse.
3485 445 3619 501 Nat‘n
3651 447 3739 503 illa
3779 453 3895 521 ipsa

645 545 769 600 inde
802 544 948 615 quod
1006 554 1220 612 sumpta
1274 542 1347 596 sit
1388 556 1458 597 ex
1494 542 1635 605 viro,
1685 540 1790 595 hoc
1827 540 2066 595 nominis
2101 554 2225 594 sor-

641 637 817 691 tiatur
852 636 1012 706 plane
1056 644 1151 689 aut
1179 644 1406 689 caeteras
1452 632 1704 688 mulieres
1760 646 1955 688 omnes
1996 648 2060 688 ex
2108 631 2225 686 suis

644 729 863 785 maritis
886 737 1135 797 acceptas
1169 726 1326 781 fateri
1350 726 1642 796 oportebit,
1670 734 1764 780 aut
1792 741 1979 780 earum
2020 724 2223 777 nullam

647 823 902 879 mulieris
925 822 1147 875 nomine
1170 821 1387 890 dignam
1410 834 1548 873 esse.
1576 819 1729 901 Quod
1753 831 1935 873 autem
1962 818 2252 895 vocabulo

648 905 882 970 féminas
936 926 1319 981 nuncupemus
1364 911 1435 965 ob
1485 910 1760 979 legitimas
1810 925 1932 965 cum
1986 910 2228 965 maribus

648 1003 893 1072 nuptias,
917 1002 1033 1072 ipse
1074 1018 1173 1057 nos
1212 1017 1345 1057 usus
1383 1002 1543 1057 docet
1567 1019 1672 1071 quo
1703 1018 1798 1057 eas
1843 1003 2229 1057 consuevimus

646 1096 794 1152 solas
848 1093 931 1149 sic
976 1094 1251 1162 appellare
1300 1093 1501 1162 quibus
1564 1094 1865 1164 legitimum
1923 1094 2230 1149 intercessit

646 1203 772 1241 cum
805 1188 939 1242 viris
973 1186 1407 1241 matrimonium.
1447 1185 1589 1251 Quin
1623 1177 1796 1240 divus
1838 1183 2040 1239 Paulus
2076 1188 2233 1254 quo-

648 1295 758 1348 que
791 1280 880 1333 ubi
915 1278 1181 1347 virginem
1212 1277 1447 1332 secernit
1477 1292 1506 1331 a
1538 1277 1792 1343 muliere,
1839 1276 2081 1333 ostendit
2106 1292 2229 1332 eam

648 1389 772 1442 qua:
802 1386 909 1426 non
945 1383 1027 1426 est
1061 1370 1361 1426 secundum
1395 1367 1563 1439 legem
1600 1379 1769 1433 nupta
1801 1371 1918 1424 viro
1941 1372 2227 1426 mulierem

644 1465 826 1519 vorari
866 1480 974 1518 non
1024 1473 1273 1534 oportere
1329 1463 1399 1524 ".
1462 1463 1555 1518 sed
1638 1479 1757 1517 eam
1813 1480 1936 1533 qua:
1974 1463 2231 1533 legitimis

649 1555 857 1624 nuptiis
910 1571 1035 1611 cum
1090 1556 1209 1609 viro
1273 1556 1479 1610 sociata
1511 1556 1605 1611 sit.
1664 1555 2079 1623 lnsuper,banc
2110 1570 2233 1610 esse

645 1644 869 1698 illorum
920 1644 1207 1697 verborum
1269 1642 1623 1709 sententiam,
1678 1643 1852 1711 ipsius
1885 1642 2075 1697 Adami
2112 1657 2233 1712 qua

646 1738 1061 1804 subsequuntur
1103 1737 1273 1791 verba
1337 1744 1614 1805 arguunt:
1655 1735 1942 1806 PrOpterea
1977 1736 2231 1807 relinquet

646 1829 726 1880 vir
744 1835 946 1896 patrem
972 1843 1125 1880 suum
1144 1836 1192 1880 et
1214 1836 1465 1899 matrem,
1478 1835 1527 1879 et
1547 1826 1838 1881 adhaerebit
1864 1826 2074 1880 mulieri
2094 1843 2223 1881 sure.

647 1920 792 1973 Nam
836 1920 945 1975 nisi
997 1919 1239 1989 legitimo
1292 1920 1605 1994 nuptiarum
1663 1918 1881 1972 vinculo
1932 1919 2226 1989 conjuncta

648 2012 849 2067 fuisset
880 2012 985 2067 sibi
1042 2026 1142 2067 sua
1195 2010 1610 2080 femina,.plaue
1649 2025 1759 2065 non
1812 2019 2059 2066 vocasset
2108 2026 2227 2066 eam

649 2119 807 2160 suam
843 2104 1125 2158 mulierem
1160 2104 1275 2159 sive
1306 2119 1555 2157 uxorem.
1590 2104 1831 2173 Denique
1856 2098 1987 2159 sunt
2009 2105 2229 2174 quidam

649 2198 1036 2267 interpretum,
1095 2195 1212 2267 qui,
1267 2196 1415 2261 ltto,
1468 2196 1573 2250 ltoc
1624 2207 1729 2263 est,
1777 2198 2061 2252 mulierem
2116 2198 2232 2252 sive

652 2304 881 2345 uxorem
909 2298 1154 2343 vocatam
1174 2288 1394 2342 tradant
1410 2289 1554 2357 illam
1581 2288 1681 2342 boc
1697 2298 1880 2359 etymo
1901 2305 1916 2351 ;
1936 2290 2091 2356 quasi
2114 2289 2232 2357 ipsa

648 2388 720 2438 ad
758 2383 1017 2437 maritum
1045 2396 1206 2437 suum
1240 2382 1478 2436 dixerit:
1504 2382 1636 2435 Atta
1672 2381 1747 2436 Ta
1775 2380 1966 2445 laedi,
2000 2383 2104 2435 ltoc
2129 2388 2233 2446 est,

654 2485 711 2529 tu
740 2474 925 2530 accede
952 2480 1021 2527 ad
1052 2490 1154 2537 me,
1179 2473 1438 2527 nimirum
1474 2474 1516 2528 si
1544 2474 1680 2529 velis
1703 2474 1839 2527 mibi
1882 2475 1981 2528 rite
2010 2474 2232 2540 sociari,

651 2576 916 2637 paterque
947 2567 1243 2622 liberorum
1298 2566 1411 2622 fieri
1458 2568 1817 2623 conservandi
1864 2569 2077 2636 generis
2120 2567 2236 2621 huc

652 2659 801 2727 mani
840 2651 1035 2729 gratia.
1082 2656 1387 2713 Conﬁcitur
1426 2660 1626 2729 itaque
1672 2659 1756 2714 bis
1804 2659 2079 2723 omnibus,
2110 2660 2234 2715 ideo

654 2751 825 2804 Evam
862 2750 1064 2804 dictam
1082 2765 1204 2805 esse
1230 2748 1364 2816 Itto,
1392 2749 1495 2806 ltoc
1521 2759 1625 2815 est,
1654 2751 1936 2805 mulierem
1963 2752 2079 2805 sive
2102 2767 2235 2823 uxo-

653 2857 796 2906 rem,
819 2841 946 2911 quia
972 2842 1089 2912 lege
1119 2841 1237 2895 viro
1263 2840 1553 2909 conjuncta
1574 2851 1713 2905 erat,
1738 2856 2038 2911 omnesque
2060 2857 2123 2895 ac
2148 2856 2241 2895 so-

655 2933 740 2989 las
760 2935 994 2988 feminas
1009 2936 1113 2986 rite
1132 2941 1331 3003 nuptas
1358 2933 1451 2987 illo
1483 2932 2240 3003 nominedignasesse,atque

660 3028 720 3082 in
776 3043 896 3081 eam
948 3028 1276 3081 sententiam
1323 3026 1517 3080 Adami
1566 3027 1731 3080 verba
1778 3027 1872 3080 illa
1911 3039 2036 3081 esse
2063 3026 2236 3095 expli—

2325 529 2583 587 Cltristus
2614 532 2670 585 in
2707 531 3001 601 Evangelio
3020 533 3174 603 quasi
3206 549 3272 589 ex
3327 533 3422 589 Dei
3463 536 3639 592 Patris
3665 554 3896 609 persona

2326 623 2469 678 dicta
2497 622 2701 693 profert
2734 623 2778 655 "
2807 641 2821 678 :
2846 624 3689 695 quandoquidem,pr0pbetarum
3717 632 3895 697 verba,

2328 716 2432 770 etsi
2477 731 2543 771 ex
2595 717 2837 784 ipsorum
2882 717 3072 771 oribus
3119 720 3473 787 emanarint,
3526 730 3705 778 tamen
3745 734 3803 779 ut
3830 726 3896 779 alt

2331 808 2450 876 ipso
2494 808 2601 862 Deo
2633 809 2981 875 pronuntiata
3028 808 3359 878 accipimus;
3418 810 3512 866 Dei
3553 814 3697 867 enim
3732 817 3899 883 ipsius

2329 914 2554 969 organa,
2597 900 2880 970 propheta:
2930 900 3162 955 habendi
3212 910 3361 956 sunt.
3411 901 3680 959 Caeterum
3732 908 3899 975 queri

2330 1001 2521 1061 potest,
2542 1007 2653 1047 'cnr
2676 997 2739 1047 de
2768 994 2884 1046 viro
2904 994 3047 1048 dicat
3077 993 3380 1063 Scriptura,
3414 998 3557 1066 quod
3591 998 3901 1068 relinquere

2328 1087 2522 1149 debeat
2588 1098 2795 1156 patrem
2840 1097 3195 1156 matremque,
3250 1096 3305 1141 et
3356 1088 3635 1145 adhaerere
3701 1094 3898 1147 uxori:
3962 1107 3965 1109 ί

2328 1178 2553 1247 quando
2585 1180 2715 1248 ipsae
2746 1180 2927 1249 p0tius
2964 1180 3240 1244 mulieres.
3273 1190 3442 1246 patre,
3477 1198 3542 1237 ac
3571 1192 3747 1237 matre
3768 1226 3783 1247 ,
3816 1184 3903 1238 fa-

2332 1270 2591 1339 miliaque
2613 1308 2627 1333 ,
2652 1284 2714 1323 ac
2738 1271 2897 1325 rebus
2914 1271 3026 1326 suis
3045 1273 3298 1326 omnibus
3316 1274 3538 1337 relictis,
3565 1275 3630 1328 ad
3650 1278 3793 1329 viros
3811 1291 3907 1331 ac-

2331 1363 2525 1416 cedunt
2585 1362 2825 1431 ipsisque
2855 1362 3157 1423 adltarrent.
3199 1363 3279 1417 Ad
3327 1365 3430 1419 hoc
3468 1368 3902 1435 respondendum

2330 1463 2433 1517 est,
2469 1452 2654 1505 multis
2695 1452 2749 1506 id
2804 1454 3111 1507 rationibus
3151 1451 3268 1508 fieri
3306 1471 3319 1507 :
3353 1464 3406 1509 et
3436 1456 3565 1524 quia
3604 1445 3905 1511 tir'mulie-

2333 1544 2410 1599 ris
2440 1554 2604 1613 caput
2632 1553 2735 1609 est,
2769 1556 2821 1599 et
2858 1547 2984 1615 quia
3025 1545 3111 1599 ille
3140 1562 3233 1615 per
3266 1528 3577 1616 conjugium
3610 1549 3743 1603 liber
3775 1550 3893 1618 pri-

2334 1650 2482 1688 mum
2538 1636 2719 1690 evadit
2764 1636 3111 1707 solviturque
3150 1640 3322 1706 patria
3355 1647 3622 1707 potestate
3684 1640 3740 1695 in
3795 1657 3903 1709 qua

2337 1730 2600 1799 tantisper
2666 1740 2787 1785 erat
2846 1731 2975 1785 dum
3031 1747 3253 1785 uxorem
3319 1733 3543 1787 duceret
3585 1747 3695 1796 :ea
3756 1740 3903 1797 enim

2265 1788 2306 1845 Β
2334 1788 2643 1890 ducta-ipse
2692 1822 2748 1876 lit
2784 1823 3191 1891 paterfamilias.
3232 1821 3295 1877 Et
3322 1825 3446 1893 quia
3488 1840 3594 1878 non
3627 1836 3903 1893 parentem

2331 1929 2451 1968 esse
2480 1915 2573 1968 sed
2601 1929 2831 1984 corpora
2861 1916 3383 1985 miscere,.tempore
3416 1918 3565 1985 prius
3587 1927 3703 1982 est;
3729 1933 3906 1987 neque

2332 2004 2477 2056 enim
2498 2003 2624 2071 quia
2657 2011 2911 2070 parentes
2948 2013 3099 2068 sunt,
3132 2016 3327 2058 venere
3366 2014 3613 2068 utuntur,
3651 2006 3744 2059 sed
3778 2012 3905 2074 quia

2334 2093 2434 2148 hac
2464 2094 2547 2147 usi
2586 2104 2715 2147 sunt
2770 2103 3025 2163 parentes
3070 2095 3228 2148 lium.
3285 2095 3419 2148 Nam
3467 2092 3643 2149 Adam
3694 2091 3749 2151 et
3800 2098 3907 2152 Em

2337 2187 2654 2255 priusquam
2690 2186 2900 2239 mutuis
2956 2186 3296 2254 amplexibus
3343 2188 3643 2242 consociati
3699 2200 3903 2254 essent,
3952 2190 3956 2194 ’

2335 2272 2754 2347 haudquaquam
2825 2288 3081 2347 parentes
3140 2280 3498 2344 dicebantur,
3560 2295 3748 2334 verum
3799 2284 3901 2332 ubi

2334 2370 2612 2425 connubio
2642 2372 2999 2426 colitesissent
3055 2372 3303 2440 filiosque
3354 2384 3757 2442 procreassent,
3791 2382 3904 2427 tum

2335 2462 2553 2516 demum
2605 2473 2864 2533 parentes
2911 2471 3038 2517 sunt
3089 2464 3283 2516 merito
3317 2443 3716 2533 cognominati:
3742 2463 3847 2518 Por
3877 2480 3909 2516 θ

2338 2564 2686 2622 posteaquam
2762 2555 2826 2606 de
2865 2554 3083 2607 condita
3143 2552 3252 2606 Eva
3316 2554 3529 2608 lecutus
3570 2564 3651 2608 est
3708 2554 3909 2617 Moses.

2335 2646 2579 2714 procedit
2608 2645 2675 2698 ad
2708 2646 3087 2714 explicandum
3137 2646 3407 2714 quomodo
3457 2648 3621 2700 vitam
3667 2649 3846 2716 agitav
3882 2672 3909 2691 ο

2337 2737 2447 2789 rint
2483 2750 2637 2789 suam
2651 2734 2823 2804 primi
2851 2745 3101 2805 parentes
3127 2737 3212 2791 bis
3235 2738 3453 2802 verbis;
3488 2736 3556 2789 Et
3582 2749 3727 2790 erant
3758 2737 3908 2791 ambo

2338 2828 2677 2893 nudi,Adam
2705 2838 2753 2883 et
2786 2846 2921 2882 uxor
2948 2832 3135 2899 ipsius,
3163 2848 3323 2900 neque
3345 2832 3572 2900 pudebat
3607 2834 3770 2900 ipsas.
3805 2830 3907 2885 Sed

2340 2932 2439 2971 cur
2456 2932 2563 2971 non
2588 2917 2851 2986 pudebat?
2878 2914 2995 2971 Non
3035 2917 3281 2987 profectu
3319 2920 3445 2988 quia
3474 2920 3680 2989 pueruli
3706 2930 3909 2985 essent,

2339 3016 2435 3062 aut
2471 3008 2598 3077 quia
2642 3008 2847 3063 rustica
2895 3008 3242 3079 simplicitate
3289 3019 3451 3079 atque
3502 3009 3907 3080 imprudentia;

663 3118 865 3182 cauda,
914 3120 1271 3188 quantumvis
1314 3119 1476 3171 aliam
1524 3133 1635 3186 prae
1663 3134 1723 3174 se
1777 3117 1973 3172 ferant.
2002 3118 2235 3172 Verum-
2264 3132 2309 3193 ρ
2343 3097 2494 3153 me”
2518 3099 2661 3193 ei'im
2694 3114 2725 3152 ³
2758 3098 2869 3153 Deo
2890 3099 3253 3193 eaef‘l_3‘a‘§
3278 3098 3529 3193 ἱυνθηηίι
3566 3113 3670 3193 “9"
3690 3101 3907 3193 Pueri“:

658 3211 941 3265 enimvero
975 3220 1100 3263 sunt
1141 3209 1234 3271 qui
1262 3206 1468 3271 dicant,
1501 3211 1607 3261 duo
1645 3207 1748 3262 ista
1786 3206 2029 3269 nomina,
2058 3206 2158 3259 viri
2189 3214 2241 3260 et

660 3301 931 3363 mulieris.
960 3303 1105 3356 inter
1126 3316 1183 3354 se
1201 3302 1497 3355 cnnVenire
1525 3300 1577 3355 iu
1599 3300 1784 3369 lingua
1807 3296 2052 3362 Hebraea,
2078 3313 2239 3367 quam

660 3396 819 3467 Syra,
853 3402 948 3448 aut
976 3392 1187 3459 Graeca,
1223 3402 1317 3445 aut
1368 3393 1721 3455 Armeniaca,
1748 3400 1841 3445 aut
1871 3389 2105 3460 denique
2138 3390 2241 3445 alia

661 3488 877 3559 quavis.
936 3484 993 3539 In
1044 3486 1135 3540 illa
1188 3484 1332 3538 enim
1385 3486 1597 3548 virum},
1637 3483 1731 3547 Is:
1768 3484 2074 3548 mulierem,
2124 3480 2243 3536 Issa

664 3580 964 3642 enuntiari,
994 3578 1138 3648 quod
1172 3578 1395 3646 perinde
1448 3588 1533 3633 est
1560 3592 1624 3632 ac
1660 3577 1708 3632 si
1739 3575 1932 3647 Syrus,
1958 3584 2017 3630 ut
2044 3576 2241 3638 virum,

666 3670 867 3731 (intra.
886 3674 957 3725 ita
977 3672 1256 3725 mulierem
1281 3670 1497 3724 Gabirto
1516 3680 1669 3725 vocet
1693 3670 1905 3741 (l9),dc
1922 3684 2027 3739 qua
2050 3686 2104 3723 re
2124 3685 2243 3736 nos,

663 3766 884 3819 volente
904 3763 1033 3823 Deo,
1054 3762 1251 3817 dicturi
1270 3778 1463 3816 sumus
1480 3764 1532 3815 in
1559 3778 1622 3816 eo
1639 3761 2063 3826 Commentario,
2082 3774 2242 3830 quem

665 3856 909 3912 stiribere
934 3855 1322 3909 constituimus
1357 3855 1410 3907 in
1444 3854 1653 3923 reliqua
1688 3852 1807 3906 libri
1842 3853 2117 3907 Genvscos
2155 3867 2244 3905 ca-

664 3950 799 4019 pita,
834 3946 877 4001 si
906 3948 1013 4000 vita
1040 3950 1280 4016 superet,
1310 3945 1597 4021 eritenim
1639 3944 1758 4013 ejus
1788 3945 2079 3998 tractandae
2109 3956 2245 3998 con-

668 4056 839 4111 gruus
874 4040 1028 4093 locus
1065 4039 1155 4093 ubi
1184 4038 1250 4091 ad
1279 4038 1369 4093 illa
1409 4037 1575 4090 verba
1606 4043 1925 4105 perventum
1951 4034 2113 4089 fuerit
2139 4052 2152 4087 :
2178 4033 2247 4085 Et

667 4140 781 4184 erat
805 4124 978 4183 'omnis
1030 4139 1170 4180 terra
1200 4130 1393 4196 lingua:
1428 4127 1584 4180 unius
1606 4136 1654 4178 et
1698 4125 1954 4179 sermonis
1981 4124 2236 4191 ejusdem.

670 4222 801 4277 Ideo
844 4221 1099 4291 relinquet
1127 4222 1205 4272 uir
1248 4230 1448 4288 patrem
1478 4232 1627 4271 suum
1661 4226 1708 4269 et
1737 4226 1954 4269 matrem
1984 4230 2158 4279 suam,
2196 4222 2247 4268 et

668 4314 958 4368 adhaerebit
976 4314 1132 4385 arari
1172 4313 1309 4380 (sive
1333 4308 1567 4370 mulieri)
1598 4323 1728 4361 sum.
1755 4303 1871 4359 1am
1903 4305 2160 4370 diximus,
2182 4321 2245 4359 ex

668 4408 754 4463 bis
783 4408 958 4469 verbis
993 4405 1149 4461 facile
1176 4404 1424 4473 intelligi,
1454 4403 1701 4456 mulieris
1722 4414 1916 4453 nomen
1940 4411 1970 4450 a
2008 4397 2247 4465 legitima

2344 3197 2398 3243 et
2425 3189 2734 3257 prudentes,
2765 3204 2872 3243 non
2903 3190 3083 3245 Stolidi
3111 3200 3203 3244 aut
3232 3190 3483 3244 inurbani
3508 3207 3523 3256 ;
3549 3192 3641 3245 sed
3665 3192 3787 3247 ideo
3809 3208 3911 3262 pu-

2344 3281 2477 3335 dore
2498 3294 2618 3335 enou
2651 3280 3027 3336 aﬂieiebantur
3051 3282 3116 3336 de
3148 3296 3247 3337 sua
3271 3283 3536 3349 nuditate,
3567 3284 3695 3352 quia
3732 3284 3912 3339 adhuc

2346 3386 2454 3424 non
2490 3380 2781 3439 peccaram
2810 3385 2985 3441 neque
3010 3370 3372 3441 deliquerant,
3405 3387 3578 3441 eoque
3613 3374 3759 3426 nulla
3795 3375 3911 3427 ani-

2345 3476 2495 3522 mum
2526 3464 2784 3531 cogitatio
2839 3465 3057 3517 subibat
3112 3480 3233 3519 esse
3288 3465 3526 3533 aliquam
3579 3467 3631 3519 in
3672 3468 3915 3522 nuditate

2344 3554 2583 3623 culpam.
2632 3553 2898 3609 Prmterea
2946 3555 3127 3609 amicti
3176 3564 3331 3609 erant
3389 3556 3586 3627 gloria,
3633 3569 3801 3627 atque
3835 3560 3916 3613 id.
4012 3568 4016 3572 ‘

2346 3647 2495 3701 circo
2551 3661 2659 3699 non
2710 3647 3218 3711 verectmdabantur
3274 3665 3291 3702 :
3340 3650 3482 3704 sicut
3549 3651 3693 3704 enim
3754 3651 3918 3707 Mosls

2347 3737 2545 3794 faciem
2604 3739 2774 3809 gloria
2830 3748 3134 3795 contectam
3194 3738 3395 3795 intueri
3459 3756 3565 3795 non
3620 3752 3916 3811 potuerunt

2346 3831 2606 3884 Israelita:
2623 3830 2692 3896 ”,
2710 3840 2763 3885 et
2781 3839 2839 3885 ut
2856 3831 2908 3885 in
2934 3832 3099 3886 solem
3120 3831 3253 3886 stola
3273 3832 3453 3900 gloria:
3475 3836 3725 3885 vestitum
3759 3850 3916 3888 mor-

2348 3916 2483 3977 tales
2506 3924 2788 3978 oculorum
2816 3924 2985 3978 aciem
3013 3924 3290 3978 intendere
3318 3936 3621 3993 nequeunt;
3655 3937 3915 3995 praeterea

2348 4026 2409 4069 ut
2442 4031 2645 4084 corpus
2681 4017 2894 4069 Domini
2952 4026 3267 4084 coopertum
3302 4017 3497 4085 gloria,
3531 4020 3697 4072 solem
3735 4020 3911 4090 ipsum

2350 4106 2560 4176 fulgore
2582 4108 2924 4175 Candoreque
2947 4107 3237 4174 superabat
3260 4120 3380 4158 cum
3409 4109 3460 4159 in
3489 4116 3723 4161 montem
3750 4126 3808 4164 se
3832 4127 3912 4163 re-

2348 4200 2582 4268 cepisst‘t
2624 4200 2995 4271 "'°,_denique
3023 4208 3083 4252 ut
3111 4200 3278 4267 ipsius
3304 4200 3602 4254 divinitatis
3628 4202 3913 4256 vestimen-

2351 4300 2459 4343 tum
2486 4291 2774 4359 spectabile
2808 4306 2912 4343 non
2946 4300 3025 4343 est
3053 4308 3067 4349 :
3100 4291 3171 4343 ita
3192 4292 3359 4343 Adam
3396 4292 3610 4360 Evaque
3629 4295 3753 4358 quia
3789 4309 3909 4348 ves-

2352 4382 2437 4434 titi
2462 4366 2615 4433 erant
2640 4381 2828 4449 gloria,
2849 4381 3525 4449 nilti|,verecundabantnr.
3546 4382 3677 4436 Nam
3699 4387 3909 4440 nuditas

677 4500 1068 4569 conjunctione
1090 4512 1198 4567 qua
1230 4497 1347 4549 viro
1380 4495 1620 4550 sociatur
1642 4532 1657 4556 ,
1695 4492 1900 4546 dictum
1922 4495 2083 4544 'esse.
2114 4489 2246 4544 Nam
2282 4462 2323 4517 θ
2441 4470 2507 4523 de
2539 4487 2644 4538 qua
2684 4473 2768 4524 hic
2831 4470 3007 4525 M0595
3040 4473 3170 4569 9%“)
3203 4474 3267 4524 ad
3319 4482 3520 4526 νεδιθιη
3553 4484 3759 4543 spec”!
3807 4492 3907 4529 "0“

673 4607 741 4646 eo
773 4599 984 4659 spectat
1009 4591 1154 4660 quod
1193 4588 1281 4641 hic
1334 4586 1488 4650 dicit,
1527 4586 1703 4638 virum
1754 4584 1825 4637 ita
1883 4582 2096 4635 mulieri
2131 4596 2257 4634 mu-

672 4694 829 4739 tuum
868 4686 1144 4737 cohaerere
1170 4681 1391 4743 debere,
1431 4688 1489 4731 ut
1520 4687 1729 4746 patrem
1764 4683 2103 4743 matremque
2143 4673 2244 4727 sibi

673 4793 786 4847 pm:
835 4775 922 4827 illa
956 4770 1289 4829 deserendus
1344 4775 1570 4823 statuat.
1620 4757 1689 4818 Et
1726 4772 1879 4818 erunt
1922 4763 2077 4817 ambo
2123 4776 2247 4815 caro

671 4886 802 4923 una.
835 4865 1019 4921 Multis
1050 4866 1226 4919 modis
1254 4865 1337 4917 vir
1366 4870 1419 4916 et
1456 4874 1593 4914 uxor
1633 4874 1739 4912 una
1767 4870 1895 4911 caro
1917 4866 2240 4910 censentur:

670 4975 769 5031 per
796 4957 1039 5027 conjugii
1066 4951 1549 5016 necessitudinem,
1579 4961 1677 5017 per
1705 4947 1952 5001 subolem
1978 4944 2245 4998 ambobus

672 5063 1059 5114 commoneto;
1086 5048 1320 5113 denique
1338 5057 1401 5096 eo
1420 5041 1586 5096 etiau.
1616 5040 1760 5110 quod
1785 5038 2022 5107 parentis
2044 5038 2247 5106 filiique

674 5144 815 5197 ratio
847 5158 911 5196 ex
947 5142 1064 5210 ipsa
1116 5136 1350 5191 muliere
1388 5133 1620 5205 pendeat
1656 5140 1819 5201 atque
1843 5145 1909 5183 ex
1955 5145 2015 5183 ea
2044 5130 2249 5183 consti-

676 5244 884 5298 tuatur,
902 5241 1169 5303 quantum
1194 5228 1260 5284 ad
1298 5228 1408 5297 ipsa
1434 5238 1661 5294 corpora
1692 5236 1813 5293 quae
1832 5222 2247 5291 progignuntur,

674 5327 941 5400 pertinet.
974 5322 1050 5377 Ex
1083 5320 1361 5376 connubio
1393 5318 1541 5372 enim
1578 5316 1677 5370 viri
1724 5315 2078 5383 mulierisque
2108 5312 2165 5366 ﬁt
2193 5320 2250 5364 ut

680 5414 959 5483 concipiat
999 5410 1289 5482 pariatque
1342 5407 1540 5462 mulier
1573 5423 1587 5460 :
1618 5405 1727 5476 jam
1758 5419 1887 5458 vero
1933 5419 2027 5472 per
2057 5416 2249 5457 conceo

678 5516 829 5578 ptum
865 5517 1193 5576 partumque
1221 5511 1476 5574 parentes
1512 5512 1567 5558 et
1594 5500 1687 5554 ﬁlii
1728 5498 2051 5553 efﬁciuntur.
2082 5496 2249 5549 Porro

675 5610 884 5655 certum
918 5606 1022 5664 est,
1056 5598 1321 5651 Adamum
1360 5594 1474 5648 inec
1500 5592 1662 5647 verba
1696 5606 1789 5661 per
1820 5588 2134 5645 vaticinium
2176 5602 2241 5642 ex

751 5739 796 5769 "
826 5736 842 5788 Ι
870 5736 996 5791 Cor.
1028 5750 1123 5794 vn.
1161 5734 1183 5786 1
1232 5747 1385 5803 seqq.
1458 5730 1506 5765 ⁸⁸
1537 5729 1727 5786 lattb.
1756 5744 1846 5785 ιη
1873 5767 1888 5793 ,
1920 5726 1973 5791 4,
2010 5726 2063 5778 5.
2139 5727 2182 5756 "
2215 5724 2237 5776 Ε

2333 5722 2381 5775 tl.
2426 5735 2602 5785 sxxrv,
2628 5720 2718 5775 29.

2352 4564 2479 4618 item
2521 4567 2584 4616 ad
2642 4566 2867 4633 gloriam
2918 4579 3025 4632 qua
3081 4564 3245 4616 etiam
3313 4573 3424 4616 tum
3466 4568 3697 4619 contecti
3732 4574 3903 4619 erant.

2352 4657 2577 4723 Insuper
2638 4664 2720 4708 est
2780 4655 2869 4707 ubi
2947 4656 3161 4708 nuditas
3232 4654 3453 4722 pudoris
3544 4668 3763 4709 sensum
3816 4672 3908 4725 ge-

2356 4756 2547 4812 neret;
2580 4756 2664 4799 est
2714 4746 2880 4799 etiam
2932 4746 3020 4797 ubi
3077 4744 3223 4797 nulla
3276 4745 3615 4798 verecundiae
3660 4746 3910 4815 cogitatio

2354 4839 2598 4892 animum
2633 4839 2701 4891 ob
2730 4838 3024 4890 nuditatem
3054 4839 3266 4891 subeat.
3297 4837 3444 4891 Illius
3483 4840 3787 4905 exemplum
3820 4838 3909 4891 ba-

2354 4932 2546 4985 bemus
2577 4933 2629 4982 in
2662 4931 2870 4982 Adamo
2910 4939 3072 4998 atque
3107 4928 3346 4996 Eva,qui
3394 4938 3747 5001 posteaquam
3780 4926 3911 4981 «ιι-Ιὶο

2354 5026 2621 5093 quissent,
2645 5024 3028 5078 existimabant
3051 5038 3203 5076 suam
3230 5023 3333 5076 sibi
3391 5022 3685 5075 nuditatem
3718 5020 3908 5091 pudori

2355 5132 2476 5171 esse
2491 5115 2688 5169 debere
2712 5132 2727 5179 ;
2754 5114 2912 5184 hujus
2934 5131 3061 5168 vero
3088 5116 3139 5166 iu
3176 5113 3434 5183 puerulis,
3454 5128 3591 5182 quos
3605 5112 3732 5165 nihil
3749 5114 3911 5180 pudet

2353 5219 2475 5260 esse
2512 5206 2720 5270 nudos;
2761 5206 2900 5259 idem
2955 5204 3169 5269 accidit,
3231 5219 3355 5257 cum
3387 5218 3471 5257 res
3512 5203 3625 5269 ipsa
3656 5204 3910 5268 pudor.~m

2358 5298 2412 5351 in
2444 5314 2503 5353 se
2555 5295 2757 5351 nullum
2819 5297 2999 5362 habet,
3048 5294 3211 5347 veluti
3251 5308 3375 5349 eum
3420 5293 3543 5361 quis
3587 5298 3817 5349 secreto.
3861 5294 3912 5339 et

2357 5394 2561 5460 absque
2611 5389 2861 5449 testibus.
2912 5403 2969 5443 se
2993 5384 3232 5440 vestibus
3260 5384 3405 5438 exuit
3443 5400 3458 5449 ;
3515 5380 3573 5435 tit
3616 5380 3715 5433 hoc
3751 5378 3910 5432 etiam

2356 5487 2515 5556 longa
2554 5483 2950 5539 consuetudine
2992 5480 3275 5550 magistra,
3322 5477 3465 5531 sicut
3501 5474 3569 5529 iis
3617 5470 3796 5526 evenit
3823 5466 3911 5537 qui

2362 5580 2581 5634 assidue
2617 5578 2669 5633 in
2698 5576 2906 5631 balneis
2938 5574 3064 5628 nudi
3114 5580 3419 5627 versantur.
3452 5565 3691 5636 Denique
3715 5560 3803 5615 ubi
3839 5563 3911 5617 rei

2820 5718 2911 5749 ’συ
2931 5712 3321 5779 Matth..xvtt,l
3361 5722 3513 5777 δαπα-

758 5830 875 5897 (19)
906 5826 1000 5889 Vel
1028 5829 1073 5887 si
1107 5826 1337 5886 Latinus
1367 5826 1550 5885 virum
1593 5824 1740 5882 dicat
1786 5819 2097 5885 hominem;
2138 5818 2423 5873 mulierem
2457 5830 2605 5881 vero,
2641 5811 2940 5869 hominem.
