4176 6442
677 345 778 412 551

1876 386 1877 389 η
1947 347 2185 406 MOSIS'
2218 346 2364 406 BAR
2404 346 2646 409 CEPH/l

3796 352 3901 414 552

679 461 828 531 quod
851 458 1212 529 jubebantur,
1239 458 1386 513 nulla
1427 457 1799 532 intercedente
1833 472 1963 512 voce
2005 473 2125 526 qua:
2145 473 2244 512 au-
2269 460 2318 520 Α
2345 456 2614 511 Nimirum
2650 467 2708 511 ιιι
2751 418 3002 527 princeps
3035 460 3170 514 solet
3202 476 3307 515 non
3350 461 3508 516 facile
3543 472 3703 532 atque
3731 468 3904 524 amice

678 553 862 611 diendi
904 567 1128 606 sensum
1171 558 1443 616 moveret;
1484 545 1888 619 cum'serpens,
1924 549 2144 617 quando
2183 547 2252 602 de

676 646 794 712 lege
829 643 938 697 lata
993 642 1382 711 interrogabat,
1419 649 1699 711 perperam
1748 640 1863 709 ipsa
1897 640 2029 711 legis
2087 640 2252 694 verba

678 735 954 801 retulerit,
993 735 1247 789 nimirum
1269 733 1398 801 quia
1433 748 1541 788 non
1575 735 1744 813 legem
1777 732 1947 801 ipsam
1981 731 2249 797 auditam,

679 841 805 879 cum
837 826 1089 887 ferretur,
1144 825 1387 890 tenebat,
1411 827 1502 878 sed
1556 822 1862 891 suspiciens
1911 821 2253 892 coniectabat

681 920 873 980 modo,
901 926 963 973 ut
989 916 1085 985 qui
1109 931 1234 970 cum
1267 910 1473 971 videret
1511 915 1803 968 animantia
1832 916 2031 983 passim
2061 917 2254 983 capere

678 1007 965 1076 pabulum,
1001 1004 1269 1058 Adamum
1289 1019 1420 1058 vero
1438 1003 1717 1081 Evamque
1745 1003 1844 1057 etsi
1867 1018 2092 1072 corpore
2121 1018 2254 1059 con-

678 1107 888 1163 starent
915 1135 929 1156 ,
965 1096 1208 1154 nondum
1241 1105 1420 1149 tamen
1439 1091 1607 1158 vesci,
1643 1093 1806 1152 facile
1832 1096 2041 1150 venerit
2073 1096 2125 1148 in
2157 1111 2256 1150 sn-

677 1183 1004 1249 spieionem,
1070 1185 1392 1252 imperatam
1429 1182 1517 1238 bis
1548 1197 1670 1237 esse
1721 1183 1890 1253 legem
1935 1185 2250 1252 quampiam

676 1287 786 1340 qua
856 1272 1106 1328 vescendi
1178 1258 1400 1332 modus,
1445 1273 1644 1341 aliquis
1687 1283 1838 1344 esset.
1880 1276 2248 1344 prmscriptus.

679 1360 781 1414 llis
807 1375 937 1430 ergo
962 1351 1298 1416 inducuntur
1331 1361 1422 1417 isti
1469 1363 1796 1420 rationibus.
1826 1373 1882 1418 ut
1907 1372 2094 1432 putent
2147 1364 2254 1419 dae—

680 1464 900 1504 monem
934 1450 1180 1520 ignarum
1217 1452 1485 1516 mandati,
1520 1453 1804 1526 mulierem
1833 1453 1921 1507 illa
1956 1455 2253 1526 interroga-

640 1587 645 1596 .
681 1541 971 1596 tioneesse
1019 1543 1300 1605 adortum,
1334 1543 1480 1612 quod
1519 1558 1584 1596 ex
1621 1543 1738 1608 ipsa
1791 1545 1962 1613 legem
1996 1533 2248 1609 disceret,

680 1645 854 1700 eaque
885 1633 1128 1702 cognita,
1168 1641 1225 1686 et
1262 1632 1329 1688 iis
1368 1633 1572 1702 quibus
1629 1634 1890 1705 imperata
1925 1645 2041 1689 erat
2072 1647 2125 1689 et
2147 1637 2249 1706 ipsi

678 1723 974 1793 legislatori
1008 1726 1316 1782 insultaret.
1363 1724 1496 1782 Esto
1527 1714 1724 1783 autem
1771 1729 2037 1797 judicium
2086 1745 2251 1798 penes

679 1815 936 1876 lectorem
946 1827 1144 1883 ,utram
1171 1817 1366 1878 barum
1387 1818 1620 1874 duarum
1639 1821 1947 1890 opinionem
1968 1822 2251 1890 approbet;

679 1913 858 1972 potest
879 1905 1025 1973 enim
1045 1906 1329 1968 inutravis
1353 1911 1722 1980 acquiescere.
1741 1908 2006 1966 Ceterum
2032 1912 2262 1967 Satanae

678 2011 761 2052 ve.
777 1996 844 2051 ba
891 1997 982 2052 illa
1022 1999 1079 2068 in
1119 1998 1253 2066 ipso
1283 2001 1471 2054 statim
1507 2001 1778 2068 exordio,
1822 2004 1915 2057 Dei
1946 2003 2128 2059 verius
2158 2005 2253 2057 ad-

678 2098 1006 2156 versantur;
1045 2090 1332 2157 mandarat
1359 2096 1504 2150 enim
1552 2094 1698 2150 Deus
1722 2094 1852 2150 Adae
1897 2107 2062 2165 atque
2096 2096 2271 2150 uxori.

680 2182 831 2281 ut
854 2183 1115 2270 omnibus
1143 2186 1436 2246 arboribus
1476 2189 1716 2281 ροτράίεί
1746 2201 2092 2246 vescerentur
2112 2191 2253 2263 (21),

679 2272 778 2326 sed
802 2272 870 2327 de
899 2275 1017 2334 sola
1051 2275 1247 2334 arbore
1271 2275 1522 2334 scientia!
1544 2272 1672 2333 boui
1699 2288 1754 2335 et
1778 2280 1905 2334 mali
1935 2291 2044 2336 non
2071 2293 2256 2335 vesce-

679 2371 892 2432 rentur.
949 2365 1019 2419 At
1059 2364 1150 2439 ille
1185 2376 1374 2420 contra
1410 2366 1594 2422 :.Vere
1617 2359 1840 2438 (isiquit)
1886 2371 2023 2423 dixit
2055 2369 2192 2424 Deus
2225 2387 2244 2425 :

682 2451 862 2525 Nede
917 2455 1198 2522 arboribus
1259 2458 1502 2528 paradisi
1550 2461 2038 2531 resccremiui,.qua2
2082 2451 2273 2517 Oratio-

688 2560 915 2616 prorsus
942 2563 1070 2603 cum
1111 2547 1210 2604 Dei
1237 2551 1487 2606 oratione
1517 2563 1745 2621 pugnat.
1778 2551 2005 2624 Videtur
2037 2569 2165 2609 vero
2196 2555 2252 2608 in

682 2637 805 2708 ipso
857 2640 1138 2697 sermonis
1175 2635 1348 2704 initio
1395 2643 1608 2700 dmmon
1659 2645 1782 2698 ideo
1835 2646 2000 2699 verba
2042 2662 2139 2701 sua
2185 2648 2253 2700 ad

683 2730 890 2786 multas
947 2731 1174 2789 arbores
1231 2733 1582 2798 extetidisse,
1636 2743 1698 2790 ut
1745 2737 2106 2790 occasionem.
2149 2737 2258 2792 sibi

683 2821 1120 2890 companaretin
1150 2835 1450 2892 progressu
1477 2837 1643 2884 unam
1658 2823 1814 2880 illam
1844 2824 2068 2878 vetitam
2091 2825 2257 2880 arbo-

682 2924 800 2966 rem
833 2910 1230 2990 calumniandi.
1258 2910 1399 2966 Nam
1423 2914 1599 2981 cujus
1623 2913 1803 2972 studia
1855 2913 1914 2968 in.
1942 2916 2256 2970 universum

683 3001 866 3056 omnia
897 3001 1158 3070 improba
1185 3009 1526 3072 suntatque
1557 3016 1840 3073 perversa.
1861 3004 2013 3061 baud
2053 3006 2254 3060 mirum

686 3103 772 3146 est
801 3092 848 3146 si
871 3092 940 3146 ab
969 3092 1326 3160 improbitate
1350 3096 1684 3163 auspicetur
1703 3113 1733 3157 _:
1762 3095 1947 3152 Eteait
1969 3098 2155 3152 mulier
2187 3099 2257 3150 ad
2287 3124 2349 3167 Α,

2285 3143 2330 3205 C

682 3194 1024 3249 seuientem:
1052 3181 1134 3236 De
1154 3181 1418 3254 fructibus
1443 3185 1715 3246 arborum,
1736 3187 1982 3252 paradisi
2019 3189 2278 3240 omnium:

681 3273 1029 3338 comedimus,
1045 3271 1107 3327 4a
1140 3273 1403 3341 fructibus
1434 3274 1640 3336 ardoris
1686 3293 1799 3347 qua
1855 3285 1945 3332 est.
1999 3280 2054 3331 in
2097 3279 2258 3333 medi-

682 3354 838 3415 tullio
865 3360 1113 3431 paradisi
1141 3363 1291 3422 dizit,
1315 3361 1457 3420 Deus
1489 3378 1511 3418 .'
1546 3363 1630 3420 Ne
1662 3366 1831 3424 edatis
1871 3368 1934 3421 de
1973 3383 2056 3432 ea,-
2090 3384 2256 3436 neque

685 3453 916 3522 tangatis
941 3467 1086 3522 eam,
1100 3468 1163 3506 ne
1191 3454 1510 3522 moriemini.
1535 3452 1679 3524 Non,
1705 3456 1901 3527 inquit,
1932 3473 2238 3528 osorpens,

682 3541 824 3610 jus-si
847 3557 1049 3596 sumus
1075 3545 1145 3597 ab
1172 3543 1430 3614 omnibus
1456 3546 1736 3610 abstinere
1759 3549 2072 3614 arboribus,
2107 3559 2167 3604 ut
2196 3559 2254 3604 tu

686 3631 895 3695 dixisti,
946 3621 1043 3689 sed
1091 3633 1162 3687 ab
1183 3648 1291 3688 una
1337 3635 1454 3690 sola
1510 3651 1632 3706 quae
1683 3636 1738 3691 lu
1793 3640 2028 3708 paradisi
2065 3642 2261 3696 medio

687 3731 906 3788 exstat;
941 3721 1452 3803 interruinatusque
1503 3735 1587 3784 est
1613 3727 1790 3792 nobis
1838 3727 1980 3784 Deus
2012 3729 2256 3786 laturum

688 3822 748 3867 ut
777 3801 1103 3880 moriamur,
1129 3814 1186 3869 si
1221 3815 1288 3870 de
1323 3816 1426 3872 bac
1445 3817 1742 3878 oderimus.
1771 3819 2036 3876 Caeterum
2067 3822 2262 3878 existi-

690 3893 951 3960 mandum
990 3916 1093 3982 est,
1129 3906 1415 3986 mulierem
1448 3924 1558 3964 non
1583 3910 1747 3965 modo
1771 3911 2020 3966 arborem
2054 3913 2108 3966 in
2140 3931 2254 3969 me-

685 3996 777 4052 dio
832 3988 990 4051 sitam
1049 3985 1305 4068 paradiso
1353 4000 1498 4070 apud
1557 4012 1878 4074 serpentem
1925 4004 2261 4070 nominasse,

690 4087 786 4141 sed
817 4087 1094 4141 addidisse
1121 4085 1311 4150 etiam,
1342 4091 1580 4145 scicntia
1607 4089 1730 4145 boni
1774 4102 1822 4145 et
1871 4094 2022 4159 mali,
2051 4097 2263 4148 tametsi

689 4179 795 4230 lioc
826 4173 1008 4232 Moses
1045 4179 1408 4248 praeterierit;
1457 4181 1717 4236 credibile
1757 4184 1900 4236 enim
1933 4194 2036 4250 est,
2086 4185 2258 4252 ipsum

689 4262 936 4319 mandati
959 4267 1122 4340 verba
1155 4269 1337 4322 omnia
1367 4269 1644 4337 recitasse,
1670 4271 1809 4325 inter
1831 4287 1952 4341 quae
1982 4271 2144 4326 etiam
2172 4274 2260 4328 illa

686 4365 816 4414 sunt
847 4346 951 4412 :Et
977 4351 1049 4411 ait
1085 4375 1300 4428 serpens
1323 4361 1392 4414 ad
1423 4361 1729 4416 mulierem:
1751 4361 1870 4415 Non
1901 4373 2119 4416 mortem
2156 4381 2265 4415 mo-

2352 547 2496 602 ferrc
2525 549 2762 617 aequales
2791 553 2923 604 suos
2949 550 3242 619 principes,
3273 553 3344 605 ita
3376 565 3552 620 neque
3585 551 3748 607 Deum
3773 552 3906 608 deos

2350 640 2462 709 pati
2490 639 2624 694 alios
2653 653 2850 709 posse;
2881 649 3140 709 praeterea
3168 649 3227 695 ut
3269 641 3460 696 incitet
3489 640 3553 694 ad
3580 644 3904 698 vescendum

2355 731 2520 786 vetito
2550 731 2751 797 fructu,
2791 733 2945 802 quasi
2979 733 3122 787 dicat
3155 751 3170 787 :
3203 732 3320 788 Non
3365 735 3527 788 modo
3557 749 3665 788 non
3716 723 3903 789 morie-

2353 823 2509 884 mini,
2555 839 2738 877 verum
2785 825 2946 878 etiam
2985 825 3277 893 plurimum
3315 825 3592 889 crescetis,
3630 825 3822 894 quippe
3854 826 3908 880 in

2352 912 2484 967 deos
2514 915 2730 968 evasuri
2776 914 2951 984 qualis
2997 916 3084 969 ille
3112 917 3362 970 conditor
3413 923 3596 972 vester
3641 930 3744 971 est.
3776 916 3908 971 Nam

2353 1005 2408 1058 in
2453 1005 2574 1075 ipso
2619 1005 2819 1084 fructu,
2848 1008 3098 1076 interque
3127 1022 3305 1061 ramos
3349 1008 3496 1063 illius
3539 1008 3750 1064 arboris
3784 1009 3913 1062 latct

2360 1094 2664 1150 divinitatis
2710 1096 2818 1159 vis,
2852 1097 2924 1150 ita
2973 1104 3032 1149 ut
3079 1096 3328 1166 quisquis
3367 1108 3635 1163 vescatur,
3682 1099 3770 1151 ille
3812 1111 3914 1168 pro

2353 1184 2457 1238 deo
2483 1183 2595 1248 ﬁat,
2626 1187 2862 1256 bonique
2893 1201 2955 1240 ac
2983 1187 3109 1240 mali
3138 1203 3356 1257 gnarus.
3386 1186 3490 1244 Per
3518 1189 3705 1242 oculos
3733 1199 3911 1242 autem

2352 1276 2697 1343 aperiendos,
2745 1277 3070 1345 cognitionis
3119 1293 3367 1343 acumen,
3422 1279 3914 1348 perspicacitatem,

2353 1376 2517 1432 atque
2569 1365 2697 1420 boni
2750 1367 2986 1437 malique
3021 1367 3408 1436 experientiam
3457 1369 3758 1437 pollicetur.
3808 1365 3939 1423 De?

2353 1461 2518 1527 nique
2550 1459 2692 1529 quod
2739 1459 2869 1514 deos
2918 1458 3057 1525 fore,
3093 1476 3318 1514 numero
3364 1460 3749 1523 multitudinis,
3787 1476 3920 1529 pro-

2352 1549 2554 1613 mittit;
2597 1549 2710 1603 huc
2754 1535 2998 1613 facit,'ut
3032 1550 3274 1618 ipsorum
3324 1550 3521 1606 animis
3553 1550 3758 1606 inserat
3791 1553 3917 1620 opi—

2354 1641 2599 1702 nionem,
2643 1656 2749 1694 non
2803 1642 3100 1695 maximum
3153 1656 3354 1695 numen
3406 1655 3525 1696 esse
3572 1656 3694 1694 eum
3745 1640 3916 1697 Deum

2355 1731 2449 1800 qui
2481 1731 2649 1786 ne‘de
2684 1732 2877 1786 arbore.
2911 1733 2999 1785 illa
3025 1733 3268 1795 ederent,
3299 1732 3675 1786 interminatus
3713 1731 3939 1796 fuerat,

2355 1824 2450 1877 sed
2481 1836 2604 1877 esse
2641 1825 2804 1877 etiam
2856 1825 2987 1878 deos
3024 1824 3161 1877 alios
3205 1823 3280 1876 illi
3331 1818 3528 1892 pares.'
3559 1823 3823 1877 Prmterea
3859 1831 3941 1876 ut'

2355 1915 2657 1984 improbam
2700 1914 2848 1968 illam
2898 1913 3376 1977 existimationem,
3423 1929 3585 1983 quam
3628 1922 3775 1968 esset
3816 1913 3918 1967 ali-

2356 2009 2572 2075 quando
2601 2006 2854 2075 genlibus
2891 2022 3269 2076 persnasurus,
3299 2009 3604 2075 complures
3633 1999 3763 2060 deos
3797 2020 3922 2060 esse

2360 2099 2414 2150 in
2444 2098 2613 2164 orbe;
2643 2098 2710 2151 ab
2739 2099 2857 2167 ipso
2880 2083 3064 2152 statim
3097 2097 3272 2161 initio,
3304 2098 3604 2166 primorum
3633 2107 3915 2166 parentum

2358 2193 2581 2246 auribus
2607 2191 2916 2256 iustillaret,
2940 2201 3100 2260 atquc
3126 2191 3196 2244 ita
3225 2192 3292 2244 ad
3317 2205 3478 2245 omne
3525 2189 3919 2258 malumgenus

2360 2284 2658 2352 humanum
2709 2291 2997 2336 averteret.
3049 2281 3388 2349 Quapropter
3437 2291 3580 2334 recte
3627 2280 3916 2333 admodum

2353 2372 2596 2430 Satanas
2643 2373 2732 2427 ille
2795 2373 2957 2426 e"am
3008 2372 3258 2426 diabolus
3309 2368 3420 2439 (Ξὲ)
3462 2377 3546 2422 est
3592 2365 3938 2437 appellatum
3990 2422 3995 2428 ,

2361 2465 2600 2520 Satanas
2643 2465 2888 2533 quidem,
2931 2471 2984 2518 et
3029 2463 3154 2534 quia
3203 2462 3318 2531 ipse
3376 2475 3407 2515 a
3443 2459 3553 2515 Deo
3589 2462 3835 2523 recessit,
3865 2468 3928 2512 et

2358 2555 2485 2623 quia
2555 2554 2811 2608 mor-tales
2868 2553 3038 2607 aDeo
3085 2551 3304 2606 abdutit
3376 2559 3438 2604 nt
3493 2559 3769 2605 sectentur
3826 2561 3921 2602 eos

2359 2643 2454 2712 qni
2495 2643 2630 2696 iram
2679 2642 2931 2710 pariant;
2971 2641 3220 2694 diabolus
3264 2654 3412 2706 vero,
3448 2640 3550 2694 hoc
3576 2649 3678 2700 est.
3711 2640 3923 2694 calum-

2361 2734 2558 2796 niator,
2608 2734 2736 2800 quia
2782 2731 2951 2786 Deum
2987 2747 3080 2800 per
3117 2731 3445 2785 calumniam
3491 2730 3746 2800 culpabat
3779 2731 3920 2800 apud

2361 2822 2629 2876 Adamum
2655 2830 2709 2876 et
2736 2820 2924 2887 Evam,
2951 2821 3108 2891 quasi
3138 2836 3236 2891 per
3260 2836 3481 2876 causam
3504 2822 3722 2877 invidia:
3758 2824 3924 2877 inter-

2368 2912 2635 2965 minatum
2697 2925 2766 2965 nc
2811 2911 2881 2966 de
2930 2912 3123 2966 arbore
3173 2911 3264 2964 illa
3329 2921 3642 2983 gestarent;
3690 2920 3746 2968 et
3799 2913 3921 2982 quia

2362 3004 2603 3059 vicissim
2659 2995 2908 3058 homines
2940 3003 3366 3072 trailurit‘apud
3419 3002 3607 3068 Deum,
3641 3013 3699 3058 ut
3725 3003 3797 3057 de
3824 3000 3924 3056 Job

2362 3092 2628 3160 scriptum
2656 3102 2851 3147 exstat.
2885 3093 2962 3148 De
2988 3093 3092 3148 hoc
3115 3093 3258 3148 enim
3286 3092 3366 3148 sic
3393 3077 3532 3163 apud
3566 3093 3733 3147 Deum
3768 3094 3923 3147 verba

2364 3184 2597 3237 faciebat
2625 3199 2638 3236 :
2673 3181 2911 3237 Extende
2947 3195 3161 3238 manuni
3192 3194 3380 3250 tuam,
3407 3188 3458 3239 et
3506 3193 3662 3254 tange
3710 3197 3922 3239 cantent

2360 3276 2547 3345 ipsius,
2587 3290 2712 3327 num
2738 3273 2801 3329 in
2844 3276 3034 3345 faciem
3079 3281 3223 3330 tuam’
3263 3276 3544 3330 maledicat
3583 3278 3678 3330 tibi
3706 3275 3928 3331 “1'06-

2362 3367 2526 3436 nique
2550 3369 2687 3437 quia,
2708 3361 3032 3436 persuadere
3059 3368 3378 3424 mortalibus
3410 3369 3618 3422 laborat
3644 3367 3756 3422 Deo
3780 3369 3922 3436 ipsos

2359 3473 2506 3511 cura:
2529 3472 2637 3509 non
2662 3470 2808 3510 esse.
2829 3455 2966 3510 Cum
2993 3458 3078 3511 lex
3105 3455 3285 3512 Omnis
3309 3469 3402 3512 aut
3430 3459 3495 3510 ad
3524 3457 3918 3526 prohibendum

2359 3557 2666 3617 peceatum,
2690 3559 2783 3606 aut
2803 3547 2870 3602 ad
2891 3549 3312 3615 promovendam
3333 3547 3598 3617 justitiam
3624 3549 3920 3616 pertineat;

2364 3649 2528 3709 atque
2573 3642 2656 3693 vel
2701 3640 2991 3694 formidine
3021 3655 3190 3710 pinna
3219 3654 3340 3710 quae
3380 3639 3801 3710 rebellantibus,
3843 3638 3925 3691 vel

2363 3707 2460 3798 spe
2499 3729 2707 3797 ιιι-’.ειυῙί
2744 3729 2888 3796 quod
2927 3707 3252 3796 parientibus.
3288 3707 3649 3796 praestitutum
3693 3735 3798 3792 est,
3831 3729 3932 3779 οιιυ

2361 3829 2633 3873 servetur.
2696 3819 2934 3886 Serpens
2967 3819 3090 3882 iste,
3138 3818 3240 3872 boc
3263 3826 3346 3872 est
3377 3815 3644 3883 diabolus,
3680 3833 3748 3872 eo
3786 3817 3949 3887 quol-

2359 3913 2432 3964 ait
2466 3929 2481 3965 :
2508 3909 2627 3966 Non
2659 3910 2951 3964 moriemini
2981 3910 3145 3962 etiam
3175 3909 3220 3962 si
3250 3907 3494 3972 ederitis,
3528 3894 3698 3977 βαθειέ
3730 3904 3944 3964 metum

2363 4002 2688 4055 submovere
2717 4010 2966 4064 conatur,
2995 4013 3104 4068 quo
3133 4000 3209 4052 illi
3239 4000 3661 4068 prohibebantur
3687 4016 3717 4052 a
3750 4010 3923 4052 traus«

2368 4091 2664 4160 grediendo
2704 4091 2874 4158 legem
2926 4089 3039 4144 Dei.
3071 4091 3280 4144 llursus
3324 4091 3454 4145 dum
3501 4090 3653 4144 addit
3694 4106 3710 4142 :
3763 4089 3948 4143 Eritis'

2365 4183 2500 4236 sicut
2550 4184 2649 4247 dii,
2702 4184 2951 4236 maxime
2989 4182 3156 4234 etiam
3209 4180 3472 4235 mercedis
3505 4193 3599 4248 spe
3644 4180 3827 4243 lactat,
3879 4178 3924 4246 si

2367 4285 2652 4328 vescantur
2697 4267 2968 4329 fructibus
2999 4288 3027 4324 a
3062 4275 3171 4327 Deo
3203 4272 3404 4342 vetitis.
3438 4273 3534 4326 Est
3563 4287 3688 4326 vero
3737 4272 3926 4326 exsti-

2366 4368 2621 4420 mandum
2656 4365 2818 4419 Evam
2853 4381 3026 4435 neque
3067 4365 3138 4418 ita
3167 4366 3444 4434 accepisse
3472 4364 3632 4419 verba
3665 4362 3930 4433 serpentis

687 4449 919 4511 riemiui,
939 4447 1028 4501 sed
1053 4451 1192 4503 novit
1214 4447 1351 4505 Deus
1368 4455 1505 4522 quod
1523 4469 1622 4522 quo
1639 4453 1722 4506 die
1736 4454 1945 4508 «teritis
1963 4454 2025 4506 tle
2039 4471 2121 4520 ea,
2145 4471 2265 4523 ape—
2304 4476 2342 4528 ο
2372 4455 2488 4506 sive
2517 4452 2744 4518 diaboli,
2778 4461 3034 4520 tanquam
3070 4467 3190 4522 qua:
3215 4452 3480 4520 disputari
3509 4461 3728 4520 pnssent
3752 4468 3766 4516 ;
3796 4451 3926 4504 alio-

689 4541 896 4596 rieutur
914 4542 1053 4595 oculi
1081 4547 1262 4610 vestri,
1297 4555 1347 4598 et
1377 4547 1526 4600 eritis
1551 4547 1686 4600 sicut
1707 4547 1784 4600 dii
1808 4547 2026 4599 scientes
2065 4547 2186 4600 boui
2217 4557 2266 4599 et

663 4626 840 4688 mali.
872 4632 1006 4686 Cum
1043 4633 1120 4687 ait
1156 4632 1556 4710 serpenszNon
1583 4643 1743 4688 morte
1775 4636 2088 4706 moriemini,
2112 4638 2297 4698 audet

693 4725 789 4781 Dei
816 4727 1043 4782 verbum
1077 4737 1453 4794 contemnere,
1489 4728 1722 4796 falsique
1755 4743 1983 4798 arguere
2013 4744 2026 4780 :
2060 4727 2270 4782 dixerat

690 4819 836 4874 enim
871 4819 962 4876 ille
993 4821 1290 4879 morituros
1322 4822 1427 4876 nisi
1464 4821 1532 4878 ab
1565 4821 1656 4876 illa
1686 4822 1882 4892 arbore
1910 4822 2265 4884 abstinerent,

691 4924 744 4967 et
793 4911 955 4966 simul
993 4911 1286 4969 submovet
1330 4923 1535 4987 metum
1575 4913 1772 4968 mortis
1811 4926 1920 4979 quo
1965 4912 2034 4965 ab
2060 4899 2129 4964 ea
2165 4927 2268 4980 gu-

691 5005 883 5058 stantia
915 4997 994 5057 illi
1031 5003 1400 5074 absunebant.
1454 5003 1672 5062 Cretera
1713 5004 1876 5057 verba
1909 5017 1973 5056 eo
2002 5011 2266 5072 spectant,

692 5106 751 5150 ut
797 5097 1122 5163 persuadeat
1169 5099 1338 5154 Deum
1387 5115 1484 5171 per
1520 5098 1784 5157 invidiam
1816 5114 1876 5152 ea
1929 5098 2037 5154 illis
2074 5099 2268 5152 arbore

693 5191 1076 5260 interdixisse;
1107 5208 1302 5264 nempe
1326 5208 1397 5250 ne
1424 5193 1500 5251 dii
1526 5193 1744 5259 ﬁerent,
1759 5191 1935 5264 qualis
1959 5190 2076 5261 ipse
2101 5196 2288 5246 esset-

767 5372 811 5403 ⁸³
847 5367 947 5426 Job
997 5386 1036 5442 I,
1080 5371 1171 5440 ll,
1215 5373 1301 5428 ll.

771 5529 884 5598 (9.1)
921 5527 1183 5600 Superius
1213 5539 1404 5586 auctor
1441 5529 1607 5602 citat;
1638 5527 1717 5581 Ne
1746 5528 1808 5602 de
1843 5529 2083 5602 omnibus
2119 5530 2274 5602 arbo-

696 5601 842 5672 ribus
873 5598 1130 5667 paradisi,
1161 5614 1294 5668 etc.,
1324 5615 1449 5657 cum
1476 5598 1633 5672 signo
1668 5598 1985 5664 universali,
2024 5611 2078 5656 ut
2103 5610 2184 5654 est
2210 5598 2265 5654 in

696 5671 1186 5812 Βῖιέἓῗοίνετυυπη,
1228 5740 1320 5795 Sot
1373 5741 1525 5814 Syris
1572 5731 1930 5809 etClialdazis
1979 5741 2267 5810 signilicul,

2375 4544 2466 4612 qui
2497 4545 2640 4596 enim
2679 4543 2865 4598 multis
2887 4544 2960 4596 illi
2986 4545 3180 4608 modis,
3203 4552 3297 4596 aut
3328 4556 3437 4596 uno
3459 4543 3648 4596 saltem
3676 4542 3946 4612 quopiam:

2379 4637 2818 4704 respdndissent;
2851 4650 3024 4703 neque
3052 4651 3240 4690 rursus
3263 4649 3360 4688 ceu
3385 4635 3549 4687 dubia
3574 4644 3627 4688 et
3655 4635 3949 4702 ambigua,-

2377 4742 2498 4779 natn
2530 4728 2602 4779 ita
2641 4742 2859 4795 quoque
2886 4742 2993 4780 non
3019 4725 3281 4782 defuisset
3312 4726 3413 4795 ipsi
3447 4727 3590 4795 quod
3633 4735 3818 4780 contra
3848 4725 3949 4777 di--

2374 4826 2554 4882 ceret;
2592 4818 2856 4885 potuisset
2888 4817 3031 4870 enim
3080 4818 3407 4886 respondere
3453 4834 3469 4870 :
3519 4814 3669 4870 Unde
3702 4825 3758 4872 tu
3789 4815 3944 4870 nosti-

2376 4908 2478 4961 lioc
2505 4907 2862 4977 mysterium?
2895 4908 3037 4961 Sane
3067 4908 3159 4975 qui
3184 4909 3432 4961 arborem
3463 4910 3726 4975 causes-it,
3760 4907 3949 4978 major

2376 5011 2426 5055 te
2454 5011 2556 5057 est.
2591 5003 2878 5065 Praeterea,
2914 5001 3043 5069 quid
3075 5001 3178 5055 sibi
3224 5000 3335 5054 vult
3379 5005 3527 5070 quod
3556 5017 3703 5056 meos
3746 5003 3945 5055 oculos-

2377 5104 2625 5163 apertum
2661 5095 2728 5147 iri
2761 5094 2842 5147 ais
2874 5104 3086 5163 gustato
3120 5093 3318 5157 fructu,
3349 5095 3566 5162 quando
3594 5095 3753 5147 etiam
3789 5108 3924 5147 nunc

2377 5203 2552 5257 neque
2584 5186 2830 5254 lippiunt,
2865 5201 3035 5254 neque
3065 5186 3230 5240 clausi
3264 5191 3430 5240 sunt?
3465 5184 3595 5239 Nam
3629 5185 3734 5240 nisi
3762 5184 3922 5252 aperti

2385 5527 2640 5591 recedere,
2675 5525 2959 5592 deflectere,
3011 5523 3152 5578 unde
3202 5523 3288 5577 llic
3329 5523 3546 5592 deducit
3599 5524 3925 5592 Satanaeﬁno-

2377 5614 2524 5659 men,
2570 5589 2745 5668 Aquod
2777 5600 2963 5650 verius
3001 5597 3067 5668 ab
3101 5595 3324 5648 Hebraeo
3371 5589 3536 5647 Satan
3581 5595 3774 5668 venit._
3792 5591 3925 5668 Satio

2378 5660 2897 5790 gyig,lgehalcai'zo,
2929 5665 3116 5721 eodem
3148 5674 3326 5733 ctymo
3358 5673 3555 5724 vocant
3581 5676 3689 5734 quo
3736 5660 3922 5724 Graeci,

2415 5755 2464 5789 ια
2506 5753 2530 5788 o
2597 5755 2649 5788 ν.
3530 5764 3534 5771 -
