4176 6472
305 387 401 451 553

1415 383 1514 442 DE
1561 373 1962 441 PARADISO.
2005 395 2077 412 -ι
2113 370 2311 431 PARS
2347 369 2394 429 Ι.

3436 364 3540 427 554

305 503 502 557 essent,
535 493 627 564 qui
669 508 877 564 possem
912 508 1012 561 ego
1046 501 1096 546 te
1133 491 1400 560 aspicere,
1452 498 1868 557 sei-pontemque
1897 484 1944 541 Α
1971 479 2235 548 simplicit-
2258 494 2284 531 r
2319 476 2511 530 intuita
2552 475 2724 541 ipsam
2777 474 2987 540 fuerat;
3038 483 3091 527 at
3126 483 3477 545 posteaquam
3511 489 3540 526 a

305 595 354 641 te
396 603 688 655 agnoscere
723 602 735 636 :
774 594 885 637 tum
926 583 1085 645 illud,
1123 581 1269 648 Quod
1304 581 1428 635 boni
1478 579 1714 646 malique
1765 592 1860 644 pe-

304 679 430 730 ritos
475 676 590 730 fore
623 691 719 728 nos
764 688 1067 738 asseveras,
1105 674 1206 726 nisi
1253 686 1355 738 ego
1387 669 1499 739 jam
1550 684 1694 722 nunc
1734 668 1862 734 quid

303 769 499 825 bonum
549 779 602 821 et
634 767 761 834 quid
800 766 1001 819 malum
1030 767 1101 820 sit
1150 765 1440 833 intelligam
1467 800 1481 826 ,
1517 762 1610 830 qui
1663 760 1864 829 possim

303 862 436 913 scire
464 859 750 914 consilium
785 868 936 912 tuum
967 871 1086 911 esse
1115 856 1371 926 probum,
1403 864 1497 908 aut
1525 853 1864 906 divinitatem

301 938 492 1006 bonam
517 990 533 1013 ,
569 960 793 1004 met-tem
824 965 949 1002 vero
982 947 1225 1002 malam?
1257 947 1336 1000 Ad
1374 947 1508 1009 haec,
1542 945 1671 998 illud
1703 945 1864 997 etiam

301 1041 540 1110 objiccre
570 1040 834 1110 quivisset
866 1055 881 1094 :
914 1037 972 1091 Si
1009 1053 1132 1091 vera
1166 1052 1377 1101 narras,
1409 1036 1495 1089 abi
1530 1043 1610 1098 tu,
1638 1044 1690 1087 et
1722 1034 1868 1104 prior

301 1134 452 1187 aufer
487 1133 555 1186 de
585 1133 777 1186 arbore
825 1132 912 1185 illa
945 1146 1007 1185 ac
1039 1144 1280 1195 vescere,
1310 1142 1366 1182 ut
1413 1128 1728 1194 aperiantur
1768 1125 1864 1178 tibi

301 1224 440 1278 oculi
479 1225 684 1293 tiasque
722 1225 853 1276 deus
883 1221 1061 1276 sciens
1092 1220 1216 1274 boni
1246 1229 1298 1273 et
1341 1217 1493 1281 mali,
1526 1226 1637 1269 tum
1671 1213 1868 1267 deinde

298 1331 396 1384 ego
422 1330 637 1385 quoque
665 1310 925 1369 accedens
971 1327 1178 1367 vescor.
1213 1313 1279 1366 At
1323 1325 1446 1365 cum
1492 1310 1682 1363 horum
1735 1307 1866 1360 nihil

300 1409 375 1462 illi
405 1407 764 1476 responderit,
794 1407 926 1462 satis
954 1406 1209 1475 colligere
1239 1415 1355 1469 est,
1381 1411 1643 1480 nequeut
1676 1401 1863 1468 dispu-

299 1500 483 1554 tabilia
537 1514 714 1567 neque
743 1507 801 1552 ut
853 1498 1054 1551 incerta
1106 1497 1373 1565 serpentis
1427 1494 1588 1547 verba
1640 1493 1708 1546 ab
1759 1491 1864 1544 Eva

296 1607 419 1646 esse
465 1601 680 1659 accepta
737 1607 752 1643 :
803 1604 975 1658 neque
1022 1590 1162 1643 enim
1213 1605 1323 1657 prae
1361 1586 1720 1656 imprudentia
1774 1597 1866 1638 aut

294 1680 545 1747 infantia,
580 1680 692 1733 haec
742 1681 943 1746 tacuit;
993 1680 1190 1749 quippe
1223 1695 1341 1748 qua:
1374 1681 1584 1732 ratione
1627 1678 1862 1746 pruden-

262 1803 264 1805 -
297 1772 480 1842 tiaque
528 1773 578 1824 in
614 1773 732 1841 ipso
766 1787 867 1825 suo
899 1782 1018 1824 ortu
1060 1771 1285 1840 prmdita
1321 1771 1529 1835 fuerat,
1575 1779 1629 1823 et
1679 1771 1722 1823 si
1767 1784 1859 1836 pa-

1967 582 2218 638 serpente
2249 571 2475 636 decepta
2525 578 2626 632 est,
2659 579 2817 635 atque
2850 567 2914 621 ad
2951 567 3108 620 iidem
3159 569 3319 636 hujus
3365 570 3543 622 verbis

1968 662 2268 716 habendam
2304 661 2548 717 inducta.
2581 668 2694 712 tum
2726 661 2944 713 demum
2978 659 3110 713 vidit
3140 660 3387 714 arborem
3421 677 3543 716 esse

1967 755 2247 824 pulchram
2291 753 2358 806 ad
2408 753 2760 814 vescendum,
2796 762 2848 806 et
2889 762 3132 820 spectato
3170 753 3542 820 expetibilem,

1967 849 2168 917 quippe
2204 846 2562 899 immoderato
2607 845 2985 914 dissolutoque
3025 847 3264 914 appetitu
3299 857 3430 918 tunc
3461 863 3546 898 ar-

1969 941 2153 994 borem
2207 948 2528 1007 aspexerat;
2579 939 2717 991 solet
2770 938 2917 989 enim
2972 937 3346 1005 hujuscemodi
3397 941 3540 1008 cupi-

1967 1031 2108 1086 dinis
2145 1032 2554 1096 immoderatio,
2585 1031 2628 1084 si
2667 1029 2890 1100 quando
2937 1031 3182 1084 animum
3233 1032 3452 1096 invasit,
3486 1047 3550 1086 ea

1969 1124 2020 1177 in
2055 1138 2175 1192 qua:
2212 1121 2536 1184 intenditur,
2591 1122 2838 1175 omnium
2877 1122 3248 1191 pulcherrima
3285 1126 3551 1192 gravissi-

1970 1230 2166 1284 tna'que
2221 1215 2464 1280 ducere;
2526 1215 2688 1269 sicuti
2753 1217 2974 1269 evenire
3038 1216 3288 1270 videmus
3335 1218 3421 1271 'iis'
3458 1220 3550 1288 qui

1969 1308 2215 1375 improbo
2269 1307 2487 1362 feminae
2538 1307 2775 1375 alicujus
2833 1318 3023 1362 amore
3077 1306 3435 1374 detinentur;
3489 1326 3552 1364 ea

1966 1403 2132 1464 enim,
2157 1403 2320 1455 etiam
2346 1402 2392 1456 si
2419 1416 2558 1470 szepe
2579 1401 2650 1454 sit
2679 1400 2985 1455 fmdissima'
3013 1400 3552 1472 deformissimaquc.

1971 1505 2150 1548 tamen
2185 1495 2321 1548 bene
2368 1495 2603 1564 pulcina
2637 1510 2699 1547 ac
2748 1505 2977 1549 venusta
3027 1496 3078 1548 in
3131 1496 3358 1562 illorum,
3383 1496 3555 1550 oculis

1971 1587 2221 1651 Imitetur,
2257 1587 2395 1639 adeo
2446 1594 2504 1639 ut
2550 1586 2765 1644 illorum
2822 1587 3038 1640 crecilas
3084 1589 3149 1641 iis
3197 1588 3267 1641 sit
3314 1590 3551 1642 ostentui

1969 1679 2059 1747 qui
2085 1679 2155 1732 ab
2185 1693 2246 1732 ea
2281 1678 2625 1746 permotione
2665 1678 2832 1731 animi
2881 1677 3144 1733 adversus
3198 1680 3344 1732 illam
3398 1679 3556 1732 femi-

1973 1785 2094 1823 nam
2131 1771 2285 1824 vacui
2319 1779 2466 1824 sunt.
2522 1770 2693 1838 igitur
2729 1771 2856 1838 quia
2897 1773 3138 1834 mulieri,
3171 1774 3368 1840 cupido
3415 1773 3556 1825 illius

296 1881 520 1948 r‘umper
547 1867 809 1918 adversus
839 1865 987 1918 illum
1017 1873 1397 1933 argumentata
1429 1862 1643 1923 fuisset,
1671 1861 1864 1914 victrix
1900 1848 1941 1905 Β
1972 1861 2183 1914 arboris
2221 1877 2315 1929 per
2351 1862 2621 1929 serpentis
2656 1861 2900 1914 fraudem
2934 1861 3045 1930 jam
3081 1863 3279 1931 injecta
3315 1873 3453 1929 erat,
3486 1861 3559 1916 ait

293 1959 559 2013 evasisset
592 1976 605 2011 :
638 1958 733 2012 sed
768 1958 838 2010 ita
867 1957 1012 2010 illius
1061 1957 1222 2010 verba
1274 1954 1568 2023 accepisse.
1603 1966 1860 2021 tanquam

292 2067 416 2121 qua:
454 2053 639 2121 procul
671 2051 836 2106 dubio
869 2067 994 2104 vera
1041 2061 1243 2104 essent.
1275 2048 1410 2101 Nam
1462 2064 1556 2115 per
1604 2048 1903 2100 tlteinonis.

295 2143 590 2212 nequitiam
644 2143 802 2199 simul
834 2159 955 2197 cum
1002 2142 1107 2194 illis
1141 2141 1316 2194 verbis
1363 2158 1376 2191 :
1424 2137 1490 2191 Et
1538 2139 1682 2191 eritis
1729 2139 1864 2191 sicut

293 2237 390 2301 dii,
421 2235 678 2304 injectum
713 2247 792 2288 est
822 2237 918 2302 ipsi
950 2229 1282 2286 desiderium
1319 2231 1530 2285 arboris
1563 2231 1863 2299 gustanda',

295 2325 631 2389 incensaque
682 2336 762 2380 est
813 2324 1062 2392 cupidine
1125 2322 1456 2375 divinitatis.
1519 2320 1668 2372 Solet
1719 2321 1863 2371 enim

295 2427 603 2486 peccatum,
660 2425 889 2470 mentem
923 2429 1111 2468 eorum
1142 2412 1235 2483 qui
1266 2396 1385 2479 ejus
1430 2420 1559 2465 sunt
1607 2410 1865 2472 studiosi,

298 2507 571 2575 captivam
612 2505 716 2558 sibi
750 2505 1092 2572 mancipare.

357 2598 436 2664 Ὠ.
496 2596 687 2667 Maria
709 2605 769 2649 et
819 2593 944 2650 Eva
979 2598 1325 2665 comparatio.
1358 2623 1430 2636 --
1464 2593 1545 2649 In
1595 2609 1745 2656 vero,
1789 2594 1865 2646 le-

295 2698 434 2750 ctor,
486 2687 574 2740 hic
604 2687 740 2742 mihi
788 2683 1008 2738 Mariam
1060 2686 1201 2753 apud
1247 2697 1400 2739 tuum
1438 2684 1682 2737 animum
1733 2697 1866 2736 con»

297 2779 507 2833 tendite
559 2777 831 2845 paulisper
881 2792 1009 2830 cum
1049 2775 1193 2840 Eva;
1248 2784 1414 2844 atque
1461 2776 1611 2829 illius
1647 2775 1866 2844 quidem

295 2869 696 2934 fortitudinem,
743 2869 905 2935 hujus
954 2884 1082 2922 vero
1132 2869 1434 2922 socordiam
1485 2883 1549 2922 ac
1600 2867 1867 2937 ignaviam

297 2961 740 3017 animadvertito.
773 2960 944 3017 Maria
972 2961 1118 3014 enim
1144 2974 1265 3030 qua:
1298 2960 1596 3027 saepissime
1624 2958 1870 3011 audierat

295 3057 626 3125 promissum
665 3071 798 3112 esse
835 3072 865 3110 a
908 3054 1020 3110 Deo
1046 3055 1310 3125 patribus,
1344 3052 1677 3107 nasciturum
1711 3051 1870 3105 Chri-

296 3157 466 3209 stum,
502 3163 675 3216 neque
716 3147 998 3218 ignorabat
1034 3160 1156 3216 qum
1191 3144 1260 3198 de
1306 3160 1370 3198 ea
1409 3159 1468 3199 re
1514 3152 1694 3198 essent
1735 3144 1865 3196 vati-
1896 3186 1939 3247 Ο

295 3239 468 3294 cinati
509 3241 800 3308 proplietrn,
832 3253 956 3293 cum
1006 3239 1128 3308 ejus
1165 3237 1341 3291 nuntii
1375 3237 1546 3305 gratia
1596 3236 1663 3290 ad
1699 3237 1866 3305 ipsam

297 3332 537 3385 venisset
568 3331 791 3400 angelus
823 3331 1001 3400 specie
1031 3333 1288 3396 humana,
1323 3330 1662 3399 dixissetque
1689 3346 1704 3382 ς
1737 3327 1876 3382 Con-

297 3423 460 3498 cipies
509 3432 557 3475 et
607 3424 779 3489 paries
813 3423 893 3484 ⁸³;
938 3437 1276 3490 nequaquam
1315 3421 1493 3474 subito
1530 3423 1688 3475 tidem
1731 3420 1874 3474 illius

300 3514 486 3568 verbis
524 3515 788 3576 adhibuit,
841 3528 908 3566 eo
959 3513 1102 3582 quod
1159 3513 1461 3566 inauditum
1501 3521 1656 3564 antea
1707 3521 1872 3572 esset,

297 3606 567 3676 virginem
620 3607 938 3676 peperisse;
995 3606 1088 3660 sed
1137 3621 1256 3658 cum
1315 3605 1467 3672 ipso,
1522 3601 1873 3669 disceptando

299 3713 417 3752 rem
466 3700 766 3764 expendere
811 3696 1079 3764 occmpit,
1133 3695 1319 3747 dicens
1370 3711 1384 3747 :
1434 3692 1708 3757 Quomodo
1760 3691 1874 3758 ﬁeri

299 3796 472 3855 potest
503 3796 556 3838 ut
584 3786 679 3837 Itoc
705 3788 926 3851 eveniat,
954 3784 1162 3854 quando
1188 3786 1265 3837 vir
1291 3783 1420 3836 mihi
1448 3792 1602 3836 natus
1629 3798 1733 3836 non
1761 3783 1875 3835 est.’

300 3881 441 3942 sive,
470 3879 640 3932 virum
673 3894 776 3931 non
809 3894 1062 3946 cognosco
1085 3881 1130 3910 "
1153 3877 1178 3929 Ρ
1223 3885 1280 3930 ut
1311 3877 1420 3930 alia”
1465 3876 1666 3929 habent
1693 3887 1876 3928 exem-

303 3975 502 4044 plaria.
556 3974 635 4026 Ad
691 3973 812 4036 hoc,
864 3973 997 4028 abiit
1044 3973 1220 4027 visum
1273 3973 1432 4026 etiam
1487 3972 1614 4024 illud
1664 3971 1874 4038 signum

300 4066 452 4134 quod
505 4064 727 4131 angelus
766 4065 1006 4128 dederat,
1054 4077 1163 4131 quo
1199 4064 1265 4116 de
1305 4064 1476 4129 ipsius
1534 4061 1712 4114 verbis
1755 4060 1877 4113 inde

305 4159 510 4213 certior
542 4158 721 4223 fieret;
752 4157 1027 4225 gravidam
1063 4154 1264 4208 scilicet
1299 4153 1688 4216 Elisabetham,
1719 4151 1878 4204 steri-

305 4248 409 4303 lem
449 4246 647 4316 alioqui
684 4262 867 4299 anum.
902 4247 971 4299 At
1006 4244 1111 4298 Eva
1143 4259 1266 4314 quas
1303 4230 1578 4312 nunquam
1610 4244 1878 4304 audierat,

307 4338 478 4393 Deum
518 4337 718 4392 invidia
756 4338 1023 4401 laborare,
1053 4345 1146 4390 aut
1177 4351 1234 4389 se
1264 4334 1370 4390 diis
1407 4350 1561 4401 pares
1595 4334 1805 4387 futuros
1836 4334 1878 4386 si

305 4429 375 4485 de
400 4429 564 4483 vetita
589 4429 784 4481 arbore
811 4434 1128 4497 gustarent,
1166 4424 1327 4478 simul
1357 4430 1521 4491 atque
1554 4423 1881 4491 loquebatur

1974 1956 2169 2016 Moses,
2213 1958 2382 2023 ipsam
2431 1957 2623 2009 fidi>58
2672 1957 2912 2007 arborem
2966 1957 3106 2024 quod
3156 1957 3377 2025 pulchra
3430 1968 3560 2014 esset

1971 2047 2039 2098 ad
2079 2047 2406 2110 vescendum,
2465 2057 2565 2102 etc.
2627 2045 2732 2100 Sed
2790 2058 2845 2100 ut
2883 2063 2969 2101 res
3022 2049 3195 2117 magis
3235 2050 3557 2115 illustretnr,

1969 2141 2226 2202 dicimus,
2285 2141 2461 2194 tribus
2511 2140 2737 2192 omnino
2819 2140 3025 2193 vicibus
3078 2141 3186 2193 a‘lio
3233 2151 3392 2210 atque
3453 2143 3560 2207 alio

1973 2231 2135 2283 modo
2173 2231 2339 2283 Evam
2375 2231 2577 2306 vidisse
2612 2231 2755 2282 illam
2790 2230 3062 2286 arborem.
3094 2231 3278 2286 Primo
3310 2235 3556 2302 quidem,

1969 2323 2187 2392 quando
2219 2323 2336 2389 lege
2363 2337 2484 2374 eam
2520 2321 2734 2374 velabat
2763 2322 2941 2385 Deus;
2980 2322 3176 2376 iterum
3209 2340 3238 2377 a
3271 2324 3470 2379 Satana
3504 2326 3558 2379 in

1974 2414 2220 2466 fraudem
2274 2414 2603 2466 illiciebatur
2642 2415 2792 2482 ipsa;
2837 2417 2998 2468 tertio
3052 2430 3344 2485 p05tquam
3374 2421 3439 2473 de
3470 2420 3562 2474 illa

1973 2506 2197 2560 edisset.
2235 2506 2299 2558 fit
2345 2505 2522 2575 primo
2549 2508 2768 2574 quidem
2801 2506 3126 2575 simpliciter
3157 2509 3407 2563 inttiitam
3440 2528 3565 2566 esse

1971 2609 2031 2652 ut
2071 2610 2390 2653 camerarum
2433 2597 2688 2649 arborum
2734 2612 2897 2650 unam
2941 2600 3264 2666 quamlibet.
3309 2604 3562 2655 Secundo

1972 2706 2102 2745 Vero
2143 2707 2250 2744 non
2289 2691 2613 2758 simpln-iter
2649 2693 2952 2758 aspexisse,
2990 2691 3084 2745 sed
3127 2709 3250 2746 cum
3301 2684 3558 2762 cupidine

1972 2799 2078 2852 qua
2117 2783 2229 2853 jam
2272 2793 2381 2834 tum
2426 2783 2732 2842 tenebatur,
2767 2797 2981 2850 quaque
3026 2786 3284 2838 censebat
3312 2788 3556 2839 omnium

1975 2875 2402 2945 pulcherrimam
2461 2889 2624 2935 esse;
2668 2874 2811 2927 sicut
2862 2874 3103 2928 Thamar
3159 2878 3562 2932 formosissima

1975 2967 2262 3022 videbatur
2303 2966 2355 3018 in
2388 2965 2562 3019 oculis
2599 2967 2881 3021 Ammonis
2917 2983 3102 3022 amore
3136 2971 3255 3034 ejus
3292 2970 3560 3039 impediti.

1976 3057 2161 3114 Tertio
2198 3060 2454 3127 denique,
2498 3059 2656 3112 simul
2705 3069 2869 3126 atque
2921 3070 3218 3127 gustasset,
3270 3071 3381 3114 tum
3437 3077 3566 3115 vero

1977 3152 2195 3206 demum
2231 3165 2330 3219 pro
2366 3150 2520 3203 valde
2558 3149 2702 3203 fmda
2757 3149 2985 3216 diraque
3029 3151 3287 3205 habuisse
3338 3171 3349 3204 :
3401 3153 3563 3206 sicuti

1977 3243 2144 3296 etiam
2187 3241 2421 3294 Ammon
2479 3255 2719 3294 sororem
2775 3257 2929 3295 suam
2979 3243 3241 3304 Thamar,
3300 3255 3356 3297 ut
3394 3246 3566 3298 viola-

1977 3343 2149 3397 verat,
2184 3333 2420 3388 invisam
2454 3332 2714 3396 habebat;
2750 3334 2996 3399 quamvis
3026 3336 3169 3386 enim
3203 3349 3307 3387 una
3338 3337 3562 3390 eadem-

1978 3442 2086 3494 que
2136 3426 2390 3478 manebat
2441 3424 2616 3492 ipsius
2669 3421 2910 3476 Thamar
2950 3423 3121 3476 fortun
3171 3437 3294 3478 ante
3344 3437 3397 3479 et
3446 3437 3567 3494 post

1978 3518 2275 3570 admissum
2327 3526 2597 3582 stuprum,
2649 3523 2834 3567 tamen
2886 3531 3050 3583 quam
3110 3517 3263 3584 prius
3297 3517 3462 3570 frater
3497 3520 3567 3570 oh

1978 3617 2315 3661 venustatem
2342 3607 2643 3669 adamarat,
2674 3617 2966 3675 postquam
2996 3622 3089 3672 per
3117 3619 3396 3675 peceatum
3426 3625 3569 3664 essvt

1979 3700 2206 3759 abusus,
2259 3695 2386 3748 odio
2435 3697 2870 3763 prosequebatur
2901 3695 2966 3750 ".
3021 3696 3207 3764 Itaque
3255 3700 3422 3751 aibor
3478 3701 3566 3752 illa

1980 3803 2100 3856 qua:
2136 3786 2250 3856 pari
2302 3785 2706 3854 pulchritudine
2752 3787 2854 3844 fuit
2898 3805 3020 3841 cum
3055 3789 3122 3841 de
3171 3793 3282 3857 ipsa
3332 3789 3567 3843 ferretur

1982 3882 2066 3933 lex
2101 3886 2155 3932 et
2204 3893 2328 3930 cum
2381 3889 2525 3931 esset
2564 3879 2797 3933 dietnoni
2842 3879 3050 3932 fraudis
3094 3880 3342 3941 materia,
3378 3897 3440 3934 ac
3474 3883 3569 3932 ili--

1982 3972 2147 4039 nique
2193 3978 2315 4039 post
2355 3971 2671 4038 decerptum
2711 3979 3104 4038 gustatnmque
3137 3985 3165 4024 a
3201 3971 3428 4024 muliere
3459 3972 3574 4026 fru-

1981 4073 2170 4126 ctum;
2214 4073 2391 4117 tamen
2443 4063 2622 4130 primo
2674 4078 2854 4130 neque
2911 4062 3137 4129 pulchra
3195 4078 3370 4132 neque
3425 4063 3569 4118 {teda

1983 4155 2096 4208 visa
2130 4153 2321 4222 primis
2374 4155 2578 4206 nostris
2629 4154 2952 4230 parentibus
2999 4162 3102 4217 est,
3139 4167 3259 4206 mox
3295 4169 3422 4208 vero
3456 4153 3572 4222 pul-

1985 4247 2299 4309 cherrima,
2359 4245 2452 4298 sed
2524 4253 2799 4313 postremo
2869 4246 3028 4314 plane
3094 4246 3431 4301 detcsmbilis
3489 4258 3574 4300 est

1985 4339 2168 4392 habita
2211 4349 2497 4406 postquam
2555 4346 2838 4403 peccaturo
2896 4352 2990 4405 per
3050 4338 3223 4406 ipsam
3282 4341 3571 4393 admisere.

1986 4429 2134 4484 Vidit
2167 4430 2345 4498 igitur
2384 4427 2530 4495 quod
2584 4428 2807 4495 pulchra
2859 4429 3258 4497 commodaque
3307 4442 3453 4485 esset
3505 4431 3572 4484 ad

306 4535 434 4574 cum
472 4521 608 4587 ipsa,
637 4533 741 4572 non
769 4518 878 4584 jam
911 4517 1148 4569 humara
1175 4513 1370 4582 aliquis
1399 4514 1580 4583 specie
1607 4516 1876 4581 apparens
1912 4517 1953 4571 D
1987 4524 2312 4578 vescendum
2349 4524 2458 4591 prae
2494 4522 2702 4574 ueteris
2746 4522 2978 4590 paradisi
3028 4522 3368 4590 quibuslibet
3415 4520 3572 4575 ai'hu-

309 4615 400 4666 sed
445 4625 688 4678 serpens,
728 4608 861 4662 nihil
901 4606 1140 4675 disputat
1178 4607 1246 4659 de
1290 4604 1506 4668 arbore,
1540 4604 1632 4656 sed
1684 4602 1880 4655 divini-

309 4704 453 4756 tatis
477 4702 772 4755 ambitione
818 4700 1149 4761 incenditur,
1181 4696 1572 4766 viiipcnditque
1605 4693 1698 4746 Dei
1733 4696 1883 4746 niani-

309 4774 527 4855 da‘ium,
561 4808 728 4860 quare
760 4803 1126 4845 conscnlattec
1151 4791 1216 4843 de
1247 4804 1308 4843 ea
1342 4788 1547 4843 dictum
1583 4797 1666 4842 est
1697 4801 1725 4838 a
1757 4784 1901 4848 divo,

312 4883 463 4938 Mose
505 4901 520 4937 :
561 4883 626 4936 Et
660 4884 781 4935 vidit
817 4882 1007 4935 mulier
1043 4884 1180 4951 quod
1210 4881 1429 4950 pulchra
1461 4889 1592 4932 esset
1627 4877 1782 4931 arbor
1812 4879 1880 4929 ad

314 4975 646 5039 reticendum,
681 4985 729 5029 et
761 4975 1053 5042 expetibilis
1089 4975 1273 5038 oculis,
1323 4982 1480 5043 atque
1518 4970 1878 5024 desiderabilis

314 5078 574 5137 spectata.
627 5066 848 5122 Viderat
899 5067 1114 5136 quidem
1172 5065 1372 5118 femina
1433 5065 1682 5118 arborem
1733 5063 1879 5115 illam

315 5149 480 5215 etiam
527 5161 676 5227 prius
715 5175 877 5230 quam
929 5159 1070 5211 illam
1125 5170 1350 5225 serpens
1399 5156 1663 5220 adiisset,
1709 5170 1883 5223 neque

316 5254 462 5307 enim
514 5261 727 5320 poterat
783 5251 896 5318 lege
951 5251 1179 5303 inhiberi
1235 5246 1335 5316 ipsi
1392 5249 1554 5301 arbor
1607 5263 1712 5299 non
1749 5246 1884 5299 visa.

318 5343 474 5412 Quod
511 5359 640 5398 vero
687 5343 866 5398 Moses
911 5343 1019 5412 jam
1068 5343 1164 5404 ait,
1204 5341 1392 5393 vidisse
1431 5340 1698 5412 mulierem
1749 5341 1887 5408 quod

319 5437 538 5508 pulchra
564 5447 696 5490 esset
727 5438 884 5490 arbor
906 5437 971 5490 ad
999 5435 1326 5498 vescendum,
1355 5445 1408 5487 et
1437 5450 1556 5503 quze
1584 5430 1889 5502 sequuntur

324 5529 450 5592 alia,
499 5530 737 5583 ostendit
785 5528 892 5581 alio
946 5528 1121 5581 modo
1149 5535 1274 5580 ante
1306 5524 1568 5578 daemonis
1602 5538 1886 5577 accessum

323 5622 493 5676 visam
530 5621 598 5674 ab
630 5621 717 5673 illa
751 5620 918 5674 fuisse
948 5622 1221 5682 arborem,
1255 5618 1364 5672 alio
1398 5628 1540 5686 post.
1573 5617 1712 5669 Ante
1743 5617 1887 5669 enim

394 5799 597 5855 "Luc.
656 5817 690 5860 I,
735 5800 823 5852 5|.
900 5799 942 5833 "’
979 5800 1110 5852 liii-.l.
1162 5799 1250 5852 ει.

680 5899 945 5958 Parant.
998 5901 1108 5958 (in.
1159 5898 1315 5959 CXI.

1989 4615 2166 4678 ribus,
2210 4619 2398 4685 eoquc‘
2433 4615 2642 4669 acriore
2688 4615 2740 4669 in
2788 4614 2959 4682 ipsam
3004 4615 3245 4682 appetitu
3289 4623 3441 4683 rapta
3491 4627 3574 4668 est

1989 4704 2154 4774 quam
2185 4705 2238 4758 in
2266 4715 2584 4760 exterarum
2613 4705 2849 4775 aliquam
2876 4719 2889 4767 ;
2926 4715 3032 4757 nOn
3067 4705 3211 4772 quod
3243 4705 3407 4757 arbor
3433 4707 3570 4773 ipsa,

1992 4796 2085 4851 sed
2113 4797 2240 4864 quia
2268 4796 2482 4850 femina:
2505 4797 2719 4850 animus
2743 4805 2886 4849 esset
2913 4805 3158 4849 mutatus
3188 4809 3283 4866 per
3306 4797 3572 4864 serpentis

1993 4890 2276 4962 fraudem,
2341 4891 2432 4957 qui
2487 4889 2734 4941 muliebri
2791 4889 3116 4942 crudelitate
3169 4898 3330 4955 atque
3385 4887 3570 4940 ραι-ενιιί

1993 4978 2215 5031 libidine
2249 4977 2420 5045 ipsam
2457 4979 2650 5046 agebat
2685 4979 3027 5047 praecipitem
3048 4980 3111 5030 ad
3145 4978 3572 5030 eam'arh-irt-m.

1991 5067 2260 5122 Cznterum
2298 5068 2478 5137 aptior
2511 5069 2685 5122 videri
2732 5071 2901 5138 possit
2943 5069 3232 5123 verborum
3273 5077 3574 5128 structura.

1988 5155 2036 5213 'si
2080 5160 2160 5214 sic
2193 5159 2406 5229 legatur
2448 5179 2461 5213 :
2505 5160 2571 5213 Et
2613 5161 2741 5214 vidit
2778 5161 2963 5212 mulier
3000 5161 3139 5228 quod
3189 5159 3410 5225 pulchra
3445 5173 3578 5212 esset

1997 5252 2155 5303 arbor
2201 5252 2392 5314 oculis,
2420 5265 2465 5305 et
2499 5251 2788 5321 expetibifi:
2837 5251 2904 5303 ad
2947 5252 3292 5315 vescendum;
3330 5251 3576 5319 pulchri-

1999 5346 2130 5398 tudo
2169 5349 2315 5400 enim
2346 5346 2412 5400 ad
2447 5346 2722 5415 spectandi
2758 5359 2979 5398 sensum
3034 5348 3286 5414 pertinet,
3323 5357 3380 5398 ut
3410 5361 3580 5414 appe-

2000 5438 2134 5491 titus
2169 5437 2237 5490 ad
2274 5437 2479 5492 cibum.
2514 5435 2616 5490 Sed
2665 5436 2767 5489 hoc
2798 5435 2926 5490 alibi
2960 5435 3070 5506 jam
3103 5452 3133 5490 a
3166 5436 3324 5490 nobis
3357 5448 3438 5491 est
3468 5447 3578 5491 tra-

1990 5515 2227 5582 ctatum.
2267 5527 2365 5582 Est
2399 5531 2532 5580 vero
2560 5533 2612 5579 ct
2648 5527 2750 5580 hoc
2790 5527 3332 5581 animadvertendum
3369 5544 3434 5582 ex
3469 5528 3580 5583 illis

2005 5621 2181 5674 verbis
2226 5638 2238 5674 :
2284 5620 2348 5672 fit
2392 5620 2514 5672 vidit
2573 5617 2784 5686 mulier,
2841 5629 2969 5683 ete.,
3018 5619 3198 5688 colligi
3248 5619 3420 5689 ipsam
3472 5636 3576 5674 non

1327 5801 1370 5833 η
1404 5798 1444 5852 ιι
1482 5798 1609 5872 πῖνε.
1650 5815 1769 5867 xm,
1810 5800 1829 5853 l
1869 5814 2041 5868 δριιίιρ

3152 5891 3225 5953 18
