4010 6452
692 401 793 463 535

3586 108 3989 393 τι

1955 392 2181 451 MOSIS
2223 390 2310 447 ΒΛ
2322 390 2368 447 R
2409 380 2654 450 CEPIIA
3778 397 3861 457 556

694 518 871 572 subito
912 532 973 569 ac
1010 530 1233 584 prope-re
1284 516 1347 566 de
1392 514 1583 566 arbore
1632 520 1897 583 gustasse,
1949 511 2042 564 sed
2078 510 2245 563 multa
2278 514 2317 566 Α
2349 515 2649 576 acceperat,
2686 507 2925 560 futurum
2958 514 3148 559 utnon
3183 506 3354 559 solum
3394 521 3498 558 non
3537 520 3865 571 morerentur,

693 609 839 673 prius
892 621 1077 657 secum
1129 604 1438 658 meditatam
1482 620 1494 654 :
1530 614 1686 670 atque
1736 618 1857 654 cum
1897 600 2064 661 illam,
2102 601 2252 666 juxta

694 698 951 751 insistens
1000 696 1071 749 ob
1123 696 1309 748 oculos
1367 694 1584 746 haberet
1638 710 1651 746 :
1700 702 2104 761 aspcctantrm,
2150 692 2251 742 alia

693 799 856 856 atque
897 787 1001 840 alia
1044 788 1224 839 animo
1255 785 1490 840 voluisse
1523 802 1536 838 :
1574 782 1637 835 Et
1670 785 1863 851 occepit
1894 783 1957 836 de
2002 783 2254 850 fructibus

695 879 860 944 ipsius
892 887 939 930 et
971 876 1097 928 edit.

764 966 871 1021 Cur
922 964 1032 1018 Eva
1083 974 1202 1019 ante
1258 974 1494 1019 vocatum
1546 964 1809 1017 Adamum
1857 965 2141 1033 gustaverit
2193 965 2255 1017 de

698 1060 879 1111 arbore
908 1058 1159 1114 scientirr.
1187 1038 1256 1096 ξ-
1282 1056 1497 1122 Qiuerat
1530 1055 1749 1123 aliquis,
1777 1070 1874 1109 cur
1908 1071 2014 1110 non
2050 1056 2255 1110 vocarit

698 1149 1004 1211 Adamum,
1054 1156 1111 1201 ut
1157 1148 1202 1201 is
1242 1148 1389 1215 prior
1433 1146 1647 1200 ederet!
1692 1144 1946 1198 nimirum
1988 1144 2249 1199 transfor-

701 1240 837 1293 mari
875 1241 992 1309 ipsa
1024 1241 1169 1307 prior
1198 1238 1450 1307 cupiebat
1486 1237 1537 1291 in
1569 1236 1751 1302 deum,
1776 1238 2063 1307 virumque
2095 1251 2253 1291 suum

698 1334 981 1387 divinitate
1031 1330 1340 1385 antevenire
1385 1329 1479 1399 qui
1529 1344 1587 1384 se
1637 1328 1975 1384 humanitate
2023 1342 2255 1398 praeces-

699 1432 866 1485 serat,
920 1434 1028 1489 quo
1080 1420 1178 1472 hac
1228 1412 1440 1473 ratione
1492 1417 2017 1471 administrationem
2073 1432 2253 1471 rerum

704 1526 811 1581 pra:
848 1511 939 1563 illo
987 1516 1146 1577 atque
1198 1509 1484 1576 imperium
1534 1505 1800 1560 obtineret
1848 1522 1862 1557 :
1914 1505 2257 1560 existimabat

696 1602 839 1653 enim
890 1600 1053 1653 simul
1092 1607 1254 1668 atque
1293 1605 1558 1668 gustaret,
1599 1598 1864 1667 evestigio
1911 1598 1965 1651 in
2012 1598 2165 1653 deam
2200 1612 2259 1653 se

700 1692 1147 1746 transformatum
1188 1690 1253 1744 iri
1295 1705 1393 1758 pro
1443 1689 1645 1743 fallacis
1696 1690 1964 1757 serpentis
2008 1689 2253 1745 consilio.

702 1786 935 1837 Rursum
969 1784 1137 1853 (μιξεῐί
1170 1792 1368 1851 potest,
1403 1781 1754 1850 quamobrem
1790 1795 1895 1833 non
1930 1791 2055 1834 sunt
2087 1781 2254 1850 aperti

702 1876 941 1929 nmlieris
977 1875 1140 1938 oculi,
1179 1875 1569 1943 agnoveritque
1606 1888 1759 1927 suam
1801 1874 1915 1941 ipsa
1959 1872 2255 1926 nuditatem

705 1981 823 2020 mox
863 1964 953 2019 ubi
989 1966 1192 2019 edisset
1230 1980 1353 2018 eum
1390 1964 1650 2029 fructum,
1686 1964 1823 2018 sicut
1863 1964 2060 2017 accidit
2125 1963 2261 2017 utri.

701 2073 805 2121 que
838 2066 1121 2124 postquam
1155 2055 1391 2109 edisscnt
1438 2055 1617 2110 ambo.
1656 2052 1832 2123 ilujus
1860 2054 1936 2106 rei
1975 2054 2088 2108 haec
2136 2053 2258 2107 red-

700 2148 875 2199 denda
906 2155 988 2198 cst
1032 2145 1172 2199 ratio
1203 2162 1215 2198 :
1249 2144 1295 2197 si
1331 2144 1417 2197 illa
1458 2145 1621 2199 simul
1668 2156 1828 2215 atque
1865 2148 2010 2215 prior
2040 2148 2256 2214 edisset,

702 2234 1039 2288 verecundia:
1070 2248 1233 2287 sensu
1268 2231 1462 2287 fuisset
1496 2232 1767 2302 perculsa,
1801 2236 2081 2291 metuisset
2116 2235 2260 2289 Ada-

702 2339 822 2377 mus
882 2335 1050 2392 atque
1111 2323 1507 2386 abstinuisset,
1572 2338 1749 2393 sreque
1816 2333 1993 2378 tamen
2047 2340 2111 2379 ea
2156 2327 2259 2381 sibi

701 2418 1026 2472 abstinentia
1077 2417 1304 2487 iustitia:
1352 2416 1565 2471 laudem
1615 2415 1777 2470 ullam
1830 2418 2148 2483 meruisset,
2200 2428 2261 2471 ut

705 2512 795 2578 qui
829 2524 936 2563 non
962 2508 1163 2563 divinae
1192 2507 1326 2577 legis
1356 2508 1657 2563 reverentia
1683 2514 1737 2560 et
1766 2514 2010 2575 respectu
2040 2508 2134 2562 sed
2166 2522 2261 2577 per

705 2600 889 2653 uxoris
937 2599 1193 2666 pudorem
1245 2584 1437 2652 fuisset
1484 2596 1779 2650 cohibitus.
1827 2596 1999 2663 Igitur
2040 2597 2259 2664 quando

702 2698 973 2743 certamen
1006 2704 1070 2742 ex
1102 2702 1257 2757 :equo
1291 2687 1359 2743 ad
1398 2696 1688 2754 utrumque
1725 2686 2025 2755 spectabat,
2059 2683 2259 2741 facien-

705 2786 942 2850 dumque
972 2790 1088 2834 erat
1136 2780 1433 2849 periculum
1466 2777 1845 2846 deutriusque
1889 2777 2051 2831 simul
2085 2778 2262 2833 indole

706 2892 768 2929 ac
795 2878 1104 2937 voluntate;
1140 2870 1351 2933 distulit
1383 2871 1522 2923 Deus
1552 2868 1672 2922 Eva:
1700 2868 2105 2935 verecundiam,
2133 2867 2260 2921 eﬂ‘e-

704 2969 884 3034 ritqne
928 2980 994 3017 ne
1026 2966 1196 3033 ipsam
1227 2961 1392 3017 simul
1420 2976 1539 3015 cum
1568 2969 1780 3029 gustato
1826 2959 2003 3013 fructu
2039 2958 2263 3028 puderet

706 3056 985 3109 nuditntis.
1017 3053 1081 3105 Et
1108 3052 1245 3105 dedit
1274 3053 1432 3104 etiam
1457 3052 1563 3103 viro
1590 3065 1685 3103 suo
1714 3065 1908 3114 sctum,
1937 3059 1986 3102 et
2015 3048 2259 3103 comedit.

708 3145 1207 3200 Esistimaudumue
1237 3151 1321 3196 est
1354 3142 1440 3194 hic
1474 3140 1747 3193 mulierem
1792 3139 2114 3208 simpliciter
2144 3139 2263 3192 viro
2292 3175 2335 3230 ε

708 3236 1043 3303 porrexisse,
1101 3234 1274 3285 virum
1332 3248 1455 3283 vero
1504 3230 1701 3293 edisse,
1755 3246 1877 3283 cum
1952 3243 2124 3298 neque
2175 3228 2264 3281 illa

708 3328 924 3381 verbum
960 3327 1127 3377 ullum
1162 3322 1227 3377 ad
1269 3324 1444 3391 ipsum
1476 3320 1695 3383 faceret,
1727 3336 1900 3389 neque
1930 3321 2044 3388 ipse
2074 3335 2265 3375 rursus

708 3417 849 3483 apud
894 3416 1040 3467 illam
1087 3415 1152 3466 de
1181 3427 1243 3465 eo
1283 3412 1403 3463 ribo
1434 3408 1795 3477 disquireret?
1834 3409 1975 3463 Sane
2003 3423 2103 3462 nos
2130 3423 2262 3463 cen-

710 3521 892 3559 semus
920 3515 972 3558 et
1000 3506 1174 3556 virum
1215 3502 1282 3555 de
1313 3502 1435 3554 cibo
1476 3499 1871 3568 disquisivisse,
1900 3508 1953 3553 et
1985 3498 2264 3552 mulierem

710 3597 809 3666 ipsi
849 3606 960 3649 tum
1007 3609 1068 3647 ea
1116 3592 1276 3666 verba
1320 3589 1571 3644 retulisse
1604 3587 1747 3657 quod
1793 3601 2019 3655 serpens
2056 3586 2264 3640 daemon

710 3662 812 3743 sibi
858 3689 1099 3750 dixerat,
1153 3662 1263 3737 tum
1321 3682 1427 3737 alia
1482 3689 1737 3749 prmterea
1788 3694 1852 3732 ex
1906 3692 2005 3731 suo
2051 3678 2267 3744 ingenio

709 3782 971 3849 adiecisse
1012 3795 1132 3847 qme
1180 3778 1243 3830 ad
1296 3774 1730 3843 persuadendum
1777 3771 2040 3824 Adamum
2090 3768 2268 3823 facere

710 3880 923 3939 putaret
974 3884 989 3923 :
1024 3869 1185 3936 idque
1227 3866 1312 3919 his
1353 3862 1652 3917 rationibus
1697 3858 2057 3913 demonstrari
2108 3870 2269 3926 posse

708 3964 1107 4031 existimamus.
1142 3959 1323 4011 Primo
1370 3956 1512 4009 enim
1562 3969 1684 4007 cum
1734 3947 1865 4005 ante
1892 3950 2145 4005 violatam
2188 3949 2267 4001 le-

710 4071 851 4122 gum,
892 4068 1097 4120 magna:
1136 4064 1279 4102 curre
1310 4046 1473 4098 fuerit
1502 4044 1714 4113 utrique
1746 4058 1813 4097 ne
1841 4042 1967 4111 quid
2004 4041 2267 4094 adversus

713 4144 800 4195 Uei
839 4142 992 4210 jussa
1038 4139 1466 4197 committerent,
1513 4147 1617 4185 non
1658 4133 1835 4202 potuit
1886 4130 2127 4198 profecto
2158 4128 2265 4183 Eva

711 4232 1034 4301 porrigendo
1086 4229 1246 4281 modo
1298 4226 1478 4280 cibum
1540 4222 1762 4277 vetitum
1818 4236 1990 4289 neque
2043 4220 2265 4274 verbum

712 4327 876 4376 ullum
922 4322 1167 4375 addendo
1207 4319 1462 4373 inducere
1498 4314 1765 4366 Adamuin
1812 4313 1877 4365 ad
1920 4311 2269 4373 vescendum,

712 4417 842 4467 nihil
879 4426 1101 4482 prorsus
1146 4409 1211 4463 de
1240 4423 1305 4462 eo
1348 4405 1491 4475 quod
1525 4403 1922 4475 porrigebatur,
1958 4401 2265 4469 disquircn~

2354 612 2538 651 verum
2585 597 2745 651 etiam
2802 596 3025 650 deorum
3078 597 3281 650 similes
3330 599 3651 659 maderent,
3697 608 3746 650 ct
3786 600 3871 650 alia

2355 691 2575 757 insuper
2607 688 2878 743 allinxisse
2915 688 3111 758 quibus
3158 688 3408 741 maritum
3462 688 3525 740 ad
3579 687 3872 741 vescendum

2354 783 2648 853 pelliceret,
2699 789 2860 851 atque
2905 781 2975 834 ita
3015 790 3301 849 utrumque
3341 778 3537 840 edisse,
3587 778 3877 847 facinusque

2354 875 2645 949 pessimum
2681 874 2979 927 admisisse.
3015 872 3153 937 Quin
3185 872 3439 924 dominus
3496 870 3723 938 Ephrem
3763 869 3875 922 scri-

2356 966 2453 1029 bit,
2499 963 2661 1018 Evam
2695 963 2861 1018 multa
2910 962 3293 1032 pollicitatione
3338 962 3662 1017 sollicitasse
3702 964 3879 1025 virum,

2355 1066 2514 1127 atque
2559 1057 2625 1110 ad
2673 1056 2997 1111 vescendum
3038 1056 3337 1121 induxisse,
3391 1063 3646 1109 caeterum
3698 1052 3880 1118 idest-ti,

2356 1149 2553 1217 quibus
2604 1162 2698 1202 usa
2747 1147 2862 1217 ipsa
2912 1147 2983 1201 sit
3018 1146 3231 1212 verbis,
3286 1145 3735 1217 praetermisisse,
3778 1161 3882 1200 cum

2357 1248 2499 1295 esset
2526 1248 2817 1294 contentus
2843 1240 3092 1294 docuisse
3124 1254 3223 1293 nos
3254 1238 3505 1293 feminam
3539 1240 3663 1292 viro
3690 1252 3885 1293 causam

2357 1330 2618 1384 violanda:
2653 1330 2784 1400 legis
2822 1329 3009 1396 fuisse,
3048 1344 3113 1384 eo
3142 1330 3286 1400 quod
3323 1331 3515 1385 vetitos
3558 1329 3769 1384 fructus
3800 1330 3885 1399 ipsi

2356 1420 2592 1475 edendos
2632 1420 3099 1495 subministrarlt,
3153 1428 3206 1475 et
3247 1420 3409 1474 simul
3458 1420 3674 1473 animos
3719 1418 3890 1472 edendi

2359 1511 2623 1566 addiderit
2660 1529 2674 1565 :
2705 1513 2971 1580 serpentis
3002 1525 3130 1565 vero
3161 1512 3320 1565 verba
3353 1512 3549 1565 litteris
3581 1510 3887 1579 prodidisse.

2358 1610 2419 1655 ut
2460 1615 2583 1655 eum
2626 1600 3051 1670 intelligeremus
3094 1598 3266 1669 ipsum
3315 1614 3433 1654 esse
3479 1600 3698 1668 generis
3739 1598 3889 1654 nostri

2361 1705 2703 1746 communem
2748 1692 2978 1753 hostem,
3012 1706 3185 1760 eoque
3221 1691 3445 1745 insidias
3494 1692 3894 1760 improbitatem-

2360 1798 2466 1853 que
2516 1782 2709 1852 ipsius,
2759 1783 3037 1845 evitandi,
3091 1782 3264 1852 major
3312 1783 3467 1837 nobis
3518 1783 3702 1836 cautio
3746 1792 3891 1837 esset.

2363 1872 2530 1927 Porro
2567 1888 2688 1943 qua
2738 1871 2901 1927 fuerit
2940 1873 3101 1928 arbor
3129 1876 3196 1929 de
3239 1888 3343 1943 qua
3368 1874 3596 1929 ederunt
3646 1875 3811 1929 Adam
3849 1886 3894 1929 ct

2364 1963 2493 2027 Eva,
2534 1973 2588 2020 et
2628 1979 2915 2037 quemnam
2967 1964 3200 2020 fructum
3236 1958 3541 2034 gustarint,
3576 1981 3743 2036 supra
3771 1974 3893 2020 ests

2366 2056 2519 2111 nobis
2569 2063 2973 2125 pertractatum.
3026 2054 3105 2110 Ad
3164 2053 3278 2109 hac
3338 2055 3467 2109 illud
3517 2056 3686 2110 etiam
3737 2072 3893 2126 operm

2363 2146 2596 2217 pretium
2632 2146 2794 2200 fuerit
2829 2146 3278 2201 animadvertisse
3326 2162 3342 2201 :
3390 2161 3512 2202 cum
3561 2146 3811 2217 quisquis
3848 2161 3896 2198 re

2363 2238 2540 2307 aliqua
2585 2236 2840 2302 vescitur,
2884 2246 2978 2290 aut
3020 2234 3177 2288 famis
3211 2237 3532 2291 necessitate
3563 2237 3788 2306 impelli,
3818 2248 3894 2289 aut

2364 2332 2443 2386 rei
2475 2330 2591 2398 eius
2630 2328 2853 2383 libidine
2888 2326 3253 2396 eii'renataque
3289 2326 3618 2395 cupiditate;
3650 2328 3893 2382 Adamqu

2366 2419 2511 2495 nulla
2546 2419 2688 2473 fame
2717 2426 2961 2487 cogente,
3007 2416 3101 2471 sed
3144 2416 3365 2471 libidine
3409 2417 3695 2480 suadente,
3726 2419 3790 2473 de
3820 2420 3893 2472 ilfs

2366 2511 2560 2564 arbore
2588 2510 2787 2573 edisse,
2825 2523 2889 2563 ac
2930 2508 3152 2577 proinde
3179 2509 3227 2563 ei
3256 2509 3718 2578 concupiscentia
3743 2513 3897 2564 colim-

2366 2604 2505 2657 sisse
2532 2609 2835 2668 peccatum.
2870 2598 3003 2653 Nam
3036 2608 3095 2653 ut
3126 2599 3498 2669 apostolorum
3543 2602 3767 2671 quidam
3796 2600 3897 2655 ait:

2365 2691 2794 2760 Concupisceatia
2851 2690 3076 2752 concipit
3123 2699 3174 2744 et
3222 2691 3365 2759 parit
3426 2700 3701 2761 peceatum
3738 2691 3806 2746 ".
3850 2691 3897 2745 Si

2366 2785 2509 2839 enim
2537 2798 2640 2836 non
2663 2797 2756 2852 per
2782 2779 3079 2843 libidinem,
3113 2778 3206 2834 sed
3236 2790 3295 2834 ut
3317 2780 3408 2850 qui
3426 2782 3765 2837 nutrimento
3785 2796 3899 2853 opus

2365 2876 2607 2935 haberet,
2650 2870 2867 2933 edisset,
2905 2871 2970 2924 de
3000 2873 3211 2927 caeteris
3246 2870 3447 2927 edisset
3490 2874 3782 2929 arboribus
3810 2877 3897 2928 sibi

2368 2965 2419 3017 in
2452 2972 2661 3032 pastum
2711 2963 3010 3033 permissis,
3050 2977 3159 3016 non
3202 2964 3268 3017 de
3311 2979 3374 3018 ea
3422 2975 3599 3018 autem
3649 2981 3772 3035 quae
3799 2966 3897 3017 sola

2368 3055 2465 3109 sibi
2497 3054 2675 3108 fuerat
2694 3055 2854 3107 vetita
2880 3071 2893 3107 :
2922 3054 3099 3122 itaque
3128 3052 3300 3109 lames
3322 3065 3473 3110 extra
3504 3070 3707 3111 noxam
3741 3057 3901 3111 futuis

2368 3150 2514 3206 erat,
2547 3156 2670 3195 cum
2718 3142 3151 3211 concupiscentia
3193 3159 3314 3197 cum
3360 3154 3583 3214 peccato
3625 3146 3897 3215 conjuncta

2367 3232 2472 3299 sit;
2505 3233 2701 3301 quippe
2736 3232 2871 3286 hanc
2912 3232 3154 3286 ciborum
3200 3234 3439 3289 luxuries
3478 3235 3789 3297 comitatur,
3822 3234 3897 3300 qui

2368 3336 2491 3374 vero
2526 3321 2777 3390 ingluviei
2820 3322 3116 3391 indulgent.
3154 3325 3222 3377 ad
3267 3338 3513 3377 venerem
3556 3326 3714 3393 proni
3761 3328 3896 3383 fiunt,

2370 3422 2554 3482 utpote
2590 3412 2784 3481 gulusi,
2835 3414 3009 3466 ventri
3060 3412 3373 3482 mancipati,
3410 3412 3633 3481 μναῖαι-ιι
3685 3413 3898 3481 denique

2350 3505 2433 3558 .ad
2483 3502 2884 3567 ebriositatem,
2932 3518 3051 3571 qute
3096 3504 3218 3557 vitia
3268 3514 3429 3573 atque
3482 3504 3719 3557 maxima
3773 3511 3899 3554 sunt.

2372 3590 2595 3645 Veneris
2644 3606 2808 3659 porro
2856 3591 3083 3645 comites
3133 3600 3258 3645 sunt
3309 3591 3555 3652 scortari,
3601 3592 3901 3651 adulterari,

2366 3696 2489 3735 cum
2538 3682 2777 3735 maribus
2822 3682 3018 3750 corptts
3064 3680 3419 3737 commiscere
3470 3700 3484 3734 :
3534 3698 3658 3752 qua!
3705 3692 3758 3736 ct
3800 3682 3897 3749 ipsa

2366 3770 2565 3839 ﬂagitia
2594 3780 2740 3825 sunt.
2770 3767 2838 3823 Et
2867 3771 3035 3837 aperti
3066 3778 3185 3823 sunt
3214 3770 3350 3824 oculi
3380 3771 3674 3824 uerborum.

2437 3862 2599 3916 Musis
2637 3872 2683 3918 et
2732 3862 2980 3929 serpentis
3018 3862 3161 3913 dicta
3201 3862 3264 3913 de
3309 3861 3598 3929 aperiendis
3632 3862 3901 3926 primorum

2364 3963 2635 4023 parentum
2674 3953 2858 4004 oculis.
2887 3982 2957 3991 —-
2987 3952 3123 4004 Sunt
3162 3952 3251 4021 qui
3302 3961 3500 4006 temere
3546 3962 3714 4021 atque
3756 3951 3899 4005 etiam

2368 4045 2706 4112 impudenter
2747 4042 2947 4106 dicant,
2994 4042 3102 4108 jam
3150 4055 3291 4096 nunc
3341 4041 3468 4094 illud
3515 4042 3735 4095 evenire
3775 4038 3901 4108 quod

2365 4150 2591 4205 serpens
2616 4137 2754 4203 (hoc
2790 4142 2871 4187 est
2912 4133 3161 4199 Satanas)
3190 4132 3303 4186 fore
3348 4134 3696 4201 prazdixerat;
3732 4144 3900 4195 nempr

2367 4227 2414 4281 si
2456 4224 2625 4278 Adam
2670 4222 2886 4292 Evaque
2936 4223 3160 4277 ederent
3192 4223 3258 4277 de
3302 4222 3391 4275 illa
3421 4224 3632 4284 arbore,
3668 4229 3898 4290 apertum

2367 4318 2430 4371 iri
2466 4317 2710 4385 ipsorum
2738 4313 2924 4368 oculos
2954 4312 2974 4366 ‘:
3010 4313 3058 4366 id
3085 4313 3233 4365 enim
3265 4312 3349 4366 hic
3377 4322 3559 4367 narrat
3588 4311 3762 4365 Moses
3795 4318 3897 4377 rost

2368 4416 2638 4478 gustatum
2697 4405 2879 4459 cibum
2932 4406 3155 4459 vetitum
3215 4405 3342 4473 ipsis
3379 4406 3658 4459 accidisse.
3715 4401 3895 4454 Verum

711 4517 813 4559 tam
843 4524 855 4558 :
882 4503 1073 4558 deinde
1097 4502 1139 4554 si
1167 4498 1484 4567 simpliciter
1516 4507 1795 4564 acceptum
1824 4492 2007 4547 cibum
2040 4492 2263 4554 edisset,
2296 4512 2339 4569 ο
2369 4510 2468 4549 nos
2512 4492 2922 4561 respondemus,
2954 4492 3108 4544 aliter
3154 4490 3358 4555 Mosen,
3403 4493 3561 4545 aliter
3610 4496 3895 4557 serpentem

713 4588 932 4667 ignarus
974 4592 1261 4661 caeteroqui
1312 4589 1664 4659 quamobrem
1716 4590 1917 4651 ederet,
1950 4601 1976 4637 a
2009 4599 2116 4653 quo
2145 4592 2269 4636 ante

710 4692 892 4758 jussus
936 4684 1111 4738 fuerat
1142 4683 1441 4746 abstinere,
1487 4678 1631 4732 nulla
1670 4677 1960 4731 meruisset
1986 4675 2141 4743 etilpa
2175 4687 2271 4726 no-

715 4781 812 4834 lari
840 4781 909 4831 ob
938 4778 987 4831 id
1016 4775 1162 4847 quod
1194 4772 1509 4848 simpliciter
1547 4780 1708 4838 atque
1756 4769 2045 4822 inscienter
2080 4767 2271 4817 incon-

712 4874 1049 4937 siderathue
1091 4866 1355 4921 fecisset:
1404 4877 1524 4917 cum
1561 4876 1690 4915 vero
1735 4862 2008 4929 culpatum
2060 4865 2272 4912 constet

716 4973 995 5032 propterea
1040 4958 1183 5027 quod
1232 4956 1463 5019 edisset,
1517 4953 1671 5006 facile
1749 4950 2097 5015 intelligimus
2156 4946 2267 5000 rem

719 5054 887 5118 ipsum
937 5059 1061 5103 ante
1108 5048 1175 5099 ab
1226 5044 1342 5113 ipso
1396 5054 1559 5110 atque
1597 5054 1762 5093 uxore
1819 5038 1985 5091 fuisse
2018 5044 2268 5090 accurate

716 5154 1027 5207 catpensmn.
1069 5137 1350 5190 Postremo
1378 5134 1420 5187 si
1452 5126 1559 5183 Eva
1604 5130 1798 5181 mulier
1838 5142 1935 5180 usa
1979 5138 2059 5180 est
2090 5125 2269 5177 verbis

716 5235 979 5285 adversus
1022 5239 1345 5296 serpentem,
1394 5224 1637 5291 dixitque
1688 5239 1699 5274 :
1740 5219 1867 5288 Lege
1918 5218 2009 5269 Dei
2054 5216 2268 5267 interdi-

717 5337 852 5375 ctum
885 5322 1029 5374 nobis
1071 5331 1144 5371 est
1176 5336 1234 5371 ea
1268 5319 1471 5379 arbore,
1522 5324 1725 5383 quanto
1758 5313 1927 5379 magis
1961 5309 2273 5362 existiman-

718 5419 843 5467 dum
893 5423 976 5467 est
1027 5412 1293 5464 Adamum
1341 5409 1551 5460 curiose
1601 5405 1751 5475 prius
1800 5402 1867 5455 de
1934 5401 2054 5453 cibo
2112 5414 2268 5467 quem

722 5523 851 5557 uxor
922 5502 1229 5570 porrigebat
1297 5496 1671 5563 inquisivisse,
1726 5507 1887 5562 quant
1959 5498 2270 5557 gustaret:

721 5578 939 5649 uxorein
1004 5610 1127 5645 νυνι)
1174 5602 1225 5643 et
1274 5604 1330 5644 eo
1400 5587 1742 5655 respondisse
1786 5600 1903 5652 qum
1952 5601 1978 5634 ιι
2028 5590 2273 5649 serpente

784 5778 819 5803 "
858 5774 969 5827 Jac.
1010 5784 1048 5834 ι,
1091 5770 1171 5822 ίῘ».

2368 4587 2433 4638 de
2471 4583 2776 4653 aperiendis
2824 4582 2995 4635 oculis
3044 4593 3164 4633 esse
3216 4580 3441 4634 locutos.
3496 4576 3727 4646 Serpens
3767 4578 3893 4630 enim

2367 4674 2577 4728 volebat
2618 4674 2898 4726 oculorum
2938 4679 3190 4738 apertura
3240 4668 3543 4735 significare
3580 4669 3816 4721 futurum
3847 4676 3893 4718 ut

2367 4766 2477 4819 acri
2505 4773 2667 4831 atque
2696 4761 2993 4830 perspicaci
3014 4768 3212 4823 essent
3242 4758 3474 4827 ingenio,
3512 4759 3815 4824 bonumque
3841 4768 3893 4805 ac

2369 4860 2567 4911 malum
2602 4854 2821 4924 perinde
2849 4867 2910 4905 ac
2937 4850 3008 4905 dii
3038 4858 3253 4919 possent
3281 4850 3628 4918 dignoscere;
3658 4858 3712 4901 at
3740 4847 3894 4900 Moses

2372 4947 2570 5015 apertis
2618 4942 2790 4998 oculis
2838 4943 2969 4996 nihil
3016 4941 3159 4996 aliud
3211 4941 3356 5002 vult,
3404 4953 3563 5007 quam
3612 4954 3720 4993 sua
3767 4939 3892 5005 ipsos

2375 5037 2630 5091 nuditatis
2663 5034 2765 5089 sibi
2795 5036 3039 5087 conscios
3066 5047 3185 5086 esse
3214 5034 3415 5087 factos;
3451 5032 3551 5083 hoc
3575 5040 3673 5093 est,
3706 5029 3891 5097 pudore

2377 5108 2802 5195 Vr-rccundiaque
2850 5125 3083 5178 allectos.
3138 5122 3201 5173 Et
3252 5130 3590 5189 cognorcrunt
3620 5121 3753 5188 quod
3782 5116 3889 5168 uadi

2374 5227 2539 5271 essent
2569 5232 2586 5268 :
2623 5218 2721 5270 hoc
2766 5223 2869 5275 est,
2906 5212 3098 5280 puduit
3131 5214 3274 5281 ipsos
3322 5226 3431 5264 suae
3472 5210 3744 5263 nuditatis.
3773 5205 3888 5259 Cum

2374 5309 2515 5363 enim
2553 5316 2827 5377 peccatum
2858 5304 3171 5357 detraxisset
3197 5302 3325 5369 ipsis
3353 5314 3549 5355 vestem
3582 5300 3762 5368 gloria:
3796 5309 3886 5365 qua

2375 5402 2549 5453 adhuc
2584 5399 2795 5451 fuerant
2842 5396 3042 5458 amicti,
3083 5394 3333 5447 denudati
3388 5403 3511 5446 sunt
3538 5432 3552 5455 ,
3616 5389 3885 5460 puduitque

2376 5494 2496 5545 illos
2537 5489 2746 5541 violata:
2789 5488 2938 5555 legis,
2974 5494 3132 5553 atque
3170 5486 3365 5537 amissa
3401 5483 3543 5535 omni
3581 5483 3765 5535 liducia
3794 5487 3881 5545 qua

2379 5591 2501 5633 ante
2556 5579 2820 5650 pollebant
2880 5586 3201 5647 peccatoque
3260 5574 3369 5642 jam
3420 5589 3614 5644 corpus
3668 5572 3880 5640 ipsorum
