4176 6508
311 483 398 542 557
1403 472 1496 530 DE
1540 434 1931 530 rAnADtso.
1972 491 2043 502 —
2078 465 2272 525 PARS
2311 464 2360 523 ι.

3401 449 3506 512 558

309 606 638 660 occupantc,
689 594 970 658 creperum
1017 585 1336 640 erubescere
1387 585 1456 638 ob
1506 581 1803 636 nuditatem
1831 620 1846 644 ,
1878 587 1921 646 Α
1953 577 2132 649 potius
2160 575 2301 638 auri,
2354 589 2473 644 qua:
2521 571 2791 642 serpentis
2822 559 3108 625 consilium
3143 566 3503 625 auscultavit;
3589 607 3591 609 .

312 694 552 755 metuque
596 683 835 739 concuti.
861 696 924 736 ac
957 695 1169 751 pavere.
1220 677 1352 733 Nam
1385 689 1510 732 ante
1551 675 1846 731 admissum

310 776 508 840 scelus,
562 780 938 844 gustatamque
985 770 1270 832 arborem,
1326 766 1474 821 nulla
1526 763 1846 820 verecundia

309 867 621 921 tenebantur
649 864 719 918 ob
748 862 1067 922 nuditatem,
1099 859 1267 928 idque
1292 856 1503 912 duabus
1532 854 1598 911 de
1625 853 1807 910 causis
1833 871 1848 909 :

310 967 357 1012 et
382 958 505 1026 quia
537 954 718 1009 amicti
749 963 904 1008 erant
947 951 1138 1020 gloria,
1181 959 1234 1002 et
1268 947 1397 1017 quia
1443 933 1586 1001 nulla
1634 943 1853 1014 pudoris

308 1049 556 1116 cogitatio
598 1047 812 1100 animos
851 1045 1092 1115 ipsorum
1126 1041 1343 1096 subibat
1387 1041 1699 1109 priusquatn
1729 1050 1853 1105 pec-

307 1146 530 1193 casseut.
579 1135 650 1190 At
702 1144 982 1203 postquam
1041 1131 1251 1186 facinus
1303 1129 1658 1198 commisere,
1708 1127 1851 1181 Deus

307 1228 446 1298 ipsos
491 1227 661 1295 gloria
711 1223 799 1277 illa
843 1223 1011 1282 exuit.
1056 1229 1109 1274 et
1154 1219 1316 1273 simul
1363 1218 1583 1286 pudoris
1631 1231 1849 1271 sensum

305 1317 493 1372 indidit
540 1325 598 1370 ut
647 1329 712 1370 eo
758 1314 1213 1383 perstringeretur
1265 1318 1583 1378 peccatum,
1629 1307 1855 1376 ejusque

305 1411 532 1477 impetus
562 1423 624 1461 ac
655 1405 832 1460 fervor
876 1405 1316 1472 restringeretur.
1351 1402 1516 1470 Igitur
1558 1401 1701 1468 quod
1733 1400 1808 1451 ait
1837 1415 1850 1450 :

305 1497 682 1568 Cognoui-unt,
715 1497 936 1567 perinde
961 1503 1045 1549 est
1078 1510 1139 1548 ac
1164 1496 1208 1548 si
1240 1495 1412 1548 dicat:
1448 1491 1653 1545 Pudore
1683 1490 1856 1558 aﬂ'ecti

302 1601 438 1645 sunt.
473 1591 648 1643 Porro
675 1588 719 1642 si
750 1595 957 1658 quierat
989 1586 1204 1656 aliquis,
1237 1584 1300 1637 ad
1339 1597 1585 1652 quaenam
1614 1579 1854 1662 corporis

303 1680 544 1734 membra
571 1680 909 1748 potissimum
934 1676 1256 1745 spectaverit
1281 1674 1382 1729 iste
1404 1672 1595 1742 pudor,
1621 1671 1854 1725 dicimus

303 1770 366 1824 ad
413 1770 662 1840 genitalia
715 1769 994 1833 membra;
1049 1757 1206 1834 idque
1248 1766 1387 1818 hanc
1429 1764 1500 1818 ob
1535 1777 1684 1825 rem,
1729 1761 1854 1831 quia

302 1875 419 1914 cum
445 1861 621 1914 acrior
645 1858 1122 1926 vehementiorque
1145 1857 1216 1910 sit
1242 1858 1342 1910 iste
1364 1852 1576 1908 caeteris
1603 1850 1854 1906 omnibus

258 1932 260 1934 ν
301 1950 578 2006 an‘ectibus
598 1949 820 2019 (quippe
841 1949 934 2017 qui
959 1949 1011 2001 in
1036 1946 1402 2000 animantibus
1428 1945 1651 1998 rationis
1671 1959 1859 2014 exper-

301 2039 439 2094 tibus
473 2054 688 2108 quoque
721 2037 1052 2107 dominetur)
1091 2035 1260 2090 voluit
1297 2050 1476 2090 rerum
1508 2035 1684 2104 opifex
1719 2033 1860 2088 Deus

302 2131 532 2198 primum
569 2129 772 2199 pudore
819 2129 1073 2184 eii‘renem
1124 2128 1271 2182 illum
1323 2134 1487 2195 atque
1536 2119 1855 2180 indomitum

301 2216 565 2272 fervorem
617 2219 916 2271 cohibere.‘
947 2217 1172 2285 insuper
1220 2216 1270 2270 id
1311 2231 1525 2285 quoque
1571 2217 1858 2270 observatu

301 2309 520 2377 dignum
543 2317 646 2370 est,
673 2311 876 2377 primos
900 2317 1152 2377 parentes
1174 2319 1471 2377 antequam
1484 2304 1856 2376 dt-iiquisseut,

300 2406 355 2452 et
381 2399 624 2452 animum
657 2399 875 2466 ingenio
904 2408 958 2452 et
982 2411 1178 2466 corpus
1210 2397 1380 2466 gloria
1417 2399 1685 2451 excultum
1716 2413 1862 2450 com-

305 2493 561 2554 ptumquc
601 2486 873 2550 habuisse,
905 2495 1090 2555 postea
1128 2501 1252 2538 vero
1285 2500 1442 2554 quam
1490 2495 1860 2556 peccavcrant,

303 2589 501 2634 exutos
527 2580 743 2647 quidem
771 2595 892 2634 esse
919 2579 1163 2647 corporis
1192 2579 1386 2648 gloria,
1415 2589 1664 2632 cancrum
1696 2576 1860 2631 animi

303 2669 706 2740 intelligentiam
758 2670 1048 2724 retinuisse
1097 2686 1111 2723 :
1153 2669 1406 2722 nimirum
1463 2675 1521 2720 ut
1574 2683 1669 2736 per
1724 2667 1863 2721 hanc

301 2751 659 2827 agnosce-rent
714 2773 871 2814 suum
944 2761 1259 2826 peccatum,
1327 2767 1488 2828 atque
1553 2757 1862 2826 paenitentia

301 2850 668 2916 ducerentur;
722 2851 850 2905 hinc
903 2851 1045 2903 enim
1092 2851 1310 2919 evenit,
1369 2857 1430 2902 ut
1488 2846 1648 2903 simul
1703 2854 1865 2918 atque

303 2939 519 3003 facinus
579 2941 868 3006 fecissent,
927 2941 1242 3009 agnoverint
1310 2955 1474 3013 suam,
1528 2939 1862 3004 nuditatem,

303 3032 764 3100 erubuerintque,
830 3047 893 3085 ac
947 3032 1177 3092 horrore
1233 3017 1594 3100 tremoreque‘
1629 3028 1864 3099 correpti

276 3129 532 3174 intortam
565 3122 896 3189 expaverint,
931 3132 1054 3176 ante
1083 3120 1182 3174 sibi
1225 3136 1319 3184 per
1363 3119 1535 3174 minas
1576 3119 1864 3174 denuntia-

305 3221 439 3267 tam.
478 3210 629 3267 [inde
657 3221 708 3266 et
743 3210 979 3266 Jacobus
1024 3213 1347 3281 Sarugensis
1374 3212 1438 3266 ad
1475 3213 1617 3267 hunc
1648 3217 1865 3266 modum

304 3302 497 3356 scribit
532 3319 545 3356 :
583 3302 866 3358 Peccatum
906 3305 1058 3374 initio
1103 3320 1264 3372 supra
1310 3302 1529 3358 modum
1573 3303 1781 3374 placet;
1813 3311 1869 3356 at

307 3395 359 3446 in
411 3394 518 3446 line
570 3393 774 3447 luctum
829 3394 970 3463 parit
1019 3371 1271 3463 patranti.
1321 3393 1459 3448 Cum
1511 3371 1654 3448 enim
1708 3393 1868 3463 primi

305 3497 555 3550 parentes
586 3474 872 3552 cupiditate
906 3485 1173 3540 ferrentur
1217 3486 1272 3540 in
1321 3485 1464 3538 illam
1501 3483 1773 3546 arborem,
1805 3482 1870 3535 de

308 3574 418 3642 ipsa
469 3574 693 3640 edendi;
743 3582 796 3628 et
841 3575 1008 3630 Deum
1057 3574 1234 3644 ipsum
1285 3584 1337 3628 et
1370 3575 1573 3644 legem,
1628 3588 1735 3642 pra:
1782 3572 1868 3624 illa

307 3664 459 3731 parvi
499 3663 804 3730 pendebant
839 3681 852 3716 :
885 3663 974 3717 ubi
1005 3664 1262 3726 edissent,
1296 3661 1590 3731 nudatique
1623 3659 1871 3714 erubuis-

308 3763 456 3816 sent,
484 3755 608 3807 odio
633 3755 804 3822 ipsnm
835 3765 958 3807 sunt
989 3753 1292 3822 prosecuti;
1324 3766 1698 3820 memoresque
1728 3750 1870 3804 illius

309 3845 599 3914 prrecepti:
635 3839 748 3907 Q-u'o
767 3845 849 3897 die
881 3845 1091 3898 ederitis
1128 3855 1289 3896 morte
1323 3842 1638 3903 moriemini,
1674 3855 1871 3909 pavore

309 3936 709 4002 cxpailuerunt.
773 3926 850 3986 Et
888 3936 1373 4003 conglutinaverunt
1429 3934 1557 4002 folia
1607 3933 1869 4001 ﬁculnea,

309 4027 642 4096 feceruntque
687 4027 786 4078 sibi
835 4025 1185 4094 subligacula.
1236 4023 1500 4078 Nimirum
1560 4024 1686 4078 folia
1734 4023 1875 4077 loliis

311 4119 712 4183 consociantes,
756 4117 917 4172 cinCti
953 4118 1183 4171 formam
1237 4116 1526 4185 quamdam
1583 4115 1876 4170 concinna-

313 4211 480 4272 bant;
536 4212 702 4262 vestis
752 4223 923 4277 genus
988 4222 1178 4277 parum
1244 4208 1440 4261 decens
1506 4217 1666 4275 atque
1726 4205 1877 4257 intlro

312 4314 463 4350 mum
509 4300 692 4360 etiam,
745 4308 925 4367 utpote
970 4297 1113 4367 quod
1158 4297 1289 4352 solis
1359 4299 1408 4350 vi
1479 4295 1774 4349 arefactum
1795 4294 1874 4347 fa-

314 4389 417 4441 cile
473 4399 767 4441 emat-ceret
815 4387 1266 4456 dilabereturque,
1315 4396 1368 4441 et
1399 4402 1506 4454 quo
1537 4401 1712 4454 neque
1745 4385 1876 4439 satis

315 4491 416 4545 pro
454 4477 726 4531 voluntate
773 4486 824 4529 et
859 4479 1140 4531 commode
1192 4492 1364 4546 neque
1405 4475 1495 4529 diu
1539 4477 1878 4545 multumque

1950 661 2252 731 autocuio,
2294 667 2388 736 qui
2431 665 2642 720 arboris
2682 659 3128 734 pulehritndine,‘
3157 660 3329 712 victus
3379 667 3503 720 est;

1951 768 2046 817 aut
2074 761 2344 823 manibus,
2372 773 2494 828 quae
2527 755 2734 811 fructus
2758 757 3108 824 decerpsere;
3143 760 3236 804 aut
3263 751 3339 804 ori
3360 748 3502 818 quod

1953 851 2198 915 voravit,
2258 857 2352 905 aut
2402 849 2638 918 denique
2687 849 2894 909 ventri,
2947 844 3039 914 qui
3101 840 3353 910 excepit?
3412 839 3510 894 ilic

1953 936 2378 1007 respondemus;
2428 951 2553 991 cum
2606 935 2652 989 is
2683 933 2904 987 aﬂectus
2953 932 3042 1000 qui
3080 930 3223 983 circa
3271 927 3510 980 membra

1956 1029 2212 1100 genitalia
2270 1014 2561 1092 versatur,
2625 1024 2951 1095 pertinacior
3003 1021 3380 1089 difticiiiorque
3439 1019 3511 1072 sit

1955 1121 2165 1176 cmteris
2216 1120 2469 1175 omnibus
2510 1117 2674 1172 animi
2730 1115 3230 1185 perturbationibus
3279 1119 3401 1182 (tua:
3456 1113 3510 1166 in

1923 1212 2114 1268 ’nobis
2166 1219 2316 1277 sunt,
2352 1224 2490 1279 Opus
2524 1218 2641 1262 erat
2689 1205 3016 1262 verecundia
3068 1210 3321 1273 tanquam
3358 1200 3514 1259 freno

1956 1301 2157 1371 injecto
2194 1316 2304 1370 quo
2335 1308 2616 1369 peccatum
2643 1311 2704 1351 ea
2755 1296 2808 1349 in
2839 1303 2990 1365 parte
3035 1294 3377 1348 cohiberetur
3413 1311 3428 1348 :
3462 1301 3516 1346 et

1957 1393 2123 1448 simul
2177 1403 2238 1446 ut
2275 1405 2376 1446 nos
2430 1389 2529 1458 ipsi
2581 1389 2645 1441 ad
2703 1387 3009 1440 habendum
3065 1384 3190 1437 odio
3233 1393 3514 1452 peccatum

1958 1485 2362 1545 induceremur,
2391 1490 2450 1536 ut
2471 1496 2560 1551 ex
2590 1492 2699 1549 quo
2753 1477 3045 1532 illiusmodi
3079 1476 3402 1530 verecundia
3459 1476 3515 1529 ir.

1957 1575 2118 1631 nobis
2149 1584 2274 1629 nata
2306 1574 2395 1629 sit.
2425 1573 2490 1626 Et
2522 1576 2652 1626 vero
2683 1585 2806 1625 cum
2848 1569 3054 1623 arbitrii
3084 1571 3256 1624 nostri
3294 1569 3520 1623 libertas

1956 1682 2064 1722 non
2124 1666 2256 1722 satis
2301 1665 2503 1720 valeret
2568 1663 2682 1719 sola
2742 1663 2888 1716 hunc
2935 1662 3186 1716 affectum
3249 1660 3516 1726 domare,

1957 1766 2122 1827 atque
2143 1755 2208 1810 ad
2235 1769 2295 1812 se
2322 1754 2668 1810 referendum
2716 1754 2973 1822 adigere;
3008 1753 3256 1820 adjunxit
3289 1752 3336 1807 el
3376 1751 3518 1808 Deus

1957 1845 2379 1910 verecundiam,
2446 1860 2557 1915 quo
2627 1844 2818 1899 saltem
2886 1843 3160 1897 communi
3235 1844 3519 1912 utriusque

1961 1951 2126 2008 opera
2167 1936 2535 2005 cohiberetur,
2581 1935 3070 2004 excindereturque
3104 1954 3117 1990 :
3149 1936 3360 1989 arbitrii
3395 1935 3518 2004 qui-

1962 2029 2085 2083 dem
2139 2029 2294 2083 liberi
2343 2027 2572 2097 judicio,
2631 2026 2684 2080 in
2729 2027 2948 2092 anima;
3003 2028 3336 2081 verecundia:
3393 2042 3524 2080 vero

1962 2119 2150 2185 frenis,
2187 2121 2240 2175 in
2271 2133 2520 2188 corpore.
2554 2117 2763 2188 Quippe
2806 2120 3012 2174 multos
3057 2121 3314 2175 mortales
3352 2121 3525 2190 pudor

1963 2209 2124 2280 atque
2175 2210 2500 2266 verecundia
2560 2209 2736 2279 magis
2788 2210 3024 2265 deterret
3075 2204 3435 2282 prohibetque
3493 2229 3522 2264 ii

1961 2302 2229 2370 patrando
2262 2315 2326 2356 eo
2352 2303 2497 2372 quod
2534 2303 2838 2371 improbum
2886 2313 2990 2364 est,
3029 2317 3192 2372 quam
3242 2302 3380 2372 legis
3430 2314 3525 2357 aut

1958 2392 2147 2463 judicii
2181 2393 2446 2448 subeundi
2483 2401 2702 2457 metus;
2747 2402 2940 2462 estque
2971 2393 3089 2464 ejus
3117 2394 3194 2449 rei
3229 2409 3524 2464 argumen-

1966 2488 2102 2544 tum,
2157 2481 2302 2550 quod
2355 2482 2513 2534 bruta
2567 2482 2864 2535 animantia
2917 2496 3040 2549 qua:
3114 2484 3260 2544 omni
3321 2484 3527 2552 pudore

1965 2580 2183 2635 vacant,
2217 2582 2439 2640 prorsus
2481 2585 2588 2626 non
2623 2556 3172 2631 refrenantiibidinis
3213 2586 3324 2629 sua
3357 2578 3528 2644 impe-

1965 2670 2078 2717 tum
2111 2677 2221 2732 quo
2270 2663 2324 2716 in
2382 2661 2616 2722 feminas
2659 2660 2953 2733 rapiuntur
2997 2663 3139 2719 victa
3172 2667 3240 2721 ab
3291 2667 3526 2738 ingenita

1964 2767 2076 2808 suae
2103 2754 2348 2824 ipsorum
2385 2765 2610 2820 naturae,
2639 2757 2954 2825 cupiditate.
2995 2759 3060 2811 At
3089 2741 3338 2813 homines
3362 2759 3524 2828 etiam

1965 2844 2010 2898 si
2062 2859 2167 2899 non
2213 2846 2423 2900 minore
2464 2854 2626 2913 atque
2674 2845 2761 2899 illa
2808 2847 3050 2902 libidinis
3098 2849 3148 2902 vi
3211 2861 3528 2920 urgeantur,

1966 2941 2148 2990 tamen
2190 2936 2259 2990 ab
2320 2952 2382 2990 ea
2438 2937 2724 3006 explenda,
2783 2936 2993 3007 pudore
3047 2954 3154 3007 quo
3195 2940 3338 3008 apud
3391 2941 3530 2998 alios

1968 3024 2217 3081 homines
2259 3029 2718 3089 verecundantur,
2779 3030 3022 3081 revocari
3073 3028 3351 3094 videmus,
3395 3030 3544 3088 adeo.

1969 3125 2031 3172 ut
2061 3132 2127 3173 ne
2148 3118 2390 3188 lcgititno
2418 3119 2635 3188 quidem
2665 3119 2944 3175 connubio
2989 3121 3263 3190 propalant
3306 3131 3531 3176 utantur

1972 3211 2117 3264 sicut
2163 3211 2288 3265 aliis
2322 3211 2507 3273 rebus,
2541 3210 2635 3264 sed
2668 3210 2901 3264 latentes
2944 3210 3201 3280 tectique.
3234 3211 3534 3266 Conficitur

1972 3300 2179 3370 itaque,
2209 3300 2548 3356 verecundiae
2588 3297 2840 3355 affectum
2875 3301 2998 3355 ideo
3026 3301 3096 3356 ab
3125 3318 3304 3358 rerum
3342 3304 3533 3372 opifice

1978 3394 2082 3447 Deo
2145 3389 2377 3446 inditum
2439 3407 2561 3447 esse
2617 3382 2945 3462 genitalibus
3002 3393 3284 3450 hominum
3351 3398 3533 3464 potius

1973 3497 2133 3550 quam
2167 3482 2289 3535 aliis
2322 3481 2602 3545 membris,
2639 3491 2696 3535 ut
2726 3491 3014 3551 peccatum
3050 3482 3100 3536 in
3145 3483 3249 3536 illis
3288 3484 3534 3552 partibus

1974 3571 2320 3636 moderetur;
2383 3571 2658 3640 simulque
2734 3572 2786 3625 id
2834 3573 2997 3626 nobis
3049 3573 3286 3628 invisum
3345 3573 3533 3640 faciat,

1975 3675 2182 3730 nosque
2249 3661 2316 3714 ab
2375 3661 2490 3731 ipso
2567 3661 2900 3717 admittendo
2965 3664 3266 3730 diterreat;
3345 3677 3404 3720 ut
3468 3681 3533 3721 ex

1973 3765 2081 3820 quo
2113 3749 2226 3818 ipsa
2258 3749 2580 3804 verecundia
2618 3751 2672 3805 in
2708 3751 2908 3805 nostris
2940 3752 3138 3807 animis
3165 3760 3320 3806 orta-

2046 3840 2155 3895 Cur
2191 3839 2331 3894 Deus
2365 3841 2545 3893 siverit
2590 3841 2855 3895 Adamunt
2901 3858 3137 3910 peccare.
3191 3843 3413 3898 Arbitrii
3462 3844 3539 3898 lio

1976 3932 2272 3985 bertas.——
2320 3929 2460 3984 Sunt
2520 3932 2612 4001 qui
2667 3933 2754 3986 hic
2814 3933 3181 4003 interrogent,
3249 3951 3347 3988 cur
3396 3935 3539 3990 Deus

1977 4025 2242 4076 Adamum
2292 4037 2320 4076 a
2358 4023 2632 4091 peccando
2679 4039 2784 4077 non
2835 4025 3240 4078 absterruerit?
3287 4025 3396 4081 Nos
3451 4045 3537 4082 reo

1977 4114 2301 4182 spondemus
2327 4114 2376 4167 id
2404 4129 2746 4184 nequaquam
2797 4130 2861 4170 eo
2885 4115 3084 4170 factum
3109 4131 3230 4172 esse
3250 4119 3392 4188 quod
3419 4121 3538 4189 ejus

1978 4203 2214 4258 faciundi
2242 4205 2466 4259 facultas
2501 4206 2609 4261 Deo
2638 4205 2891 4270 defuerit,
2933 4211 3026 4263 sed
3059 4224 3127 4263 ne
3174 4210 3280 4263 vim
3323 4211 3541 4265 afferret
3630 4262 3636 4269 .

1978 4297 2213 4350 libertati
2266 4297 2477 4350 arbitrii
2521 4298 2671 4362 Adae,
2705 4314 2895 4354 eamve
2947 4303 3298 4370 opprimeret.
3335 4305 3540 4359 Deinde

1981 4386 2182 4440 frustra
2209 4386 2379 4455 legem
2413 4387 2490 4439 illi
2521 4389 2948 4457 praescripsisset
2995 4394 3041 4445 si
3091 4393 3314 4461 insuper
3343 4409 3370 4446 a
3407 4411 3538 4463 pce-

1980 4476 2154 4530 cando
2185 4477 2536 4539 coercuisset,
2575 4477 2741 4543 veluti
2787 4494 2949 4532 manu
2997 4480 3218 4548 injecta.
3274 4481 3537 4536 Praeterea

318 4569 395 4620 uti
449 4571 693 4636 possent.
745 4568 1008 4622 Credibile
1058 4577 1140 4621 cst
1183 4581 1361 4621 autem
1403 4568 1564 4621 Evam
1610 4568 1874 4634 ejusmodi
1911 4569 1953 4623 Ι)
1985 4567 2108 4621 ideo
2169 4568 2336 4620 etiam
2408 4565 2581 4621 noluit
2639 4568 2788 4622 illum
2855 4585 2883 4621 a
2946 4568 3150 4638 ﬂagitio
3208 4575 3542 4627 admittendo

317 4660 715 4726 subligaculum
766 4663 996 4726 priorem
1033 4659 1250 4721 fecisse,
1292 4673 1495 4726 suaque
1525 4673 1590 4712 eo
1627 4658 1874 4725 pudenda

318 4752 547 4806 velasse.
581 4757 762 4816 utpote
789 4765 908 4818 qua:
935 4750 1078 4817 prior
1107 4750 1614 4818 legctnviolaverat,
1642 4749 1877 4802 Adamn-

319 4856 427 4909 qne
465 4841 721 4892 nuditatis
759 4855 920 4892 causa
953 4833 1166 4906 fuerat;
1210 4849 1323 4893 tum
1355 4841 1517 4893 etiam
1569 4841 1713 4895 illius
1748 4855 1878 4893 cou-

323 4935 450 4988 silio
509 4933 706 4985 factum
767 4948 886 4984 esse
941 4945 997 4983 ut
1058 4932 1157 4984 iste
1224 4931 1349 4984 folia
1409 4933 1692 4992 indueret,
1753 4933 1878 5000 quia

325 5025 523 5076 marito
550 5038 649 5075 suo
679 5034 879 5076 vestem
915 5024 1040 5075 olim
1082 5025 1194 5092 ipsa
1225 5034 1545 5077 eontextura
1577 5035 1736 5078 esset.
1775 5025 1879 5077 Sed

324 5134 423 5170 cur
478 5131 580 5168 non
639 5125 887 5184 aptarunt
943 5116 1055 5168 suis
1112 5116 1284 5168 oculis
1351 5116 1591 5168 velamen
1651 5132 1714 5168 ex
1776 5116 1881 5169 illis

324 5207 491 5269 foliis,
524 5214 617 5257 aut
662 5207 904 5260 manicas
955 5207 1226 5271 manibus,
1277 5208 1357 5259 vel
1419 5207 1618 5276 caligas
1655 5209 1882 5275 pedibus

326 5299 611 5368 tegendis?
658 5308 750 5350 aut
795 5299 1027 5365 denique
1080 5314 1175 5351 cur
1234 5315 1338 5352 non
1392 5300 1496 5352 alio
1570 5301 1726 5353 modo
1779 5302 1881 5353 alia

328 5393 577 5459 corporis
610 5391 847 5444 membra
883 5391 1198 5456 affecerunt,
1235 5391 1324 5444 sed
1377 5392 1509 5446 solis
1560 5393 1882 5458 genitalibus

327 5484 683 5550 contegendis
745 5484 1077 5551 subligacuia
1155 5484 1578 5552 compararunt?
1631 5484 1712 5537 Ad
1784 5486 1884 5537 hoc

334 5576 512 5629 facilis
559 5585 640 5627 est
685 5577 985 5642 responsio.
1033 5576 1166 5640 Quia
1224 5577 1599 5628 verecundiam
1652 5577 1882 5645 primum

334 5669 420 5720 his
458 5666 698 5734 partibus
732 5667 920 5719 indidit
956 5668 1115 5730 llcus,
1155 5667 1272 5720 ideo
1302 5682 1726 5726 consentaneum
1768 5678 1885 5720 erat

336 5769 391 5808 ut
421 5758 588 5823 prima
635 5757 828 5810 cini-tis
879 5753 1109 5810 obducta
1160 5766 1593 5826 contegcrentur.
1639 5757 1741 5812 Sed
1790 5775 1884 5812 cur

333 5849 653 5902 verecundia
700 5852 781 5904 liis
823 5851 1064 5918 partibus
1099 5867 1127 5903 a
1160 5851 1267 5904 Deo
1328 5861 1421 5904 est
1456 5850 1634 5915 insita,
1667 5865 1727 5906 ac
1780 5869 1880 5906 non

1984 4671 2191 4721 arcere,
2255 4666 2313 4710 ut
2364 4662 2596 4726 gratiam
2629 4660 3026 4729 pra'miumque
3063 4665 3327 4714 demereri
3363 4677 3544 4730 posset

1983 4758 2236 4816 tanquam
2276 4750 2367 4817 qui
2403 4765 2502 4803 sua
2532 4750 2646 4818 ipse
2670 4752 2946 4804 voluntate
2978 4770 3004 4802 a
3047 4755 3250 4808 scelere
3278 4760 3542 4823 patrando

1982 4842 2126 4893 esset
2157 4849 2418 4904 retentus,
2462 4856 2568 4893 non
2613 4852 2794 4896 autem
2827 4859 2920 4908 per
2958 4843 3065 4896 vim
3116 4847 3427 4914 impeditus.
3463 4850 3542 4900 Ad

1983 4931 2098 4984 itare
2138 4946 2247 4999 quo
2298 4933 2719 4986 imbecillitatem
2781 4949 2933 4987 suam
2982 4949 3338 5002 agnoscerent
3388 4942 3542 5006 primi

1985 5025 2154 5077 nostri
2206 5035 2479 5092 parentes,
2533 5040 2710 5095 neque
2754 5042 2845 5092 per
2896 5044 3084 5080 vanam
3139 5029 3366 5098 giarium
3417 5032 3545 5085 elati

1983 5115 2286 5183 prazcipites
2341 5126 2598 5184 ruerent,
2673 5117 2816 5172 sicut
2882 5119 3134 5172 Satanas.
3200 5120 3335 5175 Nam
3399 5130 3543 5192 quod

1981 5210 2218 5261 scientes
2260 5217 2597 5274 peccassent,
2650 5208 2903 5263 conscius
2953 5211 3187 5264 reddidit
3239 5229 3353 5266 suae
3400 5215 3546 5283 ipsos

1984 5301 2343 5363 infirmitatis,
2399 5313 2564 5370 atque
2611 5311 2667 5354 ut
2715 5302 2994 5356 humiliter
3022 5305 3088 5356 de
3139 5318 3197 5359 se
3238 5305 3341 5374 ipsi
3374 5309 3544 5360 senti-

1985 5400 2126 5456 rent,
2169 5392 2365 5446 eﬂecit.
2407 5391 2648 5460 Denique
2690 5400 2748 5445 ut
2779 5407 2902 5445 cum
2951 5403 3142 5463 suapte
3191 5406 3381 5462 sponte
3411 5397 3544 5449 deii-

1987 5486 2264 5552 quissent,
2321 5493 2481 5555 atque
2535 5501 2565 5538 e
2612 5483 2872 5553 paradiso
2919 5488 3251 5540 excidissent
3295 5487 3347 5540 in
3402 5488 3569 5541 Iiunc'

1987 5577 2254 5629 mundum
2323 5578 2485 5631 rebus
2539 5577 2781 5631 adversis
2854 5579 3204 5647 molestisque
3254 5579 3547 5636 refertissi-

1988 5681 2158 5731 mum,
2208 5667 2349 5721 facta
2399 5667 2681 5736 utriusque
2727 5671 2915 5723 mundi
2957 5670 3097 5723 inter
3146 5685 3203 5724 se
3240 5673 3547 5735 collatione,

1989 5758 2138 5812 illum
2169 5759 2419 5813 omnibus
2451 5760 2609 5814 bonis
2654 5771 2708 5814 et
2741 5760 2936 5832 gaudio
2967 5762 3186 5828 plenum
3221 5767 3359 5831 apud
3399 5780 3546 5816 meu-

1993 5861 2095 5906 tem
2136 5869 2287 5908 suam
2326 5869 2537 5922 semper
2571 5865 2851 5909 versarent
2882 5873 2895 5908 :
2931 5871 3052 5928 nam
3083 5858 3183 5910 nisi
3221 5857 3542 5916 exin-.ricntia
