4010 6484
710 387 810 448 559

1978 383 2206 444 MOSIS
2244 383 2260 442 1

2362 386 2393 444 ἶ
2434 384 2680 444 ΕΕΡΗΑ
3396 378 3401 381 ”
3765 391 3836 450 ξω

712 502 985 571 cognitum
1024 499 1168 552 hunc
1209 497 1434 551 alterum
1483 495 1820 556 habuissent,
1867 509 2140 562 nunquam
2181 494 2270 548 ille
2300 501 2343 557 Α
2377 494 2644 548 duntaxat
2687 509 2859 563 pmnze
2901 496 3151 560 absolvit,
3189 495 3288 550 hoc
3336 503 3440 559 est,
3474 511 3539 550 ne
3585 511 3642 549 eo
3674 496 3765 564 ipso
3782 502 3840 552 die

713 601 968 660 quantum
1012 589 1146 654 huic
1190 597 1423 657 przcstet,
1472 596 1657 640 exacte
1707 584 2114 638 intellexissent.
2162 583 2264 639 Po-

713 697 930 738 szremo.
979 690 1036 733 ut
1070 681 1195 732 dum
1231 678 1460 731 subinde
1509 693 1537 730 a
1572 685 1786 744 peccato
1828 675 2264 743 interpellaretur

714 773 904 824 Adami
940 771 1166 839 Evacqne
1212 770 1488 832 voluntas,
1524 767 1864 821 erudirentur
1907 765 2007 835 ipsi
2041 768 2104 820 ad
2137 782 2263 835 pec-

715 864 819 915 cati
865 864 1045 914 odium
1098 869 1257 928 atque
1316 860 1514 928 fugam,
1580 865 1834 924 tanquam
1896 856 2015 923 ejus
2069 871 2097 909 a
2155 871 2263 925 quo

717 958 956 1022 ingentes
981 951 1317 1019 accepissent
1344 933 1712 1008 calamitates;
1745 956 1906 1014 atque
1931 962 1992 999 ea
2018 946 2262 1001 doctrina

717 1047 782 1098 ab
818 1045 919 1095 illis
965 1041 1031 1095 ad
1089 1056 1188 1094 nos
1240 1053 1408 1107 usque
1440 1046 1846 1106 propagaretur,
1901 1039 2052 1104 quasi
2099 1053 2262 1090 manu

715 1132 929 1185 tradita.
976 1130 1261 1183 Enimvero
1307 1129 1522 1195 quoties
1577 1127 1830 1193 peccandi
1880 1128 2096 1180 occasio
2146 1142 2264 1181 sese

715 1223 868 1276 nobis
901 1221 1075 1286 οσετι,
1118 1227 1309 1288 praesto
1339 1219 1535 1272 adsunt
1580 1218 1736 1270 nobis
1775 1217 1919 1286 leges
1947 1233 2084 1285 quas
2117 1219 2264 1272 Deus

714 1315 869 1367 nobis
925 1312 1207 1379 imperavit
1249 1318 1306 1363 ut
1360 1310 1493 1378 ipsis
1533 1321 1881 1362 coerceamur
1925 1322 1954 1360 a
2001 1310 2263 1376 patrando

714 1414 956 1473 peccato.
994 1401 1133 1467 Qtzin
1169 1401 1378 1471 legibus
1416 1400 1545 1468 ipsis
1580 1399 1741 1452 etiam
1773 1398 2074 1452 subsidium
2114 1399 2263 1452 addi-

715 1497 791 1549 nit
836 1510 951 1548 eam
1001 1479 1118 1560 qlia:
1153 1494 1432 1546 doctorum
1482 1491 1660 1544 verbis
1697 1489 1750 1542 fit
1804 1489 2260 1558 redargutionem,

713 1585 842 1637 utsi
900 1584 1113 1652 quando
1170 1581 1426 1651 ﬂagitium
1484 1580 1905 1644 admiserimus,
1971 1590 2081 1634 lmn
2141 1579 2261 1632 latis

709 1677 941 1742 legibus,
994 1685 1104 1726 tum
1156 1687 1216 1726 ea
1266 1674 1429 1725 etiam
1486 1673 1856 1740 increpatione
1891 1685 1994 1738 qua
2042 1681 2260 1739 peccata

717 1767 892 1819 verbis
926 1765 1379 1832 perstringuntur,
1425 1763 1729 1815 indicantur
1774 1763 1838 1814 ad
1871 1763 2260 1830 paenitentiam,

2364 592 2733 648 morerentur;
2765 587 3054 654 caeleroqui
3105 601 3209 639 non
3240 586 3460 639 sustulit
3489 601 3697 654 prorsus
3733 601 3840 639 mor.

2366 681 2492 727 tem.
2543 670 2655 727 Non
2698 683 2779 729 est
2825 675 3006 744 itaque
3055 675 3172 728 falsi
3208 674 3604 727 insimulandus
3645 673 3758 727 Deus
3781 677 3842 742 qui

2366 779 2458 832 per
2489 764 2632 817 illam
2662 765 3089 819 misericordiam
3123 765 3276 820 venia
3307 765 3558 832 dignatus
3588 772 3663 817 est
3683 773 3847 817 nostros

2366 855 2569 921 primos
2617 864 2883 923 parentes,
2919 856 3276 924 meritamque
3323 870 3536 924 prunam
3583 857 3750 922 partim
3777 870 3846 908 re-

2367 946 2535 1007 misit,
2605 961 2779 1014 neque
2832 962 2896 1002 eo
2955 949 3072 1016 ipso
3116 962 3222 1014 quo
3262 948 3472 1000 dixerat
3528 945 3611 998 die
3655 947 3850 1014 peremit.

2368 1035 2508 1090 Sunt
2548 1037 2764 1105 quidem
2794 1039 2884 1106 qui
2915 1036 3004 1090 Dei
3036 1038 3196 1090 verba
3235 1037 3316 1091 sic
3353 1045 3594 1090 tutentur
3620 1045 3672 1116 γι
3695 1036 3852 1090 obiissa

2367 1137 2597 1180 mortem
2633 1128 2756 1181 illos
2782 1128 3112 1182 contendant
3139 1145 3246 1197 quo
3275 1129 3748 1197 diedeliqueruut:
3775 1145 3853 1182 non

2364 1217 2581 1284 quidem
2627 1219 2869 1286 corporis
2905 1228 3130 1273 mortem
3178 1219 3272 1272 sed
3317 1219 3508 1282 animi,
3540 1235 3653 1289 qua:
3683 1235 3739 1272 ex
3763 1235 3855 1286 pec-

2366 1314 2490 1359 cato
2537 1315 2818 1359 nascatur.
2851 1305 3048 1361 Verum
3095 1307 3293 1360 frustra
3326 1319 3410 1362 est
3450 1309 3564 1362 haec
3612 1311 3859 1372 excusatio,

2365 1399 2582 1466 quando
2606 1413 2708 1451 non
2747 1408 2976 1452 mortem
2999 1399 3192 1452 animae
3228 1399 3320 1454 sed
3351 1399 3617 1468 corporis,
3660 1403 3748 1453 hoc
3781 1410 3859 1462 est,

2363 1505 2486 1559 qua
2517 1491 2688 1558 ipsam
2732 1490 2969 1544 animam
3022 1506 3049 1542 a
3099 1506 3325 1560 corpore
3355 1492 3863 1558 dissociaret,inler-

2367 1581 2605 1634 minatus
2654 1579 2758 1634 illis
2807 1579 2982 1634 fuerat
3017 1579 3176 1635 Deus.
3226 1579 3344 1633 1am
3397 1594 3527 1633 vero
3568 1581 3690 1633 illud
3735 1590 3861 1633 restat

2365 1671 2565 1736 dicere,
2596 1687 2690 1724 cur
2722 1687 2826 1724 rion
2859 1672 3052 1726 obicrit
3083 1672 3249 1725 Adam
3283 1686 3388 1740 quo
3425 1671 3512 1724 die
3538 1673 3645 1725 edit
3672 1671 3863 1724 fructum

2369 1765 2485 1833 lege
2525 1764 2875 1831 prohibitum,
2924 1771 2983 1816 ut
3021 1763 3181 1816 minae
3220 1761 3462 1816 futurum
3501 1763 3863 1818 denuntiarunt.

713 1859 964 1926 dignique
996 1857 1283 1908 reddantur
1307 1856 1505 1923 quibus
1538 1853 1631 1906 ﬂat
1665 1855 2027 1908 admissorum
2065 1860 2258 1922 gratia.
2293 1835 2334 1890 Β
2369 1854 2460 1908 sed
2493 1852 2795 1906 extenderit
2829 1861 3013 1921 postea
3049 1855 3212 1906 vitam
3251 1868 3405 1906 suam
3443 1856 3508 1905 ad
3565 1852 3740 1906 novies
3771 1868 3869 1902 cen-

713 1949 860 2000 Sicut
885 1945 1085 1998 Paulus
1121 1934 1278 2016 suum
1311 1944 1658 1996 Timotheum
1692 1943 1895 2007 scripto
1927 1944 2178 1998 hortatur
2208 1953 2265 1998 ut

713 2037 874 2090 simul
899 2051 1022 2087 cum
1059 2035 1262 2102 legibus
1289 2033 1397 2102 jam
1431 2045 1541 2086 tum
1575 2034 1764 2101 positis
1789 2033 2075 2101 redarguat
2101 2037 2261 2087 etiam

712 2138 871 2194 atque
933 2124 1289 2193 reprehendat
1340 2133 1673 2191 peccatores,
1734 2137 1843 2190 quo
1902 2137 2000 2174 sua
2047 2133 2263 2191 peccata

712 2229 1003 2286 agnoscant
1061 2225 1112 2268 et
1171 2214 1508 2282 paenitudine
1554 2215 1824 2266 ducantur
1849 2213 1916 2264 ".
1975 2216 2053 2266 Ad
2117 2213 2262 2270 hunc

714 2313 873 2361 etiam
924 2308 1140 2360 modum
1189 2320 1312 2357 cum
1351 2305 1539 2372 primis
1577 2305 1893 2372 parentibus
1937 2316 2115 2358 actum
2159 2316 2258 2358 est.

710 2399 843 2451 Cum
886 2399 1028 2451 enim
1075 2396 1209 2466 ipsis
1255 2398 1590 2466 obrepsisset
1629 2405 1933 2464 peccatum,
1967 2397 2080 2464 ipse
2122 2394 2263 2450 Deus

710 2505 802 2543 eos
843 2489 1018 2542 verbis
1065 2489 1444 2556 reprehendit;
1503 2501 1734 2554 cumque
1769 2486 2034 2554 paenitere
2077 2501 2134 2538 se
2167 2486 2262 2538 ad-

713 2582 861 2635 missi
909 2580 1091 2649 ﬂagitii
1143 2580 1523 2640 ostenderent,
1593 2580 1970 2647 quadantenus
2013 2578 2259 2647 ignovit;

712 2672 928 2740 quando
981 2686 1086 2724 non
1145 2685 1250 2739 quo
1305 2671 1392 2723 die
1439 2669 1669 2723 ederunt
1720 2670 1783 2720 de
1831 2669 1990 2722 vetita
2042 2669 2259 2734 arbore,

711 2761 898 2812 eodem
931 2770 983 2812 et
1020 2761 1124 2812 vita
1158 2759 1401 2812 defuncti
1436 2769 1586 2821 sunt,
1623 2759 1765 2812 sient
1805 2774 1897 2826 per
1932 2760 2103 2812 minas
2130 2759 2261 2828 ipsis

713 2857 1088 2910 obnuntiatum
1138 2853 1332 2907 fuerat.
1380 2853 1482 2906 Sed
1523 2855 1631 2922 jam
1689 2854 1793 2906 alia
1835 2853 2079 2906 oboritur
2113 2867 2262 2921 qua-

713 2948 856 3010 stio;
927 2962 1021 2999 cur
1053 2962 1159 2998 non
1217 2945 1285 2997 sit
1335 2955 1583 2996 mortuus
1629 2943 1791 2995 Adam
1842 2958 1951 3009 quo
2000 2943 2086 2995 die
2118 3008 2122 3014 '
2152 2941 2264 2994 edit

613 3061 622 3076 ι
711 3040 946 3091 fructum
1003 3039 1226 3089 vetitum
1296 3037 1432 3090 sicut
1496 3035 1878 3087 interminatus
1933 3033 2032 3102 ipsi
2089 3034 2263 3085 fuerat

2372 1945 2627 1998 tcsimum
2664 1953 2717 1998 et
2765 1944 3096 1998 tricesimum
3146 1959 3370 1997 annum.
3410 1942 3582 2012 Hujus
3628 1946 3700 1998 rei
3742 1944 3869 1995 rari:

2366 2045 2491 2088 sunt
2545 2050 2745 2089 causae.
2803 2034 2987 2089 Potuit
3043 2036 3184 2088 enim
3239 2033 3380 2090 Deus
3433 2036 3581 2090 illius
3633 2033 3867 2092 misereri.

2366 2126 2850 2192 eommeritamque
2881 2141 3115 2192 pmnam,
3164 2125 3210 2177 si
3250 2140 3356 2178 non
3404 2139 3645 2187 omnem,
3694 2134 3742 2176 at
3782 2121 3873 2189 pari

2367 2214 2699 2269 tim’saltem
2728 2216 3038 2280 remittere;
3076 2218 3170 2284 qui
3205 2231 3394 2283 magna
3425 2217 3640 2284 quidem
3671 2215 3873 2278 duraque

2367 2307 2586 2363 minari.
2624 2317 2679 2359 at
2725 2309 2933 2360 minora
2986 2309 3340 2375 mollioraque
3388 2306 3631 2374 inﬂigere
3683 2305 3803 2358 solet
3831 2312 3873 2352 Iit

2367 2399 2527 2451 nobis
2554 2397 2802 2450 Ninivita:
2855 2399 3100 2466 exemplo
3146 2398 3315 2452 fuere.
3355 2397 3553 2451 Deinde
3590 2397 3632 2451 si
3677 2396 3744 2448 illi
3778 2409 3872 2447 mox

2367 2505 2490 2543 cum
2523 2490 2764 2543 admisso
2793 2499 3010 2557 peccato
3047 2491 3152 2542 vita
3197 2490 3434 2544 defuncti
3473 2488 3724 2548 fuissent.
3755 2489 3872 2539 nulla

2369 2579 2776 2647 relinquebatur
2828 2579 3156 2648 propagandi
3212 2579 3425 2649 generis
3462 2579 3686 2632 humani
3731 2578 3871 2644 origo.

2363 2669 2627 2727 Praeterea
2673 2671 2760 2729 illa
2795 2671 2886 2725 Dei
2921 2671 3222 2724 benedictio
3256 2687 3270 2722 :
3303 2671 3530 2724 Crescite
3559 2679 3608 2722 et
3658 2667 3876 2732 multipli-

2366 2766 2593 2825 camini,
2644 2774 2992 2832 praecesserat
3035 2765 3180 2817 diras
3231 2766 3363 2818 istas
3415 2762 3590 2816 minas
3631 2760 3782 2826 :Qno
3821 2759 3879 2810 dit

2365 2855 2619 2919 oderitis,
2687 2864 2906 2906 mortem
2965 2856 3277 2907 moriemini.
3338 2837 3563 2922 Insuper
3618 2856 3775 2908 dilata
3822 2863 3882 2903 est

2368 2960 2514 2998 mors
2548 2945 2820 3012 peccantis
2869 2945 3016 3006 Δάαι,
3068 2960 3133 2998 ne
3170 2945 3378 3010 sijusto
3411 2945 3569 2997 initio
3620 2960 3762 2998 mors
3809 2944 3885 2994 im-

2362 3036 2573 3104 perium
2610 3050 2768 3088 suum
2810 3036 3088 3103 auspicata
3126 3044 3268 3088 esset
3302 3034 3353 3087 in
3387 3048 3557 3102 genus
3591 3034 3883 3088 humanum.

714 3129 892 3182 Deus?
947 3127 1050 3180 Sed
1115 3128 1427 3195 priusquam
1484 3127 1549 3178 ad
1613 3125 1754 3191 hanc
1815 3124 2330 3208 respondeamus,c
2365 3139 2588 3194 prorsus
2645 3125 2747 3178 hoc
2814 3123 3194 3197 indissplubile
3261 3125 3517 3192 deinceps
3569 3124 3884 3178 obtinuisset.

712 3233 890 3286 operae
924 3217 1162 3285 pro-tium
1216 3215 1378 3268 fuerit
1423 3215 1636 3268 illorum
1677 3214 1955 3270 hominum
2013 3213 2255 3282 argutias

712 3312 1002 3366 dissolvere
1032 3312 1124 3378 qui
1173 3311 1271 3362 hoc
1324 3310 1440 3360 loco
1493 3307 1645 3364 aiunt
1694 3304 1957 3372 serpentis
1989 3303 2116 3372 (hoc
2150 3313 2256 3369 est,

713 3405 944 3470 Satanaz)
989 3404 1144 3455 verba
1193 3410 1306 3455 rata
1352 3399 1488 3460 ﬂeri,
1541 3400 1738 3465 quibus
1787 3397 2109 3464 pradixerat
2152 3411 2258 3450 non

700 3497 1006 3548 morituros
1059 3491 1274 3546 etiamsi
1323 3499 1676 3543 vescerentur
1733 3487 2020 3556 prohibitis
2068 3488 2260 3540 fructi-

715 3595 816 3644 bus
847 3608 860 3646 :
898 3591 986 3642 Dei
1040 3603 1167 3640 vero
1198 3587 1351 3640 irrita
1383 3586 1625 3654 falsaque
1658 3585 1748 3653 qui
1789 3585 1974 3638 eodem
2005 3599 2128 3638 cum
2159 3598 2259 3652 pa-

714 3691 854 3734 trato
884 3679 1122 3733 facinore
1151 3679 1233 3730 die
1267 3678 1559 3739 morituros
1590 3674 2051 3728 minatus‘fuerat.
2099 3673 2258 3741 Atqui

714 3772 1132 3839 haudquaquam
1168 3768 1426 3820 mentitus
1471 3775 1552 3818 est
1587 3765 1747 3828 Deus,
1780 3765 1869 3816 sed
1905 3764 2257 3832 praestitutam

712 3878 926 3931 ptenam
995 3859 1364 3913 misericordia
1420 3855 1702 3924 mitigavit.
1758 3853 1908 3908 Solet
1967 3855 2114 3908 enim
2169 3854 2258 3908 ille

712 3955 944 4006 maxima
993 3949 1420 4019 gravissimaque
1475 3945 1736 4014 supplicia
1789 3945 2004 4010 minari,
2044 3953 2104 3997 ut
2154 3943 2257 3998 sibi

712 4054 933 4094 caveant
982 4040 1254 4100 mortales,
1311 4052 1496 4089 verum
1572 4035 1764 4088 deinde
1825 4033 1912 4086 illa
1962 4048 2056 4101 per
2104 4047 2257 4086 suam

713 4131 1139 4186 miscricordiam
1180 4127 1470 4190 moderari,
1507 4125 1821 4194 lenioraque
1854 4139 2088 4178 sumere.
2125 4123 2258 4176 Nam

713 4237 765 4278 et
816 4225 1067 4277 blinivitis
1121 4240 1243 4275 enin
1302 4222 1680 4272 interminatus
1731 4227 1872 4271 esset
1903 4218 2150 4280 exitium,
2183 4215 2257 4268 illi

712 4335 838 4369 vero
870 4319 934 4368 ab
977 4313 1224 4379 iniceptis
1271 4311 1507 4364 revocati
1552 4310 1907 4378 pmnitercnt,
1938 4311 2080 4360 nulla
2113 4308 2258 4374 ipsos

715 4412 881 4462 multa
916 4406 1184 4460 aﬂ‘ecit".
1231 4402 1473 4455 Ezechiae
1514 4415 1728 4470 quoque
1761 4413 1884 4453 cum
1935 4399 2254 4450 moriturum

2356 3217 2574 3270 ,Justum
2600 3225 2780 3270 autem
2811 3214 3007 3269 fuisset
3059 3215 3250 3269 mortis
3297 3215 3511 3283 imperii
3557 3215 3884 3282 principium.

2363 3306 2405 3359 si
2438 3306 2629 3369 Adam,
2665 3306 2757 3373 qui
2788 3305 2983 3359 violata
3017 3306 3131 3375 lege
3157 3305 3479 3372 deliquerat,
3513 3306 3724 3374 primus
3748 3313 3886 3356 morte

2363 3395 2725 3459 concidisset;
2771 3405 2824 3449 at
2884 3398 3029 3449 enim
3067 3406 3418 3464 posteaquam
3457 3396 3544 3448 ille
3577 3396 3786 3464 primus
3828 3404 3889 3446 csl

2365 3492 2538 3538 morte
2577 3484 2880 3538 exstinctus
2913 3485 3003 3553 qui
3052 3501 3160 3553 prae
3193 3485 3404 3539 caeteris
3452 3485 3776 3538 mortalibus
3806 3484 3887 3535 Deo

2369 3573 2616 3642 placebat
2675 3584 2728 3627 et
2787 3577 3014 3628 omnino
3061 3585 3234 3630 morte
3283 3576 3533 3645 indignus
3577 3587 3719 3641 erat,
3759 3587 3888 3642 atque

2363 3667 2434 3720 ita
2467 3667 2716 3735 improbo
2742 3667 3008 3738 principio
3042 3683 3192 3722 mors
3227 3685 3381 3724 suam
3415 3672 3630 3738 occepit
3677 3672 3891 3740 tyranni-

2361 3757 2518 3822 dem;
2553 3765 2750 3811 mertto
2783 3773 2845 3812 ea
2883 3761 3124 3829 tyrannis
3152 3761 3280 3814 olim
3312 3761 3661 3816 dissolvenda
3695 3761 3793 3815 fuit
3815 3775 3891 3829 per

2361 3848 2633 3901 Christum
2682 3847 2774 3915 qui
2817 3846 2919 3902 suo
2959 3849 3102 3902 illam
3154 3851 3385 3904 adventu
3433 3853 3643 3905 viribus
3706 3867 3890 3906 cassam

2336 3931 2613 3988 reddidit.
2674 3933 2811 3989 llinc
2887 3935 3141 3990 dominus
3206 3936 3440 4005 Ephrem
3501 3939 3552 3992 in
3634 3939 3761 3990 illud
3821 3937 3893 3988 Dei

2360 4025 2562 4078 dictum
2598 4041 2610 4077 :
2640 4023 2871 4095 Sanguis
2913 4026 3038 4078 Abel
3083 4029 3281 4078 clamat
3327 4029 3394 4079 ad
3453 4044 3532 4080 me
3579 4044 3644 4080 ea:
3687 4027 3892 4086 terra“,

2361 4117 2504 4172 sicut
2534 4120 2793 4186 scriptum
2830 4117 3048 4186 reliquit
3078 4137 3091 4171 :
3132 4118 3307 4172 Ululat
3351 4133 3499 4172 mors
3544 4120 3596 4172 in
3627 4135 3730 4172 suo
3761 4118 3893 4170 inille

2362 4209 2653 4264 ostendens
2711 4211 2876 4276 :qucm
2941 4210 3012 4261 sit
3087 4208 3334 4261 habitura
3401 4207 3584 4262 finem.
3651 4210 3891 4264 Praeterea

2360 4309 2521 4352 etiam
2568 4299 2612 4352 si
2662 4315 2771 4352 non
2837 4300 2979 4354 illico
3030 4309 3339 4367 peccantem
3397 4301 3665 4354 Adamum
3741 4309 3890 4352 morte

2364 4391 2672 4444 multaverit
2720 4390 2882 4454 Deus,
2933 4400 3108 4445 tamen
3167 4391 3444 4445 mortalem
3490 4408 3634 4455 esse,
3676 4403 3728 4445 et
3778 4407 3804 4442 a
3848 4404 3892 4439 ευ

711 4514 884 4567 neque
914 4499 1180 4548 victurum
1213 4495 1638 4562 pronuntiasset,
1665 4503 1899 4554 eumque
1935 4484 2138 4553 peccati
2173 4484 2257 4537 sui
2293 4465 2333 4518 θ
2363 4481 2490 4534 olim
2537 4483 2907 4550 perimendum
2942 4483 3050 4550 jam
3110 4492 3219 4536 tum
3268 4484 3500 4537 ostendit
3553 4483 3639 4535 bis
3689 4483 3890 4535 verbis:

712 4589 1071 4660 pmnituisset,
1101 4585 1430 4654 impendenti
1459 4596 1629 4652 pcenzc
1653 4581 1762 4647 jam
1793 4578 2008 4630 addicto
2035 4575 2259 4642 gratiam

713 4682 942 4740 fecit";
981 4689 1030 4732 et
1074 4687 1253 4730 tamen
1307 4689 1486 4733 nemo,
1529 4673 1596 4724 ob
1635 4671 1746 4724 tunc
1795 4669 2062 4721 mendacii
2090 4667 2259 4718 Deum

713 4771 1070 4824 al-cusaverit.
1119 4767 1210 4821 Sic
1258 4767 1421 4833 igitur
1453 4763 1613 4816 etiam
1651 4775 1772 4813 cum
1822 4759 2026 4811 Adamo
2062 4764 2114 4810 et
2150 4756 2260 4808 Eva

712 4864 839 4930 egit.
878 4858 1212 4912 Prtemonuit
1243 4857 1384 4910 enim
1438 4871 1502 4906 ne
1550 4853 1615 4904 de
1657 4851 1743 4902 illa
1799 4851 1989 4902 arbore
2022 4849 2260 4909 ederent,

716 4955 982 5020 simulque
1037 4951 1206 5001 minas
1268 4946 1471 4998 addidit
1535 4943 1648 4996 fore
1708 4950 1764 4993 ut
1823 4940 1926 4993 nisi
1978 4948 2258 5007 parerent,

716 5051 898 5098 eodem
949 5047 1032 5095 die
1089 5049 1316 5096 mortem
1364 5047 1722 5106 oppeterent:
1758 5051 1878 5086 cum
1921 5048 2083 5102 porro
2151 5033 2259 5100 jam

717 5146 1038 5206 praeceptum
1085 5135 1378 5187 violassent
1419 5139 1579 5196 atque
1614 5133 1952 5195 peccassent,
1981 5124 2263 5177 miseratus

715 5233 858 5296 ipsos
888 5235 968 5279 cst
1002 5225 1323 5291 culpamque
1352 5219 1585 5280 remisit,
1616 5228 1670 5270 et
1718 5216 2040 5285 supplicium
2081 5215 2151 5265 ita
2183 5225 2264 5266 est

717 5319 1026 5371 moderatus
1063 5323 1118 5364 ut
1147 5328 1209 5364 eo
1243 5316 1355 5378 ipso
1380 5313 1463 5362 die
1499 5317 1724 5360 mortem
1762 5323 1864 5357 non
1891 5305 2124 5357 obierint
2151 5319 2259 5371 quo

717 5408 1020 5476 HtlpOSilaln
1078 5403 1178 5456 sibi
1219 5403 1386 5468 legem
1423 5401 1712 5465 fregerant.
1748 5397 1861 5449 Imo
1892 5411 2019 5448 vero
2071 5394 2261 5446 adver-

717 5515 810 5552 sus
842 5497 1107 5550 Ninivitas
1166 5501 1334 5545 totum
1372 5491 1590 5542 omnino
1642 5487 1967 5555 supplicium
2027 5484 2257 5538 reddidit

719 5593 961 5650 irritam;
1004 5595 1057 5639 at
1084 5585 1284 5653 primos
1339 5583 1503 5634 hosce
1552 5592 1764 5631 nostros
1801 5586 2051 5643 parentes
2108 5584 2258 5642 parte

783 5741 864 5796 ’Ἰ
902 5739 1040 5794 Tim.
1076 5755 1111 5803 I,
1144 5738 1173 5789 '5
1207 5753 1353 5806 seqq.
1443 5735 1485 5768 "
1510 5731 1656 5786 Jozim
1690 5747 1763 5798 in,
1796 5728 1827 5780 εὶ
1857 5743 2004 5795 seqq.

2081 5728 2121 5758 '9
2152 5722 2376 5792 lV'ﬂeg.
2421 5740 2506 5789 xx,
2541 5725 2558 5775 l
2597 5739 2650 5777 se
2676 5739 2748 5785 :q.

2361 4571 2538 4626 Pulvis
2577 4591 2650 4636 es,
2690 4583 2737 4625 et
2785 4576 2836 4625 in
2873 4575 3131 4641 pulverem
3179 4575 3469 4626 reverteris.
3504 4575 3745 4643 Denique
3786 4587 3888 4626 eum

2363 4666 2450 4717 ille
2497 4676 2708 4732 gustata
2756 4664 2949 4717 arbore
2986 4667 3168 4725 vetita,
3224 4679 3378 4731 poma
3421 4663 3690 4718 obnoxius
3739 4664 3893 4716 iactus

2360 4766 2534 4818 esset,
2599 4755 2782 4808 habuit
2843 4757 3016 4823 ipsum
3077 4755 3214 4807 Deus
3264 4771 3360 4822 pro
3409 4763 3646 4819 mortuo,
3700 4754 3890 4806 etiamsi

2365 4848 2516 4899 vivus
2568 4861 2686 4900 esse
2727 4847 3020 4899 videretur.
3076 4846 3131 4898 Si
3169 4846 3311 4898 enim
3342 4845 3499 4899 divus
3532 4844 3738 4898 Paulus
3780 4856 3892 4910 apo-

2365 4939 2536 4994 stolus
2565 4933 2659 4990 eos
2695 4938 2784 5004 qui
2819 4938 3011 4988 mortui
3045 4947 3191 4997 sunt,
3217 4945 3361 4990 recte
3399 4945 3558 4989 vocat
3581 4937 3892 4989 dormientes

2365 5045 2578 5100 propter
2627 5030 2978 5082 certissimam
3015 5029 3429 5082 resurrectionis
3459 5042 3630 5095 spem,
3658 5044 3758 5082 cur
3802 5041 3892 5079 nm

2337 5125 2603 5179 .Adamus
2657 5130 3002 5187 posteaquam
3064 5129 3283 5188 peccato
3339 5123 3680 5188 mancipatus
3751 5128 3894 5185 atque

2367 5229 2518 5266 noxze
2544 5211 2754 5263 deditus
2781 5219 2941 5270 esset,
2981 5212 3200 5278 perinde
3233 5220 3392 5276 atque
3421 5211 3490 5263 ob
3531 5224 3730 5264 noxam
3765 5223 3895 5262 mor-

2365 5311 2488 5353 tuus
2525 5298 2698 5350 Vneari
2731 5298 2946 5350 debuit?

2435 5389 2600 5440 Adam
2638 5393 2887 5456 quomodo
2940 5399 3175 5440 mortuus
3223 5405 3280 5442 eo
3337 5389 3422 5441 die
3474 5405 3574 5456 quo
3614 5388 3677 5442 de
3727 5386 3897 5438 arbore

2363 5479 2600 5532 scientia
2634 5481 2884 5546 gustarit.
2912 5508 2977 5515 ——
3013 5477 3143 5530 llinc
3175 5490 3252 5532 est
3284 5483 3424 5547 quod
3458 5481 3712 5533 dominus
3733 5477 3896 5530 Julius

2364 5572 2757 5624 Commentario
2818 5586 2916 5622 suo
2960 5570 3010 5620 in
3072 5569 3416 5639 Evangelium
3469 5569 3736 5633 Joannis,
3793 5571 3891 5621 ait:

2839 5723 2881 5754 “'
2909 5722 2945 5772 (ἶ
2973 5741 3039 5777 κει.
3078 5738 3147 5779 IV.
3181 5724 3261 5777 10.

3927 98 3994 4338 ἒ

3985 891 3989 942 l

3987 997 3989 1032 |

3987 1089 3989 1122 l

3987 1179 3989 1214 |

3986 1453 3989 1488 ι
