4010 6526
131 409 205 466 561
892 409 898 414 “
1205 399 1300 458 DE
1342 397 1744 462 PARAPISO.

1822 421 1852 439 ·
1885 399 2078 462 PARS
2121 402 2166 460 Ι.
3207 401 3311 464 562

133 519 263 573 Adam
313 511 498 580 itaque
546 523 612 565 eo
655 508 744 563 die
794 482 1024 564 mortem
1075 507 1231 568 obiit,
1281 520 1392 576 quo
1437 505 1528 560 die
1582 503 1652 560 dt
1678 509 1722 568 Δ
1751 507 2081 576 detraheret,
2117 509 2418 565 secundum
2459 511 2784 567 sententiam
2822 527 2982 582 quam
3025 511 3312 568 dominum

130 611 286 666 arbore
327 602 598 674 prohibita
636 603 766 666 edit,
798 616 862 656 eo
897 617 1005 670 quo
1049 597 1129 655 sic
1160 601 1382 655 haberet
1424 608 1644 654 scatent-

131 703 184 755 tia
209 717 220 753 :
248 697 358 761 Quo
401 695 486 747 die
529 694 816 746 comederis
843 694 905 745 de
942 693 1148 755 arbore,
1181 693 1437 745 morieris.
1485 690 1646 760 Atqi

129 786 304 841 tirebat
333 784 496 838 etiam
548 791 688 838 tum.
732 780 834 847 Qui
861 796 989 850 ergo
1021 781 1200 849 potuit
1231 790 1474 834 mortuus
1503 795 1644 844 esse,

123 893 230 934 sane
271 889 365 944 per
413 876 738 928 sententiam
802 874 972 941 ipsam
1020 882 1178 941 atque
1230 887 1324 940 per
1375 879 1644 938 patratum

125 970 326 1029 facinus,
360 965 476 1033 jam
514 974 625 1018 tum
657 975 906 1020 mortuus
928 972 1067 1018 erat.
1108 962 1239 1016 Nam
1292 962 1451 1016 simul
1485 972 1648 1031 atque

125 1078 170 1115 se
203 1059 311 1128 quis
347 1057 652 1125 subjectum
686 1056 856 1124 culpze
897 1056 1049 1120 fecit,
1084 1054 1343 1124 supplicia
1379 1054 1648 1123 quodam-

124 1152 256 1204 moJo
299 1150 526 1218 patitur,
575 1148 789 1201 tametsi
840 1148 1014 1201 adhuc
1047 1162 1152 1200 non
1207 1146 1386 1215 reipsa
1425 1145 1644 1211 ductus,

125 1242 197 1296 sed
239 1247 332 1308 per
379 1241 548 1293 solam
589 1240 998 1308 pronuntiatam
1021 1239 1343 1293 sententiam
1369 1237 1648 1308 judicatus

121 1341 204 1386 est.
276 1330 340 1384 Et
404 1332 658 1387 dominus
724 1331 955 1397 Ephrem
1027 1331 1117 1384 ubi
1185 1330 1380 1384 iterum
1450 1338 1650 1384 tractat

124 1411 272 1478 locum
325 1424 476 1476 illum
516 1419 583 1478 de
631 1421 839 1476 Adanto
883 1431 1131 1476 vescente
1176 1421 1388 1477 fructus
1429 1422 1646 1486 vetitos,

121 1515 476 1584 morienteque
495 1530 561 1569 eo
597 1515 716 1584 ipso
751 1515 857 1578 die,
885 1513 1147 1584 scriptum
1177 1515 1397 1584 reliquit
1431 1514 1482 1568 in
1511 1513 1648 1566 hanc

119 1609 420 1662 sententiam
478 1625 490 1660 :

117 1698 297 1751 incidat
343 1697 398 1750 in
445 1698 718 1761 morbum,
756 1697 897 1750 bona
939 1696 1139 1750 fruitur
1177 1697 1482 1752 valetudine
1528 1713 1649 1767 qua:

118 1789 283 1842 morbo
332 1789 510 1857 potior
551 1799 635 1843 est
668 1805 682 1841 :
718 1803 906 1843 verum
956 1789 1043 1842 ubi
1072 1789 1287 1843 lethalis
1316 1803 1443 1843 eum
1494 1787 1648 1842 inivit

554 1607 707 1660 Sicut
767 1606 859 1675 qui
917 1621 1080 1660 sanus
1148 1614 1271 1671 est,
1331 1593 1674 1675 priusquam

1755 598 1988 669 Ephrem
2039 611 2092 654 et
2159 600 2250 668 qui
2304 602 2446 658 hunc
2491 613 2817 674 sequuntur,
2867 618 2965 674 pro
3022 602 3314 673 Scriptura:

1755 700 1942 746 tenore
1964 693 2240 762 amplexos
2268 707 2388 748 esse
2417 709 2579 763 supra
2603 694 3117 751 demonstravimus.
3146 696 3313 749 Porto

1752 785 1870 840 sive
1929 800 2024 853 per
2079 786 2590 855 contemplationem
2657 788 2944 856 quamdam
3003 788 3313 856 apparuerit

1755 884 1882 930 tunc
1908 875 2034 936 illis,
2071 884 2128 928 ut
2166 875 2527 932 Philoxenum
2557 877 2872 933 existimare
2898 879 3156 943 diximus,
3203 877 3314 931 sive

1757 971 1828 1023 ita
1854 979 1912 1022 ut
1944 970 2090 1038 ipsos
2117 983 2307 1022 eorum
2341 984 2532 1024 sensus
2559 968 2732 1024 forma
2760 983 3021 1038 corporea
3049 977 3310 1034 moveret,

1758 1070 1815 1113 ut
1861 1061 1934 1113 illi
1976 1061 2206 1127 volunt;
2265 1075 2396 1115 sane
2435 1061 2812 1131 cujuscunque
2860 1063 2974 1115 hinc
3028 1062 3172 1115 modi
3229 1056 3314 1116 res'

1756 1151 1940 1215 fuerit,
2001 1161 2192 1220 pacate
2240 1166 2304 1205 ac
2351 1151 2544 1208 blande
2605 1150 2712 1206 illis
2742 1152 2952 1205 vicibus
2994 1158 3318 1219 apparuerat

1755 1241 1928 1312 ipsis;
1961 1252 2015 1295 at
2037 1241 2149 1312 jam
2190 1243 2261 1297 ita
2297 1242 2453 1311 plane
2487 1258 2545 1296 se
2580 1250 2954 1312 repraesentat,
2997 1249 3056 1295 ut
3093 1241 3211 1296 suis
3238 1240 3313 1294 illi

1756 1339 2009 1393 sensibus
2055 1339 2371 1409 percipiant.
2408 1339 2662 1392 nimirum
2711 1339 2944 1392 humana
2997 1337 3178 1406 specie
3203 1336 3315 1390 foro

1755 1429 2051 1494 midabilis,
2093 1429 2653 1496 turbidus.,,diﬂicilis,
2694 1438 2747 1484 et
2782 1429 2933 1500 quasi
2965 1443 3189 1498 peregre
3221 1429 3316 1482 ad-

1756 1509 2002 1583 veniens,
2044 1522 2236 1590 iraque
2267 1531 2501 1584 tumens,
2537 1520 2854 1590 furensque,
2888 1529 2942 1576 et
2972 1516 3070 1576 suo
3101 1521 3318 1574 incessu

1755 1611 2071 1668 concutiens
2094 1615 2496 1682 terram,jatque
2514 1613 2648 1668 adeo
2671 1615 2817 1683 ipsas
2837 1613 3073 1682 paradisi
3094 1612 3316 1666 arbores

1759 1706 1961 1772 pressis
1989 1705 2230 1776 vestigiis
2251 1700 2628 1760 tremefaciens
2656 1720 2670 1758 :
2700 1704 3037 1772 ltujusmodi,
3066 1703 3313 1774 inquam,

1759 1796 1946 1850 habitu
2005 1784 2094 1850 hic
2144 1811 2292 1850 nunc
2355 1797 2568 1850 videtur
2622 1797 2688 1850 ab
2739 1796 2873 1861 illis;
2925 1795 3179 1848 nimirum
3261 1805 3320 1847 ut

117 1880 382 1949 mgritudo,
431 1881 542 1950 jam
591 1879 646 1933 in
698 1881 890 1935 mortis
935 1889 1196 1949 potestate
1239 1895 1359 1934 esse
1400 1891 1653 1936 censetur
1681 1856 1729 1916 Β
1757 1887 1934 1959 pavidi
1966 1887 2335 1942 confiteantur
2361 1902 2458 1942 sua
2488 1887 2707 1950 delicta,
2740 1893 2901 1954 atque
2931 1886 3084 1964 illius
3108 1884 3322 1939 miseri-

116 1973 305 2025 etiamsi
359 1972 668 2038 complures
724 1969 840 2025 dies
892 1979 1127 2040 aegrotus
1187 1971 1453 2042 transigat
1504 1971 1653 2040 prius

117 2079 260 2131 quam
291 2063 557 2129 moriatur
589 2080 603 2116 :
641 2062 712 2116 ita
747 2073 801 2116 et
829 2063 996 2116 Adam
1039 2061 1251 2118 felicem
1289 2076 1454 2133 atque
1499 2064 1644 2118 inco-

116 2156 296 2209 lumem
348 2157 514 2209 vitam
597 2155 834 2223 agitabat
901 2155 954 2209 iu
1027 2156 1281 2229 paradiso
1337 2158 1651 2227 priusquam

113 2255 365 2315 peccaret,
387 2256 458 2298 at
487 2245 576 2298 ubi
600 2243 908 2299 admisisset
937 2257 1232 2315 peccatum,
1259 2247 1539 2300 sententia:
1557 2244 1654 2299 ob-

112 2339 294 2394 noxius
320 2337 496 2392 factus
525 2347 628 2402 est,
658 2350 711 2394 et
737 2338 961 2409 proinde
996 2353 1093 2406 pro
1120 2353 1184 2391 eo
1214 2339 1514 2392 aestimatus
1561 2338 1654 2405 qui

113 2432 290 2485 mortis
339 2431 699 2486 exsecrationi
758 2431 1097 2499 imperioque
1155 2430 1456 2500 subjectus.
1487 2439 1653 2485 esset.

115 2524 287 2590 Itaque
326 2523 516 2577 multis
548 2538 770 2592 pressus
812 2523 1068 2583 miseriis,
1101 2532 1379 2591 tanquam.
1402 2531 1658 2591 perpetuo

115 2615 353 2670 lethalem
386 2616 666 2671 sustinens
692 2613 964 2677 morbum,
997 2612 1061 2666 ad
1097 2614 1267 2681 ipsam
1302 2628 1474 2682 usque
1509 2627 1657 2666 rnor-

109 2719 206 2762 tem
237 2709 499 2776 perrexit.
531 2705 740 2760 Rursus
772 2705 929 2762 sicuti
964 2705 1010 2759 si
1036 2707 1158 2773 quis
1182 2707 1358 2758 alium.
1382 2706 1659 2760 mortifero

110 2800 320 2852 vulnere
369 2799 597 2861 sanciet,
650 2797 1003 2866 quantumvis
1054 2796 1146 2850 ille
1208 2807 1331 2864 post
1382 2807 1658 2866 acceptam

107 2895 312 2958 plagam
386 2891 589 2942 multos
647 2897 928 2955 superstes
1000 2898 1214 2940 maneat
1268 2888 1422 2953 dies,
1480 2898 1657 2942 tamen

111 2983 326 3050 perinde
356 2997 418 3034 ac
453 2983 496 3034 si
547 2996 671 3034 mox
718 2982 808 3035 ubi
860 2995 1152 3049 percussus
1192 2980 1368 3034 fuerat
1413 2979 1656 3045 obiisset,

106 3077 179 3126 sic
237 3074 523 3126 vindicant
568 3071 782 3139 judices
840 3087 954 3123 eam
1003 3070 1200 3124 caedem
1236 3089 1248 3124 :
1284 3073 1353 3124 ita
1393 3054 1517 3141 Iquo
1575 3072 1660 3126 die

1755 1979 1995 2032 cordiam
2051 1977 2373 2048 veniamque
2422 1970 2710 2046 implorent
2748 1994 2760 2030 :
2793 1979 2888 2045 eo}
2915 1976 3059 2031 enim
3112 1984 3320 2044 speclat

1754 2069 1897 2138 quod
1943 2068 2267 2123 ambulantis
2301 2084 2484 2123 vocem
2518 2068 2758 2123 audiisse
2802 2068 3079 2124 dicuntur.
3111 2067 3319 2137 Quippe

1755 2145 1922 2214 voluit
1958 2160 2133 2214 audiri
2161 2162 2228 2214 ab
2259 2159 2390 2227 ipsis
2440 2175 2599 2214 suum
2629 2160 2922 2226 incessum,
2967 2168 3021 2214 et
3070 2161 3186 2228 ipse
3221 2174 3318 2213 ceu

1755 2262 2079 2321 curporatus
2124 2254 2355 2321 spectari
2407 2251 2641 2306 humana
2670 2250 2868 2319 forma,
2921 2260 2981 2307 ut
3012 2266 3121 2322 pra:
3167 2260 3316 2306 motu

1758 2341 2079 2397 festinarent
2106 2342 2171 2398 ad
2210 2342 2326 2412 ejus
2375 2343 2600 2410 gratiam
2651 2339 3172 2413 ignoscentiamque'.
3200 2343 3318 2396 Cae-

1759 2442 1933 2487 terum
1966 2433 2072 2488 diei
2127 2434 2535 2490 inclinationem
2571 2444 2727 2488 vocat
2775 2431 3055 2504 Scriptura
3107 2444 3318 2504 tempus

1759 2524 1890 2578 illud
1938 2525 2042 2580 diei
2075 2526 2219 2595 quod
2272 2527 2490 2581 circiter
2521 2527 2653 2580 hora
2690 2541 2832 2581 nona
2880 2533 2965 2581 est
2997 2536 3116 2593 post
3153 2511 3318 2581 meri-

1757 2617 1922 2681 diem,
1958 2617 2071 2670 sole
2122 2618 2186 2671 ad
2217 2633 2472 2672 occasum
2523 2626 2824 2687 spectante.
2864 2615 2969 2671 Sed
3021 2619 3166 2672 enim
3215 2615 3319 2672 He-

1760 2710 1933 2764 braeos
1972 2712 2144 2774 aiunt,
2184 2727 2282 2781 pro
2315 2711 2663 2765 inclinatione
2708 2712 2811 2766 diei
2852 2711 3032 2766 dicere
3063 2711 3319 2780 spiritum

1761 2803 1874 2855 sive
1914 2811 2131 2856 ventum
2173 2803 2299 2857 diei.
2347 2803 2616 2858 Caeterum
2669 2803 2813 2872 quod
2869 2807 2934 2856 ad
2994 2803 3317 2857 inclinatum

1762 2909 1930 2960 usque
1979 2894 2119 2948 diem
2177 2895 2388 2948 distulit
2445 2910 2502 2948 se
2542 2877 2818 2956 exhibere,
2876 2893 2928 2946 id
2977 2909 3042 2948 eo
3082 2893 3212 2948 fecit
3265 2905 3324 2948 ut

1762 2984 1994 3052 spatium
2029 2985 2291 3037 haberent
2334 2984 2562 3049 interea,
2600 2993 2862 3053 quantum
2893 2994 3204 3053 patrassent
3241 2985 3323 3038 fa-

1761 3079 1915 3131 cinus
1959 3078 2138 3130 animo
2185 3092 2371 3131 secum
2421 3078 2679 3144 agitandi.
2736 3077 2840 3131 Sed
2890 3088 2944 3133 et
2988 3077 3092 3133 hoc
3146 3078 3326 3147 disce-

109 3165 294 3217 vulnus
327 3165 542 3230 excepit
591 3161 782 3222 Adam,
825 3162 890 3214 ab
932 3175 997 3214 eo
1037 3160 1122 3214 die
1163 3171 1418 3214 censetur"
1446 3161 1661 3230 judica-
1689 3193 1731 3248 ο
1766 3167 2022 3234 ptaudum
2057 3174 2157 3227 est,
2187 3169 2252 3219 de
2286 3181 2394 3234 quo
2434 3167 2520 3219 hic
2552 3165 2640 3220 die
2674 3175 2799 3236 agat
2824 3165 3016 3221 Moses.

108 3266 185 3308 tus
227 3256 461 3315 obiisse,
509 3262 568 3307 ut
617 3254 708 3322 qui
745 3252 869 3306 inde
935 3267 1107 3320 usque
1162 3251 1288 3304 dum
1343 3263 1658 3320 moreretur,

113 3345 280 3397 lethali
327 3345 521 3398 morbo
551 3352 602 3396 et
638 3343 958 3411 aegritudine
997 3342 1159 3395 fuerit
1201 3343 1521 3412 impiicitus.
1561 3345 1661 3414 lgi-

112 3447 191 3487 tur
221 3437 330 3490 etsi
375 3437 557 3506 reipsa
609 3450 721 3490 non
770 3433 1096 3502 oppetiverit
1141 3445 1365 3488 mortem
1423 3436 1663 3492 Adantus

113 3529 264 3581 simttl
303 3537 364 3582 ut
401 3529 633 3583 fructum
677 3529 806 3592 edit,
849 3539 1029 3580 tamen
1061 3542 1157 3594 pro
1203 3538 1413 3581 mortuo
1446 3530 1664 3583 habitus

114 3629 188 3671 est
219 3635 286 3673 eo
323 3621 471 3688 quod
507 3621 722 3689 capitali
767 3619 925 3687 culpa
968 3633 1026 3671 se
1059 3618 1462 3689 obstrinxisset,
1502 3629 1664 3688 atque

109 3711 210 3774 jam
249 3721 370 3764 tum
407 3723 500 3777 per
530 3711 854 3775 sentcntiam
891 3723 1044 3761 noxae
1094 3687 1505 3764 dedituswesset.
1560 3687 1662 3765 Sed

113 3801 254 3856 dices
303 3803 465 3854 :Cur
523 3816 631 3853 non
672 3815 897 3869 prorsus
945 3801 1181 3854 abolevit
1242 3803 1380 3856 Deus
1435 3813 1663 3857 mortem

109 3912 266 3960 qnam
306 3909 411 3962 pro
449 3894 684 3947 maxima
716 3909 810 3948 sua
852 3894 1232 3948 misericordia
1281 3911 1383 3949 non
1417 3897 1668 3953 intulerat

109 4005 165 4037 cn
214 3990 305 4040 die
364 4002 475 4055 quo
524 3997 842 4055 peccaverat
888 3988 1163 4043 Adamus?
1212 3989 1372 4057 Atqui
1423 3991 1540 4058 ejus
1591 3993 1666 4044 rei

111 4080 284 4130 wnltze
324 4087 558 4146 possunt
586 4079 729 4130 reddi
764 4093 973 4133 causae.
1016 4081 1224 4133 Abolita
1256 4081 1396 4132 enim
1449 4096 1668 4149 prorsus

109 4183 318 4232 mnrte,
378 4170 544 4238 hujus
595 4185 812 4238 quoque
861 4172 1044 4225 mundi
1096 4173 1418 4242 compositio
1467 4173 1667 4228 frustra

109 4263 320 4324 fuisset,
375 4263 488 4318 imo
523 4262 779 4316 saeculum
838 4264 999 4316 etiam
1036 4265 1178 4332 quod
1218 4263 1458 4318 futurum
1509 4281 1669 4319 voca-

110 4373 246 4411 mus.
307 4358 392 4410 Ad
459 4358 594 4422 hoc,
666 4358 876 4411 sublata
937 4370 1083 4409 mors
1149 4357 1308 4409 simul
1359 4357 1670 4412 sustulisset

107 4448 401 4500 adventum
452 4445 574 4499 FiIii
617 4447 733 4500 Dei.
780 4447 1044 4500 Praeterea
1076 4455 1352 4513 peccatum
1386 4447 1576 4501 Adami
1616 4455 1669 4502 et

1836 3256 1949 3320 Quo
1972 3256 2055 3309 die
2079 3257 2215 3310 Deus
2239 3257 2436 3324 primos
2460 3267 2702 3325 parentes
2751 3257 3000 3325 paradiso
3028 3257 3326 3312 eliminave-

1778 3349 1873 3400 rit.
1905 3376 1973 3386 —-
2006 3347 2144 3401 Sunt
2185 3360 2360 3400 autem
2403 3348 2494 3416 qui
2526 3348 2728 3410 dicant,
2770 3347 2860 3412 die
2901 3363 2964 3402 eo
2996 3363 3102 3419 quo
3119 3350 3324 3412 conditi

1775 3435 1926 3490 fuere
1973 3437 2130 3505 primi
2175 3446 2461 3504 parentes;
2513 3438 2604 3491 illo
2657 3438 2741 3492 die
2788 3440 2930 3492 enim
2966 3450 3017 3494 et
3068 3454 3324 3508 peccasse

1766 3528 1912 3596 ipsos
1954 3528 2066 3594 lege
2104 3528 2322 3590 violata,
2351 3527 2440 3596 qni
2471 3527 2589 3581 dies
2619 3537 2736 3581 erat
2770 3537 2977 3583 sextus.
3013 3529 3321 3585 Secundum

1766 3622 1886 3682 hos,
1919 3636 2028 3675 uno
2061 3623 2359 3690 eodemque
2395 3622 2481 3676 die
2507 3632 2720 3674 creatus
2759 3633 2839 3675 est
2884 3622 3055 3674 Adam
3102 3628 3155 3672 et
3190 3635 3322 3673 cnn-

1767 3709 1997 3763 f‘ormata
2045 3708 2174 3774 Eva,
2209 3711 2426 3778 lataque
2483 3711 2567 3762 lex
2615 3719 2666 3762 et
2695 3709 2913 3772 violata,
2963 3719 3124 3777 atque
3164 3709 3324 3777 primi

1770 3810 2022 3869 parentes
2055 3802 2122 3854 ob
2151 3801 2251 3854 hoc
2281 3810 2487 3852 tantum
2539 3799 2747 3853 facinus
2779 3800 3055 3869 objnrgati-
3079 3809 3130 3853 et
3168 3811 3327 3864 para-

1770 3893 1887 3946 tliso
1919 3893 2200 3946 eliminati.
2242 3893 2344 3945 Sed
2376 3893 2606 3946 alioruut
2643 3893 2910 3946 sententia
2951 3899 3053 3953 est,
3104 3892 3211 3945 alio
3241 3891 3327 3944 die

1769 3994 1983 4040 creatos
2027 3986 2146 4038 illos
2195 3999 2334 4046 esse,
2389 3984 2494 4038 alio
2543 3999 2815 4052 peccasse,
2848 3983 2935 4036 hic
2967 3997 3112 4048 vero,
3146 3983 3210 4036 de
3261 3996 3326 4036 eo

1768 4079 1914 4147 loqui
1958 4077 2167 4139 Mosen,
2199 4092 2305 4145 quo
2342 4085 2658 4145 peccarunt.
2712 4074 2914 4128 Praeter
2954 4074 3056 4129 hos
3093 4073 3182 4127 alii
3229 4089 3323 4141 pu-

1771 4178 1908 4230 tant,
1937 4168 2079 4222 hunc
2117 4167 2255 4220 diem
2296 4181 2469 4236 neque
2515 4182 2636 4219 cum
2673 4167 2843 4219 fuisse
2894 4167 2946 4218 in
2977 4178 3084 4234 quo
3117 4163 3330 4220 fuerant

1773 4258 1988 4313 formati
2021 4260 2188 4312 Adam
2233 4270 2284 4313 et
2330 4260 2461 4322 Eva,
2503 4273 2679 4326 neque
2730 4272 2852 4310 eum
2905 4256 2958 4308 in
2989 4271 3097 4324 quo
3135 4270 3327 4324 pecca-

1770 4359 1984 4414 verunt,
2037 4351 2126 4404 sed
2161 4361 2280 4420 post
2333 4351 2476 4412 illos,
2523 4349 2720 4412 alium;
2773 4361 2951 4415 neque
3002 4345 3146 4398 enim
3191 4345 3327 4398 satis

1771 4453 2192 4497 eonsentaneam
2226 4458 2347 4497 esse
2375 4450 2432 4494 ut
2467 4441 2579 4494 hmc
2607 4449 2754 4494 tanta
2787 4453 2895 4492 uno
2936 4437 3196 4492 accidisse
3223 4436 3312 4491 die
3415 4429 3417 4431 ’

111 4540 226 4593 Erae
257 4551 432 4609 atque
469 4539 650 4593 omnis
694 4538 1045 4607 posteritatis,
1081 4539 1387 4592 immortale
1424 4539 1667 4594 futurum
1695 4522 1748 4582 D
1774 4537 2175 4596 existimentur.
2213 4535 2315 4589 Sed
2348 4549 2447 4589 nos
2498 4535 2611 4588 hzec
2653 4531 2901 4597 inferius,
2940 4531 3048 4584 Deo
3096 4531 3327 4592 volente,

114 4632 330 4691 fuisset,
391 4641 448 4684 ut
506 4641 589 4686 est
641 4641 921 4700 peccatum
979 4629 1198 4683 diaboli.
1259 4630 1497 4701 Denique
1549 4633 1668 4689 ideo

114 4723 319 4792 reliqua
363 4738 513 4776 mors
543 4719 665 4784 fuit,
717 4733 773 4775 ut
807 4722 962 4788 primi
999 4730 1243 4788 parentes
1288 4723 1526 4775 animum
1572 4725 1670 4776 ad-

109 4823 388 4868 verterent
446 4816 510 4866 ad
593 4827 750 4867 suum
815 4813 1054 4881 ipsorum
1105 4813 1336 4876 facinus,
1402 4823 1453 4867 et
1503 4815 1669 4868 animi

112 4909 456 4975 pcenitudine
511 4906 853 4961 afﬁcerentur
886 4923 901 4960 :
930 4920 1104 4973 neque
1150 4906 1342 4959 mortis
1393 4906 1562 4960 securi
1620 4914 1672 4958 et

116 4999 225 5048 suis
285 4988 505 5051 seducti
561 4995 837 5049 erroribus
900 4980 1113 5062 peccata
1178 4995 1310 5048 levia
1375 4995 1670 5056 ducerent,

111 5097 267 5153 atque
299 5091 377 5139 ita
415 5086 666 5139 erunibus
695 5084 915 5153 ﬂagitiis
944 5087 1315 5138 advesrereut.
1351 5083 1498 5136 llane
1527 5085 1670 5136 enim

112 5179 175 5229 ob
200 5195 317 5233 rem
358 5179 506 5233 Deus
529 5194 633 5232 non
661 5178 979 5245 simpliciter
1005 5180 1072 5231 ad
1106 5181 1368 5232 Adamum
1405 5179 1674 5248 Evamqne

114 5273 413 5326 accedebat
456 5273 508 5324 in
544 5271 821 5340 paradiso,
866 5270 958 5324 sed
1000 5270 1237 5323 maximo
1284 5288 1408 5324 cum
1445 5279 1670 5330 terrore,

115 5376 164 5415 ut
225 5365 301 5420 ait
353 5362 536 5417 Moses
569 5381 584 5418 :
623 5362 689 5414 Et
749 5362 1058 5414 audiverunt
1101 5380 1271 5415 vocent
1313 5364 1519 5416 Domini
1581 5361 1676 5414 Dei

116 5456 410 5516 (tradientis
435 5457 486 5507 in
517 5455 789 5522 paradiso,
824 5455 1109 5506 inclinante
1137 5456 1238 5505 die.
1276 5456 1427 5522 Saepe
1448 5448 1672 5522 iquidem

116 5549 242 5600 alias
296 5555 636 5616 apparuerat
683 5546 824 5600 Deus
869 5547 996 5600 Adae
1037 5557 1089 5600 et
1125 5546 1245 5599 Erae
1287 5564 1298 5598 :
1339 5547 1513 5614 primo
1553 5562 1674 5599 cum

119 5640 389 5693 Adamum
448 5638 750 5703 conderet,
812 5639 1219 5698 conformaret,
1289 5649 1674 5708 componeret,

118 5731 383 5797 erigeret;
437 5730 698 5796 secundo,
755 5746 875 5784 cum
920 5731 1030 5798 lege
1074 5732 1331 5798 imperata
1366 5741 1566 5784 vetaret
1612 5745 1677 5783 ne

122 5823 180 5876 de
213 5825 418 5877 arbore
450 5821 772 5887 cognitionis
810 5824 1022 5886 ederet;
1060 5825 1214 5876 Icilio
1246 5840 1365 5876 cum
1401 5821 1560 5874 Evam
1604 5824 1674 5875 illi

1773 4629 2163 4698 explicabimus
2207 4627 2512 4681 dilucidius.
2562 4625 2631 4679 Et
2679 4625 3045 4678 occultabatur
3080 4623 3249 4675 Adam
3283 4632 3328 4674 et

1774 4735 1910 4774 uxor
1949 4721 2111 4786 ipsius
2163 4737 2192 4772 η
2241 4727 2514 4787 conspectu
2561 4717 2771 4770 Domini
2811 4715 2908 4768 Dei
2950 4716 3088 4766 inter
3121 4713 3329 4765 arbores

1772 4807 2033 4880 paradisi.
2081 4809 2382 4878 Fugiebant
2426 4810 2585 4878 igitur
2636 4818 2749 4860 tum
2783 4821 2810 4858 a
2869 4804 2976 4858 Deo
3021 4804 3111 4874 qui
3144 4819 3328 4857 vocem
3369 4804 3373 4809 ’

1778 4903 2023 4956 incessus
2061 4902 2166 4962 sui,
2206 4901 2444 4970 ipsorum
2482 4899 2708 4952 auribus
2750 4899 3075 4967 ingesserat;
3117 4905 3228 4949 tum
3264 4891 3335 4948 ab

1777 4994 1968 5045 arbore
2022 4992 2087 5045 de
2140 5008 2245 5060 qua
2295 4990 2538 5058 improbe
2582 4990 2828 5052 ederant,
2888 4998 3048 5054 atque
3101 4986 3152 5038 in
3198 4987 3331 5041 locis

1777 5085 1962 5138 densis
2035 5085 2516 5151 frequentibusque
2587 5082 2757 5135 multa
2826 5080 3081 5146 variaque
3144 5079 3330 5132 arbore

1776 5177 2180 5230 abscondebam
2245 5190 2319 5236 se,
2378 5174 2638 5225 nimirum
2689 5173 2812 5242 quia
2865 5178 2917 5223 et
2975 5170 3180 5238 peccati
3228 5170 3327 5223 sibi

1779 5268 1985 5322 conscii
2038 5277 2189 5321 erant
2242 5277 2295 5318 et
2349 5267 2502 5327 nudi,
2568 5266 2669 5318 hoc
2716 5272 2818 5327 est,
2863 5263 2988 5330 quia
3041 5262 3329 5315 horrebant

1779 5372 2122 5429 conspectum
2156 5359 2267 5418 Dei,
2293 5368 2346 5411 et
2381 5361 2504 5428 quia
2541 5356 3066 5410 verecundaliantur.
3094 5353 3159 5404 Et
3181 5371 3327 5405 t-ocao

1781 5457 1866 5505 bat
1934 5454 2183 5505 Dominus
2249 5451 2383 5503 Deus
2439 5451 2701 5503 Adamunt
2752 5458 2799 5500 et
2831 5448 3033 5500 dicebat
3084 5447 3127 5498 ei
3168 5461 3186 5498 :
3236 5445 3332 5498 Ubi

1777 5563 1830 5599 es
1873 5545 2080 5597 Adam?
2115 5543 2232 5596 Jam
2270 5542 2508 5595 diximus
2548 5548 2836 5608 corporata
2885 5549 3044 5607 atque
3099 5537 3331 5590 humana

1781 5638 1948 5704 figura
1997 5637 2160 5688 Deum
2220 5635 2302 5688 hic
2351 5631 2667 5700 apparuisse
2725 5629 2914 5699 primis
2976 5629 3330 5698 pereuntibus,

1783 5731 2035 5797 ipsosque
2102 5741 2232 5780 voce
2282 5738 2400 5791 quae
2454 5722 2706 5775 aulicndi
2761 5735 2982 5774 sensum
3047 5719 3329 5780 movebat,

1781 5820 2155 5889 compellassc.
2209 5816 2355 5884 Snlet
2403 5825 2584 5867 autent
2638 5811 2842 5866 dictum
2901 5812 3030 5864 illud
3069 5829 3079 5862 :
3122 5807 3216 5860 L'tvi
3261 5826 3313 5860 cs
