4010 6454
662 366 763 428 563

1908 351 2137 414 MOSIS
2173 350 2236 409 B:

2359 346 2606 410 CEPHA
2710 342 2721 351 ”
3317 353 3327 363 "
3736 325 3811 388 564

665 471 848 528 multis
887 468 1137 540 usurpari
1172 460 1375 532 modis;
1422 479 1547 519 nam
1584 469 1688 526 est,
1715 459 1933 529 quando
1958 458 2051 527 qui
2100 471 2202 512 ne.
2231 462 2279 518 Α
2305 454 2402 517 sis,
2443 467 2511 507 an
2551 445 2910 517 subimperio
2944 458 3005 498 es
3054 438 3196 511 quod
3235 437 3327 493 ille
3356 436 3454 491 tibi
3490 434 3694 489 minime
3712 450 3813 503 pre-

664 562 886 622 scit'ubi
920 561 967 618 is
1002 563 1073 618 sit
1099 574 1265 630 quem
1288 563 1446 612 vocat
1473 554 1624 614 dicit.
1663 550 1762 607 Ubi
1795 551 1890 604 es?
1919 549 2014 603 Est
2042 546 2204 601 etiam

664 669 788 709 rum
833 653 928 723 qui
976 652 1205 710 alterum
1236 647 1572 717 interrogat:
1624 642 1724 700 Ubi
1750 643 1848 697 es!
1887 636 2003 693 Non
2039 638 2212 692 nescit

596 789 600 792 .
666 747 755 800 ubi
805 748 1044 802 locorum
1095 742 1205 807 sit;
1262 739 1426 796 veluti
1480 752 1601 793 cum
1668 736 1900 805 aliquem
1948 730 2137 801 procul
2179 742 2211 783 a

666 839 826 894 nobis
861 846 1131 908 agentem,
1174 833 1335 904 cuius
1373 844 1533 900 opera
1570 827 1896 896 indigemus,
1936 824 2016 879 sic
2044 822 2241 875 inter-t

666 931 969 1003 pellamus:
1006 923 1105 979 Ubi
1127 924 1225 979 es.’
1256 922 1500 989 Denique
1541 919 1747 975 utimur
1776 929 1995 986 quoque
2027 927 2089 968 ea
2132 911 2215 967 in-

669 1018 1032 1090 terrogatione
1078 1032 1204 1072 cum
1258 1013 1493 1083 cuipiam
1530 1024 1687 1065 suum
1722 1022 1960 1063 errorem
2001 1004 2055 1058 in
2100 1016 2214 1058 me—

666 1112 898 1170 moriam
938 1109 1204 1165 adducere
1256 1104 1545 1168 volumus;
1578 1116 1709 1154 nam
1749 1086 1925 1153 illud:
1967 1094 2067 1149 Ubi
2117 1094 2217 1149 es?

668 1203 891 1276 perinde
925 1212 1048 1258 tunc
1073 1196 1219 1253 valet
1246 1210 1311 1251 ac
1339 1195 1387 1251 si
1414 1195 1660 1250 dicamus
1686 1190 1857 1247 :Vidc
1889 1203 2005 1260 qno
2029 1185 2218 1256 impie—

669 1289 798 1348 tatis
829 1286 1118 1345 recideris!
1156 1284 1441 1341 Postremo
1478 1281 1693 1335 animos
1732 1279 1929 1334 addere
1960 1277 2214 1347 enipiam,

671 1388 838 1451 atque
892 1391 1111 1434 manum
1166 1375 1231 1434 ad
1277 1374 1581 1429 audendum
1629 1373 1908 1441 porrigere
1950 1370 2215 1434 volentes,

670 1469 903 1532 dicimus
928 1485 941 1521 :
981 1465 1296 1531 ωηαΑά
1330 1467 1442 1521 hare
1471 1463 1538 1519 de
1566 1479 1624 1517 re
1653 1464 1855 1520 amissa
1882 1476 2045 1531 quam
2077 1474 2223 1529 quaa—

673 1562 865 1624 rimus,
909 1573 1229 1629 usurpamus
1256 1572 1477 1628 quoque
1509 1557 1609 1612 hoc
1637 1555 1860 1611 dictum.
1892 1553 2063 1623 Igitur
2092 1551 2220 1605 dum

677 1651 817 1709 Deus
861 1648 1126 1707 Adamum
1184 1645 1563 1717 interrogaret,
1624 1635 1845 1701 ubina'm
1899 1650 2064 1708 esset,
2114 1655 2219 1697 non

673 1739 889 1808 quidem
926 1739 976 1792 id
1005 1737 1322 1806 ignorabat;
1357 1745 1415 1790 ut
1450 1749 1627 1806 neque
1660 1750 1784 1791 cum
1814 1722 1881 1787 ea
1914 1731 2048 1788 Cain
2071 1744 2221 1800 quaa-

675 1832 862 1891 re’ret:
901 1829 997 1886 Ubi
1024 1838 1104 1886 est
1123 1829 1292 1897 frater
1326 1837 1447 1882 tuus
1466 1825 1553 1877 “?
1582 1823 1767 1895 Neque
1795 1837 1919 1877 cum
1946 1836 2011 1881 ex
2040 1819 2219 1875 Diosc:

677 1924 816 1990 Quid
857 1925 951 1980 hoc
977 1932 1053 1977 est
1082 1920 1218 1991 quod
1250 1935 1409 1975 manu
1447 1927 1585 1971 tenes
1610 1916 1689 1969 οη
1717 1913 1825 1969 Aut
1852 1929 1917 1969 es
1947 1910 2223 1966 Ieremia:

679 2016 819 2081 Quid
868 2012 1109 2069 uides“?
1148 2022 1240 2069 aut
1280 2010 1513 2077 denique
1555 2022 1621 2061 ex
1664 2004 1865 2059 Satuua
1899 2018 1913 2063 :
1952 2001 2097 2056 Unde
2141 2016 2226 2054 ve-

676 2107 759 2162 stis
780 2103 865 2157 “?
905 2103 994 2161 sed
1049 2102 1243 2159 habent
1285 2097 1578 2153 illiusmodi
1626 2093 2073 2162 interrogationes
2100 2105 2227 2147 suas

678 2208 892 2260 causas,
945 2194 1083 2250 sicut
1128 2198 1181 2253 et
1224 2184 1499 2242 illaeFilii
1553 2186 1606 2240 in
1666 2184 1816 2239 Novo
1856 2182 2226 2247 Testamento,

678 2287 806 2340 dum
874 2286 951 2339 ait
1010 2283 1081 2341 ad
1132 2280 1430 2350 discipulos
1479 2292 1612 2334 suos
1660 2294 1674 2332 :
1720 2276 1863 2341 Quot
1904 2290 2066 2343 partes
2130 2274 2226 2328 Ita-

680 2376 908 2435 bett's"!
963 2383 1018 2430 et
1074 2388 1265 2430 rursus
1313 2384 1329 2425 :
1373 2372 1538 2441 Quem
1591 2368 1776 2423 dicunt
1829 2366 2063 2420 hontines
2120 2379 2232 2422 esss

685 2466 880 2523 Filium
936 2466 1160 2522 hominis
1186 2464 1274 2517 “1'
1318 2472 1373 2517 et
1426 2481 1439 2516 :
1483 2459 1667 2515 Simon
1694 2499 1714 2529 ρ
1775 2473 1917 2527 reges
1987 2465 2142 2510 teme
2198 2470 2232 2509 α

681 2574 785 2628 quo
840 2558 1056 2624 capiunt
1121 2552 1375 2609 tributum
1422 2560 1473 2606 et
1530 2566 1741 2607 censura
1764 2548 1852 2603 "2
1906 2556 1962 2605 et
2001 2546 2069 2603 ad
2128 2546 2231 2602 Le-

683 2648 892 2717 gionem
940 2663 955 2699 :
1004 2644 1143 2709 Quid
1196 2652 1274 2700 est
1327 2657 1511 2698 nomen
1573 2652 1719 2695 tuum
1742 2639 1832 2694 σιτ
1888 2639 2124 2709 denique
2164 2636 2232 2691 ad

682 2738 900 2800 Judaeos
930 2754 943 2789 :
978 2733 1079 2792 Ubi
1117 2734 1345 2803 posuisti
1376 2734 1528 2789 illum
1549 2732 1636 2785 ὀἳ
1683 2730 1950 2786 Lazarum
2001 2731 2231 2787 scilicet.

685 2829 807 2888 llaec
855 2827 997 2883 cnim
1045 2839 1097 2880 et
1150 2825 1309 2893 hugus
1351 2824 1567 2901 generis
1615 2822 1724 2878 alia
1775 2838 1894 2893 qua
1929 2823 2233 2891 interroga-

684 2920 761 2971 rit
787 2917 1059 2979 Christus.
1087 2930 1193 2969 non
1221 2915 1439 2983 ignarus
1467 2915 1565 2970 sed
1587 2914 1755 2985 probe
1783 2912 2038 2969 conscius
2070 2914 2238 2967 inter-

686 3009 909 3076 rogavit,
946 3014 1128 3074 utpote
1177 3004 1315 3058 Deus
1342 3002 1435 3076 qui
1491 3004 1674 3058 omnia
1730 3002 1875 3058 videt
1930 3002 2236 3071 noritque:

2311 545 2484 602 dixit?
2512 543 2608 599 Ubi
2642 541 2741 597 est
2786 550 3047 608 magnane
3093 530 3291 588 ﬁducia
3338 529 3571 600 pollens,
3623 535 3815 595 apertam

2314 637 2542 692 frontem
2598 632 2855 691 snstollis,
2912 644 2981 681 an
3040 624 3246 695 pudore
3280 614 3600 676 confusum
3656 618 3818 671 vultum

2312 725 2542 795 dejicis?
2577 723 2679 781 Ubi
2704 721 2816 777 "es?
2846 734 2942 775 cur
2966 731 3053 771 me
3098 729 3229 778 non,
3269 717 3329 764 ut
3377 709 3543 774 soles,
3582 716 3743 777 aperte
3759 708 3823 759 iu-

2314 820 2507 885 tueris,
2554 817 2649 873 sed
2683 814 2737 870 in
2768 812 3004 867 latebras
3033 818 3088 863 te
3135 821 3166 860 a
3196 817 3282 857 me
3310 801 3606 857 subducis?
3661 798 3824 853 Deinde

2317 920 2378 965 ut
2408 911 2525 980 ipsa
2559 905 2980 972 interrogatione
3008 898 3248 954 animum
3281 895 3359 948 illi
3381 892 3631 948 redderet
3659 890 3717 943 ad
3735 889 3824 943 eol-

2316 979 2666 1072 loquendum,
2697 1007 2858 1065 atque
2889 993 2970 1046 ad
2988 986 3357 1060 ptenitentiam
3376 982 3660 1047 invitaret;
3688 980 3742 1032 ad
3755 979 3833 1032 boc

2317 1071 2695 1149 utostenderet
2723 1102 2781 1141 se
2799 1085 2872 1139 ita
2888 1081 3153 1136 Adamum
3172 1090 3439 1147 querere,
3457 1083 3518 1127 ut
3540 1081 3686 1143 pater
3702 1071 3834 1123 amis-

2316 1197 2436 1241 sum
2460 1180 2649 1243 lilium,
2668 1176 2893 1232 sollicite
2916 1170 3220 1238 investigat.
3237 1170 3416 1237 Atque
3435 1166 3550 1219 hac
3580 1161 3835 1233 posteriora

2318 1274 2425 1328 duo
2455 1271 2579 1326 inde
2596 1265 3035 1338 comprobantur,
3060 1261 3203 1332 quod
3233 1274 3341 1312 non
3366 1255 3525 1325 quasi
3554 1250 3838 1322 supplicium

2318 1364 2387 1418 de
2417 1362 2527 1416 illis
2561 1367 2881 1429 sumpturus
2898 1368 2959 1409 se
2979 1353 3091 1423 jam
3141 1350 3273 1421 ipsis
3288 1346 3599 1404 exhibuerit
3626 1344 3677 1396 in
3698 1340 3842 1410 primo

2321 1455 2423 1511 hoc
2454 1464 2773 1521 congressu,
2823 1443 3028 1515 alioqui
3070 1442 3212 1498 enim
3244 1454 3352 1495 non
3383 1446 3495 1492 tam
3530 1434 3720 1490 blande
3764 1445 3845 1484 suo

2319 1545 2471 1599 illum
2492 1542 2713 1599 nomine
2739 1543 3123 1607 nuncupasset.
3146 1526 3239 1587 Est
3253 1530 3396 1586 enim
3416 1529 3531 1582 baac
3551 1526 3625 1580 illi
3644 1522 3846 1577 Pauline

2322 1637 2517 1695 similis
2554 1631 2918 1702 interpellatio
2946 1644 2971 1684 :7
2991 1626 3175 1699 Satrio,
3228 1638 3324 1677 cur
3348 1637 3431 1675 me
3456 1615 3761 1689 persequeris
3779 1613 3847 1666 ’⁸7

2324 1745 2423 1786 cur
2450 1744 2561 1783 non
2586 1723 2843 1797 perdendi
2868 1721 3041 1791 ipsius
3073 1731 3237 1773 causa
3269 1730 3330 1770 se
3354 1715 3432 1769 illi
3463 1706 3844 1766 oﬂ'erretlesus.

2327 1822 2652 1889 nomineque
2679 1814 3048 1884 compellaret,
3082 1810 3177 1866 sed
3223 1816 3284 1861 ut
3316 1806 3385 1860 ad
3424 1815 3726 1860 sermonem
3773 1812 3849 1853 et-

2326 1914 2773 1979 cusationemque
2798 1910 3137 1978 prouocaret.
3170 1900 3310 1954 Tum
3337 1898 3501 1951 etiam
3533 1894 3579 1949 si
3618 1908 3709 1961 per
3742 1904 3850 1944 cau-

2327 2021 2447 2064 sam
2469 2000 2726 2074 perdendi
2754 1999 2860 2054 illis
2888 1993 3252 2066 apparuisset,
3292 1990 3479 2056 utique
3524 1981 3850 2051 perdidisset;

2326 2096 2411 2152 vel
2443 2072 2615 2164 aquis,
2649 2100 2709 2146 ut
2746 2090 2922 2160 prisca
2978 2085 3092 2139 Noe
3140 2080 3337 2137 szrcula
3391 2078 3462 2142 ",
3515 2074 3600 2131 vel
3648 2072 3775 2141 igne,
3812 2076 3859 2121 ut

2331 2159 2650 2242 Sodomitas
2683 2159 2759 2241 ".7
2812 2179 2895 2232 vel
2939 2186 3081 2230 terra
3115 2170 3446 2231 dehiscente,
3482 2173 3542 2217 ut
3592 2159 3857 2215 Dathanam

2330 2290 2385 2338 et
2416 2279 2711 2335 Abirouem
2743 2273 2787 2305 "
2816 2289 2830 2336 ;
2878 2276 3031 2324 erant
3058 2265 3202 2320 enim
3231 2260 3497 2332 ejusmodi
3532 2254 3703 2311 exitio
3724 2248 3859 2321 primi

2334 2381 2584 2444 parentes
2627 2379 2844 2437 quoque
2879 2362 2989 2430 iam
3042 2368 3155 2414 tum
3196 2353 3367 2423 digni,
3402 2349 3603 2444 quippe
3629 2346 3720 2416 qui
3744 2341 3861 2444 salu-

2334 2430 2437 2518 iari
2465 2430 2712 2516 doctrina
2754 2430 2980 2523 reiecta,
3012 2445 3369 2519 perniciosam
3399 2439 3617 2495 fuerant
3634 2430 3862 2523 amplexi,

2332 2562 2390 2608 et
2420 2564 2538 2606 eam
2561 2563 2682 2617 qua:
2711 2521 2834 2600 cum
2864 2542 2957 2597 Dei
2993 2539 3161 2595 verbo
3186 2547 3435 2605 prorsum
3463 2527 3758 2599 pugnabat.
3789 2521 3865 2576 Di-

2335 2649 2483 2700 xerat
2520 2639 2665 2696 enim
2685 2636 2827 2690 Deus
2869 2651 2883 2686 :
2940 2630 3110 2685 Horis
3166 2622 3463 2683 moriemini
3506 2634 3614 2689 qua
3647 2616 3732 2670 die
3772 2612 3868 2668 eds-

2336 2734 2455 2789 ritis
2502 2732 2567 2785 de
2609 2726 2830 2791 arbore;
2878 2723 2965 2776 ille
3001 2713 3131 2774 seio
3186 2714 3361 2771 alter:
3417 2708 3543 2764 Non
3580 2700 3868 2760 moriemini.

2408 2820 2509 2875 Dei
2559 2811 3004 2884 expostulationes
3076 2819 3192 2858 cum
3244 2800 3428 2871 primis
3475 2792 3873 2867 parentibus.-

2339 2912 2521 2981 Neque
2578 2918 2705 2981 vero
2730 2901 2903 2959 multa
2960 2898 3069 2951 Deo
3102 2893 3403 2951 defuissent
3458 2900 3582 2957 quas
3634 2883 3871 2937 adversus

2341 2977 2462 3061 illos
2490 2977 2754 3073 potuisset
2782 2994 2985 3054 dicere,
3017 2988 3063 3042 si
3092 2982 3443 3055 expostulare
3478 2987 3738 3046 tanquam
3764 2984 3871 3027 cum

687 3112 875 3151 νθτυω
901 3070 1061 3163 iustis
1087 3094 1155 3149 ιΙθ
1202 3070 1408 3171 causis,
1439 3092 1584 3149 hisce
1608 3102 1663 3147 et
1693 3091 1821 3147 aliis
1854 3070 2233 3164 interrogatio-
2266 3107 2309 3166 ο
2344 3070 2593 3151 hostibus
2620 3086 2869 3144 libuisset
2904 3119 2922 3145 ,
2966 3078 3126 3149 quale
3155 3088 3241 3130 est
3271 3072 3405 3127 illud
3432 3088 3446 3124 :
3480 3070 3562 3121 An
3614 3080 3721 3120 non
3772 3074 3877 3130 ego,

690 3189 853 3251 nibus
874 3201 1004 3244 usus
1060 3172 1147 3242 est~
1180 3203 1195 3240 :
1253 3184 1411 3242 Pater
1434 3185 1679 3253 quidem,
1713 3184 1769 3237 in
1799 3182 2022 3252 Veteri;
2066 3183 2237 3241 Filius

695 3296 823 3334 vero
851 3277 905 3333 in
932 3276 1082 3333 Novo
1113 3277 1474 3332 Testamento.
1508 3275 1768 3342 Quamvis
1804 3275 1951 3339 enim
1984 3276 2239 3332 dominus

700 3372 953 3429 Severus.
996 3372 1050 3423 et
1092 3367 1420 3425 Pbilosenus
1470 3368 1656 3423 multis
1687 3368 1740 3420 iu
1793 3367 1929 3421 locis
1973 3363 2243 3423 aiilrment

695 3460 887 3514 Fdium
916 3459 1081 3515 fuisse
1107 3459 1198 3526 qui
1240 3467 1294 3514 et
1321 3458 1375 3513 in
1412 3456 1587 3513 Veteri
1638 3466 1691 3512 et
1720 3455 1868 3511 Novo
1899 3456 2244 3513 Testamento

697 3549 1015 3607 mortalibus
1048 3546 1295 3617 apparuit
1321 3562 1487 3615 seque
1515 3546 1765 3602 exhibuit
1797 3545 2241 3614 conspiciendum

698 3640 952 3707 (Severus
974 3638 1140 3699 enim,
1172 3639 1227 3691 in
1277 3652 1342 3690 eo
1367 3651 1619 3690 sermone
1645 3643 1805 3705 quem
1854 3637 1920 3689 de
1976 3634 2245 3691 Geuitrice

699 3730 791 3787 Dei
820 3730 1140 3799 composuit,
1172 3729 1277 3783 ait:
1327 3726 1562 3783 Verbum
1613 3728 1754 3782 enim
1787 3726 1876 3781 Dei
1913 3727 2086 3782 Patris
2131 3738 2247 3783 erat

700 3821 843 3890 quod
882 3835 1041 3889 super
1082 3819 1366 3893 sublimem
1404 3827 1640 3873 montem
1672 3817 1825 3872 Sinai
1864 3818 2245 3883 descendebat,

706 3923 765 3966 ut
788 3912 949 3966 ferret
977 3911 1145 3981 legem
1178 3910 1402 3975 mundo,
1444 3918 1589 3975 etc.;
1630 3909 1723 3963 alii
1781 3919 1955 3963 tamen
2010 3913 2247 3978 probatae

701 4005 959 4061 doctrinae
988 4003 1230 4071 magistri
1248 4002 1557 4056 existimare
1583 4002 1810 4064 malunt,
1836 3999 2001 4056 Deum
2032 3998 2246 4055 Patrem

704 4100 757 4151 in
790 4094 969 4150 Veteri
1002 4095 1133 4164 (23),
1158 4093 1350 4149 Filium
1376 4108 1502 4147 vero
1524 4093 1578 4149 in
1604 4090 1755 4146 Novo
1790 4094 2124 4160 apparuisse.
2145 4092 2248 4147 Sed

708 4199 795 4241 tua
833 4195 970 4249 esto,
1004 4186 1189 4247 lector,
1222 4182 1571 4247 existimatio,
1603 4191 1783 4237 utrum
1845 4183 2038 4237 borum
2064 4184 2250 4240 verius

706 4281 777 4333 sit
810 4278 1061 4346 quodque
1094 4275 1262 4344 magis
1298 4274 1629 4345 probaveris,
1664 4274 1714 4327 id
1746 4273 2093 4343 amplectitor
2120 4275 2248 4327 reti.

709 4380 937 4437 ueloque
978 4366 1191 4435 quando
1223 4366 1487 4419 utrumvis
1512 4364 1787 4433 probabile
1819 4373 1901 4419 est
1955 4365 2245 4419 credibile:

2343 3185 2585 3256 improbe
2613 3179 2839 3241 Adame,
2879 3184 2929 3229 te
2948 3168 3162 3227 condidi
3188 3165 3253 3223 ex
3286 3175 3429 3219 terra
3479 3160 3547 3215 ad
3570 3154 3878 3212 meamima-

2347 3247 2527 3350 ginem
2554 3281 2611 3328 et
2651 3265 3092 3335 similitudinem,
3122 3258 3366 3325 meisque
3398 3262 3451 3308 te
3486 3247 3736 3303 manibus
3757 3255 3875 3298 coa-

2344 3336 2594 3428 formari,
2630 3372 2684 3418 ct
2704 3371 2926 3414 uxorem
2950 3352 3073 3409 dedi
3113 3351 3234 3404 vitae
3278 3354 3386 3403 tua:
3425 3336 3876 3400 subsidiumian-

2344 3478 2455 3518 non
2487 3459 2541 3513 in
2574 3452 2828 3526 paradiso
2878 3458 2929 3503 te
2976 3441 3241 3500 collocavi
3264 3437 3519 3494 omnibus
3562 3429 3768 3487 deliciis
3811 3438 3880 3477 re-
3966 3412 3971 3479 ἶ

2345 3552 2485 3606 [crto
2509 3548 2532 3601 ἲ
2562 3558 2742 3601 annon
2768 3547 2933 3608 caput
2966 3538 3459 3603 imperatoremque
3490 3534 3542 3580 te
3567 3536 3750 3583 rerum
3779 3530 3878 3572 om-
3970 3570 3971 3573 η

2346 3645 2497 3698 nium
2526 3652 2647 3709 qua:
2688 3635 2744 3688 in
2788 3630 2946 3684 terris
2990 3635 3136 3688 sunt,
3170 3617 3477 3679 constitui?
3503 3613 3634 3685 quid
3658 3618 3878 3676 estergo

2347 3750 2445 3792 cur
2469 3747 2556 3787 me
2576 3722 2973 3783 criminareris,
3012 3711 3504 3776 columniatorique
3550 3718 3713 3761 aures
3767 3712 3883 3771 νινε·
3970 3754 3971 3759 η

2347 3821 2546 3881 heres?
2575 3818 2773 3872 Verum
2808 3825 3032 3883 prorsus
3062 3823 3166 3861 non
3195 3799 3495 3861 infremuit,
3524 3797 3619 3852 sed
3658 3790 3879 3849 suaviter

2349 3878 2414 3972 ac
2443 3878 2635 3969 blande
2662 3878 2935 3978 appellans
2964 3919 2977 3955 :
3026 3890 3249 3961 Adams,
3280 3892 3476 3962 inquit,
3528 3887 3616 3942 ubi
3658 3901 3710 3939 ea
3754 3882 3778 3936 2
3807 3878 3883 3933 nio

2292 4056 2295 4061 .
2351 4006 2549 4062 mirum
2579 4011 2636 4055 ut
2666 3992 3003 4066 colloquendi
3035 3988 3286 4046 ﬁduciam
3316 3983 3416 4053 ipsi
3448 3980 3647 4035 iaceret
3680 3993 3694 4030 :
3725 3981 3887 4027 osten-

2352 4098 2609 4163 deretque
2642 4104 2702 4147 se
2744 4088 2893 4143 illum
2926 4098 3032 4137 non
3057 4081 3166 4151 jam
3195 4076 3412 4133 insolito
3449 4078 3664 4139 aspectu
3691 4075 3883 4118 vocare.

2352 4158 2690 4256 Quapropter
2746 4178 2864 4247 ipsa
2902 4174 3059 4228 etiam
3088 4183 3217 4221 voce
3245 4166 3515 4220 animatus
3559 4158 3790 4223 Adaprus
3817 4163 3890 4203 re-

2356 4248 2784 4351 spondit—dicens
2827 4286 2842 4322 :
2886 4267 3066 4321 Vocem
3097 4274 3239 4315 tuam
3263 4257 3437 4311 audivi
3468 4255 3520 4307 in
3566 4248 3824 4320 paradiso,
3848 4251 3887 4295 et

2356 4336 2459 4427 ridi
2492 4372 2629 4438 quod
2665 4364 2832 4418 nudus
2861 4373 3047 4421 essent,
3100 4361 3252 4421 atque
3312 4344 3567 4402 occultavi
3623 4356 3721 4393 me.
3766 4336 3887 4387 Duas

712 4475 814 4512 una
842 4466 924 4514 est
976 4430 1116 4511 enim
1152 4430 1664 4523 eademquc‘Patris,
1691 4462 1744 4507 et
1776 4452 1893 4506 Filii
1924 4462 1979 4506 et
2015 4452 2236 4521 Spiritu:

2358 4459 2802 4519 rcdditAdamus
2852 4468 2911 4507 se
2975 4443 3275 4503 occultandi
3334 4440 3609 4491 rationes:
3662 4430 3885 4485 alteram.

711 4552 885 4605 sancti
933 4561 1142 4611 natura,
1178 4564 1240 4601 ac
1273 4548 1522 4599 voluntas
1563 4560 1692 4607 una,
1724 4561 1937 4615 unaque
1972 4546 2253 4613 operatio;

711 4645 805 4698 sed
850 4652 957 4696 tres
1013 4655 1250 4709 persona
1288 4638 1569 4692 distinctm.
1612 4637 1778 4707 Igitur
1814 4647 1871 4689 ut
1914 4652 1977 4690 eo
2012 4638 2151 4691 unde
2177 4639 2257 4691 di-

714 4735 881 4803 gressi
916 4747 1123 4795 sumus,
1154 4732 1333 4784 redeat
1363 4730 1561 4792 oratio,
1638 4744 1742 4781 non
1785 4738 1997 4797 propter
2046 4730 2257 4797 ignora-

716 4828 938 4887 tionem,
964 4826 1055 4877 sed
1097 4824 1230 4876 alias
1273 4823 1342 4875 ob
1395 4836 1587 4874 causas
1623 4820 1897 4888 qua-rebat
1932 4836 1994 4873 ex
2052 4822 2257 4875 Adatno

718 4918 876 4981 Deus,
914 4916 1129 4971 ubinam
1167 4924 1342 4977 esset;
1382 4914 1635 4965 nimirum
1674 4922 1730 4964 ut
1762 4911 1863 4979 ipsi
1901 4928 2057 4965 suum
2112 4928 2257 4965 erro-

719 5026 830 5063 rem
868 5011 935 5062 ob
977 5010 1161 5063 oculos
1207 5016 1446 5076 poneret,
1515 5004 1733 5073 peninle
1787 5020 1850 5058 ac
1903 5009 1947 5059 si
2007 5007 2257 5060 diceret:

717 5102 998 5167 Quomodo
1042 5101 1175 5167 agis,
1206 5097 1449 5151 Adame?
1477 5106 1761 5163 aperiesne
1781 5097 1969 5150 oculos
1993 5097 2179 5157 habes,
2205 5106 2260 5149 ut

720 5208 770 5249 te
804 5195 1105 5248 lmbituuum
1141 5192 1381 5260 promisit
1420 5190 1677 5257 serpens?
1718 5205 1781 5240 an
1815 5189 1974 5240 etiam
2009 5206 2135 5241 nunt
2162 5206 2261 5243 ca:-

723 5306 815 5341 cns
860 5304 916 5339 cs
968 5295 1154 5337 contra
1209 5292 1364 5349 atque
1403 5282 1490 5333 ille
1542 5290 1623 5333 est
1682 5281 2106 5347 pollicitus?ubi
2160 5282 2262 5334 es?

724 5378 917 5430 [lg-inde
951 5396 961 5429 :
999 5376 1195 5428 Locum
1220 5374 1327 5440 jam
1363 5374 1571 5425 obtines
1624 5387 1719 5439 pro
1752 5371 2010 5438 serpentis
2041 5373 2261 5439 prornis-

2352 4556 2478 4626 quia
2506 4549 2740 4606 timuerit
2764 4564 2778 4601 :
2799 4548 2899 4599 hoc
2926 4541 3069 4595 enim
3090 4537 3187 4591 sibi
3219 4532 3330 4585 vult
3350 4543 3516 4582 vocem
3546 4534 3707 4584 tuam,
3727 4520 3775 4572 id
3800 4524 3886 4572 est.

2356 4642 2633 4712 strepitum
2664 4641 2909 4693 incessus
2940 4631 3038 4691 tui,
3077 4626 3253 4681 audivi
3286 4622 3336 4674 in
3374 4616 3656 4688 paradiso;
3686 4610 3900 4664 alteram.

2356 4702 2480 4807 quia
2532 4730 2782 4803 puducrit
2824 4727 2971 4779 illum
3007 4716 3286 4774 nuditatis.
3330 4710 3432 4765 Sed
3466 4709 3580 4762 hanc
3618 4702 3740 4758 Adae
3771 4711 3886 4767 apo-

2356 4829 2493 4898 logia
2531 4821 2876 4878 excusatione
2907 4816 3059 4883 plane
3092 4808 3389 4876 improbata
3430 4807 3532 4862 est,
3566 4808 3685 4849 cum
3718 4797 3770 4844 et
3793 4800 3887 4840 rne-

2371 4931 2454 4974 tus
2491 4919 2579 4970 ille
2613 4926 2661 4965 et
2692 4913 2805 4979 ipsa
2836 4906 3045 4959 nuditas
3072 4902 3139 4954 ob
3170 4899 3421 4950 violatam
3444 4906 3483 4942 -a
3509 4903 3567 4941 se
3593 4888 3753 4954 legem
3780 4891 3887 4932 eve-

2366 5011 2566 5065 nerint.
2599 5004 2661 5056 Et
2691 4966 2764 5051 ait
2798 4998 2863 5049 ad
2895 4995 3039 5047 illum
3073 4989 3325 5043 Dominus
3358 4997 3375 5034 :
3419 4978 3546 5043 Quis
3581 4966 3888 5029 ostendittii'i

2365 5102 2501 5170 quod
2532 5096 2700 5148 nudus
2740 5092 2809 5142 sis
2836 5089 2859 5139 ?
2912 5086 3091 5151 Neque
3119 5081 3223 5133 hoc
3261 5076 3550 5139 interrogat
3585 5075 3643 5119 ut
3672 5063 3887 5132 ignaros.

3498 5162 3508 5170 .
3569 5159 3582 5170 .
3691 5162 3703 5170 ,
3738 5167 3751 5170 _
3780 5150 3793 5170 ,
3817 5162 3864 5170 η

2368 5150 2460 5245 sed
2495 5198 2551 5239 ut
2591 5200 2679 5252 per
2710 5184 2871 5249 culpa:
2902 5174 3295 5229 confessionem
3326 5165 3471 5218 illum
3498 5159 3709 5213 inducat
3732 5150 3795 5204 ad
3817 5162 3887 5200 rc.

2371 5279 2776 5350 prehensionmn
2841 5273 3067 5325 libenter
3115 5260 3455 5323 suaviterque
3506 5242 3884 5304 admittendam.

2370 5368 2533 5433 Quasi
2571 5368 2711 5419 dicat
2745 5383 2756 5415 2
2789 5358 2962 5411 Fuisti
3016 5352 3228 5420 quidem
3259 5357 3472 5411 semper
3510 5338 3699 5399 nudus,
3734 5338 3888 5395 neque

811 5489 1003 5540 “Gen.
1043 5504 1114 5549 IV,
1157 5486 1208 5539 0.
1289 5486 1333 5513 “
1362 5482 1535 5534 Exod.
1570 5498 1642 5540 tv,
1670 5480 1721 5531 ἓ.
1800 5482 2060 5536 “Jun-nt.
2106 5500 2141 5544 l,
2188 5485 2236 5533 l2

2374 5477 2536 5529 "Joh
2588 5492 2622 5535 r,
2662 5475 2711 5525 7.
2789 5473 2830 5501 ⁵⁸
2859 5468 3039 5519 Matth.
3080 5480 3165 5523 xv,
3204 5458 3303 5549 5.5.1
3400 5454 3445 5485 “
3468 5438 3881 5549 M'atthkxn,‘ij.

2834 5540 2845 5549 '
2949 5538 2988 5549 ⁸·
3026 5536 3058 5549 -‘
3199 5533 3225 5547 -ο
3350 5538 3475 5549 nm...
3665 5530 3747 5549 ,οη
3872 5546 3881 5549 _

842 5516 1003 5540 θυι-11.
1044 5516 1114 5549 n,
1158 5516 1208 5539 υ.
1362 5516 1535 5534 sanun.
1572 5516 1642 5540 ιν,
1673 5516 1721 5531 ι..
1864 5516 2060 5536 σιιπιιι,
2109 5516 2117 5533 ι
2188 5516 2236 5533 ,μ

726 5564 764 5585 "
813 5560 998 5610 Matth.
1068 5573 1195 5617 .\\ll,
1254 5554 1339 5607 Eli.
1420 5552 1641 5602 “Marc.
1687 5566 1737 5611 γ,
1773 5553 1822 5604 9.
1900 5524 2236 5615 “9Jo'iit.'x't,

2344 5590 2355 5602 .
2444 5551 2488 5578 ⁷ο
2535 5519 2650 5598 Act.
2698 5560 2772 5603 ix,
2824 5540 2872 5592 4.
2949 5516 3164 5590 1i'tjen.’
3199 5533 3248 5591 7,
3288 5527 3306 5577 ι
3349 5538 3499 5590 seqq.
3577 5516 3884 5568 "Gemma.

724 5629 904 5683 9‘25,
980 5628 1022 5655 ⁷³
1058 5624 1211 5677 Num.
1267 5640 1373 5685 Ml.
1440 5626 1452 5675 Ι
1502 5637 1649 5687 S("N-

797 5698 908 5759 ιὲὗὶ
972 5695 1239 5747 Christum
1289 5694 1514 5744 Aluntba:
1572 5685 1744 5741 ίίδιιιη
1810 5696 1861 5737 et
1922 5685 2265 5759 i_ullorttttit:t,

729 5765 798 5821 Ge
828 5788 853 5817 I.
894 5784 985 5818 aut
1024 5766 1249 5832 disputat
1287 5764 1523 5816 .lusltnth
1560 5770 1759 5826 lti.ttl}t‘
1787 5774 1835 5809 ιιι
1871 5751 2129 5822 (Pilnquh)
2161 5770 2276 5805 utrm

2377 5678 2688 5743 'l't'yphotn".
2726 5670 2919 5723 l‘ltzst‘h.
2957 5666 3151 5743 lira/es.
3201 5664 3357 5743 Hist.
3398 5677 3470 5719 xl,
3502 5659 3598 5743 Ilib.
3634 5671 3663 5708 tt
3691 5648 3887 5743 defit:

2385 5720 2721 5802 t:-.'..'.~..;.~.n.~{n
2753 5761 2762 5801 ;
2809 5743 2895 5792 ἰὼ.
2933 5756 2943 5789 ι
2975 5756 3008 5790 ι.
3045 5738 3108 5787 ω)
3153 5745 3202 5787 ct
3243 5735 3326 5797 iii,
3364 5744 3412 5785 et
3466 5729 3696 5799 pictique
3727 5720 3829 5775 alii.
