4010 6528
134 462 208 523 εδει
1209 454 1308 513 DE
1348 449 1688 511 PARADISI

1795 470 1860 483 κ
1900 449 2089 511 PARS
2134 452 2181 510 Ι.

3201 443 3309 502 566

134 580 268 622 tamen
290 572 342 619 te
374 562 493 633 eius
530 560 717 633 puduit
752 571 875 617 ante
902 560 1025 627 bac,
1067 561 1196 630 quid
1229 572 1311 617 est
1338 575 1465 629 ergo
1494 560 1635 628 quod
1668 567 1711 619 Α
1808 560 1916 615 Cur
1947 560 2085 615 Deus
2107 570 2390 628 serpentem
2413 578 2514 613 non
2549 554 3195 627 interrogaremt.—-l\ull;t
3224 554 3321 620 igi-

135 672 239 712 nunc
260 655 391 710 adeo
415 655 729 717 erubescas,
754 662 914 722 atque
941 652 1169 708 timeas?
1200 651 1253 705 Ν
1257 668 1341 705 um
1364 652 1428 707 de
1461 651 1647 703 arbore

130 752 179 804 de
201 765 283 818 qua
326 747 592 816 jusserunt
654 761 715 799 ne
769 745 967 808 edens,
1022 745 1178 797 edisti
1206 744 1231 796 γ
1281 742 1453 796 Etiam
1504 754 1648 795 nunc

134 840 266 910 pergit
317 847 506 907 pacate
544 852 666 892 cum
710 836 802 891 illo
830 836 1088 905 colloqui,
1135 832 1291 903 quasi
1336 833 1647 902 coniectura

134 931 342 1001 quapiam
378 930 537 983 modo
577 928 747 982 fretus
778 928 902 982 illud
951 928 1094 981 dicat
1127 925 1306 979 :Num
1353 925 1416 978 de
1446 924 1648 985 arbore,

132 1031 213 1075 etc.
254 1016 340 1073 Est
370 1028 548 1071 autem
583 1016 671 1070 hic
713 1014 1250 1071 animadvertendum
1280 1029 1344 1069 ex
1381 1014 1652 1082 ascriptis,

132 1122 207 1168 aut
228 1112 427 1179 duobus
451 1109 744 1180 punetulis,
793 1118 886 1165 aut
938 1123 1046 1164 uno
1092 1108 1227 1170 solo,
1265 1107 1332 1161 ad
1366 1108 1536 1162 illud:
1573 1105 1657 1160 Ne

132 1206 292 1267 ederet,
354 1202 657 1257 oralionem
710 1201 848 1255 banc
904 1200 986 1255 vel
1053 1198 1386 1263 aliitmative,
1433 1213 1529 1269 per
1583 1197 1667 1251 in-

134 1294 517 1364 terrogationem
545 1292 723 1348 efferri
762 1307 939 1361 posse.
979 1290 1245 1347 Ceterum
1294 1292 1549 1347 dominus
1583 1291 1656 1344 E-

134 1388 290 1455 phrem
334 1393 389 1437 et
421 1385 511 1454 qui
565 1393 687 1438 cum
744 1384 862 1451 ipso
890 1382 1150 1446 sentiunt,
1182 1397 1247 1437 ex
1308 1381 1391 1435 bis
1418 1388 1472 1436 et
1510 1379 1663 1434 simi-

135 1478 248 1531 libus
274 1476 456 1530 verbis
488 1474 835 1543 singulariter
879 1474 945 1528 ad
974 1474 1237 1527 Adamum
1269 1472 1426 1527 iactis
1470 1472 1664 1527 conﬁci

137 1575 313 1635 putant,
349 1566 449 1637 soli
478 1568 686 1621 Adamo
732 1566 1046 1633 imperatam
1080 1581 1109 1619 a
1160 1565 1267 1619 Deo
1321 1564 1491 1635 legem
1522 1579 1665 1626 esse,

134 1674 333 1728 eamque
361 1659 535 1728 ipsum
574 1655 767 1712 deinde
790 1655 916 1710 Eva:
944 1657 1097 1709 uxori
1152 1654 1447 1720 retulisse;
1480 1668 1668 1707 verum

130 1752 206 1806 alii
244 1750 586 1820 respondent,
624 1748 790 1803 Deum
845 1748 949 1802 sub
993 1747 1125 1801 Adae
1150 1760 1376 1815 persona
1408 1760 1529 1800 cum
1560 1744 1668 1798 Eva

132 1857 324 1912 quoque
355 1840 611 1910 colloqui,
646 1855 744 1909 pro
776 1839 1069 1908 Scriptum
1124 1852 1274 1893 more
1306 1857 1320 1891 :
1348 1836 1541 1890 Beatus
1595 1835 1674 1889 vir

129 1931 305 2002 (inquit
346 1931 537 2002 David)
587 1932 675 1999 qui
723 1944 823 1982 non
854 1927 1137 1982 ambulavit
1188 1944 1280 1997 per
1308 1928 1446 2002 viam
1476 1928 1677 1995 impro-

132 2000 376 2080 borum“.
402 2000 533 2090 Quis
561 2036 687 2076 vero
710 2037 815 2075 non
853 2020 939 2077 liie
958 2036 1073 2074 eam
1101 2000 1486 2076 beatitudinem
1521 2034 1677 2090 teque

132 2113 188 2169 ad
218 2111 465 2168 mulieres
492 2120 736 2181 spectare
772 2109 960 2164 dicati
984 2110 1243 2164 nimirum
1280 2109 1401 2163 ideo
1432 2108 1529 2163 viri
1562 2123 1683 2177 per—

140 2220 257 2261 sona
290 2200 543 2258 libentius
592 2201 755 2255 utitur
785 2200 1090 2270 Scriptura,
1144 2202 1287 2269 quod
1317 2203 1397 2254 vir
1434 2200 1683 2255 mulieris

130 2292 277 2365 caput
309 2285 424 2349 sit:
460 2291 526 2345 Et
558 2292 631 2345 ait
662 2291 834 2343 Adam
874 2305 894 2344 :
953 2288 1145 2343 Mulier
1193 2306 1350 2358 quam
1392 2290 1683 2344 attribuisti

132 2386 245 2441 milli
264 2386 378 2454 ipsa
406 2384 551 2438 dedit
582 2383 711 2467 mihi
747 2384 809 2436 de
841 2384 1049 2445 arbore,
1084 2391 1135 2437 et
1169 2382 1389 2436 comedi.
1455 2382 1686 2437 Prorsus

132 2492 255 2531 vana
276 2486 426 2532 estet
454 2475 635 2530 inanis
653 2474 812 2527 etiam
834 2474 945 2527 hinc
973 2473 1165 2527 Adami
1189 2473 1434 2528 defensio
1457 2491 1471 2538 ;
1491 2473 1689 2547 quippe

133 2587 229 2640 qua
250 2569 475 2624 minime
504 2583 613 2638 pra:
657 2582 717 2622 se
743 2566 846 2621 fert
883 2565 1178 2620 demissum
1237 2566 1689 2634 bumiliatumque

131 2661 385 2723 animum,
412 2662 505 2715 sed
542 2660 595 2714 in
632 2659 805 2728 ipsum
840 2658 1238 2726 quodammodo
1274 2656 1443 2711 Deum
1473 2655 1687 2726 culpam

128 2752 333 2818 avertit,
365 2751 522 2822 quasi
553 2750 697 2804 dicat
724 2767 737 2803 :
785 2748 978 2803 Mulier
1007 2763 1166 2818 quam
1201 2756 1255 2801 tu
1284 2747 1425 2817 apud
1461 2763 1547 2802 me
1570 2762 1691 2803 esse

135 2843 360 2905 voluisti,
388 2856 451 2896 ea
494 2841 623 2895 mihi
644 2855 807 2895 causa
841 2840 941 2893 fuit
971 2835 1311 2894 transiliendi
1344 2839 1536 2907 legem,
1565 2836 1689 2892 illa-

133 2950 230 3002 que
262 2934 457 2988 arbore
490 2932 763 2987 vescendi.
799 2929 901 2984 Sed
960 2933 1221 2984 adversus
1272 2929 1405 2996 lucc,
1439 2927 1607 2983 multa
1658 2943 1690 2981 a

136 3022 239 3078 Deo
269 3023 336 3077 ad
373 3023 524 3077 illum
583 3021 919 3091 arguentium
976 3019 1083 3074 dici
1124 3020 1468 3090 potuissent};
1540 3018 1690 3075 verbi

129 3112 291 3182 gratia
320 3128 336 3166 :
370 3111 489 3166 Non
524 3110 650 3180 quia
694 3110 973 3165 mulierem
1002 3122 1105 3181 ego
1132 3108 1228 3164 tibi
1268 3108 1513 3179 adiunxi,
1543 3110 1691 3178 iusta

1760 666 1844 708 tur
1878 654 2016 722 apud
2052 661 2377 721 serpentem,
2400 653 2499 704 hoc
2518 658 2619 713 est,
2655 650 2937 708 Satanam,
2968 648 3133 700 utitur
3158 646 3322 699 illlt‘l"

1759 748 2062 817 rogatione,
2097 760 2200 815 qua
2249 744 2317 799 ad
2350 758 2408 798 se
2440 742 2807 797 excusandum
2858 740 2947 793 ille
2986 748 3319 806 plO‘OCt'lUl'.

1762 856 1825 897 ac
1856 843 1927 895 ita
1986 839 2200 894 tandem
2263 839 2539 907 iudicetur
2596 837 3113 900 condcnuieturquc,
3169 832 3319 884 siculi

1758 932 1895 1001 apud
1956 930 2221 986 Adatnum
2285 939 2339 985 et
2415 928 2578 981 Evam
2664 941 2797 980 usus
2878 926 3075 981 fuerat.

1768 1027 1907 1079 hanc
1938 1034 2193 1094 putamus
2216 1022 2364 1076 reddi
2402 1020 2562 1090 posse
2615 1019 2881 1073 rationem
2912 1033 2926 1082 ;
2967 1018 3088 1084 quia
3123 1016 3328 1068 Adamn

3155 923 3323 990 Cujus

1769 1118 2033 1186 uxorique
2074 1116 2227 1171 locus
2278 1121 2395 1167 erat
2434 1111 2785 1182 ptenitentitc,
2840 1122 2903 1162 ac
2954 1107 3009 1160 in
3068 1105 3332 1174 serpentis

1769 1209 2137 1277 daemonisque
2166 1205 2392 1260 arbitrio
2421 1218 2529 1257 non
2584 1210 2703 1257 erat
2745 1208 2804 1253 ut
2838 1198 3100 1269 pmnitere
3134 1205 3333 1264 posset.

1772 1304 1940 1358 Porro
1975 1300 2144 1354 multa
2190 1300 2276 1353 ltic
2316 1297 2482 1365 quzeri
2542 1295 2741 1359 solent,
2789 1292 3095 1359 cuiusmodi
3160 1298 3333 1343 sunt:

1774 1385 2103 1449 i’raeditusne
2157 1391 2301 1445 fatnli
2342 1388 2596 1445 l‘acultate
2653 1401 2682 1440 a
2730 1384 2860 1447 Deo,
2908 1396 3130 1449 serpens
3185 1381 3335 1435 locu-

1776 1495 1863 1541 tus
1895 1487 1985 1550 sit,
2022 1499 2088 1537 an
2129 1482 2359 1537 Satanas
2396 1482 2532 1533 intra
2588 1484 2893 1546 serpentem
2945 1476 3146 1535 latens,
3209 1487 3331 1525 cum

1777 1581 1865 1635 ille
1916 1580 2056 1632 hunc
2092 1583 2284 1645 suopte
2314 1574 2550 1628 arbitrio
2582 1568 2961 1636 subterfugere
2996 1564 3265 1634 nequiret,
3290 1574 3345 1614 ut

1779 1685 1887 1724 non
1921 1668 2022 1740 ipsi
2050 1683 2147 1738 pro
2187 1668 2546 1720 instrumento
2584 1670 2747 1715 esset.
2782 1657 2861 1711 Ad
2896 1656 3021 1718 hoc,
3081 1669 3179 1708 cur
3238 1668 3343 1707 non

1780 1771 2090 1816 exsecratus
2114 1758 2187 1831 sit
2214 1755 2357 1811 Deus
2385 1755 2662 1818 Satanam,
2692 1761 2748 1805 ut
2772 1758 3100 1817 serpentem.
3122 1742 3347 1797 Prmtcr-

1780 1868 1866 1917 ea,
1915 1857 2015 1906 cur
2057 1848 2255 1913 Moses,
2304 1862 2428 1901 cum
2463 1846 2605 1899 hunc
2634 1841 2830 1897 librum
2878 1838 3066 1893 multis
3094 1844 3211 1906 post
3248 1849 3350 1888 sa:-

1782 1942 1922 1998 culis
1953 1938 2359 2008 conscripserit,
2386 1937 2606 2006 quando
2635 1935 2746 2003 iam
2788 1941 2899 1986 tum
2936 1927 3069 1983 satis
3102 1924 3351 1995 cognitus

1784 2042 1903 2089 erat
1931 2031 2253 2086 mortalibus
2280 2027 2530 2092 Satanas,
2567 2040 2672 2080 non
2694 2024 2841 2079 clare
2867 2019 3069 2074 dixerit
3095 2017 3353 2071 Satanam

1785 2124 1956 2179 fuisse
1987 2123 2081 2192 qui
2103 2122 2242 2176 intra
2262 2127 2567 2189 serpentem
2594 2111 2967 2184 loquebatur?
2994 2109 3086 2165 sed
3123 2121 3231 2161 non
3255 2105 3355 2159 bas

1785 2225 1840 2271 et
1866 2215 2028 2284 huius
2065 2212 2278 2282 generis
2324 2211 2459 2265 alias
2491 2207 2819 2275 quaestiones
2851 2202 3015 2257 altius
3066 2197 3355 2264 investiga-

1790 2317 1874 2362 tas
1920 2305 2273 2360 dissolvimus
2311 2303 2453 2372 (cap.
2489 2300 2605 2366 27).
2642 2296 2843 2351 Verum
2876 2291 3094 2364 quando
3116 2284 3358 2356 suntqui

1789 2398 1932 2451 illam
1954 2413 1968 2449 :
1990 2394 2103 2449 Cur
2138 2409 2245 2448 non
2274 2398 2593 2445 exsecratus
2628 2388 2699 2442 sit
2732 2385 2872 2440 Deus
2906 2383 3167 2437 Satanam
3197 2376 3359 2433 sicuti

1788 2496 2118 2558 serpentem,
2154 2486 2349 2540 iterum
2380 2492 2545 2550 atque
2594 2480 2790 2533 iterum
2837 2482 3051 2545 urgent,
3090 2485 3189 2525 nos
3227 2480 3361 2537 pra)-

1790 2593 1937 2638 terca
1970 2596 2090 2649 quae
2131 2588 2254 2633 ante
2288 2573 2667 2645 respondimus
2702 2572 2805 2649 hoc
2835 2568 2999 2621 etiam
3040 2563 3236 2618 addere
3274 2561 3362 2615 hic

1791 2674 2081 2735 voluimus,
2133 2672 2299 2725 Deum
2340 2682 2449 2721 non
2509 2664 2690 2719 minus
2741 2646 3087 2714 nialedixisse
3140 2653 3357 2708 Salana:

1791 2781 1900 2820 non
1930 2761 2245 2833 aspectabili
2274 2774 2436 2829 quam
2468 2753 2706 2824 serpenti
2743 2752 2835 2823 qui
2885 2748 3057 2804 oculis
3089 2745 3363 2800 cerneba-

1792 2865 1898 2919 tur,
1922 2831 2079 2923 atque
2108 2848 2331 2920 perinde
2360 2844 2644 2901 iuliaesisse
2672 2838 3107 2896 exsecrationem
3137 2831 3365 2903 mystice

1792 2959 2101 3014 arcanaque
2135 2941 2318 3005 modo,
2356 2938 2444 2995 illi
2481 2945 2540 2991 ut
2570 2934 2697 2988 huic
2732 2940 2917 3000 aperte
2944 2938 2997 2982 et
3033 2928 3085 2980 in
3114 2925 3232 2993 ipso
3252 2937 3369 2977 cor-

1792 3052 1955 3109 pore;
2005 3012 2149 3102 quod
2181 3027 2487 3100 cuiusmodi
2516 3026 2589 3081 sit
2616 3022 2779 3079 velim
2818 3028 2869 3074 te
2897 3017 3038 3087 apud
3065 3025 3214 3069 tuum
3243 3012 3365 3065 ani-
3450 3048 3455 3053 ς

1795 3143 1941 3183 mum
1967 3126 2257 3197 pensitare.
2304 3118 2547 3176 Habebat
2574 3116 2717 3170 enim
2763 3114 2905 3167 Deus
2935 3117 3247 3179 serpentem
3275 3122 3364 3159 ve-

133 3204 223 3259 tibl
259 3203 401 3258 ratio
432 3211 547 3258 erat
577 3210 639 3256 ut
671 3202 718 3255 ei
756 3201 1094 3266 auscultans,
1123 3216 1241 3254 mea
1266 3200 1419 3271 iussa
1434 3200 1689 3256 violares.
1719 3216 1765 3279 ρ
1795 3221 1893 3276 imi
1931 3218 2167 3275 mede
2224 3218 2365 3271 ιηιει-
2427 3210 2683 3267 Samum
2744 3206 3062 3277 primosque
3112 3208 3367 3270 parentes

133 3294 264 3349 Tum
302 3295 348 3351 si
382 3305 476 3351 me
499 3306 722 3348 accusas
754 3292 876 3362 quia
908 3307 1133 3347 exorent
1157 3292 1253 3347 tibi
1276 3292 1420 3357 dedi,
1452 3308 1550 3346 cur
1585 3308 1692 3349 non

133 3384 317 3448 etiam,
346 3385 474 3454 quia
505 3394 555 3439 te
580 3383 847 3437 condidi?
879 3384 987 3438 nisi
1015 3384 1159 3438 enim
1197 3391 1251 3438 te
1278 3398 1556 3439 creassem
1585 3399 1692 3439 non

135 3490 440 3545 peccasses,
488 3475 615 3544 quia
660 3474 756 3536 tibi
789 3477 976 3529 oculos
1011 3475 1178 3529 indidi
1210 3474 1327 3529 sine
1357 3475 1554 3544 quibus
1588 3490 1693 3528 non

132 3582 253 3623 eras
286 3570 541 3623 arborem
574 3569 837 3624 visurus?
882 3570 1006 3639 quia
1055 3586 1249 3625 manus
1289 3566 1383 3624 tibi
1448 3567 1695 3638 apposui,

135 3656 247 3712 sine
278 3658 485 3727 quibus
520 3673 627 3712 non
661 3660 1026 3729 dccerpsisses
1055 3659 1246 3725 vetitos
1289 3658 1542 3713 fructus?
1570 3655 1697 3727 quia

136 3761 193 3801 os
228 3749 325 3802 tibi
355 3750 501 3813 dedi,
533 3748 651 3804 sine
685 3763 792 3817 quo
843 3765 950 3803 non
1001 3747 1251 3803 edissesl
1295 3748 1495 3801 [rustra
1537 3748 1700 3815 igitur

132 3837 219 3893 illa
244 3855 504 3904 excusas,
530 3854 653 3893 cum
687 3854 807 3893 eam
837 3840 1117 3893 mulierem
1144 3853 1325 3908 ,quam
1368 3837 1461 3892 tibi
1494 3838 1697 3893 sociam

132 3927 273 3993 dedi,
303 3929 385 3983 ita
409 3929 837 3997 comparaverim
874 3937 931 3983 ut
951 3927 1044 3982 tibi
1075 3939 1217 3983 esset
1244 3928 1299 3982 in
1325 3942 1511 3993 manu,
1542 3932 1702 3998 atque

132 4020 385 4089 suiecta;
416 4036 522 4074 non
563 4029 740 4075 autem
778 4031 836 4074 ut
854 4029 903 4073 te
936 4030 1165 4088 tuasque
1191 4018 1438 4074 actiones
1469 4030 1700 4089 regeret,

134 4112 596 4181 gubernaretque.
630 4109 749 4175 llis,
786 4108 1027 4179 inquam.
1056 4118 1217 4177 atque
1243 4109 1555 4177 huiusmodi
1584 4110 1704 4164 aliis

131 4202 315 4259 verbis
338 4203 687 4271 expostulare
734 4217 857 4256 cum
913 4202 1004 4255 illo
1050 4202 1343 4271 potuissset
1366 4201 1491 4270 iure
1517 4202 1699 4257 Deus:

134 4310 323 4350 verum
355 4296 616 4350 omnibus
641 4294 921 4358 abstinuit,
948 4296 1075 4364 quia
1113 4309 1217 4348 non
1268 4294 1705 4349 accusationibus

134 4397 449 4457 perterrere
474 4388 770 4455 hominem,
788 4376 878 4443 sed
907 4388 1100 4458 patrati
1121 4386 1377 4442 facinoris
1394 4387 1705 4457 ptenitentia

132 4489 405 4531 revocare
421 4476 670 4545 cupiebat
695 4491 712 4541 ;
754 4490 924 4546 quare
964 4492 1085 4530 tnox
1112 4477 1461 4545 quastionem
1492 4476 1559 4530 ad
1588 4491 1707 4530 mu-

130 4568 326 4624 lierem
382 4568 687 4633 convertit;
725 4569 805 4623 sic
838 4568 980 4623 enim
1027 4568 1313 4637 sequitur:
1373 4566 1440 4621 Et
1476 4569 1549 4621 ait
1601 4567 1708 4621 Do-

133 4662 307 4714 minus
322 4661 399 4715 ad
423 4659 685 4713 mulierem
712 4676 730 4712 :
747 4658 885 4724 Quid
902 4660 997 4712 hoc
1018 4668 1092 4712 est
1111 4658 1247 4729 quod
1267 4659 1479 4727 fecisti?
1499 4659 1708 4715 Rursus

132 4766 256 4805 eum
290 4750 454 4805 mulir
471 4765 528 4805 re
550 4765 766 4820 quoque
792 4766 900 4804 non
919 4751 1117 4805 acerbe
1140 4759 1301 4820 atque
1325 4751 1600 4815 iracunde,
1616 4752 1709 4805 sed

133 4846 319 4897 sedate
353 4852 415 4896 ct
449 4843 639 4896 blande
679 4843 917 4912 loquitur
978 4844 1136 4906 Deus,
1191 4859 1255 4898 ac
1306 4845 1461 4912 quasi
1497 4845 1711 4899 nescius

136 4936 775 5006 interrogatobeasdem
804 4938 1043 4990 rationes
1060 4953 1196 5004 quas
1221 4954 1397 5005 nuper
1420 4940 1487 4992 de
1505 4940 1710 4993 Adamu

138 5027 486 5096 interrogato
515 5026 837 5095 protulimus
861 5042 874 5079 :
905 5027 972 5079 Et
997 5030 1070 5081 ait
1102 5029 1292 5081 mulier
1318 5045 1337 5081 :
1366 5030 1587 5097 Serpens
1618 5032 1709 5084 de-

136 5119 268 5185 cepit
302 5134 415 5182 me,
449 5126 496 5171 et
524 5119 741 5170 comedi.
773 5118 961 5171 Mulier
986 5119 1127 5171 enim
1163 5119 1341 5173 Omnia
1367 5123 1598 5189 serpenti
1627 5138 1715 5177 as-

137 5210 320 5271 cribit,
352 5224 471 5261 non
522 5207 755 5270 Satanas,
783 5224 847 5262 eo
875 5212 1015 5278 quod
1040 5222 1341 5279 serpentem
1376 5214 1588 5281 quidem
1620 5217 1713 5283 qui

139 5313 197 5351 sc
226 5299 696 5368 interpellaverat,
732 5298 996 5364 nosceret’,
1039 5311 1091 5355 at
1120 5303 1373 5356 Satanam
1408 5304 1546 5358 intra
1600 5322 1715 5359 scr-

140 5397 363 5475 pentetn
405 5390 760 5455 occultatum,
797 5406 823 5442 a
864 5406 974 5462 quo
1028 5392 1206 5445 omnis
1246 5394 1541 5461 impostura
1590 5412 1715 5465 pro-

142 5492 413 5542 cesserat,
460 5482 747 5555 ignoraret,
779 5482 843 5534 Et
878 5485 953 5535 ait
988 5484 1234 5538 Dominus
1260 5489 1329 5539 ad
1384 5500 1667 5556 serpentem
1696 5504 1716 5542 :

142 5570 282 5632 Quia
308 5572 495 5640 fecisti
522 5572 636 5634 hoc,
655 5573 962 5626 maledictus
986 5590 1037 5627 es
1061 5590 1170 5641 pne
1196 5578 1337 5628 omni
1367 5580 1651 5642 animante,
1670 5590 1717 5633 et

144 5675 253 5723 pre
284 5662 443 5715 cauti
497 5662 655 5717 bestia
687 5666 821 5733 agri.

212 5853 261 5886 ⁷⁸
308 5854 473 5910 Psai.
514 5873 547 5917 I,
590 5858 646 5911 1.
726 5856 764 5884 ⁷³
809 5853 1000 5909 Etccb.
1052 5872 1109 5917 ll,
1164 5857 1244 5910 13.

1795 3308 2240 3367 intervenientem
2272 3321 2288 3369 ;
2320 3318 2446 3358 nam
2481 3300 2647 3357 sicuti
2693 3297 2745 3353 bi
2795 3311 2887 3365 per
2926 3298 3235 3362 serpentem
3284 3304 3369 3344 se-

1796 3400 1945 3457 ducti
2002 3407 2151 3464 sunt,
2219 3397 2289 3450 ita
2339 3394 2430 3450 ille
2482 3407 2577 3462 per
2632 3394 2939 3459 serpentem
2990 3381 3367 3459 exsecratione

1796 3494 2117 3566 perstrictus
2135 3500 2248 3557 est;
2270 3496 2323 3543 et
2340 3496 2398 3541 ut
2423 3499 2648 3555 serpens
2673 3481 2776 3537 fuit
2807 3478 3017 3535 Satanae
3040 3477 3371 3529 instrumen-

1797 3598 1911 3643 tum
1949 3584 2203 3639 illicieudl
2245 3582 2450 3651 primos
2501 3585 2751 3649 parentes
2802 3573 2866 3628 ad
2904 3569 3261 3640 peccandum,
3296 3567 3368 3619 ita

1798 3692 2086 3750 personam
2137 3689 2353 3745 quoque
2391 3672 2555 3739 gessit
2610 3668 2712 3723 sub
2743 3680 2852 3735 qua
2910 3662 3049 3717 Deus
3106 3660 3364 3715 Satanam

1795 3778 1884 3825 est
1907 3768 2229 3822 detestatus.
2264 3760 2694 3831 Utriqueigitur,
2723 3766 2777 3812 et
2811 3754 3043 3808 Satanas
3065 3759 3117 3804 et
3147 3762 3371 3816 serpens

1800 3857 2039 3912 divinam
2078 3850 2507 3907 exsecrationem
2546 3855 2673 3902 sunt
2707 3843 2873 3913 passi.
2909 3842 3039 3893 Nam
3076 3849 3135 3891 ut
3165 3839 3229 3890 ad
3258 3852 3373 3891 ser-

1802 3958 2015 4019 pentem
2048 3947 2250 3999 dictum
2280 3952 2397 3996 cst:
2436 3940 2752 3993 Maledictus
2786 3952 2839 3989 es
2884 3948 2994 4003 pra:
3028 3931 3170 3984 omni
3212 3930 3374 3981 bestia

1801 4051 1851 4095 et
1898 4043 2184 4101 animante,
2221 4051 2283 4089 ex
2313 4048 2535 4104 quorum
2569 4045 2782 4083 numero
2831 4037 2885 4079 tu
2921 4042 2992 4090 es,
3021 4024 3092 4077 ita
3117 4022 3377 4075 adversus

1804 4132 2059 4187 Satanam
2110 4126 2515 4197 pronuntiatum
2577 4136 2698 4175 esse
2762 4118 3181 4197 existimandum
3244 4120 3374 4167 est:

1807 4196 2121 4279 Maledictus
2148 4235 2205 4274 es
2221 4232 2327 4287 pra:
2344 4216 2597 4271 omnibus
2616 4196 2787 4282 copiis
2820 4209 3195 4280 spiritualibus
3214 4214 3378 4275 atque

1810 4313 2069 4383 angelicis
2097 4326 2161 4365 ex
2192 4324 2422 4379 quarum
2457 4320 2651 4375 genere
2678 4313 2735 4357 tu
2766 4318 2847 4357 es.
2867 4293 3196 4355 Anin'taliunt
3233 4299 3376 4351 cuitu

1810 4407 2027 4462 nomine
2060 4402 2240 4458 vocari
2277 4401 2328 4454 in
2366 4398 2647 4467 Scriptura
2682 4410 2836 4451 sacra
2865 4394 3054 4461 copias
3084 4391 3378 4460 angelieas,

1816 4498 2010 4566 aperte‘
2046 4499 2367 4562 arguuntea
2399 4486 2652 4542 animalia
2682 4500 2803 4556 qua:
2835 4483 2965 4537 vidit
2997 4480 3247 4535 Ezcclticl
3270 4480 3380 4532 "et

1814 4602 1954 4657 saepe
1984 4584 2107 4639 alibi
2131 4582 2386 4637 Satanam
2420 4577 2619 4633 animal
2642 4575 2967 4649 appellatum
2986 4587 3109 4627 esse
3140 4572 3191 4625 in
3213 4570 3382 4623 saetis

1811 4679 2028 4734 Litteris
2052 4686 2240 4730 notum
2261 4681 2361 4727 est.
2382 4671 2484 4725 Sed
2510 4686 2608 4724 cur
2635 4668 3031 4737 auspicatusest
3047 4654 3381 4718 exsecrati...-

1814 4789 1933 4827 nem
1957 4770 2097 4824 Deus
2115 4785 2145 4821 a
2165 4766 2397 4821 Salaria?
2416 4763 2665 4817 nimirum
2684 4760 2810 4828 quia
2839 4759 2925 4812 ille
2943 4759 3152 4827 primus
3168 4754 3384 4807 admisit

1818 4875 2101 4933 peccatum
2146 4860 2315 4928 prima
2348 4866 2430 4912 est
2456 4855 2646 4909 merito
2674 4851 3032 4905 detestatione
3066 4861 3380 4917 percussus.

1815 4954 2083 5008 Cteterum
2123 4958 2426 5017 serpentem
2462 4962 2523 4999 ex
2583 4946 2892 4997 animarum
2933 4954 3126 5008 genere
3187 4937 3378 4998 fuisse,

1820 5060 1926 5098 non
1963 5052 2141 5096 autem
2202 5040 2470 5107 reptilium
2520 5034 2705 5105 (quod
2744 5032 2961 5101 quidem
3011 5037 3380 5090 autumaverc,

1818 5151 1938 5188 cum
1966 5134 2108 5186 dicat
2135 5150 2149 5185 :
2186 5130 2503 5184 Maledictus
2526 5144 2632 5197 pra:
2661 5142 2799 5179 0mm
2826 5124 3094 5175 animante
3120 5135 3383 5173 memora-

1820 5229 1997 5282 vimus
2012 5227 2169 5281 etiam
2195 5242 2313 5294 cap.
2341 5239 2477 5277 XXII.
2502 5221 2561 5273 Et
2585 5238 2739 5288 super
2761 5228 2984 5272 uentrem
3010 5230 3152 5268 tuum
3172 5215 3381 5281 gradie-

1818 5322 1914 5373 ris.
1935 5318 2099 5385 Quasi
2129 5316 2312 5372 dicat:
2346 5316 2657 5369 Amissurus
2682 5327 2741 5364 es
2770 5310 2925 5379 pedes
2956 5319 3074 5361 tuos
3098 5306 3293 5373 quitus
3318 5304 3381 5355 ad

1820 5414 2138 5481 pravitatem
2167 5407 2482 5472 cucurristi,
2516 5404 2927 5471 ambulabisque
2946 5417 3007 5454 ac
3044 5412 3197 5465 rrpcs
3224 5412 3384 5463 Sttpct'

1823 5513 2060 5557 ventrem
2094 5512 2267 5565 tuum,
2307 5502 2435 5569 quia
2484 5508 2720 5551 ventrem
2768 5496 3061 5565 primorum
3100 5500 3379 5559 parentum

1822 5593 2093 5648 inescasti.
2120 5592 2349 5645 Pedibus
2376 5592 2535 5659 igitur
2554 5603 2776 5656 serpens
2800 5593 2923 5637 ante
2954 5591 3381 5636 OXSL‘CI'alItHH‘ttt

1826 5680 2126 5744 incedebat,
2171 5689 2226 5732 ut
2254 5688 2442 5733 cmtcra
2474 5674 2827 5729 animantium
2854 5688 3000 5739 gt'ttttl
3020 5688 3067 5729 :l,
3098 5680 3209 5736 ['Hr-l
3238 5682 3385 5727 vim,
