4010 6498
124 392 202 454 569

1186 394 1282 452 DE
1329 392 1730 454 PARADISO.
1771 419 1841 430 -
1877 395 2066 452 PARS
2111 395 2154 454 I.

3199 393 3304 454 570

120 506 231 576 quod
256 520 278 553 :t
300 514 553 570 mucupto
584 503 687 555 fetu
717 503 778 555 ad
807 504 1125 559 morientem
1161 523 1332 575 usque
1361 509 1632 560 hominem
1661 507 1710 564 Α
1741 507 1829 560 hic
1864 524 1960 575 pro
1995 508 2058 560 iis
2085 521 2205 575 qua:
2231 523 2293 560 ex
2323 515 2461 560 terra
2490 514 2811 566 nascuntur,
2841 512 3119 574 acceptum
3143 518 3264 556 esse
3289 520 3303 555 :

117 597 376 654 extenditur
404 615 415 658 ;
443 608 552 650 tum
587 614 715 651 sane
771 598 1058 666 intelligas,
1105 602 1382 655 mulierem
1444 602 1632 653 multis

115 689 494 749 dilftcultatihus,
542 689 838 751 doloribus,
899 691 1154 745 aerumnis
1185 691 1478 757 subjectam
1512 704 1633 742 esse

115 800 188 849 pro
216 784 313 848 ipsa
361 782 449 833 Dei
492 786 896 846 exsttcratioue;
942 798 1067 835 nam
1117 783 1321 834 editum
1373 780 1632 834 infantem

114 871 497 925 laboriosissiuta
544 889 672 926 cura
733 875 949 941 ext-ipit,
990 873 1181 925 deinde
1227 887 1320 938 per
1366 886 1633 925 summam

114 966 378 1018 molestiam
433 976 593 1032 atque
652 981 906 1034 angorem
953 966 1166 1024 educat,
1200 965 1264 1016 ad
1301 972 1634 1032 postremum

112 1056 242 1106 anxio
279 1052 478 1103 ululatu
533 1053 846 1104 morientem
919 1052 1092 1103 deﬂet.
1147 1050 1308 1117 Igitur
1358 1051 1483 1118 quia
1537 1065 1634 1103 tto-

113 1145 251 1204 luisti,
291 1147 482 1210 inquit,
526 1159 558 1194 o
597 1145 808 1205 mulier,
844 1143 895 1194 in
944 1143 1194 1210 paradiso
1226 1143 1424 1194 liberos
1447 1156 1634 1209 parere

114 1240 409 1292 immortales
447 1239 648 1303 absque
675 1236 821 1289 omni
858 1236 1065 1298 dolore,
1089 1236 1196 1302 jam
1221 1236 1369 1303 ipsos
1402 1235 1636 1303 paritura

110 1350 155 1387 es
198 1347 280 1399 per
315 1334 578 1382 maximus
607 1331 886 1383 cruciatus
921 1339 1083 1398 atque
1120 1328 1395 1390 miserias,
1429 1335 1639 1395 postea-

109 1437 240 1489 quam
277 1433 552 1486 peccatum
583 1421 875 1473 admisisti.
931 1419 996 1471 Et
1027 1421 1150 1486 quia
1187 1418 1368 1471 divino
1401 1417 1636 1485 quodam

109 1517 238 1565 modo
262 1511 389 1563 deos
420 1512 578 1563 edere
595 1513 844 1577 cupivisti
869 1513 1074 1576 absque
1095 1509 1203 1562 ullo
1220 1508 1425 1562 doloris
1452 1522 1635 1571 sensu,

107 1607 340 1672 s‘rpentis
369 1605 683 1656 auscultans
711 1605 886 1655 verbis
912 1619 926 1665 ;
957 1603 1066 1671 jam
1108 1603 1347 1654 humano
1371 1615 1520 1654 more
1543 1603 1641 1652 Ito-

108 1697 253 1748 mines
296 1695 608 1763 procreabis
646 1710 739 1761 per
778 1693 1193 1749 acerbissimum
1249 1693 1514 1746 dolorem.
1575 1690 1638 1742 Et

105 1789 159 1839 ad
202 1789 359 1838 virum
393 1797 538 1838 tuum
571 1788 834 1855 respicies.

157 1879 420 1946 Respectus
452 1880 686 1930 mulieris
728 1883 793 1929 ad
821 1879 985 1929 virum
1008 1907 1078 1916 —-
1101 1877 1264 1940 Quasi
1297 1875 1476 1942 dicatZ:
1504 1874 1641 1940 Quia

101 1969 316 2036 cupivisti
335 1979 390 2022 ut
414 1971 492 2020 vir
509 1981 634 2022 tuus
656 1977 705 2022 te
725 1969 1209 2032 observaretatque
1229 1982 1291 2021 ex
1316 1976 1365 2020 te
1385 1969 1643 2036 penderet

100 2060 291 2125 perinde
319 2074 385 2112 ac
417 2059 461 2112 si
505 2060 554 2111 in
590 2069 676 2111 tua
712 2075 874 2111 manu
912 2059 1084 2126 posita
1108 2066 1290 2111 essent
1316 2058 1514 2124 quibus
1544 2057 1639 2110 ille

101 2149 151 2199 ad
180 2149 291 2200 vitae
329 2164 487 2202 ustttn
521 2163 659 2215 Opus
690 2149 931 2210 haberet,
961 2161 1134 2214 eoque
1181 2148 1332 2199 illum
1364 2147 1417 2199 in
1446 2146 1622 2199 fructu

100 2236 342 2302 gustando
376 2232 736 2298 antevenisti,
789 2235 908 2287 ideo
965 2243 1020 2286 tu
1065 2234 1163 2285 viri
1217 2233 1293 2298 tui
1345 2234 1643 2285 observans

99 2328 206 2385 eris,
242 2334 297 2376 ιιι
333 2325 440 2378 tuis
491 2325 602 2391 ipse
635 2322 1132 2376 neCessitudinibus
1185 2319 1348 2373 faciat
1380 2319 1534 2373 satis.
1572 2318 1641 2370 Et

99 2419 189 2481 ipse
212 2417 571 2469 dominabitur
601 2418 677 2468 tui
714 2432 731 2468 :
761 2415 1022 2483 Optavisti
1056 2415 1272 2481 Quident
1315 2422 1478 2481 caput
1526 2393 1649 2467 esse

101 2511 181 2561 tiri
222 2509 316 2571 tui,
347 2509 682 2574 imperioque
714 2507 766 2559 in
817 2507 965 2558 illum
1003 2507 1182 2573 potiri,
1235 2517 1394 2573 atque
1430 2505 1548 2557 ideo
1578 2504 1644 2556 de

98 2603 269 2651 arbore
301 2615 398 2664 pro
446 2599 711 2665 serpentis
743 2598 970 2650 consilio
1008 2597 1198 2660 edisti;
1251 2605 1303 2649 at
1331 2596 1418 2648 ille
1459 2584 1642 2648 centra

99 2688 138 2738 in
173 2700 216 2738 te
261 2688 550 2751 imperium
601 2688 895 2744 exercebit,
941 2687 1144 2753 tibique
1185 2702 1280 2752 pro
1314 2686 1486 2753 capite
1516 2684 1641 2738 erit.

101 2779 155 2830 Et
184 2779 249 2830 ad
272 2779 438 2830 Adam
463 2779 598 2830 dixit
631 2794 648 2830 :
687 2778 823 2841 Quia
849 2777 1162 2830 auscultain
1191 2778 1300 2829 voci
1333 2778 1513 2828 uxoris
1540 2785 1645 2828 luce

95 2881 131 2920 et
171 2871 322 2921 edisti
349 2871 412 2922 de
467 2870 656 2922 arbore
707 2869 770 2919 de
828 2885 929 2934 qua
971 2869 1114 2933 jttssi
1166 2869 1261 2920 tibi
1304 2868 1521 2934 dixique
1583 2883 1646 2919 ne

98 2961 288 3023 edaces;
321 2961 766 3012 muleriictadérra
789 2969 1078 3024 propterte.
1116 2957 1378 3009 Dominus
1408 2957 1640 3022 Ephrem

98 3067 201 3102 cum
258 3052 372 3102 suis
412 3051 522 3103 vult
576 3051 776 3104 idcirco
824 3052 992 3117 legem
1041 3049 1248 3102 Adamo
1281 3049 1528 3101 revocari
1556 3048 1644 3101 hic

101 3141 509 3204 itt.lttt‘lltmi:ltt'l,
545 3143 670 3209 quia
696 3142 741 3195 ei
779 3143 870 3194 uni
896 3157 925 3194 a
958 3141 1064 3194 Deo
1098 3141 1272 3194 fuerat
1304 3141 1640 3207 praescripta;

100 3232 152 3283 ab
175 3235 282 3299 ipso
310 3249 439 3285 vero
466 3233 681 3297 deinde,
706 3232 859 3284 uxori
895 3232 1162 3298 exposita.
1203 3228 1429 3294 Verum,
1459 3229 1641 3298 tttjam

79 3323 366 3390 _a‘.iquoties
425 3324 866 3385 memoravimus,
929 3322 1018 3373 alii
1069 3320 1378 3373 existimare
1439 3320 1647 3372 malunt

99 3417 182 3467 sub
216 3416 343 3468 Adae
370 3430 594 3480 persona
625 3415 690 3467 ad
727 3413 888 3466 Evam
916 3427 1130 3481 quoque
1155 3410 1288 3479 legis
1315 3411 1476 3463 verba
1507 3411 1641 3463 tieri.

101 3506 242 3573 Igitur
280 3509 441 3575 quia,
509 3507 708 3574 inquit,
747 3522 852 3558 non
908 3520 1043 3558 mea:
1095 3503 1213 3557 voci
1275 3503 1366 3556 sed
1427 3501 1644 3557 femina:

100 3600 397 3652 auscultasti
424 3617 438 3660 ;
473 3599 755 3663 maledicta
787 3607 926 3650 terra
965 3607 1184 3665 propter
1207 3607 1276 3650 te.

157 3689 254 3740 Cur
281 3689 422 3742 Deus
454 3698 672 3752 terram,
699 3706 799 3740 non
819 3699 993 3740 autem
1020 3687 1280 3740 Adamum
1308 3688 1377 3740 sit
1403 3703 1647 3741 exsecra-

103 3791 190 3834 tus.
213 3812 278 3821 —
303 3780 576 3834 Nimirum
612 3795 714 3832 non
746 3791 826 3833 est
859 3789 1172 3832 exsecratus
1204 3779 1344 3832 Deus
1376 3778 1643 3830 Adamttm

101 3873 435 3939 ipsam,‘quo
485 3887 596 3924 sua:
643 3872 755 3938 ipse
791 3870 1012 3936 imagini
1067 3873 1326 3924 honorem
1357 3886 1649 3925 conserva-

106 3974 207 4020 It’l:
240 3976 354 4017 tum
412 3965 575 4016 etiam
625 3965 753 4030 quia
811 3979 877 4016 ex
938 3963 1144 4015 Adamo
1187 3963 1446 4017 uascituri
1499 3973 1652 4017 erant

111 4057 243 4106 multi
277 4055 536 4107 mortales
578 4053 729 4120 probi
758 4052 1032 4119 justique,
1082 4062 1142 4105 ut
1176 4054 1449 4121 propheta:
1491 4064 1652 4121 atque

102 4147 334 4212 apostoli,
364 4162 431 4198 ne
462 4160 556 4214 per
587 4145 736 4196 illum
767 4144 820 4197 hi
853 4159 1066 4212 quoque
1096 4145 1459 4197 exsecrabiles
1484 4154 1651 4213 atque

103 4237 436 4289 intestabiles
475 4237 806 4287 haberentur
839 4250 851 4286 :
888 4237 980 4287 sed
1022 4233 1297 4285 maledixit
1326 4243 1495 4297 terra:
1525 4246 1652 4302 pro-

107 4337 204 4389 pler
236 4328 414 4391 illum,
445 4327 644 4394 quippe
695 4339 758 4378 ex
792 4339 897 4392 qua
960 4326 1074 4391 ipse
1119 4333 1265 4377 esset
1311 4335 1649 4391 procreatus.

107 4418 272 4484 Itaque
305 4427 632 4470 conservata
664 4423 744 4468 est
769 4416 1001 4466 humano
1032 4416 1214 4485 generi
1252 4416 1456 4468 illibata
1493 4432 1557 4469 ex
1588 4431 1649 4469 ea

109 4509 394 4562 be~etlirtio
422 4524 542 4576 qua:
577 4514 1004 4583 antepeccatum
1042 4504 1180 4558 facta
1201 4505 1655 4574 fuerat,quamvis

109 4602 308 4655 dolores
362 4611 525 4669 atque
584 4599 928 4652 calamitates
985 4598 1232 4664 plurimae
1297 4598 1649 4654 accesserint.
1702 4615 1704 4618 ν

111 4693 196 4745 Per
218 4694 425 4746 dolores
464 4692 696 4744 comedes
737 4707 852 4742 eam
893 4691 1128 4743 omnibus
1161 4691 1341 4743 diebus
1377 4692 1493 4743 vitm
1523 4701 1647 4746 mw.

111 4785 225 4846 Quia
256 4781 577 4838 existimasti
608 4791 659 4834 te
683 4781 913 4834 deorum
956 4796 1106 4833 more
1157 4781 1208 4833 in
1244 4791 1384 4833 terra
1420 4795 1648 4833 mansu-

111 4891 232 4938 rtnn,
259 4889 463 4944 perque
502 4876 738 4943 quietem
787 4884 840 4928 et
864 4875 1031 4926 otium
1066 4873 1228 4924 vitam
1264 4873 1590 4941 agitaturum
1636 4892 1651 4926 :

125 4977 168 5015 ttt
196 4976 401 5030 contra,
431 4980 524 5033 per
557 4965 796 5028 dolores,
817 4967 1031 5018 labores
1055 4975 1107 5017 et
1131 4982 1424 5030 aerumnas,
1458 4985 1659 5036 perque

117 5057 358 5108 culturam
405 5055 673 5108 difficilem
717 5057 953 5109 vesceris
1009 5057 1252 5125 frugibus
1302 5067 1477 5111 terra).
1513 5059 1648 5113 Nam

120 5161 174 5197 ne
209 5163 363 5215 reges
394 5147 614 5217 quidem
639 5147 844 5216 absque
871 5149 1114 5200 molestia
1149 5160 1199 5201 et
1232 5150 1466 5212 cultura,
1501 5161 1657 5206 terras

118 5239 410 5292 muneribus
446 5238 547 5292 frui
580 5247 807 5306 possunt
834 5257 846 5291 :
873 5247 1032 5305 atque
1074 5240 1175 5292 hoc
1206 5241 1379 5307 ipsum
1412 5243 1653 5309 estquod

119 5323 450 5382 Ecclesiastes
501 5330 578 5382 ait
614 5346 628 5380 :
660 5326 772 5381 Rea:
803 5345 989 5396 agrum
1025 5329 1148 5380 colit
1181 5330 1294 5397 (‘24)
1333 5349 1345 5383 :
1383 5333 1579 5400 quiﬁt".
1614 5335 1655 5386 si

123 5421 376 5499 non‘suis,
400 5431 453 5474 at
479 5422 710 5476 aliorum
744 5433 889 5477 certe
926 5421 1181 5475 manibus
1213 5438 1373 5490 agros
1401 5415 1656 5494 subigunt

121 5519 272 5573 reges.
329 5510 740 5565 Observandum
795 5527 954 5579 porro
1004 5519 1085 5565 est
1121 5522 1276 5566 terra:
1326 5517 1651 5570 vocabulum

181 5620 281 5702 (ad)
311 5622 484 5702 ᾕδεις.
512 5642 565 5688 v,
610 5641 749 5681 vers.
780 5629 829 5687 8,
861 5626 1037 5702 estad
1077 5627 1296 5702 Verbum
1329 5647 1340 5680 :
1375 5629 1481 5681 Rex
1522 5650 1646 5701 agro

123 5698 595 5765 .‘r‘tti‘I—ILSIVBVRQI‘O
620 5714 793 5750 servus
826 5710 896 5748 est
936 5698 1104 5762 fartus
1140 5711 1156 5746 :
1199 5699 1416 5765 Vulgata
1468 5698 1642 5757 I:tttlt'||

127 5760 264 5839 editio
297 5763 447 5829 longe
482 5760 584 5818 alio
603 5782 764 5819 sensu
793 5760 948 5834 legiti
979 5768 1186 5829 insuper
1216 5760 1467 5822 uni‘m-m
1494 5784 1644 5825 terra:

131 5843 192 5878 tu
235 5836 443 5897 iutpcrnl
478 5838 752 5903 servienti,
805 5837 944 5906 quod
1001 5836 1102 5889 nisi
1139 5837 1200 5891 dc
1240 5838 1415 5892 ditiua
1469 5850 1641 5910 |ttth~

1738 600 1931 667 Spitms
1965 609 2010 650 et
2037 599 2257 652 carduos
2285 598 2509 666 proferet
2558 597 2654 648 tibi
2688 608 2708 647 :
2745 610 2906 664 quos,
2964 595 3062 647 nisi
3097 604 3150 646 tu
3183 609 3307 662 pec-

1737 707 1943 752 casses,
1983 692 2072 744 illa
2106 692 2439 760 productura
2471 705 2577 742 non
2613 688 2813 742 fuerat.
2844 686 3144 740 Conficitur
3172 701 3303 750 ergo

1739 787 1852 837 haec
1889 789 2011 852 post
2045 783 2459 835 detestationem
2493 789 2610 834 orta
2647 794 2788 842 esse,
2819 779 2899 831 vel
2929 778 3160 830 fortasse
3189 776 3298 842 spi-

1738 891 1834 929 nas
1881 885 1933 928 et
1982 875 2214 927 carduus
2266 884 2418 926 vocat
2452 871 2785 925 laboriosum
2848 879 3005 922 terrzc
3061 868 3294 922 eultutn,

1739 982 1897 1035 quem
1952 965 2354 1042 ipsaflagitat;
2381 964 2536 1032 quasi
2573 963 2761 1016 dicat:
2797 961 3002 1029 Magnis
3047 961 3310 1027 durisque

1729 1059 2016 1112 laboribus
2055 1050 2382 1110 bonstabunt
2446 1055 2538 1109 tibi
2589 1066 2748 1108 terra:
2799 1053 3032 1106 fructus.
3069 1052 3158 1104 Vel
3208 1053 3310 1103 hoc

1739 1151 1890 1212 dicit,
1926 1164 2067 1217 saepe
2103 1156 2425 1200 eventurum
2467 1155 2524 1199 ut
2555 1162 2662 1199 non
2695 1161 2757 1198 ea
2790 1159 2911 1215 quae
2962 1145 3176 1210 excepit
3221 1159 3310 1197 sc-

1739 1241 1908 1303 mina,
1967 1239 2192 1302 reddat,
2243 1240 2336 1293 sed
2392 1253 2490 1297 pro
2535 1237 2640 1291 illis
2705 1245 2892 1291 sentes
2949 1234 3306 1300 tribulosque.

1741 1335 1808 1385 Et
1836 1330 2066 1383 comedes
2099 1328 2286 1382 herbas
2337 1329 2478 1401 qg'ri.
2527 1325 2634 1395 Ero
2667 1324 2997 1394 gratissimis
3040 1324 3304 1378 arborum

1740 1422 1976 1492 paradisi
2018 1421 2289 1474 fructibus
2323 1424 2463 1486 quos
2487 1419 2583 1472 tibi
2639 1418 2880 1472 edendos
2905 1429 3310 1473 concesseram,

1701 1541 1709 1544 -
1740 1515 1977 1568 vesceris
2013 1515 2197 1567 herbis
2230 1514 2500 1578 pecudum
2538 1525 2714 1574 more,
2773 1525 2838 1563 eo
2865 1511 3011 1580 quod
3045 1508 3311 1562 adversus

1743 1605 1912 1674 legem
1952 1619 2125 1657 meam
2162 1602 2356 1657 feceris
2398 1619 2412 1656 :
2440 1602 2505 1655 Et
2539 1618 2656 1654 rum
2687 1602 2876 1654 sudore
2902 1600 3058 1668 faciei
3088 1611 3194 1652 tuae
3220 1614 3312 1651 co-

1742 1697 1912 1750 medea
1945 1712 2151 1764 partem.
2199 1694 2278 1747 Tu
2319 1694 2410 1762 qui
2447 1693 2581 1747 deus
2601 1708 2727 1746 esse
2763 1691 3008 1753 voluisti,
3036 1689 3307 1755 serpentis

1743 1788 1977 1841 consilio
2031 1787 2370 1846 auscultans,
2420 1800 2544 1838 cum
2602 1784 2800 1838 sudore
2856 1781 3010 1835 faciei
3047 1791 3173 1840 true,
3209 1779 3314 1831 hoc

1674 1857 1715 1910 Β
1738 1889 1848 1944 est,
1886 1894 2078 1947 aspero
2110 1890 2161 1931 et
2182 1876 2384 1930 diliicili
2416 1878 2599 1930 labore
2632 1877 2877 1943 duraque
2907 1874 3118 1943 cultura
3158 1888 3311 1939 quae-

1745 1985 1831 2023 res
1875 1970 2096 2022 victum.
2149 1967 2263 2021 Etsi
2318 1968 2461 2019 enittt
2516 1967 2638 2035 quis
2701 1981 2791 2018 rex
2851 1963 2925 2017 sit
2960 1975 3058 2016 aut
3111 1962 3312 2030 alioqui

1743 2049 1939 2130 opibus
2010 2061 2220 2125 magnis
2277 2059 2510 2128 pollens,
2575 2058 2703 2111 dum
2773 2056 2909 2109 alios
2980 2054 3032 2109 in
3097 2054 3312 2107 cultura

1743 2160 1977 2212 ext-reet,
2026 2151 2142 2217 ipse
2179 2164 2396 2217 quoque
2455 2164 2561 2202 non
2619 2148 2734 2200 sine
2767 2148 2970 2201 sudore
3008 2144 3162 2198 faciei
3202 2157 3316 2196 sua:

1743 2243 1982 2295 vescitur
2027 2256 2184 2309 pane.
2233 2239 2412 2292 Donec
2461 2247 2722 2292 reret-ture
2755 2240 2808 2289 in
2863 2246 3056 2288 terram
3105 2248 3168 2287 ex
3213 2247 3318 2301 qna

1745 2339 1985 2397 acceptus
2010 2345 2081 2385 es.
2122 2329 2245 2397 quia
2273 2328 2440 2394 pulvis
2476 2343 2553 2391 es,
2597 2336 2646 2379 et
2691 2327 2747 2378 in
2794 2326 3057 2395 pulverem
3093 2323 3314 2376 redibis.

1741 2421 1913 2486 Quasi
1973 2420 2120 2473 dicat
2159 2439 2172 2473 :
2208 2421 2501 2488 Postquam
2541 2432 2902 2472 aerumnosam
2951 2416 3316 2469 laboriosam-

1744 2533 1850 2585 que
1898 2514 2218 2570 toleraveris
2270 2514 2457 2574 vitam,
2511 2511 2653 2564 sicut
2705 2507 2952 2578 pranlixi,
3015 2507 3316 2559 moriturus

1744 2607 1937 2661 deinde
1959 2623 2039 2667 es,
2066 2617 2227 2674 atque
2253 2603 2305 2655 in
2338 2603 2388 2655 id
2427 2600 2741 2655 dissolveris
2769 2598 2913 2666 quod
2946 2605 3071 2649 ante
3111 2596 3316 2650 fueras.

1744 2695 2294 2752 Animadvertendum
2332 2693 2418 2745 hic
2459 2701 2542 2746 est
2579 2691 2846 2744 Adamum
2879 2698 3005 2742 ante
3041 2689 3145 2740 hoc
3191 2699 3320 2739 ora-

1745 2771 1925 2861 culum
1957 2786 1976 2841 ἐ
2013 2789 2175 2861 Quia.
2201 2786 2369 2854 pulvis
2408 2799 2485 2848 es,
2533 2782 2853 2843 nescivisse,
2888 2791 2952 2833 ex
3002 2781 3223 2848 pulvere
3260 2793 3320 2832 se

1745 2897 1868 2935 csse
1919 2874 2318 2934 conformatum
2346 2914 2361 2937 ,
2399 2885 2677 2946 genusque
2732 2890 2890 2927 suum
2933 2873 3076 2926 unde
3133 2881 3316 2935 esset,

1745 2973 2042 3042 ignorasse.
2105 2972 2269 3039 Igitur
2300 2970 2450 3023 hisce
2508 2970 2701 3021 verbis
2766 2968 3063 3019 multarum
3132 2981 3314 3019 rerum

1746 3058 2163 3119 commonefacit
2200 3061 2464 3115 Adamum
2511 3060 2672 3113 Deus.
2734 3057 2919 3111 Primo
2952 3060 3094 3111 enim
3166 3059 3322 3110 docet

1751 3154 2148 3222 ipsiuscorpus
2176 3167 2241 3203 ex
2269 3151 2488 3217 pulvere
2521 3148 2703 3201 fictum
2749 3162 2906 3210 esse;
2947 3156 3000 3198 et
3034 3146 3194 3199 simul
3237 3159 3323 3196 re-

1751 3243 1967 3311 darguit
2001 3243 2163 3296 etiam
2212 3241 2366 3309 quasi
2402 3240 2544 3293 dicat
2582 3237 2733 3302 :Qui
2792 3236 3012 3305 potuisti
3071 3237 3322 3288 affectare

1747 3335 2106 3394 divinitatem,
2149 3342 2204 3385 ut
2230 3331 2468 3400 plueres,
2505 3338 2562 3382 ιιι
2618 3328 2794 3382 fontes
2835 3329 3204 3395 dispensarrs.
3266 3334 3320 3377 ut

1747 3424 1950 3491 pelagis
1975 3423 2286 3490 imperares,
2310 3419 2478 3474 totius
2504 3435 2567 3472 ex
2593 3419 2813 3487 pulvere
2838 3418 3173 3484 compositus
3197 3430 3319 3467 cum

1749 3514 1866 3568 sis?
1898 3502 2286 3566 Rursussicut
2319 3511 2684 3562 conditionem
2717 3507 2909 3564 Adami
2958 3525 2986 3558 ιι
3012 3505 3181 3559 irilice
3227 3521 3323 3557 ex-

1747 3605 1950 3658 tulerat
1982 3605 2106 3655 dttm
2152 3603 2331 3668 ipsum
2367 3610 2594 3658 erearct,
2638 3609 2694 3652 ut
2736 3615 2894 3668 quem
2948 3615 3004 3652 se
3059 3599 3122 3650 ad
3166 3613 3319 3650 suam

1755 3693 1926 3762 ipsius
1959 3692 2248 3759 imaginem
2286 3690 2806 3756 similitudinemque
2832 3690 3034 3754 tingere
3064 3689 3269 3740 diceret
3307 3703 3318 3739 :

1749 3785 1847 3850 ita,
1896 3794 1951 3835 ut
1983 3781 2255 3834 affectavit
2291 3780 2626 3834 divinitatem
2674 3795 2774 3847 pro
2815 3780 3024 3833 fallacis
3056 3779 3325 3846 serpentis

1753 3876 2003 3936 consilio,
2038 3874 2183 3926 illam
2238 3874 2491 3947 eamdem.
2517 3873 2577 3924 ad
2609 3881 2805 3924 terram
2845 3887 3016 3938 usque
3045 3870 3323 3937 deprimit,

1754 3969 2134 4021 demonstrans
2166 3982 2231 4020 ex
2270 3967 2489 4034 pulvere
2519 3972 2795 4018 constare.
2836 3963 3106 4016 Prmterea
3136 3971 3322 4014 osten-

1753 4058 1851 4120 dit,
1924 4071 2044 4126 qua:
2098 4071 2221 4110 cum
2271 4053 2471 4124 quibus
2528 4055 2615 4107 ille
2677 4052 3044 4107 commutarit.
3099 4051 3328 4120 Insuper

1756 4147 1936 4210 docet,
1963 4149 2184 4216 quantis
2229 4149 2407 4217 ipsum
2439 4147 2596 4200 malis
2630 4145 2992 4214 implicaverit
3021 4155 3324 4212 peccatum,

1756 4248 1919 4308 atque
1947 4241 2067 4293 ideo
2095 4241 2195 4294 hoc
2223 4235 2658 4309 prosequendum
2687 4237 2812 4290 odio
2835 4251 2958 4290 esse
2980 4234 3330 4302 fugiendum-

1758 4347 1863 4400 que
1894 4332 2108 4384 merito.
2139 4330 2382 4399 Denique
2419 4339 2604 4383 monet
2652 4329 2694 4382 si
2745 4330 3062 4396 imperatam
3109 4327 3197 4379 ille
3232 4326 3330 4378 ob-

1760 4429 2028 4475 servasset
2070 4423 2262 4490 legem,
2314 4436 2421 4473 non
2467 4420 2893 4485 obruntpendam
2947 4416 3116 4471 fuisse
3158 4417 3329 4487 ipsius

1685 4533 1733 4592 D
1762 4516 1924 4567 vitam
1952 4516 2043 4568 sed
2081 4513 2488 4566 lmm0rtalitatc
2533 4512 2839 4564 donatnlam
2873 4526 2936 4566 ex
2967 4509 3056 4562 Dei
3091 4509 3329 4562 liberali-

1766 4616 1895 4671 tate,
1925 4607 2064 4662 sicut
2096 4608 2173 4660 ait
2201 4602 2496 4674 Cregorius
2529 4603 2839 4678 Tltcologus
2888 4604 2998 4673 (25)
3039 4619 3053 4656 :
3095 4603 3148 4654 Si
3205 4617 3329 4669 per-

1763 4700 2138 4757 durassetnus.
2175 4697 2223 4749 id
2262 4699 2405 4764 quod
2457 4711 2564 4748 non
2615 4695 2918 4750 fueramus.
2951 4692 3078 4745 facti
3129 4691 3331 4745 fuisse-

1760 4801 1914 4850 mus;
1980 4801 2126 4838 nunc
2183 4795 2711 4852 veroposteaquam
2773 4782 2940 4849 legem
3015 4781 3327 4842 transilirit,

1758 4877 1912 4928 morti
1966 4873 2259 4927 obnoxium
2287 4888 2407 4926 esse
2447 4872 2644 4924 factum
2700 4873 3216 4938 dissolvetnlutnque
3275 4873 3327 4922 itt

1757 4974 1954 5017 terram
2021 4964 2163 5016 unde
2229 4963 2395 5015 traxit
2449 4964 2736 5030 originem.
2777 4960 2842 5013 Et
2878 4963 3075 5013 rorat-it
3131 4961 3326 5024 Adam,

1750 5072 1941 5109 nomen
1989 5057 2170 5107 uxoris
2203 5070 2310 5108 sua:
2351 5053 2531 5116 Evam,
2568 5069 2625 5105 eo
2659 5052 2797 5120 quod
2830 5055 2945 5121 ipsa
2997 5063 3128 5104 esset
3162 5063 3328 5105 mater

1759 5151 1926 5202 omnis
1990 5149 2224 5201 viventis.
2276 5145 2598 5200 Observavit
2653 5130 2870 5209 quidem
2934 5145 3092 5199 divus
3152 5145 3329 5200 Moses

1759 5240 1938 5292 adhuc
1993 5240 2044 5291 in
2107 5252 2287 5291 rerum
2339 5245 2611 5304 gestarum
2669 5239 3025 5302 narratione,
3082 5238 3324 5291 ordinem

1759 5335 2066 5400 seriemque
2120 5346 2427 5399 temporum
2480 5334 2682 5402 quibus
2715 5347 2944 5400 quicque
2993 5341 3126 5385 acta:
3171 5338 3326 5392 sunt;

1758 5433 1810 5477 at
1835 5426 1979 5493 quod
2016 5427 2102 5477 hic
2158 5425 2270 5493 jam
2323 5435 2533 5492 narrat,
2591 5440 2718 5480 num
2753 5426 2948 5479 ordine
2999 5439 3100 5478 suo
3145 5433 3328 5477 narret

1757 5516 1993 5570 dubitari
2048 5525 2248 5585 potest.
2300 5517 2511 5588 Quippe
2559 5527 2660 5582 est,
2700 5519 2792 5572 ubi
2836 5534 2922 5574 res
2958 5518 3042 5574 sui
3081 5533 3328 5588 quasque

1755 5638 1936 5690 dentia
1979 5638 2180 5692 dictum
2216 5653 2336 5692 meo
2362 5639 2598 5706 judicio,
2626 5637 2849 5705 intelligi
2880 5653 2985 5691 non
3032 5645 3227 5706 potest.

1753 5779 1765 5829 ἱ
1827 5710 1938 5830 ξὲΐί)
2013 5708 2122 5765 IIoc
2187 5710 2434 5781 Crrgorii
2502 5711 2704 5762 dictum
2774 5723 2958 5777 supra.
3000 5706 3324 5777 explicatius

1774 5798 1818 5830 ιῖι
1846 5797 1936 5830 Μ’δ.

1774 5797 1936 5833 tatus.
