4176 6488
604 334 702 396 571

1868 344 2094 405 MOSIS
2136 349 2286 406 ΒΑΗ
2325 350 2572 409 CEPHA

3722 357 3826 418 572

604 446 737 500 locis
771 444 1073 510 describat;
1113 454 1196 501 est
1239 445 1401 500 etiam
1435 446 1527 502 ubi
1571 447 1671 502 hoc
1708 447 1782 501 illi
1829 450 1990 503 modo
2021 467 2166 506 curae
2194 456 2242 513 Λ
2279 464 2440 524 taque
2469 473 2532 510 ex
2571 456 2859 510 concubitu
2895 458 2993 511 viri
3039 471 3100 513 ac
3129 460 3368 514 mulieris
3398 462 3581 518 sobole
3613 474 3826 518 auctum

601 547 683 591 est
721 544 779 590 ut
827 537 878 590 id
903 538 1049 606 quod
1087 547 1298 605 gestum
1321 546 1425 602 est,
1449 549 2043 609 commemorct'neque
2075 555 2170 609 per

602 629 880 682 silentium
928 629 1281 692 transmittat,
1333 639 1531 684 eietero
1565 629 1658 697 qui
1683 629 1738 682 in
1773 637 2018 696 tempore
2057 647 2166 699 quo

602 729 784 774 actnm
852 731 954 782 est,
983 719 1326 774 observando
1371 720 1505 773 nihil
1537 720 1824 776 sollicitus.
1858 721 2168 787 Enimvero,

603 818 698 864 aut
723 809 940 878 quando
968 818 1127 874 costa
1155 809 1260 864 sibi
1299 809 1724 864 subtrahebatur
1754 820 1916 880 atque
1949 812 2002 865 in
2054 829 2172 867 mu-

607 905 794 960 lierem
817 903 1271 969 concinnabatur,
1314 904 1619 972 appellabat
1655 905 1899 962 Adamus
1940 922 2167 960 uxorem

608 1014 702 1066 per
749 997 1070 1052 vaticinium
1127 997 1338 1052 duobus
1387 997 1698 1052 nominibus
1727 1016 1739 1050 :
1768 997 1901 1063 ltto,
1963 998 2172 1052 scilicet

607 1088 734 1158 (hoc
763 1097 868 1153 est,
904 1089 1208 1152 mulierem,
1254 1088 1370 1142 sive
1413 1103 1637 1143 uxorem
1680 1095 1734 1142 et
1791 1086 2002 1159 Evam).
2039 1087 2166 1152 Illo,

608 1178 736 1247 quia
762 1179 879 1234 viro
914 1179 1212 1233 coharcret
1241 1193 1337 1247 per
1367 1179 1673 1247 legitimum
1700 1179 2058 1242 connubium,
2111 1188 2171 1233 ut

561 1263 565 1267 ’
607 1277 872 1340 δηιοβει
926 1285 954 1322 a
1019 1270 1175 1324 nobis
1231 1271 1562 1339 explicatum
1614 1287 1628 1325 :
1670 1270 1791 1334 hoc,
1818 1270 1945 1340 quia
1997 1281 2172 1325 mater

607 1369 753 1414 esset
780 1359 957 1414 futura
1003 1361 1181 1415 omnis
1221 1362 1473 1416 viventis.
1525 1362 1638 1415 Aut
1678 1361 1778 1415 hoc
1810 1364 1930 1415 loco
1975 1376 2170 1416 nomen

612 1454 733 1509 Eva:
763 1456 864 1525 ipsi
898 1471 1015 1510 eam
1052 1458 1122 1510 ob
1152 1472 1374 1512 causam
1431 1457 1625 1510 indidit
1654 1468 1946 1528 postquam
1993 1472 2020 1510 a
2064 1456 2170 1511 Deo

611 1545 860 1614 prolapsa
890 1546 1260 1616 damnataque
1287 1535 1379 1616 per
1412 1549 1735 1602 sententiam
1753 1555 1900 1603 esset
1927 1548 2170 1602 dolorum

610 1637 662 1689 in
696 1647 849 1705 partu
889 1637 1262 1702 ferendorum,
1298 1649 1391 1693 aut
1428 1639 1664 1709 denique
1701 1648 1984 1708 postquam
2013 1638 2170 1708 ejecti

610 1736 734 1779 sunt
773 1727 934 1782 ambo
962 1743 991 1783 e
1024 1728 1298 1797 paradiso,
1340 1728 1504 1783 Evam
1551 1729 1818 1799 appellare
1855 1728 2018 1798 coapit
2041 1728 2166 1797 quia

2281 547 2370 612 iri,
2425 557 2479 600 et
2537 563 2628 616 per
2671 549 2810 604 hanc
2873 566 3090 605 causam
3153 553 3401 620 specioso
3460 553 3550 607 illo
3612 557 3831 611 nomine

2279 653 2500 692 uxorem
2545 653 2766 695 vocasse
2814 640 3002 704 Evam,
3059 644 3162 696 hoc
3217 652 3318 702 est.
3364 645 3541 699 omnis
3600 646 3835 702 viventis

2279 740 2525 784 matrem.
2569 731 2743 800 Supra
2792 735 3212 788 memoravimus
3259 735 3360 788 tria
3421 750 3541 790 esse
3590 738 3834 801 nomina,

2277 823 2473 890 quibus
2521 823 2691 876 Adam
2745 824 2796 877 in
2843 825 2943 879 hoc
2996 825 3134 894 libro
3171 826 3475 895 appelletur
3523 825 3692 889 Naso,
3728 828 3838 881 hoc

2278 921 2360 965 est
2389 914 2490 977 vir,
2528 923 2582 965 et
2611 914 2899 978 Bar-noso,
2940 915 3082 972 filius
3107 917 3207 971 viri
3241 936 3254 971 :
3280 932 3344 971 ac
3374 918 3608 988 denique
3637 918 3832 979 Adam,

2276 1003 2433 1072 quasi
2461 1003 2631 1066 dicas,
2655 1005 2816 1058 homo
2846 1023 2858 1060 :
2885 1006 2976 1059 ubi
3008 1015 3268 1075 quantum
3322 1007 3438 1074 ipsa
3477 1007 3616 1060 inter
3642 1022 3724 1059 se-
3745 1007 3836 1060 di-

2278 1101 2442 1160 stent,
2474 1095 2635 1149 etiam
2665 1097 3075 1165 explicavimus.
3108 1097 3227 1152 Jam
3265 1114 3393 1152 vero
3420 1098 3586 1153 Evam
3612 1113 3836 1168 quoque

2277 1178 2495 1234 duobus
2540 1191 2788 1236 vocatam
2847 1186 3161 1240 nominibus
3223 1187 3612 1256 intelligimus;
3648 1202 3843 1255 nempe

2278 1269 2388 1324 Itto
2423 1273 2549 1343 (hoc
2578 1281 2679 1337 est,
2735 1275 3023 1330 mulierem
3071 1278 3184 1332 sive
3227 1279 3477 1345 uxorem)
3508 1287 3562 1332 et
3609 1276 3776 1330 Evam
3818 1294 3835 1330 :

2277 1379 2509 1431 quorum
2571 1366 2722 1432 illud,
2779 1368 2845 1422 ad
2882 1369 3187 1422 universam
3239 1369 3563 1424 feminarum
3599 1371 3839 1436 speciem

2279 1456 2756 1522 accommodatur;
2806 1458 2930 1524 hoc,
2993 1460 3153 1514 unius
3185 1473 3428 1528 personm
3489 1461 3700 1529 propria
3756 1470 3845 1514 est

2279 1545 2586 1613 appellatio.
2652 1547 2720 1602 Et
2772 1548 2894 1613 fecit
2952 1547 3204 1602 Dominus
3260 1551 3394 1604 Deus
3431 1551 3629 1603 Adamn
3685 1561 3844 1619 atque

2279 1638 2433 1690 uxori
2485 1638 2647 1706 ipsius
2696 1643 2903 1694 tunicas
2958 1641 3198 1709 pelliceas
3232 1681 3248 1706 ,
3295 1651 3344 1696 et
3401 1643 3601 1696 vestivit
3659 1644 3840 1711 ipsos.

2280 1727 2528 1797 Quinque
2553 1739 2679 1784 sunt
2702 1747 2822 1798 qua:
2851 1719 2909 1788 se
2941 1733 3027 1787 hic
3049 1733 3207 1787 nobis
3233 1734 3543 1801 explicanda
3572 1733 3846 1788 offerunt:

550 1812 552 1815 ’
613 1815 904 1870 viventium
948 1827 1175 1873 matrem
1213 1818 1440 1874 videret.
1475 1817 1596 1874 1am
1626 1835 1754 1883 vero
1784 1820 1828 1874 si
1861 1819 1944 1874 vel
1989 1819 2166 1888 primo
2196 1818 2244 1878 B
2273 1835 2468 1890 nempe
2502 1837 2601 1876 cur
2648 1821 2891 1877 induerit
2923 1822 3065 1877 Deus
3098 1823 3362 1878 Adamum
3397 1836 3448 1878 et
3479 1825 3661 1888 Evam,
3696 1825 3843 1878 tuni-

612 1907 693 1962 vel
724 1919 998 1978 postremo
1023 1904 1264 1979 tempore
1285 1910 1389 1966 hoc
1421 1926 1615 1965 nomen
1649 1912 1718 1964 ab
1750 1912 1958 1966 Adamo
1991 1910 2178 1964 datum

610 2010 693 2053 est
725 2001 899 2063 uxori,
939 2003 1180 2070 neglecta
1227 2010 1310 2056 est
1343 2017 1374 2056 a
1406 2000 1552 2073 Mpse
1591 2002 1852 2070 temporis
1883 2003 2054 2067 ratio;
2093 2002 2179 2056 sin

613 2090 811 2155 medio,
864 2101 1114 2146 accurate
1168 2094 1455 2148 observata
1495 2103 1595 2148 est.
1644 2094 1938 2157 Caeterum,
1989 2096 2178 2150 viven-

613 2183 748 2234 tium
778 2183 1038 2251 vocabulo
1070 2184 1158 2239 hic
1207 2184 1310 2239 soli
1365 2184 1611 2266 homines
1661 2200 1768 2239 non
1803 2186 1966 2240 etiam
2019 2187 2179 2241 bruta

613 2273 870 2327 animalia
914 2275 1312 2344 signiﬁcantur,
1351 2276 1511 2330 sicuti
1543 2276 1653 2331 illic
1679 2291 1894 2346 quoque
1928 2295 1943 2331 :
1984 2277 2178 2346 Eﬁ‘un-

611 2365 734 2416 dam
785 2368 1030 2433 spiritum
1083 2384 1254 2421 meum
1315 2383 1472 2436 super
1525 2382 1730 2421 onmem
1782 2370 2081 2433 carnem";
2113 2369 2180 2423 de

614 2455 928 2512 hominibus
961 2457 1115 2521 solis,
1158 2474 1264 2512 non
1299 2459 1369 2514 de
1411 2459 1710 2528 pecudibus
1757 2460 2000 2528 loquitur
2033 2459 2182 2514 Scri-

615 2556 799 2616 ptura.
835 2543 1110 2618 Sed'enim
1147 2548 1428 2604 sciendum
1470 2557 1575 2614 est,
1603 2549 1657 2603 vi
1694 2550 1928 2618 quadam
1961 2549 2180 2604 faﬁdica

616 2647 781 2707 atque
823 2638 1014 2692 divino
1041 2639 1306 2692 instinctu
1330 2639 1596 2692 Adamum
1623 2638 1927 2707 appeliasse
1953 2653 2179 2694 uxorem

615 2743 773 2784 suam
819 2727 1011 2793 Evam,
1047 2727 1142 2783 sed
1174 2743 1238 2784 ea
1269 2729 1434 2784 verba
1487 2743 1609 2797 qua
1655 2728 2021 2797 subjiciuntur
2051 2746 2066 2784 :
2100 2727 2180 2782 Eo

613 2819 753 2889 quod
809 2820 927 2888 ipsa
980 2827 1114 2875 esset
1147 2829 1318 2875 mater
1347 2821 1520 2874 omnis
1568 2819 1805 2884 viventis,
1837 2834 1947 2874 non
1987 2818 2182 2888 Adami

616 2908 710 2964 sed
745 2908 911 2966 Mosis
941 2923 1082 2976 esse,
1116 2909 1240 2967 Eva
1262 2909 1590 2965 vocabulum
1635 2925 1698 2965 ea
1739 2909 2183 2980 interpretatione

616 3001 957 3069 explicantis.
1000 3001 1108 3056 Sed
1141 3001 1288 3058 dices
1320 3019 1337 3057 :
1368 3001 1475 3057 Cur
1504 3017 1611 3064 non
1646 3000 1871 3072 perinde
1911 2999 2181 3055 Adamum

621 3095 844 3162 scripsit
892 3094 1068 3150 Moses
1110 3110 1231 3150 esse
1276 3104 1484 3166 patrem
1530 3095 1710 3151 omnis
1742 3094 1995 3157 viventis,
2039 3094 2183 3149 sicut

622 3184 786 3237 Evam
819 3186 1058 3252 prodidit
1094 3200 1215 3240 esse
1275 3188 1542 3240 matrem?
1577 3184 2017 3254 Respondemus,
2053 3184 2185 3253 quia

619 3275 726 3338 vir,
760 3274 886 3327 dum
943 3290 1056 3329 rem
1090 3290 1214 3330 cum
1263 3275 1492 3329 muliere
1530 3275 1710 3339 habet,
1769 3290 1954 3330 semen
2009 3274 2185 3345 injicit

619 3381 794 3435 neque
824 3367 930 3420 vita
965 3382 1141 3436 neque
1187 3365 1358 3422 forma
1399 3366 1704 3436 praeditum,
1737 3375 1790 3420 at
1819 3365 2043 3432 femina,
2087 3380 2185 3420 ex-

619 3465 836 3525 ceptum
862 3459 1015 3524 illud,
1067 3467 1356 3527 postquam
1411 3457 1468 3514 in
1502 3473 1602 3513 suo
1629 3466 1785 3513 utero
1815 3456 2041 3512 infantis
2070 3454 2185 3510 lor-

623 3562 767 3601 mam
801 3547 976 3602 induit
1004 3558 1166 3628 atque
1205 3552 1260 3604 in
1287 3551 1582 3605 humanam
1617 3551 1847 3621 figuram
1876 3549 2188 3606 conforma-

623 3649 737 3692 tum
772 3645 876 3701 est,
908 3648 1022 3691 tum
1065 3638 1282 3692 demum
1331 3654 1438 3693 non
1474 3640 1634 3709 quale
1664 3642 1745 3693 vir
1774 3640 2059 3708 iniecerat,
2093 3636 2188 3694 sed

623 3727 809 3780 vivens
849 3737 1005 3795 partu
1052 3725 1189 3780 edit.
1219 3725 1409 3780 Merito
1439 3740 1568 3796 ergo
1594 3733 1765 3780 mater
1795 3726 1973 3780 omnis
2004 3725 2190 3780 viven-

620 3819 690 3871 tis
727 3816 836 3870 Eva
866 3818 1170 3886 appellatur
1193 3831 1222 3870 a
1255 3815 1426 3872 Mose.
1455 3815 1646 3872 Adboc
1679 3833 1692 3871 :
1725 3815 1898 3868 Adam
1930 3823 2183 3884 sumptus

622 3908 746 3970 fuit,
779 3925 904 3961 eum
935 3918 1080 3963 esset
1105 3909 1280 3977 pulvis
1306 3909 1430 3963 vitae
1462 3924 1656 3978 expers
1682 3923 1747 3962 ac
1778 3906 1974 3962 deinde
2005 3906 2191 3961 divino

622 4008 767 4053 statu
792 3998 980 4062 vitam,
1016 3998 1369 4067 animamque
1421 3997 1666 4065 accepit;
1696 3998 1805 4050 Eva
1839 4012 2056 4066 quoque
2078 3996 2189 4064 jam

621 4100 736 4146 tum
759 4091 1014 4146 inanimis
1044 4100 1216 4156 costa,
1248 4092 1492 4146 detracta
1519 4089 1621 4158 fuit
1641 4089 1882 4156 Adamo;
1910 4096 2036 4158 post
2061 4102 2192 4142 vero

622 4184 752 4237 dum
803 4199 833 4239 a
863 4181 975 4238 Deo
1005 4181 1452 4247 concinnaretur,
1487 4181 1651 4236 vitam
1693 4188 1773 4236 est
1803 4181 1997 4250 adepta
2028 4188 2193 4248 atque

621 4277 861 4330 animam
897 4293 911 4331 :
941 4284 997 4330 at
1048 4276 1307 4331 mortales
1354 4275 1543 4345 reliqui
1584 4274 1695 4329 alio
1721 4273 1881 4328 modo
1926 4272 2191 4326 nascituri

619 4380 801 4433 erant,
835 4383 1026 4438 nempe
1054 4384 1118 4423 ex
1146 4368 1368 4433 femina,
1398 4381 1452 4423 et
1483 4366 1719 4422 absoluti
1745 4366 2007 4420 viventes.
2027 4363 2191 4420 Recte

623 4459 787 4527 igitur
835 4458 999 4511 etiam
1037 4458 1107 4512 ob
1153 4458 1293 4512 hanc
1337 4473 1450 4511 rem
1477 4465 1668 4512 vocata
1698 4466 1782 4512 est
1834 4458 1943 4511 Eva
2013 4470 2190 4512 mater

621 4526 799 4602 omnis
828 4546 1078 4603 viventis.
1114 4545 1217 4600 Sed
1254 4555 1308 4601 et
1333 4547 1437 4601 hoc
1467 4547 1638 4617 quaeri
1670 4556 1843 4615 potest
1881 4567 1894 4602 :
1927 4549 2187 4615 Adamus,
2221 4526 2265 4581 Ῑ)

623 4637 843 4706 quando
888 4646 1064 4690 morte
1099 4637 1414 4690 damnatum
1465 4651 1526 4691 se
1561 4653 1590 4688 a
1644 4636 1753 4689 Deo
1800 4651 1922 4691 esse
1970 4639 2197 4692 moritu-

623 4743 855 4797 rnmquc
889 4728 1238 4797 intelligebat,
1289 4743 1387 4782 cur
1419 4737 1650 4798 augusto
1683 4737 1734 4782 et
1784 4728 1925 4783 felici
1963 4729 2054 4783 illo
2090 4744 2192 4783 no-

626 4820 772 4873 mine
827 4835 1048 4874 uxorem
1097 4821 1324 4885 vocarit,
1362 4837 1473 4890 quo
1529 4829 1700 4875 mater
1770 4821 1928 4878 cnnis
1973 4823 2200 4878 viventis

626 4912 806 4966 futura
841 4911 1253 4981 significabatur
1278 4951 1294 4979 ,
1336 4913 1480 4981 quod
1519 4914 1678 4982 plane
1725 4913 1920 4966 divina:
1965 4914 2040 4967 illi
2066 4929 2195 4968 seno

625 5005 804 5058 tcntiae
839 5006 1123 5060 adversum
1173 5021 1294 5061 esse
1338 5005 1506 5060 videri
1549 5006 1796 5074 poterat?
1849 5005 1929 5059 Ad
1965 5006 2078 5059 haec
2107 5007 2193 5060 di-

625 5094 832 5158 cimus,
897 5096 1166 5151 Adamum
1228 5096 1374 5151 illam
1447 5097 1731 5151 adversum
1801 5112 1858 5151 se
1924 5097 2186 5166 prolatam

626 5191 817 5239 mortis
849 5188 1171 5243 sententiam
1205 5188 1484 5259 accepisse
1520 5189 1738 5257 quidem
1771 5204 1865 5258 per
1917 5198 2045 5242 nota
2099 5202 2190 5240 ac-

627 5280 900 5333 cusatoria
950 5283 1053 5336 sibi
1099 5283 1304 5345 inusta,
1350 5282 1442 5336 sed
1493 5282 1696 5336 interea
1747 5281 1915 5334 Deum
1952 5295 2047 5349 pro
2098 5295 2194 5332 sua

630 5373 1001 5427 misericordia
1031 5374 1084 5427 in
1115 5375 1222 5429 illis
1255 5383 1490 5428 mentem
1523 5388 1643 5426 eam
1681 5371 1942 5426 indidisse
1984 5369 2195 5439 opinio-

633 5479 755 5517 nem
789 5475 846 5518 ut
871 5466 981 5535 jam
1021 5477 1133 5521 tum
1171 5467 1510 5523 existimaret
1567 5481 1736 5535 genus
1787 5467 2084 5522 humanum
2143 5463 2193 5514 in

630 5560 740 5610 vita
810 5573 1232 5626 permansurum
1284 5576 1406 5617 csse
1460 5572 1624 5629 super
1667 5568 1898 5625 terram,
1952 5570 2199 5628 procrca-

698 5743 745 5777 ⁷³
794 5743 906 5800 .lucl
969 5746 1145 5808 11,28.

2277 1925 2393 1977 cas,
2419 1912 2614 1967 deinde
2643 1915 2831 1982 quales
2853 1912 3054 1968 fuerint
3076 1916 3157 1968 hze
3185 1915 3398 1977 tunica;
3433 1915 3668 1978 tertium,
3699 1916 3847 1968 unde

2277 2011 2640 2072 comparatae;
2665 1996 2935 2072 quartum,
2964 2019 3062 2060 cur
3091 2005 3198 2060 sint
3218 2006 3497 2073 appellata:
3521 2004 3845 2068 Charinum;

2277 2094 2421 2162 quod
2439 2093 2578 2148 idem
2592 2102 2673 2148 est
2693 2108 2756 2149 ac
2779 2094 2824 2149 si
2845 2095 3016 2160 dicas,
3038 2094 3340 2161 gossipinas
3367 2094 3481 2148 sive
3518 2095 3729 2163 aylinas
3756 2108 3850 2147 ve-

2277 2190 2429 2250 stes;
2457 2185 2702 2253 quintum
2724 2225 2738 2249 ,
2772 2201 2871 2240 cur
2894 2200 3029 2253 opus
3050 2184 3334 2239 habuerint
3363 2194 3531 2250 veste,
3567 2185 3845 2238 mortales.

2349 2273 2459 2329 Cur
2488 2275 2624 2329 Deus
2654 2277 2879 2330 vestierit
2908 2277 3101 2344 primos
3136 2287 3398 2344 parentes.
3425 2305 3494 2316 —
3527 2275 3658 2329 Cnr'
3680 2275 3848 2344 igitur

2280 2366 2404 2421 illos
2441 2367 2638 2421 tunicis
2669 2367 2928 2432 vestiret,
2980 2367 3211 2421 dicimus
3271 2381 3539 2419 summam
3573 2365 3664 2418 Dei
3710 2378 3841 2432 erga

2281 2458 2429 2526 ipsos
2461 2457 2884 2512 misericordiam
2937 2456 2990 2510 in
3040 2469 3203 2510 causa
3247 2455 3436 2510 fuisse.
3469 2455 3678 2524 Quippe
3718 2469 3845 2508 cum

2283 2549 2427 2604 Deus
2486 2549 2814 2618 colloquium
2873 2563 2994 2603 cum
3045 2549 3234 2615 primis
3271 2548 3585 2616 parentibus
3632 2548 3848 2615 longius

2284 2639 2525 2702 haberet,
2571 2649 2732 2708 atque
2790 2639 2857 2692 ad
2911 2639 3183 2692 Adamum
3240 2638 3380 2692 inter
3427 2638 3530 2692 alia
3588 2638 3845 2691 diceret:

2283 2731 2417 2795 Quis
2473 2730 2788 2799 signiﬁcavit
2824 2729 2918 2782 tibi
2955 2729 3090 2798 quod
3139 2729 3307 2782 nudus
3365 2729 3546 2782 esses?
3596 2728 3848 2782 similiter

2284 2819 2389 2875 alia
2435 2829 2603 2891 atque
2646 2819 2752 2874 alia
2804 2820 2871 2874 ad
2925 2817 3187 2873 feminam
3223 2828 3276 2873 et
3327 2829 3632 2888 serpentem
3674 2821 3844 2872 verba

2285 2909 2509 2978 faceret,
2541 2910 2748 2966 interea
2779 2909 3020 2966 arefacta
3051 2925 3115 2965 ea
3146 2911 3343 2979 quibus
3373 2924 3433 2965 se
3481 2910 3557 2964 illi
3587 2918 3850 2965 contexe-

2283 3011 2426 3068 rant,
2452 3001 2580 3058 folia
2609 3003 2838 3058 ficulnea
2875 3002 3108 3057 deﬂuere
3144 3010 3447 3071 coeperunt.
3482 3001 3618 3057 Cum
3662 3002 3850 3072 itaque

2288 3093 2479 3148 nudati
2504 3093 2617 3163 jam
2659 3102 2772 3147 tum
2815 3093 2891 3147 illi
2945 3093 3148 3162 pudore
3190 3092 3555 3156 aﬂicerentur,
3590 3107 3699 3146 non
3731 3100 3868 3146 erat-

2290 3194 2716 3240 consentaneum
2748 3185 2948 3238 divina:
2972 3185 3379 3248 misericordiae,
3421 3184 3595 3238 nudos
3623 3198 3852 3252 prorsus

2289 3273 2572 3328 eliminare
2596 3274 2872 3343 paradiso.
2908 3273 3192 3329 Miseratus
3219 3288 3347 3343 ergo
3391 3273 3627 3342 ipsorum
3653 3273 3852 3327 condi-

2289 3365 2517 3428 tionem,
2549 3380 2648 3435 pro
2681 3377 2776 3420 sua
2799 3366 3088 3420 clementia
3122 3365 3257 3433 ipsis
3290 3379 3446 3434 opem
3489 3363 3633 3425 tulit,
3661 3351 3855 3417 factis?

2289 3471 2398 3526 que
2425 3458 2623 3512 tunicis
2665 3458 2965 3512 nuditatem
3005 3457 3228 3511 velavit.
3258 3455 3525 3510 Praeterea
3558 3455 3723 3510 voluit
3773 3456 3856 3522 ip-

2292 3562 2382 3604 sos
2417 3550 2660 3605 vestibus
2685 3548 2927 3612 indutos,
2973 3563 3004 3602 a
3029 3547 3238 3603 caeteris
3266 3547 3631 3601 animantibus
3671 3547 3855 3599 brutis

2291 3653 2615 3710 segregare;
2647 3639 2883 3707 denique
2927 3638 3226 3692 nuditatem
3269 3651 3365 3691 seu
3393 3636 3635 3689 libidinis
3671 3635 3857 3690 illece-

2292 3731 2448 3786 bram
2477 3731 2688 3801 putavit
2721 3730 3028 3799 tegendam.

2363 3820 2556 3884 Qurtles
2583 3820 2776 3888 fuerint
2812 3821 3099 3886 primorum
3119 3826 3394 3885 parentum
3421 3830 3677 3871 eestes.—
3697 3816 3857 3882 Quod

2295 3924 2424 3966 vero
2453 3910 2518 3966 ad
2549 3911 2697 3979 ipsas
2721 3910 2935 3965 tunicas
2967 3911 3190 3973 attinet,
3228 3913 3517 3981 cujusnam
3564 3910 3706 3962 modi
3767 3917 3856 3964 res

2292 4001 2525 4066 fuerint,
2558 4000 2857 4070 Gregorius
2897 4000 3207 4071 Theologus
3231 4003 3468 4068 quodam
3514 4000 3637 4054 loco
3684 3999 3857 4053 fuisse

2293 4091 2369 4144 ait
2401 4091 2634 4146 cortices
2675 4091 2954 4157 arborum,
3000 4106 3108 4160 quo
3139 4090 3270 4160 ipsis
3329 4089 3472 4144 Deus
3512 4090 3564 4142 in
3618 4099 3854 4144 mentem

2291 4179 2504 4234 miserit
2530 4194 2626 4234 ceu
2654 4179 2879 4235 idoneos
2909 4194 2975 4234 ex
3003 4181 3206 4249 quibus
3225 4179 3330 4233 sibi
3366 4181 3532 4234 vestis
3563 4178 3853 4247 quamdam

2291 4270 2520 4329 ferulam
2554 4280 2819 4342 aptarent,
2845 4287 2985 4342 eque
3013 4287 3076 4326 ea
3115 4271 3423 4337 amiclrent,
3465 4272 3607 4326 sicut
3636 4281 3762 4325 ante
3789 4286 3854 4324 ex

2295 4363 2443 4419 foliis
2481 4363 2730 4420 ﬁculneis
2761 4363 3004 4420 fecerant
3035 4363 3390 4432 subligacula.
3429 4363 3498 4415 At
3523 4362 3686 4423 idem,
3729 4376 3855 4414 ora-

2295 4454 2442 4509 tione
2471 4469 2632 4524 quam
2678 4455 2900 4524 scripsit
2927 4453 2995 4508 de
3027 4451 3309 4507 Natalibus
3339 4451 3569 4514 Christi,
3598 4453 3730 4506 dicit
3761 4465 3852 4503 eas

2297 4547 2510 4602 tunicas
2543 4545 2712 4600 fuisse
2755 4559 2976 4600 carnem
3021 4544 3370 4609 crassiorem,
3415 4544 3853 4612 iguavioremqne

2296 4653 2401 4707 qua
2457 4652 2647 4692 sumus
2705 4636 2965 4692 contecti.
3018 4633 3314 4704 Gregorius
3371 4645 3497 4686 vero
3557 4629 3850 4701 Nyssamus

2296 4728 2509 4794 scribit,
2541 4729 2753 4782 tunicas
2787 4742 2882 4782 eas
2918 4726 3088 4779 fuisse
3117 4723 3432 4788 libidinem;
3466 4724 3688 4788 coitum,
3720 4737 3853 4776 con~

2297 4831 2535 4889 ceptum,
2576 4826 2812 4886 partum,
2845 4815 3220 4870 educationem
3271 4829 3375 4881 qua
3415 4811 3716 4865 minutatim
3761 4827 3853 4864 auo

2296 4912 2594 4983 gescimus,
2626 4911 2966 4972 alimentum,
2998 4906 3274 4968 morbum,
3308 4904 3666 4968 iracundiam,
3714 4918 3856 4956 mor-

2301 5017 2408 5060 tem
2449 5003 2712 5069 denique;
2744 5001 2828 5056 his
2853 5001 2998 5054 enim
3025 4999 3280 5054 omnibus
3309 4997 3465 5050 malis
3495 4997 3613 5049 illos
3639 4996 3854 5048 indutos

2300 5113 2421 5152 esse
2447 5097 2608 5152 simul
2643 5104 2807 5162 atque
2829 5092 2986 5145 donis
3034 5090 3270 5159 Spiritus
3296 5087 3467 5141 sancti
3513 5094 3638 5138 sunt
3665 5099 3856 5151 exspo-

2305 5190 2438 5242 liati.
2465 5187 2602 5241 Huic
2632 5185 2962 5238 I‘hiloxenus
3003 5180 3347 5251 Mahugensis
3396 5178 3505 5231 fere
3544 5174 3852 5232 subscribit,

2303 5281 2432 5333 dum
2466 5279 2664 5362 sitiens
2713 5277 2924 5330 tunicas
2963 5275 3131 5329 fuisse
3183 5289 3342 5327 curas
3368 5313 3382 5337 ,
3422 5269 3851 5337 corruptionem,

2305 5360 2819 5428 morbOS,"dolores,
2853 5365 3171 5427 anxietates,
3197 5371 3433 5424 metum;
3467 5369 3522 5412 et
3547 5360 3598 5411 in
3626 5370 3854 5436 summa:

2303 5471 2643 5528 qumcunquc
2676 5456 2866 5527 primis
2897 5456 3211 5525 parentibus
3244 5463 3365 5523 post
3404 5449 3851 5514 violatamlcgcm

2306 5550 2641 5615 acciderunt,
2670 5565 2791 5606 cum
2824 5558 2947 5604 ante
2983 5549 3045 5602 iis
3081 5564 3185 5602 non
3220 5545 3447 5600 fuissent
3479 5540 3718 5605 obnoxii,
3747 5549 3795 5590 ct
3827 5551 3851 5584 ιι
