4010 6466
157 346 240 408 573

1242 345 1342 404 DE
1381 339 1781 402 PARADISO.
1824 361 1884 373 -·
1931 341 2121 397 PARS
2167 339 2208 398 [.

3239 295 3342 395 δη

156 457 330 524 quibus
368 469 469 508 nos
522 469 737 523 quoquc
800 462 920 524 post
976 456 1422 510 resurrectionem
1479 455 1684 508 erimus
1721 457 1760 512 Α
1791 450 1890 503 bus
1925 448 2138 503 texendi
2172 459 2365 501 artem.
2406 445 2477 499 Dc
2527 454 2725 513 quarto
2763 443 3018 511 dicimus,
3047 461 3139 500 eas
3179 456 3354 502 vestes

157 552 410 601 inuunnes
436 547 674 618 :quippe
715 563 807 616 per
831 549 926 601 lias
958 547 1167 601 tunicas
1196 546 1486 616 signiticari
1521 544 1695 596 maxi-

159 651 278 689 mam
319 636 463 689 illam
501 637 855 690 mutationem
893 653 1012 706 quae
1050 637 1262 690 illorum
1285 637 1464 690 evenit
1495 651 1692 703 corpo-
1726 631 1731 636 ’

155 727 290 782 ribus
347 740 467 798 post
516 727 811 782 admissum
867 725 1286 798 peccatum.'At
1339 727 1692 790 Athanasius,

158 817 388 872 oratione
432 819 499 873 de
549 835 735 884 cruce,
765 827 820 876 et
853 819 1108 875 dominus
1141 817 1368 886 Ephrem
1400 819 1489 872 ubi
1552 819 1695 871 hunc

155 914 314 962 locum
346 909 748 978 interpretatur,
796 910 948 964 aiunt
979 911 1075 963 bas
1105 910 1313 963 tunicas
1337 924 1399 962 ex
1440 908 1688 962 animau-

154 1000 268 1053 tium
298 1001 528 1067 pellibus
576 999 856 1054 confectas
899 999 1091 1057 fuisse.
1140 998 1387 1068 Denique
1439 999 1719 1054 dominus

152 1089 371 1143 lacubus
424 1085 750 1157 Sarugensis
783 1088 924 1142 -dicit
993 1087 1153 1142 vestis
1205 1088 1472 1157 quoddam
1525 1103 1695 1156 genus

155 1180 329 1242 fuisse,
363 1181 504 1248 quod
552 1180 679 1249 quia
716 1189 858 1232 tactu
892 1195 1137 1234 crassum
1184 1182 1520 1250 densumque
1555 1186 1692 1242 erat,

152 1270 335 1322 tunicae
367 1271 604 1337 pellicem
655 1270 816 1325 fuerit
854 1272 1204 1341 appellatum.

218 1358 363 1415 Unde
405 1362 681 1427 sumpserit
725 1361 859 1417 Deus
884 1363 1171 1427 primorum
1202 1368 1479 1429 parentum
1507 1369 1691 1414 uestes.

151 1480 207 1490 —
229 1450 297 1502 De
330 1452 517 1515 tertio,
549 1454 688 1507 unde
719 1454 918 1506 fuerint
953 1454 1147 1507 tunica
1195 1453 1300 1507 illa;
1347 1460 1693 1521 comparata,

152 1539 436 1608 Gregorius
473 1539 797 1609 Tbeologus,
845 1552 1048 1599 etcum
1089 1557 1155 1596 eo
1187 1544 1278 1596 alii
1311 1543 1402 1611 qui
1436 1543 1692 1596 arborum

151 1633 368 1683 cortices
407 1629 574 1684 fuisse
630 1631 856 1697 volunt;
891 1633 1114 1688 arbores
1165 1633 1500 1701 deglubiisse
1552 1629 1693 1684 Ada-

153 1738 281 1774 mum
316 1730 370 1774 et
399 1719 558 1773 Evam
597 1722 782 1775 dicunt
817 1740 832 1776 :
866 1733 1116 1777 caeterum
1143 1722 1347 1780 Mosem
1381 1723 1501 1778 ideo
1523 1722 1694 1776 factas

151 1828 256 1866 esse
279 1827 308 1864 a
343 1810 454 1867 Deo
481 1812 685 1876 dicere,
708 1813 830 1880 quia
865 1814 947 1867 hic
972 1814 1078 1868 illis
1116 1815 1168 1870 in
1202 1824 1436 1869 mentem
1470 1813 1694 1869 immisit

152 1916 201 1958 ut
237 1910 492 1958 arborum
548 1905 842 1959 corticibus
884 1919 944 1959 se
978 1904 1262 1962 vostirent.
1302 1905 1370 1958 At
1398 1905 1694 1977 Gregorius

153 1994 430 2064 Nyssamus
460 2007 512 2050 et
543 1996 873 2052 Pliiloxenus
893 2035 908 2060 ,
941 2011 1170 2066 quorum
1225 1997 1556 2051 sententiam
1587 2012 1694 2050 nu-

151 2102 230 2154 per
264 2089 650 2149 recitavimus,
704 2089 856 2140 aiunt
907 2101 967 2140 ea
1015 2088 1153 2140 mala
1204 2087 1410 2155 primos
1440 2097 1690 2156 parentes

150 2181 285 2245 (quia
335 2178 565 2247 peccati,
629 2192 658 2228 a
717 2177 822 2231 Deo
854 2178 1097 2231 damnati
1124 2177 1326 2246 essent)
1393 2178 1693 2243 invasisse;

151 2268 304 2338 idque
360 2284 481 2323 esse
537 2268 680 2337 quod
735 2268 909 2322 Moses
957 2268 1390 2332 scribit,‘Deutn
1457 2270 1698 2324 induisse

148 2361 257 2413 illos
279 2377 372 2415 eas
407 2361 640 2412 tunicas.
676 2359 919 2429 Denique
953 2360 1288 2414 Athanasius
1342 2369 1397 2414 et
1432 2360 1696 2415 dominus

147 2451 402 2520 Ephrem,
444 2451 536 2522 qui
571 2451 888 2504 animalium
942 2452 1108 2520 pelles
1166 2451 1334 2506 fuisse
1385 2462 1694 2518 autumant,

146 2541 342 2605 dicunt,
392 2540 640 2594 mactatis
681 2555 774 2595 eas
823 2541 1116 2611 pecudibus
1145 2540 1450 2597 detraxisse
1491 2543 1698 2612 primos

146 2643 390 2702 parentes
448 2641 614 2700 atque
657 2633 1026 2688 concinnasse
1060 2634 1112 2688 in
1156 2642 1360 2687 vestem
1394 2633 1484 2688 Dei
1541 2643 1696 2688 nutu.

147 2723 417 2776 Postremo
441 2721 692 2777 dominus
723 2720 960 2792 Iacobus
991 2720 1317 2792 Sarugensis
1343 2722 1495 2786 dicit,
1526 2723 1694 2777 Deum

145 2831 202 2868 ea
230 2815 543 2867 indumenta
585 2829 649 2866 ex
701 2814 870 2867 nihilo
901 2814 1194 2868 creavisse.
1240 2815 1440 2870 Scribit
1466 2816 1610 2870 enim
1641 2815 1694 2870 in

147 2909 251 2960 inec
298 2905 455 2958 verba
491 2903 818 2958 :Contexuit
851 2906 1058 2959 tunicas
1083 2921 1148 2959 ex
1184 2906 1375 2969 nihilo,
1400 2916 1455 2962 et
1478 2908 1694 2961 vestivit

146 3000 302 3065 ipsos.
329 2988 391 3049 Et
417 3013 602 3048 rursus
631 2996 820 3062 :Quia,
847 2997 1040 3065 inquit,
1067 3006 1210 3051 tactu
1242 2999 1403 3052 rudes
1425 3008 1477 3053 et
1499 3014 1697 3055 crassa:

146 3098 310 3150 crant,
348 3089 639 3157 appellavit
670 3088 864 3157 pelles;
901 3094 1133 3142 attexuit
1171 3098 1349 3142 autem
1387 3090 1530 3157 ipsas
1558 3106 1693 3158 pau—
1720 3129 1766 3188 Ο

147 3180 283 3233 latim
321 3180 643 3248 corporibus
676 3181 937 3251 ipsorum,
970 3196 1071 3233 suo
1117 3189 1249 3233 nutu
1277 3189 1439 3246 atque
1469 3181 1538 3232 ita
1565 3180 1693 3234 dum

147 3287 241 3322 non
289 3271 535 3323 sentiunt
578 3270 876 3324 induuntur
922 3269 1141 3335 tunicis,
1177 3271 1270 3324 sed
1321 3286 1413 3324 eas
1444 3270 1555 3337 jam
1602 3287 1696 3322 ve-

148 3359 245 3410 stiti
282 3359 466 3410 vident
527 3357 764 3411 tandem.
822 3357 989 3412 Porro
1042 3374 1140 3412 nos
1195 3374 1317 3411 cum
1378 3359 1696 3423 Athanasio,

149 3460 300 3517 atque
337 3448 561 3502 domino
600 3447 833 3516 Ephrem
864 3464 1148 3502 censemus
1180 3450 1494 3503 animalium
1531 3452 1697 3520 pelles

150 3542 328 3593 fuisse.
371 3541 427 3593 Si
461 3555 588 3592 vero
619 3540 669 3592 id
721 3532 1043 3609 redarguere
1095 3542 1216 3610 quis
1274 3550 1522 3606 conetur,
1572 3543 1698 3610 quia

151 3634 350 3685 nullum
389 3632 590 3684 animal
641 3631 874 3700 iugulari
935 3633 1110 3687 adhuc
1142 3634 1396 3702 potuerit,
1426 3635 1640 3702 quando
1671 3650 1700 3688 e

149 3724 369 3793 singulis
399 3724 688 3790 generibus
744 3738 839 3791 par
884 3724 1099 3776 unicum
1154 3726 1432 3778 conditum
1493 3724 1695 3788 fuerat,

150 3829 314 3882 eoque
346 3813 464 3867 sine
513 3814 725 3881 generis
758 3815 919 3868 unius
955 3815 1176 3869 interitu
1233 3817 1435 3869 nullum
1500 3816 1701 3869 animal

152 3913 439 3956 mactatum
483 3901 708 3968 fuisset;
747 3920 1003 3973 negamus
1035 3907 1255 3959 unicum
1299 3909 1562 3961 duntaxat
1607 3925 1702 3978 par

155 3994 203 4046 in
236 3995 561 4047 a-iimalium
606 3997 894 4063 generibus
942 3998 1171 4064 singulis
1224 3998 1390 4052 fuisse
1426 3999 1701 4065 eli'cctum,

152 4101 316 4155 neque
342 4087 487 4140 enim
524 4087 626 4140 lioc
664 4090 837 4142 sacris
868 4089 1083 4142 Litteris
1112 4093 1378 4157 proditum
1399 4102 1498 4146 cst.
1521 4092 1704 4146 Enim-

151 4193 268 4230 vero
315 4179 454 4233 Deus
479 4179 569 4246 qui
619 4180 864 4248 permisit
896 4182 1090 4235 Adami
1123 4183 1352 4236 arbitrio
1390 4194 1448 4238 ut
1482 4199 1706 4253 peccare

153 4261 353 4336 po'sset,
407 4285 648 4339 opusque
705 4273 923 4324 haberet
995 4273 1313 4327 indumento
1347 4312 1364 4340 ,
1432 4283 1709 4329 creaverat

152 4364 429 4428 complura
458 4363 708 4414 animalia
737 4379 751 4426 ;
785 4377 1013 4432 cumque
1053 4365 1144 4418 ille
1180 4365 1375 4418 violata
1428 4366 1544 4434 lege
1576 4383 1702 4436 pec-

1797 541 2094 608 appcllatas
2125 554 2246 590 esse
2273 553 2300 590 a
2332 536 2497 599 .ﬂose,
2530 536 2813 590 cliutiuitas
2851 535 2986 603 (9.6),
3029 538 3153 605 quia
3183 537 3353 608 ipsius

1797 640 1974 693 aetate,
2011 631 2110 683 boc
2151 627 2413 680 vorabulo
2457 627 2735 680 hominum
2790 625 3027 679 amicula
3079 627 3356 696 signiﬁca-

1799 725 2020 785 bantur,
2054 731 2112 775 ut
2163 721 2344 774 videre
2373 729 2457 772 est
2505 720 2570 772 de
2607 717 2759 771 veste
2791 715 2917 780 Job,
2952 717 3180 785 Joseph,
3212 719 3357 772 Tha-

1805 827 1944 873 mar,
1971 809 2205 879 dcniquc
2239 808 2445 862 Domini
2483 805 2650 860 nostri
2686 805 2814 860 Jesu
2841 806 3077 872 Christi;
3115 823 3249 862 usus
3273 817 3357 861 est

1799 902 1961 970 igitur
1995 901 2077 953 sui
2113 899 2297 952 saeculi
2340 896 2604 951 vocabulo
2635 895 2831 950 Moses.
2866 896 3128 961 Quintum
3157 913 3223 950 ac
3255 913 3355 966 po-

1799 1005 2061 1048 stremum
2107 1001 2243 1054 erat,
2289 1005 2386 1045 cur
2415 1005 2553 1059 opus
2604 989 2768 1044 fuerit
2821 989 3141 1045 mortalibus
3175 1000 3350 1050 veste,

1798 1086 1890 1140 hic
1915 1084 2172 1146 dicimus,
2205 1091 2264 1136 ut
2291 1083 2607 1152 augustiore
2641 1090 2806 1149 atque
2848 1080 3181 1148 elegantiore
3207 1081 3354 1135 cultu

1796 1185 1997 1256 essent.
2025 1191 2198 1246 eoque
2226 1192 2255 1232 a
2285 1176 2458 1230 brutis
2497 1175 2868 1230 animantibus
2890 1175 3206 1241 diﬂ'errent;
3242 1185 3356 1229 tum

1796 1269 1961 1323 etiam
1993 1277 2050 1322 ut
2070 1268 2263 1322 armati
2293 1275 2477 1322 essent
2505 1266 2769 1321 adversus
2799 1266 3099 1336 frigora,et
3124 1276 3352 1331 :cstum;

1797 1361 2007 1422 adhmc,
2067 1369 2123 1413 ut
2175 1359 2406 1413 laterent
2459 1357 2703 1412 libidinis
2761 1358 3125 1412 irritamenta.
3159 1356 3225 1410 Et
3282 1359 3362 1412 ait

1799 1451 2051 1506 Dominus
2084 1450 2224 1504 Deus
2259 1468 2273 1505 :
2305 1449 2383 1502 15..
2419 1448 2589 1503 Adam
2621 1443 2795 1518 factus
2820 1458 2894 1502 est
2919 1458 2976 1502 ut
3000 1467 3136 1504 unus
3158 1467 3184 1504 e
3207 1451 3357 1504 nobis

1795 1546 1848 1598 iu
1877 1544 2226 1613 cognoscendo
2251 1543 2383 1596 bono
2403 1552 2450 1595 et
2475 1542 2638 1595 male.
2665 1539 3030 1609 Contemptim
3068 1551 3122 1596 et
3155 1542 3363 1596 irouice

1797 1635 1911 1689 haec
1940 1651 1967 1689 a
2003 1635 2114 1688 Deo
2135 1634 2392 1689 dicuntur
2419 1633 2484 1689 de
2506 1632 2712 1687 Adaino
2739 1633 2831 1701 qui
2857 1635 3121 1688 daemonis
3151 1633 3360 1690 fallaci-

1797 1726 1900 1786 bus
1922 1725 2104 1778 verbis
2149 1725 2465 1780 auscultans
2502 1736 2692 1793 captus
2743 1722 2952 1790 fuerat;
2992 1726 3136 1780 sicut
3198 1725 3361 1779 David

1796 1813 2004 1870 inducit
2034 1811 2202 1868 Deum
2241 1812 2630 1880 despicientem
2666 1822 2854 1878 gentes
2903 1827 3022 1878 quae
3072 1811 3361 1864 adversum

1800 1921 1863 1962 se
1920 1905 2335 1960 insurrexerant
2378 1919 2392 1955 :
2431 1900 2534 1965 Qui
2564 1902 2728 1964 sedet,
2766 1902 3020 1968 inquiens
3046 1941 3059 1962 .
3109 1902 3165 1954 in
3218 1901 3364 1954 cretis

1794 1996 2140 2059 deridebit,et
2179 1991 2639 2046 Dainiuusiltudet
2668 1992 2796 2060 ipsis
2822 1992 2890 2043 ".
2931 1990 3065 2044 Nam
3102 2007 3198 2059 per
3239 1991 3367 2044 illu-

1795 2089 2047 2152 sionem,
2118 2096 2282 2154 atque
2348 2085 2648 2148 deridens,
2716 2084 2791 2135 ait
2830 2083 3099 2137 accidisse
3157 2082 3365 2136 Adamo

1795 2179 2058 2250 quidquid
2092 2175 2323 2231 Satanas
2359 2175 2462 2244 ipsi
2495 2175 2822 2239 promiserat
2853 2192 2864 2228 :
2898 2185 2953 2228 ut
2999 2175 3090 2242 qui
3135 2176 3246 2243 jam
3282 2176 3361 2227 si-

1796 2273 1939 2327 milis
1967 2271 2192 2326 deorum
2225 2269 2464 2336 cuipiam
2507 2266 2690 2321 factus
2722 2266 2794 2319 sit
2815 2266 3077 2330 ;.scilicet
3109 2265 3201 2334 qui
3244 2282 3366 2334 qua:

1795 2367 1938 2421 bona
1980 2364 2228 2433 malaque
2245 2373 2396 2424 sunt,
2417 2362 2632 2429 cognita
2663 2360 2876 2414 habeat.
2901 2358 3169 2412 Cieterum
3206 2373 3370 2413 usur-

1797 2466 1888 2527 pat
1907 2457 2170 2525 pluralem
2206 2467 2516 2514 numerum,
2547 2461 2601 2502 ut
2644 2466 2780 2503 unus
2812 2465 2837 2503 ε
2883 2448 3056 2513 nobis,
3089 2449 3368 2516 inquiens,

1798 2550 1918 2604 sive
1966 2556 2188 2616 propter
2220 2542 2508 2598 Trinitatis
2557 2550 2966 2597 sacrosanctum
3023 2540 3359 2612 mysterium,

1797 2641 1913 2696 sive
1941 2641 2069 2708 quia
2094 2638 2346 2693 diabolus
2381 2636 2569 2690 itidem
2605 2635 2801 2704 plurali
2838 2649 3067 2688 numero
3098 2634 3311 2688 dixerat
3341 2645 3355 2682 :

1799 2733 1964 2786 Erilis
1989 2732 2126 2784 sicut
2151 2730 2255 2792 dii,
2280 2729 2502 2782 scientes
2523 2727 2645 2782 boni
2674 2736 2724 2782 et
2755 2728 2904 2780 mali.
2942 2725 3178 2781 Possunt
3203 2726 3367 2780 etiam

1799 2826 1913 2880 haec
1962 2823 2122 2877 verba
2173 2835 2270 2890 pro
2311 2835 2376 2874 ea
2407 2819 2810 2873 consuetudine
2841 2818 2984 2872 dicta
3021 2817 3221 2884 accipi,
3255 2832 3367 2882 qua

1797 2919 1974 2970 solent
2002 2913 2246 2967 homines
2277 2912 2484 2966 domini
2515 2926 2705 2966 servos
2747 2926 2878 2966 suos
2911 2910 3107 2965 acerbe
3141 2909 3365 2977 alloqui,

1795 3009 1842 3064 si
1881 3006 2103 3078 quando
2119 3014 2474 3059 contumaces
2505 3003 2755 3058 conferre
2775 3019 2844 3058 se
2875 3018 2969 3072 per
3009 3003 3367 3056 temeritatem

1797 3115 1923 3155 cum
1965 3101 2096 3166 ipsis
2135 3098 2356 3151 audent.
2412 3096 2607 3152 Dicunt
2637 3096 2781 3150 enim
2819 3113 2835 3149 :
2865 3095 2942 3148 En
2970 3095 3080 3162 jam
3114 3083 3246 3146 mihi
3276 3106 3370 3161 par

1801 3190 2042 3245 evasisti.
2081 3189 2384 3242 Adversum
2435 3187 2580 3241 enim
2614 3187 2767 3254 jussa
2811 3186 3084 3240 eﬂ'cctnris
3141 3184 3225 3237 sui
3277 3183 3369 3237 Dei

1801 3283 2041 3334 Adamus
2075 3281 2299 3342 fecerat,
2333 3278 2721 3347 eupiveratque
2754 3279 2828 3331 illi
2857 3277 3081 3347 aequalis
3114 3277 3368 3332 evadere.

1800 3373 1928 3429 Tale
1958 3374 2118 3427 etiam
2157 3372 2289 3425 illud
2323 3371 2528 3425 Christi
2553 3380 2638 3424 est
2665 3372 2732 3424 ad
2759 3369 2953 3423 .Imlam
2988 3371 3361 3439 proditorem:

1801 3465 1964 3534 Cujus
1996 3471 2071 3518 rei
2097 3480 2258 3518 causa
2281 3464 2488 3527 venisti,
2517 3465 2652 3516 socie
2689 3464 2758 3515 uti
2781 3463 2864 3515 “‘i
2895 3463 3129 3515 Possunt
3157 3471 3375 3530 prater-

1801 3557 1944 3610 eain
1982 3557 2125 3610 lianc
2181 3570 2399 3625 quoque
2440 3554 3125 3623 interpretatisententiam
3164 3552 3368 3606 :Adam

1803 3659 2087 3717 postquam
2114 3645 2224 3700 edit
2245 3648 2310 3700 de
2342 3646 2539 3717 arbore
2575 3649 2761 3710 vetita,
2797 3645 2910 3712 ipsa
2933 3644 3010 3697 rei
3035 3643 3369 3711 experientia

1803 3738 1993 3792 didicit
2042 3737 2170 3806 quid
2232 3737 2431 3790 bonum
2463 3744 2607 3790 esset
2638 3745 2692 3790 et
2730 3736 2858 3805 quid
2896 3735 3120 3798 malum,
3148 3734 3292 3789 sicut
3320 3743 3374 3788 et

1808 3828 1948 3882 Deus
1997 3828 2083 3880 illa
2114 3828 2331 3896 cognita
2371 3824 2567 3890 habet;
2631 3841 2736 3879 non
2769 3826 2991 3895 quidem
3027 3826 3114 3880 hic
3151 3840 3244 3894 per
3273 3840 3373 3880 ex-

1807 3919 2150 3987 perientiam,
2197 3918 2289 3972 sed
2334 3926 2389 3969 ut
2422 3917 2468 3971 is
2501 3918 2592 3985 qui
2637 3918 2817 3970 omnia
2849 3917 3001 3971 novit
3022 3955 3036 3979 ,
3071 3915 3364 3985 praeterita,

1806 4009 2113 4080 praesentia,
2172 4007 2374 4062 futura.
2424 4007 2664 4062 Adamus
2693 4009 2839 4061 enim
2889 4007 3210 4077 priusquam
3259 4006 3375 4060 l'ru-

1807 4112 1951 4155 etum
1987 4117 2094 4171 quo
2135 4101 2237 4156 sibi
2285 4101 2637 4154 interdictum
2669 4109 2806 4164 erat,
2843 4109 3133 4164 gustasset,
3163 4113 3258 4167 per
3287 4111 3375 4151 so-

1812 4193 1922 4246 lam
1974 4191 2362 4260 cogitationem
2412 4182 2747 4259 intélligebat
2791 4190 2921 4257 quid
2972 4188 3178 4242 bonum
3205 4195 3372 4248 esset,

1808 4285 2044 4353 quidque
2099 4284 2327 4344 malum,
2362 4292 2481 4352 post
2515 4297 2642 4334 vero
2671 4297 2766 4349 per
2801 4282 2971 4349 ipsam
3007 4282 3171 4332 etiam
3204 4293 3373 4346 expe-

1812 4374 2055 4439 rientiam
2085 4393 2099 4426 :
2131 4373 2228 4426 sed
2252 4373 2393 4426 Deus
2421 4372 2777 4426 exactissime.
2820 4382 2984 4438 atque
3022 4370 3212 4423 intime
3245 4385 3370 4421 om-

156 4463 326 4506 casset
376 4454 609 4507 humana
642 4470 698 4507 se
746 4457 924 4522 specie
970 4457 1157 4525 primis
1185 4458 1496 4524 parentibus
1521 4469 1779 4532 osteu—D
1810 4463 1902 4516 nia
1960 4463 2242 4525 cognoscit.
2287 4478 2410 4517 cum
2464 4464 2542 4534 [sit
2589 4462 2841 4516 conditor
2883 4461 3214 4528 eﬂectorqne
3262 4474 3376 4510 om-

151 4547 298 4609 dcns,
340 4546 514 4599 induit
552 4548 696 4614 ipsos
720 4549 905 4615 pelles,
946 4549 1062 4602 solo
1094 4550 1213 4617 ejus
1238 4561 1368 4604 nutu
1399 4551 1702 4618 pecudibus

154 4639 453 4702 detractas;
492 4649 652 4706 atque
683 4643 865 4702 verbo,
899 4643 950 4694 in
980 4643 1189 4696 tunicas
1219 4643 1615 4699 coniormatas.
1647 4647 1715 4698 Et.

159 4744 279 4780 vero
347 4730 599 4784 dominus
658 4730 887 4799 Ephrem
941 4733 1015 4786 ait
1081 4732 1308 4787 fortasse
1357 4751 1536 4788 coram
1602 4737 1707 4792 illis

154 4819 420 4884 jugulatas
450 4837 570 4875 esse
592 4823 848 4890 pecudes,
873 4834 929 4876 ut
963 4840 1148 4877 earum
1179 4841 1372 4880 carnes
1400 4828 1496 4893 ipsi
1532 4844 1708 4882 vesce-

160 4919 358 4969 rentur,
432 4911 706 4978 coriisque
772 4914 1066 4981 nuditatem
1129 4931 1280 4968 suam
1345 4920 1708 4983 cooperirent,

157 4998 381 5067 denique
413 5016 478 5053 ex
525 5003 762 5069 ipsarum
796 5018 965 5058 morte
995 5022 1050 5059 se
1083 5023 1298 5076 quoque
1335 5010 1576 5062 mortalia
1610 5011 1705 5062 ha-

160 5092 270 5142 bere
302 5108 532 5160 corpora
566 5094 944 5165 intelligerent.
983 5098 1074 5151 Est
1105 5116 1264 5166 porro
1297 5112 1350 5154 et
1384 5103 1482 5154 boc
1513 5114 1704 5156 notau-

160 5182 296 5242 ilum,
317 5198 440 5234 esse
473 5201 533 5236 ex
569 5184 917 5250 interpretum
952 5194 1281 5257 numcroqui
1304 5193 1467 5256 dicat,
1493 5194 1614 5245 inde
1641 5195 1707 5248 alt

164 5270 358 5324 Adamn
391 5285 443 5325 et
478 5275 582 5328 Eva
624 5288 849 5331 cunctos
894 5284 1147 5335 mortales
1181 5285 1408 5350 pellibus
1457 5286 1705 5337 animan-

167 5366 288 5414 tium
320 5366 541 5419 vcstitos
580 5369 747 5421 fuisse
783 5371 848 5422 ad
888 5372 1153 5425 inventam
1189 5391 1357 5441 nsque
1383 5379 1448 5429 ab
1475 5378 1705 5433 homini-

225 5521 265 5550 "
301 5522 445 5577 Psal.
489 5542 546 5589 ll,
589 5527 676 5580 40.
754 5528 797 5556 ⁸⁰
842 5527 1026 5582 Matth.
1077 5547 1221 5594 uti,
1264 5533 1351 5584 ΞΟ.

1811 4553 1986 4605 nium.
2022 4551 2262 4621 Denique
2285 4552 2359 4605 ita
2392 4567 2685 4620 possumus
2720 4551 3023 4618 intelligere
3056 4550 3201 4601 dicta
3251 4548 3377 4609 ista,

1806 4657 1868 4696 ac
1895 4644 1941 4695 si
1977 4644 2122 4697 Deus
2172 4644 2287 4713 ipse
2335 4653 2554 4698 accuset
2594 4645 2925 4696 voluntatem
2978 4640 3376 4706 arbitriumque

1806 4733 2109 4801 Adamiqni
2141 4734 2476 4788 aﬂectaverit
2499 4734 2638 4786 Deus
2661 4749 2802 4796 esse,
2833 4733 2975 4801 quod
3008 4732 3118 4785 lieri
3150 4745 3375 4800 prorsus

1811 4827 2094 4892 nequiret;
2130 4842 2252 4877 nam
2284 4825 2596 4878 mortalium
2628 4840 2787 4877 nemo
2819 4840 2910 4891 per
2941 4833 3119 4876 tantas
3147 4824 3374 4872 virtutes

1810 4919 1980 4969 vitam
2025 4933 2184 4986 agere
2228 4927 2429 4985 potest,
2470 4928 2531 4970 ut
2569 4916 2665 4970 Dei
2722 4929 2975 4970 naturam
3026 4923 3372 4980 assequatur.

1805 5007 1921 5061 Erit
1953 5008 2136 5075 itaque
2186 5009 2271 5061 hic
2305 5010 2596 5062 verborum
2631 5023 2823 5062 sensus
2859 5023 2870 5058 :
2917 5007 2991 5057 En
3032 5006 3199 5056 Adam
3223 5004 3374 5068 cupi-

1803 5101 1880 5152 vit
1910 5101 2122 5168 quidem
2155 5118 2276 5154 esse
2307 5102 2480 5168 qualis
2504 5118 2644 5155 unus
2674 5111 2942 5156 nostrum,
2976 5113 3160 5149 verum
3193 5110 3366 5162 neque

1805 5191 1982 5244 factus
2007 5203 2110 5254 est,
2159 5208 2221 5244 ac
2254 5207 2427 5260 neque
2472 5192 2635 5245 etiam
2666 5205 2726 5243 ut
2776 5191 2865 5244 iiat
2911 5189 2993 5243 fas
3028 5198 3130 5242 est.
3187 5189 3369 5252 Itaque

1807 5285 1937 5338 illud
1980 5304 1992 5338 :
2029 5285 2108 5338 En
2146 5286 2315 5352 [actus
2350 5297 2448 5349 est,
2508 5287 2730 5354 perinde
2776 5288 2879 5340 erit
2914 5300 2977 5337 ac
3030 5285 3072 5336 si
3130 5284 3373 5347 m-gative

1805 5380 1956 5432 dicas
1994 5398 2004 5432 :
2042 5378 2161 5433 Non
2211 5390 2293 5436 est
2320 5380 2494 5437 iactus
2524 5391 2583 5434 ut
2613 5397 2758 5436 unus
2788 5391 3051 5435 nostrum.
3079 5375 3204 5428 Jam
3232 5393 3371 5437 τετυ,

230 5664 481 5755 Si!”
520 5682 712 5755 "9mm
754 5680 1007 5755 ‘l“'“_‘4‘|".
1049 5675 1362 5755 (minuit/in,
1390 5677 1454 5724 ab
1480 5675 1698 5731 llebmo
1765 5683 2043 5744 vocabulo,
2087 5684 2355 5749 Cetoiii’t/i,
2430 5686 2540 5738 sive
2596 5685 2906 5751 Uttttonct/t,
2946 5702 3107 5755 aquo
3135 5699 3183 5739 Ct
3217 5684 3366 5736 (ita:-

169 5748 272 5783 (um
303 5733 463 5799 χιῐῶν
499 5749 677 5792 natum
713 5754 813 5806 cst,
848 5752 896 5791 ut
936 5760 1028 5808 ego
1057 5753 1197 5796 ci-rtc
1227 5747 1475 5810 comitio.
