4176 6486
533 330 641 395 575

1804 331 2031 394 MOSIS
2066 334 2218 397 ΒΑΗ
2257 337 2499 399 CEPHA

3653 339 3755 403 576

528 446 777 517 fortassis
806 444 1055 499 extendat
1085 460 1295 497 manum
1321 461 1470 499 suam
1507 450 1556 499 ει
1588 453 1766 499 “mal
1812 446 1875 501 de
1917 446 2105 504 arbore
2131 451 2177 512 Α
2203 458 2246 510 si
2275 457 2339 511 ad
2377 426 2625 512 arborem;
2658 456 2782 513 vitae
2819 456 3013 512 fuisset
3066 455 3369 517 admissus,
3412 462 3470 509 ut
3499 467 3599 509 nec
3632 453 3756 509 vita:

528 541 651 593 vitat
700 546 751 590 et
775 538 891 593 edat
922 554 985 591 ac
1022 538 1155 591 visat
1184 536 1241 591 in
1267 546 1539 592 ctmuns.
1566 534 1667 591 Hic
1692 552 1856 592 causa
1885 538 2093 608 profer-

530 638 641 692 tur,
667 643 768 683 cur
800 643 907 684 non
949 630 1021 683 sit
1044 629 1269 685 relictus
1296 629 1539 684 Adamus
1568 628 1620 683 in
1653 606 2092 699 paradiso'post-

530 717 1195 790 quam‘adversumlegem
1227 718 1323 772 Dei
1355 717 1596 787 fecisset,
1628 720 2088 790 deliquissetque;

531 821 725 883 estque
778 813 868 866 hic
907 802 1129 865 collatio
1161 809 1372 864 arboris
1393 810 1517 865 vitm
1542 818 1665 866 eum
1697 811 1889 870 arbore
1914 811 2094 865 scien-

532 898 860 972 tiaa;'quasi
913 901 1059 969 dicat
1110 899 1253 955 Deus
1286 917 1304 955 :
1341 899 1492 954 Sicut
1525 900 1802 970 protendit
1841 915 2092 965 manum,

533 993 879 1063 sumpsitque
913 993 980 1071 de
1018 991 1212 1045 arbore
1239 990 1479 1046 scientia:
1501 998 1554 1045 et
1581 994 1838 1053 c‘omedit,
1874 1008 1978 1063 qua
2010 993 2095 1047 in-

536 1084 863 1139 terdixeram
893 1083 963 1144 ei,
992 1091 1349 1152 protensurus
1367 1091 1450 1136 est
1471 1086 2091 1159 manum,'sumpturus-

534 1191 644 1245 que
671 1175 832 1229 etiam
861 1173 930 1228 de
959 1177 1159 1228 arbore
1178 1174 1301 1228 vita:
1328 1172 1490 1244 atque
1513 1162 1742 1240 esurus,
1778 1189 1843 1230 ac
1870 1174 2096 1245 proinde

537 1267 785 1321 victuma
824 1265 889 1318 itr
914 1260 1233 1334 perpetuum
1266 1266 1311 1319 si
1346 1264 1402 1319 in
1430 1266 1682 1334 paradiso
1724 1267 2087 1338 rciinquatur.

530 1355 667 1410 Nam
702 1355 750 1411 si
784 1357 1003 1411 vetitam
1046 1356 1297 1438 arborem
1344 1340 1589 1426 tangere,
1623 1358 1881 1428 vescique
1928 1373 2094 1415 ausus

536 1458 645 1515 est,
676 1456 879 1514 quanto
915 1445 1087 1516 magis
1127 1461 1237 1501 non
1270 1447 1491 1502 vetitam
1529 1448 1867 1519 contingere,
1911 1449 2101 1504 edere-

534 1554 641 1609 que
662 1538 918 1592 audebit?
947 1536 1117 1593 Porro
1146 1537 1276 1592 illud
1310 1556 1325 1592 :
1360 1535 1443 1591 Ne
1472 1539 1745 1608 fortassis,
1796 1554 1907 1594 non
1942 1540 2094 1595 accib

535 1630 792 1701 piendum
825 1639 910 1686 est
947 1631 1103 1700 quasi
1131 1630 1295 1686 dubie
1324 1630 1531 1685 dictum
1563 1645 1593 1685 a
1624 1630 1735 1686 Deo
1755 1644 1915 1702 quem
1961 1629 2097 1686 nihil

2165 539 2263 615 ,ita
2327 561 2498 614 neque
2552 546 2800 602 dolorum
2853 556 3325 615 aarumnarumque
3379 543 3581 613 quibus
3635 544 3755 600 hac

2190 635 2383 691 fuisset
2408 638 2584 707 plena,
2604 653 2836 707 unquam
2858 638 3015 692 tinem
3047 645 3332 692 assecutus
3364 634 3557 691 fuisset
3584 653 3599 701 ;
3626 634 3740 703 jam

2195 727 2340 780 enim
2385 730 2825 796 pronuntiaverat
2857 728 3020 791 Deus,
3048 742 3172 783 cum
3203 725 3480 782 doloribus
3506 726 3751 779 anxieta-

2189 810 2442 881 tibusque
2501 813 2650 866 illum
2685 812 2952 866 victurum
2994 827 3010 866 :
3047 826 3216 881 quare
3249 811 3294 864 si
3328 819 3527 864 mterna
3567 807 3759 862 fuisset

2190 917 2251 956 ea
2292 903 2422 963 vita,
2464 902 2696 958 fuissent
2723 912 2777 958 et
2824 904 3055 957 miseriae
3085 901 3442 956 immortales.
3492 901 3757 955 Praeterea

2192 992 2313 1047 ideo
2350 993 2511 1046 etiam
2559 992 2628 1047 ab
2654 993 2850 1048 arbore
2883 994 3007 1047 vitae
3038 993 3187 1046 illum
3241 992 3481 1047 coercuit
3544 1007 3613 1045 ne
3656 990 3760 1045 im-

2191 1083 2567 1138 mortalitatem
2603 1084 2849 1154 adeptns,
2874 1100 2966 1153 per
2992 1082 3365 1139 confidentiam
3388 1083 3614 1152 agitaret
3642 1099 3758 1138 ontv

2191 1188 2313 1227 nem
2344 1174 2534 1240 vitam,
2563 1176 2654 1230 sed
2683 1166 2923 1229 animum
2950 1176 3014 1229 ad
3049 1175 3421 1244 paenitentiam
3456 1173 3755 1237 induceret,

2194 1264 2445 1333 hancque
2491 1280 2678 1317 curam
2714 1264 2936 1319 haberet
2966 1264 3139 1318 donec
3178 1264 3391 1318 tandem
3420 1263 3486 1316 de
3520 1263 3641 1315 vitae
3671 1276 3759 1316 ar-

2195 1352 2330 1407 bore
2373 1360 2555 1418 posset
2584 1352 2767 1416 edere,
2798 1352 2917 1421 ipso
2948 1351 3169 1407 Christo
3211 1352 3305 1421 qui
3334 1351 3455 1405 vitae
3484 1351 3647 1406 arbor
3676 1359 3761 1407 est

2196 1444 2422 1514 mystico
2442 1458 2628 1499 sensu.
2658 1442 2896 1514 Denique
2924 1446 3093 1512 ipsius
3123 1445 3373 1521 pravitas
3390 1452 3654 1514 perpetua
3677 1458 3763 1499 es-

2197 1542 2301 1596 set,
2337 1534 2647 1602 cujusmodi
2677 1545 2757 1590 est
2795 1534 3016 1592 diaboli.
3778 1582 3781 1583 ν

2268 1625 2375 1682 Cur
2407 1642 2435 1681 ο
2463 1626 2713 1696 paradiso
2758 1627 2951 1695 ejectus
2982 1629 3178 1683 Adam.
3204 1658 3276 1671 -—
3304 1626 3381 1683 De
3411 1628 3562 1683 hisce
3600 1627 3763 1697 igitur

520 1721 783 1775 omnium
815 1719 973 1786 lat’et,
999 1720 1115 1775 sive
1142 1720 1497 1790 praeteritum,
1530 1723 1645 1776 sive
1683 1737 1950 1791 praesens,
1979 1723 2096 1776 sive
2154 1758 2167 1773 .
2199 1720 2386 1776 causis
2418 1718 2725 1790 prohibitus
2755 1730 2838 1775 est
2876 1721 3042 1774 Adam
3073 1722 3143 1777 ab
3186 1721 3381 1776 arbore
3417 1722 3561 1775 vitae.
3591 1720 3764 1775 Caete-

538 1812 782 1867 futurum
806 1813 1050 1882 :quippe
1070 1812 1217 1868 enim
1248 1821 1308 1867 ut
1332 1827 1446 1868 rem
1473 1813 1837 1884 certissimam
1863 1813 2099 1867 atlirmat
2132 1799 2173 1855 Β
2204 1827 2324 1865 rum
2364 1811 2481 1866 alite
2516 1819 2661 1876 sunt,
2695 1826 2794 1866 cur
2829 1811 3082 1881 paradiso
3103 1796 3178 1866 sit
3205 1812 3535 1867 eliminatos.
3559 1809 3764 1880 Nempe

540 1915 889 1974 sumpturum
915 1904 1068 1958 illum
1103 1903 1169 1957 de
1194 1905 1391 1959 arbore
1415 1905 1561 1967 vitae,
1591 1914 2096 1975 comesturumque,

540 2005 705 2065 atque
732 1976 1315 2065 perpetuo°victurum
1360 1993 1466 2065 nisi
1510 1995 1765 2064 paradiso
1817 1993 2093 2065 ejiciatur.

539 2064 802 2142 Cancrum
833 2064 1083 2155 quaenam
1120 2083 1287 2139 fuerit
1314 2064 1560 2140 ilia'vitae
1592 2086 1775 2153 arbor,
1807 2064 1861 2141 et
1899 2098 2012 2140 cur
2036 2100 2104 2142 eo

537 2177 764 2231 nomine
796 2175 1100 2246 appellata,
1160 2181 1285 2228 ante
1354 2175 1939 2241 commemoravimus;
2006 2174 2101 2228 ubi

548 2268 684 2323 illud
718 2281 935 2337 quoque
967 2254 1226 2322 dixinius
1273 2281 1382 2337 qua
1438 2266 1507 2321 de
1537 2280 1703 2322 causa
1758 2265 2097 2320 interdixerit

547 2360 695 2415 Deus
717 2359 949 2423 Adamo,
1004 2358 1205 2414 arbore
1235 2359 1384 2414 vita.
1422 2361 1492 2413 Et
1528 2358 1747 2412 immisit
1786 2359 1959 2427 ipsum
1991 2356 2100 2410 Do-

541 2455 713 2507 minus
750 2451 889 2506 Deus
920 2460 1073 2505 extra
1117 2450 1425 2519 paradisum
1474 2448 1640 2514 Ede»,
1675 2456 1734 2500 ut
1779 2447 1971 2501 coleret
2002 2455 2081 2501 ter

544 2559 659 2599 rant
677 2560 752 2598 ea:
783 2554 901 2613 qua
917 2541 1385 2613 sumptusfuerat.
1948 2581 1953 2587 ρ

612 2636 781 2691 Adam
835 2635 1033 2704 ejectus
1063 2634 1401 2703 exparadiso
1424 2660 1487 2671 —-
1520 2624 1699 2701 Supra
1742 2638 2102 2685 memoratum

547 2737 648 2796 est,
682 2728 968 2782 Dominum
1009 2712 1602 2796 aecepisse-Adamum,
1637 2723 1902 2792 satque-in
1941 2738 2105 2792 para-

552 2821 729 2874 disum
760 2818 1011 2879 misisse,
1047 2814 1137 2870 hic
1187 2825 1335 2869 vero
1371 2813 1625 2868 emisisse
1672 2822 1923 2866 narratur
1958 2822 2109 2868 extra

549 2909 859 2978 paradisum
886 2920 901 2960 :
928 2905 1084 2975 quasi
1115 2903 1278 2967 dicat,
1327 2917 1449 2958 eum
1486 2902 1717 2972 quodam
1762 2902 1963 2971 impetu
2014 2901 2112 2955 abs

545 3015 605 3055 se
642 2997 941 3068 propulisse
990 3006 1155 3063 atque
1179 2995 1518 3058 eiiminasse,
1582 3008 1762 3061 neque
1791 2995 2109 3049 comitatum

549 3070 673 3145 esse
738 3088 1049 3147 abeuntem.
1099 3086 1296 3155 quippe
1333 3098 1397 3139 ex
1456 3084 1852 3149 iucundissima
1911 3084 2110 3154 quiete,

548 3181 727 3251 qualis
754 3180 894 3233 intra
922 3178 1234 3249 paradisum
1275 3176 1459 3232 fuerat
1491 3168 1816 3231 amendabat
1840 3176 2016 3245 ipsum
2049 3176 2114 3229 ad

552 3270 836 3325 colendam
858 3280 1081 3332 terram,
1137 3282 1385 3337 asperam
1434 3282 1564 3321 sane
1594 3281 1658 3321 ac
1689 3267 1955 3322 diilicilem
1989 3280 2118 3335 Ope-

554 3377 701 3425 ram,
744 3369 804 3414 ut
850 3375 971 3429 qua:
1003 3374 1232 3429 prorsus
1277 3355 1572 3411 omniotio
1593 3371 1657 3412 ac
1679 3359 1869 3427 requie
1916 3366 2119 3412 careat.

557 3451 720 3506 Addit
759 3464 920 3519 porro
958 3467 972 3502 :
1015 3448 1097 3502 Ε»
1141 3465 1243 3517 qua
1273 3459 1512 3519 sumptus
1561 3450 1756 3518 fuerat,
1782 3448 1929 3517 quia
1972 3447 2033 3499 de
2057 3460 2121 3501 ea

560 3552 701 3596 terra
726 3542 791 3595 ad
823 3556 984 3610 quam
1007 3540 1364 3596 exercendum
1398 3543 1690 3595 remittitur
1722 3549 1977 3608 acceptus
2001 3538 2120 3591 fne-

561 3638 643 3683 rat
679 3617 857 3699 pulvis
887 3629 1137 3698 ﬁngendo
1164 3630 1662 3699 confortnandoque
1706 3628 1836 3681 Atia:
1885 3628 2119 3695 corpori,

560 3729 619 3772 ut
646 3725 771 3772 ante
800 3725 881 3771 est
914 3726 1273 3771 memoratum
1306 3718 1388 3772 his
1417 3717 1597 3785 verbis
1630 3714 1721 3768 :Et
1756 3715 1910 3783 ﬁnxit
1942 3714 2122 3769 Domi-

559 3825 657 3863 nus
684 3808 825 3862 Deus
850 3808 1116 3863 Adamum
1168 3809 1435 3877 puluerem
1450 3808 1513 3861 de
1555 3817 1715 3861 terra.
1751 3810 1827 3861 Ac
1878 3820 2068 3861 rursus
2104 3823 2119 3859 :

566 3901 738 3956 Donec
765 3912 1017 3957 revertare
1050 3905 1101 3955 in
1126 3912 1321 3955 terram
1350 3903 1413 3954 de
1434 3919 1539 3971 qua
1569 3910 1806 3969 sumptus
1832 3917 1903 3954 es.
1926 3899 1994 3952 Et
2024 3899 2121 3951 eli-

563 3992 777 4046 minavit
807 3994 971 4060 ipsum
1002 3992 1257 4046 Dominus
1293 3991 1427 4044 Deus
1453 4011 1466 4045 :
1496 3993 1931 4045 nimirum'extra
1964 4004 2123 4058 para-

568 4086 779 4148 disum,
797 4099 957 4151 quem
990 4084 1190 4154 alioqui
1221 4082 1691 4139 illius‘obleetandi
1727 4083 1897 4151 gratia
1940 4080 2127 4135 condi-

569 4174 1088 4229 derat.Existimant
1120 4176 1390 4239 nonnulli,
1432 4174 1622 4239 Deum,
1673 4176 1819 4245 quod
1859 4175 2125 4232 Adamum

570 4266 890 4336 prohibuita
926 4268 1192 4337 gustanda
1219 4268 1342 4322 vitae
1373 4268 1569 4321 arbore
1592 4276 1643 4321 et
1665 4266 1919 4335 paradiso
1943 4264 2125 4333 ejecit,

577 4360 814 4427 denique
843 4359 985 4428 quod
1020 4360 1181 4414 morti
1214 4358 1440 4423 addixit,
1467 4360 1665 4413 iratum
1690 4357 1917 4413 fecisse:
1944 4371 2128 4411 verum

2196 1916 2410 1972 aequum
2448 1918 2553 1955 non
2579 1911 2694 1957 erat
2715 1901 2962 1979 utiochm
2982 1903 3252 1959 obtineret
3279 1919 3516 1966 sacrum,
3548 1912 3763 1972 postea-

2198 2010 2357 2067 quam
2399 1993 2547 2049 iilum
2598 1994 2713 2065 lege
2758 1994 2978 2059 violata,
3035 2011 3132 2065 per
3173 2004 3455 2067 peccatum
3481 1994 3763 2077 profanas-

2201 2095 2303 2149 set,
2342 2095 2394 2141 et
2443 2094 2561 2140 erat
2590 2085 2719 2140 illud
2743 2094 2949 2139 tantum
3000 2085 3279 2149 delictum,
3331 2086 3434 2141 hoc
3461 2086 3652 2141 exsilio
3684 2083 3770 2139 di-

2198 2190 2394 2247 gnum.
2426 2176 2693 2246 Praeterea
2754 2175 3081 2232 erudiendus
3137 2184 3277 2243 erat,
3343 2190 3651 2247 perperam
3686 2188 3766 2239 se,

2202 2267 2531 2337 contemptis
2587 2266 2678 2321 Dei
2758 2266 2950 2335 jussis,
2990 2268 3308 2322 obsecutum
3367 2282 3489 2321 esse
3542 2264 3771 2320 consilio

2206 2359 2539 2417 fraudulenti
2574 2359 2768 2421 hostis,
2803 2367 2965 2427 atque
3008 2360 3185 2413 edisse
3215 2357 3283 2414 de
3341 2358 3503 2413 vetita
3556 2357 3768 2412 arbore.

2203 2449 2427 2519 Insuper
2478 2449 2606 2503 dum
2653 2448 2742 2503 ille
2767 2448 3004 2518 ejicitur,
3045 2442 3268 2504 verbum
3320 2446 3411 2504 Dei
3446 2458 3617 2522 ratum
3691 2448 3768 2513 iit,

2205 2556 2311 2612 quo
2341 2541 2660 2613 przedixerat
2689 2542 2863 2611 ipsum
2892 2525 2980 2597 ea.
3014 2543 3097 2597 die
3152 2542 3471 2617 moriturum
3505 2558 3611 2612 qua
3645 2542 3775 2596 ede-

2206 2618 2384 2689 ret‘de
2414 2634 2607 2687 arbore
2659 2626 2933 2699 scientiae;
2978 2640 3176 2688 contra
3216 2647 3344 2687 vero
3378 2632 3639 2687 mendacii
3686 2648 3775 2685 ar-

2217 2725 2400 2794 guitur
2445 2723 2653 2778 da‘mon
2688 2724 2779 2793 qui
2807 2706 2953 2794 spem
2991 2723 3067 2778 illi
3101 2733 3261 2795 atque
3291 2721 3543 2779 ﬁduciam
3568 2724 3775 2778 fecerat

2210 2817 2323 2871 fore
2366 2826 2424 2871 ut
2455 2816 2593 2871 Deus
2642 2816 2893 2889 evaderet
2923 2817 2968 2871 si
3001 2826 3346 2882 vesceretur;
3417 2814 3615 2885 quippe
3665 2831 3774 2869 non

2210 2909 2371 2964 modo
2401 2924 2509 2963 non
2553 2910 2725 2963 evasit
2749 2908 2799 2961 in
2834 2907 3024 2973 Deum,
3055 2909 3148 2963 sed
3176 2908 3294 2977 ipso
3331 2906 3492 2962 etiam
3527 2906 3779 2976 paradiso

2212 2997 2445 3051 extorris
2482 2997 2656 3051 factus
2685 3006 2789 3050 cst.
2830 2997 3050 3063 Adhaae,
3089 2997 3133 3050 si
3165 2997 3216 3050 in
3258 2996 3510 3063 paradiso
3544 2994 3778 3049 mansis-

2218 3099 2295 3142 set
2356 3099 2663 3156 suspectum
2697 3089 2944 3145 fortassis
2999 3090 3213 3144 invidias
3248 3088 3416 3142 Deum
3482 3070 3817 3155 habuisset,-

2217 3180 2308 3249 qui
2365 3179 2464 3233 sibi
2524 3181 2643 3233 vitae
2695 3180 2901 3234 arboris
2947 3195 3069 3235 esca
3104 3180 3483 3235 interdixisset.
3538 3179 3781 3249 Denique

2219 3271 2341 3325 dum
2374 3272 2549 3324 solum
2582 3263 2761 3333 vertit,
2810 3269 3062 3337 intelligit
3092 3270 3303 3324 tandem
3337 3270 3389 3323 in
3427 3279 3627 3343 quanta
3660 3266 3781 3324 feli-

2220 3363 2383 3417 citate
2416 3372 2659 3416 versatus
2693 3358 2761 3415 sit
2800 3361 3113 3430 priusquam
3160 3372 3437 3430 peccaret;
3488 3372 3542 3417 et
3587 3377 3780 3417 rursus

2220 3455 2273 3508 in
2306 3469 2470 3523 quam
2500 3454 2696 3508 multus
2734 3454 2984 3507 miserias
3024 3452 3388 3520 praecipitatus
3417 3454 3507 3518 sit,
3550 3469 3616 3509 eo
3637 3453 3780 3522 quod

2221 3545 2500 3599 adversum
2539 3543 2626 3596 Dei
2655 3544 2821 3611 legem
2871 3540 3079 3595 fecerit.
3124 3541 3407 3597 Postremo
3456 3542 3656 3595 idcirco
3702 3551 3787 3595 est

2220 3638 2471 3705 paradiso
2501 3636 2727 3703 ejectus,
2788 3644 2846 3687 ut
2893 3644 3175 3703 peccatum
3235 3648 3393 3687 suum
3448 3642 3781 3703 agnosceret,

2222 3727 2572 3794 sedulamque
2626 3740 2839 3793 operam
2878 3725 3203 3795 paenitentia;
3242 3724 3413 3786 daret,
3452 3732 3505 3777 et
3559 3723 3786 3792 supplex

2223 3834 2251 3871 a
2284 3818 2392 3871 Deo
2427 3818 2795 3881 contenderet,
2842 3826 2903 3871 ut
2940 3832 2999 3871 se
3040 3818 3093 3871 in
3132 3816 3418 3885 pristinum
3460 3817 3771 3870 restitueret

2222 3910 2422 3964 locum.
2466 3908 2761 3963 Conficitur
2808 3907 2988 3976 itaque
3020 3922 3085 3961 ex
3124 3906 3208 3960 his
3243 3922 3363 3976 quas
3392 3907 3503 3975 jam
3543 3920 3786 3960 comme-

2227 4000 2580 4063 moravimus,
2618 4011 2959 4067 nequaquam
2994 4011 3088 4067 per
3117 3996 3251 4051 iram
3279 3996 3606 4066 prohibitum
3638 3996 3790 4050 illum

2226 4108 2255 4147 a
2286 4092 2394 4146 Deo
2426 4107 2545 4146 esse
2578 4092 2645 4145 ab
2669 4091 2860 4144 arbore
2892 4090 3011 4143 vitm
3041 4104 3214 4159 neque
3253 4090 3502 4159 paradiso
3537 4089 3789 4156 ejectum,

2225 4184 2309 4238 vel
2355 4183 2515 4236 morti
2552 4182 2710 4235 etiam
2744 4179 3057 4245 addictum;
3099 4181 3194 4235 sed
3232 4195 3296 4233 ex
3325 4195 3472 4233 mera
3510 4180 3597 4234 Dei
3629 4180 3791 4234 mise-

2227 4275 2480 4335 ricordia,
2506 4281 2560 4329 et
2592 4273 2821 4328 sollicita
2869 4272 2985 4343 ejus
3016 4287 3165 4328 cura.
3194 4261 3301 4327 Sed
3331 4273 3473 4326 enim
3508 4272 3616 4326 sint
3656 4272 3789 4333 haec,

2228 4368 2368 4423 dicet
2399 4365 2617 4435 aliquis,
2647 4364 2720 4420 ita
2754 4380 2878 4419 cum
2921 4364 3127 4419 Adamo
3172 4372 3289 4419 acta
3326 4365 3393 4419 ab
3421 4364 3542 4433 ipso
3577 4362 3705 4422 Deo,
3732 4372 3793 4416 nt

576 4468 677 4508 nos
703 4467 889 4509 contra
919 4467 1015 4522 per
1044 4451 1135 4506 Dei
1168 4453 1592 4508 misericordiam
1628 4462 1788 4522 atque
1819 4464 2004 4506 curam
2039 4448 2129 4502 illa
2161 4461 2205 4515 ι)
2232 4459 2309 4513 iui
2349 4456 2696 4528 prodessent;
2733 4464 2787 4509 at
2832 4455 3064 4517 labores,
3128 4454 3361 4518 dolores,
3405 4454 3569 4508 sudor
3616 4453 3790 4516 faciei,

570 4545 713 4600 facta
743 4561 862 4602 esse
884 4547 1145 4611 dicimus;
1183 4546 1429 4615 quamvis
1456 4545 1599 4600 enim
1627 4544 1899 4599 contraria
1922 4543 2062 4598 inter
2078 4556 2137 4597 se

576 4635 878 4701 videantur,
905 4636 1169 4691 inducere
1190 4636 1244 4690 in
1270 4636 1582 4699 paradisum
1624 4644 1679 4691 et
1701 4637 1919 4706 ejicere,
1941 4643 2123 4689 tamen

576 4736 869 4796 utrumque
910 4728 1063 4797 juxta
1094 4729 1289 4783 divinae
1332 4728 1636 4783 clementiae
1676 4742 1812 4797 Opus
1863 4736 1915 4781 et
1943 4740 2127 4781 curam

580 4834 741 4887 quam
777 4833 902 4889 erga
949 4837 1117 4889 genus
1145 4821 1442 4875 humanum
1476 4820 1694 4889 gerebat
1723 4818 1908 4884 fuisse,
1943 4834 2005 4873 ex
2045 4817 2130 4873 his

578 4921 879 4974 cognoscas
909 4909 1034 4964 licet
1061 4927 1074 4976 ;
1117 4910 1320 4965 ideirco
1345 4910 1488 4964 enim
1518 4909 1823 4979 prohibitus
1850 4920 1933 4962 est
1965 4894 2031 4959 ab
2048 4920 2135 4960 ar-

588 4997 718 5053 bore
749 5002 865 5055 vitte
892 5017 957 5057 ne
985 5001 1114 5071 quid
1142 5001 1269 5056 inde
1310 5002 1453 5070 quod
1481 5016 1603 5056 cum
1648 5000 1829 5053 divina
1871 4998 2134 5052 sententia

581 5099 861 5158 pugnaret,
892 5092 1177 5155 accideret,
1216 5093 1549 5160 verbumque
1586 5089 1680 5144 Dei
1726 5089 1924 5145 falsum
1974 5089 2139 5142 liabe-

585 5189 755 5234 retur.
792 5181 1164 5238 Comminatus
1190 5184 1333 5237 enim
1351 5182 1531 5238 fuerat
1562 5183 1703 5237 Deus
1731 5182 2053 5237 moriturum
2074 5180 2138 5233 il-

564 5277 693 5341 lum
735 5290 844 5343 quo
890 5275 1201 5341 degustaret
1232 5277 1301 5330 de
1346 5277 1539 5329 arbore
1590 5255 1852 5339 scientia,
1910 5274 2072 5343 igitur
2098 5274 2145 5329 si

587 5377 710 5434 post
728 5366 867 5421 hanc
886 5378 1097 5438 gustata
1108 5384 1154 5421 tn
1167 5409 1181 5429 ,
1199 5368 1359 5422 etiam
1383 5368 1449 5424 de
1466 5367 1660 5423 arbore
1677 5357 1798 5422 vita:
1814 5367 2033 5431 edisset,
2058 5376 2148 5421 aut

590 5457 727 5512 falso
756 5461 971 5513 nomine
1007 5462 1107 5515 ista
1133 5462 1253 5515 vitae
1282 5461 1443 5514 arbor
1466 5461 1723 5529 appellata
1748 5477 1777 5514 a
1808 5460 1917 5515 Deo
1940 5460 2147 5522 fuisset,

592 5560 687 5603 aut
729 5549 1016 5604 metulaces
1057 5551 1283 5607 fuissent
1330 5551 1435 5607 illae
1483 5548 1602 5621 ejus
1654 5552 1836 5606 minae.
1890 5551 1969 5605 Ad
2028 5549 2151 5615 hoc,

2240 4548 2293 4602 in
2343 4561 2463 4615 qua:
2498 4544 2638 4599 maia
2667 4545 2813 4599 illum
2845 4544 3075 4613 conjecit
3104 4542 3351 4612 paradiso
3398 4543 3630 4611 pulsum,
3656 4558 3793 4611 quas

2227 4639 2441 4694 tandem
2459 4636 2881 4698 commoditates,
2899 4635 3218 4688 utilitatesve
3232 4633 3420 4687 afferre
3442 4634 3515 4687 iiii
3537 4634 3794 4702 potuere?

2234 4729 2662 4797 Respondemus,
2711 4726 2879 4779 Deum
2919 4738 3025 4777 non
3062 4724 3262 4777 frustra
3300 4728 3534 4793 quietem
3570 4722 3645 4776 illi
3675 4722 3792 4777 nui-

2237 4821 2343 4875 lam
2386 4820 2742 4881 concessisse,
2771 4826 2828 4869 ut
2860 4823 2941 4870 est
2976 4816 3269 4869 humanum
3326 4814 3627 4882 ingenium;
3666 4829 3789 4868 nam

2239 4914 2284 4969 si
2324 4914 2486 4967 tantis
2525 4908 2863 4966 condemnati
2901 4908 3057 4961 malis
3082 4922 3186 4960 non
3220 4904 3513 4959 desinimus
3546 4919 3789 4974 peccare,

2242 5004 2369 5073 quid
2425 5017 2533 5057 non
2584 5009 2947 5069 patrassemus
2989 4998 3042 5051 in
3079 4997 3190 5049 otio
3254 4994 3568 5063 deliciisque
3627 4995 3790 5048 vitam

2242 5094 2446 5164 agitare
2472 5090 2759 5160 permissi?
2786 5090 2943 5143 Certe
2998 5087 3157 5155 hujus
3211 5086 3303 5153 rei;
3336 5085 3578 5153 exempla
3638 5084 3793 5138 nobis

2242 5183 2583 5253 suppeditant
2626 5180 2893 5242 homines,
2924 5178 3015 5248 qui
3053 5177 3210 5231 otiosi
3244 5192 3306 5231 ac
3336 5176 3546 5230 desides
3580 5184 3741 5244 atque
3764 5190 3793 5228 a

2240 5276 2424 5330 labore
2455 5282 2509 5326 et
2538 5273 2797 5327 molestiis
2827 5272 2981 5324 vacui
3022 5269 3250 5323 molliter
3266 5283 3328 5321 ac
3355 5267 3581 5322 delicate
3608 5278 3792 5336 agunt.

2245 5365 2421 5420 Otium
2447 5377 2628 5430 porro,
2652 5361 2937 5424 desidiam,
2974 5360 3191 5416 delicias
3221 5359 3357 5413 mala
3388 5375 3526 5423 esse,
3558 5356 3795 5413 certissi-

2256 5455 2357 5508 mis
2388 5454 2677 5523 Scripturaa
2699 5452 3019 5507 testimoniis
3048 5452 3456 5521 comprobatur.
3488 5450 3623 5504 Nam
3660 5449 3795 5503 libro

2249 5546 2484 5601 secundo
2512 5547 2620 5616 (9.7)
2642 5545 2897 5614 scriptum
2919 5552 3002 5599 est
3021 5562 3033 5599 :
3053 5544 3292 5601 Consedit
3310 5542 3527 5613 populus
3554 5542 3621 5594 ad
3648 5540 3796 5595 eden-

668 5721 782 5791 (27)
827 5721 947 5798 Syri
996 5724 1162 5781 libros
1195 5725 1352 5780 Musis
1381 5742 1441 5783 ex
1469 5727 1657 5785 ordine
1690 5725 1931 5784 numeris
1962 5732 2150 5807 notant
2189 5724 2383 5795 saepius
2418 5738 2577 5795 quam
2614 5722 2936 5778 nominibus.
