4024 6484
211 391 292 454 577
1312 387 1406 446 DE
1447 383 1764 445 PARADIS

1885 405 1954 416 --
1999 381 2190 440 PARS
2226 379 2272 440 Ι.

3352 379 3454 441 578

209 505 484 568 dum,elad
506 502 797 569 bibendrm,
823 501 1155 571 surrexitquc
1173 501 1240 553 ad
1257 497 1752 554 lndendum“.Etti
1809 501 1845 553 Α
1882 496 2067 549 stilus
2103 492 2306 560 angelis
2339 491 2746 560 incorporeum;
2779 492 2947 544 aciem
2980 504 3105 544 vero
3145 487 3307 559 gladii
3340 503 3454 544 ver-

207 599 288 652 bro
302 595 491 664 quinto
519 593 770 663 :Plinguis
789 592 960 660 factus
981 603 1055 645 est
1084 590 1269 656 Israel,
1297 600 1344 643 et
1363 589 1658 643 calcitrat-it
1694 587 1759 639 θ’.

206 691 258 742 Et
285 688 499 758 quidam
517 702 582 741 ex
606 686 941 756 sapientibus
968 685 1228 756 scriptum
1261 684 1474 751 reliquit
1507 701 1520 736 :
1561 681 1771 735 Malun.

206 780 475 844 (uatium,
528 791 683 847 atque
743 778 961 847 pigritia
1010 776 1250 845 fraudem
1300 776 1438 843 parit
1465 774 1532 828 ⁸³.
1562 773 1764 827 Contra

210 887 316 927 vero
343 911 359 935 ,
397 873 630 934 labores,
678 872 1096 938 turbulentaque
1125 869 1378 922 exercitia
1430 868 1570 920 bona
1619 880 1762 929 csse,

206 971 477 1016 attestatur
537 963 727 1031 David,
784 977 904 1015 cum
946 962 1012 1015 de
1064 961 1320 1014 Israelitis
1369 959 1598 1027 loquens
1649 956 1760 1010 ait:

180 1051 321 1112 .Cum
352 1052 606 1104 occideret
637 1052 799 1118 ipsos,
831 1051 1128 1120 quwrebant
1152 1066 1288 1114 eum,
1319 1059 1367 1102 et
1395 1051 1765 1119 converteban-

205 1155 300 1206 tur,
330 1152 485 1213 atque
513 1143 850 1196 maturabant
916 1142 984 1194 ad
1009 1142 1181 1211 ipsum
1211 1141 1279 1193 ⁸⁵.
1313 1141 1375 1194 Et
1406 1140 1530 1193 alibi
1564 1156 1579 1193 :
1606 1139 1764 1205 Bene,

205 1235 386 1299 inquit,
423 1235 546 1285 mihi
590 1243 695 1296 est,
758 1235 895 1304 quod
937 1237 1035 1287 sint
1084 1233 1414 1295 humiliatus,
1459 1245 1517 1284 ut
1567 1233 1765 1283 discant

207 1325 456 1377 mandata
512 1335 599 1377 tua
620 1325 686 1378 ⁸⁸.
744 1325 806 1377 Et
840 1325 981 1380 Deus
1014 1341 1108 1395 per
1143 1323 1432 1378 Jeretniam
1477 1323 1538 1377 ad
1579 1323 1767 1376 civita-

205 1425 299 1470 tem
337 1413 634 1468 Jerusalem
681 1433 695 1468 :
731 1413 836 1468 Per
894 1416 1096 1484 plagas,
1128 1415 1319 1483 inquit,
1379 1414 1589 1467 erudita
1631 1429 1705 1489 es,
1736 1432 1765 1465 υ

201 1505 492 1558 Jerusalem
529 1505 595 1558 “.
631 1505 1098 1560 Rursum'Paulus
1133 1524 1146 1560 :
1183 1506 1347 1559 Datus
1385 1515 1482 1568 est,
1518 1508 1613 1569 ait,
1640 1504 1767 1557 mihi

202 1599 437 1650 stinmlus
461 1600 512 1648 in
540 1613 747 1650 carnem
780 1614 972 1660 meam,
1021 1597 1231 1665 angelus
1265 1595 1501 1660 Satana',
1541 1611 1602 1648 ne
1638 1595 1762 1663 effe-

202 1686 366 1737 rer".
403 1683 698 1738 Conﬁcitur
724 1685 926 1753 itaque,
970 1685 1172 1738 homini
1205 1701 1270 1738 ex
1298 1702 1395 1739 usu
1419 1684 1587 1739 fuisse
1620 1676 1766 1753 quod

202 1778 491 1839 doloribus,
531 1776 934 1844 laboribusque,
974 1786 1023 1830 et
1051 1778 1343 1831 sudoribus
1385 1777 1654 1830 obnoxius
1683 1785 1766 1829 est

1868 587 2040 643 satilis
2067 585 2231 637 fuisse
2268 583 2490 651 ligurum
2523 583 2810 650 quamdam
2862 581 3028 647 ignem
3061 582 3262 635 lancea:
3287 597 3450 650 qnam

1867 677 2082 732 Cherub
2117 690 2276 726 manu
2328 684 2513 726 tenens
2562 683 2722 739 atque
2754 686 3071 730 coru~cxns.
3100 671 3457 739 proterrebat

1870 773 2076 839 primos
2120 775 2372 836 parentes
2411 782 2439 819 a
2490 765 2761 834 paradiso,
2793 765 3122 832 arcebatque
3162 765 3228 815 ah
3259 751 3458 818 arbore

1867 864 2011 914 vitae.
2043 858 2305 913 Caeterum
2359 857 2568 914 lant-car
2611 854 2836 908 formam
2879 856 3001 908 inde
3028 864 3280 921 agnum,
3313 856 3454 922 quod

1868 967 1934 1005 eo
1989 952 2213 1020 mystice
2280 958 2559 1017 spectasse
2604 948 2849 1001 videatur
2923 947 3105 1000 lancea
3175 947 3259 998 illa
3294 960 3453 1014 quam

1868 1042 2122 1096 Christus
2165 1057 2263 1094 suo
2297 1044 2462 1093 latere
2492 1040 2705 1106 excepit
2744 1057 2755 1091 :
2787 1038 2948 1106 quasi
2971 1037 3082 1105 jam
3119 1046 3230 1090 tum
3263 1047 3445 1105 ert-pta

1870 1142 2013 1187 esset
2048 1133 2114 1185 de
2155 1147 2316 1185 manu
2377 1130 2616 1192 Cherub,
2655 1129 2743 1182 illa
2805 1133 3010 1190 lancea,
3075 1128 3453 1197 patcl’atlaque

1868 1225 1932 1277 ad
1972 1225 2220 1276 arborem
2257 1223 2378 1275 vita:
2438 1222 2544 1274 via.
2593 1221 2694 1273 Alii
2725 1220 2908 1273 dicunt
2935 1223 3104 1272 aciem
3151 1221 3313 1288 gladii
3357 1235 3454 1273 vo-

1867 1325 2043 1370 catam
2098 1330 2240 1375 esse,
2294 1328 2401 1366 non
2444 1312 2648 1366 ferrum
2701 1327 2874 1378 neque
2924 1313 3124 1378 ignem,
3182 1313 3274 1365 sed
3307 1314 3444 1381 ligu-

1869 1420 1983 1458 ram
2017 1404 2306 1473 quitmdam
2359 1403 2529 1459 ensis,
2585 1417 2720 1470 qua:
2755 1402 2907 1468 ignea
2959 1401 3138 1469 specie
3189 1401 3457 1455 collucere

1868 1507 2033 1564 atque
2076 1494 2279 1562 lulgere
2321 1493 2634 1568 Videbatur;
2670 1490 2887 1544 Cltcrub
2942 1507 3066 1545 vero
3114 1506 3218 1544 non
3278 1489 3451 1545 (mlc-

1870 1597 2005 1642 stem
2043 1586 2275 1654 aliquem
2311 1585 2586 1653 spiritum
2616 1592 2780 1650 atque
2826 1581 3201 1656 inc0tporenm
3243 1582 3459 1650 angelo-

1869 1694 1987 1731 rum
2030 1677 2217 1740 fuisse,
2260 1676 2352 1730 sed
2380 1685 2651 1744 spectrum
2687 1673 2961 1742 quoddam
3019 1674 3338 1737 vehenti-ns;
3371 1672 3454 1724 id-

1870 1788 1974 1842 que
2011 1771 2226 1826 Cherub
2251 1772 2468 1824 nomine
2501 1782 2751 1822 vocatum
2787 1781 2926 1831 esse,
2956 1767 3080 1833 quia
3111 1767 3281 1819 soleat
3310 1764 3455 1817 Scri-

202 1866 434 1919 redditus
479 1884 507 1918 a
549 1869 674 1927 Deo,
730 1877 1012 1934 postquam
1063 1867 1373 1920 eliminatus
1411 1877 1748 1934 csset,para.
1786 1865 1826 1918 Β
1856 1874 2010 1933 ptura
2056 1878 2180 1931 qua:
2237 1861 2456 1930 magnis
2497 1860 2704 1913 viribus
2767 1872 3070 1925 magnaque
3112 1855 3450 1909 vehementia

199 1955 343 2010 diso?
380 1956 444 2010 Et
493 1959 690 2010 versari
728 1959 847 2028 fecit
903 1958 970 2010 ad
1002 1959 1249 2010 orientem
1300 1960 1537 2027 paradisi
1595 1959 1759 2024 ipsius

197 2050 356 2110 Eden,
387 2047 609 2112 Clterub,
641 2059 690 2100 et
737 2049 898 2101 aciem
923 2049 1085 2117 gladii
1125 2051 1409 2114 versatilis,
1462 2049 1530 2102 ad
1587 2062 1762 2102 custo-

207 2140 453 2193 diendum
476 2141 579 2194 iter
609 2140 811 2194 arboris
854 2141 991 2195 vita.
1039 2141 1094 2194 In
1133 2141 1356 2195 Hebraeo
1395 2151 1518 2195 est:
1548 2141 1615 2194 Et
1651 2158 1763 2194 nta-

195 2245 312 2282 nere
348 2229 472 2298 fecit
499 2229 563 2282 ab
617 2232 813 2283 oriente
857 2232 1099 2298 paradisi
1155 2232 1455 2286 Cherubim.
1516 2232 1759 2285 Graecum

195 2336 316 2375 vero
346 2322 506 2373 habet
543 2338 556 2372 :
593 2318 660 2371 Et
691 2321 962 2376 collocavit
994 2323 1220 2384 Cherub,
1264 2331 1311 2375 et
1342 2323 1577 2392 gladium
1606 2325 1761 2392 [lam-

194 2427 360 2464 nteunt
390 2412 458 2463 ad
487 2411 888 2467 custodiendum
933 2416 1031 2467 iter
1059 2414 1259 2468 arboris
1304 2417 1444 2467 vita'.
1487 2415 1764 2484 Signiﬁca-

195 2513 279 2554 tur
313 2511 494 2554 autem
527 2503 612 2557 his
665 2503 865 2567 verbis,
901 2505 1202 2558 custodiam
1230 2502 1447 2558 Cherub
1497 2512 1550 2557 et
1590 2505 1762 2558 aciem

191 2592 348 2661 gladii
383 2593 701 2648 collocatam
750 2593 920 2650 fuisse
989 2614 1019 2650 a
1073 2597 1180 2649 Deo
1219 2596 1285 2649 ad
1327 2596 1468 2649 latus
1507 2595 1765 2651 orientale

190 2684 455 2738 duntaxat
491 2686 750 2754 paradisi,
788 2686 945 2756 quasi
975 2701 1038 2740 ex
1066 2701 1125 2740 ea
1156 2694 1305 2756 parte
1335 2687 1509 2740 solum
1568 2686 1761 2756 prohi-

191 2774 316 2829 bere
357 2777 627 2829 Adamum
669 2777 899 2832 voluerit
929 2793 1036 2831 non
1067 2777 1192 2831 item
1234 2777 1301 2831 ab
1327 2779 1447 2832 aliis
1479 2778 1761 2833 lateribus.

189 2865 400 2945 Quippe
444 2866 866 2922 existimandum
919 2877 1023 2934 est,
1054 2867 1143 2923 ab
1174 2878 1317 2941 ortu
1364 2869 1497 2924 solis
1558 2879 1765 2939 portam

189 2957 361 3038 fuisse
399 2959 718 3027 aditumque
751 2962 986 3028 patuisse
1012 2960 1067 3013 in
1104 2961 1457 3030 paradisum;
1487 2971 1653 3030 atque
1701 2961 1767 3014 il-

184 3047 264 3103 lac
321 3050 714 3117 introductum,
776 3050 1008 3119 illacque
1063 3066 1252 3106 rursus
1312 3064 1558 3106 exactum
1628 3052 1770 3107 Ada-

186 3156 336 3193 tnum
374 3155 536 3205 esse;
588 3140 712 3196 inde
741 3141 901 3195 etiam
961 3141 1203 3196 semitam
1247 3139 1413 3200 fuisse
1445 3141 1662 3196 ductam
1706 3145 1759 3198 in

185 3231 430 3285 medium
470 3234 782 3301 paradisum
817 3235 904 3287 ubi
939 3234 1040 3286 sita
1069 3243 1186 3286 erat
1213 3234 1332 3286 vitae
1380 3234 1560 3298 arbor,
1603 3245 1766 3304 atque

186 3323 302 3374 ideo
341 3339 413 3376 ne
444 3339 635 3378 rursus
678 3325 970 3392 aliquando
1033 3324 1222 3386 Adam,
1269 3325 1392 3379 illac
1425 3340 1484 3378 se
1519 3327 1662 3380 intro
1689 3342 1773 3380 rc-

183 3415 418 3479 ciperct,
472 3417 772 3469 custodiam
808 3416 879 3469 ibi
909 3430 1028 3471 esse
1074 3417 1343 3469 collatam.
1375 3415 1642 3471 Caeterum
1674 3434 1770 3472 cur

182 3505 596 3557 custodiendam
657 3507 777 3558 vita:
839 3506 1108 3569 arborem,
1166 3505 1567 3574 areendumque
1609 3508 1676 3559 ali
1707 3521 1768 3559 ea

180 3595 455 3647 Adatnutn
496 3596 728 3647 voluerit
779 3594 941 3657 Deus,
975 3605 1098 3649 ante
1145 3604 1229 3649 est
1258 3610 1286 3646 a
1321 3596 1476 3649 nobis
1523 3597 1766 3664 dictum;

181 3701 286 3753 quo
332 3689 440 3739 hoc
466 3687 625 3738 etiam
667 3684 968 3738 addendum
999 3696 1271 3754 putamus,
1298 3699 1361 3736 eo
1391 3700 1607 3754 quoque
1639 3700 1768 3752 spe.-

181 3787 366 3830 ctasse
411 3777 712 3830 custodiam
758 3783 818 3828 ut
866 3775 1186 3844 intelligeret
1244 3774 1486 3829 Adamus
1543 3791 1765 3844 prorsus

178 3870 515 3936 praeclusam
563 3866 666 3921 sibi
703 3866 910 3920 aditum
951 3882 1072 3920 esse
1116 3881 1209 3935 per
1240 3875 1547 3934 peccatum,
1591 3881 1765 3935 eoque

177 3961 571 4028 pertinaciore,
629 3960 733 4012 hoc
793 3958 918 4011 odio
963 3967 1404 4028 prosequeretur,
1456 3957 1766 4026 maioreque

177 4038 306 4104 cura
333 4052 620 4104 vitandum
659 4051 760 4104 sibi
799 4050 850 4104 in
895 4061 1169 4119 posterum
1214 4058 1427 4118 putaret
1455 4051 1610 4117 quasi
1641 4048 1754 4102 lon-

177 4152 282 4196 tem
329 4137 611 4196 tantorum
652 4143 941 4205 malorum,
980 4142 1030 4194 in
1069 4155 1186 4208 qua:
1216 4141 1356 4193 mala
1386 4155 1450 4193 ex
1483 4141 1607 4192 vitae
1640 4148 1764 4193 ante

176 4245 469 4302 peccatum
504 4243 659 4297 actm,
697 4247 818 4287 cum
851 4247 912 4286 ea
939 4233 992 4285 in
1020 4246 1124 4299 qua
1153 4246 1299 4284 nunc
1333 4239 1596 4291 versetur,
1616 4246 1764 4284 com-

175 4326 467 4393 paratione
533 4326 690 4379 facile
743 4324 1080 4394 intelligeret.
1146 4322 1414 4378 Praeterea
1478 4323 1760 4391 magniﬁca

174 4416 262 4468 illa
301 4415 554 4469 custodia
589 4414 831 4484 (Cherub
873 4415 1014 4476 dico,
1040 4423 1093 4468 et
1136 4415 1306 4468 aciem
1343 4415 1505 4482 gladii
1540 4415 1769 4470 versati-

1862 1950 2091 2026 pollen't,
2130 1969 2192 2008 ea
2235 1954 2336 2007 hoc
2368 1954 2584 2005 nomine
2646 1951 2892 2003 vocitare
2941 1949 3101 2017 quale
3151 1956 3234 2001 est
3277 1947 3451 2000 illud:

1867 2045 1969 2112 Qui
1998 2045 2243 2115 equitavit
2295 2060 2452 2113 super
2504 2041 2786 2105 Clterubos,
2833 2051 2879 2093 et
2913 2041 3103 2122 volavit
3134 2040 3200 2102 ⁸⁸,
3247 2038 3455 2106 signili-

1868 2147 1963 2193 cat
1988 2140 2133 2193 enim
2165 2138 2333 2192 Deum
2375 2153 2566 2204 magna
2594 2137 2644 2189 vi
2685 2135 2989 2197 advenisse,
3022 2139 3076 2186 et
3109 2132 3280 2186 veluti
3322 2131 3455 2184 insi-

1864 2231 2075 2285 dentem
2110 2228 2374 2284 Cherubis
2402 2227 2741 2296 apparuisse,
2761 2227 2862 2280 hoc
2885 2235 2987 2285 est,
3021 2233 3268 2291 potenter
3289 2237 3452 2276 excr-

1865 2324 2046 2378 cuisse
2077 2324 2383 2392 imperium.
2424 2320 2737 2376 Secundum
2771 2321 2870 2374 bos
2902 2319 3100 2372 habent
3144 2316 3248 2369 ista
3285 2314 3452 2367 Mosis

1872 2414 2032 2466 verba
2065 2413 2209 2465 hunc
2253 2427 2496 2474 sensum,
2537 2411 2681 2479 quod
2740 2411 2882 2463 Deus
2943 2407 3290 2461 constituerit:
3325 2418 3446 2472 spe.

1866 2515 2042 2559 etrum
2077 2503 2346 2574 quoddam
2379 2502 2670 2555 vehemens
2699 2516 2760 2553 ac
2793 2499 3032 2553 terribile
3087 2513 3187 2566 pro
3238 2497 3445 2550 [oriens

1866 2602 2032 2665 inque
2067 2596 2185 2663 ipso
2235 2589 2381 2648 aditu
2414 2594 2649 2663 paradisi
2688 2591 2872 2660 specie
2913 2590 3207 2642 animantis
3252 2588 3438 2656 cujus-

1869 2688 2034 2756 piam,
2076 2687 2380 2741 deterrendi
2427 2684 2823 2749 coercendique
2868 2680 3300 2756 Adamikcausa.
3349 2678 3452 2733 Af-

1870 2777 2052 2831 fetunt
2109 2787 2288 2831 autem
2342 2778 2393 2830 lti
2426 2789 2538 2830 suae
2590 2779 2872 2830 sententia:
2934 2775 3078 2828 hanc
3140 2775 3449 2827 rationem:

1867 2870 2101 2933 Nomen,
2155 2868 2425 2938 inquiunt,
2487 2867 2714 2922 Cherub
2745 2868 2811 2921 ad
2862 2866 3105 2937 juvenile
3169 2867 3447 2935 quoddam

1870 2962 2038 3019 robur
2089 2961 2306 3028 proprie
2333 2968 2560 3026 spectat,
2603 2959 2919 3026 aciproinde
2952 2958 3250 3012 Cherubini
3291 2960 3453 3027 spicio

1874 3058 1959 3102 tus
1991 3048 2099 3102 Deo
2137 3048 2427 3102 viciniores
2462 3048 2747 3110 assistunt,
2794 3063 2893 3102 nec
2935 3048 3001 3102 ad
3049 3060 3222 3102 terras
3255 3049 3452 3102 demit-

1872 3149 2092 3202 tuntur;
2152 3154 2328 3208 neque
2359 3140 2502 3192 enim
2556 3138 2846 3207 Scriptura
2885 3140 2949 3193 iis
3005 3135 3450 3207 procurationem

1871 3229 2108 3296 aliquam
2159 3229 2214 3280 in
2243 3227 2404 3281 terris
2446 3229 2715 3297 assignat,
2751 3229 2842 3282 sed
2875 3230 3048 3298 angeli
3087 3240 3215 3284 sunt
3259 3232 3350 3300 qui
3385 3234 3449 3284 ad

1873 3329 2070 3374 terram
2107 3319 2447 3387 ablegantur,
2501 3334 2698 3387 resque
2753 3319 2804 3372 in
2854 3335 2916 3372 ea
2961 3320 3351 3376 administrant
3395 3333 3452 3377 et

1871 3411 2208 3479 dispensant.
2253 3409 2453 3463 Verum
2483 3413 2696 3478 priores
2749 3411 2843 3474 illi,
2891 3413 3037 3466 inter
3067 3429 3204 3482 quos
3271 3417 3449 3470 domi-

1871 3519 2000 3557 num
2029 3501 2294 3556 Jacobum
2353 3504 2715 3572 Sarugensem
2771 3518 2893 3557 esse
2926 3505 3187 3571 diximus,
3247 3520 3448 3578 negant

1869 3596 2008 3648 hanc
2032 3610 2153 3647 esse
2189 3595 2426 3659 nominis
2457 3592 2676 3648 Cherub
2701 3598 2976 3649 notionem
3003 3613 3016 3660 ;
3055 3599 3164 3652 imo
3197 3599 3444 3653 ordinem

1867 3687 2157 3755 quemdam
2212 3687 2519 3740 etelestium
2566 3685 2855 3754 spirituum
2893 3703 2997 3742 non
3032 3691 3447 3758 aspectabilium

1867 3779 2168 3848 signil‘tcare
2205 3779 2306 3831 hoc
2337 3779 2657 3832 vocabulum
2703 3782 2892 3844 aiunt;
2961 3784 3150 3849 quales
3180 3798 3446 3851 apparue-

1869 3879 1993 3923 runt
2042 3869 2396 3932 Ezechieli”,
2433 3879 2488 3922 et
2548 3884 2779 3937 quorum
2851 3872 3141 3924 simulacra
3201 3875 3445 3940 quaedam

1866 3971 2021 4014 erant
2054 3962 2106 4013 in
2139 3960 2313 4026 adytis
2346 3961 2678 4013 tabernaculi
2712 3961 2910 4028 posita,
2944 3964 3122 4030 itaque
3162 3965 3444 4030 geniorum

1864 4052 2163 4107 cwlestium
2213 4051 2447 4118 aliquem
2501 4052 2679 4119 potius
2738 4053 2909 4106 fuisse
2948 4062 3237 4106 autumant
3269 4054 3446 4123 ipsum

1862 4141 2100 4200 Cherub,
2130 4140 2220 4208 qui
2248 4140 2389 4208 genii
2421 4141 2669 4193 caelestes
2690 4139 2875 4193 dolent
2900 4141 2942 4193 si
2976 4142 3196 4202 quando
3222 4153 3448 4212 peccent

1864 4229 2117 4283 mortales
2143 4229 2275 4300 (28),
2309 4245 2372 4283 ac
2418 4245 2611 4285 rursus
2697 4233 2896 4300 gaudio
2956 4233 3264 4287 adiciuntur
3320 4249 3443 4287 eum

1865 4321 1987 4375 illos
2047 4321 2370 4374 delictorum
2429 4322 2675 4390 paenitet,
2738 4334 2797 4374 ιιι
2848 4323 2923 4377 ait
2975 4325 3253 4381 Dominus.
3316 4325 3447 4379 Erat

1862 4411 2022 4482 igitur
2049 4411 2266 4466 Cherub
2294 4421 2479 4467 custos
2512 4414 2768 4480 paradisi,
2802 4415 3104 4468 ccelestium
3148 4417 3440 4485 spirituum

173 4505 260 4575 lis)
315 4507 390 4560 ob
455 4508 642 4561 oculos
697 4506 853 4559 nobis
910 4506 1062 4575 ponit
1118 4506 1511 4575 praecellentem
1562 4507 1772 4573 arboris
1802 4528 1846 4584 ι)
1880 4518 2020 4556 unus
2049 4491 2246 4571 aliquis
2276 4511 2468 4556 tenens
2501 4503 2739 4556 lanceam
2792 4506 3026 4574 igneam,
3082 4522 3312 4578 eamque
3345 4513 3425 4563 vi.

175 4598 297 4650 vitae
336 4598 684 4666 dignitatern.
729 4595 880 4661 Quod
913 4611 1038 4651 vero
1069 4597 1376 4652 versatilem
1403 4597 1639 4664 gladium
1676 4598 1761 4651 di-

172 4687 264 4751 cit,
298 4696 565 4756 perpetua
595 4702 718 4740 cum
751 4677 1040 4755 agitatione
1071 4687 1175 4741 huc
1200 4687 1332 4741 illud
1351 4689 1619 4741 vibratum
1640 4704 1760 4743 esse

172 4778 476 4846 signiﬁcat,
515 4792 743 4833 corusco
775 4777 981 4846 fulgore
1024 4778 1152 4831 inde
1194 4780 1458 4833 emicante
1507 4793 1615 4848 quo
1668 4779 1766 4833 ob-

176 4872 453 4924 tuentium
490 4871 633 4925 oculi
684 4886 789 4924 non
839 4873 958 4924 sine
1019 4873 1244 4925 horrore
1279 4873 1754 4940 perstringeretur.

173 4963 442 5031 Superest
489 4972 545 5016 ut
595 4963 662 5017 de
691 4963 907 5017 Cherub
941 4973 992 5017 et
1029 4964 1208 5032 gladio
1240 4963 1536 5027 videamus,
1571 4964 1759 5032 cujus-

174 5050 321 5103 ntodi
397 5065 486 5104 res
532 5051 750 5104 fuerint.
808 5051 1067 5106 Dominus
1117 5051 1286 5106 Jacob
1327 5051 1667 5122 Sarugensis‘
1697 5069 1759 5107 ea

174 5143 430 5195 oratione
469 5157 626 5210 quam
667 5143 732 5196 de
769 5143 1050 5205 Passione,
1091 5153 1142 5197 et
1191 5160 1382 5200 rursus
1412 5160 1472 5198 ea
1503 5161 1664 5214 quam
1695 5146 1761 5199 de

175 5232 425 5286 Ascensu
457 5233 710 5302 scripsit;
771 5244 822 5286 et
853 5250 973 5288 cum
1009 5249 1074 5288 eo
1105 5235 1197 5287 alii
1244 5235 1432 5290 dicunt
1481 5238 1756 5290 custodem

175 5324 418 5390 paradisi
463 5323 679 5380 Cbcrub
726 5325 893 5381 fuisse
924 5341 1088 5378 unum
1126 5329 1449 5395 quemqiam.
1498 5343 1562 5381 ex
1599 5330 1761 5384 cmic-

241 5490 287 5522 ⁸¹
323 5487 506 5612 igitqld.
553 5502 720 5612 χιιιὲ
755 5485 1086 5612 6.”⁸ἶιῐ)ὃιιι.
1115 5502 1280 5608 Χῖαιιὲ
1320 5487 1423 5587 ίῦἱθ
1525 5484 1687 5610 ξιτον.
1726 5504 1822 5610 Ἲιὶ

248 5599 260 5610 .
465 5574 542 5612 er.
581 5577 652 5612 vt.
715 5601 728 5612 .
1007 5574 1085 5612 or.
1118 5573 1148 5608 ι
1178 5575 1214 5612 t.
1289 5597 1301 5610 .
1499 5574 1523 5612 s
1583 5573 1752 5612 .xvn.

1583 5596 1596 5609 ο
1621 5596 1845 5624 Α*ΙΙ,ΙΙ.

179 5558 260 5616 7i.
343 5560 391 5589 ⁸⁸
428 5559 542 5614 Jer.
581 5560 728 5623 v1.8.
806 5559 845 5590 θ’
887 5559 928 5612 ll
962 5558 1085 5612 Cor.
1118 5572 1214 5622 xu,
1249 5558 1301 5610 7.

247 5717 359 5787 (ἵε)
415 5717 589 5773 Caute
610 5718 762 5786 lege;
794 5734 915 5773 nam
946 5721 1118 5790 angeli
1156 5721 1368 5790 proprie
1420 5735 1525 5774 non
1551 5720 1739 5790 dolent

182 5799 269 5840 aut
336 5791 630 5843 tristantur
673 5793 740 5846 de
803 5789 1039 5857 recentis
1099 5789 1400 5861 hominum,
1443 5791 1497 5845 ὃ.
1551 5789 1744 5849 Thom.

1878 4593 2042 4648 brans
2085 4602 2248 4661 atque
2293 4607 2609 4654 coruscans,
2659 4604 2710 4647 et
2739 4598 2940 4662 primos
2990 4609 3242 4666 parentes
3269 4601 3445 4654 deter-

1872 4699 1997 4739 rens
2027 4683 2094 4738 ab
2121 4699 2371 4748 excessu,
2405 4695 2465 4738 ut
2497 4687 2666 4741 sensit
2691 4689 2945 4744 dominus
2983 4689 3215 4745 Jacobus
3270 4692 3440 4747 Saru-

1869 4777 2076 4846 gensis,
2136 4786 2192 4844 et
2249 4778 2497 4847 plerique
2528 4796 2651 4834 eum
2687 4796 2751 4835 eo
2782 4781 3024 4849 ejusdem
3057 4794 3218 4838 sectae
3249 4787 3368 4840 viri.

1939 4867 2045 4922 Sed
2067 4868 2176 4936 jatn
2206 4879 2259 4922 et
2284 4871 2458 4937 locus,
2492 4881 2546 4925 et
2593 4882 2802 4940 tempus
2833 4879 3128 4942 postulant,
3167 4888 3221 4930 ut
3253 4878 3440 4945 dispu-

1867 4961 2029 5014 tando
2062 4961 2470 5031 investigemus,
2511 4979 2690 5018 unone
2731 4967 3030 5036 eodemque
3080 4970 3167 5022 die
3212 4985 3276 5021 an
3318 4970 3439 5037 plu-

1869 5053 2016 5119 ribus
2035 5054 2150 5107 hate
2179 5057 2361 5108 omnia
2394 5065 2542 5125 gesta
2575 5056 2685 5110 sint
2717 5074 2731 5109 :
2766 5068 2981 5115 creatus
3009 5059 3442 5122 Adam,‘immis-

1867 5161 1960 5200 sus
1988 5145 2042 5198 in
2081 5147 2414 5213 paradisum,
2447 5147 2550 5199 lata
2594 5148 2700 5210 lex,
2762 5149 2931 5203 indita
2991 5151 3211 5204 nomina
3252 5152 3440 5207 bestiis

1869 5246 1923 5290 et
1977 5235 2319 5303 volucribus,
2351 5238 2565 5292 condita
2595 5237 2727 5304 Eva,
2767 5241 2972 5309 decepti
3009 5257 3104 5309 per
3132 5253 3434 5312 serpentem

1868 5328 2026 5399 primi
2056 5338 2329 5399 parentes,
2368 5329 2567 5385 violata
2620 5332 2727 5396 lex,
2774 5331 3111 5388 vindicatum
3150 5336 3204 5388 in
3236 5339 3433 5391 noxios

1866 5487 1923 5541 Η
1952 5504 1967 5552 ;
1997 5505 2183 5551 xxvttt,
2217 5489 2299 5544 i9.
2355 5489 2400 5520 “
2434 5489 2581 5546 Psal.
2615 5503 2813 5557 uxvu,
2841 5490 2934 5547 54.
2992 5491 3196 5547 "Psal.
3220 5506 3410 5558 cxvut,

1961 5559 2005 5589 ⁸⁹
2041 5560 2239 5613 Ezeclt.
2289 5561 2425 5625 1,13
2473 5577 2624 5630 seqq.

1851 5739 1865 5776 ι
1904 5732 2042 5791 part.
2074 5733 2268 5791 quiest.
2299 5724 2421 5800 liii,
2445 5732 2548 5779 art.
2576 5725 2606 5776 7
2627 5763 2640 5789 ,
2701 5725 2794 5779 sed
2833 5734 3034 5800 tantum
3065 5725 3432 5800 mctapltptice

1856 5808 1977 5848 cmn
2025 5808 2274 5851 universe
2302 5795 2528 5850 salutent
2565 5803 2808 5852 nostram
2838 5798 3077 5855 cuniant.
