4024 6460
668 409 769 471 579

1921 401 2147 461 MOSIS
2191 400 2340 461 ΒΑΗ
2378 398 2625 460 CEPHA

3753 398 3834 459 580

669 518 929 587 t-jectique
967 516 1201 584 denique
1228 515 1304 570 illi
1352 524 1502 568 extra
1534 513 1863 583 paradisum.
1896 513 1971 569 De
2021 514 2119 568 hac
2162 528 2220 569 re
2250 520 2291 574 Α
2320 529 2466 577 cere,
2505 512 2663 582 cujus
2706 497 2954 582 potentia.
2995 522 3220 580 prorsus
3266 506 3529 563 voluntati
3575 513 3839 577 respondet.

672 612 751 663 ita
798 607 959 663 sentit
1005 606 1355 668 Philoxenus,
1412 605 1656 659 oratione
1702 620 1863 674 quam
1888 607 2104 675 scripsit
2155 606 2223 662 de

674 699 866 753 arbore
896 699 1040 761 vitae,
1080 706 1134 752 et
1162 696 1416 750 dominus
1446 697 1674 765 Ephrem
1724 698 2138 753 Commentariis
2167 698 2219 752 in

670 789 946 851 Genesim,
1004 797 1162 857 atque
1214 786 1374 840 etiam
1452 786 1700 841 dominus
1768 784 1997 841 Jacobus
2059 788 2225 842 Saru-

673 877 876 947 gensis,
910 875 1148 928 oratione
1166 871 1233 926 de
1263 872 1537 934 Passione,
1567 880 1619 925 et
1648 887 1770 924 cum
1798 872 1881 927 his
1904 874 2014 940 alii,
2045 875 2224 929 omnia

677 970 786 1021 haec
822 966 1004 1019 eodem
1048 978 1157 1018 uno
1184 964 1269 1017 die
1295 964 1384 1033 qui
1420 971 1603 1017 sextus
1629 972 1802 1017 erata
1839 964 2053 1018 condito
2092 966 2227 1019 caelo

675 1069 948 1133 terraque,
1001 1062 1122 1107 acta
1173 1064 1335 1123 alque
1370 1052 1616 1106 confecta
1658 1068 1820 1108 esse:
1856 1054 2076 1122 ejusque
2128 1054 2225 1120 rei,

675 1149 781 1201 duo
818 1145 1029 1199 faciunt
1056 1152 1372 1213 argumenta
1408 1159 1423 1197 :
1452 1143 1699 1209 alterum,
1731 1144 1873 1213 quod
1897 1145 2072 1199 adhuc
2096 1146 2229 1200 nihil

674 1236 915 1289 odissent
978 1234 1149 1287 Adam
1200 1248 1480 1302 uxorque;
1530 1247 1653 1287 nam
1702 1234 1748 1287 si
1781 1242 2059 1290 vescentes
2104 1244 2229 1290 ante

673 1327 897 1381 vidisset
923 1340 1161 1395 serpens,
1189 1326 1410 1380 minime
1439 1326 1667 1381 dixisset
1693 1326 1757 1379 ad
1790 1326 1950 1380 Evam
1983 1343 1997 1380 :
2042 1326 2230 1381 Verene

673 1417 831 1484 iussit
871 1417 1026 1479 Deus,
1072 1432 1133 1469 ne
1163 1417 1381 1471 ederetis
1412 1417 1475 1471 de
1517 1419 1658 1470 omni
1704 1416 1891 1471 arbore
1941 1419 2177 1485 paradisi
2207 1420 2232 1473 2

673 1506 791 1563 1am
824 1523 948 1563 vero
994 1508 1041 1562 si
1081 1512 1251 1563 multo
1279 1518 1405 1564 ante
1437 1510 1639 1565 conditi
1684 1510 1936 1575 fuissent,
1968 1511 2234 1579 nequivis-

677 1608 797 1653 sent
837 1598 1013 1653 adhuc
1063 1598 1269 1669 absque
1305 1599 1448 1655 iame
1494 1608 1548 1655 et
1584 1601 1707 1655 cibo
1757 1601 1920 1655 vitam
1988 1601 2231 1656 tolerare.

672 1689 912 1743 Alterum
946 1691 1171 1759 petitum
1200 1700 1283 1746 est
1310 1706 1372 1746 ex
1406 1691 1473 1746 iis
1504 1706 1624 1762 quae
1645 1707 1837 1762 passus
1865 1701 1949 1747 est
1976 1692 2236 1748 Dominus

674 1783 862 1832 noster
875 1774 1161 1845 Christus;
1194 1793 1256 1833 ea
1278 1779 1427 1849 enim
1445 1780 1780 1835 emendando
1801 1780 1989 1835 Adami
2016 1780 2235 1841 delicto.

676 1875 868 1920 exacto
891 1875 1076 1922 tenore
1099 1872 1424 1939 respondere
1447 1871 1617 1926 aiunt.
1638 1870 1797 1927 Verbi
1816 1875 1985 1943 gratia
2012 1892 2027 1932 ;
2051 1873 2234 1940 Sexto,

674 1957 952 2026 inquiunt,
983 1958 1071 2013 die
1108 1969 1325 2015 creatus
1354 1970 1436 2015 est
1462 1963 1655 2027 Adam,
1679 1964 1866 2019 eodem
1896 1968 2236 2023 excruciatus

674 2055 759 2100 cst
793 2046 1050 2103 Dominus
1087 2058 1290 2115 noster,
1340 2052 1394 2106 in
1425 2053 1543 2121 ejus
1597 2054 1702 2109 diei
1749 2055 1903 2109 initio
1941 2056 2027 2109 ille
2056 2065 2138 2111 est
2168 2072 2231 2112 ex

673 2133 788 2187 luto
810 2137 1159 2205 compositus,
1201 2138 1289 2193 hic
1318 2140 1444 2195 item
1475 2141 1541 2195 ad
1576 2143 1806 2197 tribunal
1831 2155 2054 2212 raptus;
2105 2146 2236 2200 hora

675 2222 821 2277 illius
851 2226 955 2280 diei
986 2228 1139 2280 tertia
1184 2228 1438 2287 inductus
1474 2242 1559 2288 est
1594 2235 1649 2288 in
1680 2236 2011 2305 paradisum,
2037 2248 2089 2291 et
2112 2236 2238 2293 Ser-

676 2324 831 2369 vator
855 2326 1042 2372 noster
1071 2320 1227 2374 tertia
1256 2321 1389 2376 hora
1417 2332 1696 2380 extractus
1725 2334 1806 2381 est
1829 2338 1894 2382 ex
1925 2328 2057 2383 urbe
2081 2326 2237 2383 ieru-

680 2405 872 2470 salem,
899 2406 1138 2464 humeris
1164 2425 1381 2466 crucem
1410 2430 1562 2468 suam
1590 2416 1867 2485 bajulans;
1894 2426 1947 2472 et
1978 2432 2083 2487 quo
2104 2427 2237 2471 tem-

677 2510 807 2562 pore
838 2499 1008 2553 Adam
1042 2518 1235 2558 manus
1267 2507 1536 2573 protendit
1560 2508 1625 2561 ad
1649 2508 2010 2578 decerpeudos
2030 2509 2236 2565 fructus

678 2593 920 2655 negatos,
948 2590 1135 2644 eodem
1153 2592 1403 2648 Christus
1418 2612 1546 2650 suas
1564 2597 1820 2652 distendit
1836 2613 1995 2669 super
2010 2600 2233 2670 lignum.
2262 2665 2265 2668 ⁴

681 2676 887 2733 ilursus
921 2694 951 2733 a
982 2692 1133 2735 sexta
1165 2683 1232 2736 ad
1269 2699 1466 2740 nonam
1496 2688 1683 2741 horam
1711 2697 1908 2745 exutus
1939 2699 2031 2745 ess
2063 2677 2231 2745 Adam

681 2780 777 2819 sua
801 2766 992 2835 gloria,
1025 2786 1281 2851 noxa-que
1305 2773 1540 2851 deditus,
1581 2775 1763 2846 itaque
1800 2787 1864 2832 et
1900 2780 1972 2835 sb
2020 2795 2233 2836 crucem

679 2854 905 2911 Christi.
954 2855 1048 2912 Sol
1082 2873 1112 2912 a
1144 2848 1297 2915 sexta
1319 2848 1392 2915 ad
1432 2877 1654 2926 nonam,
1691 2864 1895 2923 amisso
1957 2869 2238 2936 splendore

683 2942 1006 3000 obscuratua
1063 2955 1170 3013 est,
1220 2959 1384 3019 atque
1409 2953 1657 3007 universa
1695 2965 1941 3011 creatura
1968 2956 2111 3013 luctu
2143 2973 2239 3015 eo-

680 3034 1087 3103 θρα-διεμιυηί
1118 3038 1366 3091 reiricata
1390 3039 1599 3115 pristini
1616 3040 1744 3097 Adm
1769 3058 1930 3098 casus
1955 3047 2236 3101 memoria.

682 3121 873 3189 Elapsa
904 3123 1097 3180 deinde
1124 3141 1269 3181 nona
1324 3129 1481 3196 hora,
1533 3131 1805 3201 dissipata
1828 3142 1989 3205 atque
2033 3137 2236 3193 abacta

684 3219 811 3263 sunt
862 3213 1125 3279 tenebrae;
1178 3229 1285 3284 qua
1323 3232 1384 3271 rc
1434 3218 1843 3285 significabatur
1897 3224 2073 3279 soluta
2127 3230 2239 3295 jam

680 3310 794 3354 tum
829 3318 947 3358 esse
983 3320 1044 3361 ea
1077 3307 1215 3361 mala
1248 3324 1368 3374 qua;
1415 3326 1585 3380 genus
1614 3315 1910 3370 humanum
1937 3318 2239 3375 circumde-

684 3393 894 3457 derant,
957 3407 1120 3467 atque
1174 3412 1501 3470 occuparant
1547 3415 1763 3474 propter
1817 3407 1984 3477 legem
2028 3408 2121 3463 Dei
2172 3410 2239 3463 ab

685 3485 891 3537 Adamo
926 3486 1201 3542 violatam.
1245 3490 1469 3559 insuper
1503 3509 1614 3561 quo
1661 3506 1903 3564 tempore
1953 3498 2241 3554 confossus

584 3584 589 3587 ‘
688 3574 1144 3634 Doruiuusnostcr
1171 3581 1377 3648 lancea,
1396 3574 1582 3639 eodem
1604 3603 1634 3640 a
1660 3574 1873 3643 Cheruh
1894 3593 2116 3644 custode
2149 3608 2242 3658 pa-

689 3668 850 3721 radisi
898 3679 951 3723 et
997 3672 1208 3727 arboris
1257 3676 1378 3730 vita
1412 3677 1587 3733 ablata
1628 3691 1709 3734 est
1742 3681 1945 3737 lancea.
2007 3682 2244 3753 Denique

688 3772 793 3825 qua
843 3759 973 3813 hora
1015 3764 1202 3830 pulsus
1228 3777 1307 3820 est
1340 3769 1591 3835 paradiso
1618 3770 1855 3827 Adantus
1889 3789 1917 3825 a
1968 3774 2094 3839 Deo,
2155 3792 2245 3831 ea-

690 3844 813 3900 dem
845 3864 1067 3917 prorsus
1093 3868 1124 3908 a
1170 3854 1386 3912 Christo
1419 3859 1661 3915 immissa
1720 3872 1803 3917 est
1846 3864 1895 3918 in
1935 3868 2240 3935 paradisum

686 3938 863 3993 anima
888 3940 1112 3999 latronis
1141 3945 1251 4018 (29)
1286 3965 1298 3999 :
1325 3963 1388 4003 ac
1410 3951 1634 4019 proinde
1651 3968 1758 4022 quo
1781 3962 2021 4025 tempore
2038 3959 2243 4014 daemon

685 4029 871 4084 videns
899 4033 1129 4101 ejectum
1156 4038 1410 4105 paradiso
1459 4043 1725 4097 Adamum
1768 4048 1988 4115 gavisus
2018 4061 2117 4115 est,
2152 4065 2246 4105 eo-

689 4123 810 4176 dcm
847 4135 900 4179 et
932 4126 1102 4180 doluit
1132 4143 1255 4183 cum
1281 4142 1529 4188 cerneret
1551 4135 1779 4193 latronis
1811 4142 2043 4195 animam
2068 4142 2118 4195 in
2152 4159 2247 4214 pa-

692 4214 929 4269 radisum
961 4218 1257 4275 reductam.
1295 4219 1503 4293 Quippe
1557 4242 1681 4280 cum
1730 4228 1931 4285 Christi
1980 4233 2157 4287 anima
2190 4236 2243 4289 in

690 4320 849 4357 cruce
877 4317 1017 4362 esset
1042 4323 1070 4361 a
1114 4324 1335 4379 corpore
1378 4326 1644 4383 separata,
1688 4319 1801 4388 ipsa
1830 4322 2081 4378 divinitas
2112 4325 2246 4379 sim-

690 4394 919 4462 pliciter,
950 4412 1124 4467 nequc
1166 4416 1366 4473 corpus
1400 4420 1571 4475 neque
1604 4409 1840 4463 animam
1869 4411 2123 4478 deseruit,
2155 4415 2244 4468 sed

2327 603 2418 658 sed
2439 602 2566 673 quia
2601 616 2704 656 non
2734 600 2867 656 satis
2889 607 3310 655 consentaneum
3337 596 3549 652 videtur
3571 609 3633 652 ea
3659 596 3732 652 sic
3749 610 3840 651 acta

2327 705 2468 747 esse.
2524 690 2589 744 Et
2619 703 2747 745 vero
2775 688 2821 743 si
2853 688 3025 742 Adam
3054 686 3215 751 etiam
3264 694 3378 740 tum
3412 685 3621 739 nullum
3650 684 3844 754 paradisi

2303 828 2306 832 λ
2331 780 2563 836 fructum
2589 786 2856 848 gustasset
2883 785 3073 848 praeter
3091 776 3314 832 vetitum
3346 776 3521 840 illum,
3550 791 3719 845 neque
3741 776 3848 831 satis

2336 872 2514 927 adhuc
2539 880 2633 926 aut
2662 870 2839 925 locum
2878 871 3074 939 ipsum,
3108 877 3200 923 aut
3219 869 3335 938 ejus
3360 868 3583 923 delicias
3610 868 3850 936 expertus.

2333 966 2504 1018 solum
2546 962 2796 1016 vertisset
2834 976 2849 1015 :
2887 959 2977 1029 qui
3021 960 3284 1028 patuisset
3310 973 3408 1028 per
3428 959 3852 1028 comparationem

2333 1068 2396 1108 ex
2415 1055 2533 1124 ejus
2551 1061 2708 1107 teme
2730 1052 2870 1105 unde
2882 1050 3155 1104 exciderat
3171 1049 3445 1114 felicitate,
3473 1064 3619 1110 eam,
3646 1049 3697 1102 in
3722 1056 3854 1117 quasi

2333 1142 2736 1205 detrudebatur,
2754 1140 2970 1204 duram,
2993 1138 3285 1205 horridam,
3310 1148 3473 1209 atque
3489 1138 3745 1194 infelicem
3764 1138 3858 1193 exi-

2336 1232 2589 1290 stimare?
2617 1232 2718 1287 Sed
2755 1232 2903 1288 dices
2936 1248 2951 1286 :
2983 1230 3248 1286 Audivere
3285 1245 3470 1286 vocem
3517 1231 3611 1286 Dei
3639 1230 3861 1300 gradien-

2337 1325 2410 1380 tis
2441 1339 2536 1395 per
2565 1324 2872 1393 paradisttm
2898 1324 2985 1379 die
3008 1324 3120 1394 jam
3152 1332 3262 1380 tum
3290 1322 3573 1387 inclinato,
3597 1321 3729 1391 pulsi
3754 1333 3861 1388 ergo

2338 1423 2465 1470 sunt
2487 1428 2553 1469 eo
2603 1413 2708 1468 die.
2745 1413 2910 1482 Atqui
2939 1413 3215 1483 Scriptura
3239 1427 3347 1467 non
3379 1413 3529 1476 dicit,
3562 1426 3685 1466 eum
3720 1410 3863 1464 fuisse

2339 1505 2477 1561 diem
2505 1519 2613 1575 quo
2643 1505 2896 1560 conditus
2928 1503 3105 1559 fuerat
3141 1504 3405 1560 Adamus.
3424 1488 3557 1559 .Pari
3600 1516 3726 1573 ergo
3750 1516 3861 1556 con-

2341 1595 2533 1651 feceris
2562 1595 2791 1661 ratione,
2818 1597 3006 1651 eodem
3052 1596 3140 1651 die
3194 1605 3249 1651 et
3273 1594 3536 1650 Joannem
3595 1594 3862 1664 Baptistatn

2338 1695 2396 1742 et
2416 1686 2690 1743 Christum
2711 1686 2945 1753 venisse,
2976 1686 3411 1757 quandoquidem
3432 1686 3670 1742 historiae
3700 1687 3864 1749 series,

2341 1779 2422 1834 eis
2450 1779 2642 1833 diebus
2670 1777 2868 1847 quibus
2894 1779 3143 1847 apparuit
3164 1778 3273 1843 ille,
3298 1778 3458 1848 hujus
3486 1778 3629 1833 diem
3665 1778 3866 1847 subjun-

2337 1871 2432 1942 git.
2465 1870 2570 1927 Sed
2606 1886 2781 1951 neque
2812 1872 2943 1925 illud
2976 1872 3107 1926 satis
3136 1873 3350 1925 iirmum
3373 1880 3457 1926 est
3492 1878 3865 1940 argumentum,

2316 1980 2438 2020 [cur
2472 1980 2815 2038 prtpropera
2870 1964 3218 2021 festinatione
3270 1962 3663 2017 conturhemus
3710 1970 3866 2013 rerum

2336 2070 2603 2127 gestarum
2628 2057 2847 2123 seriem,
2873 2066 3033 2125 atque
3072 2057 3234 2110 unius
3258 2055 3616 2125 ejusdemque
3643 2052 3746 2107 diei
3763 2065 3867 2119 spa-

2335 2148 2414 2202 tio
2451 2157 2558 2202 tam
2594 2150 2761 2203 multa
2799 2148 3209 2211 concludamus,
3256 2145 3401 2217 quod
3434 2146 3501 2202 de
3533 2145 3732 2201 Christi
3761 2159 3867 2199 eru-

2335 2237 2567 2293 ciatibus
2609 2238 2829 2317 allatum
2900 2247 3002 2295 est.
3053 2238 3187 2293 Nam
3238 2247 3297 2293 ut
3355 2237 3585 2294 libentes
3642 2236 3867 2298 fatentur.

2336 2327 2611 2382 Christum
2651 2321 2739 2383 die
2770 2325 2927 2385 sexto
2954 2328 3273 2384 emendasse
3306 2337 3469 2399 atque
3498 2328 3745 2397 expiasse
3770 2340 3871 2396 qua

2306 2416 2405 2473 ab
2456 2418 2663 2473 Adamo
2714 2419 2952 2474 admissa
3035 2416 3268 2481 fuerant,
3342 2421 3421 2474 ita
3479 2419 3593 2473 ﬁeri
3656 2417 3870 2488 potuisse

2337 2508 2711 2583 contendimus
2747 2518 2806 2563 ut
2852 2506 3112 2575 Adamus,
3172 2524 3294 2564 cum
3348 2507 3438 2564 die
3494 2508 3700 2564 conditi
3747 2508 3870 2562 orbis

2337 2593 2487 2653 sexto
2535 2600 2678 2654 esset
2710 2607 2927 2655 creatus
2956 2606 3115 2670 atque
3147 2598 3334 2655 eodem
3377 2598 3538 2654 etiam
3557 2600 3869 2672 deliquisset.

2336 2690 2443 2745 alio
2490 2690 2577 2746 die
2612 2699 2793 2755 sexto.
2826 2703 2926 2762 pro
2959 2705 3021 2747 ea
3044 2690 3265 2758 dierum
3296 2691 3438 2747 serie
3479 2704 3587 2762 qua
3615 2704 3873 2747 recurren-

2338 2789 2422 2837 tes
2453 2788 2826 2845 recensentur,
2862 2779 2946 2836 sui
2984 2778 3167 2851 ﬂagitii
3201 2780 3596 2838 condemnatus
3626 2796 3657 2836 a
3687 2780 3793 2837 Deo
3817 2781 3874 2832 sit

2339 2881 2504 2942 atque
2552 2872 2865 2927 eliminatos
2899 2874 3171 2951 paradiso.
3202 2866 3492 2929 Enimvero
3542 2869 3667 2944 quis
3716 2871 3877 2927 credat

2340 2964 2485 3035 (cum
2520 2964 2927 3034 amplissimum
2971 2972 3117 3019 esset
3180 2965 3417 3035 paradisi
3480 2964 3739 3034 spatium)
3785 2975 3876 3016 uno

2340 3054 2427 3111 die
2463 3054 2727 3109 Adamum
2758 3068 2879 3110 esse
2902 3068 3174 3125 egressum
3198 3055 3264 3110 ad
3295 3054 3621 3125 imponenda
3651 3054 3878 3110 animan-

2338 3146 2484 3202 tibus
2522 3146 2767 3213 nomina,
2792 3144 3095 3215 eodemque
3142 3146 3431 3202 revertisse
3453 3146 3506 3201 in
3532 3146 3765 3201 medium
3795 3157 3875 3213 pa-

2345 3238 2604 3303 radisum,
2635 3236 2738 3292 hoc
2760 3246 2862 3301 est,
2888 3236 3178 3292 multorum
3207 3234 3875 3300 dierumitereonl’ecisse?

2342 3327 2541 3383 Eodem
2599 3330 2759 3381 etiam
2801 3336 3102 3397 exemptam
3145 3328 3246 3398 ipsi
3298 3331 3689 3397 costam§esse,
3735 3336 3787 3381 et
3831 3327 3873 3379 in

2344 3420 2619 3474 mulierem
2662 3419 3127 3484 transformatam,
3196 3421 3384 3474 eodem
3419 3422 3485 3475 de
3516 3406 3678 3475 vetita
3709 3418 3875 3474 arbore

2343 3513 2532 3567 ambos
2559 3512 2736 3566 edisse
2786 3512 3142 3582 paradisoque
3175 3527 3297 3567 esse
3339 3513 3626 3567 extrusos?
3656 3512 3811 3572 Sane,
3836 3516 3877 3561 et

2344 3604 2513 3668 exire,
2556 3613 2610 3657 et
2641 3603 2865 3668 reverti,
2898 3608 2953 3657 et
2984 3612 3237 3673 pt'azterca
3276 3604 3440 3659 tantis
3484 3604 3606 3659 aliis
3633 3604 3876 3661 interesse

2342 3695 2526 3759 rebus,
2557 3692 2700 3748 haud
2742 3702 2825 3748 est
2878 3701 2977 3764 pro
3012 3696 3170 3749 unius
3211 3684 3329 3749 diei
3353 3695 3559 3764 spatio;
3588 3705 3643 3767 et
3682 3693 3876 3762 quidem

2344 3800 2451 3839 non
2481 3785 2669 3852 integri
2700 3786 2793 3840 sed
2824 3798 2853 3839 a
2886 3785 3125 3840 diluculo
3147 3786 3214 3840 ad
3262 3797 3460 3841 nonam
3498 3786 3754 3840 duntaxat
3792 3782 3876 3835 ho-

2346 3892 2459 3931 ram
2495 3892 2689 3946 usque,
2735 3886 2795 3931 ut
2850 3877 2929 3931 illi
2971 3879 3143 3933 aiunt.
3198 3878 3440 3947 Denique
3476 3868 3728 3942 dicimus,
3756 3872 3877 3929 haud
3966 3878 3971 3923 .‘

2345 3968 2635 4022 verisimile
2657 3968 2845 4034 videri,
2881 3970 3067 4022 eodem
3095 3969 3177 4022 die
3202 3978 3255 4023 et
3305 3971 3581 4023 conditum
3612 3986 3730 4025 esse
3756 3966 3877 4022 Ada-

2346 4075 2493 4113 mum
2520 4061 2947 4115 etanimantibus
2963 4076 3059 4115 sua
3075 4075 3193 4115 eum
3217 4062 3475 4117 indidisse
3503 4062 3736 4117 nomina.
3763 4057 3875 4111 Nam

2345 4152 2390 4207 si
2422 4164 2529 4221 quo
2554 4160 2794 4220 tempore
2819 4160 2941 4206 sunt
2970 4162 3245 4219 procreata
3291 4152 3563 4215 animalia,
3594 4152 3774 4206 eodem
3817 4146 3877 4201 si-

2350 4243 2461 4297 mul
2520 4253 2573 4297 et
2622 4244 2838 4296 nomina
2877 4243 3114 4297 Adamus
3172 4244 3456 4297 dedisset:
3495 4243 3732 4312 profecto
3785 4253 3875 4294 non

2351 4343 2682 4388 memoraret
2714 4332 3010 4403 Scriptura,
3044 4334 3206 4388 Deum
3237 4334 3321 4388 illa
3349 4336 3415 4389 ad
3432 4335 3698 4389 Adamum
3728 4333 3875 4387 addu-

2350 4424 2517 4478 xisse.
2580 4423 2761 4493 Neque
2788 4426 2931 4479 enim
2961 4435 3086 4480 ante
3118 4441 3238 4479 eum
3270 4426 3409 4480 diem
3439 4441 3549 4496 quo
3581 4436 3789 4481 creatus
3809 4432 3875 4476 est

689 4495 877 4540 rtuna
912 4503 1034 4543 cum
1095 4507 1323 4562 corpore
1382 4499 1685 4567 sepulcrum
1742 4502 1943 4569 subiit;
1998 4513 2051 4559 et
2087 4507 2238 4561 simul

2351 4514 2519 4568 Adam
2552 4514 2640 4568 illa
2687 4514 2835 4570 fuere
2894 4524 3034 4579 orta,
3088 4517 3180 4572 sed
3214 4533 3278 4571 eo
3308 4520 3425 4589 ipso
3461 4495 3590 4588 quo
3643 4519 3873 4578 Adamus,

690 4592 813 4631 cum
840 4581 1016 4679 ξυξξιξδ
1061 4581 1259 4679 ίηῖσξτοδ
1304 4588 1555 4651 Correxit»
1613 4601 1773 4658 atque
1803 4594 1867 4645 ad
1918 4609 2010 4649 €38
2041 4596 2250 4651 mima-‘3
2280 4581 2319 4592 ν
2348 4606 2507 4662 etiam
2536 4607 2625 4662 illa
2672 4617 2798 4663 sunt
2820 4617 3132 4676 procreata;
3173 4581 3345 4677 quare
3369 4581 3559 4679 parum
3595 4621 3873 4679 congruen-

691 4685 809 4735 qua:
854 4669 981 4723 inibi
1031 4673 1354 4729 tenebantur
1392 4680 1709 4733 concionem
1763 4682 1952 4737 habuit
2004 4687 2143 4740 sicut
2178 4685 2253 4742 ait

695 4758 887 4814 i’etrus
932 4765 1207 4829 apostolus
1238 4769 1290 4821 in
1340 4784 1437 4823 sua
1488 4772 1711 4839 epistola
1737 4774 1801 4825 ὀ.
1838 4774 2021 4845 itaque
2074 4784 2251 4834 anima

691 4851 891 4905 Christi
928 4868 1018 4910 eas
1050 4856 1259 4913 anintas
1290 4876 1411 4929 quae
1444 4863 1495 4915 itt
1544 4878 1603 4918 se
1627 4867 1937 4934 credebant,
1965 4870 2030 4924 ab
2067 4858 2252 4927 inieris

691 4944 932 5009 sustuiit,
980 4948 1592 5020 subvectaqueinduxit
1640 4973 1762 5012 cum
1800 4960 2025 5015 latronis
2070 4965 2245 5018 anima

694 5050 745 5086 tu
781 5037 1089 5103 paradisum
1124 5043 1263 5095 unde
1291 5046 1549 5113 expulsus
1576 5046 1748 5101 fuerat
1777 5051 2033 5107 Adamus.

766 5127 1022 5182 Adamum
1048 5132 1225 5185 cadent
1250 5136 1332 5188 die
1366 5147 1595 5190 creatum
1634 5152 1678 5191 et
1711 5158 1738 5193 e
1764 5146 2011 5208 paradiso
2034 5146 2251 5211 eiectum

692 5233 793 5268 non
831 5220 1011 5286 fuisse.
1049 5252 1119 5263 -—
1154 5225 1345 5280 Verum
1401 5233 1663 5283 sententia
1706 5233 1930 5287 aliorum
1973 5236 2250 5291 doctorum

690 5316 795 5369 est,
830 5325 1165 5389 nequaquam
1220 5334 1328 5371 uno
1362 5320 1447 5374 die
1474 5323 1650 5376 omnia
1707 5326 1795 5377 illa
1826 5342 1943 5379 esse
1990 5341 2199 5395 peracta
2240 5351 2249 5383 :

692 5418 795 5455 non
825 5404 949 5474 quia
968 5422 1073 5460 non
1094 5414 1322 5477 potuerit
1352 5413 1489 5469 Deus
1526 5425 1630 5468 tam
1658 5419 1799 5472 [ισθκί
1821 5434 1878 5471 ea
1900 5422 2070 5489 spatio
2087 5426 2255 5475 conli-

761 5583 804 5613 ⁹⁰
832 5585 846 5637 1
874 5588 1009 5639 Petr.
1040 5607 1117 5655 ttt,
1168 5593 1253 5648 19.

2351 4708 2429 4753 ter
2459 4698 2572 4767 ipsa
2603 4698 2851 4751 dicantur
2905 4699 3091 4752 eodem
3154 4714 3262 4752 uno
3306 4716 3425 4753 cum
3455 4700 3662 4755 Adamo
3705 4698 3784 4753 die
3827 4694 3870 4748 in

2350 4790 2559 4842 dissitis
2590 4788 2898 4857 regionibus
2927 4797 3063 4850 orla,
3092 4797 3143 4841 et
3173 4789 3333 4841 simul
3392 4790 3458 4842 ad
3492 4772 3746 4843 Adamum
3773 4795 3869 4841 acta

2350 4894 2509 4944 esse;
2581 4880 2826 4947 quamvis
2886 4858 2936 4929 id
2991 4870 3067 4929 in'
3101 4879 3348 4933 volucres
3400 4880 3663 4955 quadrare
3706 4876 3869 4948 possit.

2353 4972 2549 5040 quippe
2606 4985 2722 5039 qua:
2753 4972 2861 5039 jam
2909 4980 3030 5022 ante
3076 4971 3285 5024 fuerant
3332 4982 3522 5025 enatm.
3563 4972 3712 5038 Quod
3750 4970 3869 5025 enim

2356 5072 2719 5115 memorantur
2751 5061 2997 5114 animalia
3031 5064 3091 5115 ad
3112 5064 3429 5117 Adamuura
3464 5063 3570 5118 Deo
3597 5080 3711 5119 esse
3732 5061 3871 5117 addu-

2356 5162 2462 5213 cta,
2500 5151 2771 5218 siguilieat
2820 5152 2980 5205 variis
3034 5153 3231 5219 alioqui
3283 5154 3413 5208 locis
3465 5155 3554 5209 illa
3614 5158 3864 5223 procreata

2358 5242 2706 5310 dispersaque
2794 5243 3041 5309 agitasse.
3127 5242 3596 5301 Verumcnimvero
3670 5246 3866 5302 liberum

2360 5342 2474 5386 esto
2501 5331 2709 5394 lectori,
2752 5344 2923 5386 utram
2970 5334 3093 5387 velit
3133 5336 3321 5389 harum
3372 5340 3598 5393 duarum
3659 5338 3786 5393 inter
3822 5347 3868 5385 se

2366 5422 2791 5475 adversariaruut
2825 5426 3137 5492 opinionum
3177 5429 3420 5498 amplecti
3458 5439 3617 5503 atque
3649 5432 3867 5485 retinere.

761 5771 868 5844 (‘29)
897 5774 1010 5831 Non
1062 5776 1112 5831 in
1150 5787 1451 5836 terrestrem
1496 5782 1800 5850 paradisum
1859 5784 2097 5842 immissa
2146 5795 2223 5844 est
2267 5787 2488 5847 latronis
2518 5793 2721 5857 anima,
2748 5794 2836 5845 Si‘tl
2862 5794 2908 5846 in
2946 5796 3186 5864 gloriam.
