4176 6438
297 348 389 410 581

1407 346 1500 403 DE
1545 340 1947 402 PARADISO.
1989 366 2057 377 --
2097 339 2282 398 PARS
2325 339 2371 399 Ι.

3416 335 3528 395 5δὲ

295 464 421 518 Nam
451 471 594 516 certa
618 469 804 516 earum
854 475 1030 515 rerum
1070 458 1304 526 cognitio
1335 458 1387 510 in
1424 458 1605 511 futuro
1633 456 1850 508 demum
1882 459 1927 517 Α
1960 453 2010 505 in
2043 451 2295 520 paradiso
2343 457 2734 504 commoratum
2782 460 2903 501 esse
2953 446 3112 500 horas
3163 461 3268 501 non
3295 447 3528 515 amplius

293 555 486 609 saeculo
547 553 614 607 iis
662 552 905 605 absolute
944 548 1238 616 continget,
1282 548 1370 614 qui
1427 555 1584 600 antea
1619 544 1848 605 ,virtutis

293 645 559 700 exercitiis
607 658 664 697 se
693 643 796 711 ipsi
847 641 931 695 hic
960 655 989 694 a
1024 639 1228 709 peccati
1273 639 1506 692 tenebris
1555 649 1850 707 perpurga-

290 738 480 790 verint.

358 828 567 892 Quanto
593 835 816 892 tempore
845 823 1014 876 Adam
1048 824 1232 875 vixerit
1265 823 1318 875 in
1354 816 1845 888 paradiso.-——Jam

286 933 416 972 vero
463 917 566 969 hoc
624 931 842 984 quoque
907 914 1258 982 expediamus
1298 929 1311 965 :
1361 918 1562 980 quanto
1608 918 1848 976 tempore

287 1009 547 1062 manserit.
579 1009 748 1061 Adam
777 1007 829 1059 in
857 1006 1127 1076 paradiso.
1158 1003 1256 1056 ilic
1289 1002 1504 1071 quidam
1538 1000 1849 1054 existimant

287 1098 501 1167 triginta
534 1113 706 1151 annos
750 1097 882 1150 inihi
915 1095 1112 1160 fuisse,
1166 1108 1356 1161 nempe
1404 1101 1537 1160 quot
1590 1089 1848 1144 Dominus

286 1191 540 1244 nosterin
576 1191 782 1246 mundo
827 1191 934 1260 egit
987 1204 1083 1258 pro
1108 1186 1375 1257 expiando
1417 1186 1559 1240 illius
1591 1185 1798 1239 scelere
1827 1197 1844 1237 :

284 1288 344 1332 ut
391 1281 632 1350 quandiu
689 1279 851 1349 primi
909 1279 1158 1334 homines
1186 1275 1580 1346 magniﬁcentia
1613 1272 1847 1342 paradisi

281 1381 410 1425 sunt
439 1370 619 1440 potiti,
650 1369 834 1423 taudiu
887 1370 988 1424 iste
1039 1367 1225 1422 mundi
1267 1368 1433 1436 hujus
1486 1365 1844 1420 humilitatem

284 1461 622 1516 toleraverit.
678 1462 782 1516 Alii
815 1472 1029 1529 putant,
1084 1459 1439 1529 quadraginta
1482 1459 1669 1513 diebus
1703 1457 1846 1510 Ads-

279 1565 430 1603 mum
477 1551 585 1606 illic
619 1550 877 1616 hmsisse;
920 1565 1093 1612 eoque
1127 1547 1403 1604 Christum
1455 1549 1571 1602 dies
1625 1548 1845 1601 totidem

277 1640 544 1710 jejunium
602 1645 905 1709 duravisse,
951 1642 1211 1697 nimirum
1270 1652 1326 1696 ut
1374 1643 1536 1709 hujus
1577 1639 1844 1708 jejunium

279 1735 526 1788 remedio
555 1745 695 1790 esset
728 1736 943 1789 illorum
985 1734 1238 1803 ingluviei
1269 1749 1364 1802 per
1389 1748 1548 1801 quam
1577 1732 1846 1785 admisere

1960 558 2088 606 sex;
2123 558 2151 594 a
2186 543 2341 594 tertia
2382 541 2610 602 scilicet,
2640 539 2706 592 ad
2766 553 2966 592 nonam
2998 553 3166 605 usque
3210 539 3312 591 diei
3344 539 3519 598 sexti;

1950 633 2114 702 idque
2179 632 2356 686 tribus
2412 631 2712 685 rationibus
2772 631 3154 682 demonstrare
3236 610 3526 683 ttilltltltlt":

1949 737 2181 792 quarum
2216 723 2390 790 prima
2414 730 2528 784 est,
2561 721 2688 790 quia
2723 722 2892 773 multo
2919 719 3131 773 facilius
3154 717 3324 787 decipi
3356 723 3529 787 potuit

1949 814 2191 868 Adamus
2226 816 2279 868 in
2315 814 2436 884 ipso
2465 815 2647 868 statim
2673 813 2828 867 initio
2849 827 3009 880 quam
3044 811 3087 865 si
3113 810 3360 879 longiore
3389 821 3476 864 ten
3499 841 3528 855 .-

1949 919 2078 974 pore
2130 901 2440 974 paradisum
2493 904 2849 967 ineoluisset;
2905 902 3114 966 altera,
3161 902 3420 970 quoniam
3481 903 3525 954 .si

1949 996 2156 1050 diutius
2193 997 2336 1065 apud
2370 996 2611 1049 animum
2646 1010 2805 1049 suum
2839 992 3152 1046 meditando
3181 975 3528 1061 expendisstt

1949 1087 2268 1155 imperatam
2342 1086 2446 1142 sibi
2524 1086 2735 1155 legem,
2781 1083 2998 1138 cautior
3041 1080 3221 1137 factus
3294 1082 3524 1145 fuisset;

1948 1193 2133 1232 verum
2166 1178 2383 1247 quando
2415 1178 2667 1241 exiguum
2693 1174 2782 1227 ille
2842 1173 3105 1242 temporis
3135 1173 3368 1240 spatium
3392 1173 3524 1241 egit,

1947 1268 2108 1323 simul
2138 1277 2195 1321 ut
2216 1251 2530 1321 mandatum
2556 1281 2589 1321 a
2611 1264 2719 1318 Deo
2749 1269 3052 1331 acceperat,
3081 1261 3324 1315 fraudem
3355 1263 3516 1315 etiam

1948 1359 2054 1414 sibi
2108 1357 2266 1412 facile
2318 1357 2434 1411 fieri
2489 1369 2682 1425 passus
2711 1365 2816 1408 est.
2859 1353 3063 1420 Tertia,
3101 1351 3363 1407 credibile
3420 1361 3522 1416 est,

1948 1453 2154 1515 Deum,
2210 1463 2372 1520 quem
2432 1451 2690 1515 paradiso
2735 1445 2994 1515 pulsurus
3038 1453 3176 1504 erat.
3206 1458 3329 1498 cum
3382 1443 3523 1496 haud

1948 1544 2106 1615 longo
2139 1554 2379 1614 tempore
2425 1551 2573 1596 tanta
2603 1541 2866 1594 felicitate
2896 1537 3005 1592 frui
3032 1537 3229 1592 sivisse
3256 1551 3323 1589 ne
3355 1535 3538 1606 nimi-1

1950 1652 2083 1691 rum
2133 1635 2579 1698 excruciaretur;
2632 1632 2722 1686 sed
2796 1630 3014 1684 mollius
3056 1629 3343 1696 minusque
3384 1641 3525 1696 aegre

1950 1723 2153 1787 ferret,
2213 1739 2272 1777 se
2354 1723 2516 1776 tantis
2574 1720 2781 1775 deliciis
2828 1717 3085 1788 spoliari;
3151 1717 3289 1770 solet
3351 1715 3496 1768 enim

279 1834 560 1893 peccatum
587 1826 639 1878 in
673 1827 944 1893 paradiso.
993 1800 1099 1878 Sed
1126 1800 1374 1877 dominus
1408 1800 1682 1890 iEphrcm,
1719 1820 1841 1873 Phi-
1877 1800 1917 1853 Β
1951 1815 2087 1869 Dens
2118 1814 2409 1868 clementer
2437 1812 2850 1881 castigationem
2883 1824 3160 1864 exercere.
3207 1808 3385 1875 Atque
3435 1807 3522 1859 hic

279 1915 532 1982 loxenus,
555 1925 609 1971 et
640 1916 699 1971 D.
726 1916 967 1972 Jacobus
1003 1915 1326 1985 Sarugensis
1368 1916 1540 1979 aiunt,
1573 1911 1840 1965 Adamum

294 2099 3144 2131 Μ.

1949 1909 2071 1964 finis
2105 1915 2223 1962 esto
2263 1899 2422 1977 primi
2456 1902 2857 1959 commentarii.
2885 1924 2894 1937 ι

1340 2266 1625 2353 PARS
1702 2261 2420 2353 POSTERIOR.

867 2643 1280 2701 PROLEMIUM.

341 2763 466 2822 Col.
511 2760 817 2833 Superioris
847 2758 1229 2816 Commentarii
1252 2795 1267 2823 ,
1302 2757 1386 2825 pie
1425 2753 1621 2826 lgnati,
1663 2754 1839 2827 primo

271 2855 472 2924 capite,
502 2851 817 2908 disserendo
846 2849 1214 2913 ostendimus,
1245 2848 1555 2915 paradisum
1607 2844 1838 2915 duplicis

269 2960 392 3000 esse
433 2943 788 3004 conditionis.
823 2956 1092 3009 corporea:
1146 2948 1201 2994 et
1238 2930 1528 3008 spiritalis;
1575 2946 1737 3008 atque
1770 2937 1837 2992 ad

269 3038 320 3091 id
343 3035 805 3106 comprobandum
827 3033 1151 3088 adduximus
1168 3042 1480 3101 argumenta
1500 3031 1833 3086 ﬁrmissima:

270 3137 383 3181 tum
419 3128 487 3179 ab
517 3127 631 3194 ipsa
658 3139 837 3178 rerum
874 3119 1065 3176 natura
1096 3121 1282 3190 petita,
1318 3131 1430 3175 tum
1459 3135 1650 3174 eorum
1691 3121 1836 3174 viro-

268 3233 390 3273 rum
429 3217 751 3269 auctoritate
779 3215 901 3266 nisa
945 3215 1035 3282 qui
1062 3212 1217 3266 ﬁdem
1247 3213 1298 3264 in
1330 3212 1395 3264 iis
1431 3212 1591 3265 rebus
1625 3225 1838 3263 meren-

271 3318 379 3363 tur.
412 3308 692 3362 Prosecuti
734 3295 893 3375 porro
920 3307 1026 3359 illic
1058 3321 1246 3360 sumus
1285 3312 1630 3372 corporatum
1680 3318 1838 3372 para-

267 3400 472 3460 disum,
503 3412 726 3466 quaeque
752 3411 817 3450 eo
844 3411 965 3448 cum
993 3403 1316 3461 spectarent,
1337 3401 1639 3445 memoratu
1673 3391 1835 3461 digna

265 3505 388 3544 esse
422 3489 748 3542 videbantur
779 3504 792 3540 :
828 3486 1180 3553 explicantes,
1232 3499 1339 3537 non
1383 3485 1542 3537 modo
1573 3499 1659 3536 res
1688 3484 1834 3551 ipsas

266 3581 360 3636 sed
401 3581 625 3632 nomina
657 3579 822 3630 etiam
853 3591 1052 3640 rerum,
1084 3591 1177 3643 pro
1212 3584 1395 3628 tenore
1426 3589 1610 3627 eorum
1646 3575 1835 3626 \erbo-

264 3687 386 3726 rum
439 3670 638 3736 quibus
689 3669 844 3722 divus
891 3667 1066 3721 Moses
1099 3667 1151 3718 in
1188 3665 1541 3719 deseribendo
1579 3665 1831 3733 paradiso

265 3778 401 3817 usus
445 3771 548 3816 est.
580 3759 694 3816 Iam
725 3775 859 3813 vero
913 3760 967 3812 in
1018 3761 1120 3812 hoc
1169 3757 1404 3812 secundo
1433 3755 1831 3810 Commentario

263 3853 679 3913 constituimus,
733 3852 1024 3918 adjuvante
1070 3864 1285 3918 operam
1334 3857 1576 3901 nostram
1621 3846 1826 3916 Spiritu

263 3953 457 3996 sancto
485 3942 574 4010 qui
607 3942 787 3994 omnia
819 3947 1188 4008 perscrutatur
1218 3939 1378 3992 etiam
1429 3952 1624 3992 arcana
1666 3945 1828 4006 atque

262 4037 452 4091 intima
490 4034 602 4097 Dei,
628 4033 694 4087 de
720 4033 906 4087 eodem
939 4033 1186 4100 paradiso
1217 4032 1483 4084 disserere
1501 4031 1826 4098 mystice,et,

262 4129 423 4180 utsic
459 4127 656 4187 dicam,
685 4125 1039 4192 spiritualiter
1071 4139 1084 4175 :
1120 4131 1173 4176 ut
1210 4123 1664 4191 quemadmodum
1711 4123 1824 4190 ipse

259 4217 550 4288 paradisus
608 4216 803 4282 duplex
861 4223 963 4279 est,
1013 4215 1084 4268 ita
1119 4231 1145 4267 a
1204 4214 1358 4268 nobis
1408 4214 1609 4282 duplici
1661 4214 1822 4267 modo

258 4316 541 4362 tractetur.
583 4305 1015 4359 Consentaneum
1065 4319 1227 4373 porro
1275 4313 1394 4369 est,
1453 4315 1511 4359 ut
1560 4306 1615 4359 in
1662 4306 1822 4370 hujus

2437 2642 2667 2698 CAPUT
2728 2604 3019 2698 paulun.
3106 2662 3112 2669 -

2026 2755 2203 2812 Varia:
2235 2758 2508 2819 sententia
2573 2759 2858 2813 Doctorum
2913 2759 3401 2814 Ecclesiasticorum
3456 2764 3520 2816 de

1943 2851 2197 2920 paradiso
2258 2851 2501 2920 mystico.
2556 2879 2628 2892 —-
2687 2850 2949 2905 Doctores
3015 2850 3275 2907 Ecclesiae
3325 2867 3518 2919 sacrm,

1942 2942 2033 3014 qui
2060 2940 2340 3012 pracipui,
2411 2942 2833 3011 certissimaeque
2885 2942 3007 2996 tidei
3044 2941 3336 3010 habentur,
3371 2945 3510 3001 alias

1939 3042 2101 3104 atque
2133 3032 2268 3087 alias
2307 3033 2593 3098 opiniones
2621 3032 2862 3087 habuere
2882 3033 2949 3086 de
2975 3032 3226 3100 paradiso
3253 3035 3511 3103 mystico.

1944 3128 2176 3193 Quidam
2234 3125 2378 3179 enim
2445 3125 2690 3194 ipsorum
2751 3135 3161 3178 sacrosanctam
3211 3123 3509 3180 Ecclesiam

1940 3219 2387 3272 existimaverunt
2427 3215 2714 3286 mysticum
2771 3217 3083 3285 paradisum
3107 3230 3228 3270 esse
3260 3232 3276 3270 ε
3335 3225 3502 3285 atque

1942 3311 2107 3379 hujus
2139 3309 2360 3380 ﬁguram
2419 3309 2704 3377 mysticam
2763 3308 2934 3361 luisse
2993 3308 3124 3361 olim
3159 3319 3509 3376 corporatum

1944 3400 2092 3454 illum
2126 3399 2436 3469 paradisum
2472 3401 2522 3450 in
2563 3413 2673 3467 quo
2733 3408 2850 3452 erat
2881 3399 3146 3453 Adamus.
3195 3398 3300 3452 Alii
3331 3417 3512 3470 para-

1940 3494 2118 3547 disum
2158 3492 2444 3561 mysticum
2486 3489 2728 3545 fecerunt
2790 3506 2910 3546 eam
2963 3491 3169 3544 Christi
3228 3492 3510 3548 docrinam
3568 3518 3571 3522 ·

1936 3601 2098 3654 quam
2129 3571 2438 3655 baptizatus
2468 3584 2806 3652 divulgabat,
2846 3587 3154 3653 cujusmodi
3207 3597 3334 3641 sunt.
3378 3587 3510 3641 illa:

1932 3674 2010 3729 Ne
2038 3676 2295 3729 irascaris
2325 3685 2417 3728 tuo
2444 3675 2610 3730 fratri-
2633 3675 2873 3744 gratuito
2906 3691 2920 3728 :
2955 3675 3033 3728 Ne
3071 3678 3317 3733 iutueare
3351 3677 3509 3734 femi-

1933 3768 2134 3820 minam
2171 3781 2266 3835 per
2295 3765 2600 3836 cupidinem
2637 3783 2651 3820 :
2689 3765 2752 3821 Si
2803 3768 2918 3834 quis
2952 3770 3275 3834 'percusserit
3318 3772 3512 3824 maxil-

1931 3855 2038 3908 lam
2097 3866 2262 3918 tuam,
2323 3858 2842 3911 dexteram-obverte
2898 3860 2946 3911 ei
2998 3860 3222 3912 alteram
3261 3877 3463 3929 quoque
3490 3877 3506 3914 :

1919 3947 2098 4011 ,Vade,
2131 3949 2289 4002 vende
2318 3949 2574 4019 quidquid
2601 3950 2780 4015 habes,
2804 3962 2853 4002 et
2876 3950 3003 4005 dato
3028 3953 3342 4020 pauperibus
3362 3955 3431 4017 ⁹¹,
3457 3966 3509 4006 et

1927 4039 2088 4108 hujus
2117 4040 2331 4109 generis
2379 4041 2502 4094 alia.
2531 4041 2768 4116 Rursum
2821 4043 2910 4096 alii
2973 4051 3186 4111 putant,
3217 4051 3504 4114 mysticum

1924 4129 2232 4197 paradisum
2283 4146 2403 4184 esse
2454 4132 2648 4185 animae
2690 4141 2897 4204 typum,
2936 4134 3267 4204 arboresque
3307 4135 3360 4189 in
3414 4138 3505 4190 illo

1923 4230 2092 4283 satas,
2145 4220 2338 4272 anima:
2376 4219 2618 4274 facinora
2661 4237 2755 4290 per
2793 4222 3047 4277 virtutem
3103 4222 3244 4277 facta
3293 4225 3505 4294 signiti-

1922 4326 2080 4374 eare;
2112 4310 2188 4371 hi,
2207 4321 2442 4379 quatuor
2458 4311 2690 4379 paradisi
2712 4311 2934 4367 ﬂumina
2957 4315 3019 4368 ad
3045 4325 3281 4383 quatuor
3308 4319 3502 4371 anima:

255 4413 481 4467 quoque
527 4396 747 4450 secundi
798 4399 1066 4449 sermonis
1125 4397 1408 4465 principio,
1447 4396 1562 4464 ipsa
1613 4409 1818 4466 septem
1853 4441 1896 4494 υ
1925 4403 2154 4454 virtutes
2200 4401 2522 4455 naturaliter
2548 4404 2984 4467 {accommodant
3015 4420 3030 4458 :
3065 4421 3257 4475 nempe
3291 4407 3355 4460 ad
3386 4423 3505 4460 eam

255 4491 434 4556 capita
464 4488 661 4556 quibus
696 4496 864 4540 totum
898 4503 1033 4555 opus
1061 4503 1090 4540 a
1127 4487 1280 4540 nobis
1312 4487 1634 4546 absolvetur,
1666 4503 1819 4541 sum-

256 4579 446 4630 matim
470 4591 853 4645 proponamus.
877 4575 1059 4630 Primo
1097 4578 1259 4646 igitur
1295 4578 1463 4646 capite
1493 4579 1817 4643 ostenditur,

255 4684 357 4736 qua
411 4668 620 4720 ratione
666 4668 867 4721 inducti
915 4668 1023 4723 sint
1056 4669 1305 4723 doctores
1339 4670 1612 4733 Ecelesire,
1648 4677 1702 4723 ut
1753 4671 1820 4724 de

255 4757 513 4827 paradiso
556 4759 780 4827 mystice
815 4760 1196 4825 loquerentur;
1229 4769 1280 4812 et
1311 4762 1508 4828 quibus
1541 4763 1817 4816 vocabulis

256 4851 647 4919 appellaverint
680 4851 967 4920 mysticum
995 4865 1322 4920 paradisum.
1360 4851 1608 4907 Secundo
1643 4855 1817 4922 capite

256 4941 630 5010 explicabitur,
692 4943 825 5012 quid
871 4943 939 4996 sit
977 4945 1224 5010 pardisus
1275 4947 1553 5015 mysticus.
1605 4946 1811 5011 Tertio,

257 5049 502 5101 quaenam
532 5034 602 5088 sit
648 5044 787 5088 terra
829 5036 1074 5105 mystica.
1117 5036 1339 5101 Quarto,
1382 5041 1568 5106 quales
1615 5040 1814 5094 fuerint

258 5124 478 5176 arbores
533 5132 692 5192 atque
750 5123 941 5191 planta:
1004 5126 1056 5178 in
1089 5125 1190 5179 hoc
1245 5128 1472 5196 mystico
1539 5131 1809 5197 paradiso.

256 5212 452 5278 Quinto
492 5231 612 5283 quae
656 5215 818 5268 fuerit
865 5215 1028 5269 arbor
1073 5218 1309 5272 scientia:
1348 5221 1469 5272 boni
1506 5229 1556 5274 et
1602 5223 1726 5274 mali
1763 5224 1814 5276 in

259 5303 357 5354 hoc
390 5305 639 5371 paradiso
666 5306 887 5375 mystico
914 5316 1051 5362 sata.
1088 5309 1271 5372 Sexto,
1305 5326 1424 5378 qua:
1458 5310 1617 5364 fuerit
1655 5314 1814 5366 arbor

255 5394 375 5447 vita:
414 5395 467 5446 in
498 5393 597 5446 hoc
631 5395 879 5462 pauidiso
909 5399 1152 5467 mystico.
1191 5400 1448 5468 Septimo,
1476 5415 1813 5469 exponentur

258 5486 478 5554 mystice
533 5488 691 5539 verba
743 5487 906 5543 Mosis
935 5505 1053 5558 qua:
1084 5491 1149 5546 de
1186 5493 1437 5560 paradiso
1472 5497 1672 5566 scripta
1723 5499 1810 5554 ille

259 5576 491 5645 reliquit.

327 5733 364 5763 "
413 5733 592 5792 Matth.
625 5752 674 5806 ν,
708 5734 911 5804 12,27,
948 5738 1052 5804 '59;
1106 5756 1212 5804 xxx,
1251 5743 1339 5797 Eli.

1927 4509 2044 4562 quae
2073 4493 2351 4546 rationalis
2375 4490 2546 4562 partis
2581 4493 2774 4549 animm
2802 4495 3020 4565 prapria
3048 4505 3149 4557 est.
3176 4507 3230 4552 et
3263 4499 3506 4567 pruden—

1929 4586 2000 4638 tia
2058 4596 2307 4647 vocatur,
2365 4586 2526 4640 et-ad
2579 4588 3045 4654 temperantiam:
3085 4589 3212 4642 item
3263 4590 3328 4644 ad
3382 4605 3500 4643 eam

1925 4693 2043 4747 qua:
2074 4678 2372 4732 animosam
2405 4678 2518 4732 sive
2540 4679 2864 4732 irascibilem
2901 4690 3106 4748 partem
3142 4682 3335 4734 anima:
3368 4697 3491 4749 spc-

1924 4778 2051 4833 ctat,
2081 4778 2244 4837 atque
2272 4784 2417 4823 nunc
2443 4768 2725 4833 fortitudo,
2760 4785 2904 4824 nunc
2935 4771 3133 4826 lenitas
3175 4786 3500 4825 mansuetu-

1925 4862 2061 4914 dove
2114 4859 2434 4928 appellatur,
2487 4861 2723 4930 denique
2767 4861 2832 4915 ad
2874 4851 3142 4932 jhstitiam
3177 4881 3190 4916 :
3223 4863 3305 4916 lue
3350 4865 3494 4918 enim

1922 4962 2174 5022 quatuor,
2213 4962 2436 5009 eazteras
2466 4955 2660 5009 animat
2689 4955 2919 5010 virtutes
2963 4971 3154 5009 omnes
3190 4955 3358 5008 veluti
3417 4957 3495 5010 ri-

1922 5059 2067 5114 ganl,
2097 5044 2297 5110 fovent,
2319 5056 2536 5115 augent.
2575 5048 2713 5100 Sunt
2735 5059 2989 5116 prmlerea
3021 5047 3112 5116 qui
3136 5048 3493 5112 arbitrentur,

1924 5140 2206 5206 mysticum
2247 5139 2556 5207 paradisum
2593 5155 2711 5194 esse
2742 5154 2936 5193 sensus
2981 5133 3244 5207 qttosdam
3290 5139 3494 5210 ﬁgura-

1920 5240 2004 5282 tos
2038 5231 2151 5285 sive
2180 5232 2522 5300 parabolicos
2551 5231 2632 5300 (ut
2667 5232 2945 5300 vocamus)
2996 5240 3090 5284 aut
3129 5233 3486 5301 anagogieos:

1918 5334 1979 5372 ea
2004 5321 2147 5374 enim
2180 5336 2300 5390 quae
2331 5338 2359 5375 a
2388 5321 2532 5376 Mosc
2563 5321 2628 5376 de
2655 5322 2908 5390 paradiso
2931 5322 3074 5377 dicta
3109 5336 3253 5384 sunt,
3293 5321 3485 5389 partim

1915 5411 1980 5464 dc
2023 5413 2183 5466 rebus
2237 5414 2366 5482 ipsis
2405 5430 2524 5482 qua:
2559 5413 2840 5468 vocabulis
2874 5415 3132 5482 subjectae
3166 5413 3489 5477 sunt.,-acri-

1915 5502 2108 5570 pienda
2162 5519 2283 5558 esse
2321 5522 2334 5557 :
2367 5505 2562 5574 partim
2612 5519 2742 5558 vero
2789 5520 2884 5572 per
2913 5502 3326 5556 similitudinem
3383 5504 3490 5554 alio

1912 5596 2390 5651 accommodanda.
2440 5597 2600 5652 Verbi
2639 5597 2834 5666 gratia,
2873 5593 3016 5664 quod
3073 5594 3147 5647 ait
3196 5593 3481 5647 Dominum
