  <div class='ocr_page' id='page_1' title='image "/cluster/home/n/w/nwhite01/storage/ocr_20150623/111/hvd.32044010574143/299.png"; bbox 0 0 4024 6448; ppageno 0'>
   <div class='ocr_carea' id='block_1_1' title="bbox 695 302 797 365">
    <p class='ocr_par' dir='ltr' id='par_1_1' title="bbox 695 302 797 365">
     <span class='ocr_line' id='line_1_1' title="bbox 695 302 797 365; baseline 0 0"><span class='ocrx_word' id='word_1_1' title='bbox 695 302 797 365; x_wconf 83' lang='grc'><strong>583</strong></span> 
     </span>
    </p>
   </div>
   <div class='ocr_carea' id='block_1_2' title="bbox 1955 307 3864 390">
    <p class='ocr_par' dir='ltr' id='par_1_2' title="bbox 1955 307 3864 390">
     <span class='ocr_line' id='line_1_2' title="bbox 1955 307 3864 390; baseline 0.007 -23"><span class='ocrx_word' id='word_1_2' title='bbox 1955 307 2182 370; x_wconf 80' lang='lat' dir='ltr'><strong>MOSIS</strong></span> <span class='ocrx_word' id='word_1_3' title='bbox 2225 311 2375 372; x_wconf 74' lang='grc' dir='ltr'><strong>ΒΑΗ</strong></span> <span class='ocrx_word' id='word_1_4' title='bbox 2415 311 2656 373; x_wconf 76' lang='lat' dir='ltr'><strong>CEPHA</strong></span> <span class='ocrx_word' id='word_1_5' title='bbox 2772 366 2775 368; x_wconf 97' lang='lat'><strong>.</strong></span> <span class='ocrx_word' id='word_1_6' title='bbox 3781 329 3864 390; x_wconf 56' lang='lat'><strong>58.5</strong></span> 
     </span>
    </p>
   </div>
   <div class='ocr_carea' id='block_1_3' title="bbox 699 402 3865 504">
    <p class='ocr_par' dir='ltr' id='par_1_3' title="bbox 699 402 3865 504">
     <span class='ocr_line' id='line_1_3' title="bbox 699 402 3865 504; baseline 0.007 -33"><span class='ocrx_word' id='word_1_7' title='bbox 699 419 863 471; x_wconf 84' lang='lat' dir='ltr'><strong>Deum</strong></span> <span class='ocrx_word' id='word_1_8' title='bbox 903 417 1164 474; x_wconf 81' lang='lat' dir='ltr'><strong>formasse</strong></span> <span class='ocrx_word' id='word_1_9' title='bbox 1193 420 1483 482; x_wconf 80' lang='lat' dir='ltr'><strong>Adamum,</strong></span> <span class='ocrx_word' id='word_1_10' title='bbox 1524 429 1578 475; x_wconf 90' lang='lat' dir='ltr'><strong>et</strong></span> <span class='ocrx_word' id='word_1_11' title='bbox 1625 436 1747 490; x_wconf 65' lang='lat' dir='ltr'><strong>quae</strong></span> <span class='ocrx_word' id='word_1_12' title='bbox 1780 432 1908 476; x_wconf 89' lang='lat' dir='ltr'><strong>sunt</strong></span> <span class='ocrx_word' id='word_1_13' title='bbox 1951 423 2113 492; x_wconf 83' lang='lat' dir='ltr'><strong>hujus</strong></span> <span class='ocrx_word' id='word_1_14' title='bbox 2157 441 2254 495; x_wconf 79' lang='lat' dir='ltr'><strong>ge-</strong></span> <span class='ocrx_word' id='word_1_15' title='bbox 2281 432 2327 491; x_wconf 80' lang='grc' dir='ltr'><strong>Α</strong></span> <span class='ocrx_word' id='word_1_16' title='bbox 2361 438 2442 483; x_wconf 92' lang='lat' dir='ltr'><strong>est</strong></span> <span class='ocrx_word' id='word_1_17' title='bbox 2487 402 2790 484; x_wconf 89' lang='lat' dir='ltr'><strong>differentia</strong></span> <span class='ocrx_word' id='word_1_18' title='bbox 2827 448 2839 485; x_wconf 90' lang='lat'>:</span> <span class='ocrx_word' id='word_1_19' title='bbox 2875 434 3192 504; x_wconf 87' lang='lat' dir='ltr'><strong>quantisper</strong></span> <span class='ocrx_word' id='word_1_20' title='bbox 3230 402 3374 490; x_wconf 84' lang='lat' dir='ltr'><strong>enim</strong></span> <span class='ocrx_word' id='word_1_21' title='bbox 3425 437 3536 492; x_wconf 64' lang='lat' dir='ltr'><strong>haec</strong></span> <span class='ocrx_word' id='word_1_22' title='bbox 3579 439 3700 493; x_wconf 68' lang='lat' dir='ltr'><strong>Adze</strong></span> <span class='ocrx_word' id='word_1_23' title='bbox 3735 441 3865 498; x_wconf 81' lang='lat' dir='ltr'><strong>animi</strong></span> 
     </span>
    </p>
   </div>
   <div class='ocr_carea' id='block_1_4' title="bbox 698 507 2253 579">
    <p class='ocr_par' dir='ltr' id='par_1_4' title="bbox 698 507 2253 579">
     <span class='ocr_line' id='line_1_4' title="bbox 698 507 2253 579; baseline 0.006 -21"><span class='ocrx_word' id='word_1_24' title='bbox 698 508 862 567; x_wconf 66' lang='lat' dir='ltr'><strong>inuis,</strong></span> <span class='ocrx_word' id='word_1_25' title='bbox 887 507 950 559; x_wconf 90' lang='lat' dir='ltr'><strong>de</strong></span> <span class='ocrx_word' id='word_1_26' title='bbox 979 508 1141 562; x_wconf 81' lang='lat' dir='ltr'><strong>rebus</strong></span> <span class='ocrx_word' id='word_1_27' title='bbox 1177 509 1304 578; x_wconf 81' lang='lat' dir='ltr'><strong>ipsis</strong></span> <span class='ocrx_word' id='word_1_28' title='bbox 1328 524 1447 563; x_wconf 89' lang='lat' dir='ltr'><strong>esse</strong></span> <span class='ocrx_word' id='word_1_29' title='bbox 1482 509 1821 579; x_wconf 85' lang='lat' dir='ltr'><strong>intelligenda</strong></span> <span class='ocrx_word' id='word_1_30' title='bbox 1856 511 2043 566; x_wconf 92' lang='lat' dir='ltr'><strong>dicunt</strong></span> <span class='ocrx_word' id='word_1_31' title='bbox 2076 529 2090 565; x_wconf 90' lang='lat'><strong>:</strong></span> <span class='ocrx_word' id='word_1_32' title='bbox 2125 513 2253 569; x_wconf 92' lang='lat' dir='ltr'><strong>illud</strong></span> 
     </span>
    </p>
   </div>
   <div class='ocr_carea' id='block_1_5' title="bbox 695 598 2253 675">
    <p class='ocr_par' dir='ltr' id='par_1_5' title="bbox 695 598 2253 675">
     <span class='ocr_line' id='line_1_5' title="bbox 695 598 2253 675; baseline 0.008 -28"><span class='ocrx_word' id='word_1_33' title='bbox 695 613 844 658; x_wconf 76' lang='lat' dir='ltr'><strong>vero,</strong></span> <span class='ocrx_word' id='word_1_34' title='bbox 875 598 1018 664; x_wconf 92' lang='lat' dir='ltr'><strong>quod</strong></span> <span class='ocrx_word' id='word_1_35' title='bbox 1063 598 1321 653; x_wconf 85' lang='lat' dir='ltr'><strong>Dominus</strong></span> <span class='ocrx_word' id='word_1_36' title='bbox 1350 599 1489 675; x_wconf 80' lang='lat' dir='ltr'><strong>Deus</strong></span> <span class='ocrx_word' id='word_1_37' title='bbox 1516 602 1821 655; x_wconf 87' lang='lat' dir='ltr'><strong>couseverit</strong></span> <span class='ocrx_word' id='word_1_38' title='bbox 1854 604 2161 670; x_wconf 79' lang='lat' dir='ltr'><strong>paradisum</strong></span> <span class='ocrx_word' id='word_1_39' title='bbox 2201 606 2253 659; x_wconf 89' lang='lat' dir='ltr'><strong>iu</strong></span> 
     </span>
    </p>
   </div>
   <div class='ocr_carea' id='block_1_6' title="bbox 696 680 2252 764">
    <p class='ocr_par' dir='ltr' id='par_1_6' title="bbox 696 680 2252 764">
     <span class='ocr_line' id='line_1_6' title="bbox 696 680 2252 764; baseline 0.006 -22"><span class='ocrx_word' id='word_1_40' title='bbox 696 689 840 742; x_wconf 78' lang='lat' dir='ltr'><strong>Elea</strong></span> <span class='ocrx_word' id='word_1_41' title='bbox 875 690 942 742; x_wconf 91' lang='lat' dir='ltr'><strong>ab</strong></span> <span class='ocrx_word' id='word_1_42' title='bbox 980 691 1152 757; x_wconf 87' lang='lat' dir='ltr'><strong>initio,</strong></span> <span class='ocrx_word' id='word_1_43' title='bbox 1184 691 1290 744; x_wconf 88' lang='lat' dir='ltr'><strong>alio</strong></span> <span class='ocrx_word' id='word_1_44' title='bbox 1327 680 1489 745; x_wconf 81' lang='lat' dir='ltr'><strong>scusu</strong></span> <span class='ocrx_word' id='word_1_45' title='bbox 1527 707 1642 745; x_wconf 91' lang='lat' dir='ltr'><strong>esse</strong></span> <span class='ocrx_word' id='word_1_46' title='bbox 1677 694 2050 760; x_wconf 89' lang='lat' dir='ltr'><strong>accipiendum</strong></span> <span class='ocrx_word' id='word_1_47' title='bbox 2092 712 2252 764; x_wconf 90' lang='lat' dir='ltr'><strong>quam</strong></span> 
     </span>
    </p>
   </div>
   <div class='ocr_carea' id='block_1_7' title="bbox 697 781 2255 856">
    <p class='ocr_par' dir='ltr' id='par_1_7' title="bbox 697 781 2255 856">
     <span class='ocr_line' id='line_1_7' title="bbox 697 781 2255 856; baseline 0.006 -23"><span class='ocrx_word' id='word_1_48' title='bbox 697 781 860 834; x_wconf 84' lang='lat' dir='ltr'><strong>verba</strong></span> <span class='ocrx_word' id='word_1_49' title='bbox 911 782 1026 850; x_wconf 88' lang='lat' dir='ltr'><strong>ipsa</strong></span> <span class='ocrx_word' id='word_1_50' title='bbox 1062 783 1390 849; x_wconf 81' lang='lat' dir='ltr'><strong>ostendunt;</strong></span> <span class='ocrx_word' id='word_1_51' title='bbox 1428 799 1623 852; x_wconf 85' lang='lat' dir='ltr'><strong>nempe</strong></span> <span class='ocrx_word' id='word_1_52' title='bbox 1673 783 1840 837; x_wconf 80' lang='lat' dir='ltr'><strong>Deum</strong></span> <span class='ocrx_word' id='word_1_53' title='bbox 1882 791 2255 856; x_wconf 85' lang='lat' dir='ltr'><strong>comparuisse</strong></span> 
     </span>
    </p>
   </div>
   <div class='ocr_carea' id='block_1_8' title="bbox 695 874 2249 942">
    <p class='ocr_par' dir='ltr' id='par_1_8' title="bbox 695 874 2249 942">
     <span class='ocr_line' id='line_1_8' title="bbox 695 874 2249 942; baseline 0.005 -18"><span class='ocrx_word' id='word_1_54' title='bbox 695 874 1030 941; x_wconf 89' lang='lat' dir='ltr'><strong>spiritualem</strong></span> <span class='ocrx_word' id='word_1_55' title='bbox 1063 876 1354 941; x_wconf 83' lang='lat' dir='ltr'><strong>quamdam</strong></span> <span class='ocrx_word' id='word_1_56' title='bbox 1399 886 1561 942; x_wconf 88' lang='lat' dir='ltr'><strong>atque</strong></span> <span class='ocrx_word' id='word_1_57' title='bbox 1596 876 1806 931; x_wconf 88' lang='lat' dir='ltr'><strong>felicem</strong></span> <span class='ocrx_word' id='word_1_58' title='bbox 1838 880 2052 934; x_wconf 81' lang='lat' dir='ltr'><strong>vivendi</strong></span> <span class='ocrx_word' id='word_1_59' title='bbox 2084 881 2249 935; x_wconf 85' lang='lat' dir='ltr'><strong>ratio-</strong></span> 
     </span>
    </p>
   </div>
   <div class='ocr_carea' id='block_1_9' title="bbox 697 963 2253 1040">
    <p class='ocr_par' dir='ltr' id='par_1_9' title="bbox 697 963 2253 1040">
     <span class='ocr_line' id='line_1_9' title="bbox 697 963 2253 1040; baseline 0.008 -27"><span class='ocrx_word' id='word_1_60' title='bbox 697 974 970 1024; x_wconf 90' lang='lat' dir='ltr'><strong>nem,etc.</strong></span> <span class='ocrx_word' id='word_1_61' title='bbox 1010 963 1214 1017; x_wconf 66' lang='lat' dir='ltr'><strong>Praeter</strong></span> <span class='ocrx_word' id='word_1_62' title='bbox 1257 965 1353 1018; x_wconf 85' lang='lat' dir='ltr'><strong>lios</strong></span> <span class='ocrx_word' id='word_1_63' title='bbox 1403 974 1530 1018; x_wconf 88' lang='lat' dir='ltr'><strong>sunt</strong></span> <span class='ocrx_word' id='word_1_64' title='bbox 1577 967 1667 1034; x_wconf 92' lang='lat' dir='ltr'><strong>qui</strong></span> <span class='ocrx_word' id='word_1_65' title='bbox 1716 968 1937 1036; x_wconf 68' lang='lat' dir='ltr'><strong>velint,:</strong></span> <span class='ocrx_word' id='word_1_66' title='bbox 1971 972 2253 1040; x_wconf 89' lang='lat' dir='ltr'><strong>mysticum</strong></span> 
     </span>
    </p>
   </div>
   <div class='ocr_carea' id='block_1_10' title="bbox 694 1052 2252 1125">
    <p class='ocr_par' dir='ltr' id='par_1_10' title="bbox 694 1052 2252 1125">
     <span class='ocr_line' id='line_1_10' title="bbox 694 1052 2252 1125; baseline 0.009 -24"><span class='ocrx_word' id='word_1_67' title='bbox 694 1052 1005 1120; x_wconf 74' lang='lat' dir='ltr'><strong>paradisum</strong></span> <span class='ocrx_word' id='word_1_68' title='bbox 1038 1068 1158 1106; x_wconf 79' lang='lat' dir='ltr'><strong>esse</strong></span> <span class='ocrx_word' id='word_1_69' title='bbox 1189 1053 1362 1121; x_wconf 90' lang='lat' dir='ltr'><strong>ipsum</strong></span> <span class='ocrx_word' id='word_1_70' title='bbox 1397 1066 1736 1123; x_wconf 87' lang='lat' dir='ltr'><strong>corporatum</strong></span> <span class='ocrx_word' id='word_1_71' title='bbox 1765 1058 2096 1125; x_wconf 87' lang='lat' dir='ltr'><strong>paradisum,</strong></span> <span class='ocrx_word' id='word_1_72' title='bbox 2123 1061 2252 1114; x_wconf 89' lang='lat' dir='ltr'><strong>dum</strong></span> 
     </span>
    </p>
   </div>
   <div class='ocr_carea' id='block_1_11' title="bbox 697 1142 2256 1213">
    <p class='ocr_par' dir='ltr' id='par_1_11' title="bbox 697 1142 2256 1213">
     <span class='ocr_line' id='line_1_11' title="bbox 697 1142 2256 1213; baseline 0.008 -21"><span class='ocrx_word' id='word_1_73' title='bbox 697 1156 820 1193; x_wconf 86' lang='lat' dir='ltr'><strong>cuiu</strong></span> <span class='ocrx_word' id='word_1_74' title='bbox 867 1142 1054 1196; x_wconf 88' lang='lat' dir='ltr'><strong>animo</strong></span> <span class='ocrx_word' id='word_1_75' title='bbox 1102 1145 1531 1211; x_wconf 86' lang='lat' dir='ltr'><strong>contemplamur</strong></span> <span class='ocrx_word' id='word_1_76' title='bbox 1577 1147 1843 1213; x_wconf 89' lang='lat' dir='ltr'><strong>spirituali</strong></span> <span class='ocrx_word' id='word_1_77' title='bbox 1886 1152 2115 1204; x_wconf 77' lang='lat' dir='ltr'><strong>ratione.</strong></span> <span class='ocrx_word' id='word_1_78' title='bbox 2150 1150 2256 1205; x_wconf 87' lang='lat' dir='ltr'><strong>Po-</strong></span> 
     </span>
    </p>
   </div>
   <div class='ocr_carea' id='block_1_12' title="bbox 695 1233 2254 1312">
    <p class='ocr_par' dir='ltr' id='par_1_12' title="bbox 695 1233 2254 1312">
     <span class='ocr_line' id='line_1_12' title="bbox 695 1233 2254 1312; baseline 0.009 -28"><span class='ocrx_word' id='word_1_79' title='bbox 695 1242 901 1285; x_wconf 84' lang='lat' dir='ltr'><strong>stremo</strong></span> <span class='ocrx_word' id='word_1_80' title='bbox 958 1243 1084 1287; x_wconf 88' lang='lat' dir='ltr'><strong>sunt</strong></span> <span class='ocrx_word' id='word_1_81' title='bbox 1137 1233 1229 1286; x_wconf 87' lang='lat' dir='ltr'><strong>alii</strong></span> <span class='ocrx_word' id='word_1_82' title='bbox 1275 1235 1524 1289; x_wconf 85' lang='lat' dir='ltr'><strong>doctores</strong></span> <span class='ocrx_word' id='word_1_83' title='bbox 1555 1252 1785 1312; x_wconf 84' lang='lat' dir='ltr'><strong>quorum</strong></span> <span class='ocrx_word' id='word_1_84' title='bbox 1823 1243 2108 1295; x_wconf 70' lang='lat' dir='ltr'><strong>sententiae</strong></span> <span class='ocrx_word' id='word_1_85' title='bbox 2153 1258 2254 1298; x_wconf 89' lang='lat' dir='ltr'><strong>nos</strong></span> 
     </span>
    </p>
   </div>
   <div class='ocr_carea' id='block_1_13' title="bbox 694 1326 2258 1405">
    <p class='ocr_par' dir='ltr' id='par_1_13' title="bbox 694 1326 2258 1405">
     <span class='ocr_line' id='line_1_13' title="bbox 694 1326 2258 1405; baseline 0.008 -28"><span class='ocrx_word' id='word_1_86' title='bbox 694 1340 912 1392; x_wconf 84' lang='lat' dir='ltr'><strong>quoque</strong></span> <span class='ocrx_word' id='word_1_87' title='bbox 948 1326 1368 1391; x_wconf 84' lang='lat' dir='ltr'><strong>subscribimus,</strong></span> <span class='ocrx_word' id='word_1_88' title='bbox 1398 1329 1486 1396; x_wconf 85' lang='lat' dir='ltr'><strong>qui</strong></span> <span class='ocrx_word' id='word_1_89' title='bbox 1518 1329 1690 1398; x_wconf 85' lang='lat' dir='ltr'><strong>ipsum</strong></span> <span class='ocrx_word' id='word_1_90' title='bbox 1741 1332 2046 1401; x_wconf 89' lang='lat' dir='ltr'><strong>paradisum</strong></span> <span class='ocrx_word' id='word_1_91' title='bbox 2080 1335 2258 1405; x_wconf 86' lang='lat' dir='ltr'><strong>dupli-</strong></span> 
     </span>
    </p>
   </div>
   <div class='ocr_carea' id='block_1_14' title="bbox 694 1417 2254 1492">
    <p class='ocr_par' dir='ltr' id='par_1_14' title="bbox 694 1417 2254 1492">
     <span class='ocr_line' id='line_1_14' title="bbox 694 1417 2254 1492; baseline 0.009 -22"><span class='ocrx_word' id='word_1_92' title='bbox 694 1419 774 1470; x_wconf 86' lang='lat' dir='ltr'><strong>cis</strong></span> <span class='ocrx_word' id='word_1_93' title='bbox 810 1417 1144 1473; x_wconf 85' lang='lat' dir='ltr'><strong>conditionis</strong></span> <span class='ocrx_word' id='word_1_94' title='bbox 1175 1435 1298 1474; x_wconf 88' lang='lat' dir='ltr'><strong>esse</strong></span> <span class='ocrx_word' id='word_1_95' title='bbox 1344 1424 1498 1476; x_wconf 89' lang='lat' dir='ltr'><strong>aiunt</strong></span> <span class='ocrx_word' id='word_1_96' title='bbox 1528 1464 1540 1486; x_wconf 88' lang='lat'><strong>,</strong></span> <span class='ocrx_word' id='word_1_97' title='bbox 1580 1425 1774 1492; x_wconf 89' lang='lat' dir='ltr'><strong>partim</strong></span> <span class='ocrx_word' id='word_1_98' title='bbox 1824 1429 1966 1481; x_wconf 87' lang='lat' dir='ltr'><strong>enim</strong></span> <span class='ocrx_word' id='word_1_99' title='bbox 1998 1444 2062 1482; x_wconf 88' lang='lat' dir='ltr'><strong>ex</strong></span> <span class='ocrx_word' id='word_1_100' title='bbox 2095 1429 2254 1484; x_wconf 87' lang='lat' dir='ltr'><strong>rebus</strong></span> 
     </span>
    </p>
   </div>
   <div class='ocr_carea' id='block_1_15' title="bbox 696 1509 2255 1584">
    <p class='ocr_par' dir='ltr' id='par_1_15' title="bbox 696 1509 2255 1584">
     <span class='ocr_line' id='line_1_15' title="bbox 696 1509 2255 1584; baseline 0.01 -26"><span class='ocrx_word' id='word_1_101' title='bbox 696 1509 1016 1570; x_wconf 89' lang='lat' dir='ltr'><strong>corporatis,</strong></span> <span class='ocrx_word' id='word_1_102' title='bbox 1075 1511 1268 1578; x_wconf 85' lang='lat' dir='ltr'><strong>partim</strong></span> <span class='ocrx_word' id='word_1_103' title='bbox 1301 1528 1364 1565; x_wconf 88' lang='lat' dir='ltr'><strong>cx</strong></span> <span class='ocrx_word' id='word_1_104' title='bbox 1403 1515 1774 1580; x_wconf 85' lang='lat' dir='ltr'><strong>spiritualibus</strong></span> <span class='ocrx_word' id='word_1_105' title='bbox 1806 1529 2080 1584; x_wconf 88' lang='lat' dir='ltr'><strong>constare;</strong></span> <span class='ocrx_word' id='word_1_106' title='bbox 2116 1519 2255 1573; x_wconf 83' lang='lat' dir='ltr'><strong>sicut</strong></span> 
     </span>
    </p>
   </div>
   <div class='ocr_carea' id='block_1_16' title="bbox 693 1598 2252 1680">
    <p class='ocr_par' dir='ltr' id='par_1_16' title="bbox 693 1598 2252 1680">
     <span class='ocr_line' id='line_1_16' title="bbox 693 1598 2252 1680; baseline 0.011 -33"><span class='ocrx_word' id='word_1_107' title='bbox 693 1606 746 1648; x_wconf 86' lang='lat' dir='ltr'><strong>ct</strong></span> <span class='ocrx_word' id='word_1_108' title='bbox 797 1598 910 1665; x_wconf 90' lang='lat' dir='ltr'><strong>ipse</strong></span> <span class='ocrx_word' id='word_1_109' title='bbox 957 1601 1323 1668; x_wconf 73' lang='lat' dir='ltr'><strong>Adam-cujus</strong></span> <span class='ocrx_word' id='word_1_110' title='bbox 1371 1605 1538 1672; x_wconf 88' lang='lat' dir='ltr'><strong>gratia</strong></span> <span class='ocrx_word' id='word_1_111' title='bbox 1593 1606 1678 1658; x_wconf 88' lang='lat' dir='ltr'><strong>ille</strong></span> <span class='ocrx_word' id='word_1_112' title='bbox 1733 1609 2148 1680; x_wconf 77' lang='lat' dir='ltr'><strong>condituscrat,</strong></span> <span class='ocrx_word' id='word_1_113' title='bbox 2186 1625 2252 1664; x_wconf 82' lang='lat' dir='ltr'><strong>ex</strong></span> 
     </span>
    </p>
   </div>
   <div class='ocr_carea' id='block_1_17' title="bbox 693 1690 2251 1767">
    <p class='ocr_par' dir='ltr' id='par_1_17' title="bbox 693 1690 2251 1767">
     <span class='ocr_line' id='line_1_17' title="bbox 693 1690 2251 1767; baseline 0.011 -30"><span class='ocrx_word' id='word_1_114' title='bbox 693 1700 919 1754; x_wconf 86' lang='lat' dir='ltr'><strong>corpore</strong></span> <span class='ocrx_word' id='word_1_115' title='bbox 946 1696 997 1740; x_wconf 91' lang='lat' dir='ltr'><strong>et</strong></span> <span class='ocrx_word' id='word_1_116' title='bbox 1027 1690 1204 1755; x_wconf 80' lang='lat' dir='ltr'><strong>anima</strong></span> <span class='ocrx_word' id='word_1_117' title='bbox 1245 1691 1358 1745; x_wconf 87' lang='lat' dir='ltr'><strong>sive</strong></span> <span class='ocrx_word' id='word_1_118' title='bbox 1405 1693 1594 1760; x_wconf 64' lang='lat' dir='ltr'><strong>spiritu</strong></span> <span class='ocrx_word' id='word_1_119' title='bbox 1646 1695 1820 1749; x_wconf 83' lang='lat' dir='ltr'><strong>fuerat</strong></span> <span class='ocrx_word' id='word_1_120' title='bbox 1869 1700 2204 1767; x_wconf 86' lang='lat' dir='ltr'><strong>compositus</strong></span> <span class='ocrx_word' id='word_1_121' title='bbox 2235 1737 2251 1762; x_wconf 88' lang='lat'><strong>,</strong></span> 
     </span>
    </p>
   </div>
   <div class='ocr_carea' id='block_1_18' title="bbox 2358 521 3867 590">
    <p class='ocr_par' dir='ltr' id='par_1_18' title="bbox 2358 521 3867 590">
     <span class='ocr_line' id='line_1_18' title="bbox 2358 521 3867 590; baseline 0.011 -18"><span class='ocrx_word' id='word_1_122' title='bbox 2358 521 2438 576; x_wconf 89' lang='lat' dir='ltr'><strong>vis</strong></span> <span class='ocrx_word' id='word_1_123' title='bbox 2468 522 2568 579; x_wconf 87' lang='lat' dir='ltr'><strong>sibi</strong></span> <span class='ocrx_word' id='word_1_124' title='bbox 2598 524 2903 590; x_wconf 84' lang='lat' dir='ltr'><strong>constabat,</strong></span> <span class='ocrx_word' id='word_1_125' title='bbox 2956 536 3064 581; x_wconf 89' lang='lat' dir='ltr'><strong>tota</strong></span> <span class='ocrx_word' id='word_1_126' title='bbox 3098 528 3150 580; x_wconf 89' lang='lat' dir='ltr'><strong>in</strong></span> <span class='ocrx_word' id='word_1_127' title='bbox 3181 545 3348 582; x_wconf 91' lang='lat' dir='ltr'><strong>unum</strong></span> <span class='ocrx_word' id='word_1_128' title='bbox 3395 545 3553 585; x_wconf 83' lang='lat' dir='ltr'><strong>suum</strong></span> <span class='ocrx_word' id='word_1_129' title='bbox 3602 533 3867 589; x_wconf 81' lang='lat' dir='ltr'><strong>Creatorem</strong></span> 
     </span>
    </p>
   </div>
   <div class='ocr_carea' id='block_1_19' title="bbox 2356 613 3872 694">
    <p class='ocr_par' dir='ltr' id='par_1_19' title="bbox 2356 613 3872 694">
     <span class='ocr_line' id='line_1_19' title="bbox 2356 613 3872 694; baseline 0.01 -29"><span class='ocrx_word' id='word_1_130' title='bbox 2356 613 2599 674; x_wconf 87' lang='lat' dir='ltr'><strong>inventa.</strong></span> <span class='ocrx_word' id='word_1_131' title='bbox 2633 615 3344 688; x_wconf 48' lang='lat' dir='ltr'><strong>jugiquelcoutemplatione</strong></span> <span class='ocrx_word' id='word_1_132' title='bbox 3374 624 3420 676; x_wconf 83' lang='lat' dir='ltr'><strong>ei</strong></span> <span class='ocrx_word' id='word_1_133' title='bbox 3461 624 3694 694; x_wconf 87' lang='lat' dir='ltr'><strong>alligata,</strong></span> <span class='ocrx_word' id='word_1_134' title='bbox 3721 628 3872 680; x_wconf 83' lang='lat' dir='ltr'><strong>tantis-</strong></span> 
     </span>
    </p>
   </div>
   <div class='ocr_carea' id='block_1_20' title="bbox 2356 707 3874 784">
    <p class='ocr_par' dir='ltr' id='par_1_20' title="bbox 2356 707 3874 784">
     <span class='ocr_line' id='line_1_20' title="bbox 2356 707 3874 784; baseline 0.01 -28"><span class='ocrx_word' id='word_1_135' title='bbox 2356 719 2452 772; x_wconf 89' lang='lat' dir='ltr'><strong>per</strong></span> <span class='ocrx_word' id='word_1_136' title='bbox 2485 708 2536 757; x_wconf 93' lang='lat' dir='ltr'><strong>iu</strong></span> <span class='ocrx_word' id='word_1_137' title='bbox 2565 707 2685 759; x_wconf 88' lang='lat' dir='ltr'><strong>solo</strong></span> <span class='ocrx_word' id='word_1_138' title='bbox 2716 707 2858 760; x_wconf 83' lang='lat' dir='ltr'><strong>bono</strong></span> <span class='ocrx_word' id='word_1_139' title='bbox 2900 709 2985 763; x_wconf 88' lang='lat' dir='ltr'><strong>ille</strong></span> <span class='ocrx_word' id='word_1_140' title='bbox 3018 713 3355 777; x_wconf 87' lang='lat' dir='ltr'><strong>versabatur,</strong></span> <span class='ocrx_word' id='word_1_141' title='bbox 3386 715 3548 784; x_wconf 86' lang='lat' dir='ltr'><strong>idque</strong></span> <span class='ocrx_word' id='word_1_142' title='bbox 3579 733 3734 769; x_wconf 87' lang='lat' dir='ltr'><strong>unum</strong></span> <span class='ocrx_word' id='word_1_143' title='bbox 3773 733 3874 771; x_wconf 84' lang='lat' dir='ltr'><strong>sen-</strong></span> 
     </span>
    </p>
   </div>
   <div class='ocr_carea' id='block_1_21' title="bbox 2357 795 3866 869">
    <p class='ocr_par' dir='ltr' id='par_1_21' title="bbox 2357 795 3866 869">
     <span class='ocr_line' id='line_1_21' title="bbox 2357 795 3866 869; baseline 0.009 -22"><span class='ocrx_word' id='word_1_144' title='bbox 2357 795 2520 848; x_wconf 91' lang='lat' dir='ltr'><strong>tiebat</strong></span> <span class='ocrx_word' id='word_1_145' title='bbox 2550 836 2567 860; x_wconf 93' lang='lat'><strong>,</strong></span> <span class='ocrx_word' id='word_1_146' title='bbox 2595 811 2779 850; x_wconf 89' lang='lat' dir='ltr'><strong>verum</strong></span> <span class='ocrx_word' id='word_1_147' title='bbox 2822 810 3118 869; x_wconf 83' lang='lat' dir='ltr'><strong>postquam</strong></span> <span class='ocrx_word' id='word_1_148' title='bbox 3137 801 3227 857; x_wconf 87' lang='lat' dir='ltr'><strong>illa</strong></span> <span class='ocrx_word' id='word_1_149' title='bbox 3269 803 3394 858; x_wconf 83' lang='lat' dir='ltr'><strong>inde</strong></span> <span class='ocrx_word' id='word_1_150' title='bbox 3451 816 3594 858; x_wconf 82' lang='lat' dir='ltr'><strong>mota</strong></span> <span class='ocrx_word' id='word_1_151' title='bbox 3626 815 3726 867; x_wconf 85' lang='lat' dir='ltr'><strong>est,</strong></span> <span class='ocrx_word' id='word_1_152' title='bbox 3759 823 3866 861; x_wconf 83' lang='lat' dir='ltr'><strong>sese-</strong></span> 
     </span>
    </p>
   </div>
   <div class='ocr_carea' id='block_1_22' title="bbox 2354 887 3876 960">
    <p class='ocr_par' dir='ltr' id='par_1_22' title="bbox 2354 887 3876 960">
     <span class='ocr_line' id='line_1_22' title="bbox 2354 887 3876 960; baseline 0.007 -21"><span class='ocrx_word' id='word_1_153' title='bbox 2354 903 2461 955; x_wconf 89' lang='lat' dir='ltr'><strong>que</strong></span> <span class='ocrx_word' id='word_1_154' title='bbox 2499 887 2735 952; x_wconf 88' lang='lat' dir='ltr'><strong>demisit,</strong></span> <span class='ocrx_word' id='word_1_155' title='bbox 2808 891 2976 944; x_wconf 75' lang='lat' dir='ltr'><strong>sensit</strong></span> <span class='ocrx_word' id='word_1_156' title='bbox 3014 894 3176 947; x_wconf 89' lang='lat' dir='ltr'><strong>etiam</strong></span> <span class='ocrx_word' id='word_1_157' title='bbox 3223 897 3451 951; x_wconf 90' lang='lat' dir='ltr'><strong>alterum</strong></span> <span class='ocrx_word' id='word_1_158' title='bbox 3503 898 3632 951; x_wconf 90' lang='lat' dir='ltr'><strong>illud</strong></span> <span class='ocrx_word' id='word_1_159' title='bbox 3659 936 3674 960; x_wconf 89' lang='lat'><strong>,</strong></span> <span class='ocrx_word' id='word_1_160' title='bbox 3700 899 3876 959; x_wconf 78' lang='lat' dir='ltr'><strong>id&#39;est,</strong></span> 
     </span>
    </p>
   </div>
   <div class='ocr_carea' id='block_1_23' title="bbox 2355 979 3878 1046">
    <p class='ocr_par' dir='ltr' id='par_1_23' title="bbox 2355 979 3878 1046">
     <span class='ocr_line' id='line_1_23' title="bbox 2355 979 3878 1046; baseline 0.006 -15"><span class='ocrx_word' id='word_1_161' title='bbox 2355 979 2531 1046; x_wconf 90' lang='lat' dir='ltr'><strong>ipsum</strong></span> <span class='ocrx_word' id='word_1_162' title='bbox 2568 980 2788 1034; x_wconf 88' lang='lat' dir='ltr'><strong>malum.</strong></span> <span class='ocrx_word' id='word_1_163' title='bbox 2831 982 2937 1035; x_wconf 88' lang='lat' dir='ltr'><strong>Alii</strong></span> <span class='ocrx_word' id='word_1_164' title='bbox 2964 994 3242 1038; x_wconf 88' lang='lat' dir='ltr'><strong>autumant</strong></span> <span class='ocrx_word' id='word_1_165' title='bbox 3293 988 3530 1040; x_wconf 75' lang='lat' dir='ltr'><strong>scientiae</strong></span> <span class='ocrx_word' id='word_1_166' title='bbox 3558 987 3680 1041; x_wconf 88' lang='lat' dir='ltr'><strong>boni</strong></span> <span class='ocrx_word' id='word_1_167' title='bbox 3709 999 3756 1041; x_wconf 89' lang='lat' dir='ltr'><strong>et</strong></span> <span class='ocrx_word' id='word_1_168' title='bbox 3782 989 3878 1040; x_wconf 73' lang='lat' dir='ltr'><strong>ntali</strong></span> 
     </span>
    </p>
   </div>
   <div class='ocr_carea' id='block_1_24' title="bbox 2356 1069 3883 1146">
    <p class='ocr_par' dir='ltr' id='par_1_24' title="bbox 2356 1069 3883 1146">
     <span class='ocr_line' id='line_1_24' title="bbox 2356 1069 3883 1146; baseline 0.007 -25"><span class='ocrx_word' id='word_1_169' title='bbox 2356 1069 2604 1126; x_wconf 87' lang='lat' dir='ltr'><strong>arborem</strong></span> <span class='ocrx_word' id='word_1_170' title='bbox 2675 1071 2842 1127; x_wconf 87' lang='lat' dir='ltr'><strong>fuisse</strong></span> <span class='ocrx_word' id='word_1_171' title='bbox 2895 1084 3080 1144; x_wconf 82' lang='lat' dir='ltr'><strong>typum</strong></span> <span class='ocrx_word' id='word_1_172' title='bbox 3112 1076 3242 1146; x_wconf 85' lang='lat' dir='ltr'><strong>legis</strong></span> <span class='ocrx_word' id='word_1_173' title='bbox 3279 1075 3531 1132; x_wconf 68' lang='lat' dir='ltr'><strong>Mosaica</strong></span> <span class='ocrx_word' id='word_1_174' title='bbox 3558 1121 3574 1143; x_wconf 87' lang='lat'><strong>,</strong></span> <span class='ocrx_word' id='word_1_175' title='bbox 3605 1094 3663 1131; x_wconf 90' lang='lat' dir='ltr'><strong>ut</strong></span> <span class='ocrx_word' id='word_1_176' title='bbox 3705 1090 3754 1132; x_wconf 89' lang='lat' dir='ltr'><strong>et</strong></span> <span class='ocrx_word' id='word_1_177' title='bbox 3785 1079 3883 1133; x_wconf 87' lang='lat' dir='ltr'><strong>reit-</strong></span> 
     </span>
    </p>
   </div>
   <div class='ocr_carea' id='block_1_25' title="bbox 2356 1162 3976 1236">
    <p class='ocr_par' dir='ltr' id='par_1_25' title="bbox 2356 1162 3976 1236">
     <span class='ocr_line' id='line_1_25' title="bbox 2356 1162 3976 1236; baseline 0.006 -23"><span class='ocrx_word' id='word_1_178' title='bbox 2356 1174 2496 1230; x_wconf 87' lang='lat' dir='ltr'><strong>quas</strong></span> <span class='ocrx_word' id='word_1_179' title='bbox 2529 1162 2765 1229; x_wconf 85' lang='lat' dir='ltr'><strong>paradisi</strong></span> <span class='ocrx_word' id='word_1_180' title='bbox 2798 1164 3047 1232; x_wconf 79' lang='lat' dir='ltr'><strong>arbores,</strong></span> <span class='ocrx_word' id='word_1_181' title='bbox 3094 1165 3428 1234; x_wconf 88' lang='lat' dir='ltr'><strong>singulorum</strong></span> <span class='ocrx_word' id='word_1_182' title='bbox 3460 1169 3579 1234; x_wconf 86' lang='lat' dir='ltr'><strong>ejus</strong></span> <span class='ocrx_word' id='word_1_183' title='bbox 3613 1167 3744 1234; x_wconf 75' lang='lat' dir='ltr'><strong>legis</strong></span> <span class='ocrx_word' id='word_1_184' title='bbox 3772 1183 3884 1236; x_wconf 69' lang='lat' dir='ltr'><strong>pra-</strong></span> <span class='ocrx_word' id='word_1_185' title='bbox 3973 1180 3976 1236; x_wconf 54' lang='lat'><strong>.1</strong></span> 
     </span>
    </p>
   </div>
   <div class='ocr_carea' id='block_1_26' title="bbox 2355 1253 3882 1323">
    <p class='ocr_par' dir='ltr' id='par_1_26' title="bbox 2355 1253 3882 1323">
     <span class='ocr_line' id='line_1_26' title="bbox 2355 1253 3882 1323; baseline 0.004 -18"><span class='ocrx_word' id='word_1_186' title='bbox 2355 1262 2633 1320; x_wconf 89' lang='lat' dir='ltr'><strong>ceptorum</strong></span> <span class='ocrx_word' id='word_1_187' title='bbox 2672 1253 2891 1323; x_wconf 74' lang='lat' dir='ltr'><strong>figuras,</strong></span> <span class='ocrx_word' id='word_1_188' title='bbox 2912 1270 2981 1309; x_wconf 89' lang='lat' dir='ltr'><strong>eo</strong></span> <span class='ocrx_word' id='word_1_189' title='bbox 3017 1256 3159 1323; x_wconf 91' lang='lat' dir='ltr'><strong>quod</strong></span> <span class='ocrx_word' id='word_1_190' title='bbox 3191 1258 3273 1309; x_wconf 76' lang='lat' dir='ltr'><strong>lex</strong></span> <span class='ocrx_word' id='word_1_191' title='bbox 3293 1257 3525 1312; x_wconf 78' lang='lat' dir='ltr'><strong>Mosaica</strong></span> <span class='ocrx_word' id='word_1_192' title='bbox 3554 1261 3690 1311; x_wconf 90' lang='lat' dir='ltr'><strong>inter</strong></span> <span class='ocrx_word' id='word_1_193' title='bbox 3713 1259 3882 1312; x_wconf 87' lang='lat' dir='ltr'><strong>bonum</strong></span> 
     </span>
    </p>
   </div>
   <div class='ocr_carea' id='block_1_27' title="bbox 2356 1343 3885 1418">
    <p class='ocr_par' dir='ltr' id='par_1_27' title="bbox 2356 1343 3885 1418">
     <span class='ocr_line' id='line_1_27' title="bbox 2356 1343 3885 1418; baseline 0.007 -24"><span class='ocrx_word' id='word_1_194' title='bbox 2356 1343 2663 1412; x_wconf 90' lang='lat' dir='ltr'><strong>malumque</strong></span> <span class='ocrx_word' id='word_1_195' title='bbox 2689 1344 2981 1414; x_wconf 89' lang='lat' dir='ltr'><strong>dijudicet;</strong></span> <span class='ocrx_word' id='word_1_196' title='bbox 3011 1361 3212 1416; x_wconf 84' lang='lat' dir='ltr'><strong>eosque</strong></span> <span class='ocrx_word' id='word_1_197' title='bbox 3247 1350 3338 1417; x_wconf 85' lang='lat' dir='ltr'><strong>qui</strong></span> <span class='ocrx_word' id='word_1_198' title='bbox 3376 1348 3512 1402; x_wconf 86' lang='lat' dir='ltr'><strong>bene</strong></span> <span class='ocrx_word' id='word_1_199' title='bbox 3527 1360 3713 1418; x_wconf 81' lang='lat' dir='ltr'><strong>agunt,</strong></span> <span class='ocrx_word' id='word_1_200' title='bbox 3734 1351 3885 1415; x_wconf 86' lang='lat' dir='ltr'><strong>bonis,</strong></span> 
     </span>
    </p>
   </div>
   <div class='ocr_carea' id='block_1_28' title="bbox 2355 1433 3887 1507">
    <p class='ocr_par' dir='ltr' id='par_1_28' title="bbox 2355 1433 3887 1507">
     <span class='ocr_line' id='line_1_28' title="bbox 2355 1433 3887 1507; baseline 0.005 -22"><span class='ocrx_word' id='word_1_201' title='bbox 2355 1441 2408 1486; x_wconf 89' lang='lat' dir='ltr'><strong>et</strong></span> <span class='ocrx_word' id='word_1_202' title='bbox 2438 1433 2530 1500; x_wconf 87' lang='lat' dir='ltr'><strong>qui</strong></span> <span class='ocrx_word' id='word_1_203' title='bbox 2561 1435 2721 1498; x_wconf 83' lang='lat' dir='ltr'><strong>male,</strong></span> <span class='ocrx_word' id='word_1_204' title='bbox 2757 1435 2914 1489; x_wconf 84' lang='lat' dir='ltr'><strong>malis</strong></span> <span class='ocrx_word' id='word_1_205' title='bbox 2947 1434 3184 1502; x_wconf 78' lang='lat' dir='ltr'><strong>afﬁciat;</strong></span> <span class='ocrx_word' id='word_1_206' title='bbox 3219 1449 3381 1506; x_wconf 88' lang='lat' dir='ltr'><strong>atque</strong></span> <span class='ocrx_word' id='word_1_207' title='bbox 3415 1438 3539 1507; x_wconf 82' lang='lat' dir='ltr'><strong>ideo</strong></span> <span class='ocrx_word' id='word_1_208' title='bbox 3588 1439 3726 1491; x_wconf 82' lang='lat' dir='ltr'><strong>banc</strong></span> <span class='ocrx_word' id='word_1_209' title='bbox 3758 1440 3887 1492; x_wconf 86' lang='lat' dir='ltr'><strong>arbo-</strong></span> 
     </span>
    </p>
   </div>
   <div class='ocr_carea' id='block_1_29' title="bbox 2355 1515 3886 1596">
    <p class='ocr_par' dir='ltr' id='par_1_29' title="bbox 2355 1515 3886 1596">
     <span class='ocr_line' id='line_1_29' title="bbox 2355 1515 3886 1596; baseline 0.006 -24"><span class='ocrx_word' id='word_1_210' title='bbox 2355 1535 2467 1574; x_wconf 90' lang='lat' dir='ltr'><strong>rem</strong></span> <span class='ocrx_word' id='word_1_211' title='bbox 2492 1522 2642 1589; x_wconf 83' lang='lat' dir='ltr'><strong>juxta</strong></span> <span class='ocrx_word' id='word_1_212' title='bbox 2671 1515 2788 1576; x_wconf 75' lang='lat' dir='ltr'><strong>vita:</strong></span> <span class='ocrx_word' id='word_1_213' title='bbox 2826 1527 3073 1578; x_wconf 80' lang='lat' dir='ltr'><strong>arborem</strong></span> <span class='ocrx_word' id='word_1_214' title='bbox 3128 1529 3283 1579; x_wconf 82' lang='lat' dir='ltr'><strong>sitam</strong></span> <span class='ocrx_word' id='word_1_215' title='bbox 3320 1527 3492 1581; x_wconf 78' lang='lat' dir='ltr'><strong>fuisse</strong></span> <span class='ocrx_word' id='word_1_216' title='bbox 3520 1568 3537 1593; x_wconf 95' lang='lat'><strong>,</strong></span> <span class='ocrx_word' id='word_1_217' title='bbox 3572 1538 3632 1581; x_wconf 90' lang='lat' dir='ltr'><strong>ut</strong></span> <span class='ocrx_word' id='word_1_218' title='bbox 3669 1529 3761 1582; x_wconf 79' lang='lat' dir='ltr'><strong>nisi</strong></span> <span class='ocrx_word' id='word_1_219' title='bbox 3787 1531 3886 1596; x_wconf 88' lang='lat' dir='ltr'><strong>quis</strong></span> 
     </span>
    </p>
   </div>
   <div class='ocr_carea' id='block_1_30' title="bbox 2357 1613 3887 1688">
    <p class='ocr_par' dir='ltr' id='par_1_30' title="bbox 2357 1613 3887 1688">
     <span class='ocr_line' id='line_1_30' title="bbox 2357 1613 3887 1688; baseline 0.005 -23"><span class='ocrx_word' id='word_1_220' title='bbox 2357 1613 2526 1682; x_wconf 86' lang='lat' dir='ltr'><strong>ipsam</strong></span> <span class='ocrx_word' id='word_1_221' title='bbox 2558 1613 2707 1681; x_wconf 85' lang='lat' dir='ltr'><strong>prius</strong></span> <span class='ocrx_word' id='word_1_222' title='bbox 2734 1614 2899 1683; x_wconf 84' lang='lat' dir='ltr'><strong>legem</strong></span> <span class='ocrx_word' id='word_1_223' title='bbox 2929 1617 3210 1680; x_wconf 81' lang='lat' dir='ltr'><strong>coluisset,</strong></span> <span class='ocrx_word' id='word_1_224' title='bbox 3238 1617 3341 1670; x_wconf 92' lang='lat' dir='ltr'><strong>hoc</strong></span> <span class='ocrx_word' id='word_1_225' title='bbox 3373 1630 3474 1679; x_wconf 87' lang='lat' dir='ltr'><strong>est.</strong></span> <span class='ocrx_word' id='word_1_226' title='bbox 3506 1619 3639 1688; x_wconf 86' lang='lat' dir='ltr'><strong>legis</strong></span> <span class='ocrx_word' id='word_1_227' title='bbox 3671 1621 3887 1672; x_wconf 85' lang='lat' dir='ltr'><strong>mandata</strong></span> 
     </span>
    </p>
   </div>
   <div class='ocr_carea' id='block_1_31' title="bbox 2357 1704 3888 1777">
    <p class='ocr_par' dir='ltr' id='par_1_31' title="bbox 2357 1704 3888 1777">
     <span class='ocr_line' id='line_1_31' title="bbox 2357 1704 3888 1777; baseline 0.003 -24"><span class='ocrx_word' id='word_1_228' title='bbox 2357 1704 2723 1765; x_wconf 73' lang='lat' dir='ltr'><strong>nbset&#39;vasset,</strong></span> <span class='ocrx_word' id='word_1_229' title='bbox 2749 1706 2811 1757; x_wconf 91' lang='lat' dir='ltr'><strong>ad</strong></span> <span class='ocrx_word' id='word_1_230' title='bbox 2848 1707 2966 1758; x_wconf 72' lang='lat' dir='ltr'><strong>vita:</strong></span> <span class='ocrx_word' id='word_1_231' title='bbox 3004 1706 3250 1759; x_wconf 87' lang='lat' dir='ltr'><strong>arborem</strong></span> <span class='ocrx_word' id='word_1_232' title='bbox 3286 1712 3595 1777; x_wconf 69' lang='lat' dir='ltr'><strong>pertingere</strong></span> <span class='ocrx_word' id='word_1_233' title='bbox 3655 1711 3888 1776; x_wconf 83' lang='lat' dir='ltr'><strong>nequiret,</strong></span> 
     </span>
    </p>
   </div>
   <div class='ocr_carea' id='block_1_32' title="bbox 693 1772 3886 1866">
    <p class='ocr_par' dir='ltr' id='par_1_32' title="bbox 693 1772 3886 1866">
     <span class='ocr_line' id='line_1_32' title="bbox 693 1772 3886 1866; baseline 0.004 -29"><span class='ocrx_word' id='word_1_234' title='bbox 693 1787 1116 1855; x_wconf 74' lang='lat' dir='ltr'><strong>corporalasque</strong></span> <span class='ocrx_word' id='word_1_235' title='bbox 1146 1781 1378 1847; x_wconf 74' lang='lat' dir='ltr'><strong>paradisi</strong></span> <span class='ocrx_word' id='word_1_236' title='bbox 1404 1793 1579 1850; x_wconf 86' lang='lat' dir='ltr'><strong>partes</strong></span> <span class='ocrx_word' id='word_1_237' title='bbox 1601 1800 1721 1840; x_wconf 85' lang='lat' dir='ltr'><strong>esse</strong></span> <span class='ocrx_word' id='word_1_238' title='bbox 1750 1789 1995 1854; x_wconf 85' lang='lat' dir='ltr'><strong>arbores,</strong></span> <span class='ocrx_word' id='word_1_239' title='bbox 2021 1791 2248 1857; x_wconf 84' lang='lat' dir='ltr'><strong>plantas,</strong></span> <span class='ocrx_word' id='word_1_240' title='bbox 2288 1772 2328 1824; x_wconf 73' lang='grc' dir='ltr'><strong><em>Β</em></strong></span> <span class='ocrx_word' id='word_1_241' title='bbox 2359 1794 2410 1849; x_wconf 88' lang='lat' dir='ltr'><strong>id</strong></span> <span class='ocrx_word' id='word_1_242' title='bbox 2435 1804 2516 1848; x_wconf 92' lang='lat' dir='ltr'><strong>est</strong></span> <span class='ocrx_word' id='word_1_243' title='bbox 2559 1796 2624 1848; x_wconf 91' lang='lat' dir='ltr'><strong>ad</strong></span> <span class='ocrx_word' id='word_1_244' title='bbox 2657 1810 2775 1848; x_wconf 90' lang='lat' dir='ltr'><strong>eam</strong></span> <span class='ocrx_word' id='word_1_245' title='bbox 2811 1796 3113 1849; x_wconf 85' lang='lat' dir='ltr'><strong>libertatem</strong></span> <span class='ocrx_word' id='word_1_246' title='bbox 3147 1772 3450 1866; x_wconf 34' lang='lat' dir='ltr'><strong>qum&#39;apud</strong></span> <span class='ocrx_word' id='word_1_247' title='bbox 3472 1772 3756 1853; x_wconf 53' lang='lat' dir='ltr'><strong>bliristuia</strong></span> <span class='ocrx_word' id='word_1_248' title='bbox 3786 1809 3886 1861; x_wconf 89' lang='lat' dir='ltr'><strong>est,</strong></span> 
     </span>
    </p>
   </div>
   <div class='ocr_carea' id='block_1_33' title="bbox 692 1870 2252 1950">
    <p class='ocr_par' dir='ltr' id='par_1_33' title="bbox 692 1870 2252 1950">
     <span class='ocr_line' id='line_1_33' title="bbox 692 1870 2252 1950; baseline 0.008 -28"><span class='ocrx_word' id='word_1_249' title='bbox 692 1879 745 1923; x_wconf 90' lang='lat' dir='ltr'><strong>et</strong></span> <span class='ocrx_word' id='word_1_250' title='bbox 795 1870 1129 1937; x_wconf 89' lang='lat' dir='ltr'><strong>ejuscemodi</strong></span> <span class='ocrx_word' id='word_1_251' title='bbox 1181 1889 1267 1927; x_wconf 88' lang='lat' dir='ltr'><strong>res</strong></span> <span class='ocrx_word' id='word_1_252' title='bbox 1317 1876 1450 1929; x_wconf 89' lang='lat' dir='ltr'><strong>alias</strong></span> <span class='ocrx_word' id='word_1_253' title='bbox 1488 1916 1502 1938; x_wconf 91' lang='lat'><strong>,</strong></span> <span class='ocrx_word' id='word_1_254' title='bbox 1536 1888 1717 1945; x_wconf 88' lang='lat' dir='ltr'><strong>partes</strong></span> <span class='ocrx_word' id='word_1_255' title='bbox 1747 1895 1876 1932; x_wconf 87' lang='lat' dir='ltr'><strong>vero</strong></span> <span class='ocrx_word' id='word_1_256' title='bbox 1918 1882 2252 1950; x_wconf 75' lang='lat' dir='ltr'><strong>Spirituales,</strong></span> 
     </span>
    </p>
   </div>
   <div class='ocr_carea' id='block_1_34' title="bbox 695 1960 2255 2039">
    <p class='ocr_par' dir='ltr' id='par_1_34' title="bbox 695 1960 2255 2039">
     <span class='ocr_line' id='line_1_34' title="bbox 695 1960 2255 2039; baseline 0.01 -28"><span class='ocrx_word' id='word_1_257' title='bbox 695 1961 857 2012; x_wconf 86' lang='lat' dir='ltr'><strong>vitam</strong></span> <span class='ocrx_word' id='word_1_258' title='bbox 887 1960 1094 2013; x_wconf 86' lang='lat' dir='ltr'><strong>beatam</strong></span> <span class='ocrx_word' id='word_1_259' title='bbox 1125 1971 1286 2030; x_wconf 87' lang='lat' dir='ltr'><strong>atque</strong></span> <span class='ocrx_word' id='word_1_260' title='bbox 1308 1967 1601 2019; x_wconf 87' lang='lat' dir='ltr'><strong>secundum</strong></span> <span class='ocrx_word' id='word_1_261' title='bbox 1625 1968 1867 2022; x_wconf 83' lang='lat' dir='ltr'><strong>virtutem</strong></span> <span class='ocrx_word' id='word_1_262' title='bbox 1898 1979 2098 2035; x_wconf 87' lang='lat' dir='ltr'><strong>actam,</strong></span> <span class='ocrx_word' id='word_1_263' title='bbox 2121 1982 2255 2039; x_wconf 88' lang='lat' dir='ltr'><strong>etc.,</strong></span> 
     </span>
    </p>
   </div>
   <div class='ocr_carea' id='block_1_35' title="bbox 697 2050 2258 2131">
    <p class='ocr_par' dir='ltr' id='par_1_35' title="bbox 697 2050 2258 2131">
     <span class='ocr_line' id='line_1_35' title="bbox 697 2050 2258 2131; baseline 0.007 -27"><span class='ocrx_word' id='word_1_264' title='bbox 697 2051 837 2104; x_wconf 88' lang='lat' dir='ltr'><strong>sicut</strong></span> <span class='ocrx_word' id='word_1_265' title='bbox 879 2051 1074 2118; x_wconf 85' lang='lat' dir='ltr'><strong>prioris</strong></span> <span class='ocrx_word' id='word_1_266' title='bbox 1099 2050 1486 2107; x_wconf 78' lang='lat' dir='ltr'><strong>Commentarii</strong></span> <span class='ocrx_word' id='word_1_267' title='bbox 1514 2057 1753 2112; x_wconf 87' lang='lat' dir='ltr'><strong>secundo</strong></span> <span class='ocrx_word' id='word_1_268' title='bbox 1798 2058 1971 2128; x_wconf 90' lang='lat' dir='ltr'><strong>capite</strong></span> <span class='ocrx_word' id='word_1_269' title='bbox 2021 2063 2258 2131; x_wconf 82' lang='lat' dir='ltr'><strong>explica-</strong></span> 
     </span>
    </p>
   </div>
   <div class='ocr_carea' id='block_1_36' title="bbox 699 2155 893 2194">
    <p class='ocr_par' dir='ltr' id='par_1_36' title="bbox 699 2155 893 2194">
     <span class='ocr_line' id='line_1_36' title="bbox 699 2155 893 2194; baseline 0.005 -2"><span class='ocrx_word' id='word_1_270' title='bbox 699 2155 893 2194; x_wconf 75' lang='lat' dir='ltr'><strong>\‘lanS.</strong></span> 
     </span>
    </p>
   </div>
   <div class='ocr_carea' id='block_1_37' title="bbox 1306 2214 1633 2269">
    <p class='ocr_par' dir='ltr' id='par_1_37' title="bbox 1306 2214 1633 2269">
     <span class='ocr_line' id='line_1_37' title="bbox 1306 2214 1633 2269; baseline 0.015 -4"><span class='ocrx_word' id='word_1_271' title='bbox 1306 2214 1533 2268; x_wconf 76' lang='lat' dir='ltr'><strong>CAPUT</strong></span> <span class='ocrx_word' id='word_1_272' title='bbox 1567 2216 1633 2269; x_wconf 77' lang='lat' dir='ltr'><strong>li.</strong></span> 
     </span>
    </p>
   </div>
   <div class='ocr_carea' id='block_1_38' title="bbox 767 2298 2256 2374">
    <p class='ocr_par' dir='ltr' id='par_1_38' title="bbox 767 2298 2256 2374">
     <span class='ocr_line' id='line_1_38' title="bbox 767 2298 2256 2374; baseline 0.013 -25"><span class='ocrx_word' id='word_1_273' title='bbox 767 2298 895 2362; x_wconf 78' lang='lat' dir='ltr'><strong>Qua:</strong></span> <span class='ocrx_word' id='word_1_274' title='bbox 949 2315 1026 2353; x_wconf 79' lang='lat' dir='ltr'><strong>res</strong></span> <span class='ocrx_word' id='word_1_275' title='bbox 1083 2304 1150 2354; x_wconf 90' lang='lat' dir='ltr'><strong>sit</strong></span> <span class='ocrx_word' id='word_1_276' title='bbox 1200 2303 1483 2368; x_wconf 78' lang='lat' dir='ltr'><strong>paradisus</strong></span> <span class='ocrx_word' id='word_1_277' title='bbox 1544 2308 1916 2374; x_wconf 79' lang='lat' dir='ltr'><strong>mysticus.—-</strong></span> <span class='ocrx_word' id='word_1_278' title='bbox 1966 2310 2256 2369; x_wconf 83' lang='lat' dir='ltr'><strong>Paradisus</strong></span> 
     </span>
    </p>
   </div>
   <div class='ocr_carea' id='block_1_39' title="bbox 693 2390 2257 2472">
    <p class='ocr_par' dir='ltr' id='par_1_39' title="bbox 693 2390 2257 2472">
     <span class='ocr_line' id='line_1_39' title="bbox 693 2390 2257 2472; baseline 0.012 -31"><span class='ocrx_word' id='word_1_279' title='bbox 693 2390 991 2456; x_wconf 83' lang='lat' dir='ltr'><strong>spiritu-alis</strong></span> <span class='ocrx_word' id='word_1_280' title='bbox 1041 2391 1157 2445; x_wconf 86' lang='lat' dir='ltr'><strong>sive</strong></span> <span class='ocrx_word' id='word_1_281' title='bbox 1193 2395 1475 2462; x_wconf 86' lang='lat' dir='ltr'><strong>mysticus,</strong></span> <span class='ocrx_word' id='word_1_282' title='bbox 1502 2397 1608 2449; x_wconf 84' lang='lat' dir='ltr'><strong>vita</strong></span> <span class='ocrx_word' id='word_1_283' title='bbox 1660 2408 1742 2452; x_wconf 89' lang='lat' dir='ltr'><strong>est</strong></span> <span class='ocrx_word' id='word_1_284' title='bbox 1803 2400 2104 2469; x_wconf 84' lang='lat' dir='ltr'><strong>spiritualis</strong></span> <span class='ocrx_word' id='word_1_285' title='bbox 2135 2419 2257 2472; x_wconf 72' lang='lat' dir='ltr'><strong>quae</strong></span> 
     </span>
    </p>
   </div>
   <div class='ocr_carea' id='block_1_40' title="bbox 693 2484 2255 2564">
    <p class='ocr_par' dir='ltr' id='par_1_40' title="bbox 693 2484 2255 2564">
     <span class='ocr_line' id='line_1_40' title="bbox 693 2484 2255 2564; baseline 0.012 -32"><span class='ocrx_word' id='word_1_286' title='bbox 693 2484 874 2535; x_wconf 87' lang='lat' dir='ltr'><strong>animo</strong></span> <span class='ocrx_word' id='word_1_287' title='bbox 902 2487 1161 2552; x_wconf 85' lang='lat' dir='ltr'><strong>agitatur,</strong></span> <span class='ocrx_word' id='word_1_288' title='bbox 1199 2487 1362 2553; x_wconf 64' lang='lat' dir='ltr'><strong>vplena</strong></span> <span class='ocrx_word' id='word_1_289' title='bbox 1411 2501 1634 2542; x_wconf 79' lang='lat' dir='ltr'><strong>summa:</strong></span> <span class='ocrx_word' id='word_1_290' title='bbox 1675 2493 2039 2559; x_wconf 74' lang='lat' dir='ltr'><strong>temperantia:</strong></span> <span class='ocrx_word' id='word_1_291' title='bbox 2091 2507 2255 2564; x_wconf 88' lang='lat' dir='ltr'><strong>atque</strong></span> 
     </span>
    </p>
   </div>
   <div class='ocr_carea' id='block_1_41' title="bbox 693 2574 2257 2644">
    <p class='ocr_par' dir='ltr' id='par_1_41' title="bbox 693 2574 2257 2644">
     <span class='ocr_line' id='line_1_41' title="bbox 693 2574 2257 2644; baseline 0.012 -21"><span class='ocrx_word' id='word_1_292' title='bbox 693 2574 1016 2637; x_wconf 88' lang='lat' dir='ltr'><strong>sanctitatis,</strong></span> <span class='ocrx_word' id='word_1_293' title='bbox 1055 2585 1108 2628; x_wconf 90' lang='lat' dir='ltr'><strong>et</strong></span> <span class='ocrx_word' id='word_1_294' title='bbox 1159 2577 1429 2644; x_wconf 90' lang='lat' dir='ltr'><strong>perpetuis</strong></span> <span class='ocrx_word' id='word_1_295' title='bbox 1465 2578 1903 2639; x_wconf 84' lang='lat' dir='ltr'><strong>meditationibus</strong></span> <span class='ocrx_word' id='word_1_296' title='bbox 1952 2599 2129 2639; x_wconf 88' lang='lat' dir='ltr'><strong>rerum</strong></span> <span class='ocrx_word' id='word_1_297' title='bbox 2176 2587 2257 2641; x_wconf 88' lang='lat' dir='ltr'><strong>di-</strong></span> 
     </span>
    </p>
   </div>
   <div class='ocr_carea' id='block_1_42' title="bbox 691 2663 2253 2741">
    <p class='ocr_par' dir='ltr' id='par_1_42' title="bbox 691 2663 2253 2741">
     <span class='ocr_line' id='line_1_42' title="bbox 691 2663 2253 2741; baseline 0.012 -29"><span class='ocrx_word' id='word_1_298' title='bbox 691 2663 940 2716; x_wconf 89' lang='lat' dir='ltr'><strong>vinarum</strong></span> <span class='ocrx_word' id='word_1_299' title='bbox 977 2679 1273 2734; x_wconf 87' lang='lat' dir='ltr'><strong>carutuque</strong></span> <span class='ocrx_word' id='word_1_300' title='bbox 1310 2683 1428 2735; x_wconf 69' lang='lat' dir='ltr'><strong>quae</strong></span> <span class='ocrx_word' id='word_1_301' title='bbox 1457 2679 1583 2722; x_wconf 89' lang='lat' dir='ltr'><strong>sunt</strong></span> <span class='ocrx_word' id='word_1_302' title='bbox 1617 2688 1644 2722; x_wconf 86' lang='lat' dir='ltr'><strong>a</strong></span> <span class='ocrx_word' id='word_1_303' title='bbox 1678 2671 1782 2725; x_wconf 86' lang='lat' dir='ltr'><strong>Deo</strong></span> <span class='ocrx_word' id='word_1_304' title='bbox 1817 2675 2067 2741; x_wconf 67' lang='lat' dir='ltr'><strong>conditae,</strong></span> <span class='ocrx_word' id='word_1_305' title='bbox 2098 2677 2253 2731; x_wconf 88' lang='lat' dir='ltr'><strong>addi-</strong></span> 
     </span>
    </p>
   </div>
   <div class='ocr_carea' id='block_1_43' title="bbox 693 2756 2256 2832">
    <p class='ocr_par' dir='ltr' id='par_1_43' title="bbox 693 2756 2256 2832">
     <span class='ocr_line' id='line_1_43' title="bbox 693 2756 2256 2832; baseline 0.01 -29"><span class='ocrx_word' id='word_1_306' title='bbox 693 2761 779 2804; x_wconf 90' lang='lat' dir='ltr'><strong>cta</strong></span> <span class='ocrx_word' id='word_1_307' title='bbox 811 2792 825 2815; x_wconf 95' lang='lat'><strong>,</strong></span> <span class='ocrx_word' id='word_1_308' title='bbox 858 2760 1019 2827; x_wconf 82' lang='lat' dir='ltr'><strong>atquc</strong></span> <span class='ocrx_word' id='word_1_309' title='bbox 1057 2756 1302 2808; x_wconf 55' lang='lat' dir='ltr'><strong>‘omnino</strong></span> <span class='ocrx_word' id='word_1_310' title='bbox 1342 2756 1446 2810; x_wconf 82' lang='lat' dir='ltr'><strong>vita</strong></span> <span class='ocrx_word' id='word_1_311' title='bbox 1493 2756 1648 2812; x_wconf 90' lang='lat' dir='ltr'><strong>beata</strong></span> <span class='ocrx_word' id='word_1_312' title='bbox 1681 2767 1732 2813; x_wconf 92' lang='lat' dir='ltr'><strong>et</strong></span> <span class='ocrx_word' id='word_1_313' title='bbox 1767 2763 2029 2832; x_wconf 86' lang='lat' dir='ltr'><strong>angelica,</strong></span> <span class='ocrx_word' id='word_1_314' title='bbox 2067 2765 2256 2832; x_wconf 88' lang='lat' dir='ltr'><strong>procul</strong></span> 
     </span>
    </p>
   </div>
   <div class='ocr_carea' id='block_1_44' title="bbox 693 2836 2255 2920">
    <p class='ocr_par' dir='ltr' id='par_1_44' title="bbox 693 2836 2255 2920">
     <span class='ocr_line' id='line_1_44' title="bbox 693 2836 2255 2920; baseline 0.01 -27"><span class='ocrx_word' id='word_1_315' title='bbox 693 2839 764 2893; x_wconf 87' lang='lat' dir='ltr'><strong>ab</strong></span> <span class='ocrx_word' id='word_1_316' title='bbox 788 2841 1047 2894; x_wconf 81' lang='lat' dir='ltr'><strong>omnibus</strong></span> <span class='ocrx_word' id='word_1_317' title='bbox 1076 2843 1241 2896; x_wconf 87' lang='lat' dir='ltr'><strong>animi</strong></span> <span class='ocrx_word' id='word_1_318' title='bbox 1291 2836 1804 2920; x_wconf 83' lang='lat' dir='ltr'><strong>perturbationibus,</strong></span> <span class='ocrx_word' id='word_1_319' title='bbox 1854 2843 2255 2918; x_wconf 82' lang='lat' dir='ltr'><strong>anxietatibus,</strong></span> 
     </span>
    </p>
   </div>
   <div class='ocr_carea' id='block_1_45' title="bbox 693 2929 2254 3011">
    <p class='ocr_par' dir='ltr' id='par_1_45' title="bbox 693 2929 2254 3011">
     <span class='ocr_line' id='line_1_45' title="bbox 693 2929 2254 3011; baseline 0.007 -25"><span class='ocrx_word' id='word_1_320' title='bbox 693 2933 966 2999; x_wconf 82' lang='lat' dir='ltr'><strong>suspiriis,</strong></span> <span class='ocrx_word' id='word_1_321' title='bbox 1005 2935 1150 2988; x_wconf 91' lang='lat' dir='ltr'><strong>luctu</strong></span> <span class='ocrx_word' id='word_1_322' title='bbox 1184 2929 1607 3005; x_wconf 34' lang='lat' dir='ltr'><strong>remota,&#39;atque</strong></span> <span class='ocrx_word' id='word_1_323' title='bbox 1634 2953 1756 2992; x_wconf 90' lang='lat' dir='ltr'><strong>cum</strong></span> <span class='ocrx_word' id='word_1_324' title='bbox 1795 2943 2014 3010; x_wconf 87' lang='lat' dir='ltr'><strong>gaudio,</strong></span> <span class='ocrx_word' id='word_1_325' title='bbox 2045 2941 2254 3011; x_wconf 41' lang='lat' dir='ltr'><strong>laetitia,</strong></span> 
     </span>
    </p>
   </div>
   <div class='ocr_carea' id='block_1_46' title="bbox 690 3022 2253 3102">
    <p class='ocr_par' dir='ltr' id='par_1_46' title="bbox 690 3022 2253 3102">
     <span class='ocr_line' id='line_1_46' title="bbox 690 3022 2253 3102; baseline 0.008 -27"><span class='ocrx_word' id='word_1_326' title='bbox 690 3022 1061 3076; x_wconf 80' lang='lat' dir='ltr'><strong>exsultatione</strong></span> <span class='ocrx_word' id='word_1_327' title='bbox 1099 3025 1408 3092; x_wconf 87' lang='lat' dir='ltr'><strong>conjuncta,</strong></span> <span class='ocrx_word' id='word_1_328' title='bbox 1461 3025 1638 3096; x_wconf 88' lang='lat' dir='ltr'><strong>itaque</strong></span> <span class='ocrx_word' id='word_1_329' title='bbox 1695 3029 1901 3098; x_wconf 90' lang='lat' dir='ltr'><strong>pollens</strong></span> <span class='ocrx_word' id='word_1_330' title='bbox 1953 3041 2253 3102; x_wconf 87' lang='lat' dir='ltr'><strong>potensque</strong></span> 
     </span>
    </p>
   </div>
   <div class='ocr_carea' id='block_1_47' title="bbox 692 3097 2324 3192">
    <p class='ocr_par' dir='ltr' id='par_1_47' title="bbox 692 3097 2324 3192">
     <span class='ocr_line' id='line_1_47' title="bbox 692 3097 2324 3192; baseline 0.01 -29"><span class='ocrx_word' id='word_1_331' title='bbox 692 3118 754 3164; x_wconf 88' lang='lat' dir='ltr'><strong>ut</strong></span> <span class='ocrx_word' id='word_1_332' title='bbox 802 3110 983 3166; x_wconf 83' lang='lat' dir='ltr'><strong>radios</strong></span> <span class='ocrx_word' id='word_1_333' title='bbox 1033 3120 1195 3192; x_wconf 83' lang='lat' dir='ltr'><strong>atque</strong></span> <span class='ocrx_word' id='word_1_334' title='bbox 1242 3115 1580 3182; x_wconf 83' lang='lat' dir='ltr'><strong>splendorem</strong></span> <span class='ocrx_word' id='word_1_335' title='bbox 1619 3097 1921 3176; x_wconf 82' lang='lat' dir='ltr'><strong>divinarum</strong></span> <span class='ocrx_word' id='word_1_336' title='bbox 1953 3097 2251 3178; x_wconf 59' lang='lat' dir='ltr'><strong>potionum</strong></span> <span class='ocrx_word' id='word_1_337' title='bbox 2280 3097 2324 3154; x_wconf 63' lang='grc' dir='ltr'>δ</span> 
     </span>
    </p>
   </div>
   <div class='ocr_carea' id='block_1_48' title="bbox 693 3201 2253 3279">
    <p class='ocr_par' dir='ltr' id='par_1_48' title="bbox 693 3201 2253 3279">
     <span class='ocr_line' id='line_1_48' title="bbox 693 3201 2253 3279; baseline 0.01 -26"><span class='ocrx_word' id='word_1_338' title='bbox 693 3201 982 3269; x_wconf 84' lang='lat' dir='ltr'><strong>concipere</strong></span> <span class='ocrx_word' id='word_1_339' title='bbox 1022 3213 1184 3270; x_wconf 88' lang='lat' dir='ltr'><strong>queat</strong></span> <span class='ocrx_word' id='word_1_340' title='bbox 1212 3244 1227 3270; x_wconf 94' lang='lat'><strong>,</strong></span> <span class='ocrx_word' id='word_1_341' title='bbox 1262 3206 1460 3274; x_wconf 81' lang='lat' dir='ltr'><strong>quippe</strong></span> <span class='ocrx_word' id='word_1_342' title='bbox 1491 3209 1582 3275; x_wconf 89' lang='lat' dir='ltr'><strong>qui</strong></span> <span class='ocrx_word' id='word_1_343' title='bbox 1615 3208 1670 3261; x_wconf 90' lang='lat' dir='ltr'><strong>in</strong></span> <span class='ocrx_word' id='word_1_344' title='bbox 1709 3210 1811 3264; x_wconf 87' lang='lat' dir='ltr'><strong>lioc</strong></span> <span class='ocrx_word' id='word_1_345' title='bbox 1845 3212 2097 3279; x_wconf 89' lang='lat' dir='ltr'><strong>paradiso</strong></span> <span class='ocrx_word' id='word_1_346' title='bbox 2131 3229 2253 3268; x_wconf 81' lang='lat' dir='ltr'><strong>ver-</strong></span> 
     </span>
    </p>
   </div>
   <div class='ocr_carea' id='block_1_49' title="bbox 691 3292 2251 3376">
    <p class='ocr_par' dir='ltr' id='par_1_49' title="bbox 691 3292 2251 3376">
     <span class='ocr_line' id='line_1_49' title="bbox 691 3292 2251 3376; baseline 0.011 -32"><span class='ocrx_word' id='word_1_347' title='bbox 691 3292 982 3370; x_wconf 73' lang='lat' dir='ltr'><strong>santur,ln</strong></span> <span class='ocrx_word' id='word_1_348' title='bbox 1035 3309 1246 3348; x_wconf 89' lang='lat' dir='ltr'><strong>summa</strong></span> <span class='ocrx_word' id='word_1_349' title='bbox 1288 3296 1473 3376; x_wconf 78' lang='lat' dir='ltr'><strong>vivunt</strong></span> <span class='ocrx_word' id='word_1_350' title='bbox 1511 3298 1872 3366; x_wconf 86' lang='lat' dir='ltr'><strong>beatitudine,</strong></span> <span class='ocrx_word' id='word_1_351' title='bbox 1901 3313 2062 3372; x_wconf 90' lang='lat' dir='ltr'><strong>atque</strong></span> <span class='ocrx_word' id='word_1_352' title='bbox 2101 3321 2251 3360; x_wconf 52' lang='lat' dir='ltr'><strong>crea&#39;</strong></span> 
     </span>
    </p>
   </div>
   <div class='ocr_carea' id='block_1_50' title="bbox 690 3381 2256 3465">
    <p class='ocr_par' dir='ltr' id='par_1_50' title="bbox 690 3381 2256 3465">
     <span class='ocr_line' id='line_1_50' title="bbox 690 3381 2256 3465; baseline 0.011 -29"><span class='ocrx_word' id='word_1_353' title='bbox 690 3387 861 3436; x_wconf 86' lang='lat' dir='ltr'><strong>torem</strong></span> <span class='ocrx_word' id='word_1_354' title='bbox 895 3381 1066 3437; x_wconf 88' lang='lat' dir='ltr'><strong>Deum</strong></span> <span class='ocrx_word' id='word_1_355' title='bbox 1098 3387 1325 3455; x_wconf 80' lang='lat' dir='ltr'><strong>ejusque</strong></span> <span class='ocrx_word' id='word_1_356' title='bbox 1349 3399 1645 3453; x_wconf 83' lang='lat' dir='ltr'><strong>creaturas,</strong></span> <span class='ocrx_word' id='word_1_357' title='bbox 1678 3401 1854 3445; x_wconf 90' lang='lat' dir='ltr'><strong>mente</strong></span> <span class='ocrx_word' id='word_1_358' title='bbox 1881 3397 2256 3465; x_wconf 87' lang='lat' dir='ltr'><strong>contemplan-</strong></span> 
     </span>
    </p>
   </div>
   <div class='ocr_carea' id='block_1_51' title="bbox 699 3471 2252 3557">
    <p class='ocr_par' dir='ltr' id='par_1_51' title="bbox 699 3471 2252 3557">
     <span class='ocr_line' id='line_1_51' title="bbox 699 3471 2252 3557; baseline 0.013 -32"><span class='ocrx_word' id='word_1_359' title='bbox 699 3483 778 3526; x_wconf 87' lang='lat' dir='ltr'><strong>tes</strong></span> <span class='ocrx_word' id='word_1_360' title='bbox 830 3471 1192 3532; x_wconf 87' lang='lat' dir='ltr'><strong>nblectantur.</strong></span> <span class='ocrx_word' id='word_1_361' title='bbox 1225 3474 1356 3530; x_wconf 87' lang='lat' dir='ltr'><strong>Nam</strong></span> <span class='ocrx_word' id='word_1_362' title='bbox 1387 3489 1440 3532; x_wconf 90' lang='lat' dir='ltr'><strong>et</strong></span> <span class='ocrx_word' id='word_1_363' title='bbox 1486 3494 1732 3549; x_wconf 78' lang='lat' dir='ltr'><strong>superna:</strong></span> <span class='ocrx_word' id='word_1_364' title='bbox 1782 3484 1951 3551; x_wconf 73' lang='lat' dir='ltr'><strong>capite</strong></span> <span class='ocrx_word' id='word_1_365' title='bbox 1999 3491 2252 3557; x_wconf 75' lang='lat' dir='ltr'><strong>angelica:</strong></span> 
     </span>
    </p>
   </div>
   <div class='ocr_carea' id='block_1_52' title="bbox 692 3561 2255 3642">
    <p class='ocr_par' dir='ltr' id='par_1_52' title="bbox 692 3561 2255 3642">
     <span class='ocr_line' id='line_1_52' title="bbox 692 3561 2255 3642; baseline 0.013 -29"><span class='ocrx_word' id='word_1_366' title='bbox 692 3561 803 3614; x_wconf 89' lang='lat' dir='ltr'><strong>illic</strong></span> <span class='ocrx_word' id='word_1_367' title='bbox 837 3561 1112 3628; x_wconf 85' lang='lat' dir='ltr'><strong>habitant,</strong></span> <span class='ocrx_word' id='word_1_368' title='bbox 1150 3574 1203 3618; x_wconf 93' lang='lat' dir='ltr'><strong>et</strong></span> <span class='ocrx_word' id='word_1_369' title='bbox 1225 3567 1396 3620; x_wconf 64' lang='grc' dir='ltr'><strong>Λύσω</strong></span> <span class='ocrx_word' id='word_1_370' title='bbox 1444 3569 1658 3638; x_wconf 89' lang='lat' dir='ltr'><strong>Evaque</strong></span> <span class='ocrx_word' id='word_1_371' title='bbox 1681 3611 1695 3633; x_wconf 91' lang='lat'><strong>,</strong></span> <span class='ocrx_word' id='word_1_372' title='bbox 1729 3581 2019 3642; x_wconf 83' lang='lat' dir='ltr'><strong>antequam</strong></span> <span class='ocrx_word' id='word_1_373' title='bbox 2060 3580 2255 3634; x_wconf 82' lang='lat' dir='ltr'><strong>adver-</strong></span> 
     </span>
    </p>
   </div>
   <div class='ocr_carea' id='block_1_53' title="bbox 695 3652 2253 3736">
    <p class='ocr_par' dir='ltr' id='par_1_53' title="bbox 695 3652 2253 3736">
     <span class='ocr_line' id='line_1_53' title="bbox 695 3652 2253 3736; baseline 0.013 -31"><span class='ocrx_word' id='word_1_374' title='bbox 695 3668 818 3706; x_wconf 90' lang='lat' dir='ltr'><strong>sum</strong></span> <span class='ocrx_word' id='word_1_375' title='bbox 874 3652 966 3707; x_wconf 87' lang='lat' dir='ltr'><strong>Dei</strong></span> <span class='ocrx_word' id='word_1_376' title='bbox 1038 3658 1349 3736; x_wconf 76' lang='lat' dir='ltr'><strong>mandatum</strong></span> <span class='ocrx_word' id='word_1_377' title='bbox 1433 3659 1723 3728; x_wconf 86' lang='lat' dir='ltr'><strong>fecissent,</strong></span> <span class='ocrx_word' id='word_1_378' title='bbox 1809 3665 2007 3720; x_wconf 83' lang='lat' dir='ltr'><strong>ibidem</strong></span> <span class='ocrx_word' id='word_1_379' title='bbox 2071 3684 2253 3725; x_wconf 86' lang='lat' dir='ltr'><strong>mora-</strong></span> 
     </span>
    </p>
   </div>
   <div class='ocr_carea' id='block_1_54' title="bbox 692 3746 927 3799">
    <p class='ocr_par' dir='ltr' id='par_1_54' title="bbox 692 3746 927 3799">
     <span class='ocr_line' id='line_1_54' title="bbox 692 3746 927 3799; baseline 0.004 -1"><span class='ocrx_word' id='word_1_380' title='bbox 692 3746 927 3799; x_wconf 68' lang='lat' dir='ltr'><strong>bantur.</strong></span> 
     </span>
    </p>
   </div>
   <div class='ocr_carea' id='block_1_55' title="bbox 1227 3818 1661 3876">
    <p class='ocr_par' dir='ltr' id='par_1_55' title="bbox 1227 3818 1661 3876">
     <span class='ocr_line' id='line_1_55' title="bbox 1227 3818 1661 3876; baseline 0.007 -3"><span class='ocrx_word' id='word_1_381' title='bbox 1227 3852 1230 3856; x_wconf 92' lang='lat'><strong><em>-</em></strong></span> <span class='ocrx_word' id='word_1_382' title='bbox 1305 3818 1531 3875; x_wconf 81' lang='lat' dir='ltr'><strong>CAPUT</strong></span> <span class='ocrx_word' id='word_1_383' title='bbox 1569 3822 1661 3876; x_wconf 77' lang='grc' dir='ltr'><strong>ΙΙΙ.</strong></span> 
     </span>
    </p>
   </div>
   <div class='ocr_carea' id='block_1_56' title="bbox 762 3947 2254 4024">
    <p class='ocr_par' dir='ltr' id='par_1_56' title="bbox 762 3947 2254 4024">
     <span class='ocr_line' id='line_1_56' title="bbox 762 3947 2254 4024; baseline 0.01 -25"><span class='ocrx_word' id='word_1_384' title='bbox 762 3947 950 4013; x_wconf 82' lang='lat' dir='ltr'><strong>Qualis</strong></span> <span class='ocrx_word' id='word_1_385' title='bbox 1008 3951 1167 4018; x_wconf 68' lang='lat' dir='ltr'><strong>[uerit</strong></span> <span class='ocrx_word' id='word_1_386' title='bbox 1217 3958 1357 4004; x_wconf 82' lang='lat' dir='ltr'><strong>terra</strong></span> <span class='ocrx_word' id='word_1_387' title='bbox 1411 3954 1621 4022; x_wconf 78' lang='lat' dir='ltr'><strong>mystici</strong></span> <span class='ocrx_word' id='word_1_388' title='bbox 1672 3957 1934 4024; x_wconf 75' lang='lat' dir='ltr'><strong>paradisi.</strong></span> <span class='ocrx_word' id='word_1_389' title='bbox 1981 3987 2054 3999; x_wconf 96' lang='lat'><strong><em>—</em></strong></span> <span class='ocrx_word' id='word_1_390' title='bbox 2088 3959 2254 4014; x_wconf 84' lang='lat' dir='ltr'><strong>Terra</strong></span> 
     </span>
    </p>
   </div>
   <div class='ocr_carea' id='block_1_57' title="bbox 691 4041 2245 4115">
    <p class='ocr_par' dir='ltr' id='par_1_57' title="bbox 691 4041 2245 4115">
     <span class='ocr_line' id='line_1_57' title="bbox 691 4041 2245 4115; baseline 0.007 -21"><span class='ocrx_word' id='word_1_391' title='bbox 691 4041 902 4111; x_wconf 81' lang='lat' dir='ltr'><strong>mystici</strong></span> <span class='ocrx_word' id='word_1_392' title='bbox 940 4041 1171 4108; x_wconf 87' lang='lat' dir='ltr'><strong>paradisi</strong></span> <span class='ocrx_word' id='word_1_393' title='bbox 1206 4043 1308 4096; x_wconf 90' lang='lat' dir='ltr'><strong>fuit</strong></span> <span class='ocrx_word' id='word_1_394' title='bbox 1354 4043 1568 4097; x_wconf 88' lang='lat' dir='ltr'><strong>animus</strong></span> <span class='ocrx_word' id='word_1_395' title='bbox 1611 4054 1665 4098; x_wconf 90' lang='lat' dir='ltr'><strong>et</strong></span> <span class='ocrx_word' id='word_1_396' title='bbox 1706 4062 1857 4101; x_wconf 91' lang='lat' dir='ltr'><strong>mens</strong></span> <span class='ocrx_word' id='word_1_397' title='bbox 1894 4048 2108 4115; x_wconf 85' lang='lat' dir='ltr'><strong>Adami,</strong></span> <span class='ocrx_word' id='word_1_398' title='bbox 2140 4050 2245 4105; x_wconf 90' lang='lat' dir='ltr'><strong>hoc</strong></span> 
     </span>
    </p>
   </div>
   <div class='ocr_carea' id='block_1_58' title="bbox 688 4131 2289 4209">
    <p class='ocr_par' dir='ltr' id='par_1_58' title="bbox 688 4131 2289 4209">
     <span class='ocr_line' id='line_1_58' title="bbox 688 4131 2289 4209; baseline 0.007 -25"><span class='ocrx_word' id='word_1_399' title='bbox 688 4139 790 4195; x_wconf 84' lang='lat' dir='ltr'><strong>est,</strong></span> <span class='ocrx_word' id='word_1_400' title='bbox 853 4131 1088 4186; x_wconf 86' lang='lat' dir='ltr'><strong>hominis</strong></span> <span class='ocrx_word' id='word_1_401' title='bbox 1156 4132 1283 4186; x_wconf 86' lang='lat' dir='ltr'><strong>inibi</strong></span> <span class='ocrx_word' id='word_1_402' title='bbox 1344 4136 1572 4203; x_wconf 78' lang='lat' dir='ltr'><strong>agentis.</strong></span> <span class='ocrx_word' id='word_1_403' title='bbox 1627 4135 1760 4190; x_wconf 83' lang='lat' dir='ltr'><strong>Nam</strong></span> <span class='ocrx_word' id='word_1_404' title='bbox 1811 4140 1935 4193; x_wconf 91' lang='lat' dir='ltr'><strong>inde</strong></span> <span class='ocrx_word' id='word_1_405' title='bbox 1983 4142 2289 4209; x_wconf 56' lang='lat' dir='ltr'><strong>pullulanti</strong></span> 
     </span>
    </p>
   </div>
   <div class='ocr_carea' id='block_1_59' title="bbox 691 4224 2251 4302">
    <p class='ocr_par' dir='ltr' id='par_1_59' title="bbox 691 4224 2251 4302">
     <span class='ocr_line' id='line_1_59' title="bbox 691 4224 2251 4302; baseline 0.008 -28"><span class='ocrx_word' id='word_1_406' title='bbox 691 4229 852 4289; x_wconf 68' lang='lat' dir='ltr'><strong>atque</strong></span> <span class='ocrx_word' id='word_1_407' title='bbox 881 4224 1131 4276; x_wconf 91' lang='lat' dir='ltr'><strong>oriuntur</strong></span> <span class='ocrx_word' id='word_1_408' title='bbox 1162 4224 1547 4279; x_wconf 87' lang='lat' dir='ltr'><strong>meditationes</strong></span> <span class='ocrx_word' id='word_1_409' title='bbox 1577 4242 1685 4280; x_wconf 89' lang='lat' dir='ltr'><strong>non</strong></span> <span class='ocrx_word' id='word_1_410' title='bbox 1718 4231 1875 4283; x_wconf 89' lang='lat' dir='ltr'><strong>modo</strong></span> <span class='ocrx_word' id='word_1_411' title='bbox 1921 4247 2101 4284; x_wconf 89' lang='lat' dir='ltr'><strong>rerum</strong></span> <span class='ocrx_word' id='word_1_412' title='bbox 2129 4248 2251 4302; x_wconf 88' lang='lat' dir='ltr'><strong>spe-</strong></span> 
     </span>
    </p>
   </div>
   <div class='ocr_carea' id='block_1_60' title="bbox 691 4313 2247 4389">
    <p class='ocr_par' dir='ltr' id='par_1_60' title="bbox 691 4313 2247 4389">
     <span class='ocr_line' id='line_1_60' title="bbox 691 4313 2247 4389; baseline 0.01 -23"><span class='ocrx_word' id='word_1_413' title='bbox 691 4313 992 4375; x_wconf 85' lang='lat' dir='ltr'><strong>ctabilium,</strong></span> <span class='ocrx_word' id='word_1_414' title='bbox 1021 4315 1112 4367; x_wconf 83' lang='lat' dir='ltr'><strong>sed</strong></span> <span class='ocrx_word' id='word_1_415' title='bbox 1153 4322 1207 4369; x_wconf 90' lang='lat' dir='ltr'><strong>et</strong></span> <span class='ocrx_word' id='word_1_416' title='bbox 1240 4329 1428 4370; x_wconf 86' lang='lat' dir='ltr'><strong>earum</strong></span> <span class='ocrx_word' id='word_1_417' title='bbox 1471 4332 1687 4388; x_wconf 90' lang='lat' dir='ltr'><strong>quoque</strong></span> <span class='ocrx_word' id='word_1_418' title='bbox 1717 4335 1834 4389; x_wconf 71' lang='lat' dir='ltr'><strong>quae</strong></span> <span class='ocrx_word' id='word_1_419' title='bbox 1895 4322 2042 4376; x_wconf 88' lang='lat' dir='ltr'><strong>nullo</strong></span> <span class='ocrx_word' id='word_1_420' title='bbox 2086 4339 2247 4380; x_wconf 87' lang='lat' dir='ltr'><strong>sensu</strong></span> 
     </span>
    </p>
   </div>
   <div class='ocr_carea' id='block_1_61' title="bbox 692 4405 1164 4473">
    <p class='ocr_par' dir='ltr' id='par_1_61' title="bbox 692 4405 1164 4473">
     <span class='ocr_line' id='line_1_61' title="bbox 692 4405 1164 4473; baseline 0.006 -16"><span class='ocrx_word' id='word_1_421' title='bbox 692 4405 892 4473; x_wconf 82' lang='lat' dir='ltr'><strong>percipi</strong></span> <span class='ocrx_word' id='word_1_422' title='bbox 933 4414 1164 4473; x_wconf 88' lang='lat' dir='ltr'><strong>queunt.</strong></span> 
     </span>
    </p>
   </div>
   <div class='ocr_carea' id='block_1_62' title="bbox 1282 4496 1650 4556">
    <p class='ocr_par' dir='ltr' id='par_1_62' title="bbox 1282 4496 1650 4556">
     <span class='ocr_line' id='line_1_62' title="bbox 1282 4496 1650 4556; baseline 0.014 -6"><span class='ocrx_word' id='word_1_423' title='bbox 1282 4496 1508 4551; x_wconf 82' lang='lat' dir='ltr'><strong>CAPUT</strong></span> <span class='ocrx_word' id='word_1_424' title='bbox 1561 4499 1650 4556; x_wconf 84' lang='lat' dir='ltr'><strong>lV.</strong></span> 
     </span>
    </p>
   </div>
   <div class='ocr_carea' id='block_1_63' title="bbox 761 4597 2254 4686">
    <p class='ocr_par' dir='ltr' id='par_1_63' title="bbox 761 4597 2254 4686">
     <span class='ocr_line' id='line_1_63' title="bbox 761 4597 2254 4686; baseline 0.011 -30"><span class='ocrx_word' id='word_1_425' title='bbox 761 4604 947 4668; x_wconf 78' lang='lat' dir='ltr'><strong>Quales</strong></span> <span class='ocrx_word' id='word_1_426' title='bbox 983 4597 1220 4660; x_wconf 76' lang='lat' dir='ltr'><strong>arbores</strong></span> <span class='ocrx_word' id='word_1_427' title='bbox 1269 4619 1318 4661; x_wconf 82' lang='lat' dir='ltr'><strong>et</strong></span> <span class='ocrx_word' id='word_1_428' title='bbox 1376 4611 1573 4679; x_wconf 67' lang='lat' dir='ltr'><strong>plantae</strong></span> <span class='ocrx_word' id='word_1_429' title='bbox 1618 4614 1670 4665; x_wconf 85' lang='lat' dir='ltr'><strong>in</strong></span> <span class='ocrx_word' id='word_1_430' title='bbox 1697 4617 1967 4680; x_wconf 86' lang='lat' dir='ltr'><strong>paradiso.</strong></span> <span class='ocrx_word' id='word_1_431' title='bbox 1991 4648 2059 4660; x_wconf 88' lang='lat'><strong>-—</strong></span> <span class='ocrx_word' id='word_1_432' title='bbox 2089 4617 2254 4686; x_wconf 85' lang='lat' dir='ltr'><strong>Igitur</strong></span> 
     </span>
    </p>
   </div>
   <div class='ocr_carea' id='block_1_64' title="bbox 692 4697 2254 4776">
    <p class='ocr_par' dir='ltr' id='par_1_64' title="bbox 692 4697 2254 4776">
     <span class='ocr_line' id='line_1_64' title="bbox 692 4697 2254 4776; baseline 0.011 -29"><span class='ocrx_word' id='word_1_433' title='bbox 692 4697 1004 4764; x_wconf 72' lang='lat' dir='ltr'><strong>liujusmotli</strong></span> <span class='ocrx_word' id='word_1_434' title='bbox 1054 4701 1408 4768; x_wconf 81' lang='lat' dir='ltr'><strong>cogitationes</strong></span> <span class='ocrx_word' id='word_1_435' title='bbox 1445 4705 1924 4776; x_wconf 88' lang='lat' dir='ltr'><strong>meditationesque</strong></span> <span class='ocrx_word' id='word_1_436' title='bbox 1962 4723 2025 4762; x_wconf 84' lang='lat' dir='ltr'><strong>ex</strong></span> <span class='ocrx_word' id='word_1_437' title='bbox 2057 4710 2254 4764; x_wconf 90' lang='lat' dir='ltr'><strong>animis</strong></span> 
     </span>
    </p>
   </div>
   <div class='ocr_carea' id='block_1_65' title="bbox 687 4788 2252 4863">
    <p class='ocr_par' dir='ltr' id='par_1_65' title="bbox 687 4788 2252 4863">
     <span class='ocr_line' id='line_1_65' title="bbox 687 4788 2252 4863; baseline 0.008 -23"><span class='ocrx_word' id='word_1_438' title='bbox 687 4794 741 4840; x_wconf 86' lang='lat' dir='ltr'><strong>et</strong></span> <span class='ocrx_word' id='word_1_439' title='bbox 779 4788 1054 4841; x_wconf 80' lang='lat' dir='ltr'><strong>hominum</strong></span> <span class='ocrx_word' id='word_1_440' title='bbox 1081 4798 1133 4842; x_wconf 91' lang='lat' dir='ltr'><strong>et</strong></span> <span class='ocrx_word' id='word_1_441' title='bbox 1166 4792 1509 4860; x_wconf 73' lang='lat' dir='ltr'><strong>angelorum;</strong></span> <span class='ocrx_word' id='word_1_442' title='bbox 1536 4796 1690 4861; x_wconf 83' lang='lat' dir='ltr'><strong>quasi</strong></span> <span class='ocrx_word' id='word_1_443' title='bbox 1737 4797 1961 4852; x_wconf 90' lang='lat' dir='ltr'><strong>arbores</strong></span> <span class='ocrx_word' id='word_1_444' title='bbox 2009 4813 2040 4853; x_wconf 88' lang='lat' dir='ltr'><strong>e</strong></span> <span class='ocrx_word' id='word_1_445' title='bbox 2088 4809 2252 4863; x_wconf 84' lang='lat' dir='ltr'><strong>terra,</strong></span> 
     </span>
    </p>
   </div>
   <div class='ocr_carea' id='block_1_66' title="bbox 691 4880 2251 4958">
    <p class='ocr_par' dir='ltr' id='par_1_66' title="bbox 691 4880 2251 4958">
     <span class='ocr_line' id='line_1_66' title="bbox 691 4880 2251 4958; baseline 0.01 -30"><span class='ocrx_word' id='word_1_446' title='bbox 691 4888 1007 4946; x_wconf 64' lang='lat' dir='ltr'><strong>procreatae,</strong></span> <span class='ocrx_word' id='word_1_447' title='bbox 1041 4880 1265 4935; x_wconf 80' lang='lat' dir='ltr'><strong>arbares</strong></span> <span class='ocrx_word' id='word_1_448' title='bbox 1296 4891 1348 4935; x_wconf 92' lang='lat' dir='ltr'><strong>et</strong></span> <span class='ocrx_word' id='word_1_449' title='bbox 1380 4881 1575 4952; x_wconf 75' lang='lat' dir='ltr'><strong>planta:</strong></span> <span class='ocrx_word' id='word_1_450' title='bbox 1606 4886 1840 4953; x_wconf 75' lang='lat' dir='ltr'><strong>paradisi</strong></span> <span class='ocrx_word' id='word_1_451' title='bbox 1871 4889 2080 4958; x_wconf 84' lang='lat' dir='ltr'><strong>mystici</strong></span> <span class='ocrx_word' id='word_1_452' title='bbox 2106 4887 2251 4943; x_wconf 88' lang='lat' dir='ltr'><strong>haud</strong></span> 
     </span>
    </p>
   </div>
   <div class='ocr_carea' id='block_1_67' title="bbox 690 4967 1234 5022">
    <p class='ocr_par' dir='ltr' id='par_1_67' title="bbox 690 4967 1234 5022">
     <span class='ocr_line' id='line_1_67' title="bbox 690 4967 1234 5022; baseline 0.004 -2"><span class='ocrx_word' id='word_1_453' title='bbox 690 4967 924 5021; x_wconf 85' lang='lat' dir='ltr'><strong>absurde</strong></span> <span class='ocrx_word' id='word_1_454' title='bbox 958 4968 1234 5022; x_wconf 90' lang='lat' dir='ltr'><strong>dicuntur.</strong></span> 
     </span>
    </p>
   </div>
   <div class='ocr_carea' id='block_1_68' title="bbox 1301 5063 1632 5117">
    <p class='ocr_par' dir='ltr' id='par_1_68' title="bbox 1301 5063 1632 5117">
     <span class='ocr_line' id='line_1_68' title="bbox 1301 5063 1632 5117; baseline 0 0"><span class='ocrx_word' id='word_1_455' title='bbox 1301 5063 1528 5117; x_wconf 81' lang='lat' dir='ltr'><strong>CAPUT</strong></span> <span class='ocrx_word' id='word_1_456' title='bbox 1574 5063 1632 5117; x_wconf 86' lang='lat' dir='ltr'><strong>V.</strong></span> 
     </span>
    </p>
   </div>
   <div class='ocr_carea' id='block_1_69' title="bbox 765 5149 2252 5231">
    <p class='ocr_par' dir='ltr' id='par_1_69' title="bbox 765 5149 2252 5231">
     <span class='ocr_line' id='line_1_69' title="bbox 765 5149 2252 5231; baseline 0.01 -29"><span class='ocrx_word' id='word_1_457' title='bbox 765 5149 835 5203; x_wconf 83' lang='lat' dir='ltr'><strong>De</strong></span> <span class='ocrx_word' id='word_1_458' title='bbox 857 5151 1038 5204; x_wconf 81' lang='lat' dir='ltr'><strong>arbore</strong></span> <span class='ocrx_word' id='word_1_459' title='bbox 1060 5155 1290 5206; x_wconf 64' lang='lat' dir='ltr'><strong>scientia</strong></span> <span class='ocrx_word' id='word_1_460' title='bbox 1325 5155 1442 5208; x_wconf 79' lang='lat' dir='ltr'><strong>boui</strong></span> <span class='ocrx_word' id='word_1_461' title='bbox 1460 5167 1507 5208; x_wconf 81' lang='lat' dir='ltr'><strong>et</strong></span> <span class='ocrx_word' id='word_1_462' title='bbox 1526 5155 1653 5208; x_wconf 81' lang='lat' dir='ltr'><strong>ntali</strong></span> <span class='ocrx_word' id='word_1_463' title='bbox 1677 5156 1729 5208; x_wconf 84' lang='lat' dir='ltr'><strong>iu</strong></span> <span class='ocrx_word' id='word_1_464' title='bbox 1751 5159 1992 5225; x_wconf 80' lang='lat' dir='ltr'><strong>paradiso</strong></span> <span class='ocrx_word' id='word_1_465' title='bbox 2016 5164 2252 5231; x_wconf 78' lang='lat' dir='ltr'><strong>mystico.</strong></span> 
     </span>
    </p>
   </div>
   <div class='ocr_carea' id='block_1_70' title="bbox 689 5243 2246 5318">
    <p class='ocr_par' dir='ltr' id='par_1_70' title="bbox 689 5243 2246 5318">
     <span class='ocr_line' id='line_1_70' title="bbox 689 5243 2246 5318; baseline 0.008 -23"><span class='ocrx_word' id='word_1_466' title='bbox 689 5272 754 5283; x_wconf 85' lang='lat'><strong>——</strong></span> <span class='ocrx_word' id='word_1_467' title='bbox 779 5243 1006 5309; x_wconf 83' lang='lat' dir='ltr'><strong>Quidam</strong></span> <span class='ocrx_word' id='word_1_468' title='bbox 1039 5258 1067 5295; x_wconf 90' lang='lat' dir='ltr'><strong>e</strong></span> <span class='ocrx_word' id='word_1_469' title='bbox 1099 5260 1325 5299; x_wconf 87' lang='lat' dir='ltr'><strong>numero</strong></span> <span class='ocrx_word' id='word_1_470' title='bbox 1351 5245 1628 5315; x_wconf 81' lang='lat' dir='ltr'><strong>doctorum</strong></span> <span class='ocrx_word' id='word_1_471' title='bbox 1651 5247 1906 5304; x_wconf 67' lang='lat' dir='ltr'><strong>Ecclesiae</strong></span> <span class='ocrx_word' id='word_1_472' title='bbox 1929 5253 2133 5318; x_wconf 89' lang='lat' dir='ltr'><strong>dicunt,</strong></span> <span class='ocrx_word' id='word_1_473' title='bbox 2167 5270 2246 5307; x_wconf 86' lang='lat' dir='ltr'><strong>ar-</strong></span> 
     </span>
    </p>
   </div>
   <div class='ocr_carea' id='block_1_71' title="bbox 693 5335 2247 5415">
    <p class='ocr_par' dir='ltr' id='par_1_71' title="bbox 693 5335 2247 5415">
     <span class='ocr_line' id='line_1_71' title="bbox 693 5335 2247 5415; baseline 0.009 -29"><span class='ocrx_word' id='word_1_474' title='bbox 693 5336 874 5388; x_wconf 90' lang='lat' dir='ltr'><strong>borem</strong></span> <span class='ocrx_word' id='word_1_475' title='bbox 899 5335 1138 5389; x_wconf 71' lang='grc' dir='ltr'><strong>είίυηιὶω</strong></span> <span class='ocrx_word' id='word_1_476' title='bbox 1172 5336 1297 5389; x_wconf 90' lang='lat' dir='ltr'><strong>boni</strong></span> <span class='ocrx_word' id='word_1_477' title='bbox 1322 5346 1372 5389; x_wconf 91' lang='lat' dir='ltr'><strong>ct</strong></span> <span class='ocrx_word' id='word_1_478' title='bbox 1402 5339 1523 5390; x_wconf 82' lang='lat' dir='ltr'><strong>mali</strong></span> <span class='ocrx_word' id='word_1_479' title='bbox 1557 5342 1835 5409; x_wconf 84' lang='lat' dir='ltr'><strong>mysticam</strong></span> <span class='ocrx_word' id='word_1_480' title='bbox 1869 5342 1996 5397; x_wconf 89' lang='lat' dir='ltr'><strong>etin</strong></span> <span class='ocrx_word' id='word_1_481' title='bbox 2017 5346 2247 5415; x_wconf 85' lang='lat' dir='ltr'><strong>mystico</strong></span> 
     </span>
    </p>
   </div>
   <div class='ocr_carea' id='block_1_72' title="bbox 691 5426 2262 5503">
    <p class='ocr_par' dir='ltr' id='par_1_72' title="bbox 691 5426 2262 5503">
     <span class='ocr_line' id='line_1_72' title="bbox 691 5426 2262 5503; baseline 0.008 -26"><span class='ocrx_word' id='word_1_482' title='bbox 691 5426 936 5494; x_wconf 86' lang='lat' dir='ltr'><strong>paradiso</strong></span> <span class='ocrx_word' id='word_1_483' title='bbox 987 5427 1278 5490; x_wconf 85' lang='lat' dir='ltr'><strong>consitam,</strong></span> <span class='ocrx_word' id='word_1_484' title='bbox 1332 5443 1453 5482; x_wconf 87' lang='lat' dir='ltr'><strong>esse</strong></span> <span class='ocrx_word' id='word_1_485' title='bbox 1501 5431 1666 5484; x_wconf 91' lang='lat' dir='ltr'><strong>animi</strong></span> <span class='ocrx_word' id='word_1_486' title='bbox 1704 5443 1908 5487; x_wconf 91' lang='lat' dir='ltr'><strong>motum</strong></span> <span class='ocrx_word' id='word_1_487' title='bbox 1938 5437 2262 5503; x_wconf 76' lang='lat' dir='ltr'><strong>jqucmdam&#39;</strong></span> 
     </span>
    </p>
   </div>
   <div class='ocr_carea' id='block_1_73' title="bbox 691 5517 2245 5592">
    <p class='ocr_par' dir='ltr' id='par_1_73' title="bbox 691 5517 2245 5592">
     <span class='ocr_line' id='line_1_73' title="bbox 691 5517 2245 5592; baseline 0.009 -24"><span class='ocrx_word' id='word_1_488' title='bbox 691 5533 798 5587; x_wconf 83' lang='lat' dir='ltr'><strong>quo</strong></span> <span class='ocrx_word' id='word_1_489' title='bbox 833 5517 990 5571; x_wconf 87' lang='lat' dir='ltr'><strong>liomo</strong></span> <span class='ocrx_word' id='word_1_490' title='bbox 1018 5536 1113 5572; x_wconf 90' lang='lat' dir='ltr'><strong>ceu</strong></span> <span class='ocrx_word' id='word_1_491' title='bbox 1162 5521 1418 5592; x_wconf 83' lang='lat' dir='ltr'><strong>peculiari</strong></span> <span class='ocrx_word' id='word_1_492' title='bbox 1456 5527 1650 5579; x_wconf 90' lang='lat' dir='ltr'><strong>mentis</strong></span> <span class='ocrx_word' id='word_1_493' title='bbox 1709 5539 1821 5578; x_wconf 71' lang='lat' dir='ltr'><strong>suae</strong></span> <span class='ocrx_word' id='word_1_494' title='bbox 1871 5525 2050 5578; x_wconf 87' lang='lat' dir='ltr'><strong>indole</strong></span> <span class='ocrx_word' id='word_1_495' title='bbox 2087 5528 2245 5581; x_wconf 91' lang='lat' dir='ltr'><strong>iucli-</strong></span> 
     </span>
    </p>
   </div>
   <div class='ocr_carea' id='block_1_74' title="bbox 691 5613 2245 5690">
    <p class='ocr_par' dir='ltr' id='par_1_74' title="bbox 691 5613 2245 5690">
     <span class='ocr_line' id='line_1_74' title="bbox 691 5613 2245 5690; baseline 0.007 -26"><span class='ocrx_word' id='word_1_496' title='bbox 691 5622 866 5676; x_wconf 75' lang='lat' dir='ltr'><strong>natur,</strong></span> <span class='ocrx_word' id='word_1_497' title='bbox 904 5625 966 5663; x_wconf 92' lang='lat' dir='ltr'><strong>eo</strong></span> <span class='ocrx_word' id='word_1_498' title='bbox 995 5613 1133 5665; x_wconf 88' lang='lat' dir='ltr'><strong>enim</strong></span> <span class='ocrx_word' id='word_1_499' title='bbox 1159 5616 1367 5682; x_wconf 86' lang='lat' dir='ltr'><strong>sentiri,</strong></span> <span class='ocrx_word' id='word_1_500' title='bbox 1401 5631 1520 5687; x_wconf 71' lang='lat' dir='ltr'><strong>qum</strong></span> <span class='ocrx_word' id='word_1_501' title='bbox 1548 5617 1684 5673; x_wconf 85' lang='lat' dir='ltr'><strong>inter</strong></span> <span class='ocrx_word' id='word_1_502' title='bbox 1722 5616 1920 5670; x_wconf 86' lang='lat' dir='ltr'><strong>malum</strong></span> <span class='ocrx_word' id='word_1_503' title='bbox 1942 5617 2245 5690; x_wconf 89' lang='lat' dir='ltr'><strong>bonumque</strong></span> 
     </span>
    </p>
   </div>
   <div class='ocr_carea' id='block_1_75' title="bbox 763 5722 1237 5785">
    <p class='ocr_par' dir='ltr' id='par_1_75' title="bbox 763 5722 1237 5785">
     <span class='ocr_line' id='line_1_75' title="bbox 763 5722 1237 5785; baseline 0.006 -11"><span class='ocrx_word' id='word_1_504' title='bbox 763 5727 804 5756; x_wconf 83' lang='lat'><strong>’-</strong></span> <span class='ocrx_word' id='word_1_505' title='bbox 844 5722 1030 5776; x_wconf 74' lang='lat' dir='ltr'><strong>Matth.</strong></span> <span class='ocrx_word' id='word_1_506' title='bbox 1067 5737 1149 5785; x_wconf 82' lang='grc' dir='ltr'><strong>ιιι,</strong></span> <span class='ocrx_word' id='word_1_507' title='bbox 1185 5725 1237 5777; x_wconf 75' lang='lat'><strong>9..</strong></span> 
     </span>
    </p>
   </div>
   <div class='ocr_carea' id='block_1_76' title="bbox 2278 4504 3896 4593">
    <p class='ocr_par' dir='ltr' id='par_1_76' title="bbox 2278 4504 3896 4593">
     <span class='ocr_line' id='line_1_76' title="bbox 2278 4504 3896 4593; baseline -0.006 -13"><span class='ocrx_word' id='word_1_508' title='bbox 2278 4504 2465 4580; x_wconf 66' lang='lat' dir='ltr'><strong>1)non</strong></span> <span class='ocrx_word' id='word_1_509' title='bbox 2520 4504 2754 4593; x_wconf 86' lang='lat' dir='ltr'><strong>amplius</strong></span> <span class='ocrx_word' id='word_1_510' title='bbox 2816 4535 2948 4587; x_wconf 89' lang='lat' dir='ltr'><strong>tres,</strong></span> <span class='ocrx_word' id='word_1_511' title='bbox 3003 4525 3266 4592; x_wconf 86' lang='lat' dir='ltr'><strong>tantisper</strong></span> <span class='ocrx_word' id='word_1_512' title='bbox 3314 4524 3516 4578; x_wconf 90' lang='lat' dir='ltr'><strong>scilicet</strong></span> <span class='ocrx_word' id='word_1_513' title='bbox 3559 4524 3688 4578; x_wconf 90' lang='lat' dir='ltr'><strong>dum</strong></span> <span class='ocrx_word' id='word_1_514' title='bbox 3748 4524 3896 4589; x_wconf 77' lang='lat' dir='ltr'><strong>legent</strong></span> 
     </span>
    </p>
   </div>
   <div class='ocr_carea' id='block_1_77' title="bbox 2356 1886 3881 1960">
    <p class='ocr_par' dir='ltr' id='par_1_77' title="bbox 2356 1886 3881 1960">
     <span class='ocr_line' id='line_1_77' title="bbox 2356 1886 3881 1960; baseline 0.005 -24"><span class='ocrx_word' id='word_1_515' title='bbox 2356 1886 2572 1949; x_wconf 86' lang='lat' dir='ltr'><strong>quando</strong></span> <span class='ocrx_word' id='word_1_516' title='bbox 2629 1886 2742 1953; x_wconf 90' lang='lat' dir='ltr'><strong>ipse</strong></span> <span class='ocrx_word' id='word_1_517' title='bbox 2794 1887 2955 1938; x_wconf 87' lang='lat' dir='ltr'><strong>etiam</strong></span> <span class='ocrx_word' id='word_1_518' title='bbox 3010 1886 3340 1956; x_wconf 80' lang='lat' dir='ltr'><strong>Redemptor</strong></span> <span class='ocrx_word' id='word_1_519' title='bbox 3399 1900 3588 1944; x_wconf 89' lang='lat' dir='ltr'><strong>noster</strong></span> <span class='ocrx_word' id='word_1_520' title='bbox 3643 1893 3881 1960; x_wconf 83' lang='lat' dir='ltr'><strong>tantisper</strong></span> 
     </span>
    </p>
   </div>
   <div class='ocr_carea' id='block_1_78' title="bbox 2356 1977 3892 2052">
    <p class='ocr_par' dir='ltr' id='par_1_78' title="bbox 2356 1977 3892 2052">
     <span class='ocr_line' id='line_1_78' title="bbox 2356 1977 3892 2052; baseline 0.004 -24"><span class='ocrx_word' id='word_1_521' title='bbox 2356 1977 2481 2029; x_wconf 92' lang='lat' dir='ltr'><strong>dum</strong></span> <span class='ocrx_word' id='word_1_522' title='bbox 2520 1978 2688 2046; x_wconf 86' lang='lat' dir='ltr'><strong>legem</strong></span> <span class='ocrx_word' id='word_1_523' title='bbox 2732 1979 3072 2044; x_wconf 87' lang='lat' dir='ltr'><strong>observabat,</strong></span> <span class='ocrx_word' id='word_1_524' title='bbox 3099 1980 3401 2036; x_wconf 89' lang='lat' dir='ltr'><strong>libertatem</strong></span> <span class='ocrx_word' id='word_1_525' title='bbox 3435 1998 3546 2035; x_wconf 82' lang='lat' dir='ltr'><strong>suae</strong></span> <span class='ocrx_word' id='word_1_526' title='bbox 3575 1985 3700 2036; x_wconf 68' lang='lat' dir='ltr'><strong>vita:</strong></span> <span class='ocrx_word' id='word_1_527' title='bbox 3729 1996 3892 2052; x_wconf 83' lang='lat' dir='ltr'><strong>genere</strong></span> 
     </span>
    </p>
   </div>
   <div class='ocr_carea' id='block_1_79' title="bbox 2356 2069 3891 2138">
    <p class='ocr_par' dir='ltr' id='par_1_79' title="bbox 2356 2069 3891 2138">
     <span class='ocr_line' id='line_1_79' title="bbox 2356 2069 3891 2138; baseline 0.003 -17"><span class='ocrx_word' id='word_1_528' title='bbox 2356 2069 2574 2122; x_wconf 88' lang='lat' dir='ltr'><strong>minime</strong></span> <span class='ocrx_word' id='word_1_529' title='bbox 2613 2085 2724 2138; x_wconf 69' lang='lat' dir='ltr'><strong>pra:</strong></span> <span class='ocrx_word' id='word_1_530' title='bbox 2755 2084 2812 2124; x_wconf 91' lang='lat' dir='ltr'><strong>se</strong></span> <span class='ocrx_word' id='word_1_531' title='bbox 2849 2069 3072 2124; x_wconf 85' lang='lat' dir='ltr'><strong>ferebat.</strong></span> <span class='ocrx_word' id='word_1_532' title='bbox 3099 2072 3167 2123; x_wconf 83' lang='lat' dir='ltr'><strong>At</strong></span> <span class='ocrx_word' id='word_1_533' title='bbox 3199 2087 3298 2126; x_wconf 92' lang='lat' dir='ltr'><strong>uos</strong></span> <span class='ocrx_word' id='word_1_534' title='bbox 3329 2074 3617 2127; x_wconf 80' lang='lat' dir='ltr'><strong>definimus</strong></span> <span class='ocrx_word' id='word_1_535' title='bbox 3674 2074 3891 2127; x_wconf 77' lang='lat' dir='ltr'><strong>arborem</strong></span> 
     </span>
    </p>
   </div>
   <div class='ocr_carea' id='block_1_80' title="bbox 2356 2159 3891 2230">
    <p class='ocr_par' dir='ltr' id='par_1_80' title="bbox 2356 2159 3891 2230">
     <span class='ocr_line' id='line_1_80' title="bbox 2356 2159 3891 2230; baseline 0.002 -20"><span class='ocrx_word' id='word_1_536' title='bbox 2356 2159 2600 2211; x_wconf 68' lang='lat' dir='ltr'><strong>scientia:</strong></span> <span class='ocrx_word' id='word_1_537' title='bbox 2641 2160 2764 2212; x_wconf 92' lang='lat' dir='ltr'><strong>boni</strong></span> <span class='ocrx_word' id='word_1_538' title='bbox 2795 2168 2847 2213; x_wconf 86' lang='lat' dir='ltr'><strong>et</strong></span> <span class='ocrx_word' id='word_1_539' title='bbox 2884 2161 3008 2213; x_wconf 88' lang='lat' dir='ltr'><strong>mali</strong></span> <span class='ocrx_word' id='word_1_540' title='bbox 3055 2162 3337 2230; x_wconf 80' lang='lat' dir='ltr'><strong>mysticam</strong></span> <span class='ocrx_word' id='word_1_541' title='bbox 3402 2178 3523 2216; x_wconf 88' lang='lat' dir='ltr'><strong>esse</strong></span> <span class='ocrx_word' id='word_1_542' title='bbox 3558 2165 3891 2229; x_wconf 82' lang='lat' dir='ltr'><strong>cognitionem</strong></span> 
     </span>
    </p>
   </div>
   <div class='ocr_carea' id='block_1_81' title="bbox 2353 2242 3890 2321">
    <p class='ocr_par' dir='ltr' id='par_1_81' title="bbox 2353 2242 3890 2321">
     <span class='ocr_line' id='line_1_81' title="bbox 2353 2242 3890 2321; baseline 0.001 -20"><span class='ocrx_word' id='word_1_543' title='bbox 2353 2254 2408 2301; x_wconf 89' lang='lat' dir='ltr'><strong>et</strong></span> <span class='ocrx_word' id='word_1_544' title='bbox 2460 2249 2861 2304; x_wconf 87' lang='lat' dir='ltr'><strong>meditationem</strong></span> <span class='ocrx_word' id='word_1_545' title='bbox 2894 2267 3014 2321; x_wconf 69' lang='lat' dir='ltr'><strong>quae</strong></span> <span class='ocrx_word' id='word_1_546' title='bbox 3045 2242 3192 2306; x_wconf 86' lang='lat' dir='ltr'><strong>circa</strong></span> <span class='ocrx_word' id='word_1_547' title='bbox 3241 2252 3405 2305; x_wconf 87' lang='lat' dir='ltr'><strong>Deum</strong></span> <span class='ocrx_word' id='word_1_548' title='bbox 3458 2269 3642 2307; x_wconf 87' lang='lat' dir='ltr'><strong>rerum</strong></span> <span class='ocrx_word' id='word_1_549' title='bbox 3677 2254 3890 2306; x_wconf 89' lang='lat' dir='ltr'><strong>omnium</strong></span> 
     </span>
    </p>
   </div>
   <div class='ocr_carea' id='block_1_82' title="bbox 2355 2341 3890 2410">
    <p class='ocr_par' dir='ltr' id='par_1_82' title="bbox 2355 2341 3890 2410">
     <span class='ocr_line' id='line_1_82' title="bbox 2355 2341 3890 2410; baseline 0.002 -18"><span class='ocrx_word' id='word_1_550' title='bbox 2355 2341 2689 2393; x_wconf 90' lang='lat' dir='ltr'><strong>conditorem</strong></span> <span class='ocrx_word' id='word_1_551' title='bbox 2722 2354 2969 2396; x_wconf 79' lang='lat' dir='ltr'><strong>versatur</strong></span> <span class='ocrx_word' id='word_1_552' title='bbox 2995 2360 3011 2410; x_wconf 89' lang='lat'><strong>;</strong></span> <span class='ocrx_word' id='word_1_553' title='bbox 3043 2342 3434 2410; x_wconf 82' lang='lat' dir='ltr'><strong>scientiamque</strong></span> <span class='ocrx_word' id='word_1_554' title='bbox 3466 2344 3620 2410; x_wconf 81' lang='lat' dir='ltr'><strong>boni,</strong></span> <span class='ocrx_word' id='word_1_555' title='bbox 3651 2361 3768 2398; x_wconf 89' lang='lat' dir='ltr'><strong>esse</strong></span> <span class='ocrx_word' id='word_1_556' title='bbox 3796 2359 3890 2397; x_wconf 85' lang='lat' dir='ltr'><strong>eam</strong></span> 
     </span>
    </p>
   </div>
   <div class='ocr_carea' id='block_1_83' title="bbox 2355 2432 3888 2502">
    <p class='ocr_par' dir='ltr' id='par_1_83' title="bbox 2355 2432 3888 2502">
     <span class='ocr_line' id='line_1_83' title="bbox 2355 2432 3888 2502; baseline 0.001 -16"><span class='ocrx_word' id='word_1_557' title='bbox 2355 2432 2716 2501; x_wconf 78' lang='lat' dir='ltr'><strong>cognitionem</strong></span> <span class='ocrx_word' id='word_1_558' title='bbox 2739 2449 2859 2500; x_wconf 86' lang='lat' dir='ltr'><strong>quae</strong></span> <span class='ocrx_word' id='word_1_559' title='bbox 2880 2449 3047 2487; x_wconf 88' lang='lat' dir='ltr'><strong>unum</strong></span> <span class='ocrx_word' id='word_1_560' title='bbox 3078 2437 3252 2488; x_wconf 81' lang='lat' dir='ltr'><strong>solum</strong></span> <span class='ocrx_word' id='word_1_561' title='bbox 3278 2434 3440 2487; x_wconf 86' lang='lat' dir='ltr'><strong>Deum</strong></span> <span class='ocrx_word' id='word_1_562' title='bbox 3474 2438 3730 2502; x_wconf 78' lang='lat' dir='ltr'><strong>agnoscit</strong></span> <span class='ocrx_word' id='word_1_563' title='bbox 3754 2447 3888 2500; x_wconf 80' lang='lat' dir='ltr'><strong>atque</strong></span> 
     </span>
    </p>
   </div>
   <div class='ocr_carea' id='block_1_84' title="bbox 2357 2517 3893 2595">
    <p class='ocr_par' dir='ltr' id='par_1_84' title="bbox 2357 2517 3893 2595">
     <span class='ocr_line' id='line_1_84' title="bbox 2357 2517 3893 2595; baseline 0 -19"><span class='ocrx_word' id='word_1_564' title='bbox 2357 2517 2642 2593; x_wconf 86' lang='lat' dir='ltr'><strong>proﬁtetur</strong></span> <span class='ocrx_word' id='word_1_565' title='bbox 2669 2539 2683 2588; x_wconf 89' lang='lat'>;</span> <span class='ocrx_word' id='word_1_566' title='bbox 2724 2523 2848 2577; x_wconf 89' lang='lat' dir='ltr'><strong>mali</strong></span> <span class='ocrx_word' id='word_1_567' title='bbox 2879 2540 3004 2578; x_wconf 87' lang='lat' dir='ltr'><strong>vero</strong></span> <span class='ocrx_word' id='word_1_568' title='bbox 3034 2540 3153 2593; x_wconf 74' lang='lat' dir='ltr'><strong>qua:</strong></span> <span class='ocrx_word' id='word_1_569' title='bbox 3191 2528 3388 2579; x_wconf 88' lang='lat' dir='ltr'><strong>multos</strong></span> <span class='ocrx_word' id='word_1_570' title='bbox 3434 2541 3551 2578; x_wconf 88' lang='lat' dir='ltr'><strong>esse</strong></span> <span class='ocrx_word' id='word_1_571' title='bbox 3582 2527 3717 2580; x_wconf 91' lang='lat' dir='ltr'><strong>deos</strong></span> <span class='ocrx_word' id='word_1_572' title='bbox 3752 2537 3893 2595; x_wconf 80' lang='lat' dir='ltr'><strong>putat,</strong></span> 
     </span>
    </p>
   </div>
   <div class='ocr_carea' id='block_1_85' title="bbox 2357 2616 3944 2688">
    <p class='ocr_par' dir='ltr' id='par_1_85' title="bbox 2357 2616 3944 2688">
     <span class='ocr_line' id='line_1_85' title="bbox 2357 2616 3944 2688; baseline 0.001 -20"><span class='ocrx_word' id='word_1_573' title='bbox 2357 2627 2518 2685; x_wconf 86' lang='lat' dir='ltr'><strong>atque</strong></span> <span class='ocrx_word' id='word_1_574' title='bbox 2539 2617 2636 2670; x_wconf 85' lang='lat' dir='ltr'><strong>hac</strong></span> <span class='ocrx_word' id='word_1_575' title='bbox 2655 2616 2920 2670; x_wconf 80' lang='lat' dir='ltr'><strong>Adamum</strong></span> <span class='ocrx_word' id='word_1_576' title='bbox 2939 2617 3209 2688; x_wconf 73' lang='lat' dir='ltr'><strong>Evamque</strong></span> <span class='ocrx_word' id='word_1_577' title='bbox 3229 2633 3322 2687; x_wconf 85' lang='lat' dir='ltr'><strong>per</strong></span> <span class='ocrx_word' id='word_1_578' title='bbox 3338 2618 3600 2672; x_wconf 71' lang='lat' dir='ltr'><strong>dauuoufs</strong></span> <span class='ocrx_word' id='word_1_579' title='bbox 3629 2620 3890 2672; x_wconf 87' lang='lat' dir='ltr'><strong>consilium</strong></span> <span class='ocrx_word' id='word_1_580' title='bbox 3940 2674 3944 2678; x_wconf 68' lang='grc'><strong><em>,</em></strong></span> 
     </span>
    </p>
   </div>
   <div class='ocr_carea' id='block_1_86' title="bbox 2355 2707 3894 2786">
    <p class='ocr_par' dir='ltr' id='par_1_86' title="bbox 2355 2707 3894 2786">
     <span class='ocr_line' id='line_1_86' title="bbox 2355 2707 3894 2786; baseline 0.001 -26"><span class='ocrx_word' id='word_1_581' title='bbox 2355 2707 2528 2772; x_wconf 83' lang='lat' dir='ltr'><strong>fuisse</strong></span> <span class='ocrx_word' id='word_1_582' title='bbox 2575 2707 2859 2763; x_wconf 90' lang='lat' dir='ltr'><strong>distentos.</strong></span> <span class='ocrx_word' id='word_1_583' title='bbox 2880 2765 2889 2782; x_wconf 36' lang='grc' dir='ltr'><em>ί</em></span> <span class='ocrx_word' id='word_1_584' title='bbox 2924 2711 3147 2780; x_wconf 75' lang='lat' dir='ltr'><strong>Insuper</strong></span> <span class='ocrx_word' id='word_1_585' title='bbox 3184 2711 3298 2764; x_wconf 68' lang='lat' dir='ltr'><strong>JlOC</strong></span> <span class='ocrx_word' id='word_1_586' title='bbox 3335 2753 3337 2755; x_wconf 90' lang='lat'><strong>.</strong></span> <span class='ocrx_word' id='word_1_587' title='bbox 3368 2725 3623 2786; x_wconf 33' lang='lat' dir='ltr'><strong>quoque;</strong></span> <span class='ocrx_word' id='word_1_588' title='bbox 3649 2713 3894 2778; x_wconf 71' lang='lat' dir='ltr'><strong>diciniqs,</strong></span> 
     </span>
    </p>
   </div>
   <div class='ocr_carea' id='block_1_87' title="bbox 2355 2791 3896 2876">
    <p class='ocr_par' dir='ltr' id='par_1_87' title="bbox 2355 2791 3896 2876">
     <span class='ocr_line' id='line_1_87' title="bbox 2355 2791 3896 2876; baseline 0 -22"><span class='ocrx_word' id='word_1_589' title='bbox 2355 2812 2474 2864; x_wconf 80' lang='lat' dir='ltr'><strong>eam</strong></span> <span class='ocrx_word' id='word_1_590' title='bbox 2541 2799 3046 2853; x_wconf 87' lang='lat' dir='ltr'><strong>commentationem</strong></span> <span class='ocrx_word' id='word_1_591' title='bbox 3097 2815 3193 2869; x_wconf 88' lang='lat' dir='ltr'><strong>pro</strong></span> <span class='ocrx_word' id='word_1_592' title='bbox 3245 2801 3315 2855; x_wconf 84' lang='lat' dir='ltr'><strong>iis</strong></span> <span class='ocrx_word' id='word_1_593' title='bbox 3368 2791 3713 2875; x_wconf 27' lang='lat' dir='ltr'><strong>qui‘pzollent</strong></span> <span class='ocrx_word' id='word_1_594' title='bbox 3756 2813 3896 2876; x_wconf 65' lang='lat' dir='ltr'><strong>atque</strong></span> 
     </span>
    </p>
   </div>
   <div class='ocr_carea' id='block_1_88' title="bbox 2355 2890 3893 2960">
    <p class='ocr_par' dir='ltr' id='par_1_88' title="bbox 2355 2890 3893 2960">
     <span class='ocr_line' id='line_1_88' title="bbox 2355 2890 3893 2960; baseline -0.001 -15"><span class='ocrx_word' id='word_1_595' title='bbox 2355 2890 2639 2945; x_wconf 84' lang='lat' dir='ltr'><strong>exercitati</strong></span> <span class='ocrx_word' id='word_1_596' title='bbox 2715 2901 2840 2944; x_wconf 92' lang='lat' dir='ltr'><strong>sunt</strong></span> <span class='ocrx_word' id='word_1_597' title='bbox 2899 2891 3249 2946; x_wconf 88' lang='lat' dir='ltr'><strong>meditatione</strong></span> <span class='ocrx_word' id='word_1_598' title='bbox 3295 2907 3492 2960; x_wconf 86' lang='lat' dir='ltr'><strong>rerum</strong></span> <span class='ocrx_word' id='word_1_599' title='bbox 3549 2894 3893 2951; x_wconf 86' lang='lat' dir='ltr'><strong>divinarum,</strong></span> 
     </span>
    </p>
   </div>
   <div class='ocr_carea' id='block_1_89' title="bbox 2357 2980 3896 3058">
    <p class='ocr_par' dir='ltr' id='par_1_89' title="bbox 2357 2980 3896 3058">
     <span class='ocr_line' id='line_1_89' title="bbox 2357 2980 3896 3058; baseline -0.001 -24"><span class='ocrx_word' id='word_1_600' title='bbox 2357 2982 2642 3036; x_wconf 88' lang='lat' dir='ltr'><strong>scientiam</strong></span> <span class='ocrx_word' id='word_1_601' title='bbox 2688 2980 2816 3035; x_wconf 78' lang='lat' dir='ltr'><strong>boai</strong></span> <span class='ocrx_word' id='word_1_602' title='bbox 2860 2991 2914 3035; x_wconf 91' lang='lat' dir='ltr'><strong>et</strong></span> <span class='ocrx_word' id='word_1_603' title='bbox 2957 2984 3140 3034; x_wconf 78' lang='lat' dir='ltr'><strong>vocari</strong></span> <span class='ocrx_word' id='word_1_604' title='bbox 3167 2991 3219 3036; x_wconf 89' lang='lat' dir='ltr'><strong>et</strong></span> <span class='ocrx_word' id='word_1_605' title='bbox 3250 2998 3392 3058; x_wconf 73' lang='lat' dir='ltr'><strong>esse,</strong></span> <span class='ocrx_word' id='word_1_606' title='bbox 3420 2998 3515 3051; x_wconf 87' lang='lat' dir='ltr'><strong>pro</strong></span> <span class='ocrx_word' id='word_1_607' title='bbox 3568 2985 3640 3058; x_wconf 82' lang='lat' dir='ltr'><strong>iis</strong></span> <span class='ocrx_word' id='word_1_608' title='bbox 3674 2999 3796 3038; x_wconf 86' lang='lat' dir='ltr'><strong>vero</strong></span> <span class='ocrx_word' id='word_1_609' title='bbox 3824 2984 3896 3052; x_wconf 88' lang='lat' dir='ltr'><strong>qui</strong></span> 
     </span>
    </p>
   </div>
   <div class='ocr_carea' id='block_1_90' title="bbox 2356 3069 3896 3140">
    <p class='ocr_par' dir='ltr' id='par_1_90' title="bbox 2356 3069 3896 3140">
     <span class='ocr_line' id='line_1_90' title="bbox 2356 3069 3896 3140; baseline 0 -16"><span class='ocrx_word' id='word_1_610' title='bbox 2356 3084 2531 3139; x_wconf 90' lang='lat' dir='ltr'><strong>neque</strong></span> <span class='ocrx_word' id='word_1_611' title='bbox 2568 3069 2701 3124; x_wconf 87' lang='lat' dir='ltr'><strong>satis</strong></span> <span class='ocrx_word' id='word_1_612' title='bbox 2751 3069 2886 3123; x_wconf 85' lang='lat' dir='ltr'><strong>firmi</strong></span> <span class='ocrx_word' id='word_1_613' title='bbox 2926 3081 3057 3124; x_wconf 89' lang='lat' dir='ltr'><strong>sunt</strong></span> <span class='ocrx_word' id='word_1_614' title='bbox 3091 3086 3261 3140; x_wconf 84' lang='lat' dir='ltr'><strong>neque</strong></span> <span class='ocrx_word' id='word_1_615' title='bbox 3313 3073 3613 3136; x_wconf 77' lang='lat' dir='ltr'><strong>exercitati,</strong></span> <span class='ocrx_word' id='word_1_616' title='bbox 3644 3084 3701 3128; x_wconf 87' lang='lat' dir='ltr'><strong>et</strong></span> <span class='ocrx_word' id='word_1_617' title='bbox 3741 3085 3896 3126; x_wconf 83' lang='lat' dir='ltr'><strong>tamen</strong></span> 
     </span>
    </p>
   </div>
   <div class='ocr_carea' id='block_1_91' title="bbox 2361 3160 3898 3232">
    <p class='ocr_par' dir='ltr' id='par_1_91' title="bbox 2361 3160 3898 3232">
     <span class='ocr_line' id='line_1_91' title="bbox 2361 3160 3898 3232; baseline 0.001 -19"><span class='ocrx_word' id='word_1_618' title='bbox 2361 3161 2560 3215; x_wconf 92' lang='lat' dir='ltr'><strong>audent</strong></span> <span class='ocrx_word' id='word_1_619' title='bbox 2589 3161 2653 3215; x_wconf 83' lang='lat' dir='ltr'><strong>de</strong></span> <span class='ocrx_word' id='word_1_620' title='bbox 2678 3160 2784 3214; x_wconf 90' lang='lat' dir='ltr'><strong>Deo</strong></span> <span class='ocrx_word' id='word_1_621' title='bbox 2805 3161 2965 3215; x_wconf 90' lang='lat' dir='ltr'><strong>altius</strong></span> <span class='ocrx_word' id='word_1_622' title='bbox 2995 3161 3368 3226; x_wconf 86' lang='lat' dir='ltr'><strong>commentari,</strong></span> <span class='ocrx_word' id='word_1_623' title='bbox 3401 3163 3776 3232; x_wconf 88' lang='lat' dir='ltr'><strong>appellandam</strong></span> <span class='ocrx_word' id='word_1_624' title='bbox 3805 3177 3898 3217; x_wconf 79' lang='lat' dir='ltr'><strong>esse</strong></span> 
     </span>
    </p>
   </div>
   <div class='ocr_carea' id='block_1_92' title="bbox 2357 3252 2818 3308">
    <p class='ocr_par' dir='ltr' id='par_1_92' title="bbox 2357 3252 2818 3308">
     <span class='ocr_line' id='line_1_92' title="bbox 2357 3252 2818 3308; baseline 0.002 -2"><span class='ocrx_word' id='word_1_625' title='bbox 2357 3252 2635 3306; x_wconf 81' lang='lat' dir='ltr'><strong>scientiam</strong></span> <span class='ocrx_word' id='word_1_626' title='bbox 2671 3253 2818 3308; x_wconf 85' lang='lat' dir='ltr'><strong>mali.</strong></span> 
     </span>
    </p>
   </div>
   <div class='ocr_carea' id='block_1_93' title="bbox 2976 3345 3331 3400">
    <p class='ocr_par' dir='ltr' id='par_1_93' title="bbox 2976 3345 3331 3400">
     <span class='ocr_line' id='line_1_93' title="bbox 2976 3345 3331 3400; baseline -0.003 -1"><span class='ocrx_word' id='word_1_627' title='bbox 2976 3345 3201 3399; x_wconf 81' lang='lat' dir='ltr'><strong>CAPUT</strong></span> <span class='ocrx_word' id='word_1_628' title='bbox 3248 3345 3331 3400; x_wconf 80' lang='lat' dir='ltr'><strong>Vl.</strong></span> 
     </span>
    </p>
   </div>
   <div class='ocr_carea' id='block_1_94' title="bbox 2429 3434 3900 3505">
    <p class='ocr_par' dir='ltr' id='par_1_94' title="bbox 2429 3434 3900 3505">
     <span class='ocr_line' id='line_1_94' title="bbox 2429 3434 3900 3505; baseline -0.001 -17"><span class='ocrx_word' id='word_1_629' title='bbox 2429 3434 2509 3488; x_wconf 84' lang='lat' dir='ltr'><strong>De</strong></span> <span class='ocrx_word' id='word_1_630' title='bbox 2553 3435 2738 3489; x_wconf 79' lang='lat' dir='ltr'><strong>arbore</strong></span> <span class='ocrx_word' id='word_1_631' title='bbox 2792 3436 2911 3491; x_wconf 71' lang='lat' dir='ltr'><strong>vitaz</strong></span> <span class='ocrx_word' id='word_1_632' title='bbox 2963 3438 3201 3505; x_wconf 80' lang='lat' dir='ltr'><strong>mystica.</strong></span> <span class='ocrx_word' id='word_1_633' title='bbox 3231 3466 3297 3474; x_wconf 89' lang='lat'><strong><em>—</em></strong></span> <span class='ocrx_word' id='word_1_634' title='bbox 3325 3434 3461 3490; x_wconf 90' lang='lat' dir='ltr'><strong>Sunt</strong></span> <span class='ocrx_word' id='word_1_635' title='bbox 3497 3435 3638 3489; x_wconf 90' lang='lat' dir='ltr'><strong>inter</strong></span> <span class='ocrx_word' id='word_1_636' title='bbox 3677 3437 3900 3490; x_wconf 81' lang='lat' dir='ltr'><strong>doctores</strong></span> 
     </span>
    </p>
   </div>
   <div class='ocr_carea' id='block_1_95' title="bbox 2356 3525 3902 3596">
    <p class='ocr_par' dir='ltr' id='par_1_95' title="bbox 2356 3525 3902 3596">
     <span class='ocr_line' id='line_1_95' title="bbox 2356 3525 3902 3596; baseline -0.002 -16"><span class='ocrx_word' id='word_1_637' title='bbox 2356 3525 2633 3592; x_wconf 70' lang='lat' dir='ltr'><strong>Ecclesiae,</strong></span> <span class='ocrx_word' id='word_1_638' title='bbox 2669 3527 2761 3596; x_wconf 92' lang='lat' dir='ltr'><strong>qui</strong></span> <span class='ocrx_word' id='word_1_639' title='bbox 2831 3528 3079 3581; x_wconf 86' lang='lat' dir='ltr'><strong>arborem</strong></span> <span class='ocrx_word' id='word_1_640' title='bbox 3129 3529 3248 3581; x_wconf 74' lang='lat' dir='ltr'><strong>vita:</strong></span> <span class='ocrx_word' id='word_1_641' title='bbox 3304 3530 3526 3596; x_wconf 87' lang='lat' dir='ltr'><strong>mystice</strong></span> <span class='ocrx_word' id='word_1_642' title='bbox 3571 3528 3760 3581; x_wconf 86' lang='lat' dir='ltr'><strong>dicant</strong></span> <span class='ocrx_word' id='word_1_643' title='bbox 3806 3538 3902 3578; x_wconf 81' lang='lat' dir='ltr'><strong>esse</strong></span> 
     </span>
    </p>
   </div>
   <div class='ocr_carea' id='block_1_96' title="bbox 2359 3616 3900 3686">
    <p class='ocr_par' dir='ltr' id='par_1_96' title="bbox 2359 3616 3900 3686">
     <span class='ocr_line' id='line_1_96' title="bbox 2359 3616 3900 3686; baseline -0.003 -16"><span class='ocrx_word' id='word_1_644' title='bbox 2359 3616 2610 3670; x_wconf 79' lang='lat' dir='ltr'><strong>humana:</strong></span> <span class='ocrx_word' id='word_1_645' title='bbox 2648 3619 2842 3672; x_wconf 89' lang='lat' dir='ltr'><strong>mentis</strong></span> <span class='ocrx_word' id='word_1_646' title='bbox 2873 3621 3280 3686; x_wconf 85' lang='lat' dir='ltr'><strong>proprietatem,</strong></span> <span class='ocrx_word' id='word_1_647' title='bbox 3308 3633 3428 3685; x_wconf 69' lang='lat' dir='ltr'><strong>quas</strong></span> <span class='ocrx_word' id='word_1_648' title='bbox 3457 3631 3577 3670; x_wconf 81' lang='lat' dir='ltr'><strong>cum</strong></span> <span class='ocrx_word' id='word_1_649' title='bbox 3611 3617 3682 3671; x_wconf 87' lang='lat' dir='ltr'><strong>iis</strong></span> <span class='ocrx_word' id='word_1_650' title='bbox 3720 3617 3900 3684; x_wconf 79' lang='lat' dir='ltr'><strong>cogita-</strong></span> 
     </span>
    </p>
   </div>
   <div class='ocr_carea' id='block_1_97' title="bbox 2359 3707 3901 3780">
    <p class='ocr_par' dir='ltr' id='par_1_97' title="bbox 2359 3707 3901 3780">
     <span class='ocr_line' id='line_1_97' title="bbox 2359 3707 3901 3780; baseline -0.003 -18"><span class='ocrx_word' id='word_1_651' title='bbox 2359 3709 2599 3762; x_wconf 89' lang='lat' dir='ltr'><strong>tionibus</strong></span> <span class='ocrx_word' id='word_1_652' title='bbox 2633 3718 2750 3777; x_wconf 59' lang='grc' dir='ltr'><strong>ρυλε</strong></span> <span class='ocrx_word' id='word_1_653' title='bbox 2783 3709 2924 3762; x_wconf 89' lang='lat' dir='ltr'><strong>circa</strong></span> <span class='ocrx_word' id='word_1_654' title='bbox 2959 3725 3122 3780; x_wconf 77' lang='lat' dir='ltr'><strong>unum</strong></span> <span class='ocrx_word' id='word_1_655' title='bbox 3159 3723 3317 3762; x_wconf 86' lang='lat' dir='ltr'><strong>suum</strong></span> <span class='ocrx_word' id='word_1_656' title='bbox 3349 3707 3663 3761; x_wconf 65' lang='lat' dir='ltr'><strong>eﬂ‘ectorem</strong></span> <span class='ocrx_word' id='word_1_657' title='bbox 3699 3723 3901 3761; x_wconf 81' lang='lat' dir='ltr'><strong>versan-</strong></span> 
     </span>
    </p>
   </div>
   <div class='ocr_carea' id='block_1_98' title="bbox 2358 3799 3904 3869">
    <p class='ocr_par' dir='ltr' id='par_1_98' title="bbox 2358 3799 3904 3869">
     <span class='ocr_line' id='line_1_98' title="bbox 2358 3799 3904 3869; baseline -0.002 -18"><span class='ocrx_word' id='word_1_658' title='bbox 2358 3810 2470 3864; x_wconf 86' lang='lat' dir='ltr'><strong>tur,</strong></span> <span class='ocrx_word' id='word_1_659' title='bbox 2513 3799 2732 3868; x_wconf 87' lang='lat' dir='ltr'><strong>alligata</strong></span> <span class='ocrx_word' id='word_1_660' title='bbox 2761 3809 2863 3863; x_wconf 89' lang='lat' dir='ltr'><strong>est,</strong></span> <span class='ocrx_word' id='word_1_661' title='bbox 2901 3815 3073 3869; x_wconf 89' lang='lat' dir='ltr'><strong>neque</strong></span> <span class='ocrx_word' id='word_1_662' title='bbox 3097 3800 3228 3853; x_wconf 79' lang='lat' dir='ltr'><strong>&#39;liuc</strong></span> <span class='ocrx_word' id='word_1_663' title='bbox 3264 3800 3389 3852; x_wconf 91' lang='lat' dir='ltr'><strong>illuc</strong></span> <span class='ocrx_word' id='word_1_664' title='bbox 3417 3800 3803 3867; x_wconf 82' lang='lat' dir='ltr'><strong>circumagitur</strong></span> <span class='ocrx_word' id='word_1_665' title='bbox 3829 3809 3904 3850; x_wconf 75' lang='lat' dir='ltr'><strong>aut</strong></span> 
     </span>
    </p>
   </div>
   <div class='ocr_carea' id='block_1_99' title="bbox 2359 3890 3903 3960">
    <p class='ocr_par' dir='ltr' id='par_1_99' title="bbox 2359 3890 3903 3960">
     <span class='ocr_line' id='line_1_99' title="bbox 2359 3890 3903 3960; baseline -0.002 -17"><span class='ocrx_word' id='word_1_666' title='bbox 2359 3896 2412 3945; x_wconf 91' lang='lat' dir='ltr'><strong>in</strong></span> <span class='ocrx_word' id='word_1_667' title='bbox 2443 3891 2577 3946; x_wconf 86' lang='lat' dir='ltr'><strong>alias</strong></span> <span class='ocrx_word' id='word_1_668' title='bbox 2616 3907 2705 3945; x_wconf 88' lang='lat' dir='ltr'><strong>res</strong></span> <span class='ocrx_word' id='word_1_669' title='bbox 2735 3895 2983 3960; x_wconf 89' lang='lat' dir='ltr'><strong>requirit,</strong></span> <span class='ocrx_word' id='word_1_670' title='bbox 3029 3901 3388 3960; x_wconf 67' lang='lat' dir='ltr'><strong>praeterquam</strong></span> <span class='ocrx_word' id='word_1_671' title='bbox 3419 3892 3472 3945; x_wconf 88' lang='lat' dir='ltr'><strong>in</strong></span> <span class='ocrx_word' id='word_1_672' title='bbox 3511 3891 3692 3946; x_wconf 88' lang='lat' dir='ltr'><strong>solum</strong></span> <span class='ocrx_word' id='word_1_673' title='bbox 3723 3890 3903 3945; x_wconf 75' lang='lat' dir='ltr'><strong>Condi-</strong></span> 
     </span>
    </p>
   </div>
   <div class='ocr_carea' id='block_1_100' title="bbox 2359 3982 3902 4051">
    <p class='ocr_par' dir='ltr' id='par_1_100' title="bbox 2359 3982 3902 4051">
     <span class='ocr_line' id='line_1_100' title="bbox 2359 3982 3902 4051; baseline -0.002 -17"><span class='ocrx_word' id='word_1_674' title='bbox 2359 3991 2534 4036; x_wconf 89' lang='lat' dir='ltr'><strong>torem</strong></span> <span class='ocrx_word' id='word_1_675' title='bbox 2605 3997 2809 4046; x_wconf 78' lang='lat' dir='ltr'><strong>suum,</strong></span> <span class='ocrx_word' id='word_1_676' title='bbox 2868 3983 3007 4036; x_wconf 90' lang='lat' dir='ltr'><strong>sicut</strong></span> <span class='ocrx_word' id='word_1_677' title='bbox 3039 3984 3197 4034; x_wconf 87' lang='lat' dir='ltr'><strong>etiam</strong></span> <span class='ocrx_word' id='word_1_678' title='bbox 3263 3984 3433 4038; x_wconf 87' lang='lat' dir='ltr'><strong>sancti</strong></span> <span class='ocrx_word' id='word_1_679' title='bbox 3497 3984 3674 4051; x_wconf 83' lang='lat' dir='ltr'><strong>angeli</strong></span> <span class='ocrx_word' id='word_1_680' title='bbox 3754 3982 3902 4036; x_wconf 82' lang='lat' dir='ltr'><strong>solius</strong></span> 
     </span>
    </p>
   </div>
   <div class='ocr_carea' id='block_1_101' title="bbox 2355 4072 3899 4128">
    <p class='ocr_par' dir='ltr' id='par_1_101' title="bbox 2355 4072 3899 4128">
     <span class='ocr_line' id='line_1_101' title="bbox 2355 4072 3899 4128; baseline -0.004 0"><span class='ocrx_word' id='word_1_681' title='bbox 2355 4073 2629 4128; x_wconf 88' lang='lat' dir='ltr'><strong>Creatoris</strong></span> <span class='ocrx_word' id='word_1_682' title='bbox 2667 4075 2752 4125; x_wconf 81' lang='lat' dir='ltr'><strong>sui</strong></span> <span class='ocrx_word' id='word_1_683' title='bbox 2815 4072 3256 4126; x_wconf 89' lang='lat' dir='ltr'><strong>meditationibus</strong></span> <span class='ocrx_word' id='word_1_684' title='bbox 3298 4073 3650 4127; x_wconf 87' lang='lat' dir='ltr'><strong>distinentur.</strong></span> <span class='ocrx_word' id='word_1_685' title='bbox 3712 4073 3899 4126; x_wconf 78' lang='lat' dir='ltr'><strong>Horum</strong></span> 
     </span>
    </p>
   </div>
   <div class='ocr_carea' id='block_1_102' title="bbox 2357 4163 3902 4231">
    <p class='ocr_par' dir='ltr' id='par_1_102' title="bbox 2357 4163 3902 4231">
     <span class='ocr_line' id='line_1_102' title="bbox 2357 4163 3902 4231; baseline -0.003 -14"><span class='ocrx_word' id='word_1_686' title='bbox 2357 4165 2624 4218; x_wconf 83' lang='lat' dir='ltr'><strong>sententia</strong></span> <span class='ocrx_word' id='word_1_687' title='bbox 2655 4171 2758 4223; x_wconf 77' lang='lat' dir='ltr'><strong>est,</strong></span> <span class='ocrx_word' id='word_1_688' title='bbox 2801 4163 3088 4225; x_wconf 76' lang='lat' dir='ltr'><strong>Adamuin,</strong></span> <span class='ocrx_word' id='word_1_689' title='bbox 3137 4164 3298 4217; x_wconf 85' lang='lat' dir='ltr'><strong>simul</strong></span> <span class='ocrx_word' id='word_1_690' title='bbox 3330 4174 3490 4231; x_wconf 90' lang='lat' dir='ltr'><strong>atque</strong></span> <span class='ocrx_word' id='word_1_691' title='bbox 3523 4173 3902 4218; x_wconf 63' lang='lat' dir='ltr'><strong>creatuscssi-t</strong></span> 
     </span>
    </p>
   </div>
   <div class='ocr_carea' id='block_1_103' title="bbox 2358 4252 3899 4322">
    <p class='ocr_par' dir='ltr' id='par_1_103' title="bbox 2358 4252 3899 4322">
     <span class='ocr_line' id='line_1_103' title="bbox 2358 4252 3899 4322; baseline -0.001 -17"><span class='ocrx_word' id='word_1_692' title='bbox 2358 4252 2651 4321; x_wconf 76' lang='lat' dir='ltr'><strong>natumque</strong></span> <span class='ocrx_word' id='word_1_693' title='bbox 2680 4253 2990 4306; x_wconf 84' lang='lat' dir='ltr'><strong>Conditoris</strong></span> <span class='ocrx_word' id='word_1_694' title='bbox 3018 4255 3102 4307; x_wconf 89' lang='lat' dir='ltr'><strong>sui</strong></span> <span class='ocrx_word' id='word_1_695' title='bbox 3131 4255 3429 4322; x_wconf 79' lang='lat' dir='ltr'><strong>exccpisset</strong></span> <span class='ocrx_word' id='word_1_696' title='bbox 3451 4294 3466 4315; x_wconf 86' lang='lat'><strong>,</strong></span> <span class='ocrx_word' id='word_1_697' title='bbox 3499 4256 3563 4307; x_wconf 89' lang='lat' dir='ltr'><strong>ad</strong></span> <span class='ocrx_word' id='word_1_698' title='bbox 3598 4253 3770 4308; x_wconf 89' lang='lat' dir='ltr'><strong>Deum</strong></span> <span class='ocrx_word' id='word_1_699' title='bbox 3801 4254 3899 4321; x_wconf 84' lang='lat' dir='ltr'><strong>rapi</strong></span> 
     </span>
    </p>
   </div>
   <div class='ocr_carea' id='block_1_104' title="bbox 2357 4344 3896 4416">
    <p class='ocr_par' dir='ltr' id='par_1_104' title="bbox 2357 4344 3896 4416">
     <span class='ocr_line' id='line_1_104' title="bbox 2357 4344 3896 4416; baseline -0.005 -14"><span class='ocrx_word' id='word_1_700' title='bbox 2357 4348 2595 4416; x_wconf 71' lang='lat' dir='ltr'><strong>cmpisse</strong></span> <span class='ocrx_word' id='word_1_701' title='bbox 2627 4363 2656 4400; x_wconf 92' lang='lat' dir='ltr'><strong>a</strong></span> <span class='ocrx_word' id='word_1_702' title='bbox 2688 4362 2798 4414; x_wconf 90' lang='lat' dir='ltr'><strong>quo</strong></span> <span class='ocrx_word' id='word_1_703' title='bbox 2847 4346 3069 4400; x_wconf 70' lang='lat' dir='ltr'><strong>etiectus</strong></span> <span class='ocrx_word' id='word_1_704' title='bbox 3111 4344 3303 4408; x_wconf 87' lang='lat' dir='ltr'><strong>fuerat,</strong></span> <span class='ocrx_word' id='word_1_705' title='bbox 3346 4356 3507 4413; x_wconf 85' lang='lat' dir='ltr'><strong>atque</strong></span> <span class='ocrx_word' id='word_1_706' title='bbox 3558 4347 3610 4400; x_wconf 94' lang='lat' dir='ltr'><strong>in</strong></span> <span class='ocrx_word' id='word_1_707' title='bbox 3667 4348 3765 4400; x_wconf 86' lang='lat' dir='ltr'><strong>liac</strong></span> <span class='ocrx_word' id='word_1_708' title='bbox 3812 4359 3896 4397; x_wconf 84' lang='lat' dir='ltr'><strong>una</strong></span> 
     </span>
    </p>
   </div>
   <div class='ocr_carea' id='block_1_105' title="bbox 2361 4433 3897 4505">
    <p class='ocr_par' dir='ltr' id='par_1_105' title="bbox 2361 4433 3897 4505">
     <span class='ocr_line' id='line_1_105' title="bbox 2361 4433 3897 4505; baseline -0.005 -13"><span class='ocrx_word' id='word_1_709' title='bbox 2361 4438 2816 4505; x_wconf 86' lang='lat' dir='ltr'><strong>contemplatione</strong></span> <span class='ocrx_word' id='word_1_710' title='bbox 2873 4448 3041 4490; x_wconf 88' lang='lat' dir='ltr'><strong>totum</strong></span> <span class='ocrx_word' id='word_1_711' title='bbox 3102 4435 3273 4490; x_wconf 84' lang='lat' dir='ltr'><strong>fuisse</strong></span> <span class='ocrx_word' id='word_1_712' title='bbox 3320 4439 3694 4503; x_wconf 86' lang='lat' dir='ltr'><strong>mansisseque</strong></span> <span class='ocrx_word' id='word_1_713' title='bbox 3754 4433 3897 4490; x_wconf 76' lang='lat' dir='ltr'><strong>bonis</strong></span> 
     </span>
    </p>
   </div>
   <div class='ocr_carea' id='block_1_106' title="bbox 2358 4613 3898 4687">
    <p class='ocr_par' dir='ltr' id='par_1_106' title="bbox 2358 4613 3898 4687">
     <span class='ocr_line' id='line_1_106' title="bbox 2358 4613 3898 4687; baseline -0.006 -15"><span class='ocrx_word' id='word_1_714' title='bbox 2358 4621 2679 4687; x_wconf 88' lang='lat' dir='ltr'><strong>imperatam</strong></span> <span class='ocrx_word' id='word_1_715' title='bbox 2732 4617 3050 4681; x_wconf 88' lang='lat' dir='ltr'><strong>transiliret,</strong></span> <span class='ocrx_word' id='word_1_716' title='bbox 3107 4618 3182 4668; x_wconf 89' lang='lat' dir='ltr'><strong>ita</strong></span> <span class='ocrx_word' id='word_1_717' title='bbox 3237 4624 3294 4666; x_wconf 89' lang='lat' dir='ltr'><strong>ut</strong></span> <span class='ocrx_word' id='word_1_718' title='bbox 3345 4615 3546 4669; x_wconf 89' lang='lat' dir='ltr'><strong>interea</strong></span> <span class='ocrx_word' id='word_1_719' title='bbox 3600 4616 3801 4671; x_wconf 87' lang='lat' dir='ltr'><strong>nullam</strong></span> <span class='ocrx_word' id='word_1_720' title='bbox 3845 4613 3898 4664; x_wconf 86' lang='lat' dir='ltr'><strong>de</strong></span> 
     </span>
    </p>
   </div>
   <div class='ocr_carea' id='block_1_107' title="bbox 2361 4706 3899 4778">
    <p class='ocr_par' dir='ltr' id='par_1_107' title="bbox 2361 4706 3899 4778">
     <span class='ocr_line' id='line_1_107' title="bbox 2361 4706 3899 4778; baseline -0.007 -14"><span class='ocrx_word' id='word_1_721' title='bbox 2361 4710 2523 4764; x_wconf 85' lang='lat' dir='ltr'><strong>rebus</strong></span> <span class='ocrx_word' id='word_1_722' title='bbox 2557 4709 2678 4761; x_wconf 89' lang='lat' dir='ltr'><strong>aliis</strong></span> <span class='ocrx_word' id='word_1_723' title='bbox 2715 4709 3097 4776; x_wconf 84' lang='lat' dir='ltr'><strong>cegitatiouem</strong></span> <span class='ocrx_word' id='word_1_724' title='bbox 3142 4720 3263 4759; x_wconf 90' lang='lat' dir='ltr'><strong>cum</strong></span> <span class='ocrx_word' id='word_1_725' title='bbox 3295 4706 3383 4759; x_wconf 89' lang='lat' dir='ltr'><strong>illa</strong></span> <span class='ocrx_word' id='word_1_726' title='bbox 3418 4706 3716 4778; x_wconf 85' lang='lat' dir='ltr'><strong>miscuerit.</strong></span> <span class='ocrx_word' id='word_1_727' title='bbox 3755 4706 3899 4773; x_wconf 83' lang='lat' dir='ltr'><strong>Igitur</strong></span> 
     </span>
    </p>
   </div>
   <div class='ocr_carea' id='block_1_108' title="bbox 2356 4793 3897 4875">
    <p class='ocr_par' dir='ltr' id='par_1_108' title="bbox 2356 4793 3897 4875">
     <span class='ocr_line' id='line_1_108' title="bbox 2356 4793 3897 4875; baseline -0.004 -22"><span class='ocrx_word' id='word_1_728' title='bbox 2356 4800 2410 4853; x_wconf 90' lang='lat' dir='ltr'><strong>bi</strong></span> <span class='ocrx_word' id='word_1_729' title='bbox 2443 4798 2852 4853; x_wconf 88' lang='lat' dir='ltr'><strong>meditationem</strong></span> <span class='ocrx_word' id='word_1_730' title='bbox 2903 4813 3018 4850; x_wconf 87' lang='lat' dir='ltr'><strong>eam</strong></span> <span class='ocrx_word' id='word_1_731' title='bbox 3067 4797 3266 4851; x_wconf 76' lang='lat' dir='ltr'><strong>illentis</strong></span> <span class='ocrx_word' id='word_1_732' title='bbox 3295 4811 3414 4866; x_wconf 63' lang='lat' dir='ltr'><strong>quas</strong></span> <span class='ocrx_word' id='word_1_733' title='bbox 3453 4797 3517 4850; x_wconf 89' lang='lat' dir='ltr'><strong>de</strong></span> <span class='ocrx_word' id='word_1_734' title='bbox 3545 4811 3652 4852; x_wconf 92' lang='lat' dir='ltr'><strong>uno</strong></span> <span class='ocrx_word' id='word_1_735' title='bbox 3688 4810 3784 4875; x_wconf 87' lang='lat' dir='ltr'><strong>suo</strong></span> <span class='ocrx_word' id='word_1_736' title='bbox 3813 4793 3897 4847; x_wconf 81' lang='lat' dir='ltr'><strong>Pa-</strong></span> 
     </span>
    </p>
   </div>
   <div class='ocr_carea' id='block_1_109' title="bbox 2349 4888 3892 4958">
    <p class='ocr_par' dir='ltr' id='par_1_109' title="bbox 2349 4888 3892 4958">
     <span class='ocr_line' id='line_1_109' title="bbox 2349 4888 3892 4958; baseline -0.006 -13"><span class='ocrx_word' id='word_1_737' title='bbox 2349 4901 2504 4945; x_wconf 89' lang='lat' dir='ltr'><strong>rente</strong></span> <span class='ocrx_word' id='word_1_738' title='bbox 2551 4891 2658 4943; x_wconf 86' lang='lat' dir='ltr'><strong>Deo</strong></span> <span class='ocrx_word' id='word_1_739' title='bbox 2685 4890 2940 4957; x_wconf 78' lang='lat' dir='ltr'><strong>agitatur,</strong></span> <span class='ocrx_word' id='word_1_740' title='bbox 3001 4890 3381 4958; x_wconf 88' lang='lat' dir='ltr'><strong>proprietatem</strong></span> <span class='ocrx_word' id='word_1_741' title='bbox 3443 4888 3638 4941; x_wconf 90' lang='lat' dir='ltr'><strong>mentis</strong></span> <span class='ocrx_word' id='word_1_742' title='bbox 3693 4894 3892 4941; x_wconf 84' lang='lat' dir='ltr'><strong>vocant.</strong></span> 
     </span>
    </p>
   </div>
   <div class='ocr_carea' id='block_1_110' title="bbox 2354 4980 3892 5051">
    <p class='ocr_par' dir='ltr' id='par_1_110' title="bbox 2354 4980 3892 5051">
     <span class='ocr_line' id='line_1_110' title="bbox 2354 4980 3892 5051; baseline -0.007 -13"><span class='ocrx_word' id='word_1_743' title='bbox 2354 4985 2449 5038; x_wconf 86' lang='lat' dir='ltr'><strong>Est</strong></span> <span class='ocrx_word' id='word_1_744' title='bbox 2496 4985 2678 5051; x_wconf 87' lang='lat' dir='ltr'><strong>itaque</strong></span> <span class='ocrx_word' id='word_1_745' title='bbox 2712 4981 2794 5034; x_wconf 84' lang='lat' dir='ltr'><strong>liis</strong></span> <span class='ocrx_word' id='word_1_746' title='bbox 2829 4981 2991 5035; x_wconf 91' lang='lat' dir='ltr'><strong>arbor</strong></span> <span class='ocrx_word' id='word_1_747' title='bbox 3022 4983 3142 5035; x_wconf 79' lang='lat' dir='ltr'><strong>vitae</strong></span> <span class='ocrx_word' id='word_1_748' title='bbox 3173 4981 3425 5045; x_wconf 90' lang='lat' dir='ltr'><strong>mvstica,</strong></span> <span class='ocrx_word' id='word_1_749' title='bbox 3473 4993 3625 5034; x_wconf 85' lang='lat' dir='ltr'><strong>sacer</strong></span> <span class='ocrx_word' id='word_1_750' title='bbox 3667 4980 3755 5032; x_wconf 88' lang='lat' dir='ltr'><strong>ille</strong></span> <span class='ocrx_word' id='word_1_751' title='bbox 3782 4992 3892 5044; x_wconf 63' lang='lat' dir='ltr'><strong>gra»</strong></span> 
     </span>
    </p>
   </div>
   <div class='ocr_carea' id='block_1_111' title="bbox 2357 5071 3890 5139">
    <p class='ocr_par' dir='ltr' id='par_1_111' title="bbox 2357 5071 3890 5139">
     <span class='ocr_line' id='line_1_111' title="bbox 2357 5071 3890 5139; baseline -0.005 -13"><span class='ocrx_word' id='word_1_752' title='bbox 2357 5075 2458 5126; x_wconf 90' lang='lat' dir='ltr'><strong>dus</strong></span> <span class='ocrx_word' id='word_1_753' title='bbox 2512 5074 2565 5125; x_wconf 90' lang='lat' dir='ltr'><strong>in</strong></span> <span class='ocrx_word' id='word_1_754' title='bbox 2624 5087 2733 5139; x_wconf 92' lang='lat' dir='ltr'><strong>quo</strong></span> <span class='ocrx_word' id='word_1_755' title='bbox 2775 5086 2870 5138; x_wconf 91' lang='lat' dir='ltr'><strong>per</strong></span> <span class='ocrx_word' id='word_1_756' title='bbox 2913 5072 3236 5139; x_wconf 85' lang='lat' dir='ltr'><strong>baptismum</strong></span> <span class='ocrx_word' id='word_1_757' title='bbox 3280 5071 3627 5135; x_wconf 81' lang='lat' dir='ltr'><strong>collocantur,</strong></span> <span class='ocrx_word' id='word_1_758' title='bbox 3680 5078 3890 5124; x_wconf 87' lang='lat' dir='ltr'><strong>matrem</strong></span> 
     </span>
    </p>
   </div>
   <div class='ocr_carea' id='block_1_112' title="bbox 2360 5157 3893 5236">
    <p class='ocr_par' dir='ltr' id='par_1_112' title="bbox 2360 5157 3893 5236">
     <span class='ocr_line' id='line_1_112' title="bbox 2360 5157 3893 5236; baseline -0.006 -16"><span class='ocrx_word' id='word_1_759' title='bbox 2360 5167 2643 5236; x_wconf 84' lang='lat' dir='ltr'><strong>mysticam</strong></span> <span class='ocrx_word' id='word_1_760' title='bbox 2677 5179 2780 5232; x_wconf 89' lang='lat' dir='ltr'><strong>qua</strong></span> <span class='ocrx_word' id='word_1_761' title='bbox 2829 5165 3022 5216; x_wconf 87' lang='lat' dir='ltr'><strong>iterum</strong></span> <span class='ocrx_word' id='word_1_762' title='bbox 3063 5164 3333 5231; x_wconf 77' lang='lat' dir='ltr'><strong>gignimur</strong></span> <span class='ocrx_word' id='word_1_763' title='bbox 3362 5164 3424 5215; x_wconf 83' lang='lat' dir='ltr'><strong>ad</strong></span> <span class='ocrx_word' id='word_1_764' title='bbox 3473 5164 3658 5217; x_wconf 91' lang='lat' dir='ltr'><strong>vitam.</strong></span> <span class='ocrx_word' id='word_1_765' title='bbox 3690 5163 3792 5214; x_wconf 79' lang='lat' dir='ltr'><strong>Alii</strong></span> <span class='ocrx_word' id='word_1_766' title='bbox 3822 5157 3893 5213; x_wconf 84' lang='lat' dir='ltr'><strong>di-</strong></span> 
     </span>
    </p>
   </div>
   <div class='ocr_carea' id='block_1_113' title="bbox 2355 5253 3888 5322">
    <p class='ocr_par' dir='ltr' id='par_1_113' title="bbox 2355 5253 3888 5322">
     <span class='ocr_line' id='line_1_113' title="bbox 2355 5253 3888 5322; baseline -0.008 -10"><span class='ocrx_word' id='word_1_767' title='bbox 2355 5265 2488 5312; x_wconf 89' lang='lat' dir='ltr'><strong>cunt</strong></span> <span class='ocrx_word' id='word_1_768' title='bbox 2530 5259 2668 5309; x_wconf 91' lang='lat' dir='ltr'><strong>banc</strong></span> <span class='ocrx_word' id='word_1_769' title='bbox 2705 5255 2953 5309; x_wconf 87' lang='lat' dir='ltr'><strong>arborem</strong></span> <span class='ocrx_word' id='word_1_770' title='bbox 3002 5256 3121 5307; x_wconf 74' lang='lat' dir='ltr'><strong>vita:</strong></span> <span class='ocrx_word' id='word_1_771' title='bbox 3161 5253 3518 5322; x_wconf 88' lang='lat' dir='ltr'><strong>spiritualem,</strong></span> <span class='ocrx_word' id='word_1_772' title='bbox 3554 5267 3677 5308; x_wconf 79' lang='lat' dir='ltr'><strong>esse</strong></span> <span class='ocrx_word' id='word_1_773' title='bbox 3709 5263 3888 5317; x_wconf 80' lang='lat' dir='ltr'><strong>norum</strong></span> 
     </span>
    </p>
   </div>
   <div class='ocr_carea' id='block_1_114' title="bbox 2349 5339 3890 5410">
    <p class='ocr_par' dir='ltr' id='par_1_114' title="bbox 2349 5339 3890 5410">
     <span class='ocr_line' id='line_1_114' title="bbox 2349 5339 3890 5410; baseline -0.005 -15"><span class='ocrx_word' id='word_1_774' title='bbox 2349 5344 2473 5395; x_wconf 61' lang='lat' dir='ltr'><strong>vitae</strong></span> <span class='ocrx_word' id='word_1_775' title='bbox 2537 5356 2706 5409; x_wconf 81' lang='lat' dir='ltr'><strong>genus</strong></span> <span class='ocrx_word' id='word_1_776' title='bbox 2766 5343 2909 5410; x_wconf 88' lang='lat' dir='ltr'><strong>quod</strong></span> <span class='ocrx_word' id='word_1_777' title='bbox 2967 5343 3366 5408; x_wconf 65' lang='lat' dir='ltr'><strong>repraesentavit</strong></span> <span class='ocrx_word' id='word_1_778' title='bbox 3423 5339 3684 5397; x_wconf 85' lang='lat' dir='ltr'><strong>Dominus</strong></span> <span class='ocrx_word' id='word_1_779' title='bbox 3722 5347 3890 5394; x_wconf 88' lang='lat' dir='ltr'><strong>uoster</strong></span> 
     </span>
    </p>
   </div>
   <div class='ocr_carea' id='block_1_115' title="bbox 2349 5431 3885 5503">
    <p class='ocr_par' dir='ltr' id='par_1_115' title="bbox 2349 5431 3885 5503">
     <span class='ocr_line' id='line_1_115' title="bbox 2349 5431 3885 5503; baseline -0.004 -15"><span class='ocrx_word' id='word_1_780' title='bbox 2349 5436 2472 5489; x_wconf 87' lang='lat' dir='ltr'><strong>inde</strong></span> <span class='ocrx_word' id='word_1_781' title='bbox 2495 5448 2560 5488; x_wconf 85' lang='lat' dir='ltr'><strong>ex</strong></span> <span class='ocrx_word' id='word_1_782' title='bbox 2588 5447 2698 5503; x_wconf 91' lang='lat' dir='ltr'><strong>quo</strong></span> <span class='ocrx_word' id='word_1_783' title='bbox 2728 5434 3035 5502; x_wconf 84' lang='lat' dir='ltr'><strong>baptizatus</strong></span> <span class='ocrx_word' id='word_1_784' title='bbox 3070 5431 3168 5485; x_wconf 88' lang='lat' dir='ltr'><strong>fuit</strong></span> <span class='ocrx_word' id='word_1_785' title='bbox 3205 5448 3375 5501; x_wconf 90' lang='lat' dir='ltr'><strong>usque</strong></span> <span class='ocrx_word' id='word_1_786' title='bbox 3405 5434 3531 5489; x_wconf 91' lang='lat' dir='ltr'><strong>dum</strong></span> <span class='ocrx_word' id='word_1_787' title='bbox 3563 5434 3713 5488; x_wconf 88' lang='lat' dir='ltr'><strong>cruci</strong></span> <span class='ocrx_word' id='word_1_788' title='bbox 3756 5439 3885 5486; x_wconf 84' lang='lat' dir='ltr'><strong>esset</strong></span> 
     </span>
    </p>
   </div>
   <div class='ocr_carea' id='block_1_116' title="bbox 2349 5521 3887 5593">
    <p class='ocr_par' dir='ltr' id='par_1_116' title="bbox 2349 5521 3887 5593">
     <span class='ocr_line' id='line_1_116' title="bbox 2349 5521 3887 5593; baseline -0.005 -15"><span class='ocrx_word' id='word_1_789' title='bbox 2349 5526 2575 5590; x_wconf 67' lang='lat' dir='ltr'><strong>affixus;</strong></span> <span class='ocrx_word' id='word_1_790' title='bbox 2610 5525 2675 5579; x_wconf 90' lang='lat' dir='ltr'><strong>de</strong></span> <span class='ocrx_word' id='word_1_791' title='bbox 2708 5542 2817 5593; x_wconf 90' lang='lat' dir='ltr'><strong>quo</strong></span> <span class='ocrx_word' id='word_1_792' title='bbox 2849 5537 3038 5593; x_wconf 85' lang='lat' dir='ltr'><strong>genere</strong></span> <span class='ocrx_word' id='word_1_793' title='bbox 3069 5525 3183 5578; x_wconf 72' lang='lat' dir='ltr'><strong>vitae</strong></span> <span class='ocrx_word' id='word_1_794' title='bbox 3230 5525 3547 5580; x_wconf 85' lang='lat' dir='ltr'><strong>dictum-est</strong></span> <span class='ocrx_word' id='word_1_795' title='bbox 3584 5543 3598 5578; x_wconf 90' lang='lat'><strong>:</strong></span> <span class='ocrx_word' id='word_1_796' title='bbox 3636 5521 3887 5578; x_wconf 75' lang='lat' dir='ltr'><strong>Converti-</strong></span> 
     </span>
    </p>
   </div>
   <div class='ocr_carea' id='block_1_117' title="bbox 2349 5605 3882 5688">
    <p class='ocr_par' dir='ltr' id='par_1_117' title="bbox 2349 5605 3882 5688">
     <span class='ocr_line' id='line_1_117' title="bbox 2349 5605 3882 5688; baseline -0.005 -17"><span class='ocrx_word' id='word_1_797' title='bbox 2349 5619 2474 5672; x_wconf 84' lang='lat' dir='ltr'><strong>miui</strong></span> <span class='ocrx_word' id='word_1_798' title='bbox 2527 5635 2616 5688; x_wconf 79' lang='lat' dir='ltr'><strong>per</strong></span> <span class='ocrx_word' id='word_1_799' title='bbox 2659 5618 3035 5687; x_wconf 69' lang='lat' dir='ltr'><strong>pwuiteutiam,</strong></span> <span class='ocrx_word' id='word_1_800' title='bbox 3068 5618 3382 5688; x_wconf 79' lang='lat' dir='ltr'><strong>propinth</strong></span> <span class='ocrx_word' id='word_1_801' title='bbox 3437 5630 3648 5688; x_wconf 74' lang='lat' dir='ltr'><strong>regnum</strong></span> <span class='ocrx_word' id='word_1_802' title='bbox 3695 5605 3882 5668; x_wconf 72' lang='lat' dir='ltr'><strong>ccli&quot;.</strong></span> 
     </span>
    </p>
   </div>
   <div class='ocr_carea' id='block_1_118' title="bbox 4001 4339 4014 4848">
    <p class='ocr_par' dir='ltr' id='par_1_118' title="bbox 4001 4421 4014 4848">
     <span class='ocr_line' id='line_1_118' title="bbox 4003 4421 4010 4514; baseline 0 0"><span class='ocrx_word' id='word_1_803' title='bbox 4003 4421 4010 4514; x_wconf 68' lang='grc' dir='ltr'>ἓ</span> 
     </span>
     <span class='ocr_line' id='line_1_119' title="bbox 4001 4529 4012 4630; baseline 0 0"><span class='ocrx_word' id='word_1_804' title='bbox 4001 4529 4012 4630; x_wconf 63' lang='grc' dir='ltr'>ξ</span> 
     </span>
     <span class='ocr_line' id='line_1_120' title="bbox 4003 4639 4012 4708; baseline 0 0"><span class='ocrx_word' id='word_1_805' title='bbox 4003 4639 4012 4708; x_wconf 79' lang='lat' dir='ltr'><strong>i</strong></span> 
     </span>
     <span class='ocr_line' id='line_1_121' title="bbox 4003 4713 4014 4848; baseline 0 -6"><span class='ocrx_word' id='word_1_806' title='bbox 4003 4713 4014 4848; x_wconf 67' lang='grc' dir='ltr'><strong>ἑ</strong></span> 
     </span>
    </p>
   </div>
   <div class='ocr_carea' id='block_1_119' title="bbox 4009 5045 4017 5088">
    <p class='ocr_par' dir='ltr' id='par_1_119' title="bbox 4009 5045 4017 5088">
     <span class='ocr_line' id='line_1_122' title="bbox 4009 5045 4017 5088; baseline 0 0"><span class='ocrx_word' id='word_1_807' title='bbox 4009 5045 4017 5088; x_wconf 68' lang='grc' dir='ltr'><em>ξ</em></span> 
     </span>
    </p>
   </div>
   <div class='ocr_carea' id='block_1_120' title="bbox 4011 5113 4018 5132">
    <p class='ocr_par' dir='ltr' id='par_1_120' title="bbox 4011 5113 4018 5132">
     <span class='ocr_line' id='line_1_123' title="bbox 4011 5113 4018 5132; baseline 0 0"><span class='ocrx_word' id='word_1_808' title='bbox 4011 5113 4018 5132; x_wconf 84' lang='lat' dir='ltr'><strong>l‘</strong></span> 
     </span>
    </p>
   </div>
  </div>
