4176 6484
357 352 454 416 585

1478 357 1577 416 DE
1619 354 2027 416 PARADISO.
2067 380 2136 390 -·
2179 355 2374 413 PARS
2417 354 2463 411 Ι.

3518 347 3625 413 586

357 468 528 532 Atque
551 464 693 519 hanc
728 465 928 528 vitam,
957 466 1232 537 inquiunt,
1274 467 1486 536 agimus
1515 479 1804 538 postquam
1839 482 1932 536 per
1963 472 2009 527 Α
2041 462 2303 516 notionis.
2348 463 2482 516 Illud
2523 476 2653 516 vero
2689 461 2828 529 quod
2864 461 2939 514 ait
2972 476 2988 517 :
3028 460 3101 512 Ab
3137 461 3310 524 initio,
3346 468 3450 525 est,
3480 476 3545 515 ac
3579 457 3623 516 si

356 555 703 622 baptismum,
735 562 968 610 veterem
998 559 1252 612 exuimus
1283 560 1560 614 hominem
1589 575 1603 612 :
1633 569 1830 628 estque
1864 574 1927 613 ea

353 660 449 700 ceu
479 647 730 714 quasdam
775 646 945 718 ﬁgura
1000 649 1120 716 ejus
1155 664 1311 704 nova:
1356 651 1478 704 vitae
1509 665 1629 719 quae
1664 650 1717 703 in
1765 663 1933 719 regno

354 739 476 793 cmli
511 739 670 796 nobis
702 748 785 794 est
818 746 1109 809 promissa.
1160 742 1264 799 Alii
1308 758 1473 812 porro
1505 743 1627 796 vita:
1667 743 1923 797 arborem

356 827 638 897 mysticam
694 828 996 906 deﬁniunt,
1057 831 1464 886 immunitatem
1518 831 1936 900 libertatemque

353 933 517 987 quam
576 913 745 974 dedit'
777 920 936 978 nobis
980 920 1233 977 Christus
1281 937 1311 976 a
1364 922 1850 977 constitutionibus
1882 931 1937 977 et

353 1012 531 1082 poenis
562 1013 713 1085 legis.
748 1013 857 1070 Lex
890 1014 1034 1068 enim
1065 1014 1515 1084 delinquentibus
1544 1028 1765 1083 poenam
1793 1029 1936 1084 prm-

353 1102 622 1170 stituerat,
656 1120 689 1160 a
737 1120 839 1173 qua
881 1094 982 1166 nos
1029 1107 1276 1160 asseruit
1311 1104 1564 1160 Christus
1604 1104 1694 1174 qui
1734 1103 1803 1158 de
1833 1104 1937 1158 hac

354 1179 607 1252 libertate
655 1197 741 1254 his
794 1197 980 1252 verbis
1030 1206 1114 1254 est
1157 1178 1568 1253 concionatusi
1619 1195 1811 1250 Redite
1841 1212 1936 1265 per

352 1289 735 1357 patiundum,
763 1291 1084 1360 propinquat
1121 1305 1337 1357 regnum
1374 1287 1511 1342 cali.
1565 1291 1809 1343 Rursum
1843 1287 1935 1342 alii

354 1380 528 1443 aiunt,
561 1381 813 1436 arborem
845 1384 966 1437 vitat
998 1397 1120 1436 esse
1164 1383 1444 1440 hominem
1474 1397 1675 1436 novum
1710 1380 1802 1450 qui
1838 1395 1937 1449 per

353 1470 686 1540 baptismum
711 1482 874 1527 natus
901 1482 1008 1528 est.
1029 1472 1164 1537 Alii,
1182 1472 1457 1528 hominem
1476 1488 1676 1527 novum
1695 1472 1812 1542 qui,
1834 1473 1934 1525 ob-

349 1560 583 1615 servatis
610 1559 704 1615 Dei
734 1561 931 1629 jussis,
957 1563 1111 1616 exuit
1139 1561 1270 1616 vitia
1315 1577 1436 1631 qua:
1479 1570 1749 1617 vocantur
1779 1567 1936 1617 vetus

351 1651 540 1716 homo,
572 1651 856 1721 induitque
885 1653 1114 1709 virtutes
1159 1668 1282 1724 qua
1322 1669 1503 1709 novus
1533 1653 1700 1709 homo
1741 1653 1936 1724 appel-

353 1738 554 1795 lantur.
587 1741 716 1807 Alii,
749 1751 986 1798 mortem
1027 1758 1151 1799 esse
1192 1743 1382 1798 volunt
1427 1743 1769 1813 spiritualem
1805 1757 1941 1812 quae

352 1831 603 1885 nascitur
631 1846 699 1886 ex
748 1834 1045 1888 securitate
1070 1873 1087 1899 ,
1127 1811 1495 1890 observandis
1527 1832 1623 1889 Dei
1661 1811 1939 1888 mandatis
1974 1811 2014 1863 ³⁵

352 1931 688 1990 comparata.
730 1921 837 1976 Alii
879 1923 1290 1979 meditationem
1335 1940 1461 1994 qua:
1490 1924 1698 1980 Christi
1739 1939 1936 1996 perso-

309 2011 480 2065 nam
539 2007 985 2083 contemplatur,
1047 2015 1178 2085 quia
1232 2031 1328 2085 per
1384 2031 1449 2072 ea
1510 2017 1744 2072 conditae
1811 2026 1940 2072 sunt

275 2132 312 2177 _~
351 2116 546 2160 omnes
577 2113 786 2161 naturas
815 2105 1106 2174 participes
1153 2107 1279 2161 vitat
1323 2115 1490 2179 atque
1544 2107 1798 2163 rationis.
1833 2109 1934 2162 Alii

351 2208 572 2267 crucem,
623 2193 827 2249 Christi
885 2204 1076 2265 putant
1144 2199 1394 2255 arborem
1422 2191 1568 2254 ’vitte
1637 2197 1745 2255 diei
1809 2200 1937 2268 quia

349 2300 414 2340 ex
454 2301 519 2340 ea
553 2284 879 2357 promanatit
921 2288 1107 2343 omnia
1143 2289 1303 2359 bona
1336 2288 1666 2359 spiritualia,
1726 2291 1932 2344 abolito

351 2372 578 2448 peccato
620 2386 785 2448 atque
816 2379 1219 2438 exsecratione;
1267 2379 1377 2438 Alii
1414 2372 1632 2434 sacram
1680 2395 1834 2434 aram
1881 2381 1934 2433 in

349 2485 459 2538 qua
493 2468 942 2524 administrantur
995 2470 1180 2524 divina
1225 2479 1596 2526 sacramenta.
1645 2471 1750 2525 Alii
1784 2473 1939 2526 deuio

350 2575 483 2630 que,
520 2575 718 2630 corpus
749 2566 805 2615 et
837 2560 1160 2630 sanguinem
1190 2562 1411 2640 Christi.
1443 2561 1538 2617 Dei
1570 2564 1744 2617 nostri
1773 2563 1937 2618 arbo-

352 2667 469 2706 rem
504 2653 628 2707 vita:
657 2654 841 2707 vocari
871 2660 1086 2721 putant.
1125 2652 1233 2708 Sed
1277 2655 1424 2710 enim
1457 2669 1568 2708 non
1601 2664 1726 2724 post
1756 2656 1856 2709 has
1884 2665 1938 2709 et

350 2742 495 2796 inter
521 2743 622 2796 has
649 2747 972 2811 sententias,
1015 2753 1260 2800 nostram
1304 2761 1526 2816 quoque
1564 2746 1934 2816 proferentes,

351 2833 648 2890 statuimus
689 2835 942 2889 arborem
977 2837 1101 2891 vitae
1137 2836 1425 2908 mysticam
1459 2852 1584 2892 esse
1622 2836 1936 2891 meditatio-

348 2940 476 2980 nem
507 2936 670 2994 atque
720 2927 1087 2998 cognitionem
1138 2943 1247 2999 qua
1293 2928 1614 2998 protltemur
1647 2943 1936 3005 sacrosan-

349 3026 498 3072 ctam
547 3017 892 3083 Trinitatem,
953 3021 1062 3076 hoc
1089 3030 1196 3086 est,
1244 3037 1415 3075 unum
1466 3037 1589 3076 esse
1651 3020 1846 3088 Deum,
1882 3031 1939 3076 et

2043 554 2193 606 dicat
2223 568 2342 606 eam
2377 555 2543 607 vitam
2590 553 2929 621 Spiritualem
2967 561 3132 622 atque
3168 555 3376 606 Izeatam
3409 555 3476 607 ab
3509 557 3630 624 ipso

2044 644 2156 699 Deo
2189 644 2495 699 institutam
2543 645 2713 700 fuisse
2753 653 2880 698 ante
2925 646 3205 698 conditum
3252 643 3399 698 hunc
3430 660 3626 715 corpo-

2042 743 2220 788 ratum
2253 732 2547 796 mundum,
2579 735 2680 787 hoc
2709 740 2814 801 est,
2849 745 2977 785 ante
3006 747 3126 786 eam
3161 731 3474 787 machinam
3507 722 3632 801 quas

2039 838 2102 878 ex
2137 822 2277 875 cmlo
2315 833 2567 892 terraque
2596 834 2651 878 et
2694 823 2760 878 iis
2790 838 2914 892 qua:
2945 823 3084 876 inter
3117 822 3233 876 haec
3264 821 3443 877 media
3477 833 3628 887 sunt,

2040 920 2285 978 constat;
2334 920 2496 982 atque
2545 913 2599 966 in
2640 929 2704 990 ea
2756 914 2864 966 vita
2917 923 3171 968 versatos
3222 914 3635 985 oblectatosquc

2039 1001 2214 1058 fuisse
2266 1006 2489 1074 angelos
2535 1015 2664 1060 ante
2714 1005 2856 1060 hanc
2903 1007 3091 1060 mundi
3140 1008 3529 1076 aspectabilem
3581 1019 3635 1061 et

2040 1104 2390 1164 corporatam
2442 1097 2642 1159 molem
2692 1105 2916 1152 'creatos
2964 1097 3159 1166 fuisse,
3211 1099 3315 1154 etsi
3370 1098 3491 1171 Syri
3532 1102 3638 1156 hoc

2042 1197 2240 1253 negent
2276 1185 2700 1256 (30).Czeterum
2739 1188 2790 1244 in
2825 1189 3181 1243 translatione
3225 1189 3418 1244 LXXII
3466 1191 3637 1244 Inter-

2041 1286 2254 1348 pretum
2303 1279 2577 1339 habentur
2623 1281 2714 1334 illa
2759 1281 2923 1336 verba
2962 1282 3026 1336 ad
3072 1282 3219 1337 hunc
3256 1284 3477 1340 modum
3515 1302 3530 1340 :
3563 1284 3635 1340 Et

2040 1371 2372 1440 plantauerat
2425 1372 2684 1427 Dominus
2738 1373 2882 1427 Deus
2922 1377 3240 1443 paradisum
3273 1377 3327 1430 in
3366 1376 3517 1432 Eden
3571 1379 3638 1431 ab

2043 1463 2279 1528 oriente;
2322 1462 2439 1528 ubi,
2491 1479 2591 1533 per
2643 1464 2936 1529 orientem,
2993 1466 3171 1520 lucem
3225 1482 3345 1521 eam
3401 1469 3639 1539 accipias

2043 1553 2172 1609 licet
2227 1565 2361 1624 quzn'
2409 1557 2622 1610 ratione
2680 1556 2794 1612 sola
2856 1557 3198 1626 intelligitur,
3252 1558 3557 1628 proculque
3609 1575 3643 1613 ει

2044 1645 2211 1701 rebus
2257 1648 2568 1713 corporatis
2617 1657 2828 1702 semota
2880 1655 2985 1702 est.
3039 1645 3133 1700 Ha:
3183 1649 3329 1703 enim
3382 1648 3439 1703 in
3491 1647 3645 1703 occi-

2045 1736 2246 1801 dehte,
2305 1737 2411 1793 hoc
2472 1747 2597 1804 est,
2650 1738 2885 1809 caligine
2954 1749 3263 1795 versantur.
3317 1739 3414 1795 Est
3476 1740 3642 1809 igitur

2044 1843 2233 1884 eorum
2292 1831 2586 1904 verborum
2647 1831 2763 1886 haec
2832 1832 3103 1887 sententia
3173 1849 3186 1885 :
3248 1829 3420 1886 Deum
3475 1834 3640 1886 vitam

2044 1922 2257 1978 felicem
2308 1931 2474 1994 atque
2523 1923 2828 1994 angelicam
2880 1938 3106 1993 parasse
3157 1922 3210 1977 in
3262 1924 3383 1978 luce
3430 1925 3644 1992 agitan—

2043 2015 2194 2077 dam,
2230 2029 2354 2084 qua:
2395 2015 2491 2069 lux
2522 2015 2639 2070 sola
2688 2024 2872 2071 mente
2902 2015 3166 2070 cernitur.
3203 2014 3275 2068 Et
3309 2016 3486 2084 posuit
3532 2016 3651 2069 illic

2043 2106 2312 2161 Adamum
2361 2123 2514 2178 quem
2568 2108 2825 2176 ﬁnxerat.
2877 2108 3216 2177 Postquam,
3270 2108 3483 2177 inquit,
3540 2109 3644 2162 Iin-

2041 2198 2216 2254 xisset
2246 2199 2543 2264 Adamum,
2576 2198 2794 2253 induxit
2830 2199 3010 2268 ipsum
3049 2199 3102 2252 in
3137 2214 3257 2253 eam
3299 2200 3638 2268 spiritualem

2042 2303 2107 2343 ac
2158 2288 2368 2342 felicem
2407 2289 2598 2355 vitam,
2638 2289 2819 2342 laetum
2855 2297 2910 2344 et
2958 2289 3190 2343 miritica
3240 2288 3496 2344 allectum
3549 2306 3644 2346 vo~

2042 2378 2292 2449 luptate,
2364 2395 2460 2448 per
2529 2379 2912 2434 meditationes
2968 2381 3448 2451 cogitationesque
3507 2385 3639 2438 nulli

2042 2471 2592 2547 perturbationiaut
2643 2471 2906 2527 anxietati
2959 2472 3272 2536 obnoxias,
3327 2475 3380 2528 in
3433 2491 3640 2530 morem

2042 2562 2366 2632 angelorum
2421 2572 2479 2620 et
2529 2563 2903 2634 spiritualium
2969 2565 3302 2635 copiarum,
3365 2568 3645 2638 recipien-

2040 2661 2263 2725 temque
2322 2656 2507 2712 radios
2575 2653 2886 2710 divinarum
2943 2657 3232 2712 nationum
3306 2675 3416 2715 non
3450 2661 3644 2726 \aliter

2040 2755 2207 2814 atque
2259 2746 2439 2816 angeli
2502 2746 2748 2832 capiunt.
2806 2747 2875 2800 Et
2929 2749 3049 2816 fecit
3105 2749 3369 2806 Dominus
3425 2752 3564 2807 Deus
3618 2773 3645 2808 e

2043 2844 2185 2890 terra
2225 2851 2431 2889 omnem
2477 2835 2720 2889 arborem
2766 2836 3046 2905 pulchram
3080 2837 3150 2888 ad
3193 2841 3562 2906 spectandum,
3595 2853 3648 2893 et

2040 2926 2386 2996 expetendam
2419 2927 2490 2981 ad
2517 2928 2849 2982 vescendum.
2886 2926 3001 2983 Iloc
3031 2939 3112 2983 est
3147 2945 3159 2981 :
3194 2927 3273 2984 Ita
3305 2933 3646 3000 comparavit

2041 3012 2184 3067 Deus
2239 3015 2369 3068 Adae
2403 3017 2623 3079 ,mentis
2677 3032 2944 3082 sensum,
2999 3015 3058 3072 ut
3113 3010 3430 3088 procrearet
3481 3030 3649 3090 atque

350 3119 466 3164 tres
505 3124 769 3178 personas
794 3119 1036 3189 sanctas,
1083 3112 1202 3167 sive
1254 3112 1518 3166 unitatem
1556 3111 1610 3165 in
1643 3106 1935 3175 Trinitatc,
1965 3141 2016 3205 ο
2043 3106 2384 3175 expullulare
2430 3105 2639 3162 faceret
2671 3108 2871 3164 'omnis
2926 3111 3141 3180 generis
3181 3113 3385 3181 probas
3433 3114 3644 3182 cogita-

348 3210 402 3255 et
429 3199 756 3258 Trinitatem
789 3203 842 3256 in
875 3203 1103 3257 unitate.
1143 3202 1221 3258 De
1254 3201 1359 3258 hac
1399 3218 1567 3272 porro
1607 3205 1804 3258 arbore
1827 3221 1935 3258 non

349 3294 713 3352 comederunt
746 3295 912 3350 Adam
931 3305 997 3370 et
1037 3295 1174 3362 Eva,
1216 3294 1392 3366 neque
1422 3296 1488 3350 ad
1521 3312 1641 3351 eam
1675 3298 1940 3352 accedere

350 3391 471 3446 sive
518 3390 588 3444 de
622 3405 682 3446 ea
719 3390 965 3460 cogitare
1021 3390 1342 3459 quiverunt,
1381 3399 1441 3444 ut
1473 3390 1570 3459 qui
1601 3391 1783 3444 adhuc
1825 3406 1935 3443 non

349 3483 489 3536 satis
511 3479 806 3549 pollebant,
828 3489 1191 3549 potentesque
1213 3480 1278 3534 ad
1301 3479 1355 3532 id
1381 3495 1489 3536 non
1513 3487 1670 3533 erant
1705 3495 1721 3533 :
1757 3489 1812 3534 at
1837 3496 1938 3535 nos

349 3571 814 3637 Christiani,-non
841 3573 1060 3642 quidem
1087 3573 1191 3643 ipsi
1227 3571 1363 3628 satis
1393 3573 1682 3642 pollentes,
1713 3575 1810 3630 sed
1842 3589 1939 3642 per

347 3662 654 3728 Christum,
683 3661 1017 3718 illustratum
1042 3663 1147 3718 hoc
1180 3650 1452 3718 arcanum
1469 3671 1524 3718 et
1547 3663 1937 3734 amplectimur

345 3753 768 3822 etprotitemur.
820 3750 1090 3814 Caeterum
1143 3751 1577 3806 existimandum
1617 3760 1703 3806 est
1751 3752 1937 3805 multi-

350 3843 596 3895 tudinem
642 3824 1269 3911 dissimilitudinemque
1323 3843 1518 3895 harum
1569 3841 1714 3894 inter
1756 3856 1817 3896 se
1858 3842 1938 3894 in-

348 3933 798 4002 terpretationum
847 3949 986 4004 quas
1031 3935 1099 3989 de
1138 3934 1339 3989 arbore
1401 3933 1522 3987 vitae
1579 3933 1932 3998 adduximus,

347 4023 678 4093 argumento
715 4039 836 4080 esse
880 4041 1042 4094 quam
1073 4027 1147 4081 sit
1183 4041 1272 4081 res
1323 4026 1440 4094 ipsa
1476 4025 1756 4094 explicatu
1796 4025 1936 4079 ditii-

349 4118 476 4172 cilis
510 4133 526 4171 :
559 4117 932 4195 alioquienim
961 4128 1068 4172 tam
1109 4120 1297 4174 multis
1326 4119 1610 4190 variisque
1645 4119 1830 4174 verbis
1864 4119 1932 4173 ad

349 4224 476 4263 eam
510 4210 901 4265 enucleandam
933 4209 1159 4265 minime
1184 4227 1325 4280 opus
1356 4211 1571 4266 fuisset.
1716 4206 1720 4213 ’

457 4350 460 4351 ,
759 4345 764 4350 .
951 4302 1180 4359 CAPUT
1219 4302 1332 4358 VII.

399 4393 798 4465 _Complectitur
827 4395 1312 4462 interpretationem
1343 4396 1626 4465 mysticam
1655 4396 1932 4451 verborum

2043 3197 2223 3253 tiones
2267 3198 2769 3269 meditationesque
2800 3209 2912 3255 tam
2944 3202 3010 3256 de
3057 3202 3223 3258 rebus
3267 3219 3393 3274 qua:
3425 3205 3644 3262 videndi

2043 3304 2212 3344 sensu
2253 3299 2489 3358 possunt
2521 3291 2729 3361 percipi
2775 3308 2943 3362 quam
2985 3293 3055 3348 iis
3089 3309 3212 3364 quae
3247 3310 3372 3350 eum
3418 3312 3645 3354 sensum

2040 3378 2330 3450 effugiunt.
2371 3380 2444 3434 Et
2490 3382 2735 3435 arborem
2787 3385 2912 3438 vita:
2960 3386 3014 3438 in
3068 3386 3241 3440 medio
3289 3389 3566 3457 paradiso,
3594 3403 3646 3445 et

2042 3471 2312 3525 arborem'
2341 3473 2576 3526 scientia:
2627 3472 2750 3526 boni
2796 3485 2846 3526 et
2901 3476 3052 3530 mali.
3104 3476 3205 3531 lia!
3252 3481 3374 3534 duae
3423 3482 3650 3537 arbores

2045 3562 2270 3632 quando
2299 3562 2582 3632 spirituali
2607 3566 2770 3620 modo
2797 3575 3146 3635 spectantur,
3170 3570 3350 3627 amba:
3377 3573 3431 3627 in
3465 3575 3650 3631 medio

2044 3655 2300 3724 paradiso
2350 3655 2660 3725 consistere
2714 3667 2961 3727 queunt;
3021 3654 3126 3716 h'oc
3177 3672 3294 3730 est,
3350 3664 3408 3720 in
3462 3670 3649 3723 medio

2043 3747 2217 3799 animi
2251 3745 2368 3802 sive
2407 3749 2636 3812 mentis,
2669 3760 2724 3804 ut
2758 3750 2928 3806 altera
2959 3751 3186 3807 alteram
3217 3770 3327 3810 non
3360 3765 3526 3829 angat
3555 3775 3650 3815 aut

2045 3836 2250 3903 trudat,
2281 3837 2427 3893 sicut
2456 3838 2535 3893 ait
2568 3838 2868 3911 Gregorius
2913 3840 3219 3913 Nyssenus.
3271 3845 3378 3902 Sed
3420 3864 3584 3918 supra
3617 3867 3647 3904 a

2041 3928 2246 3993 nobis,
2299 3927 2429 3981 dum
2483 3929 2712 3999 mystice
2767 3931 3135 4001 accipiuntur,
3192 3935 3281 3989 ubi
3341 3938 3646 3994 multorum

2041 4017 2346 4072 sententias
2393 4019 2445 4072 in
2485 4020 2724 4072 medium
2764 4021 3121 4078 adduximus.
3162 4023 3229 4077 Et
3271 4027 3467 4094 ﬂuvius
3502 4046 3647 4100 egre-

2040 4109 2287 4162 diebatur
2338 4126 2404 4163 ea:
2456 4109 2714 4166 Edeniut
2766 4113 2964 4183 rigaret
3015 4117 3353 4185 paradisum,
3404 4129 3454 4174 et
3499 4121 3650 4176 illinc

2041 4201 2398 4267 dividebatur,
2446 4211 2495 4254 et
2540 4204 2898 4258 evadebat'in
2944 4218 3174 4276 quatuor
3222 4213 3423 4278 capita.
3458 4211 3649 4268 Prius-

2041 4307 2206 4359 quam
2239 4293 2503 4347 violasset
2531 4294 2776 4349 Adamus
2809 4296 3004 4366 legem,
3029 4301 3392 4368 promanahat
3422 4303 3645 4372 fluvius,

2043 4383 2149 4438 hoc
2195 4392 2300 4449 est,
2349 4383 2562 4440 delicia:
2612 4401 2678 4440 ex
2729 4388 3091 4445 meditatione
3145 4407 3330 4448 rerum
3374 4398 3651 4465 spectabi-

351 4486 520 4542 ηυδε,
569 4485 635 4540 de
680 4487 955 4554 param-,0.
1012 4514 1078 4526 _
1134 4486 1369 4555 scripsi;
1424 4488 1586 4542 divus
1621 4472 1819 4544 Moses
1871 4489 1938 4543 de
1971 4486 2016 4542 ι)
2045 4475 2178 4529 lium
2223 4485 2277 4530 et
2323 4491 2431 4531 non
2478 4480 2897 4547 aspectabilium
2937 4491 3127 4537 natae:
3164 4485 3508 4557 rigabatque,
3547 4492 3650 4545 hoc

348 4579 610 4650 paradiso
656 4578 711 4632 in
769 4579 882 4633 haec
932 4577 1097 4632 verba
1154 4595 1169 4632 :
1225 4577 1293 4631 Et
1356 4579 1626 4648 plantavit
1676 4582 1936 4636 Dominus

349 4671 496 4726 Deus
534 4672 847 4742 paradisum
894 4675 949 4725 in
983 4669 1153 4737 Eden,
1186 4671 1249 4724 ab
1285 4673 1462 4726 initio.
1498 4670 1556 4725 In
1594 4672 1678 4728 his
1733 4675 1937 4740 verbis,

349 4764 610 4831 paradiso
643 4761 926 4823 vocabulo,
965 4759 1072 4815 vita
1113 4761 1454 4830 signiﬁcatur
1486 4761 1812 4829 spiritualia,
1833 4760 1938 4819 hoc

349 4865 456 4913 est,
485 4867 609 4920 quae
632 4852 932 4907 secundum
965 4851 1204 4905 animam
1241 4851 1441 4921 agitur,
1475 4861 1530 4906 et
1563 4852 1740 4907 beata.
1774 4852 1938 4906 Plau-

353 4954 472 4998 tare
518 4957 649 4998 vero
697 4943 838 5000 idem
889 4951 971 4998 est
1016 4943 1161 5012 quod
1210 4941 1410 5008 facere,
1463 4945 1575 5000 sive
1625 4946 1937 5001 instituere.

353 5034 468 5090 Hoc
499 5037 681 5104 itaque
709 5035 844 5093 dicit
876 5033 1075 5100 Moses,
1113 5037 1404 5090 Dominum
1441 5039 1608 5092 Deum
1646 5054 1937 5109 compara-

353 5128 501 5182 visse
547 5127 761 5188 vivendi
815 5127 1036 5181 modum
1084 5109 1383 5183 secundum
1434 5129 1713 5199 spiritum,
1766 5131 1839 5184 ita
1883 5141 1941 5184 ut

289 5290 293 5293 Ι
353 5231 418 5272 ea
453 5217 562 5272 vita
593 5230 745 5274 esset
786 5217 943 5285 plena
990 5219 1298 5273 sanctitatis
1326 5229 1379 5273 et
1425 5220 1800 5275 meditationis
1849 5237 1939 5276 re-

354 5324 486 5366 rum
521 5309 830 5365 divinarum
858 5319 912 5366 et
939 5324 1126 5365 earum
1160 5327 1280 5377 quae
1309 5325 1337 5362 a
1373 5311 1484 5368 Deo
1515 5313 1750 5368 conditae
1784 5324 1938 5379 sunt,

357 5399 484 5456 felix
525 5410 580 5456 et
619 5403 688 5456 ab
728 5402 988 5457 omnibus
1016 5404 1187 5457 animi
1221 5404 1723 5472 perturbationibus
1753 5409 1938 5462 anxie-

356 5493 671 5564 tatibusque
713 5504 944 5560 remota,
989 5510 1154 5565 quam
1207 5497 1542 5551 comitentur
1592 5499 1854 5566 gaudium
1891 5512 1944 5554 et

359 5585 690 5652 exsultatio,
745 5601 977 5663 quasque
1043 5603 1217 5658 capax
1275 5589 1344 5642 sit
1402 5590 1685 5643 radiorum
1745 5591 1943 5647 divinat

2045 4575 2160 4631 est,
2209 4567 2518 4623 oblectabat
2572 4571 2891 4626 universum
2945 4576 3194 4645 corpOris
3249 4586 3651 4648 temperamen-

2046 4668 2186 4725 tum,
2221 4660 2368 4729 quod
2410 4676 2478 4716 ex
2508 4671 2745 4731 quatuor
2780 4674 3000 4721 constat
3033 4667 3380 4734 humoribus,
3415 4684 3480 4724 ex
3519 4686 3652 4726 san-

2054 4752 2238 4823 guine,
2273 4753 2467 4821 pituita
2501 4763 2665 4823 atque
2697 4765 2929 4827 utraque
2962 4759 3088 4815 bile.
3118 4759 3253 4814 Nam
3295 4770 3350 4815 et
3382 4778 3448 4816 ex
3503 4764 3649 4821 illius

2051 4843 2196 4896 modi
2246 4844 2721 4912 meditationibus,
2759 4851 2868 4903 nun
2908 4850 3088 4906 minus
3120 4868 3285 4922 quam
3335 4853 3405 4910 de
3453 4870 3649 4923 corpo-

2050 4934 2186 4989 ratis
2209 4936 2450 5009 paradisi
2477 4937 2772 4993 arboribus
2798 4941 3149 4997 recreabatur
3170 4944 3416 5002 Adamus
3438 4948 3644 5002 animo.

2051 5023 2190 5078 Sunt
2213 5026 2306 5095 qui
2335 5027 2440 5082 hoc
2466 5044 2686 5099 quoque
2713 5031 2876 5088 modo
2903 5035 3332 5105 interpretentur
3352 5054 3412 5093 ea
3436 5040 3600 5093 verba
3631 5060 3644 5094 :

2049 5113 2415 5168 Promanabat
2446 5118 2662 5185 ﬂuvias,
2700 5122 2803 5178 hoc
2831 5133 2940 5190 est,
2968 5125 3180 5182 deliciae
3215 5145 3281 5184 ex
3320 5129 3482 5185 rebus
3516 5146 3649 5185 con<

2047 5206 2200 5270 ditis,
2253 5207 2318 5261 iis
2373 5225 2495 5276 quas
2546 5214 2780 5280 spectari
2829 5226 3034 5284 queunt
3082 5230 3133 5272 et
3185 5219 3252 5273 iis
3301 5236 3423 5290 qua
3476 5223 3649 5278 videri

2053 5310 2355 5365 nequeunt,
2406 5310 2454 5352 et
2509 5303 2740 5371 rigabat,
2789 5306 2842 5360 id
2890 5317 2999 5373 est,
3050 5311 3358 5372 oblectabat
3411 5320 3649 5382 quatuor

2056 5387 2254 5442 anima:
2307 5389 2558 5456 virtutes,
2613 5409 2735 5452 eam
2790 5412 2914 5466 quae
2965 5399 3164 5454 rationi
3222 5404 3439 5472 proprie
3492 5403 3650 5457 attri-

2053 5477 2266 5542 buitur,
2315 5478 2420 5534 hoc
2469 5491 2575 5547 est,
2626 5485 2996 5554 prudentiam,
3033 5498 3150 5544 tum
3203 5493 3648 5558 temperantiam,

2059 5572 2555 5646 fortitudinemque
2599 5588 2654 5632 et
2709 5578 3017 5652 justitiam;
3057 5601 3121 5640 ac
3155 5587 3384 5655 proinde
3422 5590 3648 5642 virtutes

436 5749 548 5819 ('50)
576 5744 759 5806 Caute‘
777 5751 918 5818 lege,
949 5759 1000 5805 et
1028 5753 1150 5807 vide
1180 5765 1363 5807 notam
1400 5756 1464 5809 ad
1495 5772 1507 5810 ι
1545 5755 1638 5810 lib.
1671 5757 1722 5809 in
1745 5755 2090 5825 llexaemer.,
2127 5759 2184 5815 S.
2221 5762 2493 5819 Anastasii
2533 5763 2763 5821 Sinaita.

689 5843 960 5906 Ps'rnon.
1009 5846 1128 5908 GR.
1179 5848 1340 5909 CXI.

3262 5859 3328 5921 19
