4176 6446
608 306 710 366 587

1880 299 2052 358 MOSI
2067 300 2105 356 S
2149 298 2289 356 lilii
2329 295 2518 355 (ΖΕΓΗ
2536 295 2574 351 .\

3739 284 3843 347 588

601 417 794 469 anima:
836 418 1059 468 cmteras
1108 426 1324 482 quoque
1368 409 1577 463 fovebat
1633 410 1992 479 augebatque.
2036 409 2172 463 Sunt
2200 415 2249 472 Α
2276 388 2380 473 sui,
2411 420 2578 474 seque
2611 422 2677 460 eo
2700 406 3141 459 unooblectaret.
3175 404 3240 465 Et
3295 404 3558 457 mandavit
3595 401 3843 454 Bantinos

602 513 902 572 praeterea,
959 504 1052 573 qui
1112 504 1227 565 sic,
1296 509 1354 554 ut
1417 516 1511 571 per
1568 500 1786 554 [luvium
1848 501 2176 570 intelligatur

599 594 848 647 Christus
877 593 969 662 qui
1008 608 1102 647 sua
1138 592 1383 645 doctrina
1441 589 1737 645 Ecclesium
1790 591 2027 659 rigabat;
2063 590 2174 651 col-

599 685 800 753 legium
828 683 951 738 dico
979 684 1337 753 apostolicum
1366 686 1508 753 quod
1535 694 1650 738 erat
1676 684 1838 738 veluti
1870 684 2171 763 paradisus,

598 776 795 829 deinde
824 772 1087 829 evadebat
1120 788 1298 830 sectus
1330 775 1383 828 in
1415 787 1651 845 quatuor
1681 776 1879 842 capita,
1924 776 2025 828 hoc
2068 783 2171 835 est.

599 866 746 933 ipsos
779 877 1014 935 quatuor
1062 868 1443 937 evangelistas,
1494 869 1810 922 Matthzeum
1832 878 1864 930 ,'
1897 866 2171 927 Marcum,

600 954 839 1018 Lucam,
898 954 1205 1022 Joannem,
1273 966 1437 1027 alque
1490 959 1543 1011 hi
1597 958 1794 1012 deinde
1852 958 2170 1011 universum

596 1048 782 1100 orbem
822 1048 1167 1101 habitabilem
1206 1050 1551 1118 proluebant.
1604 1048 1809 1103 Nomen
1850 1051 2006 1127 unius
2042 1048 2171 1101 Phi-

597 1154 710 1201 son,
760 1140 801 1189 is
842 1147 916 1190 est
962 1139 1052 1207 qui
1100 1141 1286 1193 circuit
1329 1142 1625 1194 uniuersam
1675 1150 1868 1193 terram
1908 1140 2118 1193 Navita:
2152 1156 2170 1192 :

514 1242 521 1245 ‘
594 1222 641 1280 et
677 1227 749 1279 ibi
784 1238 858 1281 est
902 1246 1134 1294 aurum;
1168 1241 1217 1284 et
1252 1248 1443 1283 aurum
1484 1230 1597 1299 ejus
1638 1241 1792 1285 terrce
1838 1232 2025 1285 bonum
2056 1241 2169 1295 est;

594 1320 667 1370 ibi
696 1318 908 1383 bdellia,
941 1332 990 1373 et
1018 1322 1213 1389 lapides
1246 1322 1449 1393 berylli.

668 1409 861 1465 Phison
888 1415 1107 1480 mystice
1136 1415 1284 1481 quid.
1330 1445 1399 1453 —
1456 1415 1556 1469 Per
1600 1412 1890 1470 Phisoncm
1942 1400 2168 1469 ﬂuvium

600 1504 819 1573 intelligi
852 1515 1036 1574 potest
1083 1505 1218 1559 ﬂava
1269 1508 1391 1562 bilis
1418 1510 1521 1578 ,‘qui
1561 1509 1756 1562 humor
1790 1509 1863 1565 ,in
1924 1500 2169 1578 corporis

593 1594 814 1647 humani
864 1597 1254 1651 constitutione
1305 1600 1593 1655 laudabilis
1645 1610 1746 1653 est.
1795 1599 1927 1654 Nam
1981 1603 2168 1670 quieo

586 1682 796 1752 largius
842 1686 1053 1755 praediti
1105 1699 1252 1747 sunt.
1312 1689 1531 1758 ingenio
1574 1691 1777 1757 pollent
1833 1688 1943 1745 acri
2006 1702 2168 1762 atque

2279 498 2417 551 Deus
2455 499 2677 563 Adamo,
2712 498 2950 567 dixitque
2983 498 3083 566 ipsi
3118 496 3233 550 :De
3262 489 3506 550 omnibus
3544 497 3837 556 arboribus.

2277 607 2393 659 quin
2414 578 2534 643 sunt
2573 592 2625 644 in
2673 582 2960 661 paradiso,
3001 590 3199 642 edendo
3228 590 3346 643 edes
3374 605 3391 641 :
3421 598 3473 641 at
3506 589 3570 657 de
3600 591 3713 656 ipsa
3754 605 3846 640 ar.-

2279 688 2397 737 bore
2428 685 2654 738 scientia:
2681 686 2800 737 boni
2830 694 2877 737 et
2912 685 3059 745 mali,
3105 700 3166 736 ne
3199 681 3344 747 edas,
3390 683 3487 735 hoc
3520 691 3623 746 est,
3653 692 3845 733 exerce

2279 784 2329 829 te
2358 774 2777 844 cogitationibus
2810 777 2891 845 ,de
2930 776 3096 829 rebus
3143 775 3401 828 omnibus
3453 782 3567 826 tum
3598 780 3845 840 aspecta-

2277 865 2477 922 bilibus
2506 906 2518 927 .
2578 874 2688 919 tum
2738 883 2859 935 quae
2900 866 3013 919 sola
3058 866 3255 919 mentis
3296 863 3644 933 intelligentia
3674 862 3849 932 perci-

2276 958 2496 1023 piuntur
2524 974 2538 1024 ;
2567 958 2816 1026 apudque
2851 966 3001 1011 tuum
3027 958 3270 1010 animum
3299 956 3558 1008 meditare
3588 954 3843 1023 quisnam

2275 1048 2349 1101 sit
2386 1048 2596 1100 illarum
2622 1048 2842 1103 eﬂ'ector
2871 1058 2922 1102 et
2954 1062 3168 1117 parens,
3201 1055 3254 1101 et
3277 1045 3549 1114 quomodo
3578 1046 3843 1099 sintcon-

2276 1138 2434 1202 diue;
2474 1148 2729 1207 totusque
2764 1148 2881 1194 esto
2914 1140 2967 1191 in
3011 1138 3320 1193 meditando
3358 1151 3417 1189 ea
3448 1150 3568 1205 quae
3601 1135 3701 1188 sibi
3739 1134 3848 1187 illis

2280 1231 2505 1300 mystice
2536 1232 2705 1283 latent
2733 1246 2747 1295 ;
2793 1246 3028 1300 cumque
3056 1246 3121 1283 ex
3161 1245 3340 1283 rerum
3370 1230 3582 1283 illarum
3608 1226 3849 1297 pulchri-

2277 1321 2463 1374 tudine
2504 1332 2690 1389 raptus
2732 1321 2922 1392 lueris,
2947 1321 3003 1375 in
3046 1320 3457 1375 admirationem
3486 1359 3501 1384 ,
3534 1327 3661 1372 tunc
3701 1318 3852 1383 ipsa-

2272 1426 2391 1463 rum
2420 1411 2699 1467 Conditori
2724 1414 2924 1483 gratias
2942 1413 3103 1483 agita,
3117 1427 3350 1482 eumque
3369 1411 3619 1489 laudibus
3638 1408 3756 1463 eﬂet
3770 1416 3851 1462 to.

2274 1500 2429 1566 Quod
2465 1517 2627 1571 porro
2674 1504 2941 1573 sequitur,
2991 1504 3060 1557 ab
3105 1502 3301 1566 arbore
3338 1501 3580 1556 scientia:
3614 1499 3742 1579 boni
3794 1509 3850 1552 et

2273 1594 2397 1647 mali
2450 1594 2827 1648 abstinendum
2874 1610 3015 1659 esse,
3063 1594 3331 1664 significat
3370 1593 3518 1646 illum
3574 1589 3848 1645 curiosius

2275 1685 2550 1753 inquirere
2580 1701 2684 1739 non
2711 1685 2964 1741 debuisse
3008 1687 3061 1739 in
3097 1686 3263 1747 Deum
3300 1686 3502 1754 ipsum,
3538 1684 3668 1754 quid
3700 1692 3848 1738 esset

589 1789 913 1829 arcanorum
960 1775 1054 1829 Dei
1105 1778 1461 1847 mysticorum
1498 1780 1829 1850 cognitione,
1881 1790 1934 1835 et
1979 1797 2162 1836 rerum
2198 1778 2238 1832 B
2271 1786 2325 1830 et
2358 1777 2632 1845 quomodo
2652 1778 2959 1845 exsisteret,
2988 1788 3043 1833 et
3069 1780 3329 1834 unicusne
3354 1793 3421 1831 an
3451 1778 3637 1847 plures
3657 1784 3848 1831 essent

586 1868 929 1923 conditarum
963 1873 1231 1939 scientia;
1280 1874 1382 1928 hoc
1418 1884 1520 1939 est,
1556 1877 1863 1939 divinarum
1888 1886 1940 1931 et
1970 1876 2164 1930 buma-

587 1973 779 2012 narum
818 1974 999 2014 rerum
1040 1978 1275 2031 capace;
1306 1967 1447 2032 quod
1481 1966 1722 2033 profecto
1748 1967 1915 2019 multo
1948 1982 2081 2020 auro
2112 1978 2165 2021 et

586 2048 942 2117 margaritis,
999 2051 1380 2120 lapidibusque
1437 2056 1687 2122 pretiosis
1750 2054 2159 2108 anteferendum

584 2146 691 2201 est,
720 2140 857 2192 sicut
884 2141 959 2193 ait
986 2139 1193 2197 Psaltes
1227 2142 1389 2197 David
1432 2162 1445 2197 :
1485 2146 1766 2215 Propterea
1803 2150 1977 2201 amavi
2012 2166 2160 2200 man-

582 2228 711 2281 data
770 2237 859 2281 tua
917 2231 1140 2283 multum
1188 2224 1606 2302 supra’anrnm,
1640 2248 1688 2291 et
1735 2238 1956 2290 multum
1998 2255 2161 2308 supra

586 2320 793 2388 lapides
847 2326 1100 2389 pretiosos
1152 2325 1216 2378 ⁵³.
1256 2325 1438 2381 Potest
1488 2330 1649 2382 etiam
1706 2346 1798 2399 per
1867 2330 2158 2384 Phisonem

582 2414 753 2480 accipi
794 2429 854 2466 ea
902 2416 1073 2468 virtus
1122 2418 1288 2470 animi
1344 2434 1461 2486 qua:
1486 2422 1711 2475 rationis
1762 2423 1977 2490 propria
2034 2432 2156 2484 est;

586 2505 925 2571 prudentiam
979 2505 1124 2561 dico.
1167 2506 1349 2562 Potest
1391 2527 1608 2579 quoque
1669 2512 1881 2567 Marcus
1927 2528 2161 2581 evange-

584 2592 703 2644 lista
745 2594 1000 2647 Phisunis
1034 2597 1251 2649 nomine
1297 2599 1543 2666 signatus
1582 2600 1828 2671 intelligi,
1862 2610 1917 2653 ut
1966 2602 2016 2653 in
2047 2616 2157 2671 quo

586 2680 753 2733 robur
790 2681 1163 2751 l'ortitudoque
1198 2687 1393 2740 enituit
1434 2704 1519 2741 res
1556 2705 1785 2759 superas
1826 2692 2152 2759 explicandi.

580 2768 648 2820 Et
699 2787 881 2837 nomen
932 2773 1082 2839 [lurii
1134 2778 1369 2840 secundi,
1430 2776 1622 2844 Cilion,
1655 2781 1696 2831 is
1742 2791 1816 2833 est
1850 2784 1937 2844 qui
1968 2784 2151 2834 circuit

583 2877 783 2911 omnem
820 2874 1019 2915 terram
1047 2864 1187 2917 Cinis
1223 2880 1239 2917 :
1274 2876 1322 2919 ct
1349 2884 1533 2921 nomen
1559 2872 1707 2937 ﬂuvii
1740 2874 1917 2936 tertii,
1952 2872 2154 2936 Diklat,

577 2949 671 3016 qni
726 2953 764 3001 it
813 2955 1062 3008 adversus
1126 2960 1289 3009 Assur
1349 2976 1365 3009 .'
1426 2972 1473 3012 et
1526 2963 1717 3028 ﬂuvius
1787 2976 2005 3032 quartus
2056 2976 2153 3028 est,

582 3038 799 3095 l‘eratlt.
840 3043 1106 3099 Giltonem
1142 3060 1316 3111 vocat,
1352 3056 1638 3105 humorem
1672 3071 1793 3106 eum
1830 3073 1991 3123 quem
2029 3073 2154 3112 san-

2272 1864 2382 1934 dii;
2419 1868 2523 1922 huc
2548 1866 2695 1921 enini
2729 1869 2947 1938 penitus
2978 1872 3379 1939 procedendum
3411 1869 3483 1923 illi
3515 1884 3624 1922 non
3652 1867 3841 1928 fuisse.

2272 1968 2557 2027 propterea
2588 1960 2730 2027 quod
2776 1964 2955 2017 adhuc
2989 1964 3054 2018 ad
3088 1964 3237 2017 illius
3265 1962 3407 2016 modi
3438 1977 3524 2017 res
3552 1960 3847 2029 capiendas

2272 2062 2379 2099 non
2406 2048 2535 2102 satis
2566 2048 2792 2116 polleret
2812 2052 2957 2105 illius
2987 2066 3161 2106 mens.
3206 2051 3339 2115 Quia
3367 2067 3468 2120 quo
3492 2050 3577 2103 die
3604 2049 3845 2102 comedas

2270 2136 2333 2188 de
2361 2149 2639 2207 eahmorte
2672 2142 2955 2205 morieris;
2992 2156 3054 2195 ac
3084 2142 3130 2195 si
3165 2142 3311 2195 dicat
3344 2158 3357 2194 :
3400 2139 3518 2205 Quo
3546 2139 3632 2192 die
3665 2147 3845 2191 tecum

2271 2229 2544 2297 ambigere
2566 2232 2798 2298 creperis
2836 2248 3043 2286 unusne
3071 2232 3210 2286 Deus
3242 2233 3313 2286 sit
3343 2233 3641 2303 anplurcs,
3677 2237 3844 2297 atque
3868 2244 3889 2265 λ

2272 2319 2323 2371 in
2362 2320 2674 2393 opinionem
2728 2322 2964 2389 plurium
3011 2323 3289 2387 incideris,
3325 2331 3550 2374 mortem
3599 2330 3845 2388 oppetes,

2269 2422 2320 2461 et
2354 2412 2623 2477 peccando
2652 2421 2703 2464 et
2738 2421 2808 2472 te,
2842 2426 2869 2462 a
2894 2426 3001 2476 me,
3032 2412 3386 2465 subducenda
3412 2410 3840 2478 alienandoque,

2268 2500 2360 2567 qui
2393 2516 2513 2554 sum
2553 2515 2713 2555 verus
2736 2502 2895 2556 Deus.
2927 2486 3135 2572 Quippe
3168 2505 3216 2556 id
3247 2503 3320 2555 illi
3354 2504 3555 2567 evenit,
3585 2518 3690 2555 una
3716 2517 3843 2555 cum

2272 2604 2441 2641 uxore
2473 2586 2581 2642 Eva
2612 2592 2811 2643 diaboli
2848 2591 3038 2645 fraude
3066 2594 3292 2646 seducto
3332 2611 3344 2645 :
3398 2593 3488 2660 qui
3533 2591 3843 2663 nontmodo

2268 2689 2407 2728 esca:
2453 2677 2720 2731 illecebris
2760 2680 2908 2747 ipsos
2957 2678 3166 2743 fefellit,
3222 2680 3316 2734 sed
3349 2680 3622 2747 persuasit
3675 2681 3839 2733 etiam

2268 2768 2451 2837 plures
2492 2784 2612 2823 esse
2642 2772 2796 2835 deos,
2837 2772 2967 2824 dum
3012 2772 3214 2825 diceret
3252 2788 3266 2825 :
3324 2770 3383 2826 Si
3415 2772 3746 2825 comederitis
3776 2770 3843 2824 de

2266 2876 2325 2912 ea
2360 2861 2566 2925 arbore,
2614 2864 2763 2921 eritis
2814 2864 2943 2915 sicut
2997 2864 3093 2917 dii.
3136 2862 3233 2918 llic
3267 2863 3397 2934 illud
3433 2865 3596 2917 etiam
3652 2862 3845 2918 obser-

2267 2954 2503 3005 vandum
2566 2962 2649 3005 est
2696 2972 2709 3006 :
2764 2954 2893 3007 Adtﬂ
2947 2964 3109 3023 atque
3153 2956 3332 3016 uxori.
3392 2955 3587 3009 arbore
3623 2964 3838 3011 tantum

2266 3045 2507 3096 scientia:
2557 3046 2904 3098 interdictum
2946 3061 3065 3099 esse
3097 3061 3165 3101 ne
3204 3046 3272 3100 ad
3324 3062 3443 3100 eam
3494 3050 3841 3115 accederent,

580 3128 797 3193 guinem
850 3130 1113 3197 dicimus;
1156 3134 1347 3199 lelat,
1394 3156 1517 3192 eum
1561 3158 1718 3210 quem
1759 3121 2006 3211 pituitam
2045 3162 2145 3199 γυ,
2184 3121 2226 3178 C
2265 3150 2459 3204 nempe
2513 3139 2641 3204 qm“
2697 3140 2938 3189 “omum
2992 3137 3112 3205 elus
3144 3152 3371 3206 capaces
3422 3149 3619 3205 erm“;
3668 3148 3722 3192 3‘
3774 3141 3847 3209 ἀεὶ

578 3231 799 3283 camus;
852 3220 1087 3289 denique
1140 3224 1361 3289 I’erath,
1406 3232 1555 3283 illum
1601 3250 1760 3301 quem
1812 3236 2149 3303 appellamus

579 3306 739 3359 bilem
779 3316 974 3373 atram,
1031 3322 1087 3366 ut
1118 3315 1190 3367 ait
1226 3316 1286 3368 Ι).
1326 3318 1560 3373 Iacobus
1602 3326 1913 3377 Urioliaita.
1948 3328 2151 3380 Possu-

580 3410 704 3447 mus
739 3410 957 3464 quoque
1007 3415 1101 3466 per
1133 3402 1398 3459 Uiliouem
1448 3411 1742 3479 intelligere
1788 3428 1903 3464 eam
1958 3417 2154 3469 anima:

579 3485 832 3539 virtutem
866 3503 987 3553 qua:
1016 3497 1368 3559 temperantia
1402 3497 1641 3563 dicitur;
1678 3517 1773 3568 per
1804 3501 2000 3564 Diklat,
2034 3520 2153 3557 cam

578 3591 701 3645 qine
736 3577 801 3630 ad
842 3592 1048 3647 partem
1092 3585 1285 3638 anima:
1329 3590 1654 3642 irascibilem
1692 3593 1808 3645 sive
1850 3595 2152 3649 animosam

582 3668 847 3735 pertinet;
885 3674 983 3725 hoc
1007 3686 1107 3737 est,
1158 3674 1555 3745 fortitudinem,
1606 3694 1658 3735 et
1702 3684 2014 3751 leuitatem;
2062 3703 2158 3757 per

582 3758 778 3812 l’erath
828 3761 1061 3831 denique
1092 3807 1105 3829 ,
1153 3768 1443 3835 justitiam.
1498 3771 1707 3827 llursus
1759 3775 1933 3829 Gilion
1978 3789 2157 3845 potest

580 3847 893 3905 Manlia:qu
926 3854 1232 3924 signiﬁcare
1256 3863 1665 3931 evangelistam;
1696 3864 1890 3929 Dtklat,
1917 3867 2166 3940 Lucamj;

579 3938 781 3993 Perath
822 3940 1108 4002 Joannem.
1166 3946 1229 4001 Et
1284 3956 1483 4021 accepit
1519 3955 1791 4010 Dominus
1822 3958 1971 4013 Deus
2012 3938 2159 4015 Ada-

580 4049 744 4097 mum,
779 4045 827 4087 et
872 4040 1044 4104 posuit
1074 4045 1242 4109 ipsum
1268 4046 1327 4097 in
1361 4052 1615 4114 paradiso
1646 4049 1817 4106 Eden.
1859 4052 2155 4123 Postquam

580 4128 913 4182 condidisset
940 4131 1081 4187 Deus
1112 4136 1401 4204 Adamum,
1435 4141 1656 4195 sustulit
1683 4143 1861 4212 ipsum
1892 4146 2038 4201 illinc
2065 4148 2157 4203 ubi

584 4226 802 4271 creatus
834 4220 1031 4288 luerat,
1070 4233 1124 4276 et
1159 4228 1397 4281 traduxit
1433 4230 1485 4281 in
1522 4234 1835 4299 paradisum
1898 4237 2161 4305 spirituac

584 4308 838 4371 lem,ltoc
882 4323 986 4377 est,
1040 4316 1091 4366 in
1126 4318 1287 4370 vitam
1323 4320 1559 4386 lcliCeni,
1606 4333 1660 4377 ut
1710 4326 2039 4395 voluptatem
2073 4346 2164 4384 ea-

580 4410 734 4465 perct
776 4416 842 4455 ex
886 4404 1236 4462 meditatione
1280 4427 1465 4466 rerum
1501 4417 1868 4480 conditarum,
1899 4432 2063 4490 atque
2094 4439 2159 4477 ex

584 4488 783 4544 divinae
815 4496 1049 4552 notionis
1082 4499 1244 4553 radiis
1287 4504 1487 4570 quibus
1521 4507 1692 4575 ipsius
1727 4526 1882 4565 mens
1916 4488 2157 4569 illustra-

584 4581 747 4635 batur
799 4587 1119 4655 angelorum
1167 4606 1317 4647 more
1352 4636 1366 4659 ,
1423 4602 1880 4666 quemadmodum
1933 4605 1984 4657 in
2045 4606 2164 4675 ipso

582 4687 1156 4747 quoque.corporato
1236 4690 1491 4754 paradiso
1556 4693 1952 4750 oblectabatur.
2026 4697 2163 4751 Cum

578 4768 727 4819 enim
762 4768 992 4837 duplicis
1025 4788 1170 4830 esset
1218 4783 1552 4838 conditionis
1602 4789 1930 4853 paradisus;
1976 4800 2165 4860 quate-

574 4868 687 4907 Jtus
717 4857 1014 4925 spiritualis
1064 4878 1197 4931 erat,
1243 4870 1549 4925 delectabat
1594 4875 1722 4929 Adae
1752 4857 2160 4934 animuutcon-

584 4949 1067 5015 templationibus;
1110 4972 1379 5026 quatenus
1422 4981 1547 5018 vero
1602 4974 1944 5037 corporatus,
1990 4973 2156 5025 arbo-

584 5037 733 5091 ribus
762 5040 1155 5116 lructibusque,
1187 5051 1329 5107 illius
1362 5070 1559 5124 corpus
1587 5064 1889 5115 reei'cabat.
1948 5064 2013 5115 Ut
2036 5081 2155 5117 cum

582 5129 775 5181 coleret
802 5142 1189 5195 et.custodiret.
1232 5142 1436 5201 Idcirco
1474 5149 1692 5218 (inquit)
1731 5154 1970 5207 traduxit
2004 5156 2153 5208 illunt

588 5217 642 5271 in
680 5235 804 5275 eum
850 5228 1185 5293 spiritualem
1222 5248 1272 5291 et
1314 5241 1533 5296 beatum
1570 5246 1784 5299 vivendi
1819 5250 2065 5314 modum,
2106 5259 2163 5302 ut

589 5312 645 5371 in
677 5321 793 5387 ipso
825 5337 945 5378 sese
1001 5340 1277 5384 exerceret
1306 5348 1401 5400 per
1448 5337 1649 5403 probas
1697 5339 2058 5405 cogitationes
2115 5350 2169 5394 et

591 5423 769 5463 rectas
808 5414 1189 5471 meditationes
1214 5437 1334 5489 qua:
1362 5425 1625 5481 cirea'res
1656 5429 1910 5483 conditas
1942 5448 2171 5487 versen-

588 5512 704 5565 tur,
758 5504 1041 5577 ipsumque
1093 5514 1411 5571 observaret
1458 5522 1605 5575 omni
1670 5524 1953 5591 proposito
2008 5524 2175 5577 animi

668 5666 709 5696 ⁷³³
742 5664 885 5723 Dsal.
927 5686 1107 5741 eam],
1142 5677 1227 5729 7‘2.

2268 3232 2462 3283 arbore
2494 3232 2611 3283 vitae
2642 3231 2774 3283 nihil
2802 3246 2924 3285 esse
2951 3238 3276 3301 praeceptum
3309 3232 3525 3300 quidem
3562 3234 3698 3304 lege,
3740 3236 3837 3288 sed

2270 3336 2369 3391 pro
2403 3323 2649 3375 custodia
2680 3322 2794 3387 ejus
2841 3326 3072 3391 positum
3103 3325 3320 3378 Cherub
3354 3333 3409 3378 et
3438 3329 3610 3381 aciem
3647 3327 3842 3396 gladii,

2273 3413 2527 3463 nimirum
2574 3421 2630 3465 ut
2672 3426 2735 3465 ea
2768 3428 2824 3465 re
2855 3413 3211 3481 signiﬁcetur,
3260 3430 3354 3468 eos
3394 3415 3653 3489 mortales
3702 3419 3846 3485 (sive

2271 3503 2487 3571 pristini
2522 3504 2669 3555 illius
2722 3506 2838 3556 sive
2872 3504 3030 3569 hujus
3084 3505 3363 3574 temporis,
3407 3508 3496 3574 qui
3552 3521 3660 3560 non
3702 3509 3843 3562 satis

2273 3596 2411 3647 lirmi
2451 3605 2575 3647 sunt
2607 3596 2669 3651 ad
2702 3580 3116 3648 commentanda
3174 3614 3234 3650 ea
3285 3613 3405 3666 qute
3443 3598 3507 3651 ad
3546 3581 3845 3653 sacrosan-

2274 3697 2413 3741 ctam
2469 3687 2787 3741 Trinitatem
2857 3696 3144 3755 spectant;
3225 3704 3391 3741 unum
3464 3690 3672 3763 scilicet
3719 3706 3848 3748 esse

2277 3775 2469 3842 Deum,
2528 3793 2788 3845 personas
2840 3794 2967 3831 vero
3013 3788 3143 3843 tres,
3193 3787 3358 3849 atque
3408 3780 3479 3834 ita
3514 3779 3846 3837 Trinitatem

2273 3885 2394 3923 esse
2431 3870 2484 3920 iu
2544 3873 2771 3935 unitate,
2818 3878 2872 3923 et
2919 3885 3136 3943 rursum
3184 3856 3446 3925 unitatem
3490 3872 3543 3933 iu
3578 3872 3851 3947 Triqitate

2280 3962 2443 4033 (hanc
2480 3964 2623 4014 enim
2664 3978 2784 4015 esse
2831 3963 3081 4015 arborem
3115 3964 3261 4027 vitae,
3301 3978 3468 4033 supra
3512 3954 3850 4019 memoravi-

2280 4056 2465 4118 mus):
2501 4054 2544 4105 si
2575 4062 2841 4105 conentur
2888 4068 2979 4120 per
3011 4054 3366 4107 temeritatem
3412 4055 3505 4109 illo
3536 4066 3849 4123 penetrare,

2278 4144 2451 4210 deque
2500 4143 2712 4196 arcanis
2762 4142 2867 4195 illis
2903 4152 2985 4209 et‘
3011 4143 3248 4211 cogitare
3275 4152 3329 4196 et
3362 4144 3551 4213 loqui:
3607 4162 3727 4208 eos.
3763 4150 3855 4202 in-

2278 4250 2465 4305 quam,
2500 4235 2739 4289 coerceri
2790 4236 3086 4303 repellique
3129 4238 3284 4304 quasi
3314 4252 3343 4289 a
3369 4237 3595 4291 custode
3628 4238 3853 4292 Cherub

2277 4339 2331 4383 et
2356 4331 2540 4383 lancea
2565 4330 2798 4397 quadam
2830 4331 2979 4397 ignea
3002 4330 3302 4400 fulgoribus
3335 4329 3569 4383 micante
3594 4330 3855 4399 ipsosque

2276 4421 2584 4473 deterrente
2633 4430 2793 4487 atque
2834 4435 3060 4475 accessu
3099 4422 3441 4485 prohibente.
3497 4419 3563 4471 Et
3600 4421 3850 4487 formavit

2283 4512 2533 4566 Dominus
2592 4511 2727 4564 Deus
2794 4530 2820 4564 e
2872 4522 3013 4564 terra
3062 4528 3267 4566 omnem
3325 4512 3547 4564 bestiam
3601 4513 3755 4581 agri,
3802 4521 3852 4564 et

2274 4605 2775 4658 omnent.volucrem
2807 4606 2942 4657 caeli.
2985 4602 3110 4658 llaec
3140 4604 3324 4665 verba,
3346 4613 3507 4672 atque
3531 4603 3642 4657 hinc
3671 4604 3852 4658 oratio

2264 4697 2331 4751 de
2363 4697 2527 4750 rebus
2577 4697 2709 4764 ipsis
2742 4696 3011 4749 duntaxat
3054 4695 3402 4763 interpretari
3450 4702 3701 4763 possunt,
3742 4709 3852 4748 non

2263 4788 2509 4843 etiamad
2530 4789 2780 4855 spiritum
2806 4786 3225 4840 accommodari.
3247 4786 3410 4857 Igitur
3431 4799 3551 4854 qua:
3568 4800 3854 4840 commen-

2267 4885 2407 4936 tario
2427 4882 2708 4951 superiore
2732 4880 2797 4935 de
2823 4880 2955 4949 ipsis
2977 4888 3105 4933 sunt
3129 4896 3157 4933 a
3189 4881 3344 4933 nobis
3376 4878 3538 4941 dicta,
3563 4878 3856 4936 subiciant.

2273 4965 2588 5044 Etlimmisil
2622 4972 2876 5024 Dominus
2899 4971 3032 5025 Deus
3060 4973 3281 5041 quietem
3299 4970 3434 5039 (aut.
3460 4980 3516 5022 ut
3548 4969 3708 5022 habet
3750 4968 3861 5025 lle-

2272 5069 2501 5127 braeum,
2524 5066 2783 5131 somnum)
2804 5065 2854 5116 in
2879 5065 3157 5125 Adamum,
3181 5072 3228 5115 et
3260 5062 3543 5115 dormivit:
3567 5070 3615 5113 et
3642 5062 3857 5115 sustuli‘

2264 5176 2422 5211 unam
2452 5173 2477 5209 e
2513 5157 2667 5207 costis
2702 5157 2889 5222 ipsius,
2920 5156 3212 5222 clausitque
3246 5170 3399 5206 carne
3429 5154 3541 5221 ejus
3569 5155 3761 5218 locum,
3803 5152 3855 5205 ιι

2270 5250 2599 5304 concinnavit
2636 5248 2883 5300 Dominus
2936 5247 3070 5299 Deus
3114 5260 3177 5297 ea:
3200 5255 3344 5297 costa
3387 5260 3543 5313 quam
3565 5252 3857 5311 sumpserat
3922 5246 3927 5249 ’

2276 5359 2338 5397 ea:
2392 5342 2616 5405 Adamo,
2646 5342 2915 5409 feminam.
2939 5338 3091 5404 Quod
3128 5354 3189 5391 ex
3212 5339 3419 5393 Adamo
3450 5352 3645 5403 sopore
3662 5338 3859 5391 obruto

2282 5442 2497 5501 sumpta
2524 5444 2604 5486 est
2636 5444 2808 5493 costa,
2861 5443 3021 5503 atque
3059 5446 3120 5483 ex
3174 5431 3275 5483 hac
3311 5430 3451 5482 laeta
3496 5427 3603 5481 Eva
3630 5466 3644 5494 ,
3679 5442 3860 5483 sacra-

2286 5536 2530 5581 mentum
2575 5534 2660 5578 est
2716 5524 2997 5592 sanguinis
3051 5532 3103 5577 et
3150 5537 3405 5590 aquteex
3437 5521 3639 5576 Christi
3690 5522 3859 5575 latere
