4024 6486
221 348 361 415 ssi

1324 351 1417 410 DE
1457 323 1855 411 PliRADlSO.
1899 372 1967 383 —
1999 346 2194 407 PARS
2235 344 2315 403 II.

3353 334 3463 397 590

222 458 612 527 proﬂuentium,
672 469 960 531 postquam
1022 461 1075 516 in
1117 477 1281 518 cruce
1321 463 1773 527 obdormivisset;
1807 476 1849 533 Α
1881 470 1963 515 ret
1998 460 2209 515 hortata
2241 464 2345 524 est,
2382 458 2428 511 is
2459 471 2585 509 vero
2617 454 2806 509 uxoris
2840 451 3000 507 dictis
3043 458 3128 507 est
3172 464 3449 511 assensus,

208 552 399 623 quibus
433 554 728 608 constituta
778 564 858 608 est
902 567 1249 611 sacrosancta
1292 556 1533 612 Ecclesia
1574 566 1756 621 :tum,

216 642 339 709 quod
375 658 439 695 ex
486 644 650 699 latere
688 645 877 699 Adami
910 648 1278 715 excipiebatur
1309 649 1442 711 Eva,
1468 660 1625 719 typus
1661 648 1763 702 fuit

216 727 436 785 fodiendi
470 733 595 785 olim
646 734 829 789 lateris
880 736 1105 804 Christi,
1138 755 1203 794 ex
1254 756 1363 809 quo
1394 749 1577 795 essent
1609 739 1765 793 rillu-

214 834 345 873 Xuraa
398 837 550 891 aqua:
592 825 713 879 vitae
761 835 814 881 et
869 829 1061 883 vitales
1121 832 1545 901 salutaresque;
1586 847 1761 900 aquae.

215 911 444 981 inquam,
479 917 617 971 sacri
652 919 902 985 baptismi
935 922 1025 990 qui
1078 931 1161 977 est
1206 934 1377 978 mater
1417 926 1670 994 mystica,
1702 939 1764 978 ex

214 1016 303 1069 qua
332 1020 439 1057 una
470 1017 825 1074 procreantur
851 1012 943 1065 lilii
976 1014 1097 1065 novi
1137 1014 1202 1068 ad
1236 1014 1395 1068 vitam
1429 993 1765 1085 spiritualein

213 1104 363 1162 atque
407 1098 789 1165 sempiternam
847 1122 887 1158 εν
922 1106 1065 1159 sicut
1123 1106 1226 1160 Eva
1284 1123 1499 1177 quoque
1542 1124 1662 1176 qua:
1701 1124 1767 1164 ex

216 1185 402 1239 Adami
456 1189 626 1245 latere
680 1195 901 1261 prodiit,
954 1207 1128 1250 mater
1185 1199 1365 1253 omnis
1409 1199 1644 1253 viventis
1688 1208 1771 1254 est

212 1279 491 1347 appellata.
544 1282 607 1335 Et
661 1302 871 1356 serpens
934 1292 1163 1343 astutior
1189 1301 1306 1345 erat
1354 1291 1594 1346 omnibus
1648 1294 1768 1347 ani-

212 1370 425 1423 malibus
470 1376 610 1443 agri,
666 1394 781 1445 qua:
813 1379 1008 1447 fecerat
1044 1380 1299 1435 Dominus
1335 1381 1495 1437 Deus.
1541 1383 1774 1453 Serpen-

211 1470 304 1515 tem
333 1474 494 1518 vocat
530 1468 844 1537 diabolum;
886 1474 1033 1528 illum
1070 1475 1176 1529 Deo
1201 1479 1477 1542 rebellem,
1507 1478 1770 1532 mendacii

215 1564 435 1623 patrem,
473 1556 723 1613 humanae
767 1573 973 1619 naturae
1004 1567 1396 1641 impostorem;
1430 1586 1571 1633 nam
1612 1570 1772 1624 etiam

211 1644 322 1699 alibi
358 1648 413 1701 in
445 1653 613 1706 sacris
640 1652 875 1717 Litteris,
906 1657 1239 1731 ille‘serpens
1263 1663 1563 1732 appellatur
1591 1682 1603 1717 :
1632 1662 1772 1731 Feci,

213 1735 379 1806 inquit
410 1738 693 1804 Dominus.
725 1746 865 1800 vobis
894 1758 1198 1817 potestatem
1226 1752 1469 1807 calcandi
1513 1760 1774 1820 sei'pentes

1878 566 2039 624 atque
2089 556 2140 606 in
2197 553 2412 607 easdem
2471 543 2827 619 cogitationes
2880 545 3129 601 incubuit
3191 562 3204 598 :
3267 543 3460 612 Aperti

1871 656 1991 698 sunt
2038 645 2178 698 oculi
2225 644 2499 697 amborum
2536 651 2585 695 et
2630 650 2979 709 cognoverunt
3033 638 3171 704 quod
3217 637 3347 688 nudi
3374 650 3461 688 es-

1872 745 2006 790 sent.
2078 734 2349 804 Evestigio
2404 734 2604 788 violata
2674 732 2789 800 lege
2845 730 2959 793 Dei,
3023 726 3293 797 patefacti
3331 738 3458 780 sunt

1875 829 2117 897 ipsorum
2150 827 2296 881 oculi
2332 842 2344 881 :
2388 842 2495 879 non
2540 825 2685 895 quod
2717 823 2769 876 in
2800 822 2930 875 deos
2961 820 3072 889 jam
3111 830 3220 874 tum
3253 817 3457 872 evasis-

1874 928 2013 980 sent,
2038 921 2089 972 in
2113 934 2272 987 quam
2304 931 2453 983 spem
2485 917 2632 985 ipsos
2653 914 2955 968 adduxerat
2977 913 3211 975 daemon,
3245 910 3338 965 sed
3365 910 3457 969 ita,

1878 1020 1936 1066 ut
1987 1011 2477 1065 animadverterent
2515 1023 2666 1063 suam
2704 1006 3038 1069 nuditatem;
3071 1004 3174 1058 hoc
3234 1014 3335 1066 est,
3368 1002 3447 1054 ad

1877 1113 2051 1172 empta
2079 1112 2161 1158 est
2192 1102 2325 1172 ipsis
2353 1102 2499 1171 prior
2536 1101 2626 1155 illa
2656 1094 3172 1155 cerneudi'faoultas
3200 1094 3458 1164 spiritua-

1878 1195 1945 1250 lis
1962 1202 2126 1265 atque
2149 1194 2390 1264 angelica
2417 1209 2524 1263 qua
2551 1192 2771 1247 fuerant
2793 1190 3027 1261 praediti,
3055 1186 3457 1243 intellexerunt-

1879 1303 2004 1355 que,
2038 1287 2225 1355 sejam
2258 1285 2396 1340 felici
2438 1285 2525 1339 illa
2560 1284 2653 1338 Dei
2696 1285 2868 1355 gratia
2905 1296 3029 1337 esse
3055 1281 3317 1351 spoliatos
3349 1291 3456 1347 qua

1880 1388 2171 1449 antequam
2202 1380 2467 1443 adversus
2512 1377 2687 1447 legem
2739 1376 3019 1437 fecissent,
3068 1369 3167 1428 sua
3213 1374 3460 1440 ipsorum

1880 1488 2107 1540 corpora
2163 1472 2325 1526 veluti
2358 1472 2530 1525 velata
2580 1470 2815 1525 fuerant.
2859 1468 2929 1521 Et
2974 1467 3465 1535 conglutinaverunt

1882 1566 2012 1635 folia
2056 1566 2304 1634 ﬁculnea,
2352 1565 2686 1633 feceruntque
2734 1563 2839 1617 sibi
2891 1558 3247 1628 subligaculo.
3310 1554 3464 1609 Folia

1883 1657 2112 1712 ﬁculnea
2171 1666 2327 1711 vocat
2390 1657 2633 1726 ipsorum
2715 1642 2951 1717 manus;
3016 1652 3255 1705 referunt
3316 1647 3465 1702 cnim

1886 1763 2089 1802 manus
2113 1762 2315 1809 .eorum
2350 1746 2605 1801 foliorum
2648 1747 2901 1815 figuram.
2946 1742 3112 1809 Quasi
3146 1742 3307 1800 dicat,
3337 1748 3462 1792 cum

209 1837 254 1881 et
299 1834 618 1898 scorpiones.
649 1836 714 1891 ".
776 1837 840 1893 Et
891 1841 1021 1895 alibi
1075 1845 1336 1912 scriptum
1385 1854 1469 1900 est
1519 1864 1531 1896 :
1574 1845 1778 1901 Occidit
1812 1877 1852 1931 Β
1881 1854 1939 1894 se
1971 1838 2148 1895 nudos
2178 1854 2298 1893 esse
2338 1837 2868 1896 animadverterent,
2906 1834 3155 1890 manibus
3200 1847 3299 1887 sua
3335 1845 3473 1885 cono.

213 1937 391 1974 manus
451 1925 618 1991 ipsius
682 1940 965 1996 serpentem
1020 1936 1374 2005 transfugam.
1439 1939 1545 1995 sive
1596 1939 1780 2005 fugitio

212 2023 323 2061 vum
360 2012 431 2067 °‘.
462 2014 732 2082 Angelicae
773 2034 898 2071 vero
933 2019 1157 2075 virtutes
1208 2025 1545 2092 appellantur
1572 2026 1781 2079 anima-

208 2098 423 2169 lia,quo
448 2106 666 2159 nomine
695 2107 812 2161 illas
845 2108 1158 2179 Scripturas
1198 2115 1339 2183 apud
1370 2115 1708 2187 Ezechielem
1735 2118 1780 2148 "

208 2207 426 2261 quoque
452 2206 609 2251 vocat
645 2198 696 2252 in
725 2211 938 2256 ostento
970 2204 1082 2257 illo.
1119 2206 1323 2260 Dicitur
1353 2218 1532 2263 autem
1561 2225 1782 2277 serpens

210 2286 437 2339 astutior
458 2289 712 2343 omnibus
738 2292 1085 2357 animalibus,
1110 2296 1236 2364 quia
1270 2298 1528 2367 angelicae
1557 2300 1782 2369 virtutes

209 2390 430 2445 prorsus
459 2378 527 2432 ab
562 2384 707 2435 omni
747 2384 946 2461 malitia
977 2396 1137 2455 atque
1164 2397 1282 2442 astu
1314 2404 1499 2443 vacuae
1530 2399 1696 2454 sunt;
1727 2398 1783 2444 at

196 2468 450 2541 diabolus
478 2470 626 2524 Vafer
655 2481 737 2527 est
766 2484 819 2528 et
860 2477 1139 2546 improbus
1173 2494 1399 2546 prorsus
1434 2497 1448 2533 :
1478 2480 1546 2533 Et
1575 2482 1649 2533 ait
1670 2496 1783 2534 ser-

206 2574 326 2622 pens
365 2562 433 2612 ad
462 2563 735 2617 mulierem
764 2580 780 2617 :
826 2565 953 2619 Vere
981 2568 1117 2619 dixit
1158 2568 1313 2635 Deus,
1349 2586 1411 2623 ne
1444 2571 1780 2625 comederetis

207 2651 267 2704 de
291 2653 533 2706 omnibus
570 2655 847 2709 arboribus
876 2658 1137 2724 paradisi,
1182 2660 1285 2715 hoc
1322 2668 1425 2725 est,
1461 2660 1617 2727 plane
1649 2660 1785 2714 dixit

206 2743 357 2797 vobis
410 2743 555 2799 Deus
606 2764 619 2800 :
662 2746 846 2801 Nolite
880 2750 1190 2804 meditando
1235 2751 1541 2821 expendere
1600 2768 1781 2806 rerum

205 2836 595 2902 conditionem,
643 2840 755 2893 sive
805 2842 1242 2910 aspectabilium,
1292 2844 1405 2899 sive
1444 2858 1632 2899 earum
1665 2860 1785 2915 quae

205 2926 256 2981 in
289 2942 484 2982 sensus
512 2945 618 2984 non
647 2932 867 2986 cadunt.
921 2919 987 2985 El
1015 2936 1088 2987 ait
1134 2936 1321 2988 mulier
1351 2936 1419 2989 ad
1447 2945 1733 3005 serpentem
1764 2953 1783 2990 .-

207 3015 280 3071 De
309 3020 571 3087 fructibus
613 3024 861 3076 arborum
892 3025 1130 3091 paradisi
1161 3028 1390 3081 omnium
1417 3030 1782 3093 comedemus;

205 3112 265 3163 de
332 3113 593 3181 fructibus
648 3115 878 3179 arboris,
936 3133 1053 3187 qua:
1106 3127 1181 3171 est
1225 3122 1276 3171 in
1333 3120 1505 3174 medio
1538 3122 1780 3190 paradisi

1886 1941 2063 1985 texere
2104 1929 2393 1999 pudenda;
2450 1938 2617 1998 atque
2666 1928 2740 1981 ita
2792 1927 2954 1982 etiam
3003 1940 3152 1979 nunc
3184 1940 3245 1978 se
3284 1936 3465 1976 mores

1885 2019 2199 2075 mortalium
2263 2016 2488 2073 habent.
2536 2014 2723 2085 Neque
2766 2018 2911 2073 enim
2946 2025 3041 2070 aut
3069 2016 3336 2069 amictum
3367 2020 3463 2065 aut

1850 2096 2128 2177 tunicas,
2170 2110 2275 2165 sibi
2328 2110 2477 2180 ipsos
2528 2108 2723 2164 fecisse
2770 2107 2923 2170 dicit,
2962 2108 3056 2162 sed
3104 2105 3463 2175 perizomata.

1884 2207 1989 2260 hoc
2022 2212 2149 2269 est,
2193 2219 2313 2273 qua:
2376 2203 2488 2257 sola
2566 2201 2817 2271 genitalia
2895 2200 3139 2254 membra
3196 2208 3463 2264 tegerent.

1885 2295 1953 2348 Et
1987 2297 2265 2348 audierunt
2302 2311 2472 2346 vocem
2506 2294 2717 2359 Domini
2761 2293 2854 2346 Dei
2889 2292 3180 2361 gradientis
3218 2291 3271 2341 in
3297 2303 3464 2356 para-

1884 2387 2019 2449 diso,
2054 2388 2121 2440 ad
2172 2386 2569 2445 inclinationem
2615 2384 2743 2437 diei.
2790 2382 3081 2438 Inclinatio
3115 2380 3222 2435 diei
3257 2394 3463 2433 moram

1887 2477 2148 2547 temporis
2188 2476 2494 2547 signiﬁcat;
2546 2474 2700 2544 quasi
2747 2473 2913 2537 dicat,
2961 2466 3262 2526 nou'siniul
3296 2478 3469 2538 atque

1884 2567 2201 2625 mandatum
2270 2567 2719 2643 transilivissentv
2768 2566 3235 2635 deliquissentque
3294 2577 3466 2632 appa-

1884 2660 2063 2713 ruisse
2090 2658 2223 2728 ipsis
2252 2658 2417 2711 Deum
2446 2676 2459 2713 :
2497 2656 2595 2712 sed
2630 2656 2920 2725 interiecto
2960 2655 3221 2722 temporis
3256 2652 3459 2721 spatio,

1887 2750 2147 2804 nimirum
2181 2765 2290 2819 quo
2336 2750 2457 2819 ipso
2518 2748 2662 2817 apud
2708 2748 2952 2801 animum
3003 2761 3164 2801 suum
3202 2744 3303 2799 sibi
3341 2758 3471 2797 co::—

1885 2841 2031 2897 scios
2058 2840 2284 2910 puderet
2315 2840 2556 2905 interim,
2584 2839 2977 2908 pmniterctque
3006 2834 3233 2890 admissi
3258 2832 3467 2901 ﬂagitii.

1886 2930 2054 2986 Porro
2099 2933 2396 3005 descensus
2448 2942 2501 2985 et
2554 2930 2821 2984 adventus
2873 2929 2966 2981 Dci
3018 2928 3071 2981 in
3122 2926 3466 2996 paradisum.

1886 3024 2055 3093 ligura
2087 3030 2203 3077 erat
2235 3038 2358 3091 qua:
2386 3024 2777 3077 descensurum
2809 3030 2976 3089 atque
3012 3028 3305 3073 venturum
3337 3016 3471 3070 olim

1886 3116 1939 3170 in
1976 3116 2236 3170 mundum
2279 3113 2372 3169 Dei
2399 3112 2639 3169 Verbum
2680 3112 3041 3183 significabat.
3088 3108 3201 3163 Diei
3232 3108 3468 3162 inclina-

205 3203 348 3256 dixit
373 3191 534 3269 Deus,
566 3222 627 3259 ne
668 3208 836 3261 edatis
871 3208 933 3262 de
978 3226 1038 3262 ea
1074 3226 1235 3279 neque
1276 3212 1507 3282 tangatis
1550 3228 1688 3276 eam,
1717 3229 1779 3265 ne
1807 3192 1849 3249 ο
1884 3209 2032 3263 tione
2080 3224 2204 3263 vero
2250 3204 2475 3277 mystice
2530 3205 2926 3260 ostendebatur
2973 3202 3089 3261 fore
3128 3209 3185 3254 ut
3222 3201 3327 3255 hoc
3372 3198 3470 3282 Dei

204 3297 536 3353 moriemini.
567 3297 740 3353 Jussit
776 3301 992 3369 quidem
1030 3302 1171 3357 Deus
1219 3306 1290 3357 ut'
1314 3320 1497 3359 rerum
1533 3305 1777 3359 omnium

205 3398 313 3440 tam
348 3402 470 3457 qua:
517 3390 663 3444 cerni
712 3407 817 3444 non
874 3384 1105 3461 pos‘sunt
1148 3410 1309 3462 quam
1358 3410 1477 3464 quae
1532 3405 1765 3465 possunt

202 3480 667 3549 contemplatione
701 3497 801 3535 nos
848 3497 1225 3546 exerceamus,
1271 3493 1433 3553 atque
1465 3502 1527 3540 ca
1562 3496 1781 3541 nosmet

202 3570 575 3636 oblectemus;
633 3582 687 3627 at
739 3574 876 3629 inse
936 3576 1037 3645 (est
1088 3576 1229 3630 enim
1279 3578 1411 3647 ipse,
1476 3579 1641 3632 arbor
1692 3580 1779 3632 illa

204 3662 533 3734 spiritualis)
573 3664 746 3718 noluit
778 3680 875 3719 nos
910 3666 1076 3721 altius
1102 3668 1486 3738 curiosiusque
1509 3668 1781 3737 inquirere

205 3752 477 3808 unicusne
520 3755 591 3810 sit
644 3756 783 3811 Deus
815 3771 880 3809 an
937 3759 1249 3827 plures,'ne
1296 3759 1421 3814 dum
1462 3760 1528 3813 ad
1573 3760 1784 3828 ejusceo

208 3843 361 3897 modi
414 3845 817 3913 indagationem
872 3864 1026 3902 mens
1080 3858 1265 3904 nostra
1321 3866 1515 3920 parum
1572 3852 1782 3920 pollens

202 3945 515 4006 potensque
563 3946 665 4000 est,
713 3953 808 4007 per
859 3949 1139 4005 peccatum
1195 3940 1533 3995 occidamus.
1594 3941 1664 3994 Et
1707 3942 1782 3994 ait

201 4022 425 4091 serpens
473 4024 541 4076 ad
585 4025 858 4080 mulierem
904 4042 923 4081 :
971 4026 1106 4081 Non‘
1144 4040 1313 4083 morte
1345 4032 1591 4083 morituri
1637 4032 1781 4086 estis.

200 4113 282 4167 En
318 4123 384 4190 ut
412 4116 546 4169 nihil
594 4106 758 4185 pudet
806 4118 1107 4173 daemonem
1144 4121 1303 4191 plane
1352 4122 1460 4177 Deo
1508 4123 1786 4179 contradi-

199 4218 328 4261 cere
358 4225 374 4263 :
405 4206 493 4261 ille
520 4217 746 4263 mortem
776 4208 1065 4265 obnuntiat
1098 4212 1141 4265 si
1175 4214 1297 4281 quis
1323 4214 1485 4269 altius
1529 4214 1581 4268 in
1607 4215 1783 4285 ipsum

200 4298 478 4368 inqmrat;
504 4299 599 4354 hic
629 4302 1087 4377 prorsus\mortis
1120 4318 1344 4359 securos
1384 4304 1514 4359 facit
1554 4320 1648 4360 eos
1691 4306 1786 4375 qui

207 4399 418 4440 arcana
449 4384 543 4440 Dei
574 4387 813 4460 audeant
840 4390 1096 4443 scrutari.
1150 4390 1217 4444 Et
1247 4393 1380 4447 vidit
1423 4393 1611 4447 mulier
1650 4394 1787 4465 quod

202 4476 436 4543 pulchra
481 4489 613 4531 esset
664 4479 826 4532 arbor
868 4482 935 4533 ad
990 4482 1298 4536 vescendum
1325 4524 1343 4547 ,
1387 4494 1436 4537 et
1487 4485 1785 4553 expetibilis

1889 3299 2119 3353 Verbum
2143 3292 2207 3354 'in
2248 3300 2353 3355 line
2390 3308 2693 3367 temporum
2741 3313 2961 3351 carnem
3013 3295 3283 3357 indueret,
3324 3272 3471 3349 sicut,

1885 3390 1958 3443 ait
1991 3389 2191 3443 Paulus
2224 3407 2235 3441 :
2271 3388 2399 3441 Cum
2428 3388 2645 3443 uenisset
2679 3388 2803 3455 ﬁnis
2847 3385 3117 3455 temporis,
3152 3383 3292 3436 misit
3328 3382 3467 3435 De»

1890 3482 2092 3536 Filium
2122 3498 2297 3543 suum,
2317 3490 2358 3533 et
2390 3480 2564 3547 [actus
2594 3492 2667 3535 est
2696 3495 2759 3533 ea:
2791 3479 3006 3532 muliere
3023 3477 3089 3530 θ’.
3117 3475 3317 3529 Deinde
3345 3488 3473 3545 gra-

1884 3572 2083 3626 dientis
2115 3572 2208 3625 Dei
2237 3570 2418 3623 audita
2464 3585 2557 3640 per
2601 3569 2915 3639 paradisum
2967 3583 3068 3622 vox
3110 3564 3474 3637 portendebat

1887 3662 2121 3717 Verbum
2168 3660 2257 3714 Dei
2294 3660 2589 3731 aliquando
2620 3660 2758 3728 apud
2810 3657 2909 3714 nos
2936 3656 2989 3712 in
3026 3673 3189 3712 carne
3211 3664 3473 3711 versatu-

1893 3772 2014 3809 rum
2044 3754 2582 3820 ambulatuiumque,
2613 3752 3067 3821 quemadmodum
3098 3751 3163 3806 de
3186 3750 3302 3818 ipso
3339 3762 3475 3817 prae-

1890 3847 2027 3901 dixit
2058 3856 2204 3901 vates
2237 3865 2248 3899 :
2290 3845 2359 3899 Et
2388 3861 2543 3913 super
2571 3854 2769 3897 terram
2808 3844 2950 3897 visus
2983 3852 3082 3907 est,
3113 3852 3162 3894 et
3200 3840 3343 3908 apud
3373 3840 3472 3892 llo-

1889 3939 2054 3991 mines
2084 3946 2315 3990 versatus
2336 3947 2424 3989 est
2454 3936 2525 3989 ".
2586 3933 2652 3988 Et
2690 3934 2947 3987 abdebant
2972 3949 3025 3986 se
3051 3935 3221 3986 Adam
3260 3939 3478 3984 et'uxor

1892 4030 2061 4099 ipsius
2094 4047 2123 4083 a
2161 4040 2440 4099 conspectu
2474 4028 2682 4083 Domini
2733 4026 2849 4090 Dei,
2883 4028 3019 4098 inter
3059 4024 3271 4077 arbores
3303 4038 3475 4086 para-

1896 4122 2023 4176 disi.
2060 4122 2344 4177 Abdebsnt
2386 4119 2611 4189 quidem
2661 4120 2807 4179 inter
2848 4115 3342 4185 arboresparadisi
3374 4124 3477 4168 sua

1888 4230 2172 4285 corpora;
2227 4228 2414 4269 verum
2473 4213 2866 4271 conscientiam
2922 4209 3149 4266 admissi
3199 4206 3477 4263 facinoris

1891 4317 2074 4375 tegere
2112 4324 2141 4361 a
2172 4315 2466 4375 conspectu
2501 4304 2717 4360 Domini
2743 4310 2908 4374 atque
2938 4301 3313 4365 dissimulare,
3350 4299 3468 4369 ipse

1891 4399 2210 4469 prohibebat
2236 4398 2430 4468 pudor.
2450 4397 2635 4452 Vocem
2660 4405 2806 4451 tuam
2830 4394 3008 4449 audiui
3035 4394 3089 4449 in
3119 4393 3397 4463 paradiso,
3420 4402 3471 4445 et

1892 4494 1997 4547 vidi
2021 4491 2159 4562 quod
2202 4492 2373 4547 nudus
2419 4507 2607 4553 essem,
2639 4500 2688 4545 et
2727 4488 2910 4549 abdidi
2943 4504 3044 4544 me.
3101 4485 3168 4541 Et
3200 4483 3475 4556 quiarin—

202 4567 379 4622 oculis
408 4607 448 4656 ,Α
470 4579 626 4639 atque
674 4572 1045 4627 desiderabilis
1098 4575 1259 4629 arbor
1314 4552 1571 4645 spectatis.
1628 4577 1785 4643 Quod
1822 4552 1863 4607 θ
1894 4552 2044 4656 quit,
2074 4598 2260 4638 vocem
2292 4593 2439 4639 tuam
2469 4582 2767 4652 gradientis
2799 4596 2893 4651 per
2916 4552 3235 4651 paradisum
3262 4574 3472 4639 audivi,

202 4651 497 4718 muliere’m
533 4663 665 4718 dicit
695 4665 899 4720 vidisse
954 4666 1233 4733 arborem,
1264 4683 1373 4723 non
1406 4669 1479 4724 ita
1514 4671 1788 4740 accipien-

206 4755 344 4809 dum
374 4763 457 4809 est
484 4757 642 4825 quasi
686 4756 855 4812 Deum
896 4759 984 4817 illa
1015 4760 1209 4815 viderit
1238 4744 1397 4830 quem
1430 4763 1660 4833 mystice
1692 4778 1788 4833 per

205 4862 333 4903 eam
366 4844 612 4903 arborem
649 4850 1016 4918 signiﬁcatum
1038 4854 1452 4921 esse‘diximus;
1479 4856 1575 4914 sed
1612 4857 1784 4926 ipsam

207 4939 559 4997 auscultasse
591 4943 819 4999 consilio
862 4943 1161 5010 daemonis,
1195 4944 1424 5017 ejusque
1449 4947 1630 5004 verbis
1660 4962 1785 5019 per-

205 5028 436 5087 suasam
469 5034 751 5092 curiosius
779 5034 833 5089 in
863 5033 1033 5090 Deum
1067 5037 1343 5106 inquirere
1382 5046 1634 5094 conatam
1662 5054 1787 5097 esse

205 5124 503 5192 signiﬁcat.
540 5125 605 5179 Et
638 5127 835 5197 accepit
874 5128 938 5181 de
976 5128 1231 5197 fructibus
1271 5130 1438 5201 ipsius
1462 5139 1511 5196 et
1539 5132 1671 5197 edit,
1693 5130 1788 5185 de-

192 5216 574 5287 .ditqueetiam
627 5218 786 5272 simul
827 5219 937 5271 viro
992 5235 1109 5283 suo,
1149 5230 1195 5273 et
1230 5220 1632 5291 comedit..lpsa
1662 5237 1787 5276 cum

209 5310 407 5363 animo
428 5324 537 5365 suo
568 5318 823 5379 reputare
843 5319 1021 5388 atque
1048 5313 1355 5381 disquirere
1372 5314 1549 5383 'cmpit
1578 5315 1645 5369 de
1682 5312 1803 5377 Deo,

210 5415 435 5455 unusne
483 5410 633 5456 esset
666 5416 732 5455 an
785 5402 991 5473 plures,
1036 5415 1089 5457 et
1109 5420 1272 5475 quam
1300 5405 1372 5461 ob
1412 5419 1635 5461 causam
1689 5404 1790 5459 sibi

211 5494 527 5562 maritoque
562 5509 665 5549 suo
688 5494 1065 5551 interdixisset
1091 5511 1273 5554 escam
1306 5498 1515 5553 arboris
1554 5497 1794 5553 scientia:

214 5597 385 5656 atque
413 5587 572 5641 simul
598 5587 865 5643 Adamum
905 5588 1159 5643 maritum
1186 5605 1347 5647 suum
1380 5602 1438 5645 ut
1465 5592 1607 5647 idem
1646 5591 1794 5646 face-
1824 5652 1827 5653 ν

286 5752 339 5787 ’⁸
382 5750 514 5808 Luc.
549 5767 605 5821 x,
633 5754 717 5810 l9.
795 5754 839 5787 "
880 5756 1047 5825 ApOc.
1074 5770 1163 5817 xx,
1235 5756 1290 5810 2.

1368 5759 1412 5788 "
1449 5756 1641 5811 Ezech.
1684 5772 1720 5819 ι,
1757 5755 1807 5807 li.

1895 4685 1949 4730 et
1972 4675 2100 4745 quia
2122 4674 2330 4728 nudum
2358 4688 2445 4728 me
2466 4689 2591 4728 esse
2617 4672 2977 4727 animadverti
3004 4689 3020 4736 ;
3048 4671 3117 4726 ab
3137 4685 3199 4724 ea
3235 4670 3477 4723 maaima

1896 4777 2059 4836 atque
2098 4764 2453 4821 saluberrima
2480 4765 2652 4834 gratia
2682 4780 2787 4835 qua
2822 4774 2947 4819 ante
2986 4761 3194 4818 fueram
3223 4761 3473 4823 indutus,

1895 4860 1966 4913 ob
1995 4858 2093 4913 has
2126 4872 2226 4927 ego
2256 4857 2391 4911 duas
2430 4871 2627 4911 causas
2668 4865 2813 4909 metu
2846 4856 3137 4925 perculsus
3176 4868 3263 4908 me
3290 4852 3477 4907 occul-
3526 4922 3531 4929 _

1893 4951 2025 5014 tavi,
2060 4951 2159 5005 hoc
2187 4959 2269 5004 est
2302 4962 2416 5003 rem
2444 4948 2617 5018 ipsam
2647 4949 3023 5012 commissam,
3055 4946 3194 5015 apud
3227 4945 3471 4998 animum

1893 5056 2075 5095 meum
2102 5040 2413 5109 expendens
2453 5040 2609 5094 timui
2642 5058 2656 5093 :
2691 5038 2757 5092 Et
2782 5040 2860 5093 ait
2889 5040 2958 5091 ad
2994 5039 3145 5091 illum
3171 5036 3424 5090 Dominus
3454 5053 3472 5089 :

1897 5132 2031 5197 Quis
2064 5134 2377 5203 signiﬁcavit
2412 5133 2506 5184 tibi
2530 5133 2671 5201 quod
2698 5132 2872 5185 nudus
2904 5148 3038 5186 esses
3062 5131 3090 5184 .’
3137 5145 3261 5182 num
3292 5122 3473 5183 de'ar-

1896 5226 2017 5279 bore
2051 5228 2115 5278 de
2138 5242 2240 5294 qua
2255 5225 2396 5292 jussi
2421 5240 2484 5277 ne
2508 5227 2713 5288 ederes,
2742 5224 2901 5279 edisti
2928 5226 2953 5280 ?
2994 5223 3071 5277 Ac
3101 5223 3145 5276 si
3175 5222 3319 5276 dicat
3347 5240 3360 5275 :
3392 5220 3470 5273 En

1854 5378 1855 5381 η
1894 5320 2000 5372 mei
2036 5317 2459 5388 cogitationibus
2497 5321 2630 5371 ‘tete.
2660 5318 2960 5387 occupasti,
3003 5316 3261 5385 qualibus
3300 5314 3473 5369 absti-

1896 5425 2027 5463 nere
2061 5417 2112 5462 te
2143 5409 2440 5477 iusseram.
2475 5408 2545 5462 Et
2582 5410 2661 5461 ait
2706 5409 2878 5463 Adam
2910 5424 2928 5461 :
2962 5405 3159 5461 Mulier
3184 5420 3344 5475 quam
3392 5414 3477 5458 at-

1900 5500 2135 5554 tribuisti
2181 5500 2330 5563 mihi,
2366 5501 2480 5568 ipsa
2525 5501 2670 5554 dedit
2704 5502 2854 5563 mihi,
2888 5509 2935 5554 et
2982 5500 3203 5554 comedi.
3258 5496 3471 5562 Mulier,

1900 5591 2096 5656 inquit,
2128 5605 2291 5659 quam
2326 5591 2457 5645 mihi
2488 5590 2696 5645 sociam
2733 5589 2936 5655 fecisti,
2976 5606 3038 5644 ea
3086 5589 3216 5642 mihi
3248 5588 3474 5643 medita-

1885 5752 1928 5785 "
1966 5753 2143 5809 (ἔπιθι.
2180 5772 2251 5821 tv,
2283 5755 2335 5808 4.
2411 5756 2454 5787 ⁹⁸
2496 5754 2734 5809 Baruch.
2776 5767 2856 5815 tn,
2885 5750 2973 5804 38.
