4176 6446
580 353 679 415 δίη

1849 357 2075 415 MOSIS
2121 357 2265 416 ΒΑΚ
2308 360 2553 418 (ἶΕΡΗᾹ

3720 353 3827 417 592

590 464 753 519 tionis
785 466 849 518 de
880 474 928 518 te
976 464 1319 520 instituendas
1348 479 1517 520 causa
1564 466 1682 520 luit.
1716 466 1982 520 Nimirum
2029 466 2159 522 facit
2185 468 2234 526 Α
2263 470 2313 521 iit
2344 466 2627 531 Triuilate,
2671 480 2724 523 et
2768 469 3090 523 'l'tinilalent
3141 470 3193 523 in
3237 468 3447 523 unitate
3476 483 3490 533 ;
3525 477 3578 521 ct
3609 476 3667 519 ttt
3703 465 3827 521 Veia.

584 557 752 608 Adam
803 554 949 624 quod
1010 557 1266 611 mortales
1307 571 1499 611 omnes
1551 558 1726 612 solent
1775 575 1790 613 :
1841 559 1885 612 si
1938 560 2155 627 quando

588 647 730 700 enim
769 657 958 702 errant
982 657 1145 717 atque
1174 656 1402 717 peccant
1433 648 1694 714 homines,
1713 663 1906 704 causas
1928 648 2153 717 quasvis

588 736 859 805 arripiunt
884 736 1078 806 quibus
1116 751 1147 790 a
1194 736 1351 807 culpa
1377 752 1436 791 se
1458 747 1513 792 et
1539 753 1696 808 penna
1739 737 2032 793 vindicent.
2076 737 2148 790 Et

588 826 662 877 ait
709 825 957 883 Dominus
989 827 1058 880 ad
1083 837 1369 895 serpentem
1392 844 1412 882 :
1452 827 1592 892 Quia
1626 830 1797 897 fecisti
1841 829 1959 894 hoc,
1990 830 2157 882 maleo

588 918 759 971 dictus
798 935 850 972 es
895 935 1007 988 pra:
1051 922 1194 973 omni
1265 920 1512 984 animali,
1554 929 1602 974 et
1651 919 1815 974 bestia
1855 923 1989 990 agri.
2044 916 2158 975 "ac

590 1008 719 1062 dicit
770 1008 835 1063 ad
895 1008 1154 1065 Satanam
1223 1008 1487 1065 Dominus
1539 1026 1554 1064 :
1606 1009 1731 1080 quia
1779 1010 2049 1064 Adamum
2105 1020 2158 1064 et

593 1115 814 1154 uxorem
841 1100 1011 1170 ipsius
1044 1101 1329 1163 seduxisti;
1382 1102 1629 1172 iumenta
1675 1101 1893 1173 quidem
1928 1102 2156 1157 bestias-

590 1207 698 1267 que
745 1205 965 1247 cmteras
1014 1192 1283 1263 dignabor
1326 1208 1443 1247 mea
1469 1208 1623 1259 cura,
1659 1193 1708 1246 id
1752 1201 1859 1259 est,
1892 1193 2155 1248 sufficiam

592 1284 726 1351 ipsis
761 1284 940 1337 cilium
986 1286 1039 1337 itt
1082 1293 1326 1354 tempore
1356 1302 1371 1337 :
1413 1292 1470 1337 at
1498 1292 1554 1337 tu
1586 1298 1701 1338 mea
1736 1300 1866 1340 cura
1904 1285 2159 1354 indignus

592 1364 903 1428 habeberis.
932 1372 1000 1426 Et
1028 1389 1182 1441 super
1211 1383 1434 1428 ventrem
1462 1383 1617 1427 tuum
1642 1374 1921 1443 gradieris.
1960 1373 2157 1428 Extor-

595 1465 668 1517 ris
697 1464 842 1519 enim
888 1480 918 1519 a
952 1466 1159 1521 emlesti
1198 1465 1497 1536 republica,
1527 1480 1682 1535 repes
1722 1466 1876 1520 humi
1912 1477 2074 1535 atque
2103 1466 2155 1520 in

595 1559 825 1613 terrenis
867 1559 1033 1613 rebus
1093 1557 1448 1614 volutaberis.
1499 1555 1567 1611 Et
1618 1558 1887 1626 pulverem
1924 1558 2160 1613 comedes

593 1649 832 1702 omnibus
859 1649 1041 1703 diebus
1070 1652 1187 1703 vim:
1218 1660 1323 1704 tute
1352 1668 1368 1703 :
1402 1650 1650 1705 homines
1675 1651 1855 1718 perire
1880 1648 2048 1720 (quod
2076 1658 2161 1704 est

2262 559 2390 614 bum
2423 560 2541 626 Dei,
2585 562 2713 615 olim
2750 556 2969 616 earuem
3011 576 3133 615 esse
3175 568 3586 628 assumpturum
3637 566 3831 611 nostra

2260 650 2451 704 salutis
2501 660 2555 704 et
2598 651 2984 721 redemptionis
3034 651 3211 722 gratia
3241 692 3257 716 ,
3300 650 3685 720 prospiceret:
3727 659 3836 699 non

2260 743 2415 807 satis,
2450 742 2701 812 inquam,
2731 744 2964 811 pollebat
2992 742 3193 797 deinde
3221 756 3396 811 genus
3427 741 3732 794 humanum
3769 737 3839 792 ad

2267 833 2585 903 huiusmodi
2618 834 2883 888 sublimes
2914 834 3296 888 meditationes
3325 830 3684 888 exercendas.
3712 837 3838 881 tau-

2263 928 2432 997 tisper
2464 924 2593 979 dum
2629 926 2893 996 ﬂagitium
2922 927 3053 981 illud
3078 935 3133 980 et
3169 926 3416 995 pravitas
3448 938 3547 993 per
3574 921 3837 976 Satanam

2262 1020 2366 1073 sub
2430 1019 2701 1089 serpentis
2744 1019 2923 1087 specie
2976 1018 3107 1087 (quo
3165 1016 3423 1071 utebatur
3478 1031 3577 1068 ceu
3631 1015 3842 1067 instru-

2214 1138 2219 1147 -
2262 1111 2467 1175 mento)
2505 1111 2703 1179 injecta
2735 1110 3048 1163 delerentur
3091 1120 3255 1177 atque
3302 1108 3652 1161 abolereutur
3691 1105 3837 1172 peni-

2262 1212 2371 1258 tus.
2410 1202 2478 1257 Et
2511 1204 2653 1256 misit
2684 1204 2855 1273 ipsum
2891 1203 3145 1255 Dominus
3180 1198 3317 1253 Deus
3345 1209 3495 1253 extra
3532 1185 3844 1267 paradisum

2264 1293 2434 1358 Eden,
2464 1303 2521 1348 ut
2560 1294 2748 1349 coleret
2779 1307 2997 1354 terram,
3028 1309 3092 1347 ex
3116 1308 3225 1363 qua
3270 1298 3510 1357 sumptus
3540 1288 3736 1357 fuerat.
3780 1282 3846 1337 Et

2261 1388 2555 1442 eliminavit
2603 1388 2777 1457 ipsum
2828 1386 3082 1438 Dominus
3122 1384 3278 1437 Deus.
3322 1382 3550 1448 Propter
3580 1378 3837 1432 violatam

2250 1479 2429 1552 legem
2469 1478 2716 1533 multavit
2747 1476 3013 1531 Adamutn
3047 1475 3189 1529 Deus
3234 1472 3565 1527 'felicissima
3613 1470 3706 1524 illa
3742 1468 3850 1521 vita

2263 1572 2317 1626 in
2343 1580 2449 1642 qua
2517 1580 2749 1624 mentem
2811 1585 2965 1625 suam
3014 1569 3105 1622 ille
3153 1580 3369 1620 onmem
3415 1570 3681 1632 perpetua
3716 1576 3849 1615 eon—

2269 1664 2620 1733 templatioue
2652 1677 2832 1715 rerum
2864 1669 2919 1716 et
2944 1676 3065 1729 quae
3093 1657 3310 1712 videndi
3352 1654 3537 1711 sensui
3572 1651 3767 1722 subjici
3793 1660 3850 1707 et

594 1740 759 1793 veluti
789 1739 843 1794 in
874 1740 1149 1811 pulverem
1187 1740 1410 1809 reverti)
1447 1751 1502 1796 tu
1538 1741 1634 1795 tibi
1667 1756 1765 1809 pro
1793 1753 1917 1795 esca
1945 1748 2000 1794 et
2031 1740 2157 1794 cibo
2194 1798 2238 1854 Β
2264 1767 2387 1822 qua;
2415 1766 2524 1807 non
2549 1751 2744 1817 subjici
2780 1758 3044 1820 possunt,
3080 1757 3209 1802 ante
3250 1742 3639 1814 pertractabat.
3671 1743 3850 1808 Atque

599 1829 759 1854 JH---
810 1840 1026 1854 ....--n.._
1051 1844 1320 1854 ---....t..._-
1346 1842 1497 1854 nn--.“
1530 1831 1787 1854 _.I..-_-.--
1810 1830 1930 1854 211-..
1956 1830 2135 1854 ιι.12..-...
2268 1844 2282 1854 .
2640 1842 2672 1854 ι.
2825 1840 2837 1853 ι
3044 1839 3057 1854 ι
3156 1852 3164 1854 Α
3216 1851 3237 1854 ,s
3258 1852 3273 1854 ,-
3295 1836 3331 1854 -l
3357 1833 3493 1854 QLUS.
3527 1850 3541 1854 _
3585 1832 3654 1854 ΑΞ.
3708 1830 3848 1854 Α-ε...

596 1829 783 1893 duces,
810 1840 1026 1900 propter
1049 1844 1323 1886 summum
1346 1842 1500 1886 tuum
1529 1831 1788 1885 adversus
1810 1830 1932 1886 illos
1953 1830 2161 1909 odium.

598 1911 667 1973 Et
698 1921 1003 1975 inimicitias
1035 1938 1225 1987 ponam
1254 1923 1394 1977 inter
1438 1934 1507 1981 te.
1541 1932 1592 1976 et
1623 1922 1914 1987 mulierem,
1937 1931 1988 1975 et
2023 1921 2164 1974 inter

592 2030 769 2067 semen
824 2022 971 2067 tuum
1025 2023 1072 2068 et
1130 2029 1303 2068 semen
1371 2012 1537 2067 illius.
1592 2010 1647 2066 ld
1692 2013 1921 2078 odium,
1966 2011 2163 2080 inquit,

596 2118 705 2173 quo
745 2114 799 2159 tu
833 2106 1056 2175 gaudes,
1084 2117 1414 2175 ponam/ego
1445 2105 1588 2158 inter
1618 2112 1669 2158 te
1698 2112 1751 2157 et
1778 2100 1924 2165 illos,
1947 2111 2001 2157 et
2028 2104 2168 2157 inter

599 2211 783 2250 semen
854 2196 1154 2250 humanum
1220 2205 1385 2265 atque
1433 2196 1662 2251 rebelles
1717 2195 1997 2251 daemonas
2047 2205 2170 2249 tuos

596 2285 797 2341 socios.
848 2284 911 2340 Et
940 2286 1053 2356 ipsa
1080 2294 1308 2341 conteret
1354 2296 1511 2355 caput
1544 2295 1714 2351 tuum,
1771 2286 1873 2340 ltoc
1905 2294 2008 2349 est,
2041 2284 2167 2338 irri-

600 2384 716 2429 tum
748 2375 908 2430 faciet
941 2384 1156 2432 tuarum
1188 2376 1786 2432 astutiaruminitium.
1841 2374 1911 2428 Et
1944 2384 1999 2429 tu
2037 2375 2171 2429 illud

600 2467 758 2535 feries
800 2468 854 2520 in
894 2468 1040 2521 calce
1070 2468 1258 2537 ipsius,
1323 2467 1426 2521 hoc
1456 2476 1560 2533 est,
1613 2479 1669 2522 tu
1711 2468 1917 2535 peccati
1975 2466 2171 2522 vulnus

601 2559 703 2627 ipsi
750 2558 983 2628 inﬂiges.
1008 2569 1065 2613 ut
1091 2559 1314 2631 perdere
1345 2558 1524 2628 possis
1554 2557 1610 2611 in
1634 2566 1881 2613 extremo
1904 2558 2175 2628 ejuslvita:

601 2661 747 2704 artu.
800 2652 869 2704 Et
909 2650 976 2703 ad
1008 2649 1281 2704 mulierem
1312 2640 1443 2703 aith:
1481 2647 1887 2719 Hultiplicando
1914 2650 2175 2720 multipli-

588 2739 731 2793 rabo
759 2742 966 2797 dolores
1011 2752 1125 2797 tuos
1153 2750 1203 2799 et
1237 2749 1512 2809 conceptus
1554 2750 1693 2796 tuos.
1729 2741 1853 2797 llaec
1881 2744 2170 2821 mysticum

602 2846 823 2888 sensum
860 2850 970 2889 non
996 2837 1328 2905 admittunt;
1360 2851 1619 2896 caeterum
1655 2858 1766 2897 rem
1804 2842 1972 2911 ipsam
2006 2859 2172 2913 supra

604 2928 1073 2993 pertractavimus.
1111 2930 1175 2984 Et
1232 2932 1353 3001 fecit
1400 2932 1657 2987 Dominus
1686 2933 1828 2987 Deus
1873 2934 2095 3000 Adamo,
2125 2945 2175 2990 et

585 3018 757 3070 uxori
787 3018 952 3086 ipsius
975 3021 1181 3075 tunicas
1213 3023 1481 3092 pelliceas.
1525 3034 1576 3079 et
1609 3027 1813 3079 vestivit
1843 3028 2003 3095 ipsos.
2034 3026 2172 3082 Cum

2268 1844 2492 1913 insuper
2530 1859 2558 1896 a
2602 1842 2728 1896 vine
2768 1840 2931 1896 etiam
2980 1839 3175 1893 arbore
3212 1833 3493 1906 prohibuit
3527 1850 3542 1901 ;
3583 1832 3658 1887 ait
3704 1830 3853 1886 enim

2270 1933 2449 1988 Moses
2485 1952 2498 1987 :
2543 1932 2611 1987 Et
2636 1932 2835 1997 versari
2870 1932 2991 2001 fecit
3019 1931 3088 1984 ad
3120 1930 3373 1983 orientem
3399 1924 3645 1996 paradisi
3676 1923 3855 1987 Eden,

2267 2026 2437 2092 ipsum
2467 2024 2669 2078 Cliernb
2693 2035 2739 2077 et
2769 2024 2933 2077 aciem
2955 2020 3120 2092 gladii
3150 2018 3436 2082 versatilis,
3461 2017 3529 2070 ad
3559 2015 3861 2071 custodien-

2268 2116 2397 2172 dum
2427 2119 2527 2171 iter
2574 2116 2780 2170 arboris
2809 2117 2947 2170 vita.
2994 2112 3074 2169 Ad
3102 2110 3425 2167 orientalem
3450 2117 3659 2178 partem
3691 2120 3861 2176 para-

2268 2206 2372 2262 disi
2428 2208 2626 2268 solam,
2674 2222 2783 2260 non
2831 2204 2995 2259 etiam
3044 2201 3110 2257 ad
3166 2199 3408 2267 reliquas
3460 2196 3726 2253 collocata
3778 2202 3864 2249 est

2270 2296 2538 2359 custodia,
2568 2295 2697 2367 quia
2745 2294 2991 2351 Orientis
3046 2294 3195 2362 regio
3254 2288 3562 2360 praestituta
3622 2291 3741 2340 erat
3802 2292 3866 2339 ιιι

2269 2396 2416 2444 esset
2468 2388 2596 2443 olim
2641 2388 2793 2441 locus
2833 2384 3101 2441 adorandi
3148 2381 3265 2437 Dei.
3325 2380 3498 2432 Porro
3545 2375 3771 2431 Cherub
3803 2380 3863 2429 'ct

2270 2479 2484 2549 gladius
2508 2479 2698 2548 igneus
2728 2475 3131 2545 terriﬁcusque,
3185 2469 3449 2526 custodire
3480 2479 3643 2523 causa
3694 2465 3860 2536 positi

2274 2577 2404 2629 sunt
2452 2570 2595 2624 inter
2643 2568 2773 2623 Adte
2806 2565 3009 2638 ingenii
3060 2572 3279 2632 captum
3340 2569 3395 2615 et
3444 2560 3617 2627 ipsam
3671 2572 3860 2612 saero-

2273 2667 2518 2715 sanctam
2582 2656 2905 2712 Trinitatem
2952 2672 2968 2712 :
3030 2670 3098 2709 ne
3150 2651 3359 2707 scilicet
3409 2663 3565 2704 mens
3617 2648 3864 2707 humana

2273 2751 2435 2806 altius
2464 2748 3164 2819 curiosiusqaeinquireret
3198 2744 3257 2798 in
3276 2752 3390 2797 tres
3426 2745 3692 2811 personas
3713 2737 3868 2792 Divi—

2279 2842 2469 2898 nitatis
2519 2857 2640 2911 qua:
2680 2856 2909 2911 prorsus
2947 2849 3031 2893 est
3061 2830 3658 2904 incomprehensibilis.
3718 2828 3869 2882 Sunt

2277 2947 2459 2990 autem
2498 2951 2622 3005 qius
2655 2935 2742 2989 hic
2768 2950 2796 2987 a
2829 2931 2979 2987 Mose
3006 2922 3350 2991 scribuntur,
3384 2940 3484 2997 pro
3507 2921 3715 2978 nostris
3749 2934 3870 2974 mo-

2280 3028 2437 3086 ribus
2464 3030 2631 3085 dicta.
2670 3027 2779 3085 Nos
2822 3012 2994 3084 enim.
3045 3022 3092 3077 si
3123 3036 3289 3091 quam
3318 3034 3432 3073 rem
3463 3019 3671 3073 salvam
3707 3014 3871 3083 cupi-

605 3110 799 3178 inquit,
860 3112 1112 3183 adempta
1162 3115 1269 3171 illis
1324 3127 1469 3172 esset
1518 3116 1625 3171 vita
1676 3117 1766 3171 illa
1824 3119 2168 3188 spiritualis:

2291 3144 2438 3190 mus,
2464 3125 2515 3179 ei
2548 3120 2831 3178 custodem
2865 3116 3186 3181 sollicitum,
3221 3112 3500 3175 sedulum,
3542 3109 3870 3180 prudentem

603 3200 785 3268 beata,
812 3203 1101 3274 gaudlique
1132 3206 1310 3276 plena,
1343 3218 1564 3279 propter
1588 3224 1687 3264 sua
1720 3209 1963 3279 ipsorum
1993 3218 2175 3264 errata

610 3294 978 3351 inductisunt
1017 3298 1067 3352 in
1105 3299 1269 3354 vitam
1313 3301 1453 3356 hanc
1496 3316 1852 3370 corpoream;
1907 3318 2180 3355 arumno-

606 3401 723 3439 sam
765 3395 928 3455 atque
961 3388 1136 3445 anxiis
1170 3392 1333 3446 rebus
1360 3391 1640 3447 refertam.
1674 3393 1942 3448 Caeterum
1976 3392 2180 3448 tunicis

610 3478 871 3545 pelliceis.
905 3483 1144 3535 maxima
1176 3481 1299 3536 vita:
1330 3484 1686 3538 commutatio
1730 3499 1851 3553 quae
1884 3483 2016 3552 ipsis
2057 3483 2175 3537 vio-

610 3570 718 3623 lata
747 3570 862 3641 lege
900 3571 1120 3635 accidit,
1155 3572 1517 3641 significatur.
1542 3572 1778 3643 'PrOpter
1803 3587 1899 3628 sua
1933 3573 2177 3641 ipsorum

610 3665 774 3735 igitur
802 3673 1023 3734 peccata
1051 3680 1145 3721 eas
1179 3681 1370 3736 pinnas
1418 3668 1706 3733 dederunt,
1749 3676 1807 3721 ut
1836 3667 2174 3737 spiritualem

609 3773 734 3814 cum
765 3772 1044 3827 corporea,
1084 3758 1183 3813 hoc
1215 3766 1317 3825 est,
1348 3759 1718 3815 felicissimam
1765 3774 1889 3814 cum
1920 3759 2183 3815 infelicis-

611 3851 753 3904 sima
787 3851 892 3905 vita
928 3844 1227 3906 mutarent.
1256 3850 1323 3905 Et
1352 3853 1430 3906 ait
1456 3851 1723 3907 Dominus
1748 3866 1764 3906 :
1791 3849 1870 3904 En
1899 3850 2068 3904 Adam
2094 3852 2184 3918 [a-

613 3951 726 3994 ctus
759 3951 832 3994 est
859 3940 1032 4009 qualis
1068 3956 1205 3997 unus
1233 3951 1473 3996 nostrum
1504 3946 1557 3997 in
1588 3942 1938 4014 cognoscendo
1972 3940 2107 3996 bono
2138 3949 2190 3995 et

613 4032 777 4086 malo.
836 4030 960 4087 Haec
1003 4047 1168 4103 supra
1227 4034 1444 4089 abunde
1490 4035 1907 4105 explicavimus.
1957 4032 2076 4087 lam
2127 4048 2191 4087 ne

615 4125 859 4193 fortassis
888 4126 1135 4179 extendat
1178 4141 1395 4180 manum
1430 4143 1605 4190 suam,
1632 4136 1681 4180 et
1710 4134 1886 4179 sumat
1916 4124 1981 4178 de
2006 4124 2192 4179 arbore

617 4220 756 4279 vita,
787 4226 835 4271 et
862 4219 1005 4283 edat,
1042 4235 1104 4272 ac
1146 4222 1280 4273 vivat
1308 4221 1365 4273 in
1396 4228 1670 4274 aeternum.
1694 4218 2053 4289 Posteaquam
2092 4217 2191 4271 ad-

619 4311 791 4362 misso
826 4307 1031 4380 ﬂagitio
1077 4312 1370 4367 excidisset
1413 4327 1595 4383 genus
1634 4312 1930 4365 humanum
1983 4311 2076 4364 illo
2107 4324 2195 4364 se-

616 4401 856 4457 cundum
892 4404 1141 4458 animum
1174 4404 1391 4460 vivendi
1435 4406 1600 4461 modo
1645 4404 1848 4474 illaque
1894 4404 2001 4458 vita
2034 4403 2193 4457 beata

2288 3218 2619 3290 przelicimus
2658 3194 2887 3267 terribili
2937 3209 3117 3275 aliqua
3160 3206 3345 3260 lancea
3405 3201 3677 3256 munitum
3709 3241 3725 3265 ,
3762 3200 3863 3267 qui

2285 3307 2471 3380 procul
2535 3312 2717 3359 arceat
2797 3300 3136 3355 accedentes.
3200 3296 3318 3351 Huc
3377 3294 3624 3348 animum
3684 3297 3874 3343 atten—

2286 3395 2418 3457 dant
2462 3401 2707 3467 quoquot
2759 3400 2852 3447 aut
2903 3408 3008 3447 nou
3056 3392 3192 3445 satis
3217 3387 3394 3441 ‘l‘trmi
3440 3400 3564 3442 cum
3613 3383 3743 3443 sint,
3776 3388 3876 3434 aut

2290 3505 2397 3545 non
2459 3488 2592 3543 satis
2661 3482 2942 3538 exercitati
2998 3492 3161 3550 atque
3210 3478 3432 3542 eruditi,
3497 3482 3593 3529 aut
3633 3472 3877 3539 denique

2293 3583 2503 3638 nullum
2532 3579 2751 3633 virtutis
2779 3590 2902 3631 cum
2937 3573 3172 3630 habeant
3207 3586 3364 3626 usum
3407 3592 3419 3624 :
3458 3567 3662 3623 audent
3687 3575 3874 3620 tamen

2294 3690 2390 3746 per
2418 3670 2779 3737 temeritatem
2812 3666 2993 3722 subito
3035 3663 3376 3748 presilirein
3418 3660 3655 3715 medium
3695 3667 3872 3748 atque

2296 3766 2473 3835 loqui,
2538 3762 2957 3838 disceptareque
3010 3747 3077 3812 de
3164 3760 3536 3810 sacrosancta
3583 3747 3878 3803 Trinitatis

2298 3855 2550 3931 personis
2592 3872 2605 3907 :
2647 3863 2701 3907 et
2745 3852 2831 3907 his
2878 3849 3046 3904 Mosis
3067 3847 3232 3903 dictis
3256 3853 3464 3900 tantam
3507 3856 3658 3898 suam
3696 3840 3877 3893 auda-

2297 3951 2439 4007 ciam
2493 3943 2779 4003 refrenare
2824 3942 3079 4003 discant,
3116 3948 3280 4009 atque
3336 3938 3410 3992 ita
3445 3950 3504 3991 se
3544 3936 3597 3987 in
3633 3932 3735 3987 hac
3761 3931 3873 3985 vita

2295 4046 2596 4109 expurgem
2640 4032 3005 4091 observandis
3046 4028 3140 4085 Dei
3189 4027 3365 4111 jussis
3398 4034 3457 4080 ut
3487 4024 3541 4079 in
3571 4023 3741 4077 altera
3775 4022 3872 4076 illa

2299 4129 2678 4201 tuturisatculi
2731 4127 3005 4182 donentur
3060 4120 3371 4192 cognitione
3413 4114 3880 4181 meditationeque

2299 4238 2478 4278 rerum
2536 4236 2565 4276 a
2646 4218 2755 4274 Deo
2810 4216 3157 4271 conditarum
3242 4220 3405 4279 atque
3466 4207 3641 4277 ipsius
3712 4205 3877 4259 etiam

2298 4326 2528 4370 summa:
2557 4307 2867 4370 Trinitatis,
2905 4311 3176 4373 quatenus
3224 4308 3368 4356 certe
3392 4297 3532 4351 hanc
3561 4310 3649 4350 res
3684 4304 3881 4349 create

2299 4412 2464 4473 atque
2496 4409 2738 4454 externae
2770 4411 2867 4467 per
2887 4394 3141 4448 virtutem
3177 4386 3696 4472 omnipotentis'Dei
3729 4399 3884 4439 com-

615 4505 673 4549 et
704 4496 970 4564 angelica,
1024 4498 1307 4570 indignum
1356 4499 1469 4569 jam
1520 4473 1769 4556 evaserat
1810 4508 1971 4570 atque
2027 4499 2189 4554 etiam
2225 4480 2269 4535 D
2299 4490 2633 4564 prehendere
2684 4494 2957 4559 poterunt.
2994 4482 3061 4539 Et
3116 4482 3206 4539 hic
3246 4480 3369 4536 ﬁnis
3442 4488 3561 4534 csto
3611 4473 3881 4532 sermonis

621 4583 918 4639 invalidum
963 4596 1024 4642 ut
1065 4590 1397 4661 cogitatione
1431 4600 1822 4660 assequentur
1850 4597 2195 4661 agnosceret-

616 4692 730 4745 que
763 4694 931 4734 unum
967 4678 1136 4735 Deum
1181 4692 1235 4737 et
1278 4693 1389 4739 tres
1416 4692 1699 4754 personas,
1735 4693 1898 4753 atque
1930 4684 2190 4737 unitatem

2304 4584 2553 4641 secundi.

2511 4821 3814 4858 ,Μ

1820 4960 2105 5049 PARS
2197 4961 2683 5048 TERTIA.

1194 5272 1611 5329 PROOEMIUM.

710 5388 1000 5455 Superiora
1068 5388 1314 5451 proxima
1370 5386 1662 5449 oratione,
1718 5400 1750 5438 ο
1808 5384 1893 5454 pie
1927 5390 1984 5439 et
2044 5398 2206 5437 vene-

640 5479 805 5531 taude
871 5478 1033 5532 frater
1083 5486 1307 5540 ttaster,
1362 5476 1581 5531 domine
1637 5474 1830 5546 lgnati,
1877 5475 2089 5545 egimus
2140 5475 2209 5530 de

642 5569 895 5638 paradiso
938 5580 990 5623 et
1043 5570 1336 5623 arboribus
1379 5570 1644 5638 mysticis,
1709 5584 1807 5636 pro
1856 5570 1999 5622 serie
2039 5579 2205 5636 atque

641 5672 829 5716 tenore
864 5660 1153 5725 Sciipturze
1205 5682 1219 5716 :
1255 5672 1307 5715 at
1366 5664 1617 5729 praesenti
1654 5678 1901 5715 sermone
1931 5661 2212 5715 dissolve-

642 5770 787 5818 ntus,
839 5752 950 5805 Deo
996 5768 1212 5807 manum
1264 5754 1422 5809 nobis
1451 5755 1785 5824 porrigentc,
1834 5753 2211 5806 haereticorum

645 5845 946 5901 calumnias
985 5859 1124 5914 quas
1162 5846 1446 5903 adversum
1486 5858 1672 5903 nostra
1724 5846 1862 5902 dicta
1902 5846 2214 5915 proferunt;

2316 5288 2379 5326 ac
2430 5266 2591 5324 simul
2627 5264 2914 5319 nonnullas
2962 5260 3297 5330 quaestiones
3342 5273 3372 5313 a
3412 5246 3737 5327 quibusdam
3764 5247 3884 5306 aliis

2311 5365 2444 5418 viris
2477 5359 2731 5430 quesitas
2761 5356 3173 5428 explicabimus.

2940 5468 3168 5527 CAPUT
3204 5467 3246 5521 1.

2318 5594 2514 5647 Contra
2550 5590 2844 5647 calumnias
2890 5586 3119 5641 Simonis
3154 5584 3333 5652 Magi,
3365 5589 3432 5636 de
3464 5584 3624 5651 primi
3656 5583 3883 5645 parentis

2986 5665 3214 5725 peccato.

2389 5752 2587 5821 Ol~jicit
2634 5753 2821 5805 Simon
2872 5748 3077 5817 Magus,
3107 5744 3379 5817 tinquiens
3422 5760 3435 5795 :
3479 5741 3618 5795 Deus
3666 5739 3755 5793 ille
3791 5734 3883 5804 qui

2325 5848 2590 5901 Adamum
2625 5841 2887 5908 condidit,
2924 5840 3192 5907 impotens
3226 5842 3343 5888 erat
3375 5840 3536 5900 atque
3570 5824 3881 5883 imbecillis:

3934 6412 4067 6432 ﬂama-rh
