4024 6458
34 356 39 373 ’
232 396 333 459 593

226 604 439 671 qualem
488 618 608 657 esse
640 602 872 658 volebat.
905 606 982 657 Ad
1026 606 1139 658 haec
1192 603 1603 671 respondemus,
1644 619 1797 657 nian-

228 695 365 748 sisse
433 694 700 746 Adamum
752 696 963 763 qualem
1019 696 1194 763 ipsum
1231 702 1443 749 etesse
1480 706 1532 748 et
1581 709 1800 748 manere

226 784 441 836 volebat
483 783 623 837 Deus
660 786 910 838 conditor
958 785 1289 854 eﬂ‘ectorque
1338 786 1547 855 ipsius;
1586 786 1800 840 volebat

228 878 370 930 enim
425 876 567 931 Dens
613 878 789 945 ipsum
840 877 1043 945 pollere
1094 886 1285 946 suopte
1331 878 1589 944 arbitrio,
1638 886 1799 947 atque

230 958 460 1021 liberum
502 982 645 1030 esse,
682 960 787 1023 non
825 979 1003 1021 autem
1046 981 1295 1022 naturam
1333 969 1530 1022 habere
1565 968 1797 1024 vinctam

224 1066 279 1112 et
302 1060 619 1125 obnoxiam,
646 1060 859 1128 qualem
895 1059 1093 1113 habent
1126 1061 1280 1112 bruta
1315 1061 1613 1113 animantia
1641 1069 1695 1113 et
1721 1073 1800 1113 ea:

224 1164 313 1203 res
353 1165 476 1217 qua:
514 1150 709 1204 animat
755 1160 1003 1219 expertes
1053 1158 1201 1203 sunt.
1252 1151 1413 1218 Atqui
1470 1149 1715 1218 profecto
1752 1149 1799 1203 si

225 1238 495 1293 voluisset
550 1238 691 1293 Deus
743 1239 949 1291 Adamo
998 1238 1224 1290 liberum
1278 1249 1400 1291 esse
1449 1253 1607 1291 suum
1650 1237 1800 1290 arbio

225 1329 418 1392 trium,
456 1329 541 1384 hic
570 1344 701 1384 vero
733 1344 839 1383 non
869 1329 1194 1383 obtinuisset
1220 1329 1506 1382 arbitrium
1545 1329 1795 1392 liberum,

226 1432 403 1487 neque
452 1416 499 1471 is
549 1416 745 1471 fuisset
796 1432 954 1486 quem
1004 1432 1127 1471 esse
1176 1417 1389 1469 volebat
1419 1416 1555 1485 ejus
1604 1431 1799 1484 parens

224 1507 390 1590 Deus,
439 1499 804 1575 sed’prorsus
853 1507 1015 1569 alius.
1048 1523 1113 1561 ac
1158 1516 1273 1559 tum
1322 1507 1538 1561 demum
1578 1507 1667 1562 isti
1702 1522 1798 1562 ca-

221 1597 446 1655 lumnia:
500 1600 651 1653 locus
701 1599 914 1653 fuisset.
974 1598 1074 1653 Sed
1132 1599 1299 1653 instat
1350 1596 1535 1652 Simon
1593 1616 1607 1651 :
1656 1599 1799 1654 Deus

228 1691 453 1745 volebat
480 1707 545 1745 ne
563 1691 746 1745 ederet
779 1692 1022 1745 Adamus
1047 1690 1114 1744 de
1142 1690 1230 1743 illa
1260 1690 1455 1744 arbore
1478 1708 1493 1753 ;
1521 1690 1641 1759 atis
1666 1691 1799 1757 edit,

222 1798 328 1837 non
378 1798 510 1850 ergo
560 1782 763 1835 mansit
811 1780 1026 1850 qualem
1086 1795 1309 1834 manere
1358 1779 1572 1834 volebat
1619 1780 1798 1848 Deus;

220 1875 517 1930 coniicitur
549 1889 678 1943 ergo
714 1888 901 1942 parum
943 1881 1215 1942 potentem
1252 1858 1424 1926 fuisse
1467 1872 1598 1927 Adae
1637 1873 1803 1927 Crea-

224 1978 423 2021 torem.
476 1966 587 2020 lmo
640 1980 767 2019 vero
802 1965 852 2018 id
897 1965 1073 2031 ipsum
1121 1964 1264 2033 quod
1315 1964 1425 2018 edit
1472 1965 1538 2017 de
1584 1966 1798 2031 arbore,

222 2068 553 2125 argumento
588 2066 671 2111 est
708 2057 976 2111 mansisse
1008 2056 1223 2124 qualem
1259 2056 1474 2110 volebat
1507 2054 1650 2111 Deus
1682 2071 1800 2110 ma-

221 2164 351 2203 nere
396 2164 515 2203 :ea
569 2150 715 2201 enim
768 2156 887 2201 erat
940 2148 1030 2200 Dei
1084 2148 1356 2208 voluntas.
1404 2158 1463 2200 ut
1507 2156 1798 2211 constaret,

220 2241 495 2293 Adamum
541 2253 661 2293 esse
710 2238 941 2291 liberum
990 2245 1152 2307 atque
1195 2253 1317 2291 cum
1358 2238 1529 2293 libero
1576 2237 1799 2292 arbitrio

223 2331 556 2395 conditum;
596 2328 757 2397 idque
790 2339 939 2383 certo
986 2329 1057 2382 ita
1094 2344 1150 2382 se
1183 2330 1383 2383 habere
1421 2330 1545 2382 inde
1578 2330 1801 2399 potissi-

221 2437 372 2476 tnum
427 2422 554 2477 Stii'i
610 2420 787 2489 potuit
833 2420 977 2489 quod
1027 2429 1311 2490 appareret
1365 2420 1417 2473 in
1460 2422 1629 2489 ipsius
1678 2436 1798 2475 esse

219 2514 460 2581 positum
511 2512 768 2565 facultate
817 2522 871 2565 et
922 2511 1085 2571 edere
1130 2521 1183 2566 et
1232 2526 1342 2564 non
1393 2510 1553 2565 edere
1599 2513 1665 2565 de
1709 2512 1799 2564 illa

221 2608 453 2673 arbore;
486 2608 769 2676 legemque
794 2606 878 2659 vel
905 2605 1197 2658 observare
1226 2605 1303 2659 vel
1334 2604 1553 2657 violare.
1579 2601 1801 2656 Postea-

221 2711 389 2765 quam
425 2696 586 2764 igitur
631 2694 821 2764 jussus
866 2695 1137 2749 abstinere
1168 2710 1274 2750 non
1310 2694 1599 2761 abstinuit,
1635 2694 1800 2748 libero

223 2802 454 2857 prorsus
488 2788 715 2841 arbitrio
742 2802 801 2841 se
828 2787 1063 2841 ostendit
1095 2787 1378 2855 prmditum
1410 2802 1551 2851 esse,
1584 2787 1799 2853 qualem

223 2878 399 2945 ipsius
445 2879 664 2933 cli'ector
712 2878 855 2933 Deus
892 2887 946 2934 et
992 2894 1113 2933 esse
1164 2888 1218 2932 et
1265 2894 1484 2933 manere
1532 2879 1798 2933 voluerat.

223 2968 413 3036 Neque
464 2982 593 3021 vero
642 2968 883 3022 Adamus
932 2968 1254 3021 vescebatur
1300 2984 1362 3022 ea
1407 2970 1623 3032 arbore,
1659 2973 1799 3023 vieta

224 3069 597 3129 superataque
626 3059 937 3117 Conditoris
968 3059 1062 3112 Dei
1088 3059 1391 3124 voluntate;
1424 3060 1516 3114 sed
1544 3062 1800 3114 Creatore

1358 399 1452 456 DE
1496 395 1888 457 PARADISO.
1930 422 1994 435 -
2035 396 2228 457 PARS
2269 400 2390 459 III.

231 528 401 581 neque
450 515 597 567 enim
648 513 857 567 cllieere
908 513 1079 582 potuit
1128 523 1182 569 ut
1237 524 1481 569 maneret
1530 516 1869 580 Adamus,A
1966 515 2023 569 Si
2082 525 2386 584 propterea,
2432 515 2619 568 Simon
2704 515 2874 582 Mago,

3379 400 3484 463 snt

2954 517 3119 571 Deum
3178 520 3474 573 invalidum

1861 608 2065 661 'vocas
2097 606 2225 673 quia
2278 606 2541 658 Adamum
2594 621 2714 660 cum
2772 606 2944 661 libero
2982 592 3205 661 arbitrio
3252 612 3476 673 creatit,

1901 716 2012 766 quo
2059 699 2148 752 ille
2200 696 2478 765 praeditus,
2530 698 2788 754 adversus
2836 700 3011 756 edicta
3061 700 3335 757 Creatoris
3388 705 3471 759 sui

1901 788 2083 841 facere
2129 797 2332 856 posset,
2385 795 2445 841 ut
2492 788 2655 841 etiam
2712 787 2870 841 hodie
2920 790 3251 845 imbecillum
3304 792 3493 845 Deum

1901 893 2025 932 esse
2062 879 2234 938 dicas,
2285 893 2509 933 necesse
2554 878 2752 945 fuerit;
2803 880 2968 947 jussit
3008 884 3148 937 enim
3184 898 3252 937 ne
3298 883 3469 937 homi-

1902 971 2064 1032 cidia,
2093 969 2428 1022 adulteriave
2463 972 2861 1026 committerent
2907 973 3181 1038 mortales,
3212 982 3268 1028 et
3294 982 3472 1027 tamen

1903 1061 2018 1113 haec
2052 1068 2216 1128 atque
2257 1060 2362 1113 alia
2409 1061 2698 1115 adversum
2740 1064 2909 1133 legem
2949 1060 3039 1119 Dei
3089 1076 3321 1134 patrant.
3370 1066 3475 1121 Sed

1902 1150 2051 1202 enim
2083 1156 2236 1203 utare
2270 1159 2327 1203 ut
2364 1150 2492 1203 libet
2524 1165 2591 1205 eo
2640 1162 2731 1206 tuo
2766 1165 3109 1221 argumento,
3161 1153 3383 1220 Simon;
3421 1165 3477 1210 at

1904 1238 2121 1292 interim
2155 1238 2327 1307 lnobis
2374 1242 2698 1308 respondeto
2745 1257 2759 1292 :
2812 1241 3092 1297 volcntene
3132 1244 3241 1297 Deo
3272 1243 3479 1297 faciunt

1905 1327 2159 1384 homines
2194 1329 2458 1410 adversus
2498 1330 2665 1401 legem
2717 1332 2907 1401 ipsius,
2939 1348 3005 1386 an
3051 1335 3307 1389 nolente?
3338 1336 3480 1387 Sane

1902 1420 1949 1475 si
2000 1420 2239 1485 nolente,
2275 1437 2614 1491 consequens
2652 1434 2757 1489 est,
2808 1423 3093 1479 imbecillis
3142 1438 3265 1478 eum
3312 1428 3471 1478 etiam

1906 1526 2055 1567 nunc
2086 1514 2293 1568 viribus
2324 1529 2478 1579 esse;
2528 1516 2731 1585 quippe
2775 1530 2885 1583 quo
2922 1516 3157 1581 nolente,
3192 1532 3313 1585 qua:
3341 1531 3477 1585 prae-

1903 1602 2124 1670 scripsit
2171 1602 2466 1660 vialantur.
2508 1603 2605 1658 Sin
2656 1606 2891 1667 volente,
2926 1604 3030 1658 erit
3074 1605 3189 1673 ipse
3232 1606 3332 1659 sibi
3380 1605 3473 1679 ad-

1904 1690 2097 1749 versus
2148 1704 2207 1749 ut
2253 1695 2361 1774 qu;
2389 1710 2450 1749 ea
2504 1696 2685 1749 verbis
2715 1695 2938 1763 jusserit
2985 1710 3107 1764 qua:
3153 1696 3329 1765 reipsa
3364 1695 3476 1750 ﬁeri

1906 1786 2166 1849 noluerit,
2200 1796 2255 1841 et
2288 1787 2548 1842 mortales
2598 1786 2863 1843 voluntati
2917 1787 3063 1841 illius
3112 1788 3359 1856 paruisse
3397 1786 3480 1840 di-

1905 1886 2100 1932 centur
2129 1877 2224 1946 qui
2251 1886 2441 1932 contra
2476 1878 2727 1933 mandata
2761 1877 3021 1940 fecerint,
3052 1878 3196 1947 quod
3234 1877 3477 1946 profecto

1902 1967 2200 2023 absurdum
2246 1977 2355 2023 est.
2401 1966 2636 2034 Rursus,
2694 1966 2971 2023 libentene
3017 1982 3085 2022 an
3148 1967 3318 2022 invito
3368 1968 3487 2024 Deo
3539 2024 3542 2026 γ

1903 2068 2123 2129 patrant
2165 2060 2414 2116 homines
2465 2076 2583 2130 quae
2633 2061 2877 2130 improba
2926 2062 3093 2115 sunt?
3143 2062 3198 2115 Si
3256 2062 3476 2125 libente.

1899 2153 2009 2206 erit
2055 2152 2171 2221 ipse
2219 2168 2437 2221 quoque
2489 2153 2769 2222 improbus
2817 2152 2910 2221 qui
2964 2153 3110 2207 vitiis
3145 2154 3471 2219 delectetur;

1903 2243 1988 2297 sin
2036 2242 2228 2308 invito,
2274 2258 2374 2297 cur
2413 2258 2519 2295 non
2570 2242 2829 2311 impedit!
2866 2243 2935 2295 At
2978 2242 3023 2297 si
3068 2256 3322 2299 coercere
3352 2242 3475 2297 illos

1906 2336 1977 2389 ab
2021 2350 2088 2389 eo
2131 2336 2276 2403 quod
2313 2350 2539 2403 pravum
2587 2343 2694 2400 est,
2740 2334 3074 2403 designanda
3118 2348 3225 2388 non
3280 2342 3478 2403 potest,

1902 2426 2186 2480 conﬁcitur
2236 2427 2411 2488 certe,
2463 2423 2669 2478 viribus
2720 2422 2896 2491 ipsum
2947 2423 3110 2476 etiam
3166 2438 3312 2475 nunc
3369 2436 3476 2475 non

1902 2516 2105 2585 pollere
2148 2532 2162 2569 :
2208 2517 2288 2568 vel
2319 2516 2362 2569 si
2409 2523 2515 2569 n‘on
2548 2515 2681 2577 vult,
2718 2528 2932 2569 rursum
2978 2527 3183 2581 pravus
3217 2521 3276 2567 ut
3306 2513 3478 2581 ipsius

1901 2609 1972 2663 sit
2017 2609 2393 2676 consequitur,
2440 2606 2532 2675 qui
2581 2620 2747 2673 prava
2793 2604 3120 2658 dissimulet.
3171 2602 3265 2657 Est
3310 2617 3474 2671 porro

1904 2697 2068 2752 etiam
2105 2697 2255 2751 aliud
2300 2695 2542 2751 Simonis
2577 2694 2712 2761 Elogi
2752 2701 3130 2769 argumentum
3169 2707 3275 2760 quo
3310 2691 3489 2746 Deum

1903 2789 2099 2842 Adami
2156 2787 2530 2849 conditorem,
2598 2783 2961 2853 improbitatis
3026 2790 3190 2849 atque
3254 2781 3479 2834 invidia:

1905 2894 2181 2934 arcessere
2223 2878 2434 2932 nititur.
2476 2874 2609 2929 Nam
2664 2873 2967 2937 interdixit,
3010 2872 3202 2941 inquit,
3247 2872 3474 2934 Adamn,

1904 2973 2102 3023 arbore
2138 2970 2377 3023 scientiae
2406 2966 2529 3021 boni
2560 2975 2614 3020 et
2644 2965 2793 3025 mali.
2825 2979 2930 3033 qua
2962 2972 3175 3032 gustata
3212 2964 3478 3029 potuisset

1905 3062 1993 3117 ille
2025 3064 2171 3119 inter
2204 3061 2401 3113 bonum
2447 3058 2761 3124 malumque
2799 3056 3119 3124 dijudicare,
3159 3064 3320 3123 atque
3372 3054 3473 3107 hoc

224 3152 326 3219 ipsi
382 3153 769 3219 permittente,
843 3159 901 3203 ut
949 3148 1093 3218 quod
1161 3150 1366 3203 arbitrii
1414 3151 1531 3219 ejus
1585 3150 1874 3217 libertasc
1906 3155 2118 3221 fugere,
2170 3151 2303 3206 illud
2353 3150 2628 3218 persequi.
2680 3147 2785 3200 Sed
2837 3147 3274 3214 respondemus,’
3305 3144 3474 3199 Deum

222 3240 458 3295 dictaret
505 3242 555 3294 id
604 3255 765 3309 porro
817 3248 1019 3309 ageret,
1070 3239 1292 3305 faceret,
1341 3230 1596 3308 patraret.
1648 3240 1795 3293 Prae-

225 3345 399 3397 terea,
445 3332 551 3385 nisi
595 3332 746 3386 liberi
798 3330 1006 3385 arbitrii
1055 3331 1183 3385 Adze
1224 3329 1531 3385 facultatem
1580 3330 1800 3383 rebellio

226 3425 321 3477 illa
376 3423 725 3493 prodidisset,
779 3437 949 3492 quare
1001 3422 1211 3475 tandem
1254 3422 1482 3490 perspici
1540 3420 1802 3489 potuisset

226 3518 470 3571 maxima
511 3515 823 3585 praestantia
863 3514 1107 3581 obsequii
1152 3512 1294 3582 quod
1342 3522 1525 3581 postea
1559 3512 1645 3565 ille
1683 3528 1801 3565 am-

226 3611 426 3679 plexus
455 3620 590 3671 erat,
618 3600 671 3661 et
703 3622 796 3676 per
830 3607 879 3660 id
916 3607 1191 3660 rediturus
1219 3606 1284 3658 ad
1315 3604 1604 3671 pristinum
1642 3618 1798 3657 suum

227 3699 505 3767 ordinem,
559 3695 935 3765 gradumque?
986 3694 1187 3763 quippe
1236 3709 1356 3747 cum
1404 3702 1549 3747 esset
1598 3693 1801 3746 bonum

226 3786 376 3854 quod
426 3786 541 3853 ipse
574 3794 831 3853 patraret,
870 3798 973 3835 non
1023 3783 1200 3835 solum
1244 3781 1517 3835 Creatoris
1563 3781 1645 3834 sui
1690 3797 1806 3833 mu-

226 3892 369 3939 nus,
421 3889 609 3928 verum
660 3876 823 3927 etiam
877 3874 1047 3942 ipsius
1100 3874 1379 3941 proprium
1430 3888 1586 3941 epus.
1640 3871 1805 3927 Porro

178 4000 181 4003 ‹
228 3969 472 4037 amplius
500 3966 662 4021 etiam
710 3977 861 4035 urget
895 3966 1103 4028 Simon,
1133 3967 1318 4034 aitque
1351 3980 1363 4017 :
1400 3964 1623 4019 Volebat
1666 3967 1807 4021 Deus

230 4059 506 4112 Adamum
540 4074 763 4113 manere
813 4060 865 4111 in
916 4057 1204 4126 paradiso;
1259 4065 1312 4109 at
1358 4056 1471 4125 ipse
1518 4072 1611 4125 per
1647 4072 1803 4111 suum

229 4150 499 4219 ﬂagitium
550 4149 675 4201 inde
725 4150 962 4214 excidit;
1013 4158 1131 4202 erat
1178 4164 1307 4215 ergo
1360 4148 1630 4217 impotens
1678 4148 1807 4201 Αάςιξ

230 4240 459 4295 eﬂ‘ector
504 4238 645 4295 Deus
694 4250 753 4293 ut
792 4241 883 4309 qui
934 4254 1032 4306 pro
1075 4255 1172 4293 sua
1224 4240 1502 4293 voluntate
1554 4240 1703 4292 illum
1754 4240 1806 4291 in

232 4330 493 4398 paradiso
542 4330 1165 4400 retinere.uequiverit.
1220 4330 1325 4385 Sed
1420 4329 1809 4399 respondemus

236 4420 434 4486 Deum,
464 4422 555 4475 ubi
600 4421 863 4475 Adamum
902 4423 1231 4477 condidisset
1277 4430 1442 4490 atque
1473 4421 1525 4475 in
1560 4421 1809 4489 paradiso

1904 3243 2048 3297 haud
2088 3243 2205 3295 ideo
2248 3240 2485 3295 vetuisse
2531 3239 2799 3293 Adamum
2846 3237 2989 3291 vesci
3037 3236 3217 3289 fructu
3264 3234 3477 3289 arboris

1906 3332 2150 3388 scientiae
2195 3346 2261 3384 ne
2310 3332 2509 3385 bonum
2559 3329 2997 3398 amplecteretur,
3046 3326 3351 3395 malumque
3391 3326 3468 3378 vi-

1904 3434 2057 3487 taret,
2104 3432 2161 3477 ut
2195 3422 2561 3477 calumniatur
2612 3421 2843 3485 Simon;
2893 3420 3007 3488 ipsa
3056 3424 3202 3472 enim
3257 3433 3341 3473 res
3390 3418 3480 3471 Si-

1908 3513 2088 3567 moois
2118 3513 2281 3567 verba
2320 3511 2597 3581 redarguit
2623 3509 2915 3571 mendacii,
2948 3524 3073 3563 nam
3117 3510 3228 3563 edit
3259 3510 3475 3578 quidem

1902 3602 1970 3656 de
2008 3605 2205 3657 arbore
2249 3603 2493 3657 scientia:
2525 3603 2765 3656 Adamus
2796 3616 2811 3655 :
2843 3608 2897 3655 et
2927 3602 3055 3669 quid
3090 3600 3316 3664 bonum,
3350 3601 3479 3669 quid

1906 3693 2109 3748 malum
2141 3704 2305 3759 esset,
2346 3693 2487 3749 facto
2525 3692 2767 3761 periculo
2798 3692 2989 3747 didicit
3022 3707 3039 3746 :
3073 3701 3125 3745 et
3156 3700 3332 3745 tamen
3369 3707 3487 3744 non

1905 3785 2067 3838 modo
2112 3783 2261 3837 nullo
2310 3782 2437 3839 inde
2472 3783 2758 3838 commodo
2805 3783 3103 3836 utilitateve
3148 3791 3340 3835 auctus
3373 3791 3475 3842 est,

1906 3874 1998 3928 sed
2059 3876 2220 3928 etiam
2280 3888 2476 3943 magno
2525 3874 2725 3927 damno
2776 3874 3073 3937 multatus,
3127 3872 3327 3941 quippe
3386 3874 3485 3939 qui

1907 3965 2102 4019 acerba
2150 3979 2309 4033 pana
2342 3975 2425 4019 est
2464 3964 2880 4018 condemnatus.
2925 3962 3033 4017 Sed
3065 3962 3238 4032 pergit
3282 3962 3480 4031 impius

1908 4060 1996 4114 ille
2050 4058 2236 4128 Magos
2288 4075 2301 4111 :
2356 4058 2423 4111 At
2476 4057 2577 4111 nisi
2609 4094 2623 4119 ,
2680 4044 2897 4124 inquit",
2946 4052 3171 4108 Creator
3216 4052 3304 4105 ille
3352 4051 3480 4106 Adae

1906 4152 2168 4206 edixisset
2200 4164 2265 4202 ne
2294 4148 2383 4202 ille
2412 4148 2594 4201 ederet
2622 4147 2688 4201 de
2716 4161 2777 4201 ea
2809 4145 3025 4211 arbore,
3056 4144 3477 4213 haudquaquam

1902 4242 2171 4311 judicium
2206 4241 2308 4294 hoc
2334 4252 2660 4308 pronamque
2690 4236 3020 4300 subivisset;
3056 4236 3177 4288 inde
3203 4234 3345 4288 enim
3379 4233 3481 4287 hoc

1910 4334 2109 4388 malum
2136 4331 2284 4402 quod
2330 4339 2521 4385 contra
2556 4328 2646 4381 Dei
2681 4328 2916 4381 edictum
2948 4328 3039 4381 ille
3068 4324 3303 4389 fecerat;
3339 4323 3480 4377 Deus

1912 4428 2057 4481 enim
2092 4426 2332 4495 jussarat
2378 4438 2448 4476 ne
2494 4421 2697 4486 ederet,
2748 4420 2865 4488 ipse
2913 4432 3040 4473 vero
3070 4418 3200 4472 edit.
3241 4416 3345 4469 Sed
3394 4431 3481 4471 re-

234 4512 532 4580 posuisset,
565 4528 793 4582 prorsus
839 4512 1068 4566 liberttm
1118 4513 1218 4580 ipsi
1265 4512 1457 4566 fecisse
1499 4520 1557 4566 ut
1594 4512 1673 4564 vel
1708 4510 1807 4564 ob-
1836 4502 1886 4561 D
1916 4517 2247 4585 spondemus
2296 4514 2464 4569 Deum
2517 4527 2691 4581 neque
2721 4510 2961 4565 voluisse
3000 4518 3060 4562 ut
3097 4508 3183 4561 ille
3210 4506 3390 4561 ederet
3419 4508 3483 4559 de

235 4610 454 4656 servata
488 4603 601 4673 lege
645 4604 774 4656 inihi
813 4612 1077 4667 maneret,
1112 4604 1191 4655 vel
1237 4601 1409 4673 fracta
1459 4602 1581 4654 inde
1612 4603 1799 4653 exiret.

235 4693 407 4762 Igitur
453 4709 575 4747 cum
618 4710 678 4747 ea
725 4693 801 4746 illi
846 4694 1098 4746 voluntas
1150 4692 1341 4745 fuisset
1387 4702 1444 4743 ut
1490 4693 1806 4758 imperatam

236 4784 409 4852 legem
444 4784 763 4848 transiliret,
816 4785 1007 4837 merito
1039 4793 1299 4837 extrusus
1347 4792 1430 4836 est
1476 4782 1727 4850 parad'so
1755 4788 1809 4833 et

237 4872 418 4928 merte
440 4874 600 4927 etiam
627 4874 933 4937 damnatus,
961 4885 1180 4943 propter
1201 4874 1497 4927 admissum
1523 4882 1805 4941 peccatum

241 4966 488 5031 scilicet;
522 4972 576 5019 et
614 4966 778 5019 simul
815 4981 880 5019 ne
920 4966 1090 5035 ipsius
1132 4966 1370 5033 pravitas
1410 4964 1550 5018 foret
1585 4964 1810 5017 immor-

242 5058 387 5121 talis,
412 5058 586 5127 qualis
607 5068 690 5111 est
717 5058 938 5111 diaboli.
965 5060 1184 5112 Accedit
1209 5058 1337 5123 huc,
1362 5066 1421 5111 ut
1446 5066 1589 5111 metu
1621 5057 1810 5109 mortis

244 5150 406 5218 cujus
454 5165 549 5219 per
597 5150 921 5204 sententiam
970 5164 1095 5201 reus
1142 5158 1567 5211 crat,-causam
1620 5146 1811 5199 mortis

248 5250 530 5311 peccatum
556 5242 769 5305 vitaret,
798 5251 851 5293 et
878 5240 1001 5293 huic
1032 5242 1316 5293 contraria:
1342 5240 1567 5307 justitia:
1590 5252 1807 5305 operam

249 5339 401 5388 daret
433 5352 447 5388 :
477 5334 709 5401 denique
742 5348 866 5387 cum
908 5333 1034 5385 olim
1066 5347 1129 5385 ex
1168 5330 1697 5399 ipsius'posteritate
1731 5327 1813 5381 fu-

253 5426 358 5479 turi
387 5433 571 5481 essent
600 5433 880 5493 martyres,
915 5423 1019 5476 lata
1045 5432 1127 5476 est
1155 5422 1413 5475 adversus
1449 5422 1592 5475 illum
1622 5422 1813 5474 mortis

252 5518 543 5581 sententia,
574 5526 633 5571 ut
669 5517 723 5569 hi
759 5532 854 5585 per
889 5523 1116 5569 mortem
1150 5529 1246 5578 pro
1280 5529 1376 5568 sua
1411 5514 1463 5567 in
1500 5514 1667 5568 Deum
1703 5516 1813 5581 pie-

256 5616 363 5661 tate
421 5617 585 5675 atque
646 5606 946 5659 reverentia
1009 5604 1251 5663 obitam.
1305 5618 1537 5657 coronas
1591 5602 1813 5671 adipisci

257 5696 745 5764 possentjustitiae.
808 5692 910 5750 Sed
974 5704 1309 5759 revertamur
1367 5695 1809 5763 undcpaulnlum

267 5787 487 5852 digressi
526 5804 734 5843 sumus.

1910 4621 1969 4659 ea
2018 4608 2231 4659 arbore.
2282 4604 2412 4659 Nam
2461 4604 2505 4658 si
2552 4602 2811 4657 voluisset
2856 4607 2917 4656 ut.
2961 4598 3169 4656 ederet,
3217 4596 3323 4649 duo
3368 4595 3482 4647 hac

1911 4698 2148 4751 absurda
2184 4698 2583 4749 conﬁcerentur
2614 4709 2628 4746 :
2660 4693 2913 4751 alterum,
2949 4688 3116 4742 Deum
3150 4688 3479 4740 verbotenns

1914 4787 2198 4840 mandasse
2249 4785 2391 4851 quod
2444 4783 2619 4849 reipsa
2668 4780 2781 4834 fieri
2848 4779 3148 4839 noluisset,
3215 4777 3489 4839 alterum,

1912 4892 2035 4931 cum
2074 4877 2167 4944 qui
2206 4876 2469 4928 adversus
2515 4870 2829 4926 Conditoris
2876 4869 2961 4924 sui
3010 4869 3162 4938 jussa
3208 4866 3478 4935 propalant

1914 4967 2127 5035 agebat,
2166 4965 2427 5019 voluntati
2476 4964 2647 5030 ipsius
2687 4961 2883 5014 fecisse
2928 4959 3082 5023 satis,
3131 4957 3479 5026 quantumvis

1914 5058 2156 5109 nescium
2230 5066 2390 5123 atque
2464 5054 2887 5121 imprudentem.
2964 5050 3058 5102 Sin
3121 5048 3383 5102 voluisset
3417 5062 3481 5100 ne

1913 5148 2115 5207 ederet.
2153 5148 2319 5199 videri
2364 5153 2577 5214 poterat
2609 5143 2909 5197 imbecillus
2939 5157 2952 5193 :
2986 5152 3045 5194 ut
3075 5139 3233 5209 cujus
3283 5140 3476 5191 volun—

1916 5236 2014 5288 tati
2045 5235 2289 5289 Adamus
2321 5248 2618 5303 repugnare
2646 5230 2881 5299 potuerit
2909 5247 2922 5281 :
2948 5228 3040 5283 sed
3072 5228 3177 5281 huc
3208 5236 3481 5295 spectasse

1918 5327 2088 5380 Deum
2108 5327 2235 5380 dum
2262 5328 2427 5395 legem
2450 5323 2655 5378 Adamo
2676 5320 3070 5389 praescriberet,
3091 5318 3479 5372 observaretnc

1915 5434 1981 5472 an
2009 5418 2233 5471 violaret
2258 5416 2345 5470 ille
2364 5431 2506 5481 eam,
2530 5428 2638 5467 non
2662 5420 2842 5464 autem
2868 5410 3046 5463 ederet
3071 5423 3136 5459 au
3165 5422 3270 5460 non
3297 5408 3479 5459 ederet

1914 5509 1980 5564 de
2022 5509 2111 5561 illa
2154 5508 2369 5567 arbore,
2410 5517 2572 5574 atque
2623 5504 2745 5557 ideo
2790 5515 3004 5569 quoque
3046 5498 3111 5551 de
3155 5498 3363 5551 duabus
3401 5497 3476 5547 illi

1919 5599 2345 5654 habitationibus
2395 5596 2713 5667 providisse,
2763 5602 2820 5646 ut
2863 5591 3087 5643 alteram
3137 5588 3180 5641 si
3230 5588 3331 5656 legi
3383 5602 3473 5653 pa-

1918 5690 2138 5751 ruisset,
2165 5691 2389 5743 alteram
2424 5691 2466 5742 si
2501 5701 2607 5739 non
2648 5684 2909 5751 paruisset
2940 5680 3179 5732 haberet.
3217 5676 3376 5744 quue
3404 5677 3476 5729 ita

1918 5796 2038 5835 esse
2086 5780 2166 5834 vel
2216 5781 2340 5835 hinc
2379 5777 2695 5833 ostendatur
2744 5770 2887 5841 quod
2932 5771 3038 5827 duo
3082 5770 3195 5823 haec
3237 5767 3373 5821 inter
3417 5779 3477 5819 se
