4024 6444
572 393 682 455 595

575 511 727 573 paria
773 514 942 562 sunt:
976 509 1149 562 Deum
1201 508 1433 578 iussisse
1479 519 1541 567 ut
1586 514 1790 580 ederet,
1828 515 1976 569 illum
2014 529 2142 569 vero
2171 516 2216 573 Δ

578 616 686 653 non
713 599 929 677 edisse;
963 609 1014 655 et
1049 601 1215 655 Deum
1250 604 1487 657 vetuisse
1519 619 1585 656 ne
1611 607 1810 669 ederet,
1840 607 1933 661 sed
1961 617 2143 662 tamen

576 692 727 745 illum
780 688 1011 756 edissef
1058 707 1151 759 par
1219 693 1362 747 enim
1431 696 1637 751 violatas
1702 698 1831 766 legis
1880 700 2034 767 culpa
2089 701 2196 755 in'

576 784 789 839 ntrovis
820 784 999 837 futura
1044 794 1177 837 erat.
1230 783 1411 853 lgitur-
1451 801 1555 840 non
1587 803 1651 842 eo
1678 790 1953 858 spectabat
2002 790 2141 848 Deus

577 877 707 930 dum
757 878 926 945 legem
961 876 1249 937 conderet,
1296 877 1551 932 ederetne
1595 880 1681 958 ille
1726 896 1905 947 annon
1963 885 2144 940 ederet

575 982 740 1035 quem
784 967 993 1020 arbitrii
1028 967 1270 1021 libertate
1302 968 1549 1035 donarat,
1576 974 1667 1045 sed
1696 974 2024 1036 observaret,
2050 990 2142 1028 an-

579 1074 689 1112 non
740 1058 1053 1113 observaret
1117 1059 1283 1128 legem
1338 1063 1707 1129 quam‘liberi
1768 1066 1886 1133 ejus
1934 1067 2141 1122 arbitrii

578 1149 861 1203 materiem
911 1162 1032 1201 esse
1066 1149 1328 1203 voluerat.
1370 1151 1648 1221 Simulque
1678 1170 1744 1207 eo
1770 1157 1930 1210 etiam
1974 1158 2144 1236 perti;

578 1238 745 1291 nebat
789 1235 920 1305 legis
961 1239 1299 1301 constitutio,
1345 1248 1400 1293 ut
1444 1241 1765 1311 intelligeret
1808 1246 2048 1302 Adamus
2088 1235 2146 1303 se

580 1328 649 1381 ab
682 1326 789 1381 alio
820 1328 1121 1392 conditum,
1153 1330 1307 1398 eique
1348 1345 1444 1386 suo
1476 1332 1773 1399 Conditori,
1808 1345 1865 1389 ut
1896 1336 2142 1405 Domino,

577 1418 889 1487 subjectum
932 1434 989 1473 se
1026 1433 1163 1473 esse.
1208 1422 1311 1476 Sed
1360 1438 1522 1493 supra
1572 1440 1600 1479 a
1651 1428 1829 1491 nobis,
1874 1430 1956 1484 hae
1988 1440 2147 1501 atque

579 1510 699 1564 alia!
725 1510 957 1565 ferendas
982 1511 1113 1580 legis
1138 1514 1472 1570 causzesatis
1500 1526 1740 1574 tractata:
1761 1521 2148 1593 explicatzeque

576 1612 729 1659 sunt.
768 1602 848 1656 Ad
894 1601 1017 1665 hoc,
1059 1602 1151 1671 qui
1201 1615 1373 1673 potest
1401 1609 1707 1665 verosimile
1750 1612 1938 1677 videri,
1979 1615 2144 1671 Deum

580 1694 793 1749 Adamo
824 1694 1075 1750 escailla
1114 1696 1459 1753 interdixisse
1494 1716 1559 1754 ne
1596 1702 1719 1759 inde
1750 1704 1875 1757 boni
1914 1707 2147 1775 malique

578 1784 762 1840 sciens
797 1786 942 1839 fieret
979 1803 992 1837 :
1025 1784 1364 1855 alterumque
1393 1790 1664 1859 amplecti,
1697 1792 1881 1862 fugere
1915 1796 2143 1851 alterum

578 1883 784 1941 nosset,
817 1877 1034 1944 quando
1082 1877 1227 1931 nulla
1256 1878 1304 1933 ei
1333 1857 1513 1936 arbori
1543 1883 1631 1937 vis
1662 1857 1837 1940 inerat
1873 1903 1992 1957 quae
2022 1890 2146 1944 bonl
2185 1857 2223 1909 Β

578 1963 822 2033 malique
866 1965 1193 2031 dijudicandi
1244 1968 1473 2024 scientia
1519 1973 2145 2032 edentesinformaret:

581 2054 695 2107 imo
725 2069 853 2109 vero
895 2055 1023 2124 jam"
1048 2067 1158 2111 tum
1186 2057 1311 2127 ejus
1355 2060 1548 2127 judicii
1598 2077 1793 2131 expers
1836 2067 2004 2121 Adam
2047 2070 2149 2123 ml-

582 2145 731 2198 nime
782 2158 929 2201 esset
976 2148 1197 2218 (quippe
1244 2150 1333 2204 lex
1380 2152 1446 2206 iis
1493 2168 1598 2206 non
1650 2159 2019 2223 praescribitur
2054 2161 2148 2233 qui

583 2234 787 2289 malum
822 2251 851 2290 a
887 2237 1032 2291 bono
1062 2254 1348 2295 secernere
1383 2257 1491 2297 non
1525 2257 1748 2314 queunt,
1782 2251 1874 2305 sed
1905 2252 1997 2321 qui
2029 2263 2152 2309 ante

580 2325 772 2393 probi,
813 2328 1197 2399 improbique,
1254 2333 1607 2405 discernendi
1675 2340 1883 2409 judicio
1948 2346 2150 2412 praediti

577 2417 728 2485 sunt)
776 2416 920 2471 sicut
968 2420 1182 2485 oculus,
1216 2426 1466 2491 quamvis
1520 2441 1624 2481 non
1676 2444 1775 2484 usu
1826 2442 1986 2501 atque
2026 2432 2149 2487 fun-

579 2507 787 2570 ctione,
840 2524 897 2562 re
946 2519 1124 2565 tamen
1177 2513 1327 2582 ipsa,
1378 2524 1489 2569 tum
1540 2519 1772 2586 visione,
1825 2531 1937 2577 tum
1990 2525 2153 2581 rebus

580 2600 1013 2666 aspectabilibus
1039 2603 1189 2671 prior
1214 2616 1295 2660 est
1324 2624 1337 2659 :
1367 2622 1488 2677 quae
1510 2624 1672 2679 supra
1698 2628 1915 2683 quoque
1941 2631 1969 2670 a
1999 2612 2154 2687 nobis

580 2700 713 2747 sunt
758 2702 1005 2750 tractata.
1052 2698 1120 2751 At
1151 2702 1428 2767 veroideo
1472 2704 1623 2766 illum
1670 2706 1833 2776 jussit
1864 2711 1931 2765 ab
1960 2714 2156 2769 arbore

584 2785 857 2839 abstinere
900 2798 959 2841 ut
991 2792 1245 2845 evaderet
1287 2792 1631 2861 immortalis,
1666 2811 1957 2871 ageretque
1991 2806 2154 2859 vitam

582 2889 900 2946 perpetuam
933 2898 945 2934 :
982 2880 1081 2936 hoc
1114 2885 1256 2938 enim
1293 2886 1495 2957 donum
1533 2905 1561 2943 a
1592 2892 1770 2948 divina
1811 2896 2154 2963 gratia‘retu-

582 2967 761 3022 lisset.
795 2969 862 3022 At
897 2966 1039 3024 enim
1090 2972 1255 3028 Deum
1290 2990 1395 3029 non
1438 2977 1741 3048 improbum
1782 2996 1879 3051 pro
1916 2983 2155 3041 Simonis

583 3058 897 3125 calumniis,
943 3062 1037 3114 sed
1086 3063 1286 3116 bonum
1327 3065 1729 3139 benignumque
1776 3082 1967 3127 natura
2014 3091 2155 3139 esse,

585 3150 674 3204 his
700 3150 973 3220 colligitur
1005 3157 1375 3252 argumentis;
1417 3160 1657 3215 condidit
1689 3164 1831 3217 enim
1865 3167 2152 3235 Adamunt,
2184 3193 2225 3252 ρ

581 3252 712 3290 cum
748 3246 871 3291 ante
906 3254 1081 3309 neque
1128 3242 1219 3298 ille
1252 3247 1562 3316 exsisteret,
1612 3267 1784 3321 neque
1829 3255 1969 3310 alius
2002 3234 2155 3324 quis?
2185 3234 2227 3253 u

586 3328 753 3396 piam,
782 3329 879 3399 qui
922 3331 1098 3399 ipsum
1143 3334 1209 3387 ad
1251 3335 1401 3391 illum
1435 3341 1796 3407 condendum,
1827 3345 1911 3398 vel
1940 3346 2153 3402 hortatu

590 3420 675 3472 νιιι
714 3421 1481 3493 ριέρὶὺυε·ιηονρι·‹ιιφθιΙΙιοο
1510 3434 1741 3488 contulit
1773 3434 1843 3488 illi
1874 3432 2155 3507 imperium

584 3513 643 3565 in
698 3513 871 3588 pisces
923 3517 1087 3569 maris
1137 3526 1195 3583 et
1242 3520 1487 3577 volucres
1540 3524 1715 3589 caeli:
1752 3526 1974 3598 insuper
2022 3531 2162 3584 bene

584 3611 966 3673 precatus’est
1013 3608 1137 3675 ipsi,
1190 3619 1247 3663 ut
1290 3623 1560 3667 cresceret
1608 3631 1942 3687 numeroque
1994 3634 2157 3689 auge-

583 3708 790 3753 sceret.
834 3691 1098 3754 Praeterea
1142 3702 1285 3756 dedit
1334 3704 1409 3758 illi
1447 3721 1662 3761 omnem
1715 3709 1937 3775 herbam
1981 3713 2159 3783 prole-

568 3800 797 3847 .rentem
829 3805 1037 3855 semen,
1065 3802 1117 3848 et
1143 3809 1359 3848 omnem
1388 3799 1638 3853 arborem
1670 3800 2028 3869 lructit‘eram,
2060 3820 2160 3875 pro

585 3882 737 3938 cibo.
764 3880 1006 3954 Denique
1034 3901 1135 3941 nos
1170 3888 1313 3957 ipsos
1342 3892 1505 3945 etiam
1548 3908 1692 3948 nunc
1720 3903 1772 3949 et
1802 3896 1845 3950 si
1875 3911 2161 3965 peccemus

585 3983 754 4047 atque
782 3978 1078 4059 adversum
1110 3980 1303 4049 “ipsius
1352 3984 1606 4051 mandata
1657 3985 1941 4055 faciamus,
1979 3997 2159 4047 tamen

588 4084 699 4125 non
746 4073 907 4126 modo
961 4074 1194 4150 sustinet
1243 4090 1421 4145 neque
1469 4078 1641 4133 nostri
1674 4080 2034 4146 obliviscitur,
2068 4084 2159 4152 sed

588 4162 755 4216 etiam
782 4172 1085 4229 conservat,
1118 4166 1305 4232 pascit,
1336 4168 1625 4234 gubernat,
1654 4180 1705 4225 et
1736 4172 1957 4225 omnino
1990 4175 2160 4227 nostri

589 4270 782 4311 curant
810 4259 969 4323 gerit.
1001 4254 1142 4311 Sunt
1168 4274 1331 4328 porro
1360 4259 1464 4313 alia
1498 4260 1729 4330 plurima
1756 4277 1877 4332 quae
1902 4272 2161 4317 testentur

589 4350 765 4405 Deum
811 4358 1002 4402 natura
1056 4349 1447 4414 bonunresse,
1497 4360 1660 4420 atque
1696 4367 1760 4406 ex
1799 4368 1944 4407 mera
1976 4355 2160 4424 gratia

589 4441 859 4494 Adamum
910 4449 1243 4510 caeterasque
1288 4457 1375 4496 res
1423 4442 1687 4497 eﬂ‘ecisse.
1737 4442 1947 4513 Pugnat
1999 4459 2159 4515 porro

1841 400 2072 464 MOSIS
2110 399 2264 461 ΒΑΗ
2300 400 2547 463 CEPHA

3693 398 3777 460 596

2247 512 2417 581 ipsius
2447 510 2652 565 malitia
2684 525 2788 565 una
2820 523 2941 565 cum
2971 510 3089 580 ipso
3122 511 3471 575 immortalis,
3502 509 3779 581 cujusmodi

2243 612 2323 657 est
2355 602 2550 657 diaboli
2601 602 2860 671 pravitas.
2911 603 3085 669 Atque
3133 602 3232 656 hoc
3267 601 3338 655 ita
3376 616 3435 655 se
3478 601 3672 655 habere
3714 603 3783 655 vel

2242 696 2367 751 inde
2400 688 2606 750 certuni
2638 703 2742 759 est,
2779 693 2920 763 quod
2955 694 3082 747 oiim
3132 684 3494 748 concessurus
3529 702 3608 746 est
3651 691 3787 745 nobis

2241 786 2406 839 vitam
2454 796 2770 855 perpetuam
2813 786 2861 837 in
2905 784 3085 838 futuro
3116 785 3335 846 stet-nlo,
3374 784 3539 838 nullis
3574 772 3788 851 peccatis

2243 886 2335 931 aut
2374 878 2578 931 delictis
2618 876 2933 939 obnoxiam,
2963 875 3055 929 sed
3097 874 3440 943 sempiternis
3512 884 3668 942 atque
3700 877 3787 927 im-

2243 968 2562 1023 mortalibus
2592 967 2799 1041 deliciis
2825 966 3058 1035 plenam.
3091 965 3303 1019 Rursus
3327 966 3408 1019 sic
3433 967 3613 1032 arguit
3643 965 3788 1018 Deum

2245 1060 2384 1113 idem
2434 1059 2620 1113 Simon
2673 1058 2879 1126 Magos.
2910 1057 3025 1123 Qua
3072 1059 3288 1113 tandem
3338 1058 3573 1117 ratione.
3617 1059 3790 1125 inquit,

2243 1160 2553 1205 exsecratus
2607 1158 2689 1203 est
2752 1151 2890 1203 Deus
2958 1159 3259 1219 serpentem
3304 1149 3493 1203 ?Nam
3525 1150 3568 1203 si
3602 1158 3659 1202 ut
3685 1164 3792 1203 eum

2244 1245 2336 1311 qui
2378 1242 2635 1297 damnum
2686 1242 2926 1306 dederat,
2972 1260 3069 1296 cur
3107 1258 3210 1296 non
3249 1243 3493 1296 coercuit
3532 1258 3601 1296 ne
3641 1241 3791 1306 daret,

2248 1337 2349 1389 hoc
2376 1343 2479 1401 est,
2511 1350 2576 1389 ne
2626 1334 2903 1388 seduceret
2948 1335 3257 1387 Adamum?
3295 1334 3349 1388 Si
3391 1338 3529 1388 vero
3561 1348 3661 1387 ceu
3688 1347 3796 1385 cum

2246 1428 2339 1496 qui
2388 1426 2671 1481 utilitaRem
2708 1426 2981 1487 attulerat,
3014 1425 3211 1493 quippe
3252 1426 3340 1495 qui
3384 1424 3596 1478 Adamo
3629 1435 3797 1478 auctor

2248 1517 2425 1571 fuerat
2456 1526 2513 1570 ut
2536 1515 2603 1569 de
2631 1516 2766 1569 bona
2803 1515 2892 1570 illa
2922 1516 3113 1570 arbore
3145 1516 3480 1583 ederet,sane
3510 1515 3799 1585 improbum

2247 1620 2407 1677 atque
2460 1607 2698 1660 invidum
2750 1606 2917 1661 fuisse
2966 1606 3116 1660 illum
3152 1622 3373 1661 necesse
3420 1617 3539 1672 est;
3588 1606 3803 1673 denique

2247 1713 2369 1755 cum
2419 1709 2656 1751 neutram
2690 1698 2881 1751 harum
2932 1714 3215 1754 causarum
3268 1698 3514 1759 haberet,
3550 1698 3697 1750 illum
3731 1706 3801 1751 est

2249 1789 2572 1852 detestatus,
2612 1801 2673 1839 ac
2728 1786 2952 1855 proinde
3004 1802 3136 1841 sane
3184 1787 3466 1857 imperitia:
3514 1796 3676 1856 atque
3720 1797 3803 1838 ve-

2252 1880 2449 1935 cordia:
2500 1884 2691 1933 merito
2732 1882 3053 1932 accusetur!
3105 1878 3183 1933 Ad
3234 1880 3348 1934 haec
3396 1879 3805 1948 respondemus,

2255 1972 2420 2026 Deum
2472 1980 2815 2025 exsecratum
2885 1984 3007 2024 esse
3070 1980 3372 2041 serpentem
3428 1980 3485 2024 ut
3538 1970 3613 2023 rei
3671 1968 3809 2021 malae

2252 2072 2550 2126 auctorem,
2583 2069 2637 2116 et
2672 2070 2849 2115 tamen
2887 2075 2990 2128 non
3038 2062 3345 2115 coercuisse
3391 2060 3805 2121 machinantem,

2252 2156 2345 2226 qui
2379 2169 2436 2210 se
2464 2154 2667 2224 alioqui
2701 2155 2791 2224 qui
2838 2170 2943 2208 non
2986 2154 3207 2218 latebat,
3243 2154 3430 2208 eadem
3480 2133 3810 2220 ratione'qua

2254 2262 2427 2315 neque
2457 2246 2615 2301 hodie
2650 2260 2745 2299 eos
2779 2246 2993 2299 cohibet
3020 2245 3109 2313 qui
3146 2244 3406 2313 improbis
3437 2246 3600 2297 rebus
3633 2242 3811 2296 intenti

2254 2345 2403 2403 sunt,
2437 2352 2505 2391 ne
2552 2352 2643 2391 eas
2674 2344 2920 2405 patrent;
2960 2346 3071 2391 tum
3104 2336 3291 2400 etiam,
3338 2350 3404 2389 ne
3434 2350 3495 2389 ea
3535 2350 3591 2388 re
3625 2333 3813 2387 diaboli

2258 2428 2564 2483 libertatem
2601 2427 2907 2497 impediret,
2942 2429 3033 2497 qui
3071 2444 3163 2497 per
3196 2438 3500 2498 serpentem
3540 2430 3704 2482 verba
3738 2426 3812 2480 la-

2255 2519 2464 2583 ciebat;
2509 2501 2741 2586 denique
2788 2526 2846 2570 ut
2878 2518 3174 2586 periculum
3211 2517 3359 2571 ﬁeret
3389 2517 3458 2569 de
3499 2517 3708 2569 Adamo
3740 2514 3813 2583 ip~

2256 2611 2476 2679 eiusque
2510 2609 2679 2663 libero
2715 2610 2964 2673 arbitrio,
2998 2626 3058 2663 ea
3110 2624 3286 2676 pugna
3328 2602 3491 2677 atque
3534 2606 3825 2661 certamine

2254 2703 2307 2755 in
2340 2717 2448 2769 quo
2495 2701 2601 2755 illic
2652 2702 2984 2756 versabatur.
3027 2696 3307 2756 Posttemo
3345 2700 3389 2754 si
3426 2688 3700 2769 scrpe'ntis
3734 2710 3819 2751 co-

2256 2802 2441 2847 natum
2482 2786 2853 2863 impedivisset
2889 2794 3050 2854 Deus,
3087 2796 3211 2848 data
3260 2793 3454 2848 fuisset
3506 2792 3819 2846 mortalibus

2257 2884 2727 2954 qumrendi‘ansa;
2758 2887 3018 2941 dixissent
3044 2888 3188 2941 enim
3248 2886 3417 2940 Deum
3446 2902 3543 2956 per
3569 2885 3815 2938 invidiam

2257 2975 2587 3030 abstinuisse
2608 2976 2877 3037 Adamum
2902 2992 2931 3030 a
2955 2978 3131 3031 brevis
3156 2977 3465 3031 tentatiouis
3490 2974 3821 3046 periculique

2258 3076 2554 3131 momento,
2587 3083 2654 3121 ne
2681 3083 2745 3123 eo
2776 3079 3032 3137 superato
3059 3070 3223 3123 vitam
3256 3070 3656 3137 adipisceretur
3684 3083 3817 3122 sem-

2260 3163 2562 3231 piternam;
2613 3178 2785 3231 neque
2821 3165 2963 3217 enim
3016 3163 3188 3233 ipsum
3246 3163 3513 3237 serpentis
3536 3162 3747 3224 overhis,
3779 3160 3821 3215 si

2262 3250 2476 3303 fallendi
2510 3267 2730 3305 causam
2782 3252 2931 3306 illum
2970 3254 3195 3308 adortus
3242 3264 3404 3320 esset,
3438 3266 3821 3309 concessurum

2258 3341 2446 3397 fuisse.
2499 3343 2665 3397 Porro
2708 3343 2775 3399 de
2824 3343 3046 3401 Simone
3100 3344 3250 3421 mago
3286 3345 3417 3400 illud
3462 3346 3612 3400 scire
3656 3354 3821 3415 opera:

2258 3435 2492 3505 pretium
2538 3443 2642 3499 est,
2692 3451 2813 3492 esse
2861 3440 2952 3507 qui
3004 3438 3210 3503 dicant,
3264 3439 3438 3507 ipsum
3487 3438 3542 3492 in
3595 3438 3855 3511 speciem'

2260 3526 2477 3595 quidem
2516 3527 2818 3582 assensisse
2866 3526 3029 3581 Musis
3067 3528 3189 3597 legi,
3242 3530 3333 3582 sed
3388 3528 3567 3595 plures
3618 3527 3821 3580 interim

2260 3618 2387 3671 deos
2422 3618 2690 3687 posuisse,
2743 3633 2973 3688 quorum
3013 3635 3155 3675 unus
3204 3619 3272 3673 sit
3318 3618 3624 3673 imbecillus
3674 3629 3824 3685 atque

2260 3709 2559 3779 impotens,
2610 3711 2655 3765 is
2708 3711 2798 3779 qui
2846 3710 3111 3765 Adamum
3166 3711 3321 3765 ﬁnxit
3371 3711 3647 3781 fecitque;
3696 3706 3824 3763 alter

2260 3818 2389 3857 vero
2438 3801 2541 3857 hoc
2586 3810 2858 3871 superior,
2900 3804 3094 3872 majtir,
3126 3806 3419 3872 potentior.
3457 3803 3606 3855 Alios
3653 3812 3821 3854 autem

2261 3882 2452 3963 putare
2481 3892 2721 3949 Simonis
2754 3894 2891 3965 Magi
2925 3894 3249 3949 sententiam
3281 3884 3472 3958 fuisse,
3508 3894 3767 3947 mundutn
3796 3903 3823 3944 a

2261 3984 2398 4038 mala
2426 3999 2589 4039 causa
2615 3994 2793 4039 ortum
2820 4000 2971 4053 esse;
3003 3987 3310 4056 atqueoideo
3340 3984 3490 4039 illum
3519 3983 3821 4055 hujusmodi
3849 3971 3858 3985 ’

2260 4075 2492 4130 absurda
2547 4075 2831 4145 turpiaque
2874 4078 3021 4131 dictu
3072 4077 3395 4147 collegisse,
3444 4076 3645 4148 quibus
3693 4073 3822 4144 apud

2262 4178 2355 4218 eos
2406 4164 2497 4233 qui
2551 4164 2780 4218 in‘vera
2838 4163 2939 4219 tide
2988 4166 3269 4230 durarent,
3322 4164 3509 4219 mundi
3556 4175 3821 4217 auctorem

2262 4256 2432 4311 Deum
2477 4256 2813 4325 suggillaret.
2849 4255 3141 4325 Propterea
3173 4270 3461 4325 corporum
3498 4268 3715 4324 quoque
3744 4266 3819 4306 re—

2264 4349 2652 4403 surrectionem
2712 4348 2913 4415 perﬁde
2967 4348 3117 4402 illum
3176 4361 3421 4413 negasse.
3471 4345 3671 4402 Verum
3722 4347 3822 4398 haec

2265 4442 2445 4495 omnia
2471 4456 2536 4494 ex
2565 4454 2630 4493 eo
2658 4434 2807 4493 libio
2841 4441 3092 4510 cognosci
3126 4448 3375 4509 possunt,
3405 4454 3565 4508 quem
3593 4438 3664 4490 de
3695 4436 3820 4491 mul-

586 4530 779 4586 Simon
816 4530 1005 4601 Magus
1038 4535 1299 4587 adversus
1338 4532 1527 4596 Deum,
1557 4533 1721 4587 etiam
1756 4533 1859 4587 hac
1892 4534 1976 4587 via
2013 4553 2026 4587 :
2062 4534 2161 4589 Per
2194 4539 2236 4593 D
2266 4535 2493 4589 titudine
2524 4528 2934 4602 dill'erentiaque
2964 4541 3233 4586 sectarqu
3267 4528 3714 4600 conscripsimus.

590 4623 873 4687 invidiam,
902 4622 1096 4691 inquit,
1127 4624 1403 4692 prohibuit
1430 4623 1696 4677 Adamum
1726 4625 1794 4679 ab
1823 4626 2017 4679 arbore
2043 4626 2164 4681 vitae

592 4714 879 4782 gustanda,
927 4727 1119 4782 nempe
1150 4729 1216 4768 ne
1264 4714 1591 4768 immortalis
1628 4716 1800 4773 ﬁeret.
1836 4717 1993 4785 Atqui
2026 4717 2070 4770 si
2101 4730 2162 4771 ea

591 4800 794 4857 invidia
858 4803 1158 4858 laborasset
1212 4804 1357 4859 Deus
1399 4819 1627 4874 prorsus
1694 4808 1763 4860 ab
1819 4806 1997 4871 initio,
2056 4823 2161 4861 non

592 4895 892 4947 creavisset
923 4894 1214 4949 Adamum.
1262 4894 1447 4964 Neque
1480 4897 1626 4949 enim
1662 4896 1769 4950 ulla
1804 4912 1928 4951 eum
1975 4896 2055 4952 vis
2098 4896 2164 4949 ad

595 4984 886 5038 creandum
926 4986 1077 5040 illum
1130 4986 1366 5055 impulit,
1413 4987 1505 5042 sed
1552 5003 1649 5042 sua
1698 4980 1993 5052 voluntate,
2042 5004 2165 5058 gra—

596 5076 739 5131 tuito
768 5078 913 5133 illum
941 5080 1213 5143 condidit;
1240 5074 1439 5146 adhoc,
1466 5081 1777 5148 paradisum
1810 5081 1952 5134 illius
1979 5096 2165 5145 causa,

596 5171 705 5223 hoc
750 5179 863 5231 est,
912 5179 973 5222 ut
1020 5172 1069 5223 in
1122 5185 1187 5225 eo
1238 5171 1328 5224 ille
1362 5180 1427 5243 ,ει
1479 5172 1747 5226 habitaret
1794 5181 1847 5225 et
1896 5172 2168 5241 voluptate

598 5261 894 5324 frueretur,
947 5276 1051 5313 non
1105 5260 1320 5317 fecisset
1368 5264 1413 5317 si
1471 5264 1775 5327 invidisset,
1834 5272 1924 5316 aut
1972 5264 2166 5317 saltem

600 5352 774 5421 ipsam
802 5352 925 5407 vita:
959 5353 1206 5406 arborem
1254 5370 1411 5423 quam
1448 5356 1523 5409 illi
1556 5357 1857 5419 invidisset,
1892 5370 1997 5408 non
2044 5371 2169 5424 pro-

602 5453 842 5498 creasset
870 5445 921 5498 in
954 5444 1239 5515 paradiso;
1280 5461 1450 5515 neque
1470 5456 1629 5501 tanto
1659 5447 1819 5503 etiam
1854 5447 2083 5516 imperio
2114 5448 2167 5501 in

605 5536 808 5608 pisces,
833 5537 1094 5600 volucres,
1124 5537 1389 5605 iumenta,
1416 5538 1555 5593 feras
1579 5540 1728 5594 illum
1753 5538 2167 5608 amplificasset;

606 5627 845 5697 denique
890 5643 991 5682 non
1024 5630 1356 5686 condidisset
1398 5629 1546 5686 illum
1594 5631 1660 5683 ad
1695 5647 1847 5685 suam
1881 5632 2167 5701 imaginem

608 5729 658 5773 et
692 5718 1095 5789 similitudinem
1132 5738 1143 5773 :
1178 5723 1269 5777 sed
1303 5737 1365 5778 ea
1408 5723 1476 5778 de
1520 5737 1684 5779 causa
1715 5724 1783 5776 ab
1816 5726 2005 5778 arbore
2052 5725 2171 5778 vitae

610 5813 873 5879 coercuit,
903 5828 968 5869 ne
1001 5822 1261 5887 perpetuo
1298 5816 1497 5872 viveret
1535 5818 1584 5871 in
1633 5824 1877 5891 peccato,
1923 5827 2172 5887 essetque

2884 4666 3111 4723 CAPUT
3152 4665 3219 4721 ll.

2273 4801 2599 4871 Objectiones
2636 4801 2783 4869 impii
2825 4799 3071 4863 Manetis,
3117 4811 3168 4854 et
3196 4799 3309 4869 ejus
3355 4808 3510 4853 secus
3542 4798 3817 4851 hominum.

2328 4894 2521 4946 Manes
2560 4892 2725 4944 homo
2762 4889 3224 4958 improbissimus,
3254 4899 3307 4944 et
3336 4888 3427 4957 qui
3460 4902 3581 4942 eum
3616 4896 3820 4943 sectan-

2271 4993 2381 5049 tur,
2405 4984 2595 5036 dicunt
2624 4984 2793 5050 legem
2823 4982 3029 5035 Adamo
3054 4980 3371 5050 imperatam
3402 4979 3649 5048 plurimis
3674 4981 3819 5032 rebus

2269 5074 2521 5130 absurdis
2551 5075 2790 5143 ’plenam
2825 5089 2965 5137 esse,
3000 5082 3160 5143 atque
3207 5072 3331 5129 inde
3374 5072 3541 5126 multa
3573 5058 3816 5139 suppedi-

2270 5167 2429 5221 ditari
2500 5160 2813 5237 argumenta
2868 5166 3065 5235 quibus
3133 5163 3325 5219 merito
3374 5170 3661 5219 accusetur
3720 5162 3818 5229 ipse

2270 5259 2569 5330 legislator.
2618 5259 2779 5314 Verbi
2829 5260 3023 5329 gratia,
3052 5259 3215 5327 jussit
3261 5257 3526 5310 Adamum
3561 5254 3817 5307 abstinere

2274 5354 2341 5406 ab
2383 5351 2575 5405 arbore
2610 5352 2849 5405 scientiae
2895 5349 3021 5404 boni
3051 5357 3103 5403 et
3136 5349 3283 5412 mali,
3315 5348 3549 5401 minatus
3601 5355 3815 5400 mortem

2274 5458 2380 5512 quo
2430 5444 2516 5497 die
2564 5443 2707 5497 illius
2756 5443 2931 5496 fructu
2983 5450 3328 5505 vesceretnr;
3380 5437 3520 5508 quod
3569 5438 3813 5496 edictum,

2275 5535 2468 5587 harum
2513 5550 2692 5588 rerum
2737 5534 2977 5587 omnium
3024 5532 3199 5599 arguit
3247 5529 3411 5582 Deum
3440 5546 3472 5613 κε
3512 5525 3814 5586 inscientiae,

2274 5626 2609 5691 iracundiae,
2654 5624 3038 5697 ‘ptenitentizc,
3099 5621 3363 5676 mendacii
3432 5619 3681 5709 deniq'lue.
3734 5613 3812 5667 lu-

2274 5718 2514 5774 scientiae
2556 5717 2773 5787 quidem
2800 5759 2812 5782 ,
2862 5709 3002 5786 quod
3050 5716 3223 5784 legem
3278 5715 3628 5785 imperaverit
3668 5722 3807 5780 quam

2277 5813 2479 5883 putarit
2528 5810 2944 5875 observandam,
2993 5823 3054 5862 ea
3092 5823 3217 5863 vero
3254 5810 3533 5864 observata
3590 5787 3688 5864 iton
3730 5801 3804 5856 sit.
