4176 6450
321 323 412 387 597
546 345 553 350 -
1120 315 1122 317 ‘
1394 315 1490 374 ne
1530 308 1928 373 PAltADlSO.
1974 333 2040 341 -—
2089 310 2278 367 PARS
2321 308 2464 389 111.,
2536 368 2539 371 .

3455 312 3556 374 598

321 434 628 498 Iracundia,
665 433 808 503 quod
859 443 981 484 eum
1017 429 1110 497 qui
1157 432 1340 482 contra
1395 437 1550 480 suam
1585 427 1754 494 legem
1794 424 1871 477 fe-
1901 427 1949 483 Α
1976 417 2094 473 Non
2125 418 2471 488 igiturlalam
2498 433 2524 468 a
2549 433 2604 472 se
2628 419 2952 474 sententiam
2977 419 3238 476 adversus
3263 424 3548 487 Adamum.

320 530 498 590 cisset,
530 540 625 594 per
667 525 802 577 iram
853 518 1317 574 condetnnaverit.
1358 516 1716 578 l‘cenitentiaa,
1747 516 1871 582 quia

318 622 472 673 latam
516 615 857 675 sententiam,
910 626 1004 680 per
1032 607 1468 663 misericordiam
1520 609 1601 676 (ut
1651 621 1745 659 vos
1793 608 1878 660 di-
1917 625 1921 631 ι

316 711 466 771 citis,
521 706 728 774 inquit,
786 702 998 766 Manes)
1050 702 1258 754 irritam
1312 699 1581 757 habuerit.
1639 699 1878 765 Denique

319 799 616 863 mendacii,
666 798 791 867 quia
840 803 1066 848 mortem
1118 808 1226 847 non
1273 791 1590 860 oppetivcrit
1638 791 1882 845 Adamus

312 905 422 961 quo
452 890 538 945 die
567 890 676 944 edit
707 889 772 942 de
801 887 888 941 illa
917 886 1128 942 arbore.
1160 885 1464 965 Adversum
1511 884 1623 938 haec
1654 895 1885 951 respon-

319 980 526 1045 demus,
563 978 729 1032 Deum
765 977 1061 1031 inscientia:
1089 975 1296 1044 culpari
1331 991 1436 1028 non
1474 989 1655 1044 posse,
1686 977 1782 1046 qui
1816 976 1883 1029 ab

315 1080 515 1125 aeterno
558 1069 737 1124 omnia
775 1069 922 1122 novit
955 1069 1106 1137 prius
1138 1082 1298 1136 quam
1344 1066 1508 1131 ﬁant;
1555 1081 1616 1120 ac
1654 1053 1883 1135 proinde

313 1162 443 1216 illud
496 1161 659 1215 etiam
710 1161 851 1214 clare
901 1160 1195 1230 praescivit,
1243 1159 1546 1220 Adamum,
1599 1173 1725 1228 quae
1772 1159 1884 1228 ipse

313 1253 674 1322 imperaturus
717 1261 878 1314 esset,
936 1266 997 1304 ea
1053 1265 1158 1303 non
1197 1248 1490 1303 facturum.
1537 1248 1652 1326 ξςρο
1703 1255 1896 1304 tamen

315 1344 432 1397 ideo
475 1359 580 1396 non
612 1341 912 1411 imperavit,
944 1341 1070 1411 quia
1102 1341 1252 1394 illuni
1286 1340 1588 1408 parituru’tn
1624 1356 1732 1395 non
1763 1355 1883 1395 esse

313 1431 620 1501 prmscivit;
677 1443 1100 1486 consentaneum
1155 1431 1296 1484 enim
1354 1437 1510 1498 erat,
1569 1439 1628 1485 ut
1684 1432 1882 1484 nihilo-

317 1523 502 1577 minus
568 1523 643 1576 illi
700 1522 1070 1592 prwseriberet
1137 1521 1351 1590 legem,
1421 1531 1473 1576 et
1526 1513 1742 1598 quidem
1813 1521 1882 1574 ob

314 1614 513 1668 multas
548 1628 761 1668 causas.
805 1612 1041 1666 Primum
1090 1623 1146 1666 ut
1187 1622 1468 1667 constaret
1509 1630 1628 1669 esse
1659 1615 1750 1683 qui
1788 1616 1883 1667 do.

312 1701 609 1774 minatione
648 1712 1019 1775 potestathue
1053 1719 1234 1757 rerum
1284 1703 1552 1772 petiretu'r
1597 1705 1702 1775 (est
1737 1707 1877 1760 enim

308 1795 672 1861 dominorum,
727 1797 870 1864 leges
919 1796 1182 1864 statuere)
1230 1794 1508 1865 sciretque
1556 1797 1796 1851 Adamus
1829 1807 1881 1852 et
1914 1776 1955 1828 Β

313 1894 530 1938 canet-ae-
576 1901 659 1940 res
691 1878 936 1952 conditie,
984 1901 1043 1941 se
1089 1896 1368 1942 creaturas
1417 1903 1536 1942 esse
1579 1897 1631 1941 et
1676 1903 1878 1955 servos,

311 1977 510 2045 quibus
541 1977 715 2032 solent
765 1977 909 2048 leges
956 1979 1093 2032 dari.
1142 1979 1226 2033 Ad
1280 1967 1400 2042 hoc,
1448 1982 1569 2034 data
1621 1982 1734 2050 lege
1767 1998 1881 2035 cer-

313 2066 506 2120 tiorem
539 2068 770 2121 reddidit
798 2068 942 2123 Deus
970 2069 1238 2122 Adamnm
1268 2079 1320 2124 et
1350 2070 1591 2140 reliquos
1623 2061 1880 2126 mortales

315 2159 524 2212 ratione
559 2160 833 2227 przeditos,
864 2175 919 2214 se
951 2160 1160 2213 arbitrii
1193 2161 1444 2215 libertate
1471 2163 1616 2229 ipsos
1648 2163 1881 2216 donasse

313 2247 444 2301 dum
485 2248 756 2313 conderet,
789 2263 895 2318 qua
930 2247 1051 2302 freti
1087 2259 1310 2326 possent
1358 2249 1436 2302 vel
1484 2250 1773 2303 observare
1803 2251 1883 2304 vel

317 2337 590 2392 transilire
622 2338 790 2410 legem
822 2338 1210 2406 praescriptam.
1245 2335 1381 2390 Nam
1413 2339 1459 2392 si
1489 2339 1656 2405 legem
1703 2339 1879 2403 tollas,

316 2430 452 2483 nihil
481 2432 584 2484 erit
614 2432 753 2485 unde
792 2447 907 2485 eam
948 2432 1276 2494 libertatem,
1313 2445 1588 2484 summum
1642 2430 1884 2498 profecto

317 2520 412 2573 Dei
443 2525 664 2584 donum,
695 2537 1014 2590 cognoscas.
1046 2521 1275 2588 Insuper
1309 2521 1413 2584 lex,
1442 2530 1493 2574 et
1517 2522 1558 2573 si
1587 2523 1654 2574 ab
1678 2522 1893 2597 Adamo.

317 2611 567 2664 violanda
609 2622 758 2676 erat,
807 2623 984 2665 tamen
1030 2611 1318 2666 utilis.fuit
1358 2614 1422 2664 ad
1458 2614 1768 2681 probandos
1798 2627 1885 2666 se-

317 2705 727 2779 gregandosque
796 2706 1094 2775 morigeros
1148 2723 1176 2758 a
1233 2705 1560 2770 rebellibus,
1625 2706 1798 2760 bonos
1856 2723 1885 2759 a

319 2794 500 2856 malis,
547 2795 749 2849 amicos
797 2795 864 2848 ab
914 2796 1187 2859 hostibus,
1239 2795 1585 2865 aliorumque
1633 2799 1884 2849 virtutem

318 2885 387 2938 ab
419 2885 649 2939 aliorum
689 2888 950 2955 pravitate
995 2907 1009 2940 :
1050 2904 1280 2955 quorum
1317 2888 1451 2941 nihil
1503 2889 1714 2943 sublata
1748 2890 1883 2957 lege,

319 2979 579 3046 cognosci
631 2979 1022 3048 dijudicarique
1069 2997 1096 3032 a
1150 2982 1307 3035 nobis
1342 2991 1544 3048 posset.
1593 2979 1710 3033 Jan:
1761 2996 1887 3034 vero

319 3072 410 3135 qui
441 3079 718 3123 constaret
743 3071 888 3138 juste
913 3071 1035 3124 aliis
1063 3073 1343 3138 praemium
1376 3087 1404 3123 a
1435 3069 1542 3123 Deo
1569 3071 1683 3123 dari
1716 3059 1889 3137 ipsum

319 3161 542 3214 eteleste
597 3177 863 3231 regnum,
933 3162 1024 3229 qni
1077 3162 1392 3230 obsequiosi
1448 3162 1710 3215 servanda
1775 3163 1890 3230 lege

321 3249 559 3303 cilicium
610 3250 831 3314 colunt,
902 3251 1023 3304 aliis
1078 3251 1417 3303 calamitates
1470 3252 1660 3304 merito
1722 3251 1813 3303 inﬂ
1839 3252 1887 3321 gi

322 3342 413 3409 qui
446 3340 564 3394 lata:
595 3341 693 3410 legi
728 3327 1081 3410 nonﬂpareut,
1114 3342 1218 3395 nisi
1250 3343 1332 3395 lex
1365 3354 1514 3396 esset
1552 3343 1656 3394 lata
1682 3343 1704 3394 ?
1735 3342 1887 3407 Quod

322 3432 369 3485 si
401 3446 530 3485 vero
561 3432 679 3485 ideo
725 3432 851 3486 ferri
904 3449 1010 3487 non
1055 3432 1240 3485 debuit
1285 3433 1413 3498 quia
1461 3446 1576 3484 eam
1614 3431 1887 3486 fracturus

322 3533 439 3577 erat
465 3523 698 3577 Adamus
720 3539 842 3577 cum
871 3538 1057 3586 uxore,
1081 3522 1223 3575 haud
1249 3536 1380 3575 sane
1403 3530 1551 3575 recte
1577 3525 1888 3592 prcescripta

319 3613 433 3682 jam
465 3611 625 3676 fuerit
657 3612 976 3666 mortalibus
1011 3611 1127 3665 lidei
1159 3625 1372 3672 norma,
1404 3613 1619 3678 quando
1653 3605 1888 3664 maxima

328 3720 456 3770 pars
484 3704 760 3758 hominum
788 3721 903 3757 eam
936 3720 1042 3757 non
1068 3703 1213 3756 colit.
1243 3702 1544 3764 Postremo,
1577 3703 1889 3771 praescripta

328 3789 446 3859 iege
493 3804 777 3859 monemur
809 3792 1038 3844 alterum
1073 3805 1193 3844 esse
1240 3789 1496 3844 saeculum
1543 3790 1595 3842 in
1647 3805 1751 3858 quo
1796 3807 1891 3845 sua

331 3880 571 3946 praemia,
604 3889 659 3934 et
682 3858 756 3933 iis
786 3880 876 3949 qui
910 3880 1300 3947 obtemperant,
1330 3886 1380 3930 et
1411 3879 1475 3930 iis
1505 3877 1596 3945 qui
1631 3878 1892 3932 rebellant

327 3970 441 4023 sitit
488 3973 777 4040 praestituta
817 3985 832 4022 :
870 3969 1052 4022 alteris
1104 3975 1375 4036 perpetua:
1429 3965 1656 4027 delicias,
1708 3965 1892 4020 alteris

331 4059 609 4114 cruciatus
663 4058 999 4128 sempiterni.
1054 4055 1163 4111 Lex
1219 4057 1363 4110 enim
1419 4057 1614 4118 omnis,
1667 4062 1721 4108 et
1769 4068 1895 4122 pro-

331 4151 500 4205 missa
539 4160 590 4206 et
632 4152 807 4205 minas
834 4149 1036 4206 secum
1088 4146 1240 4201 alIert
1270 4165 1283 4200 :
1317 4156 1376 4199 ut
1408 4146 1515 4211 illa,
1549 4147 1592 4199 si
1629 4155 1890 4210 servetur,

333 4242 441 4306 hae,
483 4241 526 4296 si
569 4241 865 4309 frangatur,
899 4248 1094 4308 praesto
1136 4237 1264 4290 sint.
1311 4236 1465 4306 Quod
1499 4252 1662 4301 porro
1691 4239 1756 4290 ad
1790 4237 1896 4290 ira-

330 4325 592 4386 cundiam
644 4340 887 4400 spectat,
944 4329 1336 4398 respondemus
1425 4326 1591 4380 Dcum
1647 4342 1749 4380 non
1802 4342 1895 4396 per

1981 514 2143 583 quasi
2192 512 2310 580 ejus
2338 507 2671 579 paenituerit,
2704 513 2971 578 dissolvit,
3005 512 3098 567 sed
3135 528 3228 582 per
3263 532 3413 568 suam
3449 534 3550 570 mt—

1988 602 2340 657 sericordiam
2371 609 2532 666 atque
2557 599 2919 665 clementiam,
2945 617 3062 671 quae
3093 603 3267 672 ipsius
3302 591 3548 670 virtutes,

1989 711 2049 748 ea
2081 710 2136 747 re
2165 702 2290 748 sunt
2328 692 2626 745 luculenter
2659 692 2962 761 patefactae.
2999 695 3127 748 Nam
3159 697 3359 764 alioqui
3391 698 3550 751 etiam

1986 786 2199 857 quoties
2239 784 2427 838 relicta
2474 784 2941 852 impietateredit,
2971 801 3094 839 eum
3127 791 3360 857 excipit;
3397 800 3555 858 atque

1985 894 2110 948 qua!
2153 878 2413 930 adversus
2461 876 2610 928 illum
2661 877 3008 939 decreverat,
3064 887 3258 944 mutat,
3303 882 3377 933 ait
3425 896 3555 950 pro-

1986 967 2146 1036 pheta
2198 963 2556 1019 Jeremias”.
2602 966 2666 1017 Et
2709 961 2980 1018 Ninivitas
3027 966 3193 1020 exitio
3250 969 3552 1035 damnatos,

1986 1065 2107 1128 post
2155 1071 2316 1125 quant
2365 1065 2770 1112 commntarunt
2818 1060 3016 1122 vitam,
3080 1053 3346 1128 supplicio
3374 1063 3556 1116 exsol-

1995 1151 2069 1203 vit
2093 1151 2138 1226 ,⁸.
2196 1148 2379 1218 Neque
2415 1149 2701 1204 Ειοειιίαεη
2734 1152 2799 1206 de
2833 1153 3071 1207 admisso
3111 1165 3335 1223 peccato
3370 1158 3558 1210 dolcn«

1986 1251 2114 1305 tem,
2161 1245 2358 1305 morte,
2402 1249 2462 1295 ut
2493 1236 2856 1297 comminatus
2891 1243 3088 1308 fuerat,
3130 1247 3396 1302 iniiltavit.
3445 1249 3559 1302 lino

1986 1350 2112 1388 vero
2151 1333 2397 1403 quotidie
2444 1334 2629 1388 videre
2665 1343 2770 1398 est,
2810 1336 2966 1391 illum
3014 1355 3122 1392 non
3172 1341 3441 1408 perditum
3479 1341 3560 1396 ire

1982 1441 2076 1481 eos
2107 1427 2200 1497 qui
2248 1429 2367 1483 suis
2399 1428 2669 1483 mandatis
2705 1443 2814 1484 non
2864 1442 3076 1499 parent,
3117 1433 3209 1487 sed
3242 1444 3562 1502 exspectare

1985 1527 2044 1571 ut
2075 1519 2422 1586 resipiscant.
2474 1518 2757 1573 Postremo
2806 1521 2872 1574 ad
2922 1523 3188 1578 mendacii
3233 1525 3558 1579 calumniam

1985 1609 2400 1678 respondemus,
2435 1610 2592 1679 plane
2616 1610 2781 1665 Deum
2812 1613 3098 1666 mentitum
3130 1628 3234 1667 non
3267 1631 3406 1678 esse,
3435 1631 3555 1669 cum

1984 1699 2176 1765 Adam,
2225 1715 2332 1770 quo
2377 1700 2464 1754 die
2510 1702 2575 1754 de
2621 1702 2782 1755 vetita
2824 1702 3016 1757 arbore
3061 1696 3190 1769 edit,
3227 1721 3293 1759 eo
3330 1714 3558 1758 mortem

1982 1806 2198 1871 quoque
2243 1793 2310 1860 (si
2365 1793 2609 1845 animum
2657 1796 2894 1861 spectes)
2938 1795 3178 1871 .obierit;
3226 1796 3425 1865 quippe
3469 1798 3561 1862 qui

1985 1867 2324 1936 abalienatus
2357 1882 2484 1936 sita
2517 1881 2645 1946 Deo,
2677 1884 2769 1952 qni
2811 1867 2951 1939 unus
2985 1883 3094 1938 vita
3126 1900 3274 1947 vera,
3310 1894 3564 1954 Curtaque
3645 1914 3651 1919 -

1984 1982 2101 2036 est;
2135 1982 2247 2024 rata
2277 1959 2439 2043 igitur
2470 1972 2570 2025 fuit
2601 1972 2715 2036 Dei,
2745 1962 2950 2037 eo‘die,
2980 1974 3247 2028 adversus
3276 1977 3424 2030 illu.n
3457 1977 3562 2029 lata

1984 2063 2274 2116 sententia.
2305 2062 2366 2114 Et
2396 2076 2520 2115 vero
2557 2061 2672 2128 ipso
2700 2062 2862 2114 etiam
2897 2077 3148 2129 corpore,
3176 2063 3266 2116 illo
3301 2065 3388 2116 die
3419 2080 3563 2118 mor-

1986 2150 2109 2205 tuus
2140 2162 2221 2205 est
2252 2136 2484 2220 quadam
2520 2152 2809 2205 affectione
2872 2153 3183 2207 turbulenta
3222 2170 3342 2221 qua:
3373 2157 3564 2210 mortis

1986 2252 2128 2298 esset
2160 2244 2397 2296 eliieiens
2428 2259 2440 2295 :
2475 2252 2531 2295 ut
2563 2259 2589 2294 a
2622 2259 2729 2310 quo
2763 2243 2925 2297 simul
2961 2259 3184 2310 prorsus
3217 2245 3564 2299 auferebatur

1988 2332 2646 2404 immortalitatis‘gratia,
2701 2348 2764 2386 ac
2815 2333 3041 2402 proinde
3095 2335 3254 2388 morti
3290 2335 3399 2404 jam
3454 2345 3565 2390 tum

1992 2421 2150 2474 [iebat
2181 2415 2471 2485 obnoxius,
2505 2431 2558 2474 ct
2612 2422 2836 2475 omnino
2885 2421 3152 2475 mortalis.
3193 2422 3271 2477 Ex
3322 2424 3407 2478 his
3437 2440 3567 2491 ergo
3615 2460 3622 2464 ι

1988 2512 2241 2565 omnibus
2277 2512 2591 2575 coniicitur,
2632 2512 2898 2567 Manctem
2948 2521 3003 2566 et
3043 2513 3291 2582 reliquos
3333 2515 3452 2584 ejus
3487 2517 3568 2569 fa-

1986 2603 2183 2654 ctionis
2236 2602 2485 2656 homines
2539 2602 2788 2671 improbe
2856 2601 3022 2657 Deum
3074 2605 3333 2674 sugillare
3382 2622 3569 2662 eorum

1988 2691 2316 2754 criminum,
2360 2706 2482 2759 quae
2515 2691 2627 2760 jam
2670 2692 2932 2750 vidimus.

2059 2781 2267 2835 Rursus
2298 2781 2450 2834 aiunt
2482 2781 2639 2834 iidem
2673 2783 2897 2837 Manctis
2925 2798 3244 2840 assensores
3274 2803 3289 2840 :
3321 2785 3566 2852 Quanam

1991 2871 2300 2940 prohibitus
2362 2860 2446 2927 est
2495 2873 2736 2927 Adamus
2783 2869 2950 2928 cauSa
2985 2875 3053 2930 ab
3089 2878 3282 2931 arbore
3328 2879 3570 2932 scientia:

1991 2963 2298 3030 gustauda?
2345 2965 2411 3016 an
2450 2964 2577 3032 quia
2616 2964 2755 3016 mala
2787 2979 2852 3034 ea
2882 2976 3067 3031 esset,
3115 2983 3182 3021 an
3227 2969 3353 3038 quia
3390 2969 3574 3022 bona?

1997 3050 2052 3103 Si
2089 3053 2213 3120 quia
2247 3054 2386 3105 tnala
2411 3069 2423 3118 ;
2448 3068 2515 3105 an
2551 3054 2689 3106 mala
2719 3055 2883 3107 arbor
2909 3065 3023 3110 sata
3057 3067 3177 3110 erat
3205 3058 3256 3110 in
3283 3057 3572 3126 paradiso?

1997 3142 2092 3195 Sin
2122 3143 2248 3211 quia
2280 3143 2456 3206 bona;
2484 3158 2577 3211 per
2607 3144 2868 3198 invidiam
2892 3147 3200 3213 prohibitus
3229 3151 3343 3201 est!
3371 3147 3569 3203 Contra

1993 3233 2104 3285 haec
2154 3233 2408 3305 dicimus,
2442 3247 2558 3284 eam
2607 3234 2860 3288 arborem
2909 3246 3102 3305 suapte
3157 3249 3352 3296 natura
3399 3257 3574 3309 neque

1966 3323 2185 3375 rbonam
2218 3336 2397 3390 neque
2415 3322 2618 3375 malam
2655 3325 2856 3398 fuisse,
2875 3325 2968 3380 sed
3004 3327 3228 3396 perinde
3258 3341 3421 3398 atque
3455 3333 3571 3400 ipsa

1992 3411 2112 3478 quis
2138 3421 2374 3464 uteretur
2399 3412 2802 3467 abutereturve.
2831 3412 3002 3469 Usum
3053 3426 3232 3471 autem
3285 3430 3443 3489 atque
3473 3424 3573 3474 ab-

1992 3517 2148 3554 usum
2173 3541 2186 3565 ,
2208 3502 2258 3554 in
2294 3501 2465 3556 libero
2500 3506 2798 3572 primorum
2831 3516 3117 3577 parentum
3152 3509 3326 3564 fuisse
3348 3512 3572 3569 arbitrio

1992 3595 2227 3662 positum
2259 3635 2271 3656 ,
2313 3604 2370 3646 ut
2414 3593 2526 3662 jam
2563 3609 2670 3647 non
2703 3610 2770 3647 ex
2814 3596 2929 3663 ipsa
2963 3588 3158 3651 arbore
3201 3599 3402 3652 malum
3431 3638 3445 3664 ,
3480 3601 3574 3654 sed

1993 3677 2056 3739 ex
2082 3684 2294 3738 arboris
2320 3686 2494 3739 abusu
2523 3685 2842 3753 provenisse
2865 3688 3292 3742 existimandum
3312 3691 3402 3745 sit.
3429 3689 3575 3744 Idem

1993 3778 2058 3831 de
2091 3779 2233 3838 bono
2264 3776 2554 3831 dicendum
2591 3776 2825 3841 fuisset,
2859 3779 2903 3829 si
2933 3778 3106 3833 Adam
3141 3781 3414 3835 mandatis
3447 3798 3571 3850 qua:

1994 3868 2060 3922 de
2099 3883 2160 3920 ea
2203 3867 2399 3921 arbore
2439 3873 2729 3937 acceperat
2756 3868 3077 3937 paruisset‘:
3113 3872 3603 3939 quemadmodum.

1995 3957 2148 4010 cibus
2171 3972 2276 4026 qua
2305 3957 2458 4012 cibus
2474 3967 2580 4021 est,
2609 3957 2741 4011 nihil
2769 3958 2908 4013 nllus
2927 3959 3118 4014 ali-alio
3143 3961 3343 4027 diﬂ‘ert,
3364 3964 3454 4017 sed
3477 3979 3575 4031 pro

1994 4057 2152 4102 aetate
2200 4057 2362 4118 atque
2397 4047 2606 4103 viribus
2637 4048 2974 4103 vescentium
3013 4051 3272 4106 maxime.
3313 4051 3447 4105 Nam
3481 4057 3576 4122 qui

1999 4141 2264 4195 vescentis
2297 4139 2508 4194 viribus
2536 4140 2830 4208 respondet
2859 4150 3026 4210 atque
3058 4157 3300 4215 congruo
3336 4153 3576 4211 tempore

1998 4230 2254 4292 sumitur,
2280 4231 2490 4294 bonus;
2525 4231 2617 4299 qui
2656 4247 2785 4286 vero
2822 4231 2965 4287 vires
2999 4244 3220 4300 superat
3253 4244 3346 4287 aut
3382 4251 3486 4287 non
3519 4238 3573 4286 in

2001 4331 2239 4388 tempore
2266 4323 2502 4390 capitur,
2537 4324 2713 4377 malus
2746 4321 2977 4378 habetur
3012 4340 3023 4375 :
3056 4330 3133 4378 sic
3170 4339 3302 4378 usus
3331 4325 3458 4378 Adae
3489 4339 3574 4378 at-

335 4426 476 4481 iram
517 4426 898 4494 pronuntiasse
929 4425 1190 4477 adversus
1235 4419 1498 4474 Adamum
1542 4418 1688 4471 illam
1736 4420 1893 4472 talem
1931 4427 1971 4480 ι)
2006 4427 2108 4480 que
2142 4413 2325 4466 uxoris
2356 4414 2408 4465 in
2456 4416 2719 4481 permissa
2754 4413 2973 4482 quidem
3007 4415 3200 4468 arbore
3227 4454 3242 4478 ,
3277 4416 3490 4481 bonus;
3525 4427 3578 4470 at

336 4521 686 4582 sententiam,
727 4518 820 4571 sed
871 4532 962 4586 per
1007 4530 1209 4606 meram
1241 4511 1714 4580 misericordiam;
1751 4511 1893 4579 quod

338 4614 466 4666 hinc
499 4611 863 4681 cognoscitur,
902 4607 1027 4677 quia
1062 4603 1478 4675 haudquaquam
1527 4603 1616 4656 illo
1647 4603 1733 4657 die
1762 4604 1897 4656 obiit

340 4712 570 4759 mortem
614 4717 720 4770 quo
767 4700 973 4753 facinus
1011 4699 1160 4760 fecit,
1202 4712 1300 4766 pro
1344 4694 1629 4749 sententiae
1668 4694 1845 4746 verbis
1883 4711 1894 4746 :

343 4795 599 4851 nimirum
635 4792 796 4846 verba
831 4804 895 4843 eo
929 4787 1137 4865 fecerat,
1163 4789 1305 4841 Deus
1347 4785 1627 4855 rigidiora,
1661 4798 1768 4852 quo
1801 4798 1896 4852 po-

336 4887 636 4944 steritatem
657 4894 1027 4952 venturosque
1058 4889 1302 4949 nepotes,
1331 4894 1423 4947 per
1447 4887 1669 4938 metum,
1696 4892 1722 4928 a
1749 4875 1896 4928 fran-

342 4979 530 5049 gendis
579 4976 785 5046 legibus
833 4973 1249 5049 rebellandoque
1311 4970 1636 5035 contineret.
1693 4966 1897 5018 Rursus

341 5072 409 5126 de
435 5067 769 5140 pmnitentia,
797 5065 951 5133 cujus
989 5072 1208 5116 accusat
1237 5059 1404 5112 Deum
1437 5056 1637 5118 Manes,
1667 5053 1898 5108 dicimus

346 5163 561 5217 illorum
603 5174 720 5213 esse
750 5157 935 5211 dolore
977 5163 1140 5222 atque
1170 5151 1428 5220 poenitere
1475 5148 1565 5217 qui
1616 5146 1781 5201 nescii
1813 5161 1899 5199 re-

289 5281 292 5284 ~
347 5270 468 5312 rum
495 5261 745 5315 eventus,
779 5264 841 5303 ea
884 5247 1087 5300 faciunt
1118 5258 1348 5313 quorum
1379 5245 1555 5295 exitus
1599 5226 1784 5307 parum
1816 5253 1899 5290 rc-

349 5349 607 5418 spondeat
646 5344 884 5412 ipsorum
917 5336 1251 5398 commodis;
1292 5344 1345 5386 at
1389 5333 1579 5395 Deum,
1612 5346 1732 5382 cum
1767 5343 1900 5397 prae-

350 5441 488 5494 sciat
535 5435 713 5491 omnia
765 5447 923 5500 quem
974 5430 1081 5484 sint
1130 5440 1355 5494 quaeque
1403 5421 1650 5475 habitura
1707 5421 1896 5484 linem,

352 5543 575 5599 prorsus
616 5524 873 5596 paenitere
924 5522 1086 5575 ullius
1163 5533 1267 5570 non
1317 5529 1492 5583 posse,
1558 5523 1649 5566 aut
1699 5511 1897 5580 pigere.

424 5692 468 5723 ³⁹
495 5687 689 5743 Jcrcm.
723 5698 737 5737 t
768 5691 818 5740 ct.
851 5694 994 5735 xvnt.
1081 5675 1278 5729 ‘Joan.
1302 5663 1394 5735 "tu,
1433 5671 1451 5725 l
1491 5686 1637 5738 seqq.

2001 4505 2053 4557 in
2087 4505 2247 4557 vetita
2273 4543 2287 4565 ,
2325 4503 2502 4557 malus
2528 4511 2664 4557 erat.
2716 4502 2902 4571 Neque
2932 4504 3074 4557 enim
3126 4505 3177 4556 in
3235 4505 3351 4574 ipsa
3383 4506 3592 4560 arbore

2003 4595 2130 4648 boni
2172 4595 2365 4648 malive
2413 4594 2721 4649 elli‘cientia.
2749 4596 2960 4657 inerat,
3011 4596 3103 4649 sed
3155 4595 3334 4663 ipsum
3376 4599 3577 4649 violam

2008 4685 2096 4739 Dei
2130 4683 2333 4753 legero;
2369 4683 2421 4736 id
2450 4698 2577 4738 vero
2627 4695 2741 4737 erat
2788 4684 2936 4752 quod
2974 4685 3244 4738 Adamum
3277 4687 3575 4751 occidebat,

2005 4791 2108 4829 non
2137 4776 2318 4829 arbor.
2357 4775 2540 4828 Veluti
2567 4775 3022 4830 contumeliosmn
3056 4777 3107 4829 in
3144 4788 3391 4845 parentes
3417 4819 3429 4840 ,
3469 4794 3574 4849 non

2007 4868 2121 4934 ipsa
2147 4865 2481 4920 contumelia
2505 4867 2696 4920 multat
2720 4877 2916 4930 morte,
2940 4869 3031 4921 sed
3063 4867 3230 4920 fracta
3261 4868 3381 4931 lex;
3407 4884 3580 4935 neque

2009 4973 2162 5012 mons
2215 4955 2365 5011 Sinai
2398 4974 2493 5012 eos
2529 4958 2891 5013 interﬁciebat
2939 4961 3031 5026 qui
3078 4974 3132 5010 se
3186 4954 3579 5026 contingebant

2008 5062 2116 5118 quo
2143 5058 2385 5117 tempore
2423 5049 2553 5102 certi
2588 5048 2721 5103 lines
2744 5047 3045 5118 prwscripti
3085 5046 3234 5100 fuere
3270 5047 3406 5101 ultra
3443 5064 3577 5115 quos

2008 5158 2167 5195 nemo
2201 5139 2632 5203 accederet,'sed
2667 5142 2752 5194 lex
2778 5141 2996 5194 violata.
3028 5135 3146 5190 Non
3177 5137 3337 5206 igitur
3373 5139 3459 5190 illa
3488 5154 3575 5189 ar-

2009 5233 2106 5286 bor
2138 5233 2345 5286 Adamo
2389 5233 2590 5285 malum
2624 5233 2801 5294 dedit,
2855 5229 2946 5283 sed
2979 5229 3182 5283 amissa
3225 5219 3320 5298 per
3343 5229 3573 5302 tractam

2009 5326 2176 5393 legem
2229 5339 2404 5388 noxa;
2439 5325 2714 5378 enimvero
2748 5336 2842 5389 per
2870 5319 3130 5373 invidiam
3160 5334 3267 5373 non
3298 5334 3418 5374 esse
3450 5333 3574 5386 pro-

2011 5409 2234 5470 hibitum
2285 5415 2551 5468 Adamum
2590 5413 2655 5466 ab
2695 5427 2798 5465 una
2853 5426 2916 5466 ea
2965 5411 3161 5466 arbore
3194 5412 3326 5466 satis
3377 5408 3571 5477 arguit,

2009 5508 2152 5577 quod
2182 5518 2388 5563 C(Elcrw
2418 5521 2606 5562 omnes
2649 5504 2748 5572 ipsi
2795 5504 2916 5560 usui
2948 5503 3226 5575 permissae
3252 5502 3423 5560 fuere.
3469 5497 3573 5551 Sed
