4024 6474
539 465 641 526 599
1802 437 2028 499 MOSlS
2073 436 2161 494 ua

2269 430 2502 489 DEl’lIA
2962 454 2966 458 ί
3648 420 3738 483 ιω

535 590 603 628 co
633 567 908 639 spectabat
936 564 1246 619 mandatum
1276 598 1290 621 ,
1320 564 1380 611 ιιι
1410 555 1472 610 de
1503 553 1631 607 Atla:
1674 550 1935 617 obsequio
1960 545 2104 616 peri-
2135 553 2179 608 Α
2207 555 2372 639 quem
2386 528 3749 639 prmscieliatpeceatttrtim.Respendemps,minime

543 616 725 717 cululin
751 661 806 713 ia
831 671 937 711 una
961 656 1153 709 arbore
1184 650 1334 704 ﬁeret
1354 664 1370 713 ;
1393 658 1563 714 eoque
1590 643 1637 697 si
1665 616 2113 709 obtemperasset,
2216 630 2494 686 conditum
2518 641 2547 680 a
2576 628 2681 679 Deo
2700 638 2822 679 esse
2844 624 3107 677 Adamum
3132 629 3190 675 ut
3216 625 3465 689 peccaret
3485 616 3568 671 vel
3586 626 3642 670 ut
3662 632 3751 669 non

545 764 823 808 summum
860 746 1090 816 pretium
1126 739 1373 804 referret,
1414 749 1607 802 nempe
1635 742 1693 786 ut
1732 739 1925 799 posset
1945 726 2112 798 Evesci
2218 729 2487 791 peccaret,
2511 718 2625 772 sive
2646 715 2897 783 utjustus
2922 720 3197 775 esset,aut
3219 721 3276 765 ut
3296 710 3760 779 injustus,sedne-

557 843 753 896 arbore
781 801 905 894 vita:
928 875 945 901 ,
973 844 1140 904 atque
1168 801 1491 886 immortalis
1523 801 1659 879 fieri.
1700 821 1805 876 Sed
1839 820 1960 874 aliis
1984 833 2121 887 prae-
2220 825 2327 881 que
2357 819 2415 863 ut
2444 809 2615 878 legem
2637 806 2950 860 observaret
2973 803 3054 856 vel
3083 812 3266 855 utnon
3289 801 3626 860 οιιεθτνπθις
3645 811 3758 866 ,Μαι

551 942 702 986 terea
752 888 1067 983 rationibus
1104 934 1269 991 supra
1319 916 1697 976 ostendimus,
1734 910 1890 964 -nihil
1926 908 2121 962 horum
2223 899 2270 954 si
2298 899 2492 952 horum
2528 896 2761 964 alicujus
2790 892 2961 964 gratia
3005 891 3160 965 illum
3205 888 3562 954 condidisset,
3590 901 3762 955 magna

555 978 937 1091 perint—vidium
967 978 999 1070 a
1031 978 1141 1067 Deo
1165 978 1380 1079 gestum
1408 1020 1549 1061 esse.
2033 1085 2044 1091 _
2227 1001 2374 1091 ‘sanc
2408 998 2575 1039 causa
2627 984 2731 1086 hoc
2766 982 2836 1036 ab
2880 980 2988 1035 illis
3014 986 3370 1091 quaereretur;
3552 991 3646 1091 pro
3678 990 3761 1030 sua

627 1057 829 1165 iterum
886 1108 1052 1161 instat
1111 1057 1337 1155 manetis
1405 1104 1584 1159 secta,
1642 1091 1894 1161 inquiens
1948 1104 1964 1141 :
2018 1085 2127 1157 Aut
2227 1078 2494 1140 bonitate,
2544 1076 2827 1146 gratiaque
2881 1087 3027 1127 mera
3080 1071 3229 1126 illum
3294 1057 3514 1129 eﬂ'ecit'.
3565 1068 3765 1137 itaque

552 1158 1075 1268 prmsciebatnDeus
1130 1190 1397 1244 Adamum
1450 1158 1575 1240 non,
1602 1158 2129 1250 obtemperaturum,
2228 1171 2404 1241 prima
2438 1172 2548 1223 Deo
2578 1167 2725 1221 illius
2756 1163 2975 1220 creandi
3008 1176 3174 1218 causa
3226 1158 3326 1214 fuit
3358 1167 3594 1213 :cztera
3623 1170 3767 1226 porro

555 1246 1152 1353 siti-noii—p'rzesciebat
1186 1290 1309 1330 cum
1361 1274 1532 1341 legem
1570 1270 1757 1324 ferret.
1791 1246 1854 1319 Si
1908 1265 2009 1318 line
2037 1262 2127 1316 de-
2232 1261 2345 1323 illa,
2383 1256 2702 1313 secundaria
2734 1253 3089 1310 existimanda
3115 1258 3264 1315 sunt,
3294 1257 3353 1303 ut
3384 1263 3505 1318 quae
3530 1262 3601 1301 ex
3620 1246 3771 1315 ipsius

560 1338 759 1443 derisi;
790 1338 1083 1429 absurdum
1118 1377 1203 1421 est
1247 1383 1262 1421 :
1305 1363 1390 1418 sin
1418 1338 1559 1416 illud
1582 1399 1597 1423 ,
1628 1356 1897 1413 vecordia:
1937 1362 2019 1408 est
2046 1366 2132 1406 ar—
2232 1351 2362 1406 Ada
2394 1350 2624 1404 arbitrio
2656 1344 3048 1418 pependerint,
3079 1357 3202 1398 eum
3252 1342 3354 1396 hoc
3408 1352 3581 1410 penes
3615 1338 3770 1392 solum

560 1429 810 1536 gueiidus
838 1465 1001 1517 Deus.
1036 1458 1147 1514 Nos
1179 1470 1311 1513 vero
1336 1450 1727 1522 respondemus
1751 1448 1895 1517 quod
1927 1457 2132 1513 nuper:
2235 1443 2546 1498 Creatorem
2569 1448 2730 1495 esset.
2761 1438 3099 1507 Quapropter
3122 1432 3303 1503 potius
3330 1431 3411 1486 sic
3442 1429 3516 1484 illi
3540 1439 3769 1499 quaerere

567 1518 910 1627 prccseivisse
963 1548 1187 1619 quidem
1236 1518 1444 1609 Deum,
1500 1553 1613 1595 non
1668 1539 2013 1593 observatum
2068 1529 2137 1584 iri
2237 1533 2577 1597 debuerunt,
2611 1543 2710 1583 cur
2741 1526 3007 1583 creaverit
3052 1525 3318 1578 Adamum
3348 1520 3513 1601 Deus,
3549 1521 3623 1573 ita
3648 1518 3779 1573 enim

572 1608 891 1696 ittanidalum
920 1608 1222 1691 ab-Adamo
1245 1672 1258 1696 ,
1292 1631 1344 1685 id
1376 1638 1554 1683 tamen
1577 1641 1679 1682 cur
1701 1626 1880 1678 minus
1914 1618 2140 1675 manda-
2238 1634 2562 1690 responsum
2600 1618 2848 1673 tulissem
2883 1631 2899 1670 ε
2938 1624 3155 1686 propter
3186 1626 3337 1667 suam
3364 1610 3536 1679 ἱρείης
3560 1608 3784 1679 probi“.

580 1739 687 1797 ret,
712 1730 846 1785 nihil
870 1727 1165 1783 obstitisse.
1192 1723 1325 1788 Quis
1350 1721 1493 1774 enim
1522 1718 1747 1772 Stultum
1772 1722 1928 1768 vocet
1948 1711 2141 1774 Deum,
2243 1720 2371 1768 tem.
2403 1710 2537 1766 Nam
2573 1708 2779 1777 reliqua
2809 1706 2900 1760 illa
2938 1716 3168 1775 peccare
3205 1710 3300 1756 aut
3328 1716 3436 1754 non
3468 1712 3711 1769 peccare,
3736 1703 3785 1750 et

573 1787 706 1891 quia
763 1818 972 1887 legibus
1027 1813 1199 1869 vetuit
1221 1787 1480 1882 peccare,
1525 1822 1647 1862 cum
1693 1804 1856 1860 sciret
1882 1800 2144 1871 plurimos
2185 1830 2191 1835 -
2243 1818 2363 1873 quas
2400 1800 2737 1855 addebantur
2774 1806 3006 1861 extera;
3039 1808 3107 1849 ex
3145 1792 3272 1847 Atla
3302 1791 3471 1846 libera
3497 1787 3787 1859 pendebant

576 1881 695 1964 fore
727 1881 1035 1978 qui'essent
1065 1881 1373 1975 peccaturi?
1399 1898 1543 1954 Sane
1573 1897 1621 1952 si
1648 1894 1829 1950 nullas
1859 1892 2002 1961 leges
2022 1904 2151 1943 con-
2182 1905 2226 1960 Β
2251 1895 2545 1950 voluntate.
2604 1889 2728 1945 Huc
2770 1888 3017 1943 addimus
3049 1886 3210 1941 etiam
3267 1882 3401 1938 illud
3446 1896 3464 1935 :
3507 1881 3707 1949 Deum,
3736 1886 3788 1932 ut

576 1970 824 2063 didisset,
867 2005 960 2052 aut
985 1970 1119 2049 nihil
1150 1992 1560 2063 imperavisset,
1595 2001 1770 2056 neque
1798 1999 1963 2054 penes
1996 1982 2145 2036 illum
2248 1983 2520 2055 pmscivit
2562 1990 2907 2051 peccaturum
2936 1977 3202 2035 Adamum
3231 1974 3619 2063 lapsurumque
3652 1970 3788 2040 prius

578 2090 1026 2149 dominationem,
1060 2096 1232 2151 neque
1269 2094 1431 2149 penes
1461 2093 1561 2130 nos
1596 2075 1805 2129 arbitrii
1844 2072 2149 2126 libertatem

578 2194 738 2242 esse,
802 2176 1058 2231 rescitum
1131 2180 1295 2228 esset.
1353 2166 1827 2223 Verumenimvero
1880 2162 1971 2216 ille
2026 2176 2151 2215 cum

577 2264 855 2337 prmsciret
895 2270 1094 2316 cuneta
1128 2273 1250 2329 qua
1280 2265 1538 2312 eventura
1569 2261 1777 2313 essent,
1816 2248 1960 2317 leges
1994 2246 2152 2301 nobis

585 2357 731 2411 dedit
763 2368 861 2409 ceu
896 2351 1082 2406 liberis
1105 2357 1161 2405 et
1181 2348 1354 2402 libero
1381 2343 1604 2399 arbitrio
1634 2340 1872 2411 praeditis
1890 2379 1905 2403 ,
1930 2346 1987 2392 ut
2009 2336 2155 2406 quod

583 2448 776 2500 liberet
807 2443 865 2497 id
897 2454 1202 2512 ageremus.
1232 2435 1343 2490 Nos
1373 2450 1498 2489 vero
1527 2445 1629 2501 pro
1663 2440 1758 2485 sita
1793 2430 2026 2498 quisque
2058 2441 2152 2479 vo-

2250 2090 2413 2147 quam
2457 2074 2748 2138 conderet;
2788 2072 2862 2125 ita
2919 2067 3257 2139 praescivisse
3282 2056 3514 2141 ‘quoque
3568 2077 3630 2117 se
3672 2061 3789 2115 olim

2251 2176 2565 2230 venturum,
2585 2162 3099 2229 redempturumque
3121 2157 3269 2210 illum
3294 2170 3324 2209 a
3346 2162 3565 2223 peccato
3587 2152 3645 2205 in
3662 2148 3792 2220 quod

2252 2251 2555 2316 incidisset,
2586 2250 2870 2319 ipsiusque
2896 2253 3217 2301 vetustatem
3246 2244 3700 2302 instauraturum,
3722 2246 3794 2292 at-

2254 2358 2360 2414 que
2407 2344 2707 2411 collapsum
2742 2338 3182 2402 sublevaturum;
3213 2346 3270 2390 ut
3297 2350 3363 2388 eo
3398 2318 3587 2389 minus
3611 2331 3794 2386 mirum

2258 2432 2691 2501 videri'debeatt,
2719 2431 2766 2486 si
2798 2430 3001 2484 ereavit
3030 2441 3190 2498 quem
3226 2425 3387 2496 paulo
3412 2433 3534 2495 post
3560 2430 3797 2494 peceatu-

2257 2539 2376 2578 rum
2429 2524 2728 2591 praesciret.
2782 2520 2985 2574 Adbaee
3045 2515 3153 2573 nisi
3213 2523 3456 2572 creasset
3508 2512 3654 2583 quod
3704 2526 3800 2568 non

2258 2613 2537 2667 nesciebat
2618 2620 2936 2679 peccaturos
2969 2646 2987 2673 ,
3035 2605 3239 2662 frustra
3307 2605 3530 2661 creandi
3592 2618 3799 2674 operam

2257 2702 2621 2771 sumpsisset;
2660 2700 2861 2768 quippe
2891 2698 2986 2767 qui
3016 2711 3115 2752 nec
3142 2694 3518 2765 blasphemum
3549 2694 3603 2748 in
3632 2702 3805 2748 ventre

2260 2792 2451 2847 matris
2484 2807 2596 2845 sua:
2637 2789 2879 2843 ﬁnxisset
2900 2826 2916 2850 ,
2948 2802 3124 2857 neque
3158 2786 3457 2856 hypocrita
3485 2783 3805 2855 permisisset

2263 2894 2323 2939 ut
2348 2884 2619 2953 aspiceret
2653 2881 2856 2935 lumen.
2904 2878 3146 2947 Denique
3171 2892 3237 2933 eo
3276 2876 3700 2930 luculentissime
3720 2873 3805 2929 Dei

2263 2972 2505 3038 probitas
2536 2978 2589 3024 et
2614 2969 2782 3039 gratia
2808 2974 3026 3035 apparet
3052 3004 3067 3030 ,
3100 2965 3238 3035 quod
3269 2979 3407 3034 quos
3436 2964 3539 3019 sibi
3579 2978 3687 3016 non
3720 2962 3807 3015 ob-

2265 3069 2661 3126 temperaturos
2685 3059 2855 3120 novit,
2876 3071 2968 3111 eos
2988 3056 3308 3127 progignere
3336 3069 3443 3108 non
3474 3055 3803 3123 dedignatur.

594 3169 781 3217 liorem
841 3160 1085 3214 scientia:
1116 3158 1184 3212 ab
1232 3157 1404 3221 initio,
1436 3170 1610 3224 neque
1646 3152 1853 3207 Adamo
1899 3150 2165 3204 invidiose
2264 3151 2399 3205 Nam
2442 3151 2587 3205 solos
2621 3149 2918 3218 morigeros
2941 3187 2957 3211 ,
2988 3161 3084 3200 sua
3115 3160 3314 3211 causa,
3347 3145 3447 3198 hoc
3474 3154 3593 3209 est,
3626 3156 3683 3198 ut
3707 3160 3807 3197 suae

593 3250 685 3302 illa
716 3248 1065 3304 interdictum
1097 3260 1219 3302 esse
1252 3263 1265 3299 :
1300 3261 1369 3299 ne
1401 3245 1495 3299 illo
1538 3244 1753 3297 mittant
1790 3242 1997 3311 linguas
2038 3254 2167 3294 suas
2192 3226 2236 3285 ο
2268 3242 2529 3297 voluntati
2553 3239 2889 3308 imperioque
2912 3235 3364 3300 obsecundarent,
3389 3243 3442 3289 et
3470 3234 3572 3289 sibi
3603 3242 3804 3303 gratum

597 3338 830 3395 Manctis
854 3337 1096 3401 asseclaz,
1122 3336 1213 3391 Dei
1243 3336 1447 3403 hostes,
1477 3334 1603 3389 dum
1630 3347 1729 3402 pro
1751 3333 1959 3386 duabus
1981 3344 2165 3385 rerum
2270 3334 2529 3398 facerent,
2546 3330 2797 3401 genuisse
2820 3328 2983 3383 videri
3002 3336 3211 3398 poterat
3232 3342 3245 3379 :
3266 3333 3322 3379 at
3345 3325 3564 3393 quando
3582 3326 3694 3394 jam
3719 3338 3808 3393 pro

598 3430 785 3482 causis
804 3428 1115 3491 astruendis
1136 3426 1521 3480 contendentes
1543 3424 1795 3495 (quarum
1818 3422 1984 3476 altera
2004 3423 2167 3485 bona,
2270 3440 2369 3480 sua
2395 3423 2653 3486 bonitate,
2683 3429 2736 3475 et
2761 3420 2932 3473 bonos
2957 3426 3098 3471 creat
3132 3428 3185 3471 et
3214 3416 3407 3480 malos,
3441 3430 3546 3469 non
3576 3415 3809 3485 ignarus,

586 2539 795 2590 luntate
824 2543 879 2586 et
907 2529 1117 2585 arbitrii
1158 2528 1404 2581 libertate
1428 2561 1444 2587 ,
1480 2537 1605 2592 erga
1632 2521 1779 2589 leges
1805 2559 1820 2583 ,
1846 2528 1940 2572 aut
1973 2517 2159 2572 obser-

595 2625 770 2680 vando
806 2639 900 2678 eas
928 2609 1025 2676 aut
1072 2619 1370 2687 frangendo
1396 2654 1411 2681 ,
1445 2624 1657 2668 nosmet
1685 2613 1943 2682 gerimus.
1974 2606 2158 2677 Neque

583 2717 744 2770 aliter
769 2727 987 2786 quoque
1032 2726 1155 2766 cum
1190 2710 1394 2761 Adamo
1428 2713 1607 2780 actum
1641 2711 1761 2768 est;
1800 2715 1964 2770 penes
2002 2700 2155 2753 illum

587 2808 734 2860 enim
766 2812 883 2859 erat
926 2810 979 2857 et
1007 2801 1166 2855 edere
1205 2808 1258 2853 ct
1298 2812 1405 2850 non
1440 2794 1600 2849 edere
1631 2794 1697 2847 de
1737 2791 1931 2845 arbore
1957 2790 2156 2853 vetita;

591 2907 757 2965 atque
784 2894 830 2947 si
855 2907 960 2946 non
980 2884 1205 2954 edisset,
1230 2904 1297 2941 ex
1322 2886 1492 2957 gratia
1515 2883 1838 2939 immortalis
1868 2880 2157 2943 evasisset;

586 2996 942 3057 posteaquam
990 2981 1118 3034 vero
1147 2979 1279 3043 edit,
1317 2984 1565 3029 mortuus
1606 2981 1708 3027 est.
1738 2972 1834 3025 llis
1866 2972 2048 3039 itaque
2074 2985 2163 3023 ar-

588 3072 874 3142 gumentis
900 3070 1151 3138 colligere
1173 3078 1277 3133 est,
1309 3080 1486 3134 neque
1516 3064 1653 3118 male
1679 3070 1850 3117 satam
1881 3059 2052 3116 fuisse
2075 3074 2165 3113 ar-

610 3518 749 3571 mala
785 3522 950 3571 altera
1000 3516 1093 3584 sit)
1142 3515 1447 3569 istiusmodi
1482 3512 1820 3581 argumentis
1867 3524 1968 3565 nos
2000 3511 2169 3564 laces-

602 3616 762 3673 sunt,
811 3608 904 3677 qui
943 3603 1316 3669 unumDeum
1352 3602 1672 3674 profitemur
1703 3620 1715 3655 :
1750 3603 1818 3666 si,
1848 3601 2172 3669 inquientes,

603 3698 742 3752 mala
772 3704 891 3751 crat
936 3696 1117 3759 arbor,
1153 3708 1252 3748 cur
1288 3708 1405 3748 eaut
1446 3693 1582 3747 sevit
1621 3691 1763 3746 Deus
1796 3694 1849 3745 in
1894 3691 2168 3760 paradiso,

608 3803 730 3857 qua:
762 3788 970 3840 Adamo
1003 3786 1217 3839 ruinam
1247 3791 1393 3839 esset
1423 3782 1669 3837 illatura‘!
1702 3783 1796 3835 Sin
1827 3783 1989 3847 bona,
2018 3796 2174 3850 pror-

606 3893 704 3932 sus
729 3891 823 3946 per
848 3876 1107 3930 invidiam
1132 3874 1472 3943 prohibuerit
1500 3873 1648 3926 illum
1677 3887 1896 3927 necesse
1926 3884 2031 3927 est.

1156 3980 1429 4037 CAPUT
1487 3983 1596 4037 lll.

602 4081 802 4147 Corttya
825 4078 1035 4131 Iuliani
1062 4080 1359 4145 Apostataz,
1388 4076 1452 4128 de
1473 4079 1658 4127 arbore
1689 4076 1828 4138 t-itw,
1857 4074 2174 4130 calumnias.

681 4168 864 4222 Satius
900 4169 1087 4221 fuisset
1113 4207 1128 4231 ,
1157 4169 1232 4221 ait
1278 4165 1528 4221 Julianus
1549 4203 1564 4228 ,
1593 4165 1841 4220 arborem
1869 4166 2014 4219 illam
2041 4167 2177 4219 veti-

608 4273 714 4314 tam
736 4298 750 4324 ,
784 4268 878 4313 aut
906 4259 961 4313 in
995 4259 1193 4327 angulo
1226 4257 1462 4325 paradisi
1493 4264 1587 4309 aut
1616 4257 1733 4310 loco
1765 4256 1948 4324 aliquo
1976 4258 2178 4311 obscu-

611 4351 757 4405 riore
798 4338 1050 4413 exstare;
1102 4363 1169 4401 ne
1196 4347 1325 4401 dum
1381 4356 1639 4416 perpetuo
1684 4346 1753 4401 ob
1782 4347 1969 4401 oculos
1999 4354 2178 4411 esset,

617 4440 845 4494 nimium
874 4440 957 4493 sui
982 4438 1315 4493 desiderium
1345 4439 1398 4491 iu
1425 4436 1621 4491 animis
1654 4448 1936 4505 parentum
1970 4446 2183 4491 nostro-

614 4547 732 4585 rum
764 4531 1049 4584 excitaret.
1079 4527 1217 4581 lluic
1249 4527 1535 4597 respondet
1568 4526 1629 4579 Ι).
1658 4526 1909 4595 Cyrillus,
1935 4529 2181 4581 oratione

610 4625 768 4678 tertia
798 4638 961 4692 quam
988 4623 1249 4677 adversus
1273 4636 1396 4675 eum
1427 4620 1772 4690 conscripsit,
1801 4620 1856 4674 in
1883 4623 2023 4673 hanc
2047 4636 2174 4674 sen-

608 4715 832 4769 tentiam
869 4732 882 4768 :
919 4713 1111 4769 Studio
1137 4713 1411 4767 Creatoris
1452 4713 1650 4767 factum
1679 4721 1779 4773 est,
1808 4726 1875 4765 ne
1900 4710 2064 4767 arbor
2090 4710 2179 4764 illa

611 4805 665 4855 in
704 4802 917 4856 occulto
951 4803 1274 4867 haberetne;
1323 4808 1748 4855 consentaneum
1789 4801 1936 4854 enim
1982 4800 2085 4853 fuit
2123 4808 2184 4852 ut

613 4898 966 4961 spectatores,
995 4894 1109 4959 ipsa
1140 4892 1351 4946 arboris
1383 4892 1714 4961 aspectioue,
1744 4892 2054 4946 mandatum
2087 4891 2179 4945 Dei

610 4994 769 5050 atque
821 4984 990 5051 legem
1043 4982 1096 5035 in
1135 4982 1450 5036 memoriam
1504 4991 1864 5045 revocarent,
1913 4989 1968 5034 et
2019 4981 2181 5035 simul

618 5073 826 5125 Domini
862 5074 947 5127 sui
978 5072 1070 5141 qui
1101 5074 1267 5142 legem
1303 5072 1518 5134 tulerat,
1550 5071 1963 5125 recordarentur
2006 5093 2017 5127 :
2047 5088 2182 5139 quo-

611 5178 729 5216 ruzn
781 5177 958 5215 rerum
1005 5163 1201 5216 oblivio
1239 5164 1371 5232 ipsis
1420 5160 1579 5216 facile
1619 5161 1883 5229 potuisset
1919 5163 2181 5233 obrepere

612 5256 657 5304 si
692 5252 743 5305 in
775 5251 978 5319 angulo
1008 5254 1260 5321 quopiam
1288 5252 1523 5321 paradisi
1559 5251 1649 5305 illa
1681 5260 1799 5305 sata
1826 5250 2040 5306 fuisset.

1180 5362 1459 5416 CAPUT
1518 5361 1620 5416 IV.

616 5451 909 5517 Sequuntur
944 5453 1292 5521 quwsliortes.
1326 5469 1440 5517 qua:
1470 5470 1499 5504 a
1542 5454 1719 5506 multis
1768 5454 1936 5521 quam'
1967 5454 2173 5507 solent:

689 5537 749 5571 ac
804 5520 1049 5587 primum,
1103 5538 1195 5573 cur
1246 5520 1379 5592 Deus
1430 5526 1673 5574 creaverit
1724 5520 2006 5588 Adamum,
2030 5540 2179 5592 quem

688 5600 1019 5653 βαδίσαιμι-πίω
1049 5590 1376 5657 pra'scicbat.

691 5678 953 5739 Qtnerunt
991 5681 1248 5741 nonnulli,
1283 5694 1378 5733 cur
1406 5681 1670 5733 creaverit
1704 5681 1968 5736 Adamum
2001 5681 2141 5738 Deus
2165 5723 2177 5745 ,

689 5774 707 5802 ‘
733 5769 921 5826 Matth.
961 5788 1008 5836 ν,

2271 3515 2468 3570 alteros
2490 3528 2584 3583 per
2606 3512 2879 3575 virtutem,
2909 3522 3001 3578 per
3032 3506 3452 3575 improbitatem,
3480 3504 3676 3560 alteros
3694 3512 3813 3559 eta-

2272 3614 2379 3660 tem
2410 3613 2627 3659 acturos
2658 3598 3129 3672 (quemadmodum
3159 3597 3319 3651 etiam
3353 3596 3486 3672 solis
3506 3596 3591 3650 sui
3620 3595 3808 3655 lumen.
3872 3588 3875 3593 ’

2270 3698 2421 3768 juxta
2484 3694 2642 3750 bonis
2686 3701 2739 3747 et
2788 3691 2946 3745 malis
2993 3688 3252 3759 impertit,
3274 3694 3329 3742 et
3378 3671 3612 3756 pluviam
3661 3684 3811 3755 justis

2277 3787 2598 3856 injustisque
2619 3785 2662 3854 ')
2691 3782 2990 3837 clarissima
3020 3778 3263 3851 profecto
3290 3778 3468 3833 evadit
3492 3777 3663 3847 ipsius
3696 3791 3811 3845 pro-

2278 3878 2418 3933 bitas
2462 3886 2625 3945 atque
2673 3873 2975 3942 benignitas
3008 3885 3128 3940 qua:
3154 3867 3373 3939 profuse
3400 3866 3662 3932 deﬂuens,
3704 3864 3812 3919 uni-

2277 3984 2432 4025 versa
2456 3967 2821 4037 amplectitur.
2853 3963 3051 4019 Verum
3079 3962 3220 4017 hanc
3245 3960 3594 4037 quastionem
3622 3957 3809 4014 dissol-

2276 4061 2452 4116 vimus
2485 4032 2702 4128 qu‘oque
2748 4057 2802 4110 in
2848 4063 3033 4109 nostra
3084 4032 3528 4123 interpretatione
3576 4048 3809 4121 quamdiu

2278 4150 2386 4205 divi
2427 4148 2662 4203 Μαιαιωί
2696 4144 3039 4220 Evangelium
3078 4143 3325 4196 fecimus.

2832 4228 3107 4287 CAPUT
3159 4228 3227 4284 ν.

2338 4376 2344 4382 .
2435 4326 2672 4382 Mortalis
2697 4341 2763 4378 an
2794 4322 3113 4377 immortalis
3146 4328 3352 4374 creatus
3382 4320 3450 4374 sit
3476 4320 3670 4374 Adam.

2353 4419 2612 4486 Quatrunt
2638 4416 2750 4478 alii,
2773 4414 3125 4468 mortalemne
3148 4420 3364 4477 natura,
3385 4427 3450 4464 an
3476 4408 3813 4465 immortalem

2281 4510 2531 4584 genuerit
2570 4506 2708 4563 Deus
2740 4506 3025 4559 Adamum.
3073 4502 3177 4558 Sed
3208 4501 3474 4571 principio
3526 4500 3815 4570 expenden-

2208 4591 2253 4645 D
2283 4606 2406 4655 dum
2440 4600 2525 4654 hic
2550 4606 2651 4663 est,
2692 4597 2822 4666 quid
2861 4594 2959 4649 sibi
2994 4592 3123 4646 illud
3160 4592 3304 4657 velit,
3346 4590 3609 4643 Adamum
3641 4596 3814 4642 natura

2279 4689 2561 4745 mortalem
2597 4702 2722 4743 esse
2758 4694 2933 4738 ortum
2959 4698 2973 4747 ;
3004 4688 3279 4749 spectetne
3306 4680 3371 4732 ad
3410 4680 3713 4733 universam
3744 4675 3814 4740 ip-

2281 4783 2391 4836 sius
2444 4777 2894 4846 compositioncm
2938 4790 2951 4827 :
2997 4772 3151 4840 quasi
3207 4769 3396 4831 dicas,
3450 4777 3651 4821 natum:
3702 4764 3815 4816 Adae.

2286 4873 2516 4926 inditum
2550 4870 2717 4923 fuisse
2743 4875 2802 4919 ut
2831 4865 3009 4919 anima
3039 4861 3363 4917 dissocietur
3394 4874 3422 4911 a
3449 4872 3688 4925 corpore,
3712 4867 3815 4923 qua:

2281 4962 2571 5031 disjunctio
2610 4971 2757 5010 mors
2799 4955 2869 5007 sit
2900 4970 2914 5008 ζ
2949 4969 3015 5006 an
3048 4966 3175 5005 vero
3207 4948 3510 5003 mortalitas
3541 4948 3605 5001 ad
3636 4958 3813 5013 corpus

2281 5052 2459 5109 solum
2498 5049 2788 5109 referatur,
2818 5054 2875 5097 ut
2900 5044 3027 5097 huic
3057 5039 3302 5095 naturale
3334 5037 3505 5093 fuisse
3540 5045 3811 5096 statuatur,

2283 5144 2505 5198 interire
2558 5149 2719 5206 atque
2769 5136 3034 5189 occidere.
3068 5129 3478 5197 Respondemus
3523 5127 3698 5197 igitur,
3728 5136 3812 5177 nos

2275 5213 2481 5303 corpus
2540 5230 2715 5283 solum
2754 5235 2995 5295 spectare
3021 5263 3035 5287 ,
3074 5235 3195 5275 cum
3249 5220 3480 5273 dicimus
3506 5256 3520 5282 ,
3569 5219 3810 5273 Adamum

2286 5336 2480 5379 natura
2536 5319 2815 5373 mortalem
2870 5316 3039 5369 fuisse
3087 5322 3325 5367 creatum
3369 5310 3522 5365 :boc
3575 5312 3711 5365 enim
3752 5308 3811 5356 ita

2284 5413 2645 5483 compositum
2681 5410 2799 5474 fuit,
2831 5417 2889 5460 ut
2938 5411 3126 5472 suapte
3172 5412 3384 5467 natura,
3418 5401 3677 5472 passioni.
3706 5410 3813 5451 cor-

2288 5504 2544 5573 ruptioni,
2581 5502 2737 5555 morti
2768 5497 3000 5564 denique
3032 5504 3173 5548 esset
3206 5494 3511 5563 subjectum
3542 5500 3701 5561 atque
3728 5500 3811 5554 op-

2285 5605 2599 5664 portunum.
2640 5593 2859 5648 Interim
2892 5603 2919 5639 a
2967 5601 3188 5656 corpore
3215 5587 3281 5639 ad
3326 5593 3501 5638 totum
3530 5582 3633 5637 hoc
3665 5592 3816 5634 trans-

2285 5685 2494 5747 fertur,
2547 5685 2885 5748 dicimusque
2958 5674 3225 5732 hominem
3298 5682 3486 5727 natura
3557 5666 3810 5725 mortalem

3977 2598 3979 2634 1

3977 3046 3979 3079 1

3978 3136 3979 3167 1

3978 3226 3979 3259 1

3978 3586 3979 3619 1
