4176 6442
256 370 348 434 (illi
1363 373 1461 433 DE
1503 369 1901 432 PARADISO.
1942 394 2000 407 -
2054 370 2248 429 PARS
2282 369 2396 428 III.

3391 369 3493 431 (ΕΟΖ

254 503 372 542 esse
432 495 655 551 uatum;
695 498 818 539 nam
874 482 928 536 in
982 479 1143 537 rebus
1191 482 1511 551 compositis
1566 482 1638 534 ita
1697 481 1813 534 fieri
1845 486 1889 541 Α
1919 488 2091 536 stunt.
2129 479 2316 542 Nono,
2354 495 2382 533 a
2423 479 2580 534 nobis
2629 487 2774 534 stant
2819 480 3074 538 doctores
3100 484 3337 546 classici,
3370 501 3497 554 pro-

257 577 452 631 assolet
481 586 540 628 ut
584 575 728 643 quod
765 573 936 642 partis
965 582 1052 628 est
1085 573 1248 624 unius
1273 610 1290 636 ,
1329 571 1428 623 toti
1462 571 1811 623 attribuatur.

257 667 392 721 Sunt
424 676 601 718 tamen
633 665 723 732 qui
754 672 973 733 negent.
1010 662 1277 715 Adamum
1309 669 1496 713 natura
1527 661 1813 713 mortalem

257 772 374 810 esse
420 763 800 824 procreatum;
833 763 959 807 sunt
986 755 1151 806 etiam
1183 754 1274 822 qui
1310 753 1594 805 mortalem
1626 761 1677 804 et
1715 752 1817 802 im-

255 848 529 901 mortalem
565 853 756 900 natura
787 845 1032 899 effectum
1057 861 1176 899 esse
1205 845 1407 910 velint;
1439 853 1566 897 sunt
1586 844 1819 911 denique

257 937 346 1004 qui
405 950 580 1004 neque
642 936 925 988 mortalem
980 949 1151 1003 neque
1204 935 1566 986 immortalem
1624 945 1814 985 natura

256 1026 527 1082 conditum
567 1025 857 1079 al'llrment.
902 1024 1005 1091 Qui
1051 1033 1250 1094 negant
1298 1025 1576 1077 mortalem
1623 1033 1816 1076 natura

251 1124 490 1170 creatum
526 1133 554 1168 a
585 1116 692 1169 Deo
721 1130 841 1171 esse
866 1155 882 1182 ,
912 1117 1118 1178 dicunt,
1156 1115 1317 1169 morti
1348 1115 1642 1168 obnoxium
1693 1129 1816 1167 esse

253 1204 452 1261 facium
509 1222 603 1275 per
649 1208 886 1260 divinam
934 1209 1255 1261 sententiam
1295 1221 1402 1274 qua
1434 1209 1500 1258 ob
1537 1214 1814 1273 peccatum

255 1305 339 1352 est
372 1306 546 1352 morte
569 1301 856 1354 damnatus
883 1316 897 1352 :
926 1307 1085 1367 atque
1118 1298 1166 1351 id
1195 1307 1474 1366 peccatum
1512 1297 1588 1349 illi
1623 1296 1813 1370 mortis

250 1399 472 1444 causam
517 1388 686 1443 fuisse
731 1390 1030 1443 secundum
1068 1389 1155 1442 illa
1200 1387 1300 1458 De}.
1323 1388 1484 1440 verba
1525 1403 1539 1440 :
1573 1385 1689 1450 Qua
1728 1386 1813 1438 die

250 1480 417 1533 aderis
447 1481 512 1534 de
545 1481 640 1533 illa
672 1480 893 1545 arbore,
926 1490 1091 1534 morte
1135 1479 1398 1532 morieris.
1432 1478 1598 1531 Alteri
1626 1519 1641 1542 ,
1676 1493 1815 1545 quos

251 1569 491 1624 diximus
524 1571 808 1642 mortalem
843 1582 1004 1639 atque
1035 1571 1398 1624 immortalem
1435 1581 1629 1624 natura
1661 1571 1812 1623 illum

249 1659 431 1714 facere
463 1677 479 1714 :
508 1663 611 1716 hoc
643 1663 707 1715 ad
735 1662 996 1725 animum,
1030 1662 1171 1717 istud
1204 1663 1270 1716 ad
1318 1679 1516 1731 corpus
1548 1665 1809 1717 referunt.

253 1749 420 1805 Tertii
451 1750 685 1820 denique
708 1752 798 1820 qui
844 1761 1093 1820 utraque,
1124 1760 1178 1805 et
1208 1753 1590 1806 mortalitatem
1622 1762 1671 1804 et
1709 1753 1808 1803 im-

252 1840 641 1894 mortalitatem
668 1878 683 1904 ,
719 1849 910 1894 natura
938 1880 954 1902 .
988 1841 1062 1893 illi
1099 1842 1335 1909 ingenita
1373 1841 1545 1894 fuisse
1591 1848 1808 1908 negant,
1846 1820 1886 1872 Β

250 1932 588 1985 arbitrantur
627 1931 800 1985 media
850 1931 1163 1985 conditione
1195 1941 1370 1986 ortum
1419 1931 1587 1985 fuisse
1613 1972 1627 1996 ,
1675 1941 1733 1985 ut
1771 1932 1816 1986 si

247 2018 469 2086 corpori
509 2016 722 2071 deditus
766 2017 927 2070 vitam
963 2018 1229 2085 agitaret,
1267 2017 1516 2071 mortalis
1550 2036 1562 2071 :
1593 2018 1676 2071 sin
1705 2018 1820 2070 ani-

252 2122 352 2160 mae
382 2107 780 2175 sumprwclara
817 2105 995 2159 studia
1021 2115 1318 2161 sectaretur
1341 2106 1678 2173 coleretque,
1712 2109 1818 2158 im-

252 2196 502 2250 mortalis
547 2196 815 2249 evaderet.
861 2196 969 2250 Nos
1019 2187 1508 2259 vero‘statuimus,
1549 2197 1817 2248 Adamum

251 2269 449 2340 natura
480 2284 758 2338 mortalem
787 2299 906 2339 esse
938 2285 1276 2354 progenitum
1301 2324 1314 2346 ,
1347 2285 1508 2353 idque
1538 2286 1620 2338 his
1658 2285 1815 2337 colli-

252 2377 434 2446 gimus
476 2357 832 2445 argumentis.
862 2373 1045 2428 Primo
1066 2413 1081 2440 ,
1120 2375 1453 2442 compositus
1482 2383 1567 2428 est
1596 2389 1658 2427 ex
1693 2375 1815 2442 pul-

251 2484 377 2523 vere
408 2477 471 2521 ut
505 2468 760 2543 materia;
795 2466 846 2520 id
882 2481 1009 2519 vero
1042 2467 1185 2534 quod
1218 2480 1281 2519 ex
1331 2467 1553 2534 pulvere
1601 2466 1820 2519 coofor-

253 2565 464 2609 matum
506 2557 804 2624 fictumque
830 2564 913 2610 est
943 2556 1171 2608 mortale
1207 2570 1328 2609 esse
1362 2564 1554 2622 suapte
1600 2566 1818 2616 natura,

253 2657 463 2701 certum
498 2654 601 2700 est.
631 2645 902 2710 Secundo,
931 2646 1055 2714 quia
1088 2659 1210 2698 cum
1242 2646 1410 2698 virilis
1447 2659 1510 2698 ac
1541 2645 1820 2698 muliebris

255 2747 420 2786 sexus
462 2730 776 2785 discrimine
814 2729 1063 2783 conditus
1114 2738 1198 2783 est
1246 2746 1260 2782 :
1312 2729 1454 2798 quod
1498 2730 1820 2782 mortalibus

253 2821 549 2892 congruit,
589 2820 988 2874 immortalibus
1028 2836 1394 2889 nequaquam.
1430 2819 1616 2873 Tertio
1643 2860 1658 2885 ,
1684 2819 1817 2888 quia

254 2919 582 2982 procreatus‘
604 2922 687 2966 est
709 2928 831 2966 cmn
867 2913 1040 2966 oculis
1073 2914 1163 2980 qui
1199 2926 1380 2965 escam
1413 2918 1744 2979 appeterent,
1769 2918 1820 2961 et

256 3005 510 3058 manibus
551 3017 688 3072 quas
728 3003 875 3056 illius
927 3002 1174 3057 sumendi
1229 3003 1402 3070 gratia
1450 3002 1815 3070 protenderet,

253 3093 489 3161 denique
511 3107 631 3145 cum
660 3094 802 3146 vasis
826 3107 945 3160 quas
972 3093 1284 3144 alimentum
1311 3094 1618 3159 exciperent
1643 3090 1819 3143 conti-

246 3192 555 3250 nerentque
587 3198 602 3234 :
637 3183 750 3236 lure
799 3183 943 3235 enim
994 3181 1059 3235 iis
1108 3170 1269 3234 modo
1317 3181 1514 3249 quibus
1569 3178 1818 3231 mortalis

245 3259 452 3331 natura
495 3273 723 3342 obtigit,
786 3274 906 3327 usui
953 3287 1072 3328 esse
1125 3283 1373 3341 possunt,
1414 3270 1815 3324 immortalibus

265 3365 472 3417 frustra
520 3363 735 3416 dentur.
780 3360 1004 3426 Quarto,
1055 3371 1262 3415 cmtcrze
1309 3377 1395 3413 res
1436 3374 1572 3427 quas
1621 3358 1815 3411 Adami

256 3454 432 3523 gratia
483 3453 734 3506 condidi»
767 3451 943 3516 Deus,
980 3453 1113 3506 satis
1149 3461 1380 3521 arguunt
1428 3449 1579 3501 illum
1621 3457 1814 3502 natura

257 3543 541 3598 mortalem
561 3557 678 3596 esse
695 3541 915 3597 factum.
931 3541 1198 3607 Quorsum
1217 3542 1359 3594 enim
1375 3551 1514 3593 terra
1531 3554 1664 3608 opus
1677 3539 1818 3593 erat?

265 3649 534 3702 quorsum
572 3633 911 3686 firmamento
932 3640 1011 3690 tut
1028 3633 1240 3700 vocant)
1257 3632 1280 3683 ‘l
1299 3645 1558 3700 quorsum
1583 3631 1817 3683 lucenti-

256 3725 358 3778 bus
390 3725 444 3776 in
480 3725 581 3775 hoc
625 3723 832 3775 stellis?
855 3738 1112 3791 quorsum
1133 3707 1370 3790 piscibus
1398 3722 1820 3790 volucribusque

256 3829 378 3883 qua:
402 3814 734 3866 mactantur?
751 3826 1009 3880 quorsum
1025 3813 1302 3882 jumentis,
1323 3812 1548 3879 aliisque
1567 3813 1816 3865 animan-

255 3906 403 3958 tibus
428 3918 545 3972 quae
570 3902 761 3970 partim
788 3903 1049 3965 serviunt,
1073 3903 1178 3955 alia
1207 3901 1472 3955 eduntur?
1505 3904 1647 3955 Sane
1668 3902 1818 3956 hisce

254 3992 515 4045 omnibus
550 4006 656 4044 non
681 4000 906 4044 utuntur
937 3990 1040 4059 qu‘r
1055 3991 1162 4043 vita
1189 3989 1445 4044 fruuntur
1470 3989 1762 4043 immortali
1797 4006 1810 4041 :

255 4082 351 4134 sed
400 4081 474 4134 illi
509 4081 608 4136 soli
650 4083 740 4151 qui
791 4081 991 4135 ﬂuxam
1035 4091 1196 4150 atque
1230 4083 1489 4135 caducam
1521 4081 1810 4135 sustinent.

256 4173 485 4238 Quinto,
511 4187 575 4226 ex
608 4173 721 4239 lege
748 4187 864 4240 qua:
886 4171 1094 4226 Adamo
1119 4180 1201 4224 est
1221 4187 1250 4224 a
1282 4172 1522 4240 genitore
1549 4171 1658 4224 Deo
1681 4185 1819 4238 pra:-

258 4261 461 4329 scripla
483 4298 497 4323 ,
535 4261 819 4314 coniicitur
849 4261 999 4312 illum
1031 4261 1243 4313 mortali
1280 4261 1591 4314 conditione
1637 4268 1815 4313 ortum

257 4367 382 4406 esse
414 4372 428 4405 :
463 4351 604 4405 vesci
657 4351 798 4405 enim
837 4365 898 4405 ac
955 4367 1060 4405 non
1093 4352 1237 4404 vesci
1289 4353 1389 4405 hac
1452 4361 1544 4404 aut
1595 4351 1684 4404 illa
1740 4366 1817 4417 re,

1922 579 2164 641 bamque
2205 573 2347 628 lidei.
2376 572 2513 627 Nam
2569 573 2824 629 dominus
2853 574 3114 638 Joannes,
3150 593 3210 630 ea
3245 580 3492 632 oratione

1926 678 2089 731 quant
2153 663 2217 714 all
2284 663 2554 732 Stagrium
2596 665 2922 719 monachum
2979 666 3198 735 scripsit
3239 666 3376 737 (31),
3411 670 3491 722 sic

1921 751 2084 808 habet
2118 770 2130 806 :
2166 752 2421 806 Nondum
2453 763 2654 807 certam
2683 754 2909 808 habebat
2932 757 3171 810 Adamus
3203 757 3487 809 immorta-

1920 843 2084 898 litatis
2139 860 2311 912 spem.
2347 845 2411 898 Et
2460 862 2651 915 rursus
2695 847 2940 900 oratione
2987 863 3146 915 quam
3186 851 3253 903 de
3297 848 3492 902 arbore

1923 932 2167 985 scientia:
2201 933 2323 985 boni
2371 943 2425 985 et
2455 935 2578 985 mali
2613 933 2920 1001 composuit
2949 952 2964 988 :
2995 935 3186 988 Anima
3213 975 3228 1000 ,
3270 937 3482 1005 inquit,

1921 1031 2114 1074 natura
2164 1023 2487 1076 immortalis
2517 1033 2598 1076 est
2624 1062 2639 1086 ,
2676 1034 2729 1076 at
2768 1025 2996 1078 mortale
3033 1034 3227 1078 natura
3259 1041 3481 1095 corpus.

1921 1113 2004 1165 Ad
2037 1113 2128 1165 ubi
2161 1114 2261 1165 tria
2298 1114 2460 1167 verba
2493 1114 2724 1181 explicat
2768 1117 2860 1184 qui
2900 1117 2951 1167 in
2983 1115 3123 1168 libro
3151 1114 3254 1168 Job
3278 1119 3477 1184 scripta

1919 1211 2134 1254 exstant
2164 1221 2176 1254 :
2209 1202 2311 1266 Qui
2336 1220 2513 1256 servus
2554 1215 2630 1256 est
2665 1220 2763 1257 non
2798 1205 2970 1272 ﬁdelis
2996 1205 3131 1274 (52),
3169 1206 3248 1260 sic
3274 1207 3350 1259 ait
3382 1223 3396 1259 :
3430 1208 3486 1261 Si

1921 1294 2083 1346 homo
2110 1308 2232 1347 cum
2262 1294 2718 1348 itnmortaii‘.atem
2745 1307 2935 1364 suapte
2964 1307 3158 1350 natura
3190 1311 3296 1350 non
3325 1297 3488 1350 hahe-

1919 1392 2046 1449 ret,
2097 1385 2336 1438 cervices
2371 1385 2597 1452 jactavit
2620 1427 2634 1450 ,
2667 1387 2794 1455 quid
2826 1403 2931 1440 non
2976 1387 3211 1452 fecisset,
3249 1388 3293 1442 si
3341 1389 3484 1440 illam

1921 1475 2234 1529 habuisset?
2281 1476 2610 1530 Athanasius
2647 1491 2902 1546 quoque,
2955 1479 3198 1531 oratidne
3236 1479 3304 1531 de
3353 1488 3478 1531 orzu

1917 1568 2209 1636 corporali,
2231 1568 2423 1622 scribit
2453 1566 2626 1623 fuisse
2647 1569 2920 1623 hominem
2951 1581 3148 1623 natura
3178 1570 3487 1634 mortalem,

1917 1659 2101 1727 utqui
2159 1674 2224 1713 ex
2265 1658 2426 1713 rebus
2477 1657 2638 1714 fluxis
2685 1666 2828 1714 esset
2882 1659 3186 1729 colligatus.
3240 1660 3487 1728 Denique

1916 1749 2172 1816 Cyrillus,
2212 1750 2458 1802 oratione
2501 1761 2692 1804 octava
2742 1749 3000 1803 adversus
3057 1750 3282 1817 impium
3310 1749 3489 1803 Julia-

1923 1853 2075 1900 num,
2103 1838 2155 1890 in
2185 1838 2328 1890 hunc
2361 1839 2580 1891 modum
2615 1839 2856 1906 loquitur
2884 1856 2900 1890 :
2932 1839 3068 1892 Cum
3099 1839 3270 1891 Adam
3299 1847 3490 1892 contra

1924 1924 2015 1977 Dei
2062 1926 2235 1994 legem
2290 1925 2548 1992 fecisset,
2586 1935 2761 1981 morte
2798 1934 2884 1980 est
2931 1927 3261 1991 damnatus,
3292 1942 3399 1996 qua
3437 1942 3493 1980 re

1921 2016 2067 2084 quod
2115 2028 2307 2068 natura
2341 2018 2586 2069 mortalis
2614 2026 2777 2080 esset,
2817 2018 3167 2086 arguebatur.
3204 2019 3492 2080 Caeterum,

1921 2105 2176 2159 dominus
2203 2103 2443 2159 Iacobus
2483 2107 2830 2177 Sarugensis.
2867 2122 2928 2160 ea
2963 2110 3211 2161 oratione
3240 2124 3346 2176 qua
3379 2109 3493 2160 tlis-

1923 2197 2073 2257 seril,
2108 2196 2338 2250 fueritne
2372 2197 2538 2249 Adam
2568 2198 2817 2250 mortalis
2867 2197 3116 2252 conditus
3156 2213 3222 2250 an
3260 2199 3488 2252 immor-

1925 2287 2048 2340 talis
2076 2325 2093 2352 ,
2127 2287 2334 2347 scribit,
2379 2289 2645 2341 Adamum
2697 2290 2975 2342 mortalem
3019 2299 3072 2342 et
3127 2291 3487 2344 immortalem

1925 2376 2091 2430 fuisse
2133 2378 2447 2442 conditum,
2497 2395 2621 2432 cum
2663 2380 2834 2447 ipsius
2889 2381 3059 2432 libero
3093 2382 3330 2435 arbitrio
3363 2399 3488 2447 per-

1923 2469 2228 2536 mitteretur
2259 2483 2287 2520 a
2327 2467 2433 2522 Deo
2470 2476 2532 2522 ut
2579 2469 2659 2522 vel
2693 2469 2981 2523 observata
3021 2469 3135 2539 lege
3172 2473 3493 2528 immortalis

1922 2571 2096 2623 esset,
2131 2560 2211 2612 vel
2247 2560 2415 2612 fracta
2469 2570 2792 2615 moreretur.
2827 2561 2897 2614 At
2927 2562 3258 2617 Philohenus
3285 2603 3299 2626 ,
3333 2563 3495 2633 Capi-

1926 2652 2057 2703 tulis
2089 2665 2209 2719 qua:
2262 2651 2524 2705 adversus
2568 2650 2865 2706 Diodorum
2912 2654 3220 2720 composuit
3254 2672 3266 2706 :
3301 2653 3494 2708 Teme-

1924 2737 2099 2799 raria,
2134 2735 2345 2804 inquit,
2392 2737 2617 2795 audacia
2669 2739 2772 2801 est,
2805 2740 3074 2792 Adamum
3127 2741 3489 2796 immortalem

1921 2827 2101 2880 dicere
2149 2836 2339 2896 suapte
2387 2837 2617 2890 natura,
2655 2833 2768 2882 sive
2801 2841 2914 2882 tum
2970 2845 3094 2883 cum
3143 2833 3486 2900 gignebatur,

1920 2915 2032 2968 sive
2081 2925 2366 2983 postquam
2414 2921 2792 2982 resurrexcrit.
2845 2912 2947 2983 Qui
3001 2930 3180 2988 potest
3232 2924 3374 2975 enim
3428 2941 3489 2976 ιιίι

1922 3015 2116 3057 natura
2164 3006 2483 3060 immortalis
2528 3008 2720 3061 haberi
2768 3025 2888 3077 qure
2927 3026 2989 3063 ex
3040 3011 3212 3064 nihilo
3242 3020 3490 3072 creatur,

1924 3096 2314 3164 perficiturque
2336 3097 2560 3151 alterius
2585 3099 2781 3166 jussu?
2805 3098 2937 3151 Nam
2980 3101 3141 3153 etiam
3185 3102 3227 3155 si
3259 3103 3494 3169 gratuito

1925 3185 2028 3254 ipsi
2067 3201 2385 3241 concessum
2415 3188 2627 3252 fuisset,
2655 3199 2714 3241 ut
2745 3191 2908 3243 vitam
2947 3193 3328 3260 sempiternam
3366 3210 3491 3262 agt--

1887 3267 1889 3269 ’
1926 3286 2028 3337 ret.
2077 3290 2183 3329 non
2236 3276 2355 3328 ideo
2395 3279 2714 3331 immortalis
2775 3288 2966 3332 natura
3026 3281 3292 3335 dicendus
3329 3291 3490 3336 erat:

1923 3368 2118 3435 quippe
2155 3368 2310 3435 cujus
2346 3369 2449 3419 vita
2488 3368 2539 3420 in
2575 3368 2798 3422 alterius
2837 3381 2979 3422 esset
3022 3380 3309 3437 potestate.
3383 3371 3487 3440 lgi-

1923 3468 2012 3511 tur
2044 3468 2097 3511 et
2132 3459 2176 3510 si
2218 3459 2271 3512 in
2313 3468 2570 3511 a'tcrnum
2617 3475 2722 3512 non
2761 3459 2953 3514 fuisset
2992 3464 3309 3528 moriturus,
3343 3479 3495 3517 mur-

1923 3550 2047 3603 talis
2097 3559 2274 3602 tamen
2325 3561 2470 3613 erat;
2510 3565 2700 3615 nempe
2758 3551 3138 3606 immortalitas
3193 3554 3258 3605 ad
3317 3555 3491 3607 solum

1927 3643 2092 3694 Deum
2121 3651 2365 3710 spectat;
2394 3650 2446 3695 et
2475 3643 2518 3694 si
2539 3643 2646 3695 ulla
2682 3643 2749 3696 sit
2784 3648 2974 3697 nMura
3006 3661 3126 3712 qua:
3154 3662 3258 3698 non
3294 3646 3495 3700 dissol-

1925 3735 2068 3787 vitur
2097 3748 2198 3787 nec
2232 3732 2340 3785 ullo
2373 3733 2562 3786 mortis
2608 3733 2718 3786 lato
2766 3736 3069 3801 perimitur,
3127 3737 3176 3788 id
3213 3751 3276 3789 ex
3321 3741 3492 3804 gratia

1927 3824 2184 3877 donatum
2218 3823 2317 3875 sibi
2366 3824 2433 3875 ab
2461 3824 2551 3876 illo
2585 3824 2781 3889 habet;
2815 3825 2956 3892 quod
2988 3837 3165 3879 autem
3203 3827 3357 3882 alteri
3397 3845 3491 3883 ac-

1928 3927 2142 3983 ceptum
2193 3913 2383 3976 fertur,
2419 3913 2470 3968 id
2519 3931 2709 3970 rursus
2742 3931 2839 3983 pro
2869 3916 3014 3970 illius
3061 3919 3288 3973 arbitrio
3328 3920 3491 3973 adimi

1925 4012 2126 4069 potest.
2158 4002 2425 4058 Caeterum
2456 4007 2522 4058 de
2547 4004 2758 4059 Adamo
2783 4005 2988 4060 clarum
3023 4018 3124 4072 est,
3162 3988 3207 4063 si
3239 4011 3493 4065 mandato

1927 4091 2431 4159 obtemperavisset.
2464 4091 2706 4150 futurum
2738 4095 2905 4149 fuisse
2932 4104 2990 4148 ιιι
3014 4111 3118 4149 non
3146 4099 3320 4152 obiret
3349 4115 3494 4152 mor-

1929 4191 2068 4247 tem;
2107 4196 2212 4234 non
2243 4182 2385 4249 quod
2435 4183 2525 4236 tali
2581 4185 2890 4238 conditione
2929 4193 3074 4239 esset
3104 4190 3317 4255 genitus
3341 4229 3356 4252 ,
3399 4192 3490 4244 sed

1929 4287 2029 4344 pro
2068 4269 2352 4326 Effectoris
2398 4274 2479 4327 sui
2514 4289 2661 4326 mera
2712 4275 3080 4344 benignitate,
3118 4293 3308 4330 rursus
3338 4290 3491 4348 post-

1933 4380 2096 4434 quam
2131 4368 2450 4429 resurrexit,
2479 4367 2734 4435 deinceps
2766 4381 2986 4437 quoque
3010 4384 3114 4421 non
3141 4371 3489 4436 mmiturum,

263 4444 527 4498 mortales
553 4443 812 4512 jubentur
836 4457 985 4535 ,gnon
1042 4443 1396 4506 immortales.
1440 4441 1653 4535 δειιο,⁸
1677 4444 1815 4535 idem
1850 4459 1899 4517 ι)
1925 4461 2018 4513 εει]
2059 4466 2111 4512 εί
2151 4459 2199 4511 id
2251 4473 2465 4527 quoque
2504 4474 2600 4526 per
2629 4460 2862 4527 gratiam
2910 4460 3116 4530 opiﬁcis
3150 4461 3268 4516 Dei.
3307 4463 3492 4535 Neque

258 4536 532 4605 colligitur
557 4551 621 4588 cx
645 4535 820 4588 verbis
846 4532 934 4587 Dei
959 4549 1077 4603 qua:
1106 4543 1230 4586 ante
1257 4535 1566 4586 mandatum
1591 4533 1657 4586 ad
1679 4533 1820 4586 Ada-

262 4643 410 4681 mum
443 4626 672 4680 faciebat
704 4626 950 4695 inquiens
979 4643 992 4679 :
1038 4625 1263 4679 Crescite
1287 4636 1331 4678 et
1365 4626 1815 4693 multiplicamini,

256 4729 306 4771 et
324 4717 670 4770 dominamini
693 4717 918 4785 piscibus
946 4718 1111 4769 maris
1155 4727 1202 4770 et
1226 4716 1517 4770 volucribus
1548 4717 1696 4779 caeli,
1727 4725 1814 4770 et:

265 4811 396 4863 Dedi
434 4809 573 4862 vobis
622 4826 770 4862 omne
818 4825 988 4860 semen
1029 4810 1167 4878 quod
1212 4811 1521 4872 seminatur,
1556 4819 1603 4860 ct
1645 4810 1815 4860 omnis

262 4900 421 4952 arbor
437 4901 532 4951 erit
563 4898 704 4951 vobis
731 4914 822 4968 pro
846 4900 977 4950 cibo.
1009 4897 1270 4966 Septimo,
1302 4900 1405 4951 nisi
1435 4898 1645 4950 mortali
1673 4906 1815 4951 statu

265 4989 492 5044 eﬂectus
527 4989 718 5042 fuisset
775 4990 935 5042 etiam
969 4999 1026 5041 ut
1066 4989 1232 5057 legem
1282 4988 1531 5057 fregisset
1576 5003 1680 5040 non
1719 4989 1817 5040 ob-

263 5081 449 5136 ivisset
472 5090 720 5141 mortem,
740 5090 794 5135 ut
810 5082 962 5144 obiit;
984 5095 1156 5148 neque
1177 5082 1321 5133 enim
1342 5081 1610 5144 diabolus,
1635 5095 1818 5148 quam-

265 5173 345 5224 vis
363 5173 621 5240 peccavit,
647 5172 1100 5224 immortalitatem
1126 5171 1305 5224 amisit
1320 5187 1480 5239 quam
1501 5172 1552 5224 in
1575 5188 1674 5226 suo
1693 5179 1812 5223 ortu

264 5272 564 5331 acceperat.
600 5263 803 5318 Octavo
826 5302 841 5327 ,
863 5264 1214 5334 compositus
1243 5273 1326 5316 est
1357 5266 1524 5317 Adam
1555 5279 1618 5316 ex
1651 5263 1814 5316 rebus

266 5340 527 5420 diversis;
556 5355 607 5408 id
634 5371 759 5408 vero
786 5357 1104 5423 compositis
1133 5354 1382 5410 omnibus
1410 5355 1682 5417 peculiare
1708 5361 1811 5414 est,

267 5453 322 5496 ut
351 5445 401 5497 in
434 5460 494 5498 ea
540 5445 876 5501 dissolubilia
909 5447 1016 5500 sint
1053 5463 1115 5501 ex
1149 5447 1348 5514 quibus
1382 5447 1626 5514 colligata
1663 5447 1812 5498 exsi-

264 5581 648 5704 mliirLEftstat
677 5584 828 5640 locus
851 5586 938 5640 hic
970 5587 1108 5655 apud
1142 5587 1609 5657 Chrysostomum,
1637 5585 1730 5637 lib.
1755 5599 1817 5645 tt,

332 5694 571 5786 ιέέίῦἔὶ.
594 5726 660 5777 ad
697 5725 962 5794 Stagrium
989 5725 1148 5781 Forte
1177 5726 1246 5779 ibi
1275 5741 1448 5780 servus
1487 5725 1614 5778 liber
1660 5742 1689 5776 a
1716 5723 1818 5776 Do-

1926 4549 2074 4602 cnim
2107 4549 2312 4617 absque
2356 4549 2615 4616 periculo,
2649 4558 2741 4602 aut
2765 4561 2874 4604 tum
2920 4567 3041 4604 cum
3080 4555 3346 4622 gigneret,
3397 4568 3493 4611 aut

1925 4655 2047 4692 cum
2090 4639 2370 4693 suscitabit
2401 4655 2428 4692 a
2456 4625 2920 4705 mortuis,lfecerit
2972 4654 3164 4698 natura
3202 4647 3485 4701 immorta-

1925 4731 2055 4784 lem.
2100 4728 2172 4781 Ex
2204 4731 2287 4783 his
2322 4731 2575 4786 omnibus
2605 4733 2911 4799 conficitur,
2943 4735 3214 4790 Adamum
3263 4741 3483 4803 mortali

1925 4819 2232 4873 conditione
2265 4831 2603 4888 procreatum
2636 4839 2774 4877 esse.
2812 4821 3030 4878 Interim
3082 4825 3334 4890 fatemur,
3381 4829 3485 4880 im-

1928 4911 2253 4964 mortalitate
2292 4912 2600 4967 donandam
2639 4930 2668 4967 a
2709 4930 2806 4968 suo
2839 4915 3094 4971 Genitore
3143 4917 3344 4983 fuisse,
3379 4935 3484 4974 nou

1923 5001 2138 5070 quidem
2179 5003 2436 5068 naturali,
2474 5006 2566 5059 sed
2609 5006 2841 5074 gratuita
2876 5007 2920 5060 si
2959 5008 3058 5078 legi
3089 5009 3384 5077 paruisset.

2464 5153 2740 5208 CAPUT
2798 5153 2915 5209 Vl.

1921 5263 2155 5333 Objectio
2184 5264 2392 5319 Iuliani
2437 5265 2836 5319 llalicarnassei
2861 5266 2971 5336 (55)
2998 5309 3008 5330 ,
3032 5275 3080 5320 et
3111 5267 3224 5336 ejus
3260 5279 3486 5322 assccta~

2465 5339 2618 5390 tionis
2648 5340 2932 5391 hominum.

1980 5446 2228 5504 Julianus
2260 5448 2738 5514 Halicarnasseus,
2787 5459 2838 5503 ct
2870 5447 2962 5517 qui
2992 5448 3111 5518 ejus
3148 5462 3307 5506 secta:
3337 5461 3480 5516 sunt,

1925 5585 2058 5657 mino
2092 5604 2182 5657 suo
2211 5587 2328 5657 (J_ob
2359 5604 2436 5650 ιιι,
2471 5588 2580 5657 19.)
2845 5579 2868 5607 ⁹

1919 5721 1951 5774 Ι,
1995 5656 2109 5724 (55)
2147 5656 2218 5710 Dc
2248 5655 2462 5712 Juliauo
2492 5655 2911 5713 llalicarnassco
2948 5656 3070 5713 vide
3105 5656 3322 5711 Suidam
3358 5670 3454 5724 pro

1942 5739 2042 5774 nc.

1942 5739 2042 5777 ιλε.
