4176 6480
620 399 727 464 6οῚ

1830 403 1933 464 ΤΗ
1943 405 2108 488 ΕΟΙ).
2178 406 2702 468 DAPHNOPATA.
2728 479 2734 486 _

3780 414 3886 476 603

621 517 715 568 bat
739 552 755 579 ,
810 510 1220 567 transmittebat
1280 513 1336 568 in
1375 513 1517 570 filios
1551 533 1565 569 :
1603 515 1658 570 id
1710 531 1841 571 vero
1882 519 2030 588 quod
2081 527 2212 574 ante
2239 538 2287 585 Α
2317 539 2426 578 non
2454 521 2802 588 deliciarum,
2831 529 2891 578 ut
2916 537 3016 580 vos
3033 523 3381 595 existimatis.
3409 525 3654 597 Denique
3679 534 3826 598 quod
3855 549 3888 585 a

618 607 887 662 amiserat
919 608 1230 676 nequejam
1265 617 1381 665 tum
1421 610 1679 678 habebat,
1724 611 1980 668 conferre
2012 614 2066 668 in
2102 613 2207 670 hos

621 713 730 751 non
766 698 968 765 potuit.
1019 697 1271 755 Mortalis
1318 700 1503 770 itaque
1551 703 1812 756 mortales
1853 706 2201 772 procreavit;

619 797 786 857 atque
818 788 950 842 hinc
984 791 1234 844 omnium
1281 803 1542 859 nepotum
1577 809 1729 848 mors
1761 806 2063 850 consecuta
2094 810 2202 862 est,

618 893 728 935 nou
765 888 948 934 autem
996 896 1062 936 ex
1110 883 1258 937 illius
1288 884 1513 938 delicto.
1550 884 1664 938 lmo
1695 901 1826 939 vero
1857 886 1905 940 si
1954 899 2208 944 accurate

617 986 806 1025 sacras
840 960 1094 1028 Litteras
1149 975 1518 1043 perlustretis,
1566 978 1693 1036 erit.
1744 977 1834 1029 uhi
1887 991 1942 1032 et
1982 981 2205 1052 quando

619 1060 790 1115 Deum
829 1064 1132 1130 peremisse
1175 1066 1315 1121 lilios
1351 1083 1448 1136 per
1499 1077 1713 1137 patrum
1768 1087 1995 1128 causam
2049 1073 2202 1126 inve-

595 1153 820 1225 ,niatis.‘
851 1153 988 1208 Nam
1045 1159 1188 1225 apud
1222 1157 1534 1213 Samuelem
1587 1163 1852 1231 scriptum
1895 1171 1978 1217 est
2011 1180 2024 1215 :
2061 1161 2205 1227 Quia

580 1244 866 1312 recordor
910 1245 1028 1314 ejus
1080 1248 1218 1314 quod
1270 1247 1487 1300 Amalec
1545 1247 1669 1318 fecit
1729 1248 1929 1304 Israeli
1989 1251 2203 1304 exeunti

612 1331 870 1405 Egypto,
895 1335 1023 1388 rade
1048 1344 1125 1400 tu,
1153 1334 1309 1405 Sani,
1331 1349 1380 1392 et
1399 1349 1633 1408 pugnata
1660 1341 1910 1395 adversus
1933 1341 2082 1412 Agag
2109 1358 2203 1410 po-

615 1426 902 1496 pulumque
942 1428 1108 1496 ipsius
1131 1426 1176 1493 ³,
1231 1431 1353 1484 etc.
1393 1429 1461 1486 Et
1508 1431 1640 1486 alibi
1688 1433 1951 1504 scriptum
2000 1443 2198 1498 exstat,

614 1527 840 1586 propter
890 1516 1114 1588 Davidis
1160 1529 1444 1587 peccatum
1497 1537 1698 1578 urores
1741 1524 1914 1590 ipsius
1973 1533 2202 1579 constu-

611 1608 859 1676 praudas
888 1609 1071 1663 esse’.
1115 1609 1180 1662 Ει
1209 1627 1404 1667 rursus
1445 1613 1501 1667 iu
1529 1612 1959 1670 Gabaonitarum
1991 1618 2200 1686 gratia-

618 1715 739 1753 rum
799 1712 1112 1769 peremptos
1172 1718 1298 1758 esse
1355 1707 1653 1774 suspendio
1705 1723 1736 1762 a
1797 1708 2004 1763 Davide
2057 1709 2201 1764 lilios

613 1788 842 1860 Rephaa.
895 1792 1020 1848 lilia:
1066 1793 1295 1862 Aiae";
1328 1810 1495 1864 porro
1545 1799 1691 1867 quod
1740 1812 1842 1854 ceu
1892 1799 2196 1854 absurdum

2311 614 2654 668 demonibus
2691 614 2990 685 collegistis
3027 626 3437 688 argumentum,
3463 620 3557 688 qui
3599 621 3702 674 etsi
3744 621 3888 676 deli-

2309 719 2550 775 querunt
2595 708 2762 760 etiam
2810 708 3059 775 gravius,
3115 724 3225 764 non
3273 721 3458 764 tamen
3525 720 3657 766 sunt
3711 723 3890 766 morte

2309 795 2566 858 multati,
2636 795 2716 848 sic
2767 795 3123 870 dissolvimus
3177 796 3525 860 :datmonas,
3586 799 3715 868 quia
3763 814 3890 853 sese

2309 885 2636 939 extulissent
2673 894 2836 953 atque
2887 876 2982 955 per
3032 887 3351 956 superbiam
3391 887 3720 956 jactassent,
3761 891 3888 945 ideo

2308 972 2624 1028 deturbatos
2681 987 2803 1027 esse
2829 989 2848 1024 :
2889 989 2994 1026 non
3042 983 3255 1028 autem.
3291 974 3363 1028 ob
3403 986 3681 1044 peccatum
3737 993 3890 1030 mor-

2307 1075 2451 1127 tuos,
2486 1065 2614 1134 quia
2648 1079 2678 1118 a
2709 1080 2894 1119 rerum
2921 1064 3155 1120 Parente
3187 1067 3317 1132 Deo,
3351 1077 3546 1121 natura
3583 1069 3885 1123 immortali

2306 1156 2526 1208 fuerant
2554 1154 2906 1224 prmdititum
2937 1171 3061 1209 cum
3095 1156 3481 1226 gignebantur,
3509 1158 3662 1227 prius
3688 1173 3886 1227 nempe

2305 1261 2469 1315 quam
2517 1235 2834 1317 peccassent
2868 1264 2882 1300 :
2915 1247 3185 1302 Adamum
3236 1264 3366 1302 vero
3415 1260 3692 1318 mortuum
3737 1265 3886 1316 esse,

2305 1337 2434 1406 quia
2479 1337 2733 1406 adempta
2780 1335 2882 1405 ipsi
2933 1343 3053 1391 erat
3104 1335 3538 1393 inmortalitatis
3587 1338 3759 1407 gratia
3811 1339 3884 1392 ob

2305 1417 2605 1482 admiss‘um
2652 1439 2959 1497 peccatum.
3000 1425 3187 1497 Neque
3214 1443 3346 1484 vero
3385 1428 3582 1484 iisdem
3617 1429 3884 1484 omnibus

2304 1519 2470 1573 rebus
2502 1517 2716 1588 praditi
2753 1533 2944 1574 sumus
2976 1532 3098 1584 nos,
3131 1519 3552 1588 (immanesque;
3583 1535 3687 1574 nos
3725 1520 3882 1574 enim

2302 1626 2398 1666 sua
2429 1609 2574 1664 Deus
2605 1613 2778 1680 gratia
2810 1610 3084 1680 dignatur,
3126 1611 3246 1666 illos
3281 1625 3412 1666 vero
3439 1612 3687 1677 minime,
3738 1620 3890 1666 tam-

2301 1702 2404 1754 etsi
2445 1699 2678 1769 plurima
2739 1699 2950 1753 ratione
2996 1698 3255 1768 polleant.
3290 1700 3461 1769 igitur
3489 1715 3558 1754 ex
3591 1700 3678 1755 his
3703 1701 3886 1756 omnia

2303 1793 2408 1848 bus
2455 1790 3058 1854 dilucide.conlicitur,
3111 1807 3210 1846 nos
3257 1792 3327 1847 ob
3379 1803 3662 1869 peccatum
3714 1795 3881 1850 mori.

615 1881 897 1951 colligitis,
931 1892 1242 1952 peccatum,
1283 1887 1507 1960 creandi
1538 1866 1702 1956 hujus
1743 1890 1932 1942 mundi
1968 1904 2195 1944 causam
2232 1866 2275 1920 Β
2307 1871 2788 1936 Verumenillwelo
2846 1882 2894 1936 εἰ
2937 1891 3223 1951 Propter“
3282 1882 3531 1951 ΐεϐηενίι
3587 1883 3641 1935 in
3691 1893 3884 1936 ηοειη

613 1969 788 2026 fuisse
833 1975 1254 2042 respondemus,
1283 1975 1336 2029 id
1367 1992 1598 2046 prorsus
1631 1977 1832 2032 falsum
1884 1994 2008 2034 esse
2036 1989 2200 2049 atque

613 2063 1067 2132 abominandum.
1142 2064 1364 2121 Interim
1422 2068 1528 2122 hoc
1607 2069 1840 2124 libenter
1917 2070 2197 2136 fatemur,

619 2156 888 2208 mundum
925 2169 1051 2210 esse
1076 2156 1316 2212 hominis
1343 2161 1651 2227 peccatoris
1680 2174 1847 2214 causa
1877 2162 2196 2226 conditum;

605 2243 777 2313 idque
838 2246 942 2300 bac
985 2247 1195 2300 ratione
1247 2265 1266 2302 :
1314 2264 1441 2303 nam
1491 2251 1668 2305 Adam
1713 2252 2048 2320 simulatque
2081 2254 2198 2307 for-

612 2345 798 2392 matus
848 2346 991 2401 erat,
1039 2338 1330 2394 traductus
1374 2349 1460 2396 est
1494 2343 1548 2396 in
1578 2344 1922 2412 paradisum,
1958 2359 2060 2399 ceu
2111 2346 2194 2400 lo-

612 2443 740 2481 cum
776 2429 1042 2495 medium,
1075 2438 1137 2484 ut
1169 2431 1213 2483 si
1244 2441 1463 2500 pareret
1495 2433 1598 2503 legi
1631 2435 1687 2488 in
1713 2435 1939 2490 cmleste
1963 2450 2192 2505 regnum

613 2518 1032 2586 subveheretur,
1086 2521 1172 2576 sin
1215 2525 1400 2578 minus
1443 2532 1660 2592 pareret
1702 2526 2089 2580 detruderetur
2138 2527 2194 2580 in

614 2607 762 2662 hunc
794 2609 1083 2674 mundum,
1120 2611 1172 2664 id
1195 2614 1340 2681 quod
1380 2613 1510 2668 alibi
1557 2623 1644 2669 est
1674 2630 1705 2669 a
1751 2615 1912 2671 nobis
1952 2616 2195 2684 explica-

615 2713 752 2756 tum.
809 2704 907 2757 Est
961 2705 1128 2774 igitur
1176 2707 1416 2762 hominis
1473 2711 1779 2777 peccatoris
1829 2709 2036 2778 gratia,
2084 2722 2193 2762 non

613 2805 796 2849 autem
831 2797 1063 2864 peccati,
1094 2796 1326 2851 cll'ectus
1355 2798 1460 2853 iste
1490 2801 1730 2854 mundus
1757 2817 1773 2867 ;
1809 2801 1971 2854 vallis
1995 2814 2193 2868 nempe

615 2883 986 2954 lacrymarutn
1036 2887 1281 2961 ct'locus
1309 2889 1563 2943 dolorum
1625 2891 1946 2960 umbraeque
1997 2877 2194 2944 mortis

2307 1981 2849 2042 natura'peccatum,
2908 1974 3036 2042 quia
3104 1972 3279 2027 Adam
3342 1974 3733 2044 praevaricatus
3797 1983 3889 2028 est

2307 2074 2500 2120 contra
2538 2063 2710 2131 legem
2759 2063 2880 2127 Dei,
2911 2072 3118 2129 quanto
3149 2063 3323 2132 magis
3360 2062 3792 2132 justiﬁcabimur
3829 2072 3888 2116 et

2309 2156 2655 2212 servabimur
2684 2169 2782 2224 per
2808 2155 2975 2208 vitam
3024 2152 3254 2217 Christi,
3293 2153 3383 2223 qui
3415 2164 3470 2210 et
3514 2163 3744 2209 mortem
3783 2169 3881 2209 su-

2305 2249 2518 2320 peravit
2556 2256 2608 2302 et
2637 2253 2891 2299 naturam
2944 2253 3191 2300 nostram
3224 2243 3379 2307 vicit,
3418 2244 3679 2314 Viatnque
3715 2244 3881 2299 nobis

2306 2340 2520 2412 aperuit
2567 2338 2761 2394 salutis
2793 2352 2920 2391 cum
2959 2335 3028 2390 de
3071 2336 3214 2391 ctelo
3248 2335 3314 2390 ad
3366 2351 3468 2392 nos
3497 2336 3877 2402 descenderet,

2306 2448 2413 2504 qua
2447 2441 2730 2500 pergentes
2768 2428 3177 2497 perveniremus
3209 2426 3262 2479 in
3285 2419 3480 2480 beatas
3511 2425 3881 2482 habitationes

2299 2527 2496 2577 domus
2541 2520 2720 2575 Patris
2776 2518 2922 2573 illius
2968 2535 2980 2571 :
3019 2517 3112 2586 qui
3163 2530 3288 2569 cum
3344 2513 3506 2570 Patre
3564 2525 3620 2571 et
3669 2516 3875 2585 Spiritu

2300 2624 2491 2672 sancto
2544 2613 2817 2674 laudetur,
2871 2608 3107 2680 gloriose
3145 2604 3477 2676 priedicetur
3521 2615 3577 2660 et
3616 2605 3881 2662 adoretur

2299 2723 2400 2777 pro
2431 2706 2604 2760 tantis
2637 2702 2925 2762 beneﬂciis
2948 2714 3070 2770 quae
3099 2698 3154 2753 in
3187 2698 3494 2752 humanum
3531 2713 3705 2768 genus
3732 2713 3875 2754 cono

2299 2798 2445 2863 tulit,
2498 2796 2628 2852 hinc
2680 2808 2852 2865 usque
2898 2791 2954 2845 in
3003 2788 3392 2861 generationes
3437 2778 3874 2860 gene'rationum.

2295 2891 2491 2943 Amen.

681 3051 745 3105 ⁸1
773 3053 912 3128 Reg.
948 3073 1036 3125 xv,
1067 3058 1122 3112 ‘2.
1199 3062 1220 3092 ’
1246 3059 1287 3112 ll
1311 3060 1445 3132 lleg.
1473 3077 1574 3126 xu,
1614 3063 1699 3115 ll.
1778 3063 1823 3095 ’°
1849 3062 1886 3114 Il
1924 3063 2059 3132 Reg.
2084 3069 2206 3127 ‘ut,
2234 3060 2288 3124 8,
2318 3059 2372 3113 9.

621 3237 3868 3288 Μ

1906 3419 2075 3464 ANNO
2124 3419 2349 3465 DOMINI
2393 3419 2588 3464 CMLVI

747 3599 2084 3780 THEODORUS
2212 3596 3722 3874 DAPHNOPATA

1997 4054 2546 4162 ΝΟΊΊΤΙἈ.

1622 4287 1805 4345 (Oudin
1837 4286 1906 4334 De
1945 4284 2118 4346 script.
2142 4283 2347 4342 eccles.,
2379 4288 2497 4331 tom.
2527 4281 2588 4341 ll,
2616 4297 2662 4344 p.
2705 4284 2834 4342 με.)

686 4441 1011 4496 Theodorus
1046 4437 1420 4512 Daphnopata,
1465 4435 1674 4505 primus
1708 4449 1736 4486 a
1767 4433 1993 4488 secretis
2034 4441 2198 4500 atque
2252 4429 2519 4500 patricius
2550 4427 2694 4497 apud
2726 4427 3277 4500 Constantinopolim,
3312 4432 3508 4489 claruit
3538 4449 3682 4491 anno
3719 4435 3862 4501 956;

610 4531 771 4598 cujus
827 4528 1158 4580 mentionem
1217 4523 1425 4579 faciunt
1478 4521 1717 4577 Joannes
1776 4521 2036 4590 Scylitzes
2081 4534 2144 4572 ac
2195 4517 2462 4583 Georgius
2517 4515 2815 4591 Cedrenus,
2849 4525 3074 4584 uterque
3129 4519 3188 4572 in
3239 4518 3602 4576 Historiarum
3631 4539 3858 4578 suarum

616 4614 912 4682 prowmiis,
956 4622 1120 4680 atque
1157 4612 1297 4664 inter
1326 4625 1421 4664 eos
1450 4611 1541 4679 qui
1575 4607 1873 4662 Historiam
1909 4606 2260 4677 Byzantinam
2288 4605 2402 4659 sive
2429 4602 3088 4671 Constantinopolitanam
3123 4606 3477 4675 scripserunt,
3521 4612 3858 4679 praecipuum

617 4703 688 4756 ibi
731 4705 908 4756 locum
942 4702 1170 4757 obtinet.
1207 4697 1444 4752 IEtatem
1479 4713 1585 4767 qua
1620 4697 1755 4749 vixit
1788 4697 1988 4751 indicat
2038 4695 2214 4749 oratio
2248 4689 2420 4759 ipsius
2468 4692 2520 4742 in
2578 4706 2790 4741 manum
2827 4687 2882 4742 S.
2921 4687 3273 4744 Prwcursoris
3302 4691 3584 4760 Baptista,
3620 4713 3741 4765 qua
3766 4698 3860 4754 diu

609 4804 917 4858 magnaque
980 4787 1343 4854 ettra,'inquit
1395 4786 1574 4840 Cavus
1611 4795 1757 4837 tumo
1786 4784 1850 4847 ll,
1889 4799 1982 4837 seu
2049 4792 2267 4858 parte"
2337 4776 2592 4830 Historia:
2651 4776 2945 4840 litterariaz,
2973 4777 3038 4830 ad
3090 4793 3289 4832 annum
3321 4781 3448 4856 956,
3472 4781 3774 4839 Antiochia
3803 4786 3860 4840 in

608 4854 915 4945 tem—plo'D.
955 4873 1096 4927 Petri
1155 4874 1422 4926 custodita
1475 4871 1672 4934 fuerat,
1714 4886 1875 4939 quam
1935 4870 2152 4922 tandem
2191 4854 2327 4920 élam
2390 4865 2655 4934 surripuit
2683 4865 2855 4917 Johns
2882 4866 3102 4931 quidam
3144 4866 3408 4921 diaconus
3434 4854 3847 4947 iAntiochenus,

609 4973 663 5018 et
695 4959 826 5016 urbe
862 4971 1025 5016 noctu
1058 4977 1332 5034 egressus,
1362 4959 1759 5016 Chalcedonem
1796 4957 2006 5030 detulit,
2040 4955 2130 5008 ubi
2163 4955 2523 5022 imperatoria:
2558 4951 2765 5004 triremi
2802 4952 2865 5003 ad
2905 4952 3004 5004 hoc
3065 4952 3237 5019 ipsum
3284 4953 3495 5008 emissa:
3534 4956 3848 5026 impositam

607 5050 934 5106 illustriores
982 5058 1264 5104 senatores
1299 5049 1652 5116 procedentes
1685 5045 1922 5108 obviam,
1973 5060 2096 5097 cum
2132 5044 2204 5096 Po

2305 5052 2422 5093 ucto
2453 5037 2764 5114 patriarcha
2815 5045 2870 5090 et
2914 5037 3167 5091 universo
3191 5039 3334 5092 clero
3372 5050 3426 5093 et
3468 5044 3684 5110 populo.
3719 5061 3847 5101 cum

609 5139 806 5205 cereis,
836 5137 1043 5190 facibus
1101 5145 1156 5189 et
1213 5136 1505 5200 suﬂitibus,
1541 5149 1660 5188 eam
1720 5135 1773 5186 in
1836 5131 2094 5200 palatium
2148 5129 2510 5188 deduxerunt,
2561 5139 2701 5178 anno
2730 5124 2944 5177 circiter
2990 5123 3115 5188 956,
3155 5123 3422 5180 referente
3455 5128 3569 5184 haec
3599 5129 3851 5189 Cedreno

611 5226 868 5279 Historia
901 5221 1319 5278 Greco-Latina:
1359 5238 1479 5291 pag.
1508 5222 1631 5276 6l0.
1669 5220 1788 5275 Mox
1821 5222 2131 5274 institutum
2171 5216 2334 5284 hujus
2373 5211 2765 5267 Translationis
2795 5212 3016 5274 festum,
3054 5222 3107 5265 et
3136 5212 3236 5268 hac
3262 5217 3549 5270 occasione
3580 5235 3724 5275 anno
3762 5237 3856 5278 se-

611 5312 822 5384 quenti,
854 5328 976 5366 cum
1005 5311 1379 5364 anniversaria
1414 5310 1572 5364 istius
1605 5309 1729 5364 festi
1777 5309 1978 5361 rediret
2011 5305 2351 5366 solemnitas,
2386 5304 2525 5357 hanc
2579 5303 2879 5355 orationem
2930 5301 3251 5355 Theodorus
3297 5304 3503 5370 habuit,
3535 5308 3612 5360 uti
3651 5324 3848 5366 nume-

614 5406 693 5457 ris
723 5399 866 5464 XVI,
896 5398 1063 5461 XVII,
1096 5396 1265 5450 XVlll
1291 5406 1344 5452 et
1379 5397 1522 5464 XlX,
1555 5398 1671 5467 ipse
1696 5397 1900 5466 prolixe
1931 5401 2141 5448 narrat.
2178 5391 2317 5446 llinc
2352 5391 2469 5460 ejus
2503 5401 2632 5445 tetas
2657 5391 2898 5460 alioquin
2931 5392 3064 5444 satis
3101 5396 3332 5444 obscura
3368 5393 3514 5447 clare
3540 5395 3851 5465 deprehen-

611 5490 779 5546 ditur.
802 5487 925 5541 Η.εο
948 5502 1013 5540 ex
1043 5485 1338 5540 Laurentio
1370 5487 1533 5539 Surio
1560 5486 1738 5539 Cavus
1771 5485 1887 5539 loco
1917 5484 2168 5552 allegato.
2197 5480 2428 5549 Scripsit
2455 5496 2672 5549 quoque
2695 5478 2993 5533 Historiam
3018 5480 3126 5534 sive
3151 5479 3444 5534 Chronicon
3466 5481 3844 5554 Byzantium,

614 5579 759 5649 quod
791 5574 1023 5646 posteris
1048 5574 1239 5628 invidit
1271 5573 1454 5642 lapsus
1487 5573 1746 5642 temporis
1778 5572 2021 5624 omnium
2054 5569 2256 5623 edacis.
2302 5572 2371 5622 At
2405 5570 2511 5624 alia
2553 5569 2711 5622 nobis
2763 5579 3053 5636 supersunt
3105 5564 3226 5636 ejus
3269 5584 3457 5637 opera,
3484 5588 3607 5642 quae
3640 5574 3845 5631 famam

613 5666 888 5722 Theodori
919 5664 1151 5730 posteris
1181 5673 1456 5732 utcunque
1485 5670 1723 5716 servant.
1759 5661 1983 5715 Exstant
2013 5659 2256 5727 ejusdem
2286 5657 2693 5725 Apanthismata
2730 5658 2846 5708 sive
2876 5653 3114 5707 Flosculi
3143 5671 3204 5707 ex
3247 5658 3404 5710 uariis
3426 5661 3601 5712 sancti
3620 5659 3848 5719 Joannis

614 5754 977 5824 Chrysostomi
1039 5752 1273 5818 operibus
1332 5754 1561 5818 ηεινριί
1616 5753 1757 5805 inter
1807 5766 1937 5803 mss.
1969 5750 2183 5803 codices
2237 5745 2579 5798 bibliothecae
2630 5743 2934 5796 Bodleian-.1:
2963 5741 3123 5796 codtl.
3152 5743 3288 5796 25H
3341 5754 3396 5800 ct
3425 5745 3588 5812 2545,
3618 5750 3672 5802 in
3709 5766 3845 5806 mss.

617 5844 841 5900 Τιιυιιιιυ
881 5840 1085 5896 Bodleii
1120 5839 1279 5896 codd.
1304 5840 1410 5895 εει
1436 5849 1488 5896 et
1512 5839 1635 5904 253,
1669 5853 1898 5907 quorum
1932 5838 2140 5906 primus
2172 5837 2410 5894 continet
2442 5836 2705 5906 ejusmodi
2760 5833 3074 5903 Eclogarutn
3120 5849 3398 5893 sermones
3442 5837 3531 5905 5‘3,
3573 5839 3848 5896 secundus
