4176 6450
315 337 409 396 litl'J
1775 327 1819 385 Ν
1829 327 1964 386 DTI'

1916 327 2105 386 ’ITIA-
3463 320 3565 382 lii.)

313 451 472 502 codex
499 459 778 500 sermones
816 444 883 498 14
917 459 980 496 ιι
1008 441 1396 512 Clu-ysostomo
1427 449 1714 510 excerptos
1768 454 1862 507 per
1892 438 2241 492 Theodorum
2287 436 2608 506 magistrum
2639 435 2844 490 Graece.
2876 437 3042 512 Iidem
3073 444 3128 489 ct
3151 434 3207 490 in
3251 436 3572 506 Augustana

311 536 623 590 bibliotheca
651 533 840 587 codice
882 531 950 585 68
984 532 1036 584 iu
1069 511 1355 584 sermones
1385 530 1455 583 56
1491 513 1924 591 distribuuntur,
1954 519 2061 580 ete‘.
2113 522 2176 577 Et
2210 524 2263 576 in
2306 523 2377 577 33
2410 524 2589 592 capita
2633 523 2818 582 divisi.
2847 541 2979 579 mss.
3003 511 3240 595 quidem
3275 523 3328 576 in
3362 523 3568 576 biblio-

311 627 456 676 theca
515 620 760 674 Ca-sarea
811 617 1246 680 Viudobonensi,
1274 617 1557 670 codicibus
1621 631 1754 670 mss.
1816 614 2141 682 tltcologicis
2198 611 2406 665 Gnecis
2463 609 2622 664 CLIII
2659 621 2712 664 et
2743 610 2929 674 CLIV,
2956 621 3014 666 ut
3043 612 3209 666 habet
3242 611 3572 667 Lambecius

308 723 448 764 tomo
484 709 571 763 IV.
605 707 1142 760 Commentariorum
1185 706 1349 773 hujus
1386 704 1748 777 bibliothecae,
1783 719 1903 772 pag.
1946 701 2043 754 I37
2074 711 2124 752 ct
2159 698 2278 762 159,
2304 700 2369 752 ad
2399 698 2574 752 dictos
2603 699 2821 753 codices
2866 701 2949 753 his
2983 701 3164 753 verbis
3197 718 3212 752 :
3251 717 3269 750 ι
3310 697 3573 751 Theodori

305 799 662 867 Ilapltttopata:
693 795 1102 865 Apanthismata
1150 796 1257 846 sive
1287 793 1518 861 ﬂosculi,
1560 806 1624 845 ea:
1650 792 1810 844 variis
1847 790 2017 842 sancti
2055 787 2281 840 Joannis
2313 786 2679 858 Cltrysostonti
2721 788 2966 856 operibus
3005 788 3256 852 decerpti,
3297 798 3350 841 et
3398 790 3450 840 iu
3483 804 3577 841 ca-

306 889 408 954 pita
447 887 517 939 3'5
549 884 734 949 divisi,
779 886 894 950 ipsa
946 883 1081 935 tituli
1134 881 1309 935 Grieci
1356 883 1516 933 verba
1575 890 1725 938 sunt.
1773 880 1955 931 ’Amvl

1923 880 2194 946 νοίσματα
2233 876 2329 928 τοῦ
2371 879 2431 928 ἐν
2469 877 2651 944 ἁγίοις
2705 876 2918 943 [Iatpr
2966 876 3128 946 ἡμῶν
3181 876 3435 928 Ἰωάννου
3476 875 3572 927 τοῦ

302 972 711 1044 Χρυσοστόμου,
744 969 1175 1039 ἁναοροισθέντα
1211 970 1361 1038 παρὰ
1393 967 1564 1038 napo-3
1601 966 1881 1037 Θεοδώρου
1916 983 1944 1016 τ

1924 965 2009 1018 τοῦ
2047 965 2459 1034 Δαφνοπάτους.
2490 965 2719 1017 Exstant
2742 965 2964 1036 quidem
3004 967 3118 1018 haec
3152 964 3573 1031 Apauthismata

302 1063 350 1114 in
379 1075 608 1130 cperam
671 1059 848 1113 sancti
903 1055 1131 1112 Ioannis
1182 1057 1564 1127 Clu-ysostomi
1622 1056 1865 1107 editione
1915 1052 2103 1107 Graeca
2138 1050 2413 1104 Saviliana
2457 1059 2606 1103 tomo
2645 1049 2757 1114 Vll,
2792 1067 2916 1117 pag.
2951 1051 3077 1114 665,
3110 1062 3162 1105 et
3222 1053 3276 1104 in
3331 1051 3577 1104 editione

299 1146 719 1202 Graeco-Latina
748 1145 1116 1200 Frontoniana
1157 1155 1303 1198 tomo
1339 1143 1426 1207 VI,
1457 1160 1576 1211 pag.
1611 1143 1746 1206 663;
1780 1143 1872 1195 sed
1902 1143 2036 1195 ordo
2077 1151 2128 1194 et
2161 1156 2426 1195 numerus
2477 1142 2770 1210 utrobique
2826 1143 3102 1210 discrepat
3151 1142 3222 1196 ab
3259 1144 3360 1195 hoc
3389 1142 3578 1195 codice

297 1238 567 1300 Caesareo,
596 1245 654 1288 ut
686 1234 990 1288 conferenti
1022 1234 1154 1286 mihi
1183 1233 1376 1301 patuit.
1429 1233 1726 1302 lnsiguitur
1757 1243 1945 1284 aucmr
1983 1229 2141 1282 titulo
2183 1230 2615 1291 protosecretarii
2647 1245 2709 1282 ac
2758 1229 3003 1296 patricii,
3033 1238 3088 1282 et
3123 1230 3242 1282 sine
3283 1229 3453 1282 dubio
3486 1229 3576 1282 ille

297 1326 406 1394 ipsc
442 1332 548 1382 cst.
585 1325 613 1376 ὁ
646 1321 1011 1389 Δαφνοπάτης
1040 1319 1338 1389 Θεόδωρος,
1366 1321 1457 1388 qui
1517 1337 1543 1371 a
1600 1316 1809 1372 Joanne
1863 1318 1946 1386 Sc]

1924 1319 2096 1386 :ylitza
2136 1325 2189 1368 et
2220 1314 2458 1383 Georgio
2510 1315 2759 1369 Cedreno
2819 1318 2872 1368 in
2934 1332 3162 1369 suarum
3201 1315 3573 1369 Historiarum

298 1413 574 1466 Prooemiis
607 1411 830 1470 citatur.
867 1417 916 1463 et
954 1411 1092 1463 inter
1119 1423 1214 1462 eos
1246 1410 1336 1476 qui
1383 1406 1677 1468 Historiam
1728 1405 2082 1476 Byzantinam
2135 1406 2251 1460 Sive
2291 1402 2397 1456 (ΣΡ.
2435 1405 2805 1472 particulatim
2839 1405 3200 1472 scripserunt,
3235 1405 3574 1476 praecipuum

293 1502 362 1556 ibi
396 1500 579 1554 locum
613 1499 844 1552 obtinet.
884 1499 1076 1550 Exstat
1105 1511 1323 1565 quoque
1375 1496 1428 1548 in
1490 1495 1677 1546 eadem
1727 1494 2055 1546 bibliotheca
2088 1491 2363 1552 Cesarca,
2399 1501 2458 1544 ut
2495 1501 2728 1546 testatur
2761 1493 2901 1547 idem
2957 1492 3283 1547 Lambecius
3326 1506 3476 1548 tomo
3504 1490 3575 1546 IV

291 1589 532 1657 ejusdem
567 1585 935 1648 Bibliotheca,
968 1598 1092 1654 pag.
1128 1583 1221 1647 60,
1259 1584 1311 1636 in
1349 1581 1542 1636 codice
1571 1597 1675 1635 ms.
1701 1578 2035 1649 Theologico
2075 1579 2268 1633 Graeco
2295 1578 2430 1642 CXI,
2467 1596 2621 1634 num.
2655 1581 2709 1644 5,
2736 1589 2791 1635 et
2816 1581 3036 1650 quidem
3068 1597 3098 1635 a
3127 1580 3221 1634 I'ol.
3247 1581 3340 1646 87,
3371 1597 3495 1652 pag.
3525 1582 3574 1645 l,

291 1692 460 1747 usque
496 1675 564 1729 ad
597 1673 692 1728 fol.
725 1674 816 1735 98,
847 1688 968 1749 pag.
1004 1672 1060 1732 2,
1095 1669 1358 1725 Theodori
1395 1670 1556 1739 primi
1588 1686 1619 1722 a
1661 1671 1878 1722 secretis
1909 1679 1956 1721 et
1987 1663 2236 1729 Patricii,
2271 1679 2616 1735 cognomento
2651 1668 3040 1737 Daphnopataz,
3082 1671 3259 1723 oratio
3303 1671 3368 1722 de
3415 1685 3578 1722 manu

290 1764 345 1820 S.
376 1762 609 1816 Joannis
648 1760 932 1830 Baptistae,
961 1760 1247 1812 Antiochia
1275 1755 1801 1824 Constantinopolim
1831 1757 2121 1817 translata,
2159 1755 2321 1823 cujus
2355 1756 2548 1808 titulus
2592 1767 2646 1810 et
2701 1757 3056 1825 principium,
3091 1757 3377 1827 Θεοδώρου
3424 1774 3578 1827 πρω-

286 1853 670 1922 τοασηκρήτου
703 1850 800 1902 xu
831 1846 1150 1917 πατρικίου,
1178 1845 1273 1897 τοῦ
1315 1845 1700 1912 Δαφνοπάτου,
1741 1843 1900 1910 λόγος
1930 1844 2010 1902 εἰς
2046 1843 2148 1912 τὴν
2194 1844 2254 1909 ἐξ
2289 1841 2627 1912 Ἀντιοχείας
2671 1844 3017 1915 ἀνακομιδὴν
3068 1846 3170 1916 τῆς
3222 1848 3432 1916 σεμνῆς
3481 1845 3576 1898 καὶ

286 1939 475 2003 τιμίας
505 1936 690 2007 χειρὸς
725 1936 825 1987 τοῦ
870 1933 1032 2002 ἁγίου
1087 1931 1363 1997 Ἰωάννου,
1390 1930 1485 1984 τοῦ
1522 1929 1843 2000 Προδρόμου
1893 1931 1989 1983 καὶ
2026 1930 2365 1986 Batnas-0'3.
2410 1929 2650 2001 Incipit;
2699 1932 2833 1984 Ἰδοὺ
2866 1935 2962 1986 καὶ
2996 1933 3166 1986 πάλιν
3198 1936 3334 2002 ἡμῖν
3375 1938 3402 1987 ὁ
3432 1933 3580 2003 ἱερὸς

285 2027 377 2079 τοῦ
409 2024 654 2097 Χριστοῦ
686 2018 1010 2094 ἐπεδήμησε
1059 2022 1399 2091 Πρόδρομος,
1437 2018 1548 2071 τῶν
1591 2018 1761 2071 αὐτοῦ
1816 2018 2063 2088 χαρίτων
2099 2017 2389 2094 ἀναδιδοὺς
2445 2021 2698 2087 ἀφθόνως
2743 2020 2812 2073 τὰ
2850 2023 3094 2089 νάματα.
3132 2023 3324 2077 Exstat
3353 2022 3576 2092 quidem

290 2115 401 2169 haec
429 2114 611 2167 oratio
662 2113 806 2179 apud
866 2109 1222 2164 Laurentium
1261 2107 1484 2162 Surium
1546 2117 1694 2160 tomo
1736 2103 1801 2157 ιν
1837 2105 1914 2158 De
1978 2108 2217 2174 probatis
2276 2107 2380 2163 SS.
2438 2110 2701 2163 Historiis
2737 2112 2825 2164 die
2858 2112 2929 2166 29
2958 2114 3216 2182 Augusti,
3252 2115 3344 2166 sed
3377 2111 3576 2166 Latine

287 2213 498 2257 tantum
535 2211 592 2255 et
633 2200 844 2269 absque
897 2197 1119 2252 nomine
1176 2197 1416 2249 auctoris
1446 2195 1532 2247 sui
1567 2192 1830 2247 Theodori
1882 2194 2269 2264 Dapltnopataz,
2310 2194 2615 2267 incipitque
2647 2203 2717 2253 ab
2783 2200 2869 2254 his
2903 2201 3085 2256 verbis
3117 2221 3131 2254 ε
3166 2201 3304 2255 Ecce
3343 2203 3414 2255 ad
3475 2218 3573 2254 nos

287 2306 476 2344 rursus
509 2273 648 2342 venit
675 2294 1056 2340 sacrosanctus
1091 2281 1291 2337 Christi
1321 2281 1654 2343 Prwcursor,
1698 2281 1905 2333 abunde
1941 2283 2145 2351 ﬂuenta
2194 2287 2439 2337 emittens
2511 2302 2735 2338 suarum
2784 2289 3110 2357 gratiarum.
3154 2289 3414 2359 Ejusdem
3449 2305 3576 2344 ora-

288 2378 454 2433 tionis
474 2375 544 2430 de
561 2376 923 2428 translatione
955 2387 1149 2426 manus
1171 2369 1228 2424 S.
1246 2370 1475 2424 Joannis
1500 2368 1775 2438 Baptistae,
1797 2369 2042 2422 meminit
2065 2372 2230 2424 etiam
2258 2369 2366 2424 Leo
2395 2367 2627 2425 Allatius
2652 2374 2704 2424 in
2728 2372 2972 2427 l)iatriba
2995 2373 3070 2426 De
3091 2374 3412 2444 ngeonum
3439 2377 3579 2427 scri-

287 2466 412 2533 ptis,
442 2479 567 2532 pag.
599 2461 689 2527 96,
725 2461 1034 2529 ibidemque
1064 2474 1125 2513 ea
1158 2458 1346 2511 itidem
1383 2466 1442 2510 ut
1471 2458 1524 2509 in
1555 2458 1661 2510 hoc
1696 2457 1885 2510 codice
1926 2472 2026 2510 ms.
2056 2458 2330 2522 Caesareo,
2352 2458 2678 2513 attribuitur
2701 2459 2976 2513 Theodoro
3015 2461 3402 2527 Dapltnopatw.
3429 2461 3575 2516 Idem

287 2552 520 2606 Allatius
549 2549 747 2604 ibidem
772 2563 894 2617 pag.
913 2545 984 2600 87
1003 2546 1173 2599 aliam‘
1197 2545 1497 2599 orationem
1523 2541 1798 2596 Theodori
1843 2542 2212 2613 DaphnOpat-s:
2259 2547 2467 2615 profert
2503 2544 2567 2598 In
2615 2546 2966 2601 Nativitatem
3003 2548 3386 2613 Prwcursoris,
3409 2551 3490 2612 et;
3517 2551 3580 2603 τὸ

287 2644 533 2710 γενέσιον
561 2639 652 2692 τοῦ
679 2637 866 2708 τιμίου
893 2637 1232 2708 Προδρόμου,
1257 2623 1384 2704 (ιυαέ
1408 2634 1599 2703 incipit
1632 2636 1693 2687 El
1728 2636 1827 2704 μὲν
1856 2637 1883 2686 ὁ
1918 2652 1936 2685 σι

1927 2631 2009 2686 τοῦ
2045 2635 2218 2699 Λόγου
2253 2633 2434 2701 κήρυξ
2465 2635 2560 2688 καὶ
2586 2635 2916 2704 πρόδρομος,
2939 2645 3104 2703 atque
3136 2639 3190 2689 in
3221 2635 3409 2691 codice
3438 2637 3576 2692 1074

290 2728 559 2783 Vaticano
593 2727 856 2780 tribuitur
881 2725 1222 2783 'l‘heodoreto
1250 2724 1387 2793 (Zyri
1414 2723 1692 2791 episcopo,
1735 2721 1935 2792 Θεοδορ

2010 2739 2055 2772 δυ
2110 2722 2416 2772 ἐπισκόπου
2466 2721 2677 2790 Κύρου,
2709 2724 2869 2788 cujus
2902 2725 3050 2777 iutcr
3089 2729 3263 2793 Opera
3298 2727 3568 2794 impressa
3658 2711 3659 2714 η

287 2817 475 2871 Cra-ce
526 2823 580 2869 et
628 2812 820 2866 Latine
868 2812 1164 2865 invenitur.
1216 2811 1294 2863 Ad
1345 2811 1600 2864 eumdem
1648 2809 1998 2863 Theodorum
2045 2807 2771 2881 Daphnopatamgpcrtinct,
2814 2810 3130 2864 Encomium
3180 2815 3355 2866 sancti
3406 2811 3577 2867 Pauli

288 2903 516 2972 apostoli
546 2916 610 2953 ea:
640 2900 858 2953 diversis
894 2899 1193 2962 collectum,
1238 2898 1397 2965 cujus
1428 2897 1674 2950 meminit
1701 2895 1809 2950 Leo
1843 2897 2075 2951 Allatius
2112 2897 2164 2948 in
2202 2898 2442 2950 Diatriba
2484 2894 2562 2950 De
2593 2896 2942 2966 ngeonibus
2974 2916 3095 2968 pag.
3123 2917 3204 2955 ut.
3252 2902 3572 2971 Ἐγκώμιον

287 2995 398 3046 ἀπὸ
435 2992 716 3060 διαφόρων
762 2989 937 3055 λόγων
970 2987 1062 3041 τοῦ
1097 2988 1509 3057 Χρυσοστόμου,
1544 2989 1624 3048 είς
1670 2986 1761 3038 τὸν
1807 2987 1936 3054 ἆγιοη

1925 3005 1962 3037 ιν
2012 2985 2316 3037 ἀπόστολον
2347 2986 2562 3039 Παῦλον
2607 2987 2710 3038 sub
2743 2990 2966 3039 nomine
3006 2986 3271 3041 Theodori
3303 2991 3574 3056 magistri,

285 3091 339 3134 ct
367 3081 582 3147 incipit,
615 3080 724 3146 Τῆς
762 3078 858 3146 μὲν
886 3075 1205 3145 ἐπιγραφῆς
1237 3073 1344 3126 τῶν
1377 3074 1761 3127 ἁποστολικῶν
1795 3075 1934 3143 πράξ

1919 3075 2072 3137 ξεων.
2097 3072 2231 3125 Nam
2267 3084 2324 3126 ut
2354 3085 2525 3128 ttotat=
2553 3071 2794 3126 Savilius
2828 3077 2893 3127 ad
2932 3076 3343 3140 Apantltistnata
3375 3079 3568 3142 citata,

287 3169 502 3222 illorum
540 3178 731 3218 auctor
759 3167 811 3217 iu
845 3179 979 3217 mss.
1012 3165 1293 3216 codicibus
1324 3161 1585 3217 Vaticano
1621 3172 1673 3215 et
1710 3162 1980 3226 Palatino,
2003 3162 2179 3216 fertur
2215 3161 2522 3216 Theodorus
2554 3163 2829 3229 magister,
2862 3164 2956 3232 qui
2991 3165 3045 3217 in
3076 3165 3329 3219 Caesareo
3357 3168 3566 3221 diserte

287 3257 641 3324 Daphnopata
683 3254 1006 3322 app-llatur.
1049 3253 1225 3320 Atque
1248 3253 1411 3304 etiam
1444 3253 1545 3304 hoc
1579 3249 1894 3304 Encomium
1927 3251 2196 3319 reperitur
2229 3253 2370 3303 inter
2421 3251 2836 3318 Apantltismata
2890 3256 3037 3306 varia
3088 3255 3253 3322 hujus
3290 3255 3572 3309 Theodori

289 3357 344 3404 in
374 3346 618 3399 editione
651 3343 951 3405 Saviliana,
981 3339 1215 3410 Operum
1246 3340 1353 3392 divi
1387 3341 1780 3408 Chrysostomi.
1811 3339 1869 3392 ln
1911 3338 2302 3391 Dissertatioue
2338 3339 2408 3390 De
2437 3338 2700 3405 Operibns
2743 3342 2917 3392 sancti
2953 3338 3182 3395 Joannis
3213 3342 3577 3414 Chrysostomi

285 3435 606 3499 editis,cap.
635 3431 688 3493 9,
721 3430 957 3482 Savilius
1015 3429 1178 3482 refert
1239 3426 1544 3495 Florigeria
1578 3425 1770 3479 XXXI
1829 3441 1891 3479 ea:
1928 3425 2181 3479 Homiliis
2235 3428 2410 3478 sancti
2475 3427 2701 3504 Joannis
2759 3426 3132 3498 C/trgsostomi
3191 3433 3436 3501 decerpta
3484 3449 3578 3501 per

289 3519 622 3573 Theodorum
647 3519 963 3587 magistratu
997 3517 1062 3569 de
1093 3530 1202 3585 quo
1245 3516 1543 3583 loquimur,
1581 3531 1703 3583 qua:
1753 3515 1915 3568 habet
1954 3515 2135 3567 dictus
2180 3512 2420 3567 Savilius
2457 3525 2608 3567 toruo
2638 3512 2745 3578 Vll,
2779 3530 2901 3582 pug.
2939 3517 3046 3570 665
3079 3519 3340 3574 editionis
3373 3522 3578 3574 Graece

286 3607 580 3662 Etoneusis
619 3621 790 3674 usque
820 3605 886 3657 ad
931 3603 1221 3673 Florilegia
1247 3603 1338 3656 XL
1354 3601 1515 3668 VIII,
1545 3603 1751 3657 additis
1797 3617 1935 3670 nem]

1928 3616 1995 3670 pe
2023 3601 2078 3665 5,
2111 3602 2163 3664 9,
2206 3600 2292 3662 11,
2323 3600 2415 3660 22,
2448 3601 2541 3664 ΞΘ,
2595 3599 2686 3664 52,
2733 3601 2822 3658 55.
2859 3601 2949 3662 59,
2983 3602 3075 3666 40,
3105 3605 3199 3668 41,
3232 3605 3322 3668 42,
3357 3606 3446 3667 45,
3482 3607 3572 3668 44,

283 3695 375 3770 45,
404 3694 498 3756 46,
535 3693 601 3746 47
641 3703 694 3745 et
719 3691 808 3744 48.
847 3691 1044 3744 Verum
1087 3706 1152 3744 ex
1187 3692 1272 3744 his
1315 3707 1475 3758 quam
1519 3692 1750 3759 plurima
1798 3699 2170 3757 excerpuutur
2208 3705 2271 3742 cx
2301 3691 2408 3742 illis
2453 3689 2698 3743 homiliis
2730 3705 2852 3757 quae
2877 3703 3197 3759 supersunt,
3232 3702 3398 3762 atque
3438 3698 3577 3748 adeo

285 3783 414 3838 alibi
444 3782 736 3834 habentur.
776 3780 848 3832 De
886 3781 970 3832 his
1004 3787 1184 3831 autem
1215 3779 1286 3832 ita
1323 3777 1562 3832 Savilius
1602 3779 1656 3831 in
1688 3779 1833 3832 notis
1881 3780 1946 3831 ad
1993 3787 2204 3833 tomum
2247 3776 2356 3838 VII.
2388 3783 2495 3833 col.
2535 3777 2640 3834 919
2677 3780 2939 3832 editionis
2971 3783 3083 3835 sua":
3113 3781 3320 3837 Graeca:
3347 3803 3360 3836 :
3387 3785 3576 3853 Apon-

293 3871 606 3923 thismatum
638 3883 886 3920 numerus
949 3867 1002 3918 in
1055 3866 1432 3934 manuscriptis
1469 3865 1578 3933 fere
1626 3865 1716 3927 52,
1753 3866 1821 3919 53
1852 3865 1927 3918 vel
1957 3866 2048 3930 51,
2079 3867 2274 3935 quibus
2305 3867 2350 3919 si
2381 3869 2564 3919 demas
2610 3865 2663 3927 9,
2711 3867 2795 3928 H,
2826 3881 2872 3919 et
2907 3869 2999 3931 28,
3037 3882 3322 3937 supersunt
3368 3882 3576 3936 tantum

253 4025 258 4030 ἢ
287 3960 473 4026 capita
497 3957 557 4010 51
583 3995 598 4018 ,
625 3953 947 4022 Eclogarum
975 3955 1184 4006 nomine
1202 3954 1329 4021 jure
1368 3952 1648 4006 censenda.
1688 3951 1853 4006 Plura
1885 3954 1953 4007 de
1978 3955 2064 4007 his
2106 3956 2162 4007 in
2191 3953 2592 4008 Dissertatione
2628 3953 2701 4005 De
2745 3957 3006 4022 Uperibus
3059 3955 3574 4028 Cltrgsostomionis,

285 4059 409 4114 cap.
447 4043 502 4119 9,
533 4041 600 4094 ad
630 4041 775 4110 quod
834 4040 1094 4093 lectorem
1151 4040 1443 4102 mittimus,
1469 4040 1729 4105 omnibus
1779 4054 1846 4122 ex
1906 4038 2115 4094 Savilio
2147 4044 2410 4110 acceptis.
2449 4042 2550 4096 llic
2583 4040 2909 4097 Theodorus
2945 4055 3135 4099 noster
3173 4049 3559 4116 Daphoopata,

284 4131 636 4207 postmodum
674 4130 814 4184 Iaula
887 4129 1238 4197 imperatoris
1294 4128 1574 4192 derelicta,
1625 4143 1720 4194 pro
1763 4144 1916 4182 more
1975 4127 2296 4184 Graecorum
2347 4131 2675 4193 multorum,
2711 4131 2947 4200 elegisse
2999 4138 3360 4190 monasticam
3403 4142 3569 4191 vitam

286 4220 527 4283 videtur,
551 4227 714 4287 atque
748 4216 1036 4285 scripsisse
1055 4214 1382 4268 ‘Encomium
1417 4217 1472 4267 in
1502 4226 1748 4268 sanctum
1772 4213 2087 4285 Gregorium
2123 4215 2538 4272 Nazianzenum
2569 4228 2616 4272 et
2653 4218 3190 4288 Constantinopoleos
3219 4227 3579 4294 archiepisco-

284 4324 433 4376 pum,
469 4307 546 4360 uti
577 4306 739 4359 habet
762 4303 969 4378 Petrus
991 4302 1320 4358 Lambecius
1353 4305 1492 4358 libro
1520 4319 1572 4359 νι
1604 4303 2142 4359 Commentariorum
2187 4304 2545 4362 Bibliothece
2573 4306 2839 4361 Caesarea:
2871 4310 3506 4383 Viudobonensis,parte
3533 4330 3573 4380 ι,

286 4397 352 4450 ad
379 4395 624 4451 codicem
658 4409 762 4449 ms.
788 4393 1083 4464 juridicum
1116 4391 1366 4448 Graecum
1396 4409 1547 4447 num.
1591 4393 1680 4469 10,
1711 4392 1922 4463 pag236
1948 4393 2034 4447 his
2069 4393 2293 4449 verbis:

366 4523 386 4562 ι
421 4509 643 4592 Decimo
676 4516 732 4564 et
758 4507 975 4577 quidem
1006 4522 1036 4561 a
1067 4507 1195 4562 lolio
1221 4507 1349 4571 221,
1377 4523 1497 4577 pag.
1538 4509 1590 4572 I,
1632 4523 1808 4578 usque
1856 4509 1923 4561 ad
1971 4506 2167 4562 lolium
2210 4507 2339 4569 292,
2370 4523 2494 4578 pag.
2534 4507 2592 4574 2,
2631 4511 2892 4564 Theodori
2923 4513 3171 4585 Magistri
3205 4521 3379 4571 oratio
3418 4537 3574 4573 enco-

290 4598 537 4651 miastica
572 4597 625 4650 in
675 4606 920 4649 sanctum
953 4593 1266 4663 Gregorium
1319 4593 1756 4658 Nazianzenum,
1790 4597 1939 4667 cujus

1925 4611 1951 4650 s
2003 4596 2199 4650 titulus
2245 4605 2298 4650 et
2333 4596 2665 4666 principium
2700 4617 2712 4650 :
2744 4601 2920 4668 Λόγος
2954 4605 3403 4674 ἐγκωμιαστικὸς
3435 4609 3573 4676 πρὸς

290 4688 384 4739 τον
413 4689 474 4739 ἐν
509 4684 686 4753 ἁγίοις
717 4684 940 4753 Πατέρα
974 4685 1130 4753 ἡμῶν
1167 4685 1603 4753 ἁρχιεπίσκοπον
1652 4685 2290 4747 Κωνσταντινουπόλεως
2336 4687 2432 4737 καὶ
2476 4685 2863 4756 οίκουμενικὸν
2911 4689 3235 4744 διδάσκαλον
3265 4693 3573 4764 Γρηγόριον

289 4777 381 4828 τὸν
416 4773 706 4841 Θεολόγον,
749 4774 1094 4839 συγγραφεὶς
1119 4774 1270 4841 παρὰ
1301 4772 1396 4824 τοῦ
1418 4773 1757 4840 τιμιωτάτου
1787 4774 1846 4824 ὲν
1881 4778 2163 4846 μοναχοῖς,
2193 4777 2518 4844 σοφωτάτου
2570 4780 2665 4827 καὶ
2714 4778 3054 4845 λογιωτάτου
3091 4783 3260 4852 κυροῦ
3294 4783 3572 4853 Θεοδώρου

289 4864 383 4915 τοῦ
431 4861 762 4932 μαγίστρου.
788 4861 901 4930 Οὐχ
928 4861 1074 4923 ὅπως
1099 4861 1208 4914 οὐδ’
1243 4860 1307 4913 ἂν
1346 4857 1424 4924 εἷς
1462 4856 1617 4930 οἶμαι
1646 4862 1758 4914 τῶν
1791 4863 2034 4926 πάντων,
2071 4864 2181 4915 οὐδ’
2212 4863 2361 4925 ὅπως
2405 4881 2455 4916 τι
2503 4859 2597 4914 οὖν
2639 4867 2764 4932 ἐμοὶ
2802 4871 3129 4935 νεμεσήσαι,
3161 4872 3271 4923 οὐδ’
3312 4874 3573 4934 ἀπονοίας

289 4947 510 5020 ἧστινος
544 4945 637 5002 οὖν
668 4949 802 5011 ἕλοι,
831 4951 925 5003 καὶ
952 4947 1208 5018 θράσους,
1236 4951 1282 5000 εἰ
1305 4949 1468 5018 μηδὲν
1507 4950 1646 5022 μήτε
1669 4951 1729 5002 τὸ
1759 4937 1989 5020 μέγεθος
2025 4953 2494 5022 ὑπολογισάμενος
2529 4951 2622 5004 τοῦ
2658 4929 2931 5023 παρόντος
2960 4959 3323 5026 ἁγῶνος,οὑδ⁹
3353 4961 3427 5022 ὡς
3463 4971 3568 5014 etc.

298 5039 446 5095 Ideni
475 5048 655 5092 autem
691 5037 1015 5093 Lambecius
1047 5038 1186 5093 libro
1216 5055 1245 5092 ν
1273 5039 1804 5094 Commentariorum
1840 5041 1998 5094 dicta:
2041 5040 2391 5096 Bibliotheca:
2428 5039 2618 5094 codice
2654 5041 2781 5110 266,
2818 5060 2970 5100 num.
3021 5048 3108 5108 15,
3142 5049 3474 5118 ascripserat
3505 5066 3570 5105 cx

292 5127 625 5197 conjecturis
675 5126 821 5180 idem
878 5126 1200 5180 Enromium
1254 5129 1468 5182 cuidam
1505 5127 1762 5199 Symeoni
1805 5129 1994 5191 Setho,
2032 5144 2154 5197 pag.
2187 5128 2320 5194 901,
2353 5129 2438 5182 his
2467 5128 2671 5182 verbis.
2711 5131 2932 5186 Decimo
2975 5133 3139 5187 tertio
3169 5143 3223 5187 et
3282 5137 3505 5205 quidem
3540 5155 3568 5190 a

295 5214 424 5269 folio
453 5215 576 5279 167,
607 5230 728 5284 pag.
796 5215 849 5277 1,
910 5231 1081 5282 usque
1143 5215 1205 5268 ad
1262 5215 1450 5270 lolium
1493 5218 1620 5279 252,
1689 5234 1812 5288 pag.
1864 5217 1919 5270 ἓ.
1964 5216 2228 5286 Anonymi
2277 5218 2554 5287 cujusdam
2620 5217 2870 5289 Magistri
2930 5223 3021 5290 qui
3073 5222 3310 5294 Symeon
3371 5228 3570 5282 Setinus

293 5319 414 5359 esse
476 5303 689 5358 videtur
749 5303 909 5372 (λοισι
951 5305 1095 5355 etum
1154 5305 1227 5356 illi
1257 5306 1422 5357 etiam
1482 5307 1532 5359 in
1581 5307 1704 5361 aliis
1759 5322 1942 5361 nonnu

1922 5306 2036 5360 unis
2089 5321 2224 5359 mss.
2276 5303 2559 5359 codicibus
2599 5303 2828 5372 Graecis,
2880 5310 3072 5364 titulus
3109 5313 3436 5384 Μαγίστρου
3472 5318 3571 5368 καὶ

305 5390 558 5460 Ῥήτορος
586 5394 1024 5444 antonoznastice
1055 5393 1304 5461 attribui)
1335 5392 1522 5447 Oratio
1553 5397 1930 5449 encomiastica
1969 5399 2022 5446 in
2066 5405 2325 5448 sanctum
2363 5388 2676 5460 Gregorium
2729 5395 3138 5452 Nazianzenum
3183 5401 3566 5458 Putriarcltam

298 5476 966 5543 Constantinopolimnum,
1013 5479 1171 5547 cujus
1205 5481 1393 5534 titulus
1422 5493 1474 5534 et
1516 5484 1843 5550 principium
1888 5502 1901 5537 :

1949 5484 2055 5537 Τοῦ
2085 5486 2400 5551 σοφωτάτου
2443 5482 2534 5533 καὶ
2560 5485 3004 5553 ρητοριιὲωτάτου
3038 5491 3359 5561 Μαγίστρου
3407 5493 3565 5562 λόγος

296 5565 739 5634 ἑγκωμιαστικὺς
776 5566 912 5634 πρὸς
951 5569 1040 5618 τὴν
1079 5569 1135 5618 ἐν
1176 5568 1354 5634 ἁγίοις
1391 5571 1610 5638 Πατέρα
1642 5573 1824 5641 ἡμῶν,
1863 5572 1957 5625 καί
1989 5575 2373 5640 οἰκουμενικὸν
2403 5569 2748 5639 διδάσκαλον,
2793 5577 3234 5646 ἀρχιεπὶσκοπον
3279 5583 3568 5634 Κωνσταν-

293 5653 678 5716 τινουπῦλεως,
723 5655 1027 5723 Γρηγόριον
1060 5657 1150 5705 τὶν
1206 5655 1371 5707 Θεολὸ
1389 5675 1492 5724 γον.
1537 5661 1649 5728 Οὐχ
1699 5663 1846 5723 ὅπως
1883 5663 1992 5713 οὐδ’
2046 5665 2112 5715 ἂν
2147 5658 2226 5725 εἷς
2259 5659 2412 5722 οἶμαι
2455 5659 2561 5709 τῶν
2621 5663 2860 5726 πάντων,
2893 5667 3001 5718 (ἡδ’
3034 5669 3183 5732 ὅπως
3217 5688 3268 5722 τι
3307 5667 3399 5721 οὖν
3444 5673 3566 5738 ἐμοὶ

292 5744 606 5809 νεμεσήσαι,
645 5741 753 5793 οὐδ’
791 5744 1071 5810 ἀπονοὲας,
1100 5762 1116 5793 ι
1158 5753 1262 5798 etc.
1297 5744 1535 5815 Dt‘niquc
1571 5750 1619 5800 in
1654 5750 1941 5804 bibliothcc

1921 5769 1978 5804 ca
2019 5745 2523 5824 Lugduno-Balava
2562 5761 2747 5804 nostra
2789 5754 2838 5804 in
2873 5772 3004 5810 mss.
3041 5760 3323 5813 codicibus
3356 5755 3562 5813 Graecis
