4024 6462
109 292 195 353 613

1166 280 1259 338 DE
1297 275 1509 337 ΜΑΝο
1554 274 1613 333 S.
1657 273 2225 337 PILECURSORIS.

3215 257 3322 319 6H

107 416 213 468 «tute
235 408 523 465 ﬁt‘Msttpt‘a
552 392 819 448 hominem
846 409 858 453 ;
885 405 1002 460 quae
1018 393 1169 460 prius
1186 393 1401 461 quidem
1426 388 1652 459 ingratis
1685 393 1725 447 Α
1756 390 1857 444 sibi
1890 402 1995 441 non
2051 388 2255 449 liceret,
2290 393 2573 454 prepterea
2624 378 2768 449 quod
2805 377 3087 445 Philippus
3121 387 3184 427 ex
3236 373 3323 424 illa

108 490 291 545 Judtcis
317 484 780 554 ostenditAgnum
811 482 926 557 Dei,
953 492 1269 538 etsecurem
1301 482 1366 535 ad
1400 482 1655 535 arborum

109 581 323 634 radicem
368 580 594 645 positam
658 585 709 629 et
742 576 1075 631 excisionem
1110 575 1417 628 minabatur
1468 586 1660 642 pecca-

108 673 317 727 torihus.
841 716 845 720 .

174 762 237 816 ll.
266 761 419 816 Nunc
454 770 633 816 autem
657 776 778 815 cum
812 759 901 812 illa
940 758 1050 826 ipsa
1081 757 1413 828 apparuerit,
1442 764 1494 810 et
1527 770 1661 825 pra:-

106 855 338 910 stantiori
367 854 601 922 quodam
634 850 802 905 modo
834 866 1029 904 manus
1057 850 1289 904 evaserit
1326 848 1660 908 barbaricas,

106 963 130 1000 a
158 946 349 1016 quibus
374 945 653 999 videbatur
686 942 876 1005 teneri,
908 951 1160 1010 tanquam
1183 940 1417 1013 captiva,
1447 953 1661 1007 aequum

106 1048 194 1101 est,
231 1047 289 1091 ut
324 1036 378 1089 in
426 1035 545 1089 festi
588 1034 824 1088 lmtitiam
868 1033 953 1103 pie
981 1042 1033 1087 et
1063 1040 1374 1087 reverenter
1396 1030 1663 1084 afﬁciatur

106 1138 267 1183 coetus
323 1142 512 1181 eorum
564 1127 659 1195 qui
716 1125 913 1180 festum
959 1125 1213 1191 libenter,
1251 1123 1559 1186 celebrant;
1608 1128 1663 1175 et

108 1221 262 1275 nubes
287 1220 533 1289 quidem,
568 1234 689 1288 qua
725 1218 1020 1286 interjecta:
1050 1216 1285 1270 animam
1343 1215 1661 1284 impediunt,

105 1312 208 1379 ejus
240 1310 353 1376 illa,
390 1309 886 1379 quaeintelligentia
923 1299 1236 1377 percipitur,
1268 1306 1664 1360 illuminatione

105 1400 349 1455 discutiat
378 1408 433 1454 et
471 1399 771 1461 dissolvat;
808 1399 971 1453 alaeri
1023 1407 1203 1452 autem
1238 1398 1374 1466 pede
1406 1406 1456 1450 et
1480 1396 1662 1450 exsul-

106 1500 238 1543 tante
267 1489 486 1559 spiritu,
523 1492 587 1543 ad
624 1504 687 1543 ea
716 1504 836 1558 quae
865 1497 992 1543 sunt
1023 1488 1107 1541 vel
1133 1488 1263 1557 ipsis
1287 1488 1493 1554 angelis
1521 1487 1667 1539 desi-

106 1580 377 1645 derabilia,
408 1582 662 1651 mySteria
710 1580 943 1637 festinet.
992 1579 1106 1634 Hoc
1157 1588 1236 1633 est
1259 1578 1401 1633 enim
1468 1576 1663 1631 festum

104 1662 384 1733 celebrare,
416 1681 635 1740 paratos
657 1672 871 1725 essolm
930 1679 1180 1740 prompto
1202 1680 1255 1723 et
1278 1668 1440 1723 alacri
1472 1669 1656 1723 animo

105 1761 487 1816 occurrendum
510 1760 597 1826 iis,
615 1774 731 1829 qua:
748 1770 875 1813 sunt
896 1760 1243 1826 venerabilia,
1260 1762 1665 1814 etextrinsecus

106 1851 276 1919 ﬁguris
303 1860 357 1905 et
381 1852 621 1903 motibus
648 1850 765 1904 ﬁdei
792 1850 1181 1904 et'aﬂ‘eetionis
1206 1852 1479 1904 internum
1507 1851 1668 1903 ardo—

105 1958 203 1996 rem
228 1942 534 1997 ostendere.
589 1940 699 2019 .ilic
755 1957 883 2010 ergo
945 1943 1075 1997 mihi
1131 1944 1271 1997 adsit
1318 1944 1497 1998 omnis
1533 1943 1631 1997 0rd

104 2050 277 2088 eorum
314 2037 407 2103 qui
435 2043 563 2110 sunt
598 2035 897 2088 honoriﬁce
922 2035 974 2087 in
1010 2036 1243 2089 excelsis
1262 2036 1458 2088 remoti
1487 2051 1517 2089 a
1552 2048 1639 2088 ma

105 2127 246 2189 toria,
271 2133 541 2181 eteorum
579 2128 669 2194 qui
702 2134 829 2179 sunt
862 2127 1167 2195 adhuchoc
1199 2128 1522 2180 circumdati
1550 2128 1669 2196 pul-

104 2228 216 2267 vere
252 2231 266 2268 :
297 2223 351 2267 et
390 2215 666 2285 communi
701 2223 951 2267 contexta
985 2219 1207 2289 chorea,
1244 2218 1577 2272 luminosum
1614 2230 1668 2272 et

70 2358 71 2361 η
106 2315 349 2369 perquam
388 2302 598 2354 clarum
641 2302 1041 2356 constituamus
1108 2306 1405 2369 theatrum,
1435 2321 1499 2357 eo
1532 2306 1669 2359 duce

107 2401 328 2467 utentes,
367 2393 460 2459 qui
520 2392 662 2445 inter
702 2402 855 2445 natos
898 2394 1186 2446 mulierum
1236 2404 1317 2448 cst
1373 2396 1665 2450 maximus.

104 2484 225 2537 Nam
254 2484 357 2537 etsi
388 2484 640 2537 humana:
681 2494 890 2537 natum
943 2487 1222 2554 superavit
1255 2490 1520 2542 terminos
1574 2504 1667 2555 per

104 2578 253 2629 vitam
290 2591 321 2629 a
357 2590 521 2629 carne
552 2584 604 2630 et
642 2590 869 2651 corpore
924 2578 1177 2639 alienam,
1229 2588 1285 2631 ut
1338 2581 1429 2647 qui
1486 2590 1668 2635 tamen

105 2676 406 2719 nostrarum
449 2665 784 2719 naturalium
814 2668 1086 2734 particeps
1115 2666 1214 2721 fuit
1253 2672 1667 2737 preprietatum,

105 2755 303 2810 laetatur
324 2756 527 2809 nostris
554 2756 705 2839 dese
743 2756 997 2809 laudibus
1024 2769 1072 2809 et
1108 2760 1589 2843 eclebrationibus,
1619 2771 1672 2815 et

106 2848 292 2901 bonam
329 2831 995 2913 accipiens'voluntatem,
1039 2834 1316 2917 cepiosam
1387 2831 1672 2907 remetitur

106 2936 613 2989 remunerationem.

1759 482 1956 535 liberos
1994 487 2330 547 susceperat,
2386 476 2628 530 duxisset
2658 475 2711 527 in
2754 469 3171 545 matrimonium
3220 484 3239 518 το
3274 476 3329 519 et

1758 584 1900 627 esset
1930 572 2058 624 illud
2082 571 2299 640 quidem
2340 568 2517 622 scelus
2581 566 2713 634 legis
2741 564 2972 628 eversio,
3010 560 3098 613 Dei
3148 570 3325 611 autem

1760 663 2113 729 contemptio,
2140 660 2416 715 hominum
2448 671 2576 709 vero
2612 656 2675 709 ad
2712 654 2977 709 deteriora
3024 648 3332 705 adhortatio

1761 762 1815 807 et
1842 751 2117 814 inductio;
2154 761 2304 813 tunc,
2333 758 2590 817 tanquam
2626 744 2785 799 fortis
2823 744 3022 795 athleta
3069 740 3331 800 Joannes,

1761 854 1909 901 recte
1936 846 2239 905 institutus,
2275 852 2329 896 et
2358 842 2411 894 in
2467 838 2747 893 laboribus
2776 835 2931 905 prius
2982 833 3331 890 exercitatus,

1763 939 2009 993 veritatis
2055 935 2244 996 armis,
2295 942 2350 987 et
2401 932 2522 986 telis
2578 929 2846 988 munitus,
2881 927 3051 980 aciem
3112 924 3331 992 quidem

1763 1031 1925 1087 struit
1958 1029 2217 1081 adversus
2247 1033 2562 1095 tyrannum.
2588 1022 2845 1087 Quaenam
2876 1034 3003 1073 vero
3031 1033 3094 1073 ea
3141 1024 3295 1071 erant
3320 1031 3335 1067 :

1769 1123 1887 1177 Non
1918 1123 2037 1174 licet
2066 1119 2160 1172 tibi
2188 1116 2377 1169 habere
2404 1130 2621 1169 uxorem
2647 1112 2838 1181 fratris
2883 1109 3081 1180 tui“).
3102 1107 3145 1164 Ο
3176 1108 3340 1161 liber—

1765 1222 1951 1276 tatem,
1985 1227 2105 1280 quae
2133 1206 2238 1263 non
2272 1218 2446 1277 potest
2478 1206 2668 1272 everti,
2701 1203 2745 1260 Ο
2766 1196 3125 1265 οςάἰνὶιιυιηζ
3151 1210 3205 1255 et
3233 1200 3341 1254 lin—

1764 1321 1950 1375 guam,
1986 1318 2108 1372 quae
2140 1284 2179 1354 a'
2207 1300 2318 1355 Deo
2348 1309 2617 1362 movetur,
2668 1312 2790 1367 quae
2826 1298 2878 1350 in
2915 1295 3093 1363 ipsum
3129 1308 3344 1367 corrc-

1765 1394 2189 1464 preltensionum
2228 1391 2485 1459 inﬁgens
2530 1387 2769 1451 aculeos,
2834 1385 2980 1448 fecit,
3016 1392 3074 1438 ut
3128 1383 3220 1436 ille
3252 1397 3345 1435 sn-

1766 1486 1962 1556 perbns
1993 1497 2047 1540 et
2074 1485 2315 1538 insolens
2343 1483 2589 1553 clypeum
2645 1480 2907 1548 abjiceret
2950 1486 3005 1531 et
3040 1475 3269 1544 fugeret.
3300 1472 3343 1526 Ο

1766 1594 1988 1633 manum
2011 1576 2372 1631 venerandam
2402 1584 2455 1626 et
2489 1580 2760 1629 sanctam.
2786 1585 2907 1638 quae
2931 1569 2998 1623 ad
3028 1579 3343 1621 sermonum

1760 1681 1913 1723 mota
1937 1669 2324 1729 elocutionem,
2348 1663 2840 1733 reprehensionum
2870 1674 3089 1729 quoque
3114 1653 3349 1726 augebat

1767 1760 2141 1829 asperitatem,
2173 1766 2227 1811 et
2264 1756 2516 1810 ﬁduciam
2561 1751 2889 1807 ostendebat
2928 1761 2980 1802 et
3033 1748 3341 1803 audaciam.

1769 1853 1886 1906 Mos
1909 1862 1988 1907 est
2019 1851 2163 1904 enim
2197 1848 2265 1902 iis
2301 1847 2396 1915 Qui
2428 1846 2607 1896 verbis
2635 1842 2993 1899 contendunt,
3026 1852 3248 1905 manum
3273 1836 3349 1888 si-

1770 1944 1881 1999 mul
1909 1959 2037 2008 cum.
2057 1957 2150 1995 ore
2169 1944 2477 2001 movere,et
2496 1918 2734 1989 sermoni
2753 1932 2871 2001 ejus
2902 1944 3121 2000 quoque
3141 1938 3349 1980 motum

1769 2035 2049 2095 adbibere,
2108 2043 2159 2085 et
2194 2048 2293 2101 per
2352 2041 2644 2094 utrumque
2690 2025 3017 2081 ostendere.
3062 2037 3226 2091 quam
3282 2021 3353 2074 sit

1770 2126 2047 2181 conﬁdens
2078 2134 2131 2177 et
2162 2122 2442 2179 interritus
2467 2122 2535 2182 is,
2571 2119 2663 2186 qui
2692 2117 2951 2185 loquitur.
2973 2115 3111 2192 Hinc
3146 2112 3346 2167 factum

1772 2228 1872 2281 est,
1911 2225 1966 2269 ut
2007 2216 2059 2269 in
2094 2228 2389 2276 carcerem,
2410 2212 2535 2264 etin
2566 2209 2781 2263 vincula
2811 2209 3203 2277 eonjiceretur,
3228 2220 3350 2258 cum

1772 2323 1970 2363 vesana
2014 2307 2207 2361 mulier
2230 2304 2811 2359 nefariumamatorern
2845 2316 3005 2355 suum
3029 2299 3093 2353 ad
3119 2299 3170 2351 id
3202 2311 3352 2351 com-

1772 2402 2019 2473 pulisset.

1843 2493 1910 2547 ν.
1950 2492 2153 2545 Deinde
2188 2490 2303 2544 dies
2331 2490 2503 2542 festus
2536 2489 2755 2554 natalis,
2784 2494 3059 2555 potusque
3096 2483 3354 2551 copiosus

1775 2594 1828 2641 et
1865 2586 2280 2643 immoderatus,
2315 2597 2437 2635 cum
2483 2570 2713 2633 nimium
2742 2580 2925 2633 vinum
2952 2594 3099 2640 eum,
3138 2577 3229 2645 qui
3262 2589 3352 2627 ce-

1773 2676 2020 2730 lebrabat
2055 2672 2389 2733 convivium,
2442 2669 2764 2723 devolvisset
2791 2668 2857 2721 ad
2884 2665 3155 2719 delirium.
3190 2663 3357 2714 Pctus

1774 2774 1958 2819 autem
1995 2778 2242 2832 quasnam
2275 2772 2382 2815 este
2409 2758 2733 2813 delectatio?
2764 2757 2996 2810 Saltatio
3049 2756 3192 2817 ﬁliae,
3237 2767 3357 2822 quae

1774 2867 1893 2912 erat
1924 2858 2095 2911 instar
2126 2853 2455 2915 meretricis",
2490 2861 2543 2907 et
2576 2852 2765 2922 petitio
2800 2851 3103 2917 mercedis;
3135 2856 3187 2900 et
3211 2862 3356 2899 mer-

1775 2966 1891 3013 ces,
1923 2949 2193 3017 propheta:
2228 2946 2668 3001 interfectio.‘Ex
2707 2961 2813 3014 qua
2845 2944 2990 3011 regis
3029 2945 3147 2996 ﬁcta
3183 2939 3357 2992 tristi-

166 3025 249 3081 lll.
284 3026 553 3081 Caeterum
592 3027 710 3094 ejus
739 3029 957 3099 quidem
994 3043 1317 3101 conceptum
1366 3044 1419 3088 et
1459 3044 1666 3099 ortum,

1776 3044 1850 3097 tia
1871 3053 2088 3111 propter
2106 3052 2355 3101 (nstrum,
2380 3042 2523 3108 quod
2552 3056 2675 3093 eum
2704 3037 2986 3092 obsidebat
3004 3034 3355 3093 intrinsecus;

106 3126 151 3170 et
169 3120 353 3186 vitam,
381 3135 545 3188 quam
576 3121 684 3189 egit
718 3121 770 3174 in
820 3123 1133 3187 solitudine,
1166 3134 1218 3178 et
1252 3127 1372 3193 ejus
1403 3128 1469 3180 ad
1495 3128 1670 3182 lsrae-

109 3208 200 3262 lem
235 3211 636 3287 ostensionetn,
685 3223 738 3266 et
767 3215 1067 3267 veridicum
1130 3217 1528 3282 testimonium,
1579 3236 1673 3288 per

109 3299 235 3364 quod
267 3298 359 3353 Dei
387 3316 589 3370 agnum
610 3305 937 3375 ostendiget
969 3304 1141 3372 ipsum
1181 3310 1413 3373 primum
1449 3318 1502 3362 et
1525 3320 1674 3378 post-

108 3404 158 3441 ea
205 3393 507 3447 venientem
540 3409 634 3462 per
665 3395 905 3447 divinam
936 3398 1344 3463 auctoritatem,
1394 3409 1447 3455 et
1479 3402 1672 3456 huma-

112 3495 182 3532 na!
211 3493 420 3539 naturae
448 3486 1245 3555 pronuntiavitsusceptionem
1276 3507 1290 3554 ;
1324 3500 1377 3545 et
1404 3494 1673 3559 quemad-

112 3573 315 3626 modum
346 3589 413 3628 ει
442 3574 556 3629 alto
580 3586 806 3631 vocatus
837 3579 985 3632 venit
1009 3578 1074 3631 ad
1104 3577 1506 3643 Jordanem.'et
1546 3599 1671 3637 cum

112 3676 314 3729 purum,
344 3676 400 3719 et
432 3666 503 3719 ab
533 3669 680 3720 omni
713 3669 831 3722 labe
867 3670 1131 3735 alienum,
1167 3681 1221 3725 et
1245 3674 1438 3740 quavis
1474 3688 1673 3744 purga-

115 3752 244 3841 tione
267 3756 606 3824 superiorem
627 3758 979 3828 baptizasset,
1029 3761 1119 3814 illo
1136 3770 1391 3815 contactu
1412 3768 1675 3829 ostendit,

112 3840 300 3897 fontem
329 3847 804 3911 sanctiﬁcationis,
843 3858 897 3903 et
926 3866 1045 3917 qua:
1104 3852 1171 3905 de
1215 3854 1336 3923 ipso
1384 3853 1605 3910 Judmus
1631 3859 1677 3912 is

114 3936 195 4003 qui
228 3936 413 3993 fuitab
431 3940 551 4008 ipso
574 3941 901 4010 baptizatus,
926 3958 1022 4010 per
1046 3946 1333 4003 arundinis
1350 3956 1402 3999 et
1429 3948 1675 4003 mollium

114 4026 326 4081 vestium
360 4030 597 4085 amictus
628 4033 1067 4097 similitudinem,
1098 4035 1325 4103 ad~ejus
1351 4037 1490 4091 dixit
1526 4054 1675 4091 com-

115 4118 531 4189 mendationem;
562 4119 680 4187 ejus
708 4122 831 4175 vitae
862 4136 891 4174 a
917 4138 1097 4176 rerum
1117 4124 1517 4191 superﬂuarum
1538 4142 1670 4181 cura

112 4206 478 4264 abhorrentem
510 4212 935 4281 simplicitatem,
971 4216 1096 4267 etin
1126 4218 1325 4269 virtute
1366 4218 1677 4271 ﬁrmitatem

115 4310 163 4352 et
203 4304 589 4369 constantiam,
633 4312 847 4359 etcum
898 4308 1066 4360 veteri
1117 4306 1249 4361 Elia:
1276 4310 1562 4377 aequalem,
1624 4318 1679 4363 et

1776 3134 2174 3202 obtemperatio
2233 3142 2436 3200 tamen,
2499 3138 2551 3184 et
2616 3128 2931 3192 submissio,
2998 3136 3050 3180 et
3100 3127 3361 3179 adversus

1724 3288 1729 3292 θ
1777 3226 1987 3292 justum
2025 3224 2345 3291 praphetam
2381 3223 2611 3291 prolatio
2639 3220 2923 3276 sententiae
2966 3226 3021 3272 et
3045 3216 3206 3285 paulo
3240 3225 3358 3283 post

1777 3322 1942 3380 caput
1974 3313 2023 3363 in
2079 3312 2231 3364 disco
2266 3312 2513 3372 allatum,
2546 3318 2599 3363 et
2634 3310 2939 3363 libidinosa:
2998 3318 3049 3360 et
3100 3306 3362 3358 adulterae

1781 3402 1997 3456 mulieri
2027 3403 2307 3457 traditum.
2340 3402 2478 3468 Quid
2511 3402 2610 3457 bac
2637 3401 2934 3455 inhumana
2961 3400 3177 3453 actione
3204 3397 3361 3449 inhu-

1779 3495 2014 3558 manius,
2046 3505 2101 3547 et
2138 3495 2309 3563 magis
2339 3492 2654 3547 nefarium?
2690 3494 2829 3559 Quid
2860 3495 2962 3546 hoc
2997 3486 3358 3563 belluinu‘ia-

1776 3588 1961 3640 cinere
1997 3587 2169 3655 magis
2204 3587 2460 3640 insanum
2493 3594 2547 3639 ct
2600 3586 2921 3649 belluinum,
2962 3586 3239 3639 hominem
3298 3600 3358 3634 ex

1777 3678 1896 3747 ipso
1923 3678 2117 3730 matris
2137 3688 2291 3730 utero
2320 3676 2615 3731 sanctitate
2646 3676 3068 3735 circumdatum,
3096 3676 3187 3743 qui
3223 3684 3361 3727 tem-

1779 3771 2085 3839 perantiam
2136 3778 2255 3822 erat
2322 3769 2626 3837 amplexus,
2694 3768 2997 3821 castitatem
3067 3768 3359 3829 asciverat,

1779 3863 1959 3916 inedia
1980 3877 2037 3915 se
2054 3872 2391 3924 exercuerat,
2418 3864 2487 3914 ab
2502 3862 2649 3915 omni
2674 3862 3060 3930 congressione
3080 3860 3359 3913 hominum

1779 3968 1839 4009 se
1914 3962 2286 4022 separaverat,
2359 3953 2708 4007 solitudinem
2766 3961 3020 4017 tanquam
3086 3953 3359 4006 civitatem

1782 4044 2145 4107 habitaverat,
2176 4048 2268 4113 qui
2297 4046 2462 4099 simul
2492 4060 2616 4099 cum
2654 4046 2769 4115 agri
2805 4045 2995 4099 bestiis
3020 4045 3389 4103 versabatur“

1780 4134 1973 4187 cameli
2008 4136 2136 4203 pilis
2188 4136 2493 4204 tegebatur,
2556 4136 2782 4205 pellicea
2836 4152 2969 4188 zona
3020 4136 3359 4204 cingebatur,

1768 4229 1926 4281 sicut
1957 4242 2082 4283 aves
2114 4228 2187 4293 id,
2211 4229 2355 4295 quod
2388 4243 2486 4283 sua
2520 4238 2712 4295 sponte
2740 4227 3089 4288 nascebatur,
3124 4224 3360 4279 habebat

1781 4319 2125 4384 alimentum,
2146 4321 2365 4373 carebat
2387 4320 2744 4384 nutrimento,
2769 4320 2989 4373 carebat
3018 4317 3361 4380 utensilibus,

117 4392 343 4447 moribus
382 4394 620 4449 similem
655 4396 817 4449 tacite
866 4396 1216 4465 signiﬁcans;
1252 4408 1307 4451 et
1339 4414 1668 4469 quaecunque

1784 4419 1835 4465 et
1861 4410 2021 4479 plane
2044 4413 2226 4466 carnis
2257 4422 2374 4465 erat
2400 4426 2598 4482 expers
2629 4431 2642 4466 :
2678 4412 2771 4481 qui
2807 4422 2952 4467 totus
2983 4426 3200 4479 quoque
3237 4426 3359 4464 cer-

116 4492 232 4537 aunt
259 4484 341 4538 his
371 4487 787 4555 consequentia,
808 4487 1235 4559 Evangeliorum
1266 4492 1552 4559 quaternio
1584 4505 1678 4545 os-

119 4576 285 4631 tendet
310 4580 553 4646 apertius
590 4579 679 4643 iis,
712 4579 805 4648 qui
838 4580 954 4634 haec
990 4590 1308 4635 scrutantur
1339 4582 1676 4651 diligentius.

180 4667 261 4723 ιν.
297 4669 429 4736 Qua:
463 4681 645 4726 autem
680 4674 931 4741 praesenti
963 4675 1301 4729 conveniunt
1342 4676 1674 4739 celebritati,

122 4774 174 4813 ea
208 4772 327 4817 sunt
353 4765 687 4818 enuntianda
726 4774 779 4819 et
800 4766 1070 4830 docenda,
1114 4777 1173 4821 ut
1204 4784 1325 4822 cum
1356 4778 1679 4839 argumento

125 4844 229 4903 [θειί
255 4852 339 4905 bic
366 4868 567 4923 scopas
606 4864 899 4922 congruat,
928 4870 1286 4931 nostrumque
1322 4860 1374 4913 in
1408 4861 1513 4915 hoc
1536 4870 1679 4915 recte

128 4941 341 4999 studium
368 4944 707 4999 conferatur.
745 4947 838 5001 Ille
869 4947 921 5000 in
960 4948 1214 5005 Mosaicis
1249 4951 1516 5008 educatus
1567 4954 1679 5006 do-

128 5032 390 5096 cumentis,
415 5042 469 5085 et
496 5032 712 5086 assidue
750 5035 1020 5091 meditans
1053 5039 1107 5091 in
1142 5041 1255 5109 lege
1287 5040 1523 5107 Domini,
1560 5043 1678 5111 ejus

128 5118 361 5175 custodia
384 5130 439 5175 et
461 5120 831 5176 observationi
862 5128 1039 5179 omnia
1064 5131 1425 5198 postponebat
1448 5149 1463 5186 :
1499 5134 1675 5186 solum

132 5218 303 5285 autem,
347 5224 406 5266 ut
459 5214 512 5267 in
576 5214 695 5283 ejus
754 5231 1127 5284 perseveraret
1172 5212 1674 5289 justilicationihus,

134 5298 397 5364 plurimum
431 5306 668 5383 ponebat
723 5310 910 5365 studii.
968 5311 1104 5365 Cum
1144 5329 1267 5367 vero
1322 5313 1564 5371 Herodes
1598 5316 1679 5369 vir

137 5388 608 5461 tibidinosissimus.
638 5401 730 5469 qui
748 5413 862 5457 erat
886 5402 1117 5458 Gaii‘ltea‘
1144 5408 1435 5473 tetrarcha,
1463 5409 1678 5463 decreta

138 5478 247 5549 legis
285 5491 706 5559 transgrediens,
748 5494 933 5553 fratris
983 5497 1215 5569 Philippi
1269 5515 1519 5570 uxorem,
1552 5517 1675 5558 cum

198 5664 210 5693 ⁸
242 5665 389 5725 ilarc.
428 5687 497 5735 vr,
530 5674 609 5727 l8.

1783 4504 2019 4558 nebatur
2048 4511 2289 4558 remotus
2322 4520 2349 4557 a
2385 4504 2633 4570 materia,
2692 4505 2835 4572 quod
2891 4504 3003 4558 haec
3060 4503 3361 4556 materialis

1783 4596 2348 4666 coagmentatioesset
2372 4597 2547 4650 inedia
2580 4605 2859 4651 attenuata
2912 4606 2964 4650 et
2994 4607 3265 4659 emortua,
3309 4605 3361 4649 et

1782 4690 1850 4743 ad
1886 4688 2131 4742 materiae
2184 4688 2514 4742 vacuitatem
2550 4689 2793 4742 traducta
2820 4697 3041 4757 propter
3092 4686 3356 4755 insignem

1781 4779 2194 4842 continentiam;
2235 4794 2381 4840 eum,
2418 4778 2661 4845 inquam,
2693 4792 2790 4846 pro
2816 4777 3048 4844 justitia,
3086 4792 3180 4844 pro
3221 4775 3363 4828 veri‘

1785 4879 1890 4923 tate
1920 4878 1973 4923 et
2006 4885 2073 4921 ne
2125 4870 2205 4922 lex
2225 4868 2293 4921 in
2323 4868 2507 4937 aliquo
2531 4867 2821 4921 violaretur
2854 4867 3211 4927 laborantem,
3242 4864 3357 4918 duri

1783 4960 2087 5014 mercedem
2146 4959 2358 5011 mulieri
2388 4958 2667 5011 adulterae.

1854 5048 1941 5103 Vl.
1980 5049 2086 5104 Sed
2117 5065 2352 5117 quonam
2379 5054 2541 5102 ruodo
2565 5052 2681 5103 haec.
2699 5049 2915 5119 quidem
2944 5049 3209 5117 permissa
3232 5058 3362 5104 sunt

1780 5140 1851 5195 ab
1898 5157 1964 5203 eo
2006 5142 2101 5210 qui
2131 5142 2315 5195 ouinia
2352 5142 2629 5210 sapienter
2671 5140 3036 5205 administrat,
3107 5142 3287 5194 sciunt
3323 5139 3356 5191 ii

1781 5226 1982 5303 quibus
2005 5236 2164 5288 datus
2218 5243 2301 5287 est
2340 5233 2565 5302 spiritus
2620 5232 2686 5287 ad
2723 5232 2837 5286 haec
2866 5231 3049 5301 aliqua
3080 5246 3145 5286 ex
3188 5239 3357 5303 parte

1770 5326 2181 5394 cognoscenda.
2217 5324 2389 5394 llujus
2414 5336 2594 5379 autem
2627 5325 2902 5394 discipuli,
2930 5339 3054 5378 cum
3093 5338 3295 5393 corpus
3325 5336 3355 5376 a

1781 5420 1957 5488 capite
1989 5420 2220 5473 divisum
2254 5420 2634 5483 abstulissent,
2696 5418 2973 5473 honorata:
3030 5416 3359 5475 mandarunt

1782 5513 2097 5581 sepulturae,
2142 5527 2212 5567 ne
2252 5511 2298 5569 si
2334 5511 2434 5568 hoc
2464 5526 2683 5583 quoque
2710 5520 2837 5582 post
2888 5511 3172 5566 decessum
3205 5508 3354 5561 vidc-
