4176 6454
746 268 848 330 615

1903 283 2173 346 THEOD.
2230 286 2750 347 DAPIINOI'ATxﬁ

3873 296 3971 358 6l6

747 393 898 437 retur
923 399 950 437 a
969 385 1271 445 libidinosis
1296 399 1350 445 et
1379 394 1755 468 voluptuariis,
1784 400 2113 467 essetmajor
2136 399 2307 454 fomes
2336 409 2383 465 Α
2411 420 2600 472 perare
2629 409 2947 471 sceleribus,
2972 417 3025 462 et
3053 423 3265 472 eorum,
3296 410 3388 476 qui
3409 424 3508 477 pro
3541 410 3760 466 Christo
3791 411 3970 466 decer-

747 473 982 538 invidiaz,
997 485 1047 528 et
1065 478 1291 547 majoris
1311 481 1536 536 sceleris
1555 487 1779 540 materia
1800 485 2306 556 intemperantibus.

746 565 837 619 Sic
861 581 992 635 ergo
1053 583 1254 638 corpus
1311 572 1528 636 quidem
1587 576 1856 643 sepultum
1910 581 2306 647 ocrultabatur,

741 671 865 709 cum
896 672 1077 727 neque
1119 657 1406 727 quisquam
1451 661 1583 716 illud
1631 672 1760 721 tunc
1815 673 2148 736 perscrutari
2186 682 2309 728 stu-

742 747 969 812 duisset,
996 765 1168 819 neque
1195 752 1311 820 ipse
1333 753 1761 811 manifestasset.
1798 755 1904 813 Sed
1940 763 2161 828 quando
2188 765 2312 832 qui-

743 837 866 891 dem
899 839 962 890 ad
987 841 1130 894 hunc
1153 841 1330 895 locum
1358 836 1599 910 perveni,
1627 847 1752 900 volo
1781 849 1844 902 de
1868 849 1970 904 hoc
1988 854 2306 921 prophetico

742 928 1114 994 tabernaculo,
1146 942 1202 986 et
1236 934 1304 986 de
1347 922 1532 998 manu,
1559 951 1680 1004 quae
1717 939 1765 991 ei
1801 941 2095 1004 coaluerat.
2151 947 2307 1013 quid.

737 1016 889 1078 dam.
917 1022 1060 1089 quod
1095 1039 1126 1077 e
1156 1025 1325 1078 veteri
1358 1028 1553 1094 pendet
1589 1032 1922 1096 narratione,
1983 1035 2109 1091 huic
2147 1053 2302 1092 sacro

736 1110 947 1164 theatro
982 1115 1293 1183 explanare,
1325 1125 1379 1170 et
1402 1134 1524 1185 qua:
1555 1119 1620 1175 de
1654 1123 1736 1177 his
1762 1111 2070 1183 audivimus
2109 1138 2163 1182 et
2206 1117 2303 1183 eo;

736 1203 1044 1266 gum-imus,
1078 1215 1132 1258 et
1159 1220 1280 1273 quae
1307 1217 1518 1263 veteres
1571 1211 1788 1266 tradunt
1837 1214 2098 1278 historiae.
2128 1218 2302 1286 expli-

734 1308 856 1346 care
885 1294 1078 1359 fusius,
1140 1307 1194 1352 et
1222 1299 1493 1354 undenam
1524 1302 1703 1357 divina
1753 1306 1865 1361 hmc
1903 1311 2076 1378 gratia
2127 1318 2303 1364 trans-

674 1435 678 1439 _
733 1379 838 1433 lata
900 1393 982 1436 est
1034 1383 1407 1449 Antiochiam,
1480 1397 1543 1442 et
1593 1389 1811 1444 ubinam
1867 1391 1968 1445 fuit
2007 1397 2297 1461 repositqu

734 1472 1056 1527 translatum
1110 1479 1485 1544 propheticum
1539 1481 1676 1535 illud
1756 1485 2193 1546 tabernaculum.
2246 1498 2301 1540 et

731 1560 978 1628 quisnam
1010 1563 1172 1618 fuerit
1201 1568 1417 1635 quidem
1460 1572 1652 1626 modus
1689 1573 1849 1642 hujus
1907 1579 2295 1644 translationis,

727 1661 781 1704 et
813 1653 934 1716 quis
968 1671 1159 1710 rursus
1188 1659 1475 1715 ablationis
1513 1650 1565 1714 el
1601 1667 2009 1728 exportationis.

799 1740 914 1796 Vll.
951 1744 1190 1801 Herodes
1215 1751 1309 1817 qui
1347 1750 1580 1806 infantes
1614 1754 1908 1820 occiderat,
1943 1761 2067 1812 cum
2106 1757 2296 1813 Judai-
2329 1733 2370 1791 Β

727 1847 849 1886 cum
887 1838 1180 1890 multorum
1206 1835 1566 1908 principatum
1594 1844 1928 1900 traduxisset
1950 1848 2015 1902 ad
2047 1865 2294 1920 regnum,

729 1924 950 1991 parebat
977 1929 1195 1996 quidem
1229 1929 1509 1987 Romanis.
1541 1934 1680 1988 Cum
1726 1939 1910 1992 multis
1940 1950 2120 1995 autem
2180 1957 2299 1997 mo-

725 2016 807 2070 dis
836 2032 1123 2085 quareret,
1155 2031 1211 2075 ut
1268 2024 1348 2077 eis
1376 2025 1650 2079 videretur
1680 2028 1973 2086 benevolus
2004 2041 2056 2086 et
2099 2034 2297 2100 fidelis,

720 2107 901 2162 elIecit
935 2112 1176 2179 quidem.
1209 2125 1267 2195 ut
1291 2114 1520 2172 Romani
1555 2135 1678 2172 eum
1712 2122 1960 2192 benignis
1991 2127 2296 2193 aspicerent

721 2198 918 2261 oculis,
959 2212 1013 2254 et
1047 2219 1145 2256 nec
1188 2203 1325 2274 fore,
1355 2216 1413 2259 ut
1441 2208 1509 2262 ab
1557 2211 1637 2264 eis
1677 2211 1952 2278 deficeret,
1996 2201 2160 2270 ullam
2194 2217 2292 2270 ba-

720 2287 908 2344 berent
944 2278 1336 2361 suspicionem.
1377 2296 1446 2361 Is,
1477 2311 1533 2352 ut
1566 2302 1765 2355 clarior
1796 2314 1939 2359 esset
1988 2321 2087 2360 sua
2118 2309 2170 2360 in
2197 2323 2292 2363 eos

721 2382 1118 2450 benevolentia,
1174 2389 1313 2443 inter
1347 2390 1450 2443 alia
1491 2393 1738 2465 condidit
1793 2395 1954 2450 etiam
1993 2398 2289 2464 civitatem,

723 2475 882 2528 sitam
916 2492 1021 2530 non
1059 2480 1246 2546 procul
1297 2483 1366 2535 ab
1398 2481 1809 2556 Hierosolymis.
1851 2488 1944 2541 sed
1997 2489 2288 2544 distantem

720 2577 928 2622 tantum
988 2569 1185 2638 itinere
1243 2574 1407 2629 unius
1456 2575 1584 2640 diei,
1611 2591 1727 2631 eam
1771 2594 1970 2634 vocans
2007 2581 2290 2647 Sebasten,

720 2655 907 2712 Latine
941 2659 1263 2741 Augustam,
1295 2677 1352 2718 ut
1391 2669 1614 2736 Augusti
1650 2667 1879 2724 Caesaris
1911 2672 2277 2741 appellatione

718 2735 1050 2816 significaret
1083 2768 1237 2808 suam
1270 2755 1323 2809 in
1357 2771 1482 2811 eum
1513 2759 1943 2815 benevolentiam
1971 2772 2023 2817 et
2053 2765 2289 2818 servitu-

715 2849 842 2894 tem.
879 2839 935 2894 In
962 2857 1046 2908 ea,
1076 2846 1168 2912 qui
1215 2852 1338 2915 post
1389 2848 1541 2902 illum
1604 2850 1842 2905 obtinuit
1897 2853 2285 2921 principatum,

718 2935 991 2989 tetrareha
1023 2934 1263 2994 Ilerodes
1289 2939 1403 2993 tixit
1441 2925 1668 3011 regiam,
1711 2943 1764 2996 in
1817 2961 1921 3013 qua
1972 2948 2134 3000 etiam
2187 2947 2287 3002 fuit

2420 505 2622 560 larunt,
2655 511 2990 567 quascunque
3042 513 3198 554 erant
3253 502 3516 570 reliquiae,
3570 511 3662 556 aut
3709 503 3966 573 integrum

2410 588 2842 652 tabernaculum,
2874 598 2970 644 aut
3025 592 3229 661 aliquid
3270 594 3416 647 aliud
3446 609 3511 647 ex
3550 594 3636 654 iis.
3662 601 3812 664 'quaa
3847 605 3971 649 sunt

2409 695 2556 748 purae
2588 687 2788 735 nostra:
2811 682 2934 735 fidei
2971 685 3148 749 signa,
3170 675 3246 738 'ea
3271 685 3455 738 omnia
3517 685 3626 754 igni
3683 684 3973 740 mandabat

2406 783 2460 827 et
2488 774 2654 828 cineri
2681 791 2694 838 ;
2724 789 2922 842 magno
2941 773 3192 840 deinceps
3220 773 3402 827 studio
3429 773 3575 826 venit
3603 773 3966 837 Antiochiam,

2406 865 2565 918 simul
2599 865 2817 933 quidem
2857 865 3133 918 immunda
3169 865 3775 934 peracturusgfmysteria
3807 865 3859 916 in
3879 879 3968 918 ara

2405 955 2976 1026 simulacrorumque:
2989 958 3089 1010 sita
3101 967 3182 1010 est
3198 955 3261 1009 ad
3281 955 3554 1022 Daphnen,
3572 965 3626 1009 et
3640 955 3800 1009 simul
3814 956 3970 1010 etiam

2405 1042 2864 1118 perscrutaturns,
2926 1059 2979 1103 et
3011 1050 3054 1104 si
3080 1059 3390 1102 sanctorum
3419 1048 3623 1117 aliquid
3649 1049 3701 1101 in
3731 1063 3794 1103 ea
3827 1050 3972 1102 inve-

2402 1139 2572 1193 nisset
2604 1140 2924 1208 repositum,
2985 1140 3036 1193 id
3081 1141 3191 1209 igni
3243 1140 3626 1194 mandaturus.
3681 1139 3817 1194 Cum
3872 1141 3978 1195 hoc

2398 1245 2531 1298 ergo
2561 1246 2762 1285 saevum
2798 1232 3169 1285 renuntiatum
3203 1243 3346 1286 esset
3391 1233 3510 1301 ejus
3543 1232 3845 1294 decretum,
3879 1230 3971 1299 qui

2398 1325 3008 1384 erantChristianarmn
3043 1326 3300 1394 partium.
3335 1340 3549 1378 sacram
3583 1339 3804 1378 manum
3833 1322 3974 1376 Prae-

2400 1415 2642 1467 cursoris
2665 1416 2803 1468 clam
2849 1416 2901 1468 in
2930 1417 3162 1485 quadam
3198 1426 3348 1470 turre
3375 1415 3634 1478 civitatis,
3667 1431 3788 1484 quae
3811 1429 3972 1469 voca-

2401 1517 2491 1559 tur
2529 1509 2710 1576 gonia,
2739 1509 2790 1562 id
2817 1519 2919 1571 est,
2945 1509 3200 1578 angulus,
3235 1508 3880 1574 studueruntincludere,
3904 1522 3971 1563 ne

2400 1598 2516 1666 capi
2555 1609 2736 1667 posset
2758 1601 2827 1654 ab
2865 1601 3177 1657 idololatra.
3203 1602 3308 1669 Qui
3367 1612 3548 1658 autem
3599 1601 3968 1670 pontiﬁcalem

2401 1691 2582 1743 sedem
2615 1693 2833 1746 tenebat
2863 1693 3275 1764 Hierosolymis,
3316 1709 3438 1749 cum
3498 1693 3777 1748 auditione
3807 1706 3970 1748 acce-

2403 1781 2570 1849 pisset
2597 1784 2990 1838 exsecrandum
3039 1787 3341 1849 decretum,
3370 1801 3470 1840 nec
3502 1796 3793 1857 tyrannum
3847 1799 3970 1839 om-

2399 1874 2530 1928 nino
2559 1882 2920 1940 moraturum,
2948 1876 3079 1954 quin
3100 1876 3167 1929 ad
3197 1891 3348 1930 sacra
3389 1876 3516 1931 loca
3547 1877 3890 1940 ascenderet,
3917 1886 3972 1931 et
4033 1922 4039 1927 .

2397 1982 2518 2035 qua:
2547 1967 2601 2020 in
2632 1968 2712 2022 eis
2735 1976 2888 2021 erant
2913 1967 3311 2045 pretiosissima
3337 1983 3592 2037 corpora.
3624 1969 3733 2038 igni
3763 1983 3970 2024 consu-

2396 2058 2590 2112 menda
2621 2059 2925 2119 mandaret,
2974 2059 3076 2113 hoc
3103 2059 3393 2128 diligenter
3419 2068 3600 2124 curat,
3633 2070 3686 2114 et
3711 2075 3966 2128 magnum

2397 2149 2612 2203 adhibet
2657 2150 2921 2213 studium,
2955 2159 3009 2203 ut
3039 2165 3069 2204 e
3097 2150 3280 2203 loculo
3303 2149 3578 2204 sublatum
3605 2149 3971 2206 Praecursoris

2397 2223 2832 2303 tabernaculum,
2875 2241 3270 2296 transmitteret
3297 2241 3628 2294 servandqu
3653 2241 3706 2295 in
3741 2242 3969 2296 civitate

2392 2327 2782 2392 Alexandrina,
2818 2329 2924 2382 alio
2956 2330 3190 2398 quodam
3221 2331 3498 2385 communi
3526 2345 3758 2400 corpore
3778 2347 3881 2400 pro
3902 2346 3972 2389 eo

2391 2419 2593 2486 repleta
2617 2418 2982 2487 depositione.

2466 2507 2532 2561 X.
2571 2509 2864 2577 Postquam
2908 2518 3091 2564 autem
3143 2510 3447 2566 Antiochia
3498 2513 3680 2567 omnia
3710 2528 3970 2582 perscru-

2394 2607 2539 2652 tatus
2572 2600 2660 2652 ille
2690 2599 2912 2668 impius,
2946 2615 3008 2652 ea
3041 2611 3124 2655 est
3158 2616 3481 2672 aggressus,
3526 2617 3646 2671 qum
3697 2603 3812 2658 fieri
3861 2619 3972 2665 non

2392 2695 2661 2756 poterant,
2709 2702 2833 2741 cum
2886 2688 3154 2742 absconsa
3205 2704 3401 2745 manus
3435 2705 3706 2759 nusquam
3738 2705 3970 2760 compa-

2392 2789 2557 2839 reret,
2587 2791 2655 2831 eo
2685 2777 2775 2830 ille
2804 2778 3104 2831 sceleratus
3145 2778 3416 2833 desiderio
3452 2779 3763 2844 frustratus,
3821 2792 3878 2837 et
3910 2781 3966 2835 in

2392 2867 2659 2936 reliquum
2703 2867 3077 2936 propheticum
3106 2883 3304 2938 corpus
3339 2868 3524 2924 furore
3570 2871 3836 2939 percitus,
3871 2871 3971 2941 qui

2390 2957 2442 3012 id
2465 2967 2858 3022 srrutarentur,
2890 2960 3073 3013 statim
3097 2959 3245 3013 misit
3267 2975 3440 3028 usque
3458 2961 3524 3015 ad
3560 2959 3963 3033 Hierosolyma,
4043 2997 4048 3002 ς

717 3020 847 3075 illud
879 3025 1215 3092 convivium,
1247 3043 1356 3096 quo
1382 3031 1638 3098 propheta
1677 3031 1782 3087 fuit
1803 3035 2038 3097 occisus,
2063 3038 2277 3103 etjuxta

2389 3058 2447 3103 ut
2487 3020 2977 3118 Prmcursorisigni
3009 3050 3784 3107 mandarenttabernaculum.
3805 3020 3965 3120 éuod

714 3126 877 3181 quam
914 3112 1090 3169 fuerat
1117 3117 1172 3170 in
1199 3118 1432 3176 vinCulis
1464 3121 1550 3174 hic
1573 3137 1726 3176 sacer
1753 3125 2012 3193 propheta
2055 3129 2106 3181 in
2142 3144 2279 3196 quo-

712 3202 836 3254 dam
873 3205 1161 3259 tenebroso
1195 3219 1412 3261 reorum
1449 3211 1751 3266 domicilio.
1801 3214 1973 3284 Cujus
2003 3235 2068 3272 ex
2102 3228 2281 3274 trans.

714 3308 873 3349 verso
919 3295 1163 3351 referunt
1226 3292 1496 3368 sepultum
1561 3301 1730 3358 fuisse.
1761 3322 1960 3377 corpus
2013 3309 2279 3379 praeconis

711 3386 973 3447 veritatis,
993 3385 1113 3455 Q'uo
1136 3381 1300 3443 etiam
1331 3391 1382 3447 in
1410 3391 1531 3447 loco
1550 3393 1738 3450 dicunt
1762 3398 1911 3465 prius
1943 3399 2109 3456 fuisse
2137 3405 2274 3458 alte-

707 3492 829 3532 rum
861 3481 1170 3548 sepulcrum
1208 3484 1486 3552 prephetaa
1508 3486 1707 3552 Elisazi,
1734 3490 1869 3544 adeo
1891 3505 1949 3545 ut
1979 3493 2087 3546 duo
2115 3495 2274 3549 loculi

709 3570 1024 3626 viderentur
1056 3575 1220 3628 simul
1259 3578 1501 3644 jacentes
1565 3580 1617 3633 in
1673 3598 1780 3637 uno
1806 3595 1857 3638 et
1888 3586 2076 3642 eodem
2136 3589 2272 3644 loco.

710 3661 789 3720 lbi
857 3678 1107 3735 quoque;
1143 3669 1398 3736 templum
1429 3673 1725 3727 maximum
1753 3677 1880 3730 olim
1936 3689 2270 3735 exstructum

613 3742 622 3760 ⁵
707 3751 900 3819 fuerat,
935 3742 1080 3825 quod
1117 3769 1340 3826 propter
1368 3775 1429 3815 ea
1465 3779 1585 3831 qua:
1613 3766 1664 3818 in
1703 3766 1820 3835 ipso
1852 3771 2069 3833 flebant,
2108 3773 2274 3827 mira-

705 3844 825 3896 cula
851 3855 902 3897 et
933 3848 1418 3914 pulchritudinem,
1450 3850 1624 3908 fuerat
1660 3856 2099 3926 ineomparabile.
2134 3863 2294 3934 Cum

701 3934 822 4002 ejus
873 3947 1052 3991 autem
1088 3949 1285 3994 tectum
1327 3948 1570 4012 tempore
1629 3947 1964 4016 deﬂuxisset,
2027 3955 2128 4007 sub
2182 3955 2270 4008 dio

701 4026 886 4080 relicta
914 4039 1040 4081 sunt
1077 4030 1196 4098 ejus
1240 4031 1491 4099 adificia,
1543 4037 1681 4092 adeo
1706 4047 1764 4092 ut
1800 4057 1904 4096 una
1948 4045 2061 4097 sola
2101 4045 2264 4099 lllesa

697 4122 1021 4174 remanserit
1059 4123 1409 4190 domuncula,
1470 4141 1592 4197 qua:
1641 4133 1930 4186 vocabatur
1981 4149 2264 4191 sacrorum

695 4222 955 4262 vasorum
989 4214 1234 4266 custodia
1272 4215 1324 4266 in
1355 4231 1460 4284 qua
1493 4220 1655 4275 etiam
1690 4222 1883 4277 inclusi
1939 4224 2098 4279 loculi
2142 4243 2265 4295 pro-

692 4299 976 4369 phetarum
1011 4306 1478 4377 conservabantur
1507 4311 1709 4380 absque
1759 4313 1888 4374 ullo.
1911 4316 2258 4373 detrimento.

2387 3141 2605 3193 cum‘ad
2641 3140 2799 3194 tinem
2836 3151 2982 3195 easet
3035 3143 3349 3207 deductum,
3375 3140 3431 3197 et
3454 3160 3760 3208 commune,
3817 3147 3964 3214 quod

2382 3246 2482 3300 pro
2515 3231 2608 3284 illo
2641 3234 2912 3299 sepultum
2967 3232 3162 3296 fuerat,
3196 3249 3395 3303 corpus
3451 3236 3520 3290 ab
3547 3237 3616 3291 iis
3660 3238 3756 3305 qui
3804 3237 3979 3292 missi'

2381 3321 2598 3376 fuerant
2632 3323 2684 3376 in
2733 3323 2990 3377 cinerem
3027 3335 3170 3380 esset
3199 3325 3499 3391 redactum,
3550 3326 3698 3380 illinc
3738 3328 3960 3382 solvens

2378 3411 2836 3466 duxitexercitum
2851 3412 2916 3466 ad
2933 3413 3281 3469 obsidendam
3301 3415 3581 3479 Edessam,
3604 3425 3791 3485 utpote
3808 3416 3957 3487 quod

2375 3503 2466 3571 qui
2488 3505 2538 3555 in
2561 3519 2623 3556 ea
2647 3503 2985 3570 habitabant,
3007 3504 3224 3572 planum
3252 3516 3402 3560 esset
3428 3521 3524 3562 eos
3551 3517 3695 3562 stare
3725 3523 3754 3561 a
3787 3509 3958 3576 parti-

2377 3595 2476 3647 bus
2504 3593 2962 3648 Christianorum.
2990 3595 3159 3649 Aiunt
3211 3606 3390 3651 autem
3420 3598 3708 3662 quemdam
3745 3613 3811 3653 ex
3838 3599 3954 3655 suis

2377 3686 2615 3749 famulis,
2640 3687 2733 3755 qui
2753 3686 2921 3740 libere
2934 3702 3058 3740 cum
3076 3701 3142 3742 eo
3165 3687 3511 3758 loquebatur,
3528 3697 3582 3743 et
3595 3697 3714 3744 erat
3727 3691 3774 3743 ei
3797 3690 3955 3746 valde

2370 3769 2718 3846 cenjunctus.
2754 3795 2818 3832 ex
2851 3779 3036 3832 animo
3069 3794 3198 3834 vero
3229 3795 3317 3835 res
3339 3779 3780 3838 Christianorum
3804 3780 3953 3839 cole-

2371 3870 2464 3922 bat
2492 3879 2546 3922 et
2574 3870 2902 3934 honorabat,
2936 3885 3059 3923 eum
3101 3887 3129 3924 a
3162 3882 3343 3941 empto
3387 3873 3757 3942 prohibuisse,
3790 3884 3848 3930 et
3882 3877 3951 3930 ad

2371 3960 2567 4013 bellum
2619 3960 2888 4015 adversus
2918 3959 3112 4016 Persas
3141 3963 3436 4033 gerendum
3475 3965 3760 4030 incitasse,
3810 3969 3952 4022 civi-

2369 4051 2682 4104 tatem’cum
2714 4051 2891 4115 vellet,
2931 4053 2984 4106 in
3021 4061 3338 4122 potestatem
3367 4055 3487 4122 ejus
3511 4064 3792 4112 venturam
3824 4059 3948 4126 pol-

2367 4141 2557 4195 lieens.
2593 4141 2660 4195 Et
2687 4143 2768 4196 sic
2813 4145 3044 4198 consilio
3090 4143 3496 4215 obtemperans,
3547 4147 3823 4215 profectus
3861 4158 3948 4204 est

2367 4233 2433 4286 ad
2466 4233 2667 4286 bellum
2721 4245 2906 4287 contra
2950 4234 3146 4289 Persas
3178 4238 3496 4305 gerendum.
3531 4238 3587 4291 In
3622 4237 3732 4308 quo
3786 4239 3945 4308 plaga

2367 4321 2627 4376 divinitus
2659 4322 2905 4388 immissa
2934 4339 3250 4394 percussus,
3284 4329 3447 4380 vitam
3494 4328 3944 4382 tiniit‘miserabi-

763 4389 895 4444 VIII.
912 4393 1048 4448 Cum
1080 4407 1259 4452 autem
1282 4399 1458 4456 Lucas
1481 4407 1808 4473 evangelista
1829 4409 2255 4476 circumquaque
2284 4401 2335 4461 D
2363 4412 2502 4467 liter.

687 4482 1086 4540 omnesﬁbiret
1111 4491 1382 4556 regiones,
1413 4495 1500 4548 ubi
1520 4498 1678 4550 etiam
1706 4497 1957 4552 obeundo
1991 4502 2135 4552 venit
2157 4502 2255 4553 Se-

687 4577 898 4643 basten,
918 4578 1220 4638 Antiochia:
1243 4593 1418 4639 tactus
1439 4587 1728 4651 desiderio,
1753 4598 1810 4642 ut
1829 4590 1916 4657 qui
1948 4592 1998 4642 in
2029 4606 2091 4644 ea
2113 4602 2255 4644 esset

687 4680 866 4734 natus,
896 4685 1094 4741 magno
1122 4674 1340 4741 quidem
1369 4682 1649 4732 tenebatur
1681 4682 1856 4735 studio
1887 4697 2100 4737 sacrum
2123 4683 2253 4735 illud

682 4758 1050 4818 Prmcursoris
1081 4779 1280 4834 corpus
1311 4768 1530 4823 tollendi
1563 4770 1854 4839 integrum.
1887 4774 2021 4826 Cum
2070 4783 2251 4827 autem

681 4867 788 4907 non
826 4867 1029 4923 posset,
1081 4859 1340 4926 quoniam
1386 4862 1676 4931 diligenter
1705 4865 2041 4928 servabatur,
2076 4868 2249 4920 ablata

682 4961 842 5001 manu
872 4952 1114 5013 dextera,
1140 4968 1259 5006 eam
1287 4957 1519 5024 portavit
1551 4959 1601 5009 in
1625 4974 1776 5011 suam
1813 4961 2107 5023 civitatem,
2131 4944 2249 5014 loco

679 5038 908 5106 alicujus
941 5044 1163 5098 alterius
1196 5046 1464 5109 benellcii,
1495 5058 1546 5101 et
1587 5049 1815 5101 aliarum
1842 5050 2151 5103 divitiarum
2176 5051 2245 5118 ei,

677 5146 799 5200 qua:
827 5132 998 5201 ip5um
1034 5137 1262 5200 aluerat,
1296 5138 1436 5193 hanc
1464 5140 1694 5194 reddens
1719 5143 2020 5196 mercedem
2051 5146 2247 5198 educa-

674 5224 861 5280 tionis.
899 5227 982 5280 Al)
1045 5228 1135 5282 illo
1196 5246 1326 5300 ergo
1361 5241 1604 5300 tempore
1643 5235 1742 5286 sitzi
1770 5245 1888 5288 erat
1927 5253 2122 5292 manus
2157 5240 2245 5292 illa

675 5315 813 5380 apud
842 5317 1233 5383 Antiochenos,
1265 5322 1315 5372 in
1334 5339 1524 5391 magno
1551 5326 1756 5378 honore
1782 5327 1985 5388 habita,
2013 5330 2243 5399 etjugis,

674 5422 792 5474 quae
830 5410 881 5462 in
921 5425 982 5466 ea
1036 5412 1265 5476 habitat,
1304 5417 1487 5483 gratia:
1513 5418 1669 5470 ﬁderit
1706 5419 1910 5473 faciens
1941 5423 2240 5476 miraculis.

743 5494 831 5551 IX.
870 5499 1000 5553 Cum
1042 5514 1223 5556 autem
1280 5502 1526 5561 Julianus
1555 5509 1832 5578 tyrannice
1863 5511 2074 5563 clavum
2105 5515 2243 5566 arri-

660 5590 878 5654 .puissct
913 5591 1142 5659 imperii,
1178 5597 1437 5664 quoniam
1463 5613 1574 5660 eos,
1615 5603 1702 5667 qui
1731 5603 1902 5670 ipsum
1950 5619 2241 5671 [)I‘J‘CGSSE‘

671 5691 808 5744 rant,
868 5696 1244 5749 persecutores
1275 5699 1324 5742 et
1361 5690 1450 5744 Dei
1507 5691 1689 5747 hosues
1735 5683 2089 5753 contendebat
2148 5716 2237 5753 su-

2432 4505 2523 4559 XI.
2560 4509 2853 4578 Postquam
2893 4521 3069 4565 autem
3097 4511 3163 4563 ad
3183 4510 3365 4565 fideles
3390 4512 3742 4580 imperatores
3760 4513 3938 4568 redie-

2357 4611 2484 4654 runt
2508 4615 2716 4670 sceptra
2739 4604 3188 4666 llomanorum,et
3207 4604 3406 4657 reddita
3428 4604 3526 4658 fuit
3548 4604 3936 4660 librrtasClirt-

2359 4694 2571 4757 stianis,
2611 4696 2953 4750 nesciebatur
2983 4696 3226 4765 quidem,
3258 4698 3475 4751 ubinam
3508 4709 3653 4752 esset
3702 4701 3936 4766 pretiosa

2358 4802 2575 4850 manus,
2607 4789 2673 4841 ab
2707 4788 2771 4842 iis
2785 4794 2878 4856 qui
2896 4790 3286 4844 Antiochenam
3311 4791 3931 4847 habitabantcivitatem.

2357 4877 2460 4930 Sed
2494 4880 2633 4932 haud
2670 4882 2740 4932 ita
2779 4881 2867 4934 diu
2894 4892 3015 4949 post
3044 4884 3476 4949 perdiviniorem
3515 4882 3806 4936 revelatum
3833 4883 3934 4937 fuit

2357 4969 2619 5022 visionem
2653 4971 2872 5024 ubinam
2914 4982 3055 5026 esset
3110 4974 3393 5026 absconsa.
3429 4972 3599 5038 Quam
3631 4988 3757 5029 cum
3799 4975 3933 5028 lide-

2353 5059 2474 5112 liter
2507 5077 2572 5113 ex
2601 5076 2666 5113 eo
2691 5061 2812 5114 loco
2837 5063 3208 5128 sustulissent,
3251 5063 3303 5115 in
3337 5076 3398 5115 ea
3427 5062 3746 5118 honoranda
3777 5070 3930 5117 erant

2353 5149 2715 5203 insatiabiles.
2777 5150 2908 5205 Cum
2959 5163 3139 5206 autem
3201 5167 3305 5205 non
3384 5168 3574 5222 parum
3636 5151 3928 5208 efﬂuxisset

2353 5243 2638 5308 temporis,
2673 5244 2970 5313 imperator
2996 5245 3338 5299 .Iustinianus
3374 5246 3518 5300 inter
3546 5245 3672 5310 alia,
3693 5260 3813 5315 quae
3839 5247 3927 5315 pie

2350 5333 2698 5402 gessit,'fecit
2726 5339 2890 5391 etiam
2933 5338 3036 5390 tale
3064 5338 3214 5403 quid.
3256 5338 3404 5391 Hanc
3458 5337 3598 5391 enim
3633 5335 3923 5390 miraculo-

2349 5440 2467 5478 rum
2495 5427 2820 5481 eﬂectricem
2851 5427 3211 5482 Prmcursoris
3269 5428 3572 5493 dexteram,
3619 5441 3685 5481 et
3736 5424 3922 5479 Antio-

2345 5519 2489 5583 chia,
2519 5530 2573 5574 et
2605 5520 2813 5572 Domini
2845 5532 2898 5575 et
2937 5521 3026 5574 Dei
3065 5521 3234 5576 nostri
3266 5519 3528 5584 tunicam,
3549 5535 3668 5588 quae
3698 5525 3836 5579 erat,
3861 5517 3916 5570 in

2343 5615 2416 5666 (ιιι
2433 5616 2560 5666 itote
2587 5613 2988 5677 Maratsemere,
3011 5624 3062 5666 et
3099 5612 3333 5666 maxime
3354 5611 3713 5665 venerandum
3731 5615 3912 5675 caput,

2342 5721 2403 5759 ex
2442 5703 2629 5757 limosa
2658 5708 2931 5763 transtulit
2957 5707 3019 5761 ad
3052 5705 3253 5777 regiam
3284 5704 3580 5767 civitatem,
3608 5717 3622 5755 :
3652 5715 3770 5772 quin
3793 5701 3919 5775 qut-
