4024 6438
199 369 296 432 617

1287 370 1380 433 DE
1424 375 1633 437 MANU
1675 380 1732 436 S.
1775 373 2351 439 PR/ECURSORIS.

3360 377 3469 443 6|8

201 491 316 538 dam
350 482 776 539 esten-.lebantur
807 487 1089 554 obsignata
1122 489 1404 554 signaculo
1448 492 1620 544 sancti
1674 492 1766 543 im-
1796 500 1841 552 Α
1875 492 1924 540 in
1957 494 2189 544 mediani
2232 494 2412 560 gulam
2448 493 2743 559 jacnlatns.
2778 490 2894 558 ejus
2927 493 3071 558 jar-tu
3120 492 3300 542 statim
3333 503 3468 558 quo:

199 579 464 642 paraturis
493 579 860 638 Constantini,
893 579 957 630 a-l
999 582 1120 642 hoc,
1151 592 1207 632 ιιι
1256 598 1364 634 non
1409 584 1642 650 amplius
1695 599 1760 634 ex

192 672 268 723 eis
299 671 622 723 avelleretur
650 672 717 723 ab
743 673 810 724 iis
863 674 954 739 qui
1013 677 1498 741 amplecterentur.
1553 675 1764 728 Ablatis

192 775 318 824 ergo
358 760 681 826 signaculis,
713 777 835 812 cum
868 763 1126 828 templum
1162 764 1548 826 Pr:eeursoris,
1616 765 1759 833 quod

191 850 240 902 in
267 841 548 902 Hebdomo
573 862 653 902 est
681 854 749 903 ab
776 867 841 904 eo
870 855 1220 926 militicatuni,
1256 871 1348 922 per
1383 857 1592 909 Domini
1618 859 1765 909 tnui.-

188 953 305 990 cam
358 947 413 992 et
446 939 712 1008 ejusmodi
770 958 956 996 sacras
1020 947 1422 1000 sanctificasset
1475 947 1760 1014 reliquias,

185 1045 384 1084 rursus
405 1033 612 1085 remisit
639 1033 754 1086 suis
803 1035 1117 1104 obsignatas
1169 1038 1466 1106 signaculis
1494 1053 1580 1098 eo.
1617 1040 1762 1092 unde

186 1133 467 1196 venerant,
501 1124 672 1176 solam
701 1126 977 1179 dexteram
1014 1130 1383 1196 propheticam
1443 1130 1760 1198 relinquens

188 1226 290 1263 nun
313 1213 608 1280 signatam.
631 1224 690 1266 ut
723 1232 842 1283 qua:
872 1228 1169 1286 nngcretur
1206 1220 1521 1288 unguentis.
1559 1233 1610 1275 et
1635 1238 1760 1276 sus-

185 1304 464 1357 tollere-tur
495 1306 544 1357 in
584 1306 720 1359 festo
749 1306 1123 1364 Esaltationis.

253 1391 366 1445 XII.
407 1394 468 1446 Et
493 1395 569 1448 sic
597 1398 814 1465 quidem
849 1399 915 1450 de
942 1401 1271 1456 hisrclatum
1301 1411 1382 1457 est
1407 1419 1434 1456 a
1460 1404 1758 1466 veteribus.

181 1483 301 1536 aliis
333 1486 435 1537 alia
494 1488 561 1539 de
619 1505 780 1542 manu
825 1493 1204 1565 narrantibus,
1271 1497 1533 1548 conclusa
1578 1505 1756 1548 tamen

183 1575 231 1626 in
262 1593 425 1630 unam
481 1588 533 1630 et
587 1583 828 1635 eamdem
865 1584 986 1638 tidei
1039 1589 1336 1653 notionem,
1362 1590 1758 1656 etcxpcllemia

180 1681 396 1719 omnem
434 1669 888 1743 incredulitatem.
951 1677 1241 1731 aberrante
1277 1680 1482 1733 nemini
1509 1683 1694 1748 procul
1729 1698 1755 1733 a

183 1757 430 1813 veritate.
473 1761 626 1826 Quod
651 1764 696 1817 si
731 1776 945 1834 oportet
977 1769 1140 1822 etiam
1177 1751 1409 1838 alicujus
1441 1773 1757 1827 meminisse

181 1850 457 1913 miraculi,
492 1856 772 1911 Antioirhia
823 1861 1108 1915 nobiscum
1153 1864 1226 1928 ei,
1281 1867 1424 1933 quod
1485 1866 1752 1926 dicemus,
1790 1845 1828 1897 Β

180 1944 310 1998 feret
335 1947 713 2003 testimonium
750 1969 762 2004 :
796 1955 940 2020 quod
967 1956 1183 2022 quidem
1212 1958 1489 2012 auditione
1539 1973 1567 2010 a
1595 1959 1754 2011 nobis

179 2047 458 2104 acceptum
487 2051 567 2092 est
597 2055 659 2092 ex
703 2043 1051 2109 quibusdam,
1086 2047 1177 2114 qui
1203 2047 1317 2099 illic
1341 2058 1472 2100 sunt
1528 2047 1752 2102 versati.

180 2121 227 2172 lu
259 2138 495 2189 caverna
527 2128 882 2183 delitescebat
914 2133 1132 2197 quidam
1168 2134 1338 2188 draco
1383 2137 1434 2187 in
1476 2137 1594 2204 ejus
1641 2137 1756 2190 fini-

177 2212 296 2273 bus,
329 2232 516 2291 quem,
551 2220 640 2286 qui
689 2221 1004 2276 habitabant
1031 2225 1330 2288 civitatem,
1355 2229 1408 2279 in
1437 2229 1569 2282 deos
1608 2229 1750 2282 refe-

176 2316 377 2368 rentes,
413 2311 789 2364 anniversario
823 2316 1466 2374 honorabantsacrificio.
1495 2319 1548 2372 Id
1570 2330 1747 2372 autem

175 2411 286 2450 erat
313 2401 493 2468 puella
530 2403 701 2471 virgo,
753 2421 873 2472 qme
931 2407 1094 2476 paulo
1142 2419 1271 2461 ante
1307 2418 1630 2478 pervenerat
1682 2412 1748 2465 ad

175 2490 539 2559 pubertatem,
571 2504 624 2547 et
648 2511 868 2564 propter
899 2515 1004 2551 non
1035 2501 1295 2568 pollutam
1352 2503 1746 2571 virginitatem,

173 2585 600 2641 conservabat-1r
626 2589 848 2643 draconi
881 2593 1232 2648 sacrificium.
1262 2595 1395 2661 Quis
1418 2606 1535 2651 erat
1565 2610 1744 2652 autem

173 2673 367 2726 modus
393 2677 646 2732 sacrificii

240 2760 383 2817 XIII.
425 2766 479 2819 In
516 2783 580 2821 eo
611 2771 728 2838 ipso
757 2773 898 2835 loco,
941 2774 992 2826 in
1022 2791 1130 2843 quo
1159 2788 1274 2832 erat
1329 2795 1558 2834 caverna
1616 2784 1743 2835 dra-

171 2855 341 2920 conis,
373 2859 700 2916 Antiocheni
735 2867 949 2934 publice
999 2869 1359 2935 confluentes,
1404 2883 1457 2927 et
1488 2874 1744 2944 frequens

171 2946 342 3001 effecti
395 2951 693 3018 theatrum,
751 2973 874 3010 cuin
934 2961 1170 3028 puellam
1229 2965 1742 3034 circumduxissent,

170 3039 482 3104 praebebant
513 3045 878 3102 devoraudam
901 3051 1148 3107 draconi.
1183 3054 1232 3109 Is
1262 3072 1387 3109 vero
1415 3072 1743 3128 proserpens

1869 596 1974 646 que
1997 590 2226 632 mortem
2257 582 2304 633 ei
2342 583 2541 634 attulit.

1942 671 2081 725 XIV.
2109 673 2200 725 llis
2224 674 2300 727 sic
2327 673 2515 740 gestis,
2543 683 2695 739 pater
2719 671 2938 740 quidem
2969 671 3142 722 vivam
3180 673 3338 724 tiliam
3367 673 3467 724 dos

1869 781 2017 818 mum
2053 767 2282 826 reducit,
2316 779 2362 818 et
2391 765 2643 834 lact-ymis
2671 765 2832 818 simul
2861 774 2908 815 et
2931 765 3131 828 gaudio
3158 765 3345 832 plenus
3369 808 3382 831 ,
3409 773 3464 818 et

1867 874 1894 907 a
1923 857 2268 918 linirabilem,
2324 869 2377 910 et
2429 872 2548 924 quc
2583 867 2773 924 praeter
2810 857 3125 922 opinionem
3157 857 3457 914 acciderat,

1867 952 1987 1002 lilia:
2015 966 2243 1002 narrans
2271 951 2721 1017 redemptionem.
2755 950 2852 1013 Qui
2879 961 3057 1002 autem
3085 951 3462 1002 etrcumsistc-

1877 1043 1965 1094 bat
2034 1045 2294 1110 pt‘ltzttltls,
2354 1044 2554 1109 insigni
2589 1043 2855 1095 miraculo
2901 1042 3346 1110 obstupefactus,
3380 1043 3465 1094 in-

1870 1147 2056 1195 centes
2110 1135 2216 1185 Ι)ιο
2276 1138 2468 1204 agebat
2523 1138 2746 1203 gratias.
2811 1137 2929 1197 Quo
2982 1135 3182 1187 faitnm
3249 1146 3359 1198 cst,
3406 1147 3460 1188 ut

1866 1223 2194 1278 Pt'azettrsori
2235 1230 2498 1296 templum
2547 1229 2652 1280 illic
2685 1239 3091 1286 construerent.
3137 1230 3225 1282 ubi
3259 1230 3459 1283 factum

1867 1316 2045 1370 fuerat
2077 1320 2423 1378 miraculum,
2449 1321 2593 1387 quod
2637 1325 2989 1373 nominarunt
3041 1323 3374 1388 κρεμαστὸν,
3409 1324 3459 1374 id

1866 1418 1968 1468 est,
2019 1425 2372 1475 suspensum.
2420 1415 2532 1462 sive.
2591 1422 2911 1479 propterea.
2951 1415 3096 1478 quod
3150 1429 3310 1480 supra
3355 1425 3461 1464 tet-

1868 1514 1980 1548 ratn
2016 1499 2086 1550 sit
2149 1501 2324 1551 solum
2379 1503 2560 1566 tetnpli
2591 1503 2888 1559 eleuatum.
2919 1502 3030 1552 siue
3065 1503 3206 1569 quod
3243 1501 3308 1553 ad
3345 1517 3462 1554 tam

1864 1597 1972 1637 tim
2047 1588 2402 1640 :cdilieiorum
2485 1590 2875 1641 sublimitatem
2940 1591 3058 1654 ejus
3118 1593 3188 1642 sit
3236 1601 3458 1644 extensa

1865 1676 2113 1729 latitudo.
2148 1689 2204 1730 ut
2241 1680 2710 1747 conspicientibus
2749 1698 2915 1748 prope.
2941 1682 3190 1734 rideatur
3224 1685 3460 1749 pendcm

1863 1766 1913 1818 in
1975 1783 2119 1822 aere.
2179 1770 2232 1822 In
2291 1785 2403 1837 quo
2432 1786 2555 1822 cum
2633 1771 2778 1824 hunc
2831 1784 3124 1826 sacrumet
3169 1775 3458 1827 mirificum

1859 1853 2087 1922 digitum
2134 1863 2544 1929 deposuissent,
2592 1879 2715 1916 ettm
2762 1863 2914 1917 festis
2977 1866 3250 1919 honorant
3305 1868 3462 1919 anni-

1861 1953 2139 2012 versariis.
2209 1955 2572 2016 miraculum,
2639 1961 2779 2024 quod
2843 1957 3044 2009 factum
3099 1958 3308 2020 fuerat,
3363 1974 3460 2025 per

1858 2047 2448 2098 commcmorationcm
2533 2047 2966 2100 transmittentes
3059 2048 3123 2101 ad
3188 2062 3457 2115 posteros.

1859 2133 2072 2188 Dicitur
2095 2137 2260 2189 etiam
2288 2139 2432 2190 aliud
2467 2155 2685 2208 quoque
2712 2141 2909 2193 mirum
2944 2141 3048 2195 tale
3080 2141 3192 2194 ﬁeri
3214 2143 3452 2208 signum.

1860 2225 2032 2294 Ilujus
2091 2230 2301 2284 scilicet
2357 2244 2558 2284 sancta:
2626 2246 2821 2285 manus
2885 2233 3181 2302 aliquando
3233 2236 3452 2300 quidem

1853 2320 2073 2372 extendi
2125 2321 2349 2386 digitos.
2377 2323 2674 2389 aliquando
2720 2341 2851 2378 vero
2905 2327 3178 2390 contrahi,
3221 2344 3452 2392 quorum

1852 2412 2170 2464 exrensione
2198 2413 2416 2480 qui-lem
2444 2417 2738 2483 significari
2770 2418 3107 2474 fertilitatem
3150 2422 3448 2485 fructuum,

1852 2505 2225 2557 contractione
2253 2515 2432 2557 autem
2467 2507 2705 2575 inopiam
2739 2520 2792 2561 et
2825 2512 3128 2575 penuriam.

1933 2592 2046 2645 XV.
2099 2596 2234 2646 (Tum
2293 2607 2475 2649 autem
2523 2600 2699 2660 tnttlti,
2748 2602 2835 2668 qui
2889 2613 3012 2655 ante
3072 2619 3169 2656 nos
3209 2606 3445 2666 fuerunt.

1855 2683 2216 2752 imperatores
2275 2686 2416 2739 hanc
2498 2704 2718 2743 manum
2788 2692 3196 2750 desiderasscnt
3254 2702 3447 2765 quovis

1853 2778 2018 2828 modo
2079 2780 2391 2844 possidere,
2448 2797 2548 2834 nec
2608 2799 2828 2844 srnere.
2890 2797 2945 2838 ut
2991 2798 3205 2841 tantum
3239 2792 3442 2844 bonum

1851 2877 2093 2920 maneret
2147 2870 2288 2936 apud
2342 2871 2602 2927 barbaras
2663 2886 2874 2942 gentes.
2942 2894 3060 2944 quae
3091 2891 3274 2947 partes
3329 2885 3447 2936 illas

1847 2970 2202 3028 occuparant,
2271 2967 2580 3027 captivum;
2651 2969 2953 3033 augebatur
2995 2972 3238 3040 quidem:
3268 2989 3331 3029 ac
3363 2980 3446 3026 vi-

1845 3052 1999 3119 gebat
2034 3050 2154 3113 eius
2187 3052 2259 3104 rei
2296 3054 2627 3107 dasiderimn
2650 3097 2662 3112 .
2697 3058 2792 3110 δι·ιί
2839 3060 3050 3121 modus,
3087 3073 3195 3130 q‘no
3231 3066 3280 3118 id
3315 3081 3444 3133 pos-

169 3143 197 3181 e
224 3145 480 3197 caverna,
523 3146 577 3190 el
608 3138 945 3207 insperatum
1000 3155 1055 3198 ει
1102 3146 1424 3205 incredibile
1471 3166 1741 3221 apparens
1769 3185 1810 3240 C
1851 3143 2116 3202 Sitit‘rCIIl.
2150 3145 2300 3196 nullo
2341 3147 2499 3197 tnodu
2534 3147 2760 3201 iliVCIIil‘i
2797 3162 3026 3217 ιιοιοιτιι.
3091 3154 3154 3207 Ει
3201 3172 3323 3209 cum
3365 3162 3443 3211 Pi!

169 3224 771 3299 miraculum.serpeus
830 3244 883 3289 et
947 3253 1140 3306 repens
1205 3243 1321 3295 suis
1387 3244 1657 3317 pedibus,-
1687 3256 1741 3299 et

171 3316 531 3385 naturali,qui
566 3331 651 3373 est
687 3323 854 3388 intus,
895 3328 1087 3395 spiritu
1118 3331 1459 3397 incurvatus,
1491 3344 1544 3387 et
1567 3316 1740 3390 instar

168 3406 321 3460 undae
363 3417 477 3462 tum
540 3411 743 3478 factus,
801 3417 968 3471 hianti
1011 3438 1105 3475 ore
1129 3433 1180 3476 et
1230 3425 1458 3479 dilatato
1517 3428 1739 3482 thorace

167 3498 460 3565 accipiebat
491 3506 849 3569 sacriﬁcium,
883 3522 937 3563 et
971 3512 1243 3568 lacerabat
1294 3518 1572 3590 dentibus.
1634 3521 1738 3572 Pro

169 3600 310 3642 taure
343 3602 522 3646 autem
587 3611 711 3650 sors
740 3599 1005 3669 obtigerat
1038 3604 1252 3658 cuidam
1308 3610 1641 3669 Christiano.
1680 3622 1738 3664 ut

169 3689 312 3730 suam
343 3681 500 3736 daret
536 3684 698 3738 filiam
761 3688 987 3742 draconi
1040 3693 1476 3760 sacrit‘tcamlam,
1511 3697 1601 3765 qui
1634 3698 1738 3749 sti-

171 3769 323 3823 mulis
349 3775 1052 3847 sauciatus_naturalibns,
1094 3801 1158 3838 ex
1210 3789 1378 3840 corde
1425 3790 1737 3855 suspirabat

169 3859 231 3912 ad
266 3867 558 3920 maximum
619 3869 1042 3928 Ριυωευτδοτειιι.
1115 3878 1178 3929 Et
1218 3887 1276 3929 ut
1335 3880 1438 3930 lilia
1477 3894 1504 3932 a
1563 3892 1735 3934 morte

170 3957 365 4009 servari
399 3960 592 4027 possit.
629 3964 735 4017 tale
781 3965 909 4033 quid
966 3970 1278 4035 excogitat:
1308 3971 1444 4024 Cum
1483 3988 1733 4040 magnam

172 4041 270 4097 \‘im
300 4049 417 4099 auri
449 4052 588 4116 apud
622 4067 680 4106 se
699 4055 1093 4121 abscondisset,
1128 4061 1262 4123 petit
1297 4071 1353 4113 ιιι
1381 4062 1481 4114 sibi
1521 4065 1737 4131 permit.

170 4138 366 4186 teretur
418 4137 648 4192 adorare
702 4157 920 4195 manum
946 4154 1192 4199 sanctam
1247 4149 1316 4201 ab
1352 4166 1436 4207 eu,
1465 4151 1555 4216 qui
1586 4151 1731 4203 illam

143 4223 443 4295 servabat.
465 4227 513 4281 Is
547 4240 729 4283 autem
757 4235 1025 4288 concessit
1053 4238 1402 4303 postulatum.
1441 4239 1576 4294 Cum
1606 4257 1733 4296 vero

171 4309 282 4365 isin
325 4314 410 4368 bis
441 4329 608 4384 esset,
645 4332 697 4375 et
727 4326 869 4390 quod
905 4326 1166 4382 afferebat
1217 4347 1410 4386 aurum
1479 4334 1729 4400 latenter,

169 4405 414 4491 tanquam
445 4413 544 4462 sub
571 4424 832 4480 prretextu
873 4419 1162 4485 adorandi,
1212 4423 1360 4476 humi
1421 4426 1728 4491 eﬂ'udisset,

171 4481 300 4548 recta
329 4503 587 4565 processit
633 4506 698 4558 ad
736 4509 1090 4564 adurandum.
1125 4513 1380 4570 IEdituus
1405 4530 1609 4583 autem,
1671 4529 1729 4574 ut
1762 4524 1805 4577 D

168 4586 249 4648 qui
297 4592 468 4648 aridis
513 4598 684 4668 oculis
726 4601 790 4652 ad
854 4617 1046 4656 aurmn
1076 4609 1361 4674 aspiceret,
1394 4616 1637 4666 cucurrit
1660 4613 1723 4665 ad

171 4674 286 4732 illud
337 4686 718 4755 colligendum.
775 4693 865 4747 Ille
894 4707 1096 4759 autem,
1129 4701 1220 4767 qui
1250 4703 1512 4770 petierat,
1539 4715 1594 4757 ut
1621 4707 1724 4760 sibi

172 4767 339 4828 liceret
383 4779 628 4846 adorare,
681 4800 804 4839 cum
851 4803 908 4842 se
965 4789 1325 4858 incurvasset,
1381 4805 1433 4850 ct
1469 4807 1640 4851 totum
1670 4815 1728 4854 se

135 4927 138 4930 ἢ
171 4859 217 4911 iu
248 4863 474 4924 loculum
516 4874 867 4943 inclinasset,
903 4881 1088 4935 dirino
1126 4886 1404 4942 sauciatus
1435 4890 1723 4953 desiderio.

171 4967 281 5006 rum
339 4966 654 5019 venerandae
696 4970 928 5024 dexterae
988 4975 1239 5042 pollicem
1300 4979 1622 5044 osculando,
1673 4993 1728 5036 et

173 5040 304 5099 labra
366 5054 705 5111 admovendo
764 5063 1039 5118 mordicus
1089 5067 1341 5124 dentibus
1381 5073 1724 5138 abscidisset,

176 5142 220 5230 ιι
273 5146 615 5213 occultasset,
684 5169 712 5204 a
744 5157 944 5223 templo
999 5175 1159 5225 quam
1190 5164 1424 5230 primum
1477 5170 1724 5221 recessit.

173 5223 290 5282 (ἰιιιιι
333 5248 503 5294 autem
553 5243 663 5311 jam
707 5246 820 5300 dies
868 5250 1216 5308 adventassn
1249 5258 1526 5321 sacrificii,
1570 5262 1726 5313 ctci-

177 5318 303 5374 \‘iuni
354 5343 666 5403 eorumque,
717 5339 809 5406 qui
855 5341 1405 5412 circumhabitabant,
1435 5351 1794 5405 wilertum‘

179 5424 302 5467 esset
333 5421 616 5492 theatrum,
643 5431 852 5484 accedit
887 5444 1038 5501 pater
1072 5437 1301 5504 puellam
1357 5443 1630 5497 adducens
1658 5445 1723 5498 ad

183 5508 501 5570 sacrificium.
565 5517 775 5575 Etcum
827 5523 1013 5579 fuisset
1069 5545 1233 5599 prope
1279 5533 1605 5599 draconem,
1673 5549 1726 5592 ct

185 5606 288 5648 cuin
311 5603 520 5660 vidisset
555 5624 709 5665 vasto
740 5631 833 5665 ore
873 5617 1130 5680 hiantem,
1167 5631 1220 5675 et
1269 5623 1558 5681 horrendis
1589 5630 1727 5682 sibi-

194 5682 247 5776 lis
296 5704 402 5757 eos,
455 5702 544 5768 qui
578 5705 890 5765 audiebant.
933 5710 1242 5776 lerrentcin,
1299 5727 1350 5769 et
1397 5722 1722 5776 sacriﬁcium

193 5775 569 5856 desiderantem,
598 5809 809 5850 sacrum
839 5799 989 5854 illum
1013 5811 1065 5856 et
1099 5809 1462 5864 venerandum
1497 5813 1723 5884 digitum

462 5889 723 5952 I‘araOL.
769 5894 858 5953 Cn
923 5896 1070 5960 CXI.

1847 3235 2139 3301 aliquando
2190 3238 2364 3288 \‘isnm
2419 3249 2583 3299 essm,
2649 3241 2830 3294 dando
2898 3247 3222 3312 pecuniam,
3281 3251 3442 3302 talem

1847 3345 2172 3395 comparare
2230 3333 2571 3391 thesaurum.
2606 3349 2812 3394 aerem.
2847 3347 2903 3388 ut
2931 3349 3015 3391 est
3041 3340 3092 3392 in
3128 3345 3440 3411 proverbio,

1843 3425 2038 3487 pugnis
2078 3423 2376 3475 ardebant.
2427 3425 2853 3481 Desitlcrabatur
2901 3447 3028 3501 ergo
3063 3434 3131 3486 ab
3167 3436 3438 3496 omnibus,

1841 3514 2096 3581 aquibus
2138 3530 2333 3568 nomen
2366 3517 2669 3572 Christiest
2707 3523 3018 3578 invocatum
3051 3543 3063 3579 :
3102 3537 3154 3580 et
3202 3529 3438 3598 quicun-

1840 3622 1945 3673 que
1980 3607 2028 3657 in
2061 3606 2181 3673 ejus
2208 3609 2283 3662 rei
2316 3610 2636 3664 versabatur
2665 3615 3016 3684 cogitatione,
3053 3617 3217 3672 Deum
3277 3638 3439 3691 roga-

1846 3696 1939 3748 bat
1993 3697 2288 3765 gemitibus
2349 3701 2832 3767 incnarrabilibus,
2870 3717 2928 3758 nt
2971 3706 3220 3776 benignis
3267 3713 3442 3765 oculis

1845 3799 2006 3836 suum
2074 3786 2343 3853 aspiceret
2393 3791 2670 3858 populum,
2738 3805 2789 3852 et
2848 3797 2964 3863 ejus
3025 3812 3149 3850 eum
3198 3799 3442 3854 efficeret

1849 3891 2223 3940 possessorem
2244 3889 2296 3931 et
2320 3892 2704 3943 Spectatorem.
2731 3884 3001 3949 Quoniam
3028 3898 3207 3944 autem
3242 3891 3440 3947 divina,

1838 3969 2206 4026 Proxidcntiae
2247 3987 2378 4029 sunt
2437 3978 2619 4030 omnia
2690 3980 2980 4049 prarfinita.
3023 3985 3071 4039 el
3120 3985 3211 4052 qui
3257 3989 3436 4039 omnia

1839 4066 2112 4132 pratscirit
2189 4079 2315 4121 ante
2383 4069 2649 4123 mundum
2731 4074 3052 4139 conditum,
3115 4076 3436 4147 despicit-nti

1837 4168 2077 4227 tempora
2115 4170 2315 4215 nostrae
2357 4162 2675 4226 inscientim,
2715 4167 2915 4235 placuit
2958 4183 3051 4237 per
3090 4170 3288 4224 multas
3311 4187 3439 4223 suas

1837 4251 2248 4315 miserationes,
2305 4263 2363 4307 ut
2397 4254 2451 4307 in
2487 4256 2589 4310 hac
2629 4272 2852 4327 quoque
2887 4261 3238 4324 generatione
3282 4279 3436 4326 rere-1

1840 4341 2047 4394 Iaretur
2089 4343 2191 4397 hoc
2231 4361 2491 4414 magnum
2518 4357 2569 4400 et
2599 4346 2811 4417 insigne
2845 4352 3195 4428 miraculum,
3243 4356 3295 4408 in
3328 4339 3434 4426 qua

1833 4433 2235 4488 Constantinus
2272 4446 2326 4488 et
2369 4435 2668 4502 Romanus,
2716 4442 2810 4510 qni
2861 4442 3009 4513 digiti
3048 4457 3190 4498 -sunt
3225 4455 3437 4514 magnis

1839 4524 2109 4586 laudibus,
2166 4527 2232 4580 ab
2282 4526 2401 4596 ipso
2433 4541 2555 4582 ortu
2615 4536 2910 4601 purpureis
2957 4535 3144 4591 fasciis
3182 4542 3434 4600 involuti.

1840 4613 2100 4680 regebant
2139 4614 2378 4670 habenas
2410 4618 2643 4687 imperii.
2678 4620 2733 4675 Id
2789 4635 2969 4679 autem
3000 4637 3084 4681 est
3116 4634 3438 4685 veneranda:

1838 4693 2205 4761 Praeeursori‘s
2231 4725 2424 4765 manus
2453 4717 2782 4782 exportatio,
2815 4728 2868 4772 et
2899 4724 3197 4777 revocatio.

1907 4800 2045 4854 XVI.
2098 4800 2288 4857 Modus
2342 4813 2930 4877 autemrevecationis,
2975 4825 3056 4868 est
3082 4818 3240 4870 valde
3267 4819 3430 4872 mira-

1841 4892 1966 4946 bilis
2039 4904 2089 4944 et
2147 4904 2342 4963 pra-ter
2387 4900 2724 4966 Opinionem.
2777 4903 2911 4958 Nam
2950 4909 3034 4959 \‘ir
3061 4910 3304 4976 quidam,
3339 4904 3436 4981 qui

1835 4994 1946 5031 erat
1978 4982 2177 5034 relatus
2210 4984 2260 5036 in
2322 4996 2524 5040 sortem
2559 4990 2915 5045 diaconorum
2971 4997 3270 5051 Antiochia:
3299 5001 3432 5053 civi-

1837 5073 1982 5135 tatis,
2035 5071 2411 5139 .Iobnomiue,
2467 5095 2704 5149 superne
2774 5087 3093 5155 inspiratus,
3135 5099 3190 5142 et
3245 5091 3433 5146 divino

1837 5168 1951 5218 cht)
1986 5167 2245 5234 repletus.
2278 5170 2420 5236 apud
2455 5187 2513 5225 se
2563 5176 2859 5242 cogitabat,
2891 5189 3142 5246 possetne
3191 5179 3432 5238 Pra'cur-

1837 5257 1980 5311 soi-is
2006 5257 2307 5312 suffuratus
2337 5262 2640 5327 dexteram,
2673 5283 2792 5321 eain
2824 5269 3029 5324 donum
3060 5273 3432 5330 desideratum

1837 5352 2022 5420 largiri
2066 5353 2436 5419 Christianis;
2497 5367 2658 5426 atque
2691 5361 2827 5412 adeo
2877 5361 2941 5413 ad
2972 5362 3133 5415 talem
3159 5368 3424 5432 processit

1838 5446 2259 5512 experientiam.
2320 5447 2614 5501 Pulchrum
2649 5453 2908 5520 templum
2933 5462 2986 5507 ct
3018 5457 3290 5509 excelsum
3320 5461 3424 5511 sub

1839 5539 2060 5591 nomine
2115 5537 2257 5592 Petri
2313 5541 2687 5608 apostolorum
2738 5546 3004 5615 principis
3067 5550 3306 5616 positum
3351 5566 3429 5605 est

1840 5631 1894 5683 iu
1946 5647 2010 5683 ea
2056 5632 2293 5685 civitate.
2360 5633 2416 5687 In
2485 5636 2648 5706 hujus
2705 5639 2971 5693 vestibulo
3012 5657 3135 5694 eum
3190 5659 3342 5695 suam
3390 5647 3434 5694 is

1841 5723 2060 5778 fecisset
2112 5725 2528 5793 habitationem,
2601 5747 2726 5784 cum
2794 5748 3080 5790 sacrorum
3111 5775 3124 5800 ,
3163 5752 3284 5803 quae
3326 5738 3432 5787 illic

1837 5826 2017 5885 erant,
2073 5833 2324 5876 vasorum
2380 5823 2606 5879 custode
2667 5825 2787 5880 iniit
2820 5828 3137 5893 amicitiam,
3192 5841 3328 5884 utea
3364 5832 3431 5882 de

2950 5921 3024 5982 20
