  <div class='ocr_page' id='page_1' title='image "/cluster/home/n/w/nwhite01/storage/ocr_20150623/111/hvd.32044010574143/317.png"; bbox 0 0 4024 6440; ppageno 0'>
   <div class='ocr_carea' id='block_1_1' title="bbox 548 311 656 372">
    <p class='ocr_par' dir='ltr' id='par_1_1' title="bbox 548 311 656 372">
     <span class='ocr_line' id='line_1_1' title="bbox 548 311 656 372; baseline 0.009 -1"><span class='ocrx_word' id='word_1_1' title='bbox 548 311 656 372; x_wconf 69' lang='grc'><strong>619</strong></span> 
     </span>
    </p>
   </div>
   <div class='ocr_carea' id='block_1_2' title="bbox 1175 268 2161 360">
    <p class='ocr_par' dir='ltr' id='par_1_2' title="bbox 1175 286 2156 360">
     <span class='ocr_line' id='line_1_2' title="bbox 1175 286 2156 360; baseline -0.017 1"><span class='ocrx_word' id='word_1_2' title='bbox 1175 297 1461 360; x_wconf 78' lang='grc' dir='ltr'><strong>ΤΗΕΟῘ).</strong></span> <span class='ocrx_word' id='word_1_3' title='bbox 1506 288 2025 355; x_wconf 74' lang='lat' dir='ltr'><strong>DAPHNOPATIE</strong></span> <span class='ocrx_word' id='word_1_4' title='bbox 2056 286 2156 347; x_wconf 86' lang='lat' dir='ltr'><strong>DE</strong></span> 
     </span>
    </p>
   </div>
   <div class='ocr_carea' id='block_1_3' title="bbox 2263 268 3782 360">
    <p class='ocr_par' dir='ltr' id='par_1_3' title="bbox 2263 268 3782 344">
     <span class='ocr_line' id='line_1_3' title="bbox 2263 268 3782 344; baseline -0.005 -1"><span class='ocrx_word' id='word_1_5' title='bbox 2263 284 2397 344; x_wconf 72' lang='lat' dir='ltr'><strong>\NU</strong></span> <span class='ocrx_word' id='word_1_6' title='bbox 2430 282 2489 343; x_wconf 86' lang='lat' dir='ltr'><strong>S.</strong></span> <span class='ocrx_word' id='word_1_7' title='bbox 2526 275 3100 342; x_wconf 62' lang='lat' dir='ltr'><strong>PILECURSORIS.</strong></span> <span class='ocrx_word' id='word_1_8' title='bbox 3696 268 3782 335; x_wconf 67' lang='grc'><strong>620</strong></span> 
     </span>
    </p>
   </div>
   <div class='ocr_carea' id='block_1_4' title="bbox 559 387 3785 489">
    <p class='ocr_par' dir='ltr' id='par_1_4' title="bbox 559 387 3785 489">
     <span class='ocr_line' id='line_1_4' title="bbox 559 387 3785 489; baseline -0.012 -11"><span class='ocrx_word' id='word_1_9' title='bbox 559 437 723 479; x_wconf 83' lang='lat' dir='ltr'><strong>causa</strong></span> <span class='ocrx_word' id='word_1_10' title='bbox 799 425 1032 474; x_wconf 91' lang='lat' dir='ltr'><strong>tentaret</strong></span> <span class='ocrx_word' id='word_1_11' title='bbox 1089 429 1213 470; x_wconf 86' lang='lat' dir='ltr'><strong>cum</strong></span> <span class='ocrx_word' id='word_1_12' title='bbox 1252 414 1395 485; x_wconf 83' lang='lat' dir='ltr'><strong>ipso</strong></span> <span class='ocrx_word' id='word_1_13' title='bbox 1446 419 1557 464; x_wconf 90' lang='lat' dir='ltr'><strong>tota</strong></span> <span class='ocrx_word' id='word_1_14' title='bbox 1610 416 1768 463; x_wconf 83' lang='lat' dir='ltr'><strong>nocte</strong></span> <span class='ocrx_word' id='word_1_15' title='bbox 1812 403 2133 460; x_wconf 60' lang='lat' dir='ltr'><strong>venerandae</strong></span> <span class='ocrx_word' id='word_1_16' title='bbox 2165 400 2581 489; x_wconf 56' lang='lat' dir='ltr'><strong>Adirigentcm.</strong></span> <span class='ocrx_word' id='word_1_17' title='bbox 2627 396 2797 451; x_wconf 85' lang='lat' dir='ltr'><strong>Porro</strong></span> <span class='ocrx_word' id='word_1_18' title='bbox 2861 403 3046 448; x_wconf 81' lang='lat' dir='ltr'><strong>autem</strong></span> <span class='ocrx_word' id='word_1_19' title='bbox 3095 388 3296 461; x_wconf 87' lang='lat' dir='ltr'><strong>aliquid</strong></span> <span class='ocrx_word' id='word_1_20' title='bbox 3348 400 3566 459; x_wconf 83' lang='lat' dir='ltr'><strong>quoque</strong></span> <span class='ocrx_word' id='word_1_21' title='bbox 3609 387 3785 441; x_wconf 83' lang='lat' dir='ltr'><strong>accidit</strong></span> 
     </span>
    </p>
   </div>
   <div class='ocr_carea' id='block_1_5' title="bbox 559 490 2135 571">
    <p class='ocr_par' dir='ltr' id='par_1_5' title="bbox 559 490 2135 571">
     <span class='ocr_line' id='line_1_5' title="bbox 559 490 2135 571; baseline -0.015 -2"><span class='ocrx_word' id='word_1_22' title='bbox 559 529 752 569; x_wconf 88' lang='lat' dir='ltr'><strong>manus</strong></span> <span class='ocrx_word' id='word_1_23' title='bbox 799 510 1039 565; x_wconf 82' lang='lat' dir='ltr'><strong>assidere</strong></span> <span class='ocrx_word' id='word_1_24' title='bbox 1109 506 1306 561; x_wconf 83' lang='lat' dir='ltr'><strong>loculo.</strong></span> <span class='ocrx_word' id='word_1_25' title='bbox 1333 503 1628 571; x_wconf 86' lang='lat' dir='ltr'><strong>Postquam</strong></span> <span class='ocrx_word' id='word_1_26' title='bbox 1660 508 1841 554; x_wconf 89' lang='lat' dir='ltr'><strong>autem</strong></span> <span class='ocrx_word' id='word_1_27' title='bbox 1892 490 2135 565; x_wconf 88' lang='lat' dir='ltr'><strong>petitioni</strong></span> 
     </span>
    </p>
   </div>
   <div class='ocr_carea' id='block_1_6' title="bbox 560 583 2137 661">
    <p class='ocr_par' dir='ltr' id='par_1_6' title="bbox 560 583 2137 661">
     <span class='ocr_line' id='line_1_6' title="bbox 560 583 2137 661; baseline -0.011 -8"><span class='ocrx_word' id='word_1_28' title='bbox 560 616 666 653; x_wconf 90' lang='lat' dir='ltr'><strong>non</strong></span> <span class='ocrx_word' id='word_1_29' title='bbox 722 598 1005 661; x_wconf 88' lang='lat' dir='ltr'><strong>aunuitis,</strong></span> <span class='ocrx_word' id='word_1_30' title='bbox 1068 594 1155 650; x_wconf 79' lang='lat' dir='ltr'><strong>cui</strong></span> <span class='ocrx_word' id='word_1_31' title='bbox 1190 593 1399 647; x_wconf 90' lang='lat' dir='ltr'><strong>credita</strong></span> <span class='ocrx_word' id='word_1_32' title='bbox 1452 590 1630 661; x_wconf 84' lang='lat' dir='ltr'><strong>fuerat</strong></span> <span class='ocrx_word' id='word_1_33' title='bbox 1657 588 1926 647; x_wconf 87' lang='lat' dir='ltr'><strong>custodia,</strong></span> <span class='ocrx_word' id='word_1_34' title='bbox 1960 583 2137 650; x_wconf 89' lang='lat' dir='ltr'><strong>inopi-</strong></span> 
     </span>
    </p>
   </div>
   <div class='ocr_carea' id='block_1_7' title="bbox 562 676 2140 759">
    <p class='ocr_par' dir='ltr' id='par_1_7' title="bbox 562 676 2140 759">
     <span class='ocr_line' id='line_1_7' title="bbox 562 676 2140 759; baseline -0.011 -13"><span class='ocrx_word' id='word_1_35' title='bbox 562 700 745 746; x_wconf 88' lang='lat' dir='ltr'><strong>natum</strong></span> <span class='ocrx_word' id='word_1_36' title='bbox 799 690 928 759; x_wconf 78' lang='lat' dir='ltr'><strong>quid</strong></span> <span class='ocrx_word' id='word_1_37' title='bbox 985 689 1252 758; x_wconf 87' lang='lat' dir='ltr'><strong>cogitans,</strong></span> <span class='ocrx_word' id='word_1_38' title='bbox 1277 684 1342 737; x_wconf 86' lang='lat' dir='ltr'><strong>ad</strong></span> <span class='ocrx_word' id='word_1_39' title='bbox 1365 684 1529 738; x_wconf 90' lang='lat' dir='ltr'><strong>aliam</strong></span> <span class='ocrx_word' id='word_1_40' title='bbox 1567 676 2140 734; x_wconf 83' lang='lat' dir='ltr'><strong>transitmachinatio-</strong></span> 
     </span>
    </p>
   </div>
   <div class='ocr_carea' id='block_1_8' title="bbox 562 768 2143 848">
    <p class='ocr_par' dir='ltr' id='par_1_8' title="bbox 562 768 2143 848">
     <span class='ocr_line' id='line_1_8' title="bbox 562 768 2143 848; baseline -0.009 -13"><span class='ocrx_word' id='word_1_41' title='bbox 562 800 703 836; x_wconf 90' lang='lat' dir='ltr'><strong>nem.</strong></span> <span class='ocrx_word' id='word_1_42' title='bbox 724 783 857 835; x_wconf 84' lang='lat' dir='ltr'><strong>Cum</strong></span> <span class='ocrx_word' id='word_1_43' title='bbox 880 792 1195 848; x_wconf 84' lang='lat' dir='ltr'><strong>sumptuosa</strong></span> <span class='ocrx_word' id='word_1_44' title='bbox 1211 785 1265 831; x_wconf 92' lang='lat' dir='ltr'><strong>et</strong></span> <span class='ocrx_word' id='word_1_45' title='bbox 1286 777 1432 829; x_wconf 88' lang='lat' dir='ltr'><strong>lauta</strong></span> <span class='ocrx_word' id='word_1_46' title='bbox 1463 787 1648 827; x_wconf 90' lang='lat' dir='ltr'><strong>mensa</strong></span> <span class='ocrx_word' id='word_1_47' title='bbox 1684 785 1806 825; x_wconf 90' lang='lat' dir='ltr'><strong>eum</strong></span> <span class='ocrx_word' id='word_1_48' title='bbox 1838 768 2143 823; x_wconf 79' lang='lat' dir='ltr'><strong>exhilaras-</strong></span> 
     </span>
    </p>
   </div>
   <div class='ocr_carea' id='block_1_9' title="bbox 463 857 2144 933">
    <p class='ocr_par' dir='ltr' id='par_1_9' title="bbox 463 857 2144 933">
     <span class='ocr_line' id='line_1_9' title="bbox 463 857 2144 933; baseline -0.01 -7"><span class='ocrx_word' id='word_1_49' title='bbox 463 916 467 919; x_wconf 94' lang='lat'><strong>.</strong></span> <span class='ocrx_word' id='word_1_50' title='bbox 564 882 669 933; x_wconf 84' lang='lat' dir='ltr'><strong>set,</strong></span> <span class='ocrx_word' id='word_1_51' title='bbox 718 881 771 923; x_wconf 89' lang='lat' dir='ltr'><strong>ct</strong></span> <span class='ocrx_word' id='word_1_52' title='bbox 797 875 968 924; x_wconf 87' lang='lat' dir='ltr'><strong>amice</strong></span> <span class='ocrx_word' id='word_1_53' title='bbox 994 884 1116 922; x_wconf 88' lang='lat' dir='ltr'><strong>eum</strong></span> <span class='ocrx_word' id='word_1_54' title='bbox 1152 868 1220 919; x_wconf 87' lang='lat' dir='ltr'><strong>ad</strong></span> <span class='ocrx_word' id='word_1_55' title='bbox 1256 864 1543 919; x_wconf 87' lang='lat' dir='ltr'><strong>bibendum</strong></span> <span class='ocrx_word' id='word_1_56' title='bbox 1578 859 1876 923; x_wconf 88' lang='lat' dir='ltr'><strong>iuvitando,</strong></span> <span class='ocrx_word' id='word_1_57' title='bbox 1916 857 1982 911; x_wconf 84' lang='lat' dir='ltr'><strong>ad</strong></span> <span class='ocrx_word' id='word_1_58' title='bbox 2019 870 2144 924; x_wconf 91' lang='lat' dir='ltr'><strong>pro-</strong></span> 
     </span>
    </p>
   </div>
   <div class='ocr_carea' id='block_1_10' title="bbox 571 948 2145 1014">
    <p class='ocr_par' dir='ltr' id='par_1_10' title="bbox 571 948 2145 1014">
     <span class='ocr_line' id='line_1_10' title="bbox 571 948 2145 1014; baseline -0.01 0"><span class='ocrx_word' id='word_1_59' title='bbox 571 962 797 1014; x_wconf 81' lang='lat' dir='ltr'><strong>fundum</strong></span> <span class='ocrx_word' id='word_1_60' title='bbox 839 971 890 1011; x_wconf 81' lang='lat' dir='ltr'><strong>et</strong></span> <span class='ocrx_word' id='word_1_61' title='bbox 921 957 1081 1011; x_wconf 80' lang='lat' dir='ltr'><strong>morti</strong></span> <span class='ocrx_word' id='word_1_62' title='bbox 1111 956 1343 1010; x_wconf 82' lang='lat' dir='ltr'><strong>similem</strong></span> <span class='ocrx_word' id='word_1_63' title='bbox 1394 966 1650 1005; x_wconf 87' lang='lat' dir='ltr'><strong>somnum</strong></span> <span class='ocrx_word' id='word_1_64' title='bbox 1698 948 2048 1011; x_wconf 77' lang='lat' dir='ltr'><strong>deduxisset;</strong></span> <span class='ocrx_word' id='word_1_65' title='bbox 2090 953 2145 999; x_wconf 86' lang='lat' dir='ltr'><strong>et</strong></span> 
     </span>
    </p>
   </div>
   <div class='ocr_carea' id='block_1_11' title="bbox 568 1035 2142 1119">
    <p class='ocr_par' dir='ltr' id='par_1_11' title="bbox 568 1035 2142 1119">
     <span class='ocr_line' id='line_1_11' title="bbox 568 1035 2142 1119; baseline -0.01 -15"><span class='ocrx_word' id='word_1_66' title='bbox 568 1067 662 1119; x_wconf 87' lang='lat' dir='ltr'><strong>per</strong></span> <span class='ocrx_word' id='word_1_67' title='bbox 690 1051 978 1118; x_wconf 84' lang='lat' dir='ltr'><strong>quamdam</strong></span> <span class='ocrx_word' id='word_1_68' title='bbox 1007 1047 1296 1101; x_wconf 85' lang='lat' dir='ltr'><strong>fenestram</strong></span> <span class='ocrx_word' id='word_1_69' title='bbox 1360 1041 1681 1109; x_wconf 84' lang='lat' dir='ltr'><strong>intempesta</strong></span> <span class='ocrx_word' id='word_1_70' title='bbox 1759 1046 1923 1091; x_wconf 77' lang='lat' dir='ltr'><strong>nocte</strong></span> <span class='ocrx_word' id='word_1_71' title='bbox 1974 1050 2034 1091; x_wconf 86' lang='lat' dir='ltr'><strong>se</strong></span> <span class='ocrx_word' id='word_1_72' title='bbox 2089 1035 2142 1089; x_wconf 92' lang='lat' dir='ltr'><strong>in</strong></span> 
     </span>
    </p>
   </div>
   <div class='ocr_carea' id='block_1_12' title="bbox 571 1130 2144 1208">
    <p class='ocr_par' dir='ltr' id='par_1_12' title="bbox 571 1130 2144 1208">
     <span class='ocr_line' id='line_1_12' title="bbox 571 1130 2144 1208; baseline -0.003 -15"><span class='ocrx_word' id='word_1_73' title='bbox 571 1143 827 1208; x_wconf 85' lang='lat' dir='ltr'><strong>templum</strong></span> <span class='ocrx_word' id='word_1_74' title='bbox 852 1138 1179 1201; x_wconf 68' lang='lat' dir='ltr'><strong>demisisset,</strong></span> <span class='ocrx_word' id='word_1_75' title='bbox 1215 1135 1418 1189; x_wconf 84' lang='lat' dir='ltr'><strong>sensim</strong></span> <span class='ocrx_word' id='word_1_76' title='bbox 1439 1139 1492 1186; x_wconf 87' lang='lat' dir='ltr'><strong>et</strong></span> <span class='ocrx_word' id='word_1_77' title='bbox 1529 1132 1649 1184; x_wconf 85' lang='lat' dir='ltr'><strong>sine</strong></span> <span class='ocrx_word' id='word_1_78' title='bbox 1676 1130 1927 1196; x_wconf 74' lang='lat' dir='ltr'><strong>strepitu.</strong></span> <span class='ocrx_word' id='word_1_79' title='bbox 1985 1140 2144 1181; x_wconf 68' lang='grc' dir='ltr'><strong>8³0Γο</strong></span> 
     </span>
    </p>
   </div>
   <div class='ocr_carea' id='block_1_13' title="bbox 572 1212 2145 1298">
    <p class='ocr_par' dir='ltr' id='par_1_13' title="bbox 572 1212 2145 1298">
     <span class='ocr_line' id='line_1_13' title="bbox 572 1212 2145 1298; baseline -0.013 -15"><span class='ocrx_word' id='word_1_80' title='bbox 572 1239 756 1298; x_wconf 81' lang='lat' dir='ltr'><strong>aperto</strong></span> <span class='ocrx_word' id='word_1_81' title='bbox 784 1218 1042 1295; x_wconf 32' lang='lat' dir='ltr'><strong>loculo‘(o</strong></span> <span class='ocrx_word' id='word_1_82' title='bbox 1068 1239 1180 1278; x_wconf 90' lang='lat' dir='ltr'><strong>rem</strong></span> <span class='ocrx_word' id='word_1_83' title='bbox 1210 1231 1262 1275; x_wconf 89' lang='lat' dir='ltr'><strong>et</strong></span> <span class='ocrx_word' id='word_1_84' title='bbox 1293 1218 1439 1274; x_wconf 85' lang='lat' dir='ltr'><strong>factu</strong></span> <span class='ocrx_word' id='word_1_85' title='bbox 1473 1227 1528 1270; x_wconf 90' lang='lat' dir='ltr'><strong>et</strong></span> <span class='ocrx_word' id='word_1_86' title='bbox 1574 1216 1758 1269; x_wconf 85' lang='lat' dir='ltr'><strong>auditu</strong></span> <span class='ocrx_word' id='word_1_87' title='bbox 1792 1212 2145 1279; x_wconf 75' lang='lat' dir='ltr'><strong>terribilem!)</strong></span> 
     </span>
    </p>
   </div>
   <div class='ocr_carea' id='block_1_14' title="bbox 575 1305 2149 1387">
    <p class='ocr_par' dir='ltr' id='par_1_14' title="bbox 575 1305 2149 1387">
     <span class='ocr_line' id='line_1_14' title="bbox 575 1305 2149 1387; baseline -0.011 -14"><span class='ocrx_word' id='word_1_88' title='bbox 575 1321 771 1387; x_wconf 87' lang='lat' dir='ltr'><strong>accipit</strong></span> <span class='ocrx_word' id='word_1_89' title='bbox 825 1319 1137 1386; x_wconf 84' lang='lat' dir='ltr'><strong>pretiosam,</strong></span> <span class='ocrx_word' id='word_1_90' title='bbox 1166 1326 1287 1382; x_wconf 71' lang='lat' dir='ltr'><strong>quae</strong></span> <span class='ocrx_word' id='word_1_91' title='bbox 1310 1308 1740 1372; x_wconf 80' lang='lat' dir='ltr'><strong>desiderabatur,</strong></span> <span class='ocrx_word' id='word_1_92' title='bbox 1784 1305 2060 1359; x_wconf 81' lang='lat' dir='ltr'><strong>dexteram</strong></span> <span class='ocrx_word' id='word_1_93' title='bbox 2094 1310 2149 1357; x_wconf 93' lang='lat' dir='ltr'><strong>et</strong></span> 
     </span>
    </p>
   </div>
   <div class='ocr_carea' id='block_1_15' title="bbox 576 1394 2148 1470">
    <p class='ocr_par' dir='ltr' id='par_1_15' title="bbox 576 1394 2148 1470">
     <span class='ocr_line' id='line_1_15' title="bbox 576 1394 2148 1470; baseline -0.011 -5"><span class='ocrx_word' id='word_1_94' title='bbox 576 1427 791 1465; x_wconf 88' lang='lat' dir='ltr'><strong>summo</strong></span> <span class='ocrx_word' id='word_1_95' title='bbox 849 1409 1067 1463; x_wconf 88' lang='lat' dir='ltr'><strong>silentio</strong></span> <span class='ocrx_word' id='word_1_96' title='bbox 1118 1418 1393 1465; x_wconf 86' lang='lat' dir='ltr'><strong>reversus,</strong></span> <span class='ocrx_word' id='word_1_97' title='bbox 1452 1401 1737 1470; x_wconf 87' lang='lat' dir='ltr'><strong>diligenter</strong></span> <span class='ocrx_word' id='word_1_98' title='bbox 1766 1399 1981 1467; x_wconf 89' lang='lat' dir='ltr'><strong>quidem</strong></span> <span class='ocrx_word' id='word_1_99' title='bbox 2006 1394 2148 1464; x_wconf 86' lang='lat' dir='ltr'><strong>apud</strong></span> 
     </span>
    </p>
   </div>
   <div class='ocr_carea' id='block_1_16' title="bbox 575 1486 2151 1569">
    <p class='ocr_par' dir='ltr' id='par_1_16' title="bbox 575 1486 2151 1569">
     <span class='ocr_line' id='line_1_16' title="bbox 575 1486 2151 1569; baseline -0.011 -13"><span class='ocrx_word' id='word_1_100' title='bbox 575 1518 635 1556; x_wconf 88' lang='lat' dir='ltr'><strong>se</strong></span> <span class='ocrx_word' id='word_1_101' title='bbox 661 1512 858 1562; x_wconf 78' lang='lat' dir='ltr'><strong>servat,</strong></span> <span class='ocrx_word' id='word_1_102' title='bbox 887 1500 1031 1569; x_wconf 88' lang='lat' dir='ltr'><strong>quod</strong></span> <span class='ocrx_word' id='word_1_103' title='bbox 1052 1498 1263 1551; x_wconf 84' lang='lat' dir='ltr'><strong>furatus</strong></span> <span class='ocrx_word' id='word_1_104' title='bbox 1291 1492 1491 1556; x_wconf 85' lang='lat' dir='ltr'><strong>fuerat,</strong></span> <span class='ocrx_word' id='word_1_105' title='bbox 1544 1507 1612 1545; x_wconf 88' lang='lat' dir='ltr'><strong>ne</strong></span> <span class='ocrx_word' id='word_1_106' title='bbox 1636 1500 2055 1559; x_wconf 76' lang='lat' dir='ltr'><strong>cognosceretur</strong></span> <span class='ocrx_word' id='word_1_107' title='bbox 2083 1486 2151 1539; x_wconf 91' lang='lat' dir='ltr'><strong>ab</strong></span> 
     </span>
    </p>
   </div>
   <div class='ocr_carea' id='block_1_17' title="bbox 577 1593 1163 1662">
    <p class='ocr_par' dir='ltr' id='par_1_17' title="bbox 577 1593 1163 1662">
     <span class='ocr_line' id='line_1_17' title="bbox 577 1593 1163 1662; baseline -0.007 -15"><span class='ocrx_word' id='word_1_108' title='bbox 577 1595 759 1662; x_wconf 79' lang='lat' dir='ltr'><strong>aliquo</strong></span> <span class='ocrx_word' id='word_1_109' title='bbox 785 1593 1163 1645; x_wconf 85' lang='lat' dir='ltr'><strong>barbarorum.</strong></span> 
     </span>
    </p>
   </div>
   <div class='ocr_carea' id='block_1_18' title="bbox 650 1672 2153 1750">
    <p class='ocr_par' dir='ltr' id='par_1_18' title="bbox 650 1672 2153 1750">
     <span class='ocr_line' id='line_1_18' title="bbox 650 1672 2153 1750; baseline -0.011 -11"><span class='ocrx_word' id='word_1_110' title='bbox 650 1681 812 1739; x_wconf 79' lang='lat' dir='ltr'><strong>XVII.</strong></span> <span class='ocrx_word' id='word_1_111' title='bbox 848 1682 983 1735; x_wconf 85' lang='lat' dir='ltr'><strong>Ilinc</strong></span> <span class='ocrx_word' id='word_1_112' title='bbox 1007 1684 1281 1750; x_wconf 73' lang='lat' dir='ltr'><strong>egreditur</strong></span> <span class='ocrx_word' id='word_1_113' title='bbox 1310 1681 1624 1741; x_wconf 82' lang='lat' dir='ltr'><strong>Antiochia,</strong></span> <span class='ocrx_word' id='word_1_114' title='bbox 1657 1684 1715 1732; x_wconf 89' lang='lat' dir='ltr'><strong>et</strong></span> <span class='ocrx_word' id='word_1_115' title='bbox 1752 1677 1854 1729; x_wconf 86' lang='lat' dir='ltr'><strong>iter</strong></span> <span class='ocrx_word' id='word_1_116' title='bbox 1888 1672 2005 1727; x_wconf 90' lang='lat' dir='ltr'><strong>iniit</strong></span> <span class='ocrx_word' id='word_1_117' title='bbox 2040 1686 2153 1725; x_wconf 84' lang='lat' dir='ltr'><strong>ma-</strong></span> 
     </span>
    </p>
   </div>
   <div class='ocr_carea' id='block_1_19' title="bbox 2240 476 3787 559">
    <p class='ocr_par' dir='ltr' id='par_1_19' title="bbox 2240 476 3787 559">
     <span class='ocr_line' id='line_1_19' title="bbox 2240 476 3787 559; baseline -0.009 -16"><span class='ocrx_word' id='word_1_118' title='bbox 2240 491 2362 544; x_wconf 85' lang='lat' dir='ltr'><strong>aliis</strong></span> <span class='ocrx_word' id='word_1_119' title='bbox 2399 489 2571 559; x_wconf 85' lang='lat' dir='ltr'><strong>magis</strong></span> <span class='ocrx_word' id='word_1_120' title='bbox 2603 484 2943 551; x_wconf 79' lang='lat' dir='ltr'><strong>admirabile,</strong></span> <span class='ocrx_word' id='word_1_121' title='bbox 2968 493 3023 539; x_wconf 89' lang='lat' dir='ltr'><strong>et</strong></span> <span class='ocrx_word' id='word_1_122' title='bbox 3047 485 3269 550; x_wconf 70' lang='lat' dir='ltr'><strong>dignum</strong></span> <span class='ocrx_word' id='word_1_123' title='bbox 3296 494 3457 534; x_wconf 79' lang='lat' dir='ltr'><strong>manu</strong></span> <span class='ocrx_word' id='word_1_124' title='bbox 3499 476 3787 533; x_wconf 84' lang='lat' dir='ltr'><strong>veneranda</strong></span> 
     </span>
    </p>
   </div>
   <div class='ocr_carea' id='block_1_20' title="bbox 2241 571 3790 635">
    <p class='ocr_par' dir='ltr' id='par_1_20' title="bbox 2241 571 3790 635">
     <span class='ocr_line' id='line_1_20' title="bbox 2241 571 3790 635; baseline -0.009 0"><span class='ocrx_word' id='word_1_125' title='bbox 2241 581 2623 635; x_wconf 68' lang='lat' dir='ltr'><strong>Pmcursoris.</strong></span> <span class='ocrx_word' id='word_1_126' title='bbox 2670 579 2872 631; x_wconf 79' lang='lat' dir='ltr'><strong>Aderat</strong></span> <span class='ocrx_word' id='word_1_127' title='bbox 2917 576 3063 630; x_wconf 87' lang='lat' dir='ltr'><strong>enim</strong></span> <span class='ocrx_word' id='word_1_128' title='bbox 3116 574 3234 628; x_wconf 88' lang='lat' dir='ltr'><strong>dies</strong></span> <span class='ocrx_word' id='word_1_129' title='bbox 3282 571 3459 627; x_wconf 84' lang='lat' dir='ltr'><strong>festus</strong></span> <span class='ocrx_word' id='word_1_130' title='bbox 3492 580 3790 626; x_wconf 80' lang='lat' dir='ltr'><strong>sanctorum</strong></span> 
     </span>
    </p>
   </div>
   <div class='ocr_carea' id='block_1_21' title="bbox 2242 659 3791 737">
    <p class='ocr_par' dir='ltr' id='par_1_21' title="bbox 2242 659 3791 737">
     <span class='ocr_line' id='line_1_21' title="bbox 2242 659 3791 737; baseline -0.009 -12"><span class='ocrx_word' id='word_1_131' title='bbox 2242 671 2559 733; x_wconf 87' lang='lat' dir='ltr'><strong>aninum,</strong></span> <span class='ocrx_word' id='word_1_132' title='bbox 2596 669 2649 723; x_wconf 89' lang='lat' dir='ltr'><strong>in</strong></span> <span class='ocrx_word' id='word_1_133' title='bbox 2684 682 2795 737; x_wconf 89' lang='lat' dir='ltr'><strong>quo</strong></span> <span class='ocrx_word' id='word_1_134' title='bbox 2845 681 2971 721; x_wconf 88' lang='lat' dir='ltr'><strong>vera</strong></span> <span class='ocrx_word' id='word_1_135' title='bbox 3001 667 3088 720; x_wconf 90' lang='lat' dir='ltr'><strong>illa</strong></span> <span class='ocrx_word' id='word_1_136' title='bbox 3152 664 3289 727; x_wconf 78' lang='lat' dir='ltr'><strong>Lux,</strong></span> <span class='ocrx_word' id='word_1_137' title='bbox 3312 662 3569 718; x_wconf 67' lang='lat' dir='ltr'><strong>Iordanis</strong></span> <span class='ocrx_word' id='word_1_138' title='bbox 3608 659 3791 715; x_wconf 76' lang='lat' dir='ltr'><strong>ﬂuenta</strong></span> 
     </span>
    </p>
   </div>
   <div class='ocr_carea' id='block_1_22' title="bbox 2243 747 3794 831">
    <p class='ocr_par' dir='ltr' id='par_1_22' title="bbox 2243 747 3794 831">
     <span class='ocr_line' id='line_1_22' title="bbox 2243 747 3794 831; baseline -0.007 -15"><span class='ocrx_word' id='word_1_139' title='bbox 2243 761 2634 831; x_wconf 86' lang='lat' dir='ltr'><strong>complectens,</strong></span> <span class='ocrx_word' id='word_1_140' title='bbox 2684 760 2935 813; x_wconf 64' lang='lat' dir='ltr'><strong>humana</strong></span> <span class='ocrx_word' id='word_1_141' title='bbox 2987 764 3193 815; x_wconf 65' lang='lat' dir='ltr'><strong>natura</strong></span> <span class='ocrx_word' id='word_1_142' title='bbox 3225 753 3608 810; x_wconf 88' lang='lat' dir='ltr'><strong>contritionem</strong></span> <span class='ocrx_word' id='word_1_143' title='bbox 3637 747 3794 805; x_wconf 80' lang='lat' dir='ltr'><strong>refor-</strong></span> 
     </span>
    </p>
   </div>
   <div class='ocr_carea' id='block_1_23' title="bbox 2244 832 3797 921">
    <p class='ocr_par' dir='ltr' id='par_1_23' title="bbox 2244 832 3797 921">
     <span class='ocr_line' id='line_1_23' title="bbox 2244 832 3797 921; baseline -0.008 -13"><span class='ocrx_word' id='word_1_144' title='bbox 2244 855 2432 908; x_wconf 83' lang='lat' dir='ltr'><strong>mavit.</strong></span> <span class='ocrx_word' id='word_1_145' title='bbox 2493 852 2560 906; x_wconf 84' lang='lat' dir='ltr'><strong>Et</strong></span> <span class='ocrx_word' id='word_1_146' title='bbox 2608 850 2865 921; x_wconf 88' lang='lat' dir='ltr'><strong>quoniam</strong></span> <span class='ocrx_word' id='word_1_147' title='bbox 2913 849 3252 919; x_wconf 66' lang='lat' dir='ltr'><strong>praecedente</strong></span> <span class='ocrx_word' id='word_1_148' title='bbox 3301 846 3391 901; x_wconf 90' lang='lat' dir='ltr'><strong>die</strong></span> <span class='ocrx_word' id='word_1_149' title='bbox 3420 844 3627 915; x_wconf 76' lang='lat' dir='ltr'><strong>jejunio</strong></span> <span class='ocrx_word' id='word_1_150' title='bbox 3674 832 3797 913; x_wconf 64' lang='lat' dir='ltr'><strong>prc-</strong></span> 
     </span>
    </p>
   </div>
   <div class='ocr_carea' id='block_1_24' title="bbox 2244 933 3796 1017">
    <p class='ocr_par' dir='ltr' id='par_1_24' title="bbox 2244 933 3796 1017">
     <span class='ocr_line' id='line_1_24' title="bbox 2244 933 3796 1017; baseline -0.007 -17"><span class='ocrx_word' id='word_1_151' title='bbox 2244 960 2563 1017; x_wconf 85' lang='lat' dir='ltr'><strong>purgamur.</strong></span> <span class='ocrx_word' id='word_1_152' title='bbox 2621 944 2819 998; x_wconf 87' lang='lat' dir='ltr'><strong>accidit</strong></span> <span class='ocrx_word' id='word_1_153' title='bbox 2872 951 2932 997; x_wconf 92' lang='lat' dir='ltr'><strong>ut</strong></span> <span class='ocrx_word' id='word_1_154' title='bbox 2988 940 3042 994; x_wconf 90' lang='lat' dir='ltr'><strong>in</strong></span> <span class='ocrx_word' id='word_1_155' title='bbox 3078 939 3193 1009; x_wconf 80' lang='lat' dir='ltr'><strong>ipsa</strong></span> <span class='ocrx_word' id='word_1_156' title='bbox 3217 937 3352 993; x_wconf 86' lang='lat' dir='ltr'><strong>hora</strong></span> <span class='ocrx_word' id='word_1_157' title='bbox 3396 934 3722 1004; x_wconf 82' lang='lat' dir='ltr'><strong>vespertina,</strong></span> <span class='ocrx_word' id='word_1_158' title='bbox 3748 933 3796 989; x_wconf 86' lang='lat' dir='ltr'><strong>ill</strong></span> 
     </span>
    </p>
   </div>
   <div class='ocr_carea' id='block_1_25' title="bbox 2245 1027 3799 1111">
    <p class='ocr_par' dir='ltr' id='par_1_25' title="bbox 2245 1027 3799 1111">
     <span class='ocr_line' id='line_1_25' title="bbox 2245 1027 3799 1111; baseline -0.01 -15"><span class='ocrx_word' id='word_1_159' title='bbox 2245 1057 2351 1111; x_wconf 90' lang='lat' dir='ltr'><strong>qua</strong></span> <span class='ocrx_word' id='word_1_160' title='bbox 2386 1056 2503 1095; x_wconf 84' lang='lat' dir='ltr'><strong>mos</strong></span> <span class='ocrx_word' id='word_1_161' title='bbox 2550 1050 2636 1094; x_wconf 85' lang='lat' dir='ltr'><strong>est</strong></span> <span class='ocrx_word' id='word_1_162' title='bbox 2659 1036 2988 1093; x_wconf 79' lang='lat' dir='ltr'><strong>Christianis</strong></span> <span class='ocrx_word' id='word_1_163' title='bbox 3018 1046 3277 1104; x_wconf 74' lang='lat' dir='ltr'><strong>peragere</strong></span> <span class='ocrx_word' id='word_1_164' title='bbox 3305 1027 3799 1089; x_wconf 78' lang='lat' dir='ltr'><strong>sanetIticationem,</strong></span> 
     </span>
    </p>
   </div>
   <div class='ocr_carea' id='block_1_26' title="bbox 2247 1119 3802 1195">
    <p class='ocr_par' dir='ltr' id='par_1_26' title="bbox 2247 1119 3802 1195">
     <span class='ocr_line' id='line_1_26' title="bbox 2247 1119 3802 1195; baseline -0.012 -6"><span class='ocrx_word' id='word_1_165' title='bbox 2247 1127 2430 1189; x_wconf 83' lang='lat' dir='ltr'><strong>divina</strong></span> <span class='ocrx_word' id='word_1_166' title='bbox 2457 1146 2651 1185; x_wconf 83' lang='lat' dir='ltr'><strong>manus</strong></span> <span class='ocrx_word' id='word_1_167' title='bbox 2681 1127 2962 1184; x_wconf 80' lang='lat' dir='ltr'><strong>advenerit</strong></span> <span class='ocrx_word' id='word_1_168' title='bbox 3000 1141 3017 1181; x_wconf 84' lang='lat'><strong>:</strong></span> <span class='ocrx_word' id='word_1_169' title='bbox 3044 1140 3207 1195; x_wconf 85' lang='lat' dir='ltr'><strong>quam</strong></span> <span class='ocrx_word' id='word_1_170' title='bbox 3232 1137 3356 1179; x_wconf 88' lang='lat' dir='ltr'><strong>cum</strong></span> <span class='ocrx_word' id='word_1_171' title='bbox 3390 1119 3599 1175; x_wconf 80' lang='lat' dir='ltr'><strong>Christi</strong></span> <span class='ocrx_word' id='word_1_172' title='bbox 3630 1132 3802 1174; x_wconf 73' lang='lat' dir='ltr'><strong>amatr-</strong></span> 
     </span>
    </p>
   </div>
   <div class='ocr_carea' id='block_1_27' title="bbox 2249 1210 3803 1291">
    <p class='ocr_par' dir='ltr' id='par_1_27' title="bbox 2249 1210 3803 1291">
     <span class='ocr_line' id='line_1_27' title="bbox 2249 1210 3803 1291; baseline -0.011 -11"><span class='ocrx_word' id='word_1_173' title='bbox 2249 1225 2502 1280; x_wconf 85' lang='lat' dir='ltr'><strong>tissimus</strong></span> <span class='ocrx_word' id='word_1_174' title='bbox 2562 1223 2876 1291; x_wconf 81' lang='lat' dir='ltr'><strong>imperator,</strong></span> <span class='ocrx_word' id='word_1_175' title='bbox 2916 1226 3201 1286; x_wconf 82' lang='lat' dir='ltr'><strong>tanquam</strong></span> <span class='ocrx_word' id='word_1_176' title='bbox 3249 1215 3474 1269; x_wconf 63' lang='lat' dir='ltr'><strong>caeleste</strong></span> <span class='ocrx_word' id='word_1_177' title='bbox 3518 1210 3721 1266; x_wconf 76' lang='lat' dir='ltr'><strong>donum</strong></span> <span class='ocrx_word' id='word_1_178' title='bbox 3756 1216 3803 1263; x_wconf 84' lang='lat' dir='ltr'><strong>et</strong></span> 
     </span>
    </p>
   </div>
   <div class='ocr_carea' id='block_1_28' title="bbox 2249 1305 3803 1383">
    <p class='ocr_par' dir='ltr' id='par_1_28' title="bbox 2249 1305 3803 1383">
     <span class='ocr_line' id='line_1_28' title="bbox 2249 1305 3803 1383; baseline -0.01 -12"><span class='ocrx_word' id='word_1_179' title='bbox 2249 1318 2318 1372; x_wconf 88' lang='lat' dir='ltr'><strong>ab</strong></span> <span class='ocrx_word' id='word_1_180' title='bbox 2350 1317 2568 1371; x_wconf 89' lang='lat' dir='ltr'><strong>interitu</strong></span> <span class='ocrx_word' id='word_1_181' title='bbox 2599 1316 2836 1369; x_wconf 88' lang='lat' dir='ltr'><strong>alienum</strong></span> <span class='ocrx_word' id='word_1_182' title='bbox 2860 1310 3210 1379; x_wconf 75' lang='lat' dir='ltr'><strong>susCepisset,</strong></span> <span class='ocrx_word' id='word_1_183' title='bbox 3254 1318 3306 1361; x_wconf 88' lang='lat' dir='ltr'><strong>et</strong></span> <span class='ocrx_word' id='word_1_184' title='bbox 3344 1305 3626 1383; x_wconf 79' lang='lat' dir='ltr'><strong>amplexus</strong></span> <span class='ocrx_word' id='word_1_185' title='bbox 3651 1306 3803 1362; x_wconf 70' lang='lat' dir='ltr'><strong>casei.</strong></span> 
     </span>
    </p>
   </div>
   <div class='ocr_carea' id='block_1_29' title="bbox 2250 1392 3807 1474">
    <p class='ocr_par' dir='ltr' id='par_1_29' title="bbox 2250 1392 3807 1474">
     <span class='ocr_line' id='line_1_29' title="bbox 2250 1392 3807 1474; baseline -0.011 -13"><span class='ocrx_word' id='word_1_186' title='bbox 2250 1408 2625 1474; x_wconf 60' lang='lat' dir='ltr'><strong>desidet-iique</strong></span> <span class='ocrx_word' id='word_1_187' title='bbox 2691 1416 2747 1457; x_wconf 93' lang='lat' dir='ltr'><strong>et</strong></span> <span class='ocrx_word' id='word_1_188' title='bbox 2800 1394 2921 1458; x_wconf 82' lang='lat' dir='ltr'><strong>iidei</strong></span> <span class='ocrx_word' id='word_1_189' title='bbox 2971 1402 3234 1471; x_wconf 75' lang='lat' dir='ltr'><strong>iacrymas</strong></span> <span class='ocrx_word' id='word_1_190' title='bbox 3262 1396 3571 1459; x_wconf 71' lang='lat' dir='ltr'><strong>effudisset,</strong></span> <span class='ocrx_word' id='word_1_191' title='bbox 3609 1392 3807 1463; x_wconf 75' lang='lat' dir='ltr'><strong>reponit</strong></span> 
     </span>
    </p>
   </div>
   <div class='ocr_carea' id='block_1_30' title="bbox 2239 1492 3807 1577">
    <p class='ocr_par' dir='ltr' id='par_1_30' title="bbox 2239 1492 3807 1577">
     <span class='ocr_line' id='line_1_30' title="bbox 2239 1492 3807 1577; baseline -0.01 -24"><span class='ocrx_word' id='word_1_192' title='bbox 2239 1499 2305 1577; x_wconf 34' lang='lat' dir='ltr'><strong>lin</strong></span> <span class='ocrx_word' id='word_1_193' title='bbox 2334 1499 2511 1553; x_wconf 87' lang='lat' dir='ltr'><strong>medio</strong></span> <span class='ocrx_word' id='word_1_194' title='bbox 2557 1496 2880 1567; x_wconf 74' lang='lat' dir='ltr'><strong>templorum</strong></span> <span class='ocrx_word' id='word_1_195' title='bbox 2920 1492 3206 1557; x_wconf 74' lang='lat' dir='ltr'><strong>regalium,</strong></span> <span class='ocrx_word' id='word_1_196' title='bbox 3238 1492 3374 1543; x_wconf 87' lang='lat' dir='ltr'><strong>adeo</strong></span> <span class='ocrx_word' id='word_1_197' title='bbox 3399 1495 3457 1540; x_wconf 90' lang='lat' dir='ltr'><strong>ut</strong></span> <span class='ocrx_word' id='word_1_198' title='bbox 3484 1501 3673 1540; x_wconf 84' lang='lat' dir='ltr'><strong>omnes</strong></span> <span class='ocrx_word' id='word_1_199' title='bbox 3699 1498 3807 1539; x_wconf 86' lang='lat' dir='ltr'><strong>ere-</strong></span> 
     </span>
    </p>
   </div>
   <div class='ocr_carea' id='block_1_31' title="bbox 2253 1576 3809 1658">
    <p class='ocr_par' dir='ltr' id='par_1_31' title="bbox 2253 1576 3809 1658">
     <span class='ocr_line' id='line_1_31' title="bbox 2253 1576 3809 1658; baseline -0.01 -13"><span class='ocrx_word' id='word_1_200' title='bbox 2253 1592 2451 1645; x_wconf 85' lang='lat' dir='ltr'><strong>derent</strong></span> <span class='ocrx_word' id='word_1_201' title='bbox 2501 1590 2652 1643; x_wconf 88' lang='lat' dir='ltr'><strong>illum</strong></span> <span class='ocrx_word' id='word_1_202' title='bbox 2719 1588 2898 1658; x_wconf 90' lang='lat' dir='ltr'><strong>ipsum</strong></span> <span class='ocrx_word' id='word_1_203' title='bbox 2949 1586 3142 1639; x_wconf 80' lang='lat' dir='ltr'><strong>adesse</strong></span> <span class='ocrx_word' id='word_1_204' title='bbox 3197 1580 3521 1651; x_wconf 86' lang='lat' dir='ltr'><strong>Baptistam,</strong></span> <span class='ocrx_word' id='word_1_205' title='bbox 3562 1576 3661 1632; x_wconf 86' lang='lat' dir='ltr'><strong>etsi</strong></span> <span class='ocrx_word' id='word_1_206' title='bbox 3714 1576 3809 1631; x_wconf 85' lang='lat' dir='ltr'><strong>sub</strong></span> 
     </span>
    </p>
   </div>
   <div class='ocr_carea' id='block_1_32' title="bbox 2252 1668 3808 1749">
    <p class='ocr_par' dir='ltr' id='par_1_32' title="bbox 2252 1668 3808 1749">
     <span class='ocr_line' id='line_1_32' title="bbox 2252 1668 3808 1749; baseline -0.01 -14"><span class='ocrx_word' id='word_1_207' title='bbox 2252 1690 2533 1749; x_wconf 79' lang='lat' dir='ltr'><strong>aspectum</strong></span> <span class='ocrx_word' id='word_1_208' title='bbox 2596 1695 2702 1733; x_wconf 88' lang='lat' dir='ltr'><strong>non</strong></span> <span class='ocrx_word' id='word_1_209' title='bbox 2760 1679 2997 1738; x_wconf 87' lang='lat' dir='ltr'><strong>caderet,</strong></span> <span class='ocrx_word' id='word_1_210' title='bbox 3057 1684 3111 1729; x_wconf 91' lang='lat' dir='ltr'><strong>et</strong></span> <span class='ocrx_word' id='word_1_211' title='bbox 3168 1668 3476 1743; x_wconf 83' lang='lat' dir='ltr'><strong>propositas</strong></span> <span class='ocrx_word' id='word_1_212' title='bbox 3533 1682 3700 1738; x_wconf 77' lang='lat' dir='ltr'><strong>aquas</strong></span> <span class='ocrx_word' id='word_1_213' title='bbox 3717 1680 3808 1722; x_wconf 83' lang='lat' dir='ltr'><strong>sua</strong></span> 
     </span>
    </p>
   </div>
   <div class='ocr_carea' id='block_1_33' title="bbox 584 1756 3808 1845">
    <p class='ocr_par' dir='ltr' id='par_1_33' title="bbox 584 1756 3808 1845">
     <span class='ocr_line' id='line_1_33' title="bbox 584 1756 3808 1845; baseline -0.009 -18"><span class='ocrx_word' id='word_1_214' title='bbox 584 1790 688 1845; x_wconf 91' lang='lat' dir='ltr'><strong>guo</strong></span> <span class='ocrx_word' id='word_1_215' title='bbox 738 1782 883 1827; x_wconf 90' lang='lat' dir='ltr'><strong>metu</strong></span> <span class='ocrx_word' id='word_1_216' title='bbox 920 1774 1172 1835; x_wconf 83' lang='lat' dir='ltr'><strong>aii&#39;ectus,</strong></span> <span class='ocrx_word' id='word_1_217' title='bbox 1206 1788 1271 1827; x_wconf 90' lang='lat' dir='ltr'><strong>ne</strong></span> <span class='ocrx_word' id='word_1_218' title='bbox 1300 1788 1385 1825; x_wconf 88' lang='lat' dir='ltr'><strong>res</strong></span> <span class='ocrx_word' id='word_1_219' title='bbox 1416 1776 1564 1825; x_wconf 79' lang='lat' dir='ltr'><strong>fieret</strong></span> <span class='ocrx_word' id='word_1_220' title='bbox 1587 1765 1869 1821; x_wconf 86' lang='lat' dir='ltr'><strong>manifesta</strong></span> <span class='ocrx_word' id='word_1_221' title='bbox 1896 1763 2150 1824; x_wconf 89' lang='lat' dir='ltr'><strong>inimicis,</strong></span> <span class='ocrx_word' id='word_1_222' title='bbox 2184 1779 2225 1835; x_wconf 75' lang='grc' dir='ltr'><strong><em>Β</em></strong></span> <span class='ocrx_word' id='word_1_223' title='bbox 2253 1769 2616 1827; x_wconf 43' lang='lat' dir='ltr'><strong>sanctiﬁcata,</strong></span> <span class='ocrx_word' id='word_1_224' title='bbox 2662 1769 2901 1821; x_wconf 68' lang='grc' dir='ltr'>ιίειιεη,</span> <span class='ocrx_word' id='word_1_225' title='bbox 2951 1763 3087 1819; x_wconf 69' lang='lat' dir='ltr'><strong>Hinc</strong></span> <span class='ocrx_word' id='word_1_226' title='bbox 3144 1756 3478 1817; x_wconf 47' lang='lat' dir='ltr'><strong>canebam“</strong></span> <span class='ocrx_word' id='word_1_227' title='bbox 3518 1756 3808 1830; x_wconf 60' lang='lat' dir='ltr'><strong>by“;th</strong></span> 
     </span>
    </p>
   </div>
   <div class='ocr_carea' id='block_1_34' title="bbox 580 1850 2152 1937">
    <p class='ocr_par' dir='ltr' id='par_1_34' title="bbox 580 1850 2152 1937">
     <span class='ocr_line' id='line_1_34' title="bbox 580 1850 2152 1937; baseline -0.009 -15"><span class='ocrx_word' id='word_1_228' title='bbox 580 1869 648 1922; x_wconf 88' lang='lat' dir='ltr'><strong>ad</strong></span> <span class='ocrx_word' id='word_1_229' title='bbox 700 1867 1109 1937; x_wconf 76' lang='lat' dir='ltr'><strong>exsequendum</strong></span> <span class='ocrx_word' id='word_1_230' title='bbox 1160 1867 1497 1936; x_wconf 85' lang='lat' dir='ltr'><strong>propositum</strong></span> <span class='ocrx_word' id='word_1_231' title='bbox 1553 1862 1738 1916; x_wconf 88' lang='lat' dir='ltr'><strong>multis</strong></span> <span class='ocrx_word' id='word_1_232' title='bbox 1807 1873 1947 1927; x_wconf 70' lang='lat' dir='ltr'><strong>saepe</strong></span> <span class='ocrx_word' id='word_1_233' title='bbox 1992 1850 2152 1908; x_wconf 77' lang='lat' dir='ltr'><strong>utens</strong></span> 
     </span>
    </p>
   </div>
   <div class='ocr_carea' id='block_1_35' title="bbox 582 1948 2155 2027">
    <p class='ocr_par' dir='ltr' id='par_1_35' title="bbox 582 1948 2155 2027">
     <span class='ocr_line' id='line_1_35' title="bbox 582 1948 2155 2027; baseline -0.008 -16"><span class='ocrx_word' id='word_1_234' title='bbox 582 1959 852 2027; x_wconf 81' lang='lat' dir='ltr'><strong>precibus.</strong></span> <span class='ocrx_word' id='word_1_235' title='bbox 910 1959 1114 2011; x_wconf 85' lang='lat' dir='ltr'><strong>Locum</strong></span> <span class='ocrx_word' id='word_1_236' title='bbox 1146 1969 1329 2011; x_wconf 84' lang='lat' dir='ltr'><strong>autem</strong></span> <span class='ocrx_word' id='word_1_237' title='bbox 1367 1958 1504 2017; x_wconf 82' lang='lat' dir='ltr'><strong>loco,</strong></span> <span class='ocrx_word' id='word_1_238' title='bbox 1552 1962 1606 2007; x_wconf 92' lang='lat' dir='ltr'><strong>et</strong></span> <span class='ocrx_word' id='word_1_239' title='bbox 1630 1952 1902 2006; x_wconf 89' lang='lat' dir='ltr'><strong>civitatem</strong></span> <span class='ocrx_word' id='word_1_240' title='bbox 1936 1948 2155 2001; x_wconf 82' lang='lat' dir='ltr'><strong>civitate</strong></span> 
     </span>
    </p>
   </div>
   <div class='ocr_carea' id='block_1_36' title="bbox 581 2038 2153 2112">
    <p class='ocr_par' dir='ltr' id='par_1_36' title="bbox 581 2038 2153 2112">
     <span class='ocr_line' id='line_1_36' title="bbox 581 2038 2153 2112; baseline -0.008 -11"><span class='ocrx_word' id='word_1_241' title='bbox 581 2058 946 2112; x_wconf 79' lang='lat' dir='ltr'><strong>commutatis,</strong></span> <span class='ocrx_word' id='word_1_242' title='bbox 1012 2048 1304 2101; x_wconf 79' lang='lat' dir='ltr'><strong>festinabat</strong></span> <span class='ocrx_word' id='word_1_243' title='bbox 1346 2046 1411 2099; x_wconf 89' lang='lat' dir='ltr'><strong>ad</strong></span> <span class='ocrx_word' id='word_1_244' title='bbox 1440 2045 1668 2099; x_wconf 69' lang='lat' dir='ltr'><strong>exitum.</strong></span> <span class='ocrx_word' id='word_1_245' title='bbox 1716 2040 1963 2108; x_wconf 85' lang='lat' dir='ltr'><strong>Cumque</strong></span> <span class='ocrx_word' id='word_1_246' title='bbox 1990 2038 2153 2092; x_wconf 85' lang='lat' dir='ltr'><strong>lethi-</strong></span> 
     </span>
    </p>
   </div>
   <div class='ocr_carea' id='block_1_37' title="bbox 586 2126 2154 2204">
    <p class='ocr_par' dir='ltr' id='par_1_37' title="bbox 586 2126 2154 2204">
     <span class='ocr_line' id='line_1_37' title="bbox 586 2126 2154 2204; baseline -0.007 -14"><span class='ocrx_word' id='word_1_247' title='bbox 586 2139 729 2192; x_wconf 85' lang='lat' dir='ltr'><strong>feras</strong></span> <span class='ocrx_word' id='word_1_248' title='bbox 776 2138 895 2191; x_wconf 86' lang='lat' dir='ltr'><strong>illas</strong></span> <span class='ocrx_word' id='word_1_249' title='bbox 953 2139 1071 2191; x_wconf 84' lang='lat' dir='ltr'><strong>vias</strong></span> <span class='ocrx_word' id='word_1_250' title='bbox 1113 2138 1191 2191; x_wconf 87' lang='lat' dir='ltr'><strong>sic</strong></span> <span class='ocrx_word' id='word_1_251' title='bbox 1252 2134 1597 2204; x_wconf 81' lang='lat' dir='ltr'><strong>pervasisset.</strong></span> <span class='ocrx_word' id='word_1_252' title='bbox 1646 2131 1890 2200; x_wconf 84' lang='lat' dir='ltr'><strong>pervenit</strong></span> <span class='ocrx_word' id='word_1_253' title='bbox 1923 2130 1988 2180; x_wconf 88' lang='lat' dir='ltr'><strong>ad</strong></span> <span class='ocrx_word' id='word_1_254' title='bbox 2019 2126 2154 2179; x_wconf 74' lang='lat' dir='ltr'><strong>lines</strong></span> 
     </span>
    </p>
   </div>
   <div class='ocr_carea' id='block_1_38' title="bbox 586 2218 2152 2298">
    <p class='ocr_par' dir='ltr' id='par_1_38' title="bbox 586 2218 2152 2298">
     <span class='ocr_line' id='line_1_38' title="bbox 586 2218 2152 2298; baseline -0.01 -15"><span class='ocrx_word' id='word_1_255' title='bbox 586 2230 883 2293; x_wconf 77' lang='lat' dir='ltr'><strong>Romanos,</strong></span> <span class='ocrx_word' id='word_1_256' title='bbox 913 2244 1167 2298; x_wconf 74' lang='lat' dir='ltr'><strong>magnum</strong></span> <span class='ocrx_word' id='word_1_257' title='bbox 1190 2229 1406 2296; x_wconf 82' lang='lat' dir='ltr'><strong>quidem</strong></span> <span class='ocrx_word' id='word_1_258' title='bbox 1438 2227 1585 2278; x_wconf 89' lang='lat' dir='ltr'><strong>illum</strong></span> <span class='ocrx_word' id='word_1_259' title='bbox 1624 2232 1825 2277; x_wconf 89' lang='lat' dir='ltr'><strong>metum</strong></span> <span class='ocrx_word' id='word_1_260' title='bbox 1850 2218 2152 2283; x_wconf 71' lang='lat' dir='ltr'><strong>excutiens,</strong></span> 
     </span>
    </p>
   </div>
   <div class='ocr_carea' id='block_1_39' title="bbox 585 2310 2154 2379">
    <p class='ocr_par' dir='ltr' id='par_1_39' title="bbox 585 2310 2154 2379">
     <span class='ocr_line' id='line_1_39' title="bbox 585 2310 2154 2379; baseline -0.009 -5"><span class='ocrx_word' id='word_1_261' title='bbox 585 2319 844 2375; x_wconf 86' lang='lat' dir='ltr'><strong>audacius</strong></span> <span class='ocrx_word' id='word_1_262' title='bbox 881 2329 1061 2374; x_wconf 88' lang='lat' dir='ltr'><strong>autem</strong></span> <span class='ocrx_word' id='word_1_263' title='bbox 1102 2331 1154 2372; x_wconf 87' lang='lat' dir='ltr'><strong>et</strong></span> <span class='ocrx_word' id='word_1_264' title='bbox 1180 2318 1540 2373; x_wconf 85' lang='lat' dir='ltr'><strong>confidentius</strong></span> <span class='ocrx_word' id='word_1_265' title='bbox 1561 2314 1827 2370; x_wconf 76' lang='lat' dir='ltr'><strong>festinans</strong></span> <span class='ocrx_word' id='word_1_266' title='bbox 1857 2310 1924 2365; x_wconf 87' lang='lat' dir='ltr'><strong>ad</strong></span> <span class='ocrx_word' id='word_1_267' title='bbox 1952 2310 2154 2379; x_wconf 79' lang='lat' dir='ltr'><strong>regiam</strong></span> 
     </span>
    </p>
   </div>
   <div class='ocr_carea' id='block_1_40' title="bbox 590 2400 2160 2480">
    <p class='ocr_par' dir='ltr' id='par_1_40' title="bbox 590 2400 2160 2480">
     <span class='ocr_line' id='line_1_40' title="bbox 590 2400 2160 2480; baseline -0.009 -13"><span class='ocrx_word' id='word_1_268' title='bbox 590 2416 891 2468; x_wconf 80' lang='lat' dir='ltr'><strong>civitatem.</strong></span> <span class='ocrx_word' id='word_1_269' title='bbox 948 2413 1245 2480; x_wconf 84' lang='lat' dir='ltr'><strong>Postquam</strong></span> <span class='ocrx_word' id='word_1_270' title='bbox 1309 2424 1437 2462; x_wconf 87' lang='lat' dir='ltr'><strong>vero</strong></span> <span class='ocrx_word' id='word_1_271' title='bbox 1493 2408 1664 2460; x_wconf 82' lang='lat' dir='ltr'><strong>fidelis</strong></span> <span class='ocrx_word' id='word_1_272' title='bbox 1710 2407 2003 2472; x_wconf 84' lang='lat' dir='ltr'><strong>imperator</strong></span> <span class='ocrx_word' id='word_1_273' title='bbox 2040 2400 2160 2468; x_wconf 80' lang='lat' dir='ltr'><strong>ejus</strong></span> 
     </span>
    </p>
   </div>
   <div class='ocr_carea' id='block_1_41' title="bbox 588 2494 2160 2568">
    <p class='ocr_par' dir='ltr' id='par_1_41' title="bbox 588 2494 2160 2568">
     <span class='ocr_line' id='line_1_41' title="bbox 588 2494 2160 2568; baseline -0.01 -9"><span class='ocrx_word' id='word_1_274' title='bbox 588 2507 809 2562; x_wconf 78' lang='lat' dir='ltr'><strong>rescivit</strong></span> <span class='ocrx_word' id='word_1_275' title='bbox 862 2505 1176 2568; x_wconf 86' lang='lat' dir='ltr'><strong>adventum,</strong></span> <span class='ocrx_word' id='word_1_276' title='bbox 1205 2512 1258 2556; x_wconf 93' lang='lat' dir='ltr'><strong>et</strong></span> <span class='ocrx_word' id='word_1_277' title='bbox 1301 2517 1357 2554; x_wconf 92' lang='lat' dir='ltr'><strong>re</strong></span> <span class='ocrx_word' id='word_1_278' title='bbox 1378 2499 1680 2553; x_wconf 89' lang='lat' dir='ltr'><strong>admirabili</strong></span> <span class='ocrx_word' id='word_1_279' title='bbox 1713 2497 1815 2549; x_wconf 89' lang='lat' dir='ltr'><strong>fuit</strong></span> <span class='ocrx_word' id='word_1_280' title='bbox 1841 2494 2160 2562; x_wconf 79' lang='lat' dir='ltr'><strong>obstupefa-</strong></span> 
     </span>
    </p>
   </div>
   <div class='ocr_carea' id='block_1_42' title="bbox 592 2584 2165 2663">
    <p class='ocr_par' dir='ltr' id='par_1_42' title="bbox 592 2584 2165 2663">
     <span class='ocr_line' id='line_1_42' title="bbox 592 2584 2165 2663; baseline -0.011 -11"><span class='ocrx_word' id='word_1_281' title='bbox 592 2609 732 2661; x_wconf 82' lang='lat' dir='ltr'><strong>ctus,</strong></span> <span class='ocrx_word' id='word_1_282' title='bbox 781 2596 997 2652; x_wconf 82' lang='lat' dir='ltr'><strong>Christo</strong></span> <span class='ocrx_word' id='word_1_283' title='bbox 1024 2594 1243 2663; x_wconf 85' lang='lat' dir='ltr'><strong>quidem</strong></span> <span class='ocrx_word' id='word_1_284' title='bbox 1279 2608 1384 2647; x_wconf 85' lang='lat' dir='ltr'><strong>non</strong></span> <span class='ocrx_word' id='word_1_285' title='bbox 1414 2600 1623 2661; x_wconf 83' lang='lat' dir='ltr'><strong>poterat</strong></span> <span class='ocrx_word' id='word_1_286' title='bbox 1659 2604 1817 2657; x_wconf 83' lang='lat' dir='ltr'><strong>agere</strong></span> <span class='ocrx_word' id='word_1_287' title='bbox 1844 2584 2043 2655; x_wconf 76' lang='lat' dir='ltr'><strong>gratias</strong></span> <span class='ocrx_word' id='word_1_288' title='bbox 2068 2599 2165 2652; x_wconf 88' lang='lat' dir='ltr'><strong>pro</strong></span> 
     </span>
    </p>
   </div>
   <div class='ocr_carea' id='block_1_43' title="bbox 588 2678 2161 2760">
    <p class='ocr_par' dir='ltr' id='par_1_43' title="bbox 588 2678 2161 2760">
     <span class='ocr_line' id='line_1_43' title="bbox 588 2678 2161 2760; baseline -0.01 -16"><span class='ocrx_word' id='word_1_289' title='bbox 588 2692 871 2760; x_wconf 75' lang='lat' dir='ltr'><strong>dignitate,</strong></span> <span class='ocrx_word' id='word_1_290' title='bbox 899 2698 956 2743; x_wconf 83' lang='lat' dir='ltr'><strong>ut</strong></span> <span class='ocrx_word' id='word_1_291' title='bbox 972 2703 1131 2756; x_wconf 88' lang='lat' dir='ltr'><strong>quem</strong></span> <span class='ocrx_word' id='word_1_292' title='bbox 1161 2690 1490 2755; x_wconf 79' lang='lat' dir='ltr'><strong>insperatum</strong></span> <span class='ocrx_word' id='word_1_293' title='bbox 1528 2682 1813 2751; x_wconf 85' lang='lat' dir='ltr'><strong>impediret</strong></span> <span class='ocrx_word' id='word_1_294' title='bbox 1855 2678 2109 2747; x_wconf 77' lang='lat' dir='ltr'><strong>gaudium</strong></span> <span class='ocrx_word' id='word_1_295' title='bbox 2148 2693 2161 2729; x_wconf 91' lang='lat'><strong>:</strong></span> 
     </span>
    </p>
   </div>
   <div class='ocr_carea' id='block_1_44' title="bbox 590 2766 2167 2848">
    <p class='ocr_par' dir='ltr' id='par_1_44' title="bbox 590 2766 2167 2848">
     <span class='ocr_line' id='line_1_44' title="bbox 590 2766 2167 2848; baseline -0.011 -15"><span class='ocrx_word' id='word_1_296' title='bbox 590 2798 686 2835; x_wconf 85' lang='lat' dir='ltr'><strong>eos</strong></span> <span class='ocrx_word' id='word_1_297' title='bbox 719 2792 920 2843; x_wconf 85' lang='lat' dir='ltr'><strong>autem,</strong></span> <span class='ocrx_word' id='word_1_298' title='bbox 951 2778 1043 2848; x_wconf 89' lang='lat' dir='ltr'><strong>qui</strong></span> <span class='ocrx_word' id='word_1_299' title='bbox 1091 2778 1192 2831; x_wconf 87' lang='lat' dir='ltr'><strong>hoc</strong></span> <span class='ocrx_word' id='word_1_300' title='bbox 1219 2785 1466 2831; x_wconf 84' lang='lat' dir='ltr'><strong>sanctum</strong></span> <span class='ocrx_word' id='word_1_301' title='bbox 1512 2787 1636 2827; x_wconf 87' lang='lat' dir='ltr'><strong>cum</strong></span> <span class='ocrx_word' id='word_1_302' title='bbox 1678 2770 1915 2842; x_wconf 77' lang='lat' dir='ltr'><strong>hymnis,</strong></span> <span class='ocrx_word' id='word_1_303' title='bbox 1956 2766 2167 2834; x_wconf 69' lang='lat' dir='ltr'><strong>lampao</strong></span> 
     </span>
    </p>
   </div>
   <div class='ocr_carea' id='block_1_45' title="bbox 592 2858 2166 2939">
    <p class='ocr_par' dir='ltr' id='par_1_45' title="bbox 592 2858 2166 2939">
     <span class='ocr_line' id='line_1_45' title="bbox 592 2858 2166 2939; baseline -0.01 -14"><span class='ocrx_word' id='word_1_304' title='bbox 592 2874 750 2927; x_wconf 82' lang='lat' dir='ltr'><strong>dibus</strong></span> <span class='ocrx_word' id='word_1_305' title='bbox 783 2884 836 2926; x_wconf 87' lang='lat' dir='ltr'><strong>ct</strong></span> <span class='ocrx_word' id='word_1_306' title='bbox 864 2868 1157 2939; x_wconf 81' lang='lat' dir='ltr'><strong>unguentis</strong></span> <span class='ocrx_word' id='word_1_307' title='bbox 1182 2876 1371 2922; x_wconf 80' lang='lat' dir='ltr'><strong>essent</strong></span> <span class='ocrx_word' id='word_1_308' title='bbox 1424 2864 1750 2934; x_wconf 75' lang='lat' dir='ltr'><strong>suscepturi,</strong></span> <span class='ocrx_word' id='word_1_309' title='bbox 1781 2870 1835 2915; x_wconf 88' lang='lat' dir='ltr'><strong>et</strong></span> <span class='ocrx_word' id='word_1_310' title='bbox 1881 2861 1945 2912; x_wconf 89' lang='lat' dir='ltr'><strong>ad</strong></span> <span class='ocrx_word' id='word_1_311' title='bbox 1990 2858 2166 2928; x_wconf 89' lang='lat' dir='ltr'><strong>ipsum</strong></span> 
     </span>
    </p>
   </div>
   <div class='ocr_carea' id='block_1_46' title="bbox 591 2950 2169 3029">
    <p class='ocr_par' dir='ltr' id='par_1_46' title="bbox 591 2950 2169 3029">
     <span class='ocr_line' id='line_1_46' title="bbox 591 2950 2169 3029; baseline -0.01 -12"><span class='ocrx_word' id='word_1_312' title='bbox 591 2964 834 3029; x_wconf 85' lang='lat' dir='ltr'><strong>allaturi,</strong></span> <span class='ocrx_word' id='word_1_313' title='bbox 858 2962 1038 3016; x_wconf 88' lang='lat' dir='ltr'><strong>emisit</strong></span> <span class='ocrx_word' id='word_1_314' title='bbox 1072 2979 1087 3015; x_wconf 72' lang='grc' dir='ltr'><strong>ι</strong></span> <span class='ocrx_word' id='word_1_315' title='bbox 1114 2968 1172 3013; x_wconf 93' lang='lat' dir='ltr'><strong>ut</strong></span> <span class='ocrx_word' id='word_1_316' title='bbox 1198 2963 1339 3013; x_wconf 87' lang='lat' dir='ltr'><strong>sicut</strong></span> <span class='ocrx_word' id='word_1_317' title='bbox 1402 2958 1517 3027; x_wconf 88' lang='lat' dir='ltr'><strong>ipse</strong></span> <span class='ocrx_word' id='word_1_318' title='bbox 1545 2969 1641 3009; x_wconf 83' lang='lat' dir='ltr'><strong>vox</strong></span> <span class='ocrx_word' id='word_1_319' title='bbox 1674 2950 1961 3009; x_wconf 84' lang='lat' dir='ltr'><strong>clamantis</strong></span> <span class='ocrx_word' id='word_1_320' title='bbox 1992 2951 2045 3002; x_wconf 88' lang='lat' dir='ltr'><strong>iu</strong></span> <span class='ocrx_word' id='word_1_321' title='bbox 2071 2950 2169 3003; x_wconf 65' lang='lat' dir='ltr'><strong>deo</strong></span> 
     </span>
    </p>
   </div>
   <div class='ocr_carea' id='block_1_47' title="bbox 595 3041 2165 3125">
    <p class='ocr_par' dir='ltr' id='par_1_47' title="bbox 595 3041 2165 3125">
     <span class='ocr_line' id='line_1_47' title="bbox 595 3041 2165 3125; baseline -0.01 -16"><span class='ocrx_word' id='word_1_322' title='bbox 595 3052 740 3110; x_wconf 83' lang='lat' dir='ltr'><strong>serto</strong></span> <span class='ocrx_word' id='word_1_323' title='bbox 768 3069 959 3125; x_wconf 83' lang='lat' dir='ltr'><strong>parare</strong></span> <span class='ocrx_word' id='word_1_324' title='bbox 987 3056 1102 3108; x_wconf 87' lang='lat' dir='ltr'><strong>vias</strong></span> <span class='ocrx_word' id='word_1_325' title='bbox 1136 3051 1370 3115; x_wconf 88' lang='lat' dir='ltr'><strong>Domini,</strong></span> <span class='ocrx_word' id='word_1_326' title='bbox 1413 3058 1467 3103; x_wconf 91' lang='lat' dir='ltr'><strong>et</strong></span> <span class='ocrx_word' id='word_1_327' title='bbox 1493 3048 1716 3103; x_wconf 84' lang='lat' dir='ltr'><strong>semitas</strong></span> <span class='ocrx_word' id='word_1_328' title='bbox 1742 3054 1915 3099; x_wconf 86' lang='lat' dir='ltr'><strong>rectas</strong></span> <span class='ocrx_word' id='word_1_329' title='bbox 1971 3041 2165 3102; x_wconf 75' lang='lat' dir='ltr'><strong>facere,</strong></span> 
     </span>
    </p>
   </div>
   <div class='ocr_carea' id='block_1_48' title="bbox 2256 1850 3810 1933">
    <p class='ocr_par' dir='ltr' id='par_1_48' title="bbox 2256 1850 3810 1933">
     <span class='ocr_line' id='line_1_48' title="bbox 2256 1850 3810 1933; baseline -0.012 -13"><span class='ocrx_word' id='word_1_330' title='bbox 2256 1865 2501 1933; x_wconf 83' lang='lat' dir='ltr'><strong>spiritus,</strong></span> <span class='ocrx_word' id='word_1_331' title='bbox 2526 1862 2674 1914; x_wconf 90' lang='lat' dir='ltr'><strong>illata</strong></span> <span class='ocrx_word' id='word_1_332' title='bbox 2732 1858 2936 1913; x_wconf 91' lang='lat' dir='ltr'><strong>lumina</strong></span> <span class='ocrx_word' id='word_1_333' title='bbox 2972 1856 3232 1925; x_wconf 83' lang='lat' dir='ltr'><strong>templum</strong></span> <span class='ocrx_word' id='word_1_334' title='bbox 3268 1850 3667 1914; x_wconf 85' lang='lat' dir='ltr'><strong>illuminabant,</strong></span> <span class='ocrx_word' id='word_1_335' title='bbox 3704 1863 3810 1902; x_wconf 86' lang='lat' dir='ltr'><strong>om-</strong></span> 
     </span>
    </p>
   </div>
   <div class='ocr_carea' id='block_1_49' title="bbox 2258 1940 3811 2016">
    <p class='ocr_par' dir='ltr' id='par_1_49' title="bbox 2258 1940 3811 2016">
     <span class='ocr_line' id='line_1_49' title="bbox 2258 1940 3811 2016; baseline -0.012 -5"><span class='ocrx_word' id='word_1_336' title='bbox 2258 1957 2405 2011; x_wconf 89' lang='lat' dir='ltr'><strong>nium</strong></span> <span class='ocrx_word' id='word_1_337' title='bbox 2459 1953 2603 2008; x_wconf 91' lang='lat' dir='ltr'><strong>oculi</strong></span> <span class='ocrx_word' id='word_1_338' title='bbox 2660 1951 2727 2007; x_wconf 91' lang='lat' dir='ltr'><strong>ad</strong></span> <span class='ocrx_word' id='word_1_339' title='bbox 2787 1965 2998 2005; x_wconf 90' lang='lat' dir='ltr'><strong>sacram</strong></span> <span class='ocrx_word' id='word_1_340' title='bbox 3050 1961 3268 2016; x_wconf 87' lang='lat' dir='ltr'><strong>capsam</strong></span> <span class='ocrx_word' id='word_1_341' title='bbox 3330 1953 3487 1999; x_wconf 87' lang='lat' dir='ltr'><strong>erant</strong></span> <span class='ocrx_word' id='word_1_342' title='bbox 3534 1940 3811 2011; x_wconf 87' lang='lat' dir='ltr'><strong>aperti,et</strong></span> 
     </span>
    </p>
   </div>
   <div class='ocr_carea' id='block_1_50' title="bbox 2258 2036 3367 2115">
    <p class='ocr_par' dir='ltr' id='par_1_50' title="bbox 2258 2036 3367 2115">
     <span class='ocr_line' id='line_1_50' title="bbox 2258 2036 3367 2115; baseline -0.008 -15"><span class='ocrx_word' id='word_1_343' title='bbox 2258 2053 2478 2115; x_wconf 82' lang='lat' dir='ltr'><strong>aspectu</strong></span> <span class='ocrx_word' id='word_1_344' title='bbox 2511 2041 2833 2097; x_wconf 82' lang='lat' dir='ltr'><strong>liauriebant</strong></span> <span class='ocrx_word' id='word_1_345' title='bbox 2861 2036 3367 2094; x_wconf 87' lang='lat' dir='ltr'><strong>sanctilicationem.</strong></span> 
     </span>
    </p>
   </div>
   <div class='ocr_carea' id='block_1_51' title="bbox 2330 2120 3818 2203">
    <p class='ocr_par' dir='ltr' id='par_1_51' title="bbox 2330 2120 3818 2203">
     <span class='ocr_line' id='line_1_51' title="bbox 2330 2120 3818 2203; baseline -0.008 -14"><span class='ocrx_word' id='word_1_346' title='bbox 2330 2134 2472 2189; x_wconf 79' lang='lat' dir='ltr'><strong>XIX.</strong></span> <span class='ocrx_word' id='word_1_347' title='bbox 2515 2132 2606 2188; x_wconf 85' lang='lat' dir='ltr'><strong>Sic</strong></span> <span class='ocrx_word' id='word_1_348' title='bbox 2653 2131 2871 2203; x_wconf 90' lang='lat' dir='ltr'><strong>quidem</strong></span> <span class='ocrx_word' id='word_1_349' title='bbox 2921 2144 3043 2183; x_wconf 94' lang='lat' dir='ltr'><strong>cum</strong></span> <span class='ocrx_word' id='word_1_350' title='bbox 3069 2126 3265 2182; x_wconf 83' lang='lat' dir='ltr'><strong>festum</strong></span> <span class='ocrx_word' id='word_1_351' title='bbox 3302 2134 3620 2181; x_wconf 82' lang='lat' dir='ltr'><strong>sanctorum</strong></span> <span class='ocrx_word' id='word_1_352' title='bbox 3651 2120 3818 2177; x_wconf 81' lang='lat' dir='ltr'><strong>Theo-</strong></span> 
     </span>
    </p>
   </div>
   <div class='ocr_carea' id='block_1_52' title="bbox 2261 2212 3817 2297">
    <p class='ocr_par' dir='ltr' id='par_1_52' title="bbox 2261 2212 3817 2297">
     <span class='ocr_line' id='line_1_52' title="bbox 2261 2212 3817 2297; baseline -0.01 -16"><span class='ocrx_word' id='word_1_353' title='bbox 2261 2228 2613 2296; x_wconf 86' lang='lat' dir='ltr'><strong>phaniorum,</strong></span> <span class='ocrx_word' id='word_1_354' title='bbox 2668 2233 2743 2297; x_wconf 40' lang='lat' dir='ltr'><strong>et,</strong></span> <span class='ocrx_word' id='word_1_355' title='bbox 2783 2222 2861 2277; x_wconf 89' lang='lat' dir='ltr'><strong>sic</strong></span> <span class='ocrx_word' id='word_1_356' title='bbox 2921 2221 3083 2275; x_wconf 87' lang='lat' dir='ltr'><strong>etiam</strong></span> <span class='ocrx_word' id='word_1_357' title='bbox 3107 2233 3364 2287; x_wconf 89' lang='lat' dir='ltr'><strong>sequens,</strong></span> <span class='ocrx_word' id='word_1_358' title='bbox 3428 2216 3482 2270; x_wconf 89' lang='lat' dir='ltr'><strong>in</strong></span> <span class='ocrx_word' id='word_1_359' title='bbox 3549 2230 3659 2285; x_wconf 89' lang='lat' dir='ltr'><strong>quo</strong></span> <span class='ocrx_word' id='word_1_360' title='bbox 3684 2212 3817 2268; x_wconf 83' lang='lat' dir='ltr'><strong>sacri</strong></span> 
     </span>
    </p>
   </div>
   <div class='ocr_carea' id='block_1_53' title="bbox 2261 2306 3819 2375">
    <p class='ocr_par' dir='ltr' id='par_1_53' title="bbox 2261 2306 3819 2375">
     <span class='ocr_line' id='line_1_53' title="bbox 2261 2306 3819 2375; baseline -0.011 -2"><span class='ocrx_word' id='word_1_361' title='bbox 2261 2316 2624 2373; x_wconf 74' lang='lat' dir='ltr'><strong>Praecursoris</strong></span> <span class='ocrx_word' id='word_1_362' title='bbox 2656 2310 2914 2367; x_wconf 84' lang='lat' dir='ltr'><strong>memoria</strong></span> <span class='ocrx_word' id='word_1_363' title='bbox 2945 2319 3027 2365; x_wconf 86' lang='lat' dir='ltr'><strong>est</strong></span> <span class='ocrx_word' id='word_1_364' title='bbox 3044 2310 3205 2364; x_wconf 84' lang='lat' dir='ltr'><strong>altius</strong></span> <span class='ocrx_word' id='word_1_365' title='bbox 3223 2309 3376 2362; x_wconf 87' lang='lat' dir='ltr'><strong>nobis</strong></span> <span class='ocrx_word' id='word_1_366' title='bbox 3393 2307 3611 2370; x_wconf 91' lang='lat' dir='ltr'><strong>tradita,</strong></span> <span class='ocrx_word' id='word_1_367' title='bbox 3634 2306 3819 2375; x_wconf 84' lang='lat' dir='ltr'><strong>quippe</strong></span> 
     </span>
    </p>
   </div>
   <div class='ocr_carea' id='block_1_54' title="bbox 2261 2395 3821 2479">
    <p class='ocr_par' dir='ltr' id='par_1_54' title="bbox 2261 2395 3821 2479">
     <span class='ocr_line' id='line_1_54' title="bbox 2261 2395 3821 2479; baseline -0.009 -17"><span class='ocrx_word' id='word_1_368' title='bbox 2261 2412 2353 2479; x_wconf 87' lang='lat' dir='ltr'><strong>qui</strong></span> <span class='ocrx_word' id='word_1_369' title='bbox 2379 2409 2547 2464; x_wconf 85' lang='lat' dir='ltr'><strong>divini</strong></span> <span class='ocrx_word' id='word_1_370' title='bbox 2590 2405 2929 2473; x_wconf 83' lang='lat' dir='ltr'><strong>baptismatis</strong></span> <span class='ocrx_word' id='word_1_371' title='bbox 2957 2402 3212 2473; x_wconf 78' lang='lat' dir='ltr'><strong>mysterio</strong></span> <span class='ocrx_word' id='word_1_372' title='bbox 3254 2395 3821 2467; x_wconf 74' lang='lat' dir='ltr'><strong>inservierit,peregis-</strong></span> 
     </span>
    </p>
   </div>
   <div class='ocr_carea' id='block_1_55' title="bbox 2262 2487 3821 2558">
    <p class='ocr_par' dir='ltr' id='par_1_55' title="bbox 2262 2487 3821 2558">
     <span class='ocr_line' id='line_1_55' title="bbox 2262 2487 3821 2558; baseline -0.009 -5"><span class='ocrx_word' id='word_1_373' title='bbox 2262 2512 2447 2554; x_wconf 87' lang='lat' dir='ltr'><strong>semus</strong></span> <span class='ocrx_word' id='word_1_374' title='bbox 2498 2508 2552 2551; x_wconf 91' lang='lat' dir='ltr'><strong>et</strong></span> <span class='ocrx_word' id='word_1_375' title='bbox 2590 2494 3102 2553; x_wconf 81' lang='lat' dir='ltr'><strong>celebravissemns,</strong></span> <span class='ocrx_word' id='word_1_376' title='bbox 3166 2487 3534 2558; x_wconf 88' lang='lat' dir='ltr'><strong>jndicavimus</strong></span> <span class='ocrx_word' id='word_1_377' title='bbox 3587 2500 3682 2556; x_wconf 87' lang='lat' dir='ltr'><strong>par</strong></span> <span class='ocrx_word' id='word_1_378' title='bbox 3707 2498 3821 2540; x_wconf 83' lang='lat' dir='ltr'><strong>esse</strong></span> 
     </span>
    </p>
   </div>
   <div class='ocr_carea' id='block_1_56' title="bbox 2264 2578 3821 2660">
    <p class='ocr_par' dir='ltr' id='par_1_56' title="bbox 2264 2578 3821 2660">
     <span class='ocr_line' id='line_1_56' title="bbox 2264 2578 3821 2660; baseline -0.01 -14"><span class='ocrx_word' id='word_1_379' title='bbox 2264 2606 2460 2646; x_wconf 86' lang='lat' dir='ltr'><strong>manus</strong></span> <span class='ocrx_word' id='word_1_380' title='bbox 2483 2603 2701 2660; x_wconf 89' lang='lat' dir='ltr'><strong>quoque</strong></span> <span class='ocrx_word' id='word_1_381' title='bbox 2729 2588 2995 2640; x_wconf 87' lang='lat' dir='ltr'><strong>honorare</strong></span> <span class='ocrx_word' id='word_1_382' title='bbox 3018 2582 3410 2652; x_wconf 86' lang='lat' dir='ltr'><strong>depositionem</strong></span> <span class='ocrx_word' id='word_1_383' title='bbox 3445 2578 3594 2632; x_wconf 79' lang='lat' dir='ltr'><strong>festis</strong></span> <span class='ocrx_word' id='word_1_384' title='bbox 3610 2578 3821 2641; x_wconf 77' lang='lat' dir='ltr'><strong>annuis,</strong></span> 
     </span>
    </p>
   </div>
   <div class='ocr_carea' id='block_1_57' title="bbox 2267 2661 3819 2752">
    <p class='ocr_par' dir='ltr' id='par_1_57' title="bbox 2267 2661 3819 2752">
     <span class='ocr_line' id='line_1_57' title="bbox 2267 2661 3819 2752; baseline -0.01 -14"><span class='ocrx_word' id='word_1_385' title='bbox 2267 2686 2369 2739; x_wconf 86' lang='lat' dir='ltr'><strong>hac</strong></span> <span class='ocrx_word' id='word_1_386' title='bbox 2415 2695 2631 2752; x_wconf 90' lang='lat' dir='ltr'><strong>quoque</strong></span> <span class='ocrx_word' id='word_1_387' title='bbox 2669 2684 3056 2733; x_wconf 88' lang='lat' dir='ltr'><strong>connumerata</strong></span> <span class='ocrx_word' id='word_1_388' title='bbox 3104 2661 3226 2729; x_wconf 74' lang='lat' dir='ltr'><strong>aliis</strong></span> <span class='ocrx_word' id='word_1_389' title='bbox 3281 2672 3399 2742; x_wconf 86' lang='lat' dir='ltr'><strong>ejus</strong></span> <span class='ocrx_word' id='word_1_390' title='bbox 3428 2671 3600 2733; x_wconf 81' lang='lat' dir='ltr'><strong>festis,</strong></span> <span class='ocrx_word' id='word_1_391' title='bbox 3641 2679 3697 2724; x_wconf 93' lang='lat' dir='ltr'><strong>ut</strong></span> <span class='ocrx_word' id='word_1_392' title='bbox 3759 2683 3819 2722; x_wconf 75' lang='lat' dir='ltr'><strong>ex</strong></span> 
     </span>
    </p>
   </div>
   <div class='ocr_carea' id='block_1_58' title="bbox 2269 2758 3824 2835">
    <p class='ocr_par' dir='ltr' id='par_1_58' title="bbox 2269 2758 3824 2835">
     <span class='ocr_line' id='line_1_58' title="bbox 2269 2758 3824 2835; baseline -0.012 -4"><span class='ocrx_word' id='word_1_393' title='bbox 2269 2758 2433 2831; x_wconf 74' lang='lat' dir='ltr'><strong>rebus</strong></span> <span class='ocrx_word' id='word_1_394' title='bbox 2483 2774 2630 2828; x_wconf 79' lang='lat' dir='ltr'><strong>illius</strong></span> <span class='ocrx_word' id='word_1_395' title='bbox 2667 2770 2799 2825; x_wconf 87' lang='lat' dir='ltr'><strong>nihil</strong></span> <span class='ocrx_word' id='word_1_396' title='bbox 2834 2771 2904 2824; x_wconf 90' lang='lat' dir='ltr'><strong>sit</strong></span> <span class='ocrx_word' id='word_1_397' title='bbox 2932 2782 3039 2823; x_wconf 91' lang='lat' dir='ltr'><strong>non</strong></span> <span class='ocrx_word' id='word_1_398' title='bbox 3072 2766 3368 2835; x_wconf 78' lang='lat' dir='ltr'><strong>gloriosum</strong></span> <span class='ocrx_word' id='word_1_399' title='bbox 3403 2772 3460 2818; x_wconf 90' lang='lat' dir='ltr'><strong>et</strong></span> <span class='ocrx_word' id='word_1_400' title='bbox 3494 2761 3824 2817; x_wconf 82' lang='lat' dir='ltr'><strong>admirabile.</strong></span> 
     </span>
    </p>
   </div>
   <div class='ocr_carea' id='block_1_59' title="bbox 2266 2854 3827 2924">
    <p class='ocr_par' dir='ltr' id='par_1_59' title="bbox 2266 2854 3827 2924">
     <span class='ocr_line' id='line_1_59' title="bbox 2266 2854 3827 2924; baseline -0.01 -5"><span class='ocrx_word' id='word_1_401' title='bbox 2266 2865 2337 2920; x_wconf 87' lang='lat' dir='ltr'><strong>Et</strong></span> <span class='ocrx_word' id='word_1_402' title='bbox 2388 2880 2533 2919; x_wconf 89' lang='lat' dir='ltr'><strong>nunc</strong></span> <span class='ocrx_word' id='word_1_403' title='bbox 2559 2875 2683 2919; x_wconf 88' lang='lat' dir='ltr'><strong>ecce</strong></span> <span class='ocrx_word' id='word_1_404' title='bbox 2730 2861 2885 2917; x_wconf 81' lang='lat' dir='ltr'><strong>adest</strong></span> <span class='ocrx_word' id='word_1_405' title='bbox 2913 2860 3014 2914; x_wconf 83' lang='lat' dir='ltr'><strong>hoc</strong></span> <span class='ocrx_word' id='word_1_406' title='bbox 3064 2858 3260 2912; x_wconf 78' lang='lat' dir='ltr'><strong>festum</strong></span> <span class='ocrx_word' id='word_1_407' title='bbox 3291 2858 3492 2910; x_wconf 90' lang='lat' dir='ltr'><strong>clarum</strong></span> <span class='ocrx_word' id='word_1_408' title='bbox 3538 2864 3591 2909; x_wconf 92' lang='lat' dir='ltr'><strong>et</strong></span> <span class='ocrx_word' id='word_1_409' title='bbox 3625 2854 3827 2924; x_wconf 87' lang='lat' dir='ltr'><strong>insigne</strong></span> 
     </span>
    </p>
   </div>
   <div class='ocr_carea' id='block_1_60' title="bbox 2271 2945 3828 3029">
    <p class='ocr_par' dir='ltr' id='par_1_60' title="bbox 2271 2945 3828 3029">
     <span class='ocr_line' id='line_1_60' title="bbox 2271 2945 3828 3029; baseline -0.01 -15"><span class='ocrx_word' id='word_1_410' title='bbox 2271 2968 2397 3029; x_wconf 83' lang='lat' dir='ltr'><strong>post</strong></span> <span class='ocrx_word' id='word_1_411' title='bbox 2443 2952 2768 3011; x_wconf 89' lang='lat' dir='ltr'><strong>circularem</strong></span> <span class='ocrx_word' id='word_1_412' title='bbox 2822 2952 2949 3007; x_wconf 89' lang='lat' dir='ltr'><strong>anni</strong></span> <span class='ocrx_word' id='word_1_413' title='bbox 3014 2950 3299 3013; x_wconf 82' lang='lat' dir='ltr'><strong>ambitum,</strong></span> <span class='ocrx_word' id='word_1_414' title='bbox 3349 2946 3617 3002; x_wconf 73' lang='lat' dir='ltr'><strong>distillans</strong></span> <span class='ocrx_word' id='word_1_415' title='bbox 3677 2945 3828 2999; x_wconf 83' lang='lat' dir='ltr'><strong>nobis</strong></span> 
     </span>
    </p>
   </div>
   <div class='ocr_carea' id='block_1_61' title="bbox 2274 3034 3826 3109">
    <p class='ocr_par' dir='ltr' id='par_1_61' title="bbox 2274 3034 3826 3109">
     <span class='ocr_line' id='line_1_61' title="bbox 2274 3034 3826 3109; baseline -0.01 -5"><span class='ocrx_word' id='word_1_416' title='bbox 2274 3050 2477 3104; x_wconf 81' lang='lat' dir='ltr'><strong>imbres</strong></span> <span class='ocrx_word' id='word_1_417' title='bbox 2525 3045 2936 3108; x_wconf 87' lang='lat' dir='ltr'><strong>miraculorum,</strong></span> <span class='ocrx_word' id='word_1_418' title='bbox 2987 3052 3041 3097; x_wconf 85' lang='lat' dir='ltr'><strong>et</strong></span> <span class='ocrx_word' id='word_1_419' title='bbox 3066 3057 3128 3097; x_wconf 82' lang='lat' dir='ltr'><strong>ea</strong></span> <span class='ocrx_word' id='word_1_420' title='bbox 3160 3034 3411 3102; x_wconf 62' lang='lat' dir='ltr'><strong>aﬂ‘ere&#39;ns,</strong></span> <span class='ocrx_word' id='word_1_421' title='bbox 3448 3054 3567 3109; x_wconf 72' lang='lat' dir='ltr'><strong>quae</strong></span> <span class='ocrx_word' id='word_1_422' title='bbox 3604 3034 3826 3093; x_wconf 77' lang='lat' dir='ltr'><strong>suntin-</strong></span> 
     </span>
    </p>
   </div>
   <div class='ocr_carea' id='block_1_62' title="bbox 596 3128 2161 3217">
    <p class='ocr_par' dir='ltr' id='par_1_62' title="bbox 596 3133 2161 3217">
     <span class='ocr_line' id='line_1_62' title="bbox 596 3133 2161 3217; baseline -0.012 -16"><span class='ocrx_word' id='word_1_423' title='bbox 596 3152 784 3217; x_wconf 69' lang='lat' dir='ltr'><strong>}nssus</strong></span> <span class='ocrx_word' id='word_1_424' title='bbox 838 3158 956 3199; x_wconf 90' lang='lat' dir='ltr'><strong>erat</strong></span> <span class='ocrx_word' id='word_1_425' title='bbox 980 3163 996 3210; x_wconf 86' lang='lat'><strong>;</strong></span> <span class='ocrx_word' id='word_1_426' title='bbox 1054 3146 1125 3197; x_wconf 85' lang='lat' dir='ltr'><strong>ita</strong></span> <span class='ocrx_word' id='word_1_427' title='bbox 1154 3144 1314 3198; x_wconf 85' lang='lat' dir='ltr'><strong>etiam</strong></span> <span class='ocrx_word' id='word_1_428' title='bbox 1342 3142 1442 3209; x_wconf 88' lang='lat' dir='ltr'><strong>ipsi</strong></span> <span class='ocrx_word' id='word_1_429' title='bbox 1469 3139 1836 3194; x_wconf 85' lang='lat' dir='ltr'><strong>Christianam</strong></span> <span class='ocrx_word' id='word_1_430' title='bbox 1857 3133 2161 3201; x_wconf 73' lang='lat' dir='ltr'><strong>ingredienti</strong></span> 
     </span>
    </p>
   </div>
   <div class='ocr_carea' id='block_1_63' title="bbox 2263 3128 3828 3217">
    <p class='ocr_par' dir='ltr' id='par_1_63' title="bbox 2278 3128 3828 3200">
     <span class='ocr_line' id='line_1_63' title="bbox 2278 3128 3828 3200; baseline -0.009 -4"><span class='ocrx_word' id='word_1_431' title='bbox 2278 3153 2398 3197; x_wconf 85' lang='lat' dir='ltr'><strong>tura</strong></span> <span class='ocrx_word' id='word_1_432' title='bbox 2454 3139 2650 3194; x_wconf 82' lang='lat' dir='ltr'><strong>animis</strong></span> <span class='ocrx_word' id='word_1_433' title='bbox 2696 3138 2898 3192; x_wconf 80' lang='lat' dir='ltr'><strong>nostris</strong></span> <span class='ocrx_word' id='word_1_434' title='bbox 2955 3133 3337 3189; x_wconf 88' lang='lat' dir='ltr'><strong>conducibilia.</strong></span> <span class='ocrx_word' id='word_1_435' title='bbox 3376 3130 3473 3184; x_wconf 83' lang='lat' dir='ltr'><strong>Est</strong></span> <span class='ocrx_word' id='word_1_436' title='bbox 3514 3144 3641 3200; x_wconf 86' lang='lat' dir='ltr'><strong>ergo</strong></span> <span class='ocrx_word' id='word_1_437' title='bbox 3678 3128 3828 3183; x_wconf 84' lang='lat' dir='ltr'><strong>nobis</strong></span> 
     </span>
    </p>
   </div>
   <div class='ocr_carea' id='block_1_64' title="bbox 597 3227 2171 3305">
    <p class='ocr_par' dir='ltr' id='par_1_64' title="bbox 597 3227 2171 3305">
     <span class='ocr_line' id='line_1_64' title="bbox 597 3227 2171 3305; baseline -0.011 -12"><span class='ocrx_word' id='word_1_438' title='bbox 597 3241 895 3304; x_wconf 81' lang='lat' dir='ltr'><strong>civitatem,</strong></span> <span class='ocrx_word' id='word_1_439' title='bbox 942 3249 997 3291; x_wconf 89' lang='lat' dir='ltr'><strong>et</strong></span> <span class='ocrx_word' id='word_1_440' title='bbox 1026 3252 1060 3290; x_wconf 71' lang='grc' dir='ltr'><strong>ιι</strong></span> <span class='ocrx_word' id='word_1_441' title='bbox 1120 3252 1227 3305; x_wconf 87' lang='lat' dir='ltr'><strong>qua</strong></span> <span class='ocrx_word' id='word_1_442' title='bbox 1257 3236 1376 3304; x_wconf 81' lang='lat' dir='ltr'><strong>ejus</strong></span> <span class='ocrx_word' id='word_1_443' title='bbox 1404 3233 1571 3303; x_wconf 78' lang='lat' dir='ltr'><strong>gratia</strong></span> <span class='ocrx_word' id='word_1_444' title='bbox 1614 3246 1720 3285; x_wconf 88' lang='lat' dir='ltr'><strong>non</strong></span> <span class='ocrx_word' id='word_1_445' title='bbox 1754 3231 1911 3297; x_wconf 81' lang='lat' dir='ltr'><strong>longe</strong></span> <span class='ocrx_word' id='word_1_446' title='bbox 1963 3227 2171 3287; x_wconf 86' lang='lat' dir='ltr'><strong>aberat,</strong></span> 
     </span>
    </p>
   </div>
   <div class='ocr_carea' id='block_1_65' title="bbox 596 3310 2175 3401">
    <p class='ocr_par' dir='ltr' id='par_1_65' title="bbox 596 3310 2175 3401">
     <span class='ocr_line' id='line_1_65' title="bbox 596 3310 2175 3401; baseline -0.009 -18"><span class='ocrx_word' id='word_1_447' title='bbox 596 3340 921 3401; x_wconf 80' lang='lat' dir='ltr'><strong>pararentur</strong></span> <span class='ocrx_word' id='word_1_448' title='bbox 963 3310 1172 3383; x_wconf 82' lang='lat' dir='ltr'><strong>honesti</strong></span> <span class='ocrx_word' id='word_1_449' title='bbox 1214 3337 1267 3381; x_wconf 93' lang='lat' dir='ltr'><strong>et</strong></span> <span class='ocrx_word' id='word_1_450' title='bbox 1306 3326 1489 3381; x_wconf 88' lang='lat' dir='ltr'><strong>decori</strong></span> <span class='ocrx_word' id='word_1_451' title='bbox 1540 3326 1842 3394; x_wconf 85' lang='lat' dir='ltr'><strong>ingressus.</strong></span> <span class='ocrx_word' id='word_1_452' title='bbox 1885 3322 2020 3375; x_wconf 89' lang='lat' dir='ltr'><strong>Cum</strong></span> <span class='ocrx_word' id='word_1_453' title='bbox 2044 3333 2175 3386; x_wconf 81' lang='lat' dir='ltr'><strong>ergo</strong></span> 
     </span>
    </p>
   </div>
   <div class='ocr_carea' id='block_1_66' title="bbox 599 3410 2176 3491">
    <p class='ocr_par' dir='ltr' id='par_1_66' title="bbox 599 3410 2176 3491">
     <span class='ocr_line' id='line_1_66' title="bbox 599 3410 2176 3491; baseline -0.01 -16"><span class='ocrx_word' id='word_1_454' title='bbox 599 3424 1061 3491; x_wconf 87' lang='lat' dir='ltr'><strong>appropinquaret</strong></span> <span class='ocrx_word' id='word_1_455' title='bbox 1099 3418 1519 3478; x_wconf 89' lang='lat' dir='ltr'><strong>Chalcedonem,</strong></span> <span class='ocrx_word' id='word_1_456' title='bbox 1551 3415 1703 3468; x_wconf 76' lang='lat' dir='ltr'><strong>navis</strong></span> <span class='ocrx_word' id='word_1_457' title='bbox 1735 3412 1953 3481; x_wconf 89' lang='lat' dir='ltr'><strong>quidem</strong></span> <span class='ocrx_word' id='word_1_458' title='bbox 1978 3410 2176 3463; x_wconf 81' lang='lat' dir='ltr'><strong>emissa</strong></span> 
     </span>
    </p>
   </div>
   <div class='ocr_carea' id='block_1_67' title="bbox 602 3502 2179 3581">
    <p class='ocr_par' dir='ltr' id='par_1_67' title="bbox 602 3502 2179 3581">
     <span class='ocr_line' id='line_1_67' title="bbox 602 3502 2179 3581; baseline -0.009 -15"><span class='ocrx_word' id='word_1_459' title='bbox 602 3523 686 3566; x_wconf 70' lang='lat' dir='ltr'><strong>est</strong></span> <span class='ocrx_word' id='word_1_460' title='bbox 732 3513 1103 3581; x_wconf 83' lang='lat' dir='ltr'><strong>imperatoria,</strong></span> <span class='ocrx_word' id='word_1_461' title='bbox 1155 3520 1209 3564; x_wconf 90' lang='lat' dir='ltr'><strong>et</strong></span> <span class='ocrx_word' id='word_1_462' title='bbox 1252 3507 1494 3580; x_wconf 80' lang='lat' dir='ltr'><strong>pontifex</strong></span> <span class='ocrx_word' id='word_1_463' title='bbox 1529 3521 1651 3559; x_wconf 88' lang='lat' dir='ltr'><strong>eum</strong></span> <span class='ocrx_word' id='word_1_464' title='bbox 1691 3502 2084 3563; x_wconf 86' lang='lat' dir='ltr'><strong>sacerdotibus,</strong></span> <span class='ocrx_word' id='word_1_465' title='bbox 2124 3509 2179 3553; x_wconf 82' lang='lat' dir='ltr'><strong>et</strong></span> 
     </span>
    </p>
   </div>
   <div class='ocr_carea' id='block_1_68' title="bbox 531 3593 2175 3673">
    <p class='ocr_par' dir='ltr' id='par_1_68' title="bbox 531 3593 2175 3673">
     <span class='ocr_line' id='line_1_68' title="bbox 531 3593 2175 3673; baseline -0.01 -15"><span class='ocrx_word' id='word_1_466' title='bbox 531 3630 536 3637; x_wconf 64' lang='grc' dir='ltr'><strong>ι</strong></span> <span class='ocrx_word' id='word_1_467' title='bbox 603 3605 918 3673; x_wconf 86' lang='lat' dir='ltr'><strong>quicunque</strong></span> <span class='ocrx_word' id='word_1_468' title='bbox 944 3618 1007 3656; x_wconf 79' lang='lat' dir='ltr'><strong>ex</strong></span> <span class='ocrx_word' id='word_1_469' title='bbox 1042 3610 1236 3655; x_wconf 81' lang='lat' dir='ltr'><strong>senatu</strong></span> <span class='ocrx_word' id='word_1_470' title='bbox 1270 3610 1428 3653; x_wconf 81' lang='lat' dir='ltr'><strong>erant</strong></span> <span class='ocrx_word' id='word_1_471' title='bbox 1477 3597 1609 3653; x_wconf 87' lang='lat' dir='ltr'><strong>clari</strong></span> <span class='ocrx_word' id='word_1_472' title='bbox 1630 3607 1684 3650; x_wconf 90' lang='lat' dir='ltr'><strong>et</strong></span> <span class='ocrx_word' id='word_1_473' title='bbox 1733 3595 1970 3650; x_wconf 84' lang='lat' dir='ltr'><strong>illustres</strong></span> <span class='ocrx_word' id='word_1_474' title='bbox 1995 3593 2175 3656; x_wconf 83' lang='lat' dir='ltr'><strong>simul,</strong></span> 
     </span>
    </p>
   </div>
   <div class='ocr_carea' id='block_1_69' title="bbox 588 3683 2177 3771">
    <p class='ocr_par' dir='ltr' id='par_1_69' title="bbox 588 3683 2177 3771">
     <span class='ocr_line' id='line_1_69' title="bbox 588 3683 2177 3771; baseline -0.006 -29"><span class='ocrx_word' id='word_1_475' title='bbox 588 3701 665 3771; x_wconf 87' lang='lat' dir='ltr'><strong>ut</strong></span> <span class='ocrx_word' id='word_1_476' title='bbox 714 3705 931 3743; x_wconf 87' lang='lat' dir='ltr'><strong>sacrum</strong></span> <span class='ocrx_word' id='word_1_477' title='bbox 987 3690 1136 3743; x_wconf 87' lang='lat' dir='ltr'><strong>illum</strong></span> <span class='ocrx_word' id='word_1_478' title='bbox 1203 3690 1517 3744; x_wconf 86' lang='lat' dir='ltr'><strong>thesaurum</strong></span> <span class='ocrx_word' id='word_1_479' title='bbox 1574 3686 1833 3741; x_wconf 75' lang='lat' dir='ltr'><strong>inferrent</strong></span> <span class='ocrx_word' id='word_1_480' title='bbox 1868 3684 1920 3737; x_wconf 91' lang='lat' dir='ltr'><strong>in</strong></span> <span class='ocrx_word' id='word_1_481' title='bbox 1953 3683 2177 3753; x_wconf 87' lang='lat' dir='ltr'><strong>regiam,</strong></span> 
     </span>
    </p>
   </div>
   <div class='ocr_carea' id='block_1_70' title="bbox 604 3775 2181 3851">
    <p class='ocr_par' dir='ltr' id='par_1_70' title="bbox 604 3775 2181 3851">
     <span class='ocr_line' id='line_1_70' title="bbox 604 3775 2181 3851; baseline -0.006 -14"><span class='ocrx_word' id='word_1_482' title='bbox 604 3799 729 3837; x_wconf 88' lang='lat' dir='ltr'><strong>cum</strong></span> <span class='ocrx_word' id='word_1_483' title='bbox 796 3782 993 3851; x_wconf 82' lang='lat' dir='ltr'><strong>quibus</strong></span> <span class='ocrx_word' id='word_1_484' title='bbox 1064 3781 1300 3835; x_wconf 84' lang='lat' dir='ltr'><strong>fidelium</strong></span> <span class='ocrx_word' id='word_1_485' title='bbox 1398 3794 1615 3848; x_wconf 87' lang='lat' dir='ltr'><strong>quoque</strong></span> <span class='ocrx_word' id='word_1_486' title='bbox 1698 3775 1984 3831; x_wconf 87' lang='lat' dir='ltr'><strong>multitudo</strong></span> <span class='ocrx_word' id='word_1_487' title='bbox 2048 3776 2181 3828; x_wconf 85' lang='lat' dir='ltr'><strong>urbe</strong></span> 
     </span>
    </p>
   </div>
   <div class='ocr_carea' id='block_1_71' title="bbox 605 3867 2182 3944">
    <p class='ocr_par' dir='ltr' id='par_1_71' title="bbox 605 3867 2182 3944">
     <span class='ocr_line' id='line_1_71' title="bbox 605 3867 2182 3944; baseline -0.006 -15"><span class='ocrx_word' id='word_1_488' title='bbox 605 3890 843 3944; x_wconf 85' lang='lat' dir='ltr'><strong>egressa,</strong></span> <span class='ocrx_word' id='word_1_489' title='bbox 894 3875 1030 3930; x_wconf 85' lang='lat' dir='ltr'><strong>mari</strong></span> <span class='ocrx_word' id='word_1_490' title='bbox 1088 3876 1139 3928; x_wconf 88' lang='lat' dir='ltr'><strong>ei</strong></span> <span class='ocrx_word' id='word_1_491' title='bbox 1200 3872 1520 3942; x_wconf 80' lang='lat' dir='ltr'><strong>navigarunt</strong></span> <span class='ocrx_word' id='word_1_492' title='bbox 1572 3870 1808 3935; x_wconf 88' lang='lat' dir='ltr'><strong>obviam,</strong></span> <span class='ocrx_word' id='word_1_493' title='bbox 1840 3879 1897 3923; x_wconf 91' lang='lat' dir='ltr'><strong>ut</strong></span> <span class='ocrx_word' id='word_1_494' title='bbox 1942 3883 2067 3922; x_wconf 91' lang='lat' dir='ltr'><strong>eum</strong></span> <span class='ocrx_word' id='word_1_495' title='bbox 2089 3867 2182 3921; x_wconf 88' lang='lat' dir='ltr'><strong>dc-</strong></span> 
     </span>
    </p>
   </div>
   <div class='ocr_carea' id='block_1_72' title="bbox 606 3966 891 4021">
    <p class='ocr_par' dir='ltr' id='par_1_72' title="bbox 606 3966 891 4021">
     <span class='ocr_line' id='line_1_72' title="bbox 606 3966 891 4021; baseline 0.004 -1"><span class='ocrx_word' id='word_1_496' title='bbox 606 3966 891 4021; x_wconf 78' lang='lat' dir='ltr'><strong>ducerent.</strong></span> 
     </span>
    </p>
   </div>
   <div class='ocr_carea' id='block_1_73' title="bbox 686 4053 2183 4127">
    <p class='ocr_par' dir='ltr' id='par_1_73' title="bbox 686 4053 2183 4127">
     <span class='ocr_line' id='line_1_73' title="bbox 686 4053 2183 4127; baseline -0.005 -15"><span class='ocrx_word' id='word_1_497' title='bbox 686 4057 874 4113; x_wconf 70' lang='lat' dir='ltr'><strong>XVIII.</strong></span> <span class='ocrx_word' id='word_1_498' title='bbox 905 4057 1197 4127; x_wconf 81' lang='lat' dir='ltr'><strong>Postquam</strong></span> <span class='ocrx_word' id='word_1_499' title='bbox 1230 4066 1411 4111; x_wconf 88' lang='lat' dir='ltr'><strong>autem</strong></span> <span class='ocrx_word' id='word_1_500' title='bbox 1466 4054 1867 4123; x_wconf 78' lang='lat' dir='ltr'><strong>fuitsusceptus</strong></span> <span class='ocrx_word' id='word_1_501' title='bbox 1900 4053 1954 4107; x_wconf 92' lang='lat' dir='ltr'><strong>in</strong></span> <span class='ocrx_word' id='word_1_502' title='bbox 1987 4065 2183 4106; x_wconf 82' lang='lat' dir='ltr'><strong>manus</strong></span> 
     </span>
    </p>
   </div>
   <div class='ocr_carea' id='block_1_74' title="bbox 612 4148 2185 4223">
    <p class='ocr_par' dir='ltr' id='par_1_74' title="bbox 612 4148 2185 4223">
     <span class='ocr_line' id='line_1_74' title="bbox 612 4148 2185 4223; baseline -0.007 -15"><span class='ocrx_word' id='word_1_503' title='bbox 612 4153 904 4223; x_wconf 84' lang='lat' dir='ltr'><strong>poutiticis,</strong></span> <span class='ocrx_word' id='word_1_504' title='bbox 934 4161 989 4205; x_wconf 91' lang='lat' dir='ltr'><strong>et</strong></span> <span class='ocrx_word' id='word_1_505' title='bbox 1015 4152 1133 4220; x_wconf 68' lang='lat' dir='ltr'><strong>ejus</strong></span> <span class='ocrx_word' id='word_1_506' title='bbox 1160 4150 1432 4203; x_wconf 72' lang='lat' dir='ltr'><strong>ferebatur</strong></span> <span class='ocrx_word' id='word_1_507' title='bbox 1461 4149 1623 4210; x_wconf 86' lang='lat' dir='ltr'><strong>ulnis,</strong></span> <span class='ocrx_word' id='word_1_508' title='bbox 1651 4158 1703 4201; x_wconf 87' lang='lat' dir='ltr'><strong>et</strong></span> <span class='ocrx_word' id='word_1_509' title='bbox 1737 4148 1787 4200; x_wconf 90' lang='lat' dir='ltr'><strong>in</strong></span> <span class='ocrx_word' id='word_1_510' title='bbox 1819 4161 1965 4200; x_wconf 89' lang='lat' dir='ltr'><strong>mare</strong></span> <span class='ocrx_word' id='word_1_511' title='bbox 1994 4160 2185 4200; x_wconf 86' lang='lat' dir='ltr'><strong>ascen-</strong></span> 
     </span>
    </p>
   </div>
   <div class='ocr_carea' id='block_1_75' title="bbox 612 4243 2184 4311">
    <p class='ocr_par' dir='ltr' id='par_1_75' title="bbox 612 4243 2184 4311">
     <span class='ocr_line' id='line_1_75' title="bbox 612 4243 2184 4311; baseline -0.006 -13"><span class='ocrx_word' id='word_1_512' title='bbox 612 4247 725 4311; x_wconf 90' lang='lat' dir='ltr'><strong>dit,</strong></span> <span class='ocrx_word' id='word_1_513' title='bbox 782 4244 975 4298; x_wconf 86' lang='lat' dir='ltr'><strong>licebat</strong></span> <span class='ocrx_word' id='word_1_514' title='bbox 1020 4246 1202 4298; x_wconf 84' lang='lat' dir='ltr'><strong>videre</strong></span> <span class='ocrx_word' id='word_1_515' title='bbox 1243 4243 1416 4311; x_wconf 83' lang='lat' dir='ltr'><strong>ipsam</strong></span> <span class='ocrx_word' id='word_1_516' title='bbox 1476 4254 1693 4311; x_wconf 88' lang='lat' dir='ltr'><strong>quoque</strong></span> <span class='ocrx_word' id='word_1_517' title='bbox 1745 4256 1899 4308; x_wconf 69' lang='lat' dir='ltr'><strong>aqua:</strong></span> <span class='ocrx_word' id='word_1_518' title='bbox 1936 4249 2184 4292; x_wconf 86' lang='lat' dir='ltr'><strong>naturam</strong></span> 
     </span>
    </p>
   </div>
   <div class='ocr_carea' id='block_1_76' title="bbox 612 4332 2188 4409">
    <p class='ocr_par' dir='ltr' id='par_1_76' title="bbox 612 4332 2188 4409">
     <span class='ocr_line' id='line_1_76' title="bbox 612 4332 2188 4409; baseline -0.006 -17"><span class='ocrx_word' id='word_1_519' title='bbox 612 4340 875 4409; x_wconf 83' lang='lat' dir='ltr'><strong>placidam</strong></span> <span class='ocrx_word' id='word_1_520' title='bbox 939 4348 993 4392; x_wconf 88' lang='lat' dir='ltr'><strong>et</strong></span> <span class='ocrx_word' id='word_1_521' title='bbox 1056 4336 1429 4406; x_wconf 71' lang='lat' dir='ltr'><strong>tranquillam,</strong></span> <span class='ocrx_word' id='word_1_522' title='bbox 1468 4336 1721 4389; x_wconf 84' lang='lat' dir='ltr'><strong>mollibus</strong></span> <span class='ocrx_word' id='word_1_523' title='bbox 1780 4332 2035 4386; x_wconf 83' lang='lat' dir='ltr'><strong>ﬂuctibus</strong></span> <span class='ocrx_word' id='word_1_524' title='bbox 2064 4339 2188 4383; x_wconf 87' lang='lat' dir='ltr'><strong>ante</strong></span> 
     </span>
    </p>
   </div>
   <div class='ocr_carea' id='block_1_77' title="bbox 614 4426 2185 4498">
    <p class='ocr_par' dir='ltr' id='par_1_77' title="bbox 614 4426 2185 4498">
     <span class='ocr_line' id='line_1_77' title="bbox 614 4426 2185 4498; baseline -0.008 -12"><span class='ocrx_word' id='word_1_525' title='bbox 614 4448 802 4486; x_wconf 88' lang='lat' dir='ltr'><strong>navem</strong></span> <span class='ocrx_word' id='word_1_526' title='bbox 834 4430 1192 4497; x_wconf 70' lang='lat' dir='ltr'><strong>exsilientem,</strong></span> <span class='ocrx_word' id='word_1_527' title='bbox 1219 4438 1272 4484; x_wconf 90' lang='lat' dir='ltr'><strong>et</strong></span> <span class='ocrx_word' id='word_1_528' title='bbox 1313 4431 1376 4483; x_wconf 91' lang='lat' dir='ltr'><strong>ad</strong></span> <span class='ocrx_word' id='word_1_529' title='bbox 1416 4429 1765 4498; x_wconf 82' lang='lat' dir='ltr'><strong>imperatores</strong></span> <span class='ocrx_word' id='word_1_530' title='bbox 1795 4426 1912 4493; x_wconf 82' lang='lat' dir='ltr'><strong>ejus</strong></span> <span class='ocrx_word' id='word_1_531' title='bbox 1963 4438 2185 4479; x_wconf 83' lang='lat' dir='ltr'><strong>cursum</strong></span> 
     </span>
    </p>
   </div>
   <div class='ocr_carea' id='block_1_78' title="bbox 2279 3219 3829 3303">
    <p class='ocr_par' dir='ltr' id='par_1_78' title="bbox 2279 3219 3829 3303">
     <span class='ocr_line' id='line_1_78' title="bbox 2279 3219 3829 3303; baseline -0.009 -18"><span class='ocrx_word' id='word_1_532' title='bbox 2279 3232 2552 3303; x_wconf 89' lang='lat' dir='ltr'><strong>proposita</strong></span> <span class='ocrx_word' id='word_1_533' title='bbox 2606 3228 2753 3283; x_wconf 89' lang='lat' dir='ltr'><strong>omni</strong></span> <span class='ocrx_word' id='word_1_534' title='bbox 2810 3243 2878 3281; x_wconf 80' lang='lat' dir='ltr'><strong>ex</strong></span> <span class='ocrx_word' id='word_1_535' title='bbox 2928 3234 3082 3295; x_wconf 87' lang='lat' dir='ltr'><strong>parte</strong></span> <span class='ocrx_word' id='word_1_536' title='bbox 3156 3223 3389 3294; x_wconf 80' lang='lat' dir='ltr'><strong>gloriosa</strong></span> <span class='ocrx_word' id='word_1_537' title='bbox 3428 3231 3485 3277; x_wconf 90' lang='lat' dir='ltr'><strong>et</strong></span> <span class='ocrx_word' id='word_1_538' title='bbox 3534 3219 3829 3275; x_wconf 85' lang='lat' dir='ltr'><strong>veneranda</strong></span> 
     </span>
    </p>
   </div>
   <div class='ocr_carea' id='block_1_79' title="bbox 2280 3311 3831 3391">
    <p class='ocr_par' dir='ltr' id='par_1_79' title="bbox 2280 3311 3831 3391">
     <span class='ocr_line' id='line_1_79' title="bbox 2280 3311 3831 3391; baseline -0.008 -14"><span class='ocrx_word' id='word_1_539' title='bbox 2280 3338 2473 3378; x_wconf 86' lang='lat' dir='ltr'><strong>manus</strong></span> <span class='ocrx_word' id='word_1_540' title='bbox 2527 3321 2777 3391; x_wconf 67' lang='lat' dir='ltr'><strong>Baptistae</strong></span> <span class='ocrx_word' id='word_1_541' title='bbox 2826 3328 2880 3373; x_wconf 88' lang='lat' dir='ltr'><strong>et</strong></span> <span class='ocrx_word' id='word_1_542' title='bbox 2927 3317 3305 3379; x_wconf 64' lang='lat' dir='ltr'><strong>Pracursoris,</strong></span> <span class='ocrx_word' id='word_1_543' title='bbox 3366 3312 3694 3383; x_wconf 72' lang='lat' dir='ltr'><strong>incorporei:</strong></span> <span class='ocrx_word' id='word_1_544' title='bbox 3727 3311 3831 3365; x_wconf 86' lang='lat' dir='ltr'><strong>cir-</strong></span> 
     </span>
    </p>
   </div>
   <div class='ocr_carea' id='block_1_80' title="bbox 2280 3403 3829 3481">
    <p class='ocr_par' dir='ltr' id='par_1_80' title="bbox 2280 3403 3829 3481">
     <span class='ocr_line' id='line_1_80' title="bbox 2280 3403 3829 3481; baseline -0.01 -9"><span class='ocrx_word' id='word_1_545' title='bbox 2280 3417 2529 3472; x_wconf 87' lang='lat' dir='ltr'><strong>cumdata</strong></span> <span class='ocrx_word' id='word_1_546' title='bbox 2587 3411 2899 3474; x_wconf 88' lang='lat' dir='ltr'><strong>virtutibus,</strong></span> <span class='ocrx_word' id='word_1_547' title='bbox 2944 3418 3078 3481; x_wconf 79' lang='lat' dir='ltr'><strong>&#39;qua:</strong></span> <span class='ocrx_word' id='word_1_548' title='bbox 3131 3409 3470 3463; x_wconf 84' lang='lat' dir='ltr'><strong>admirantur</strong></span> <span class='ocrx_word' id='word_1_549' title='bbox 3507 3406 3675 3463; x_wconf 84' lang='lat' dir='ltr'><strong>sancti</strong></span> <span class='ocrx_word' id='word_1_550' title='bbox 3710 3403 3829 3473; x_wconf 82' lang='lat' dir='ltr'><strong>Spi-</strong></span> 
     </span>
    </p>
   </div>
   <div class='ocr_carea' id='block_1_81' title="bbox 2282 3498 3831 3573">
    <p class='ocr_par' dir='ltr' id='par_1_81' title="bbox 2282 3498 3831 3573">
     <span class='ocr_line' id='line_1_81' title="bbox 2282 3498 3831 3573; baseline -0.01 -10"><span class='ocrx_word' id='word_1_551' title='bbox 2282 3511 2418 3563; x_wconf 90' lang='lat' dir='ltr'><strong>ritus</strong></span> <span class='ocrx_word' id='word_1_552' title='bbox 2466 3506 2721 3560; x_wconf 69' lang='lat' dir='ltr'><strong>virtutem</strong></span> <span class='ocrx_word' id='word_1_553' title='bbox 2778 3517 2900 3573; x_wconf 68' lang='lat' dir='ltr'><strong>quae</strong></span> <span class='ocrx_word' id='word_1_554' title='bbox 2930 3504 2983 3556; x_wconf 91' lang='lat' dir='ltr'><strong>in</strong></span> <span class='ocrx_word' id='word_1_555' title='bbox 3029 3517 3091 3555; x_wconf 88' lang='lat' dir='ltr'><strong>ea</strong></span> <span class='ocrx_word' id='word_1_556' title='bbox 3116 3500 3348 3555; x_wconf 80' lang='lat' dir='ltr'><strong>habitat.</strong></span> <span class='ocrx_word' id='word_1_557' title='bbox 3384 3498 3659 3564; x_wconf 87' lang='lat' dir='ltr'><strong>Quodnam</strong></span> <span class='ocrx_word' id='word_1_558' title='bbox 3710 3510 3831 3563; x_wconf 60' lang='lat' dir='ltr'><strong>ergo</strong></span> 
     </span>
    </p>
   </div>
   <div class='ocr_carea' id='block_1_82' title="bbox 2280 3583 3831 3664">
    <p class='ocr_par' dir='ltr' id='par_1_82' title="bbox 2280 3583 3831 3664">
     <span class='ocr_line' id='line_1_82' title="bbox 2280 3583 3831 3664; baseline -0.012 -11"><span class='ocrx_word' id='word_1_559' title='bbox 2280 3609 2364 3654; x_wconf 79' lang='lat' dir='ltr'><strong>est</strong></span> <span class='ocrx_word' id='word_1_560' title='bbox 2396 3600 2499 3651; x_wconf 92' lang='lat' dir='ltr'><strong>hoc</strong></span> <span class='ocrx_word' id='word_1_561' title='bbox 2556 3593 2815 3664; x_wconf 88' lang='lat' dir='ltr'><strong>templum</strong></span> <span class='ocrx_word' id='word_1_562' title='bbox 2864 3593 3023 3646; x_wconf 87' lang='lat' dir='ltr'><strong>hodie</strong></span> <span class='ocrx_word' id='word_1_563' title='bbox 3050 3587 3365 3661; x_wconf 72' lang='lat' dir='ltr'><strong>pulchrius?</strong></span> <span class='ocrx_word' id='word_1_564' title='bbox 3403 3586 3657 3652; x_wconf 71' lang='lat' dir='ltr'><strong>Quaenam</strong></span> <span class='ocrx_word' id='word_1_565' title='bbox 3694 3583 3831 3636; x_wconf 62' lang='lat' dir='ltr'><strong>mdes</strong></span> 
     </span>
    </p>
   </div>
   <div class='ocr_carea' id='block_1_83' title="bbox 2282 3676 3831 3749">
    <p class='ocr_par' dir='ltr' id='par_1_83' title="bbox 2282 3676 3831 3749">
     <span class='ocr_line' id='line_1_83' title="bbox 2282 3676 3831 3749; baseline -0.009 -6"><span class='ocrx_word' id='word_1_566' title='bbox 2282 3690 2464 3743; x_wconf 83' lang='lat' dir='ltr'><strong>divina</strong></span> <span class='ocrx_word' id='word_1_567' title='bbox 2526 3683 2881 3740; x_wconf 74' lang='lat' dir='ltr'><strong>venerabilior</strong></span> <span class='ocrx_word' id='word_1_568' title='bbox 2932 3694 2986 3737; x_wconf 91' lang='lat' dir='ltr'><strong>et</strong></span> <span class='ocrx_word' id='word_1_569' title='bbox 3029 3678 3462 3749; x_wconf 77' lang='lat' dir='ltr'><strong>magniﬁcentior</strong></span> <span class='ocrx_word' id='word_1_570' title='bbox 3507 3677 3624 3735; x_wconf 85' lang='lat' dir='ltr'><strong>hac.</strong></span> <span class='ocrx_word' id='word_1_571' title='bbox 3658 3676 3707 3726; x_wconf 91' lang='lat' dir='ltr'><strong>in</strong></span> <span class='ocrx_word' id='word_1_572' title='bbox 3729 3688 3831 3742; x_wconf 71' lang='lat' dir='ltr'><strong>qua</strong></span> 
     </span>
    </p>
   </div>
   <div class='ocr_carea' id='block_1_84' title="bbox 2284 3767 3833 3841">
    <p class='ocr_par' dir='ltr' id='par_1_84' title="bbox 2284 3767 3833 3841">
     <span class='ocr_line' id='line_1_84' title="bbox 2284 3767 3833 3841; baseline -0.014 -6"><span class='ocrx_word' id='word_1_573' title='bbox 2284 3782 2372 3835; x_wconf 91' lang='lat' dir='ltr'><strong>hic</strong></span> <span class='ocrx_word' id='word_1_574' title='bbox 2418 3794 2575 3834; x_wconf 87' lang='lat' dir='ltr'><strong>sacer</strong></span> <span class='ocrx_word' id='word_1_575' title='bbox 2600 3787 2655 3833; x_wconf 91' lang='lat' dir='ltr'><strong>et</strong></span> <span class='ocrx_word' id='word_1_576' title='bbox 2680 3777 2896 3831; x_wconf 84' lang='lat' dir='ltr'><strong>divinus</strong></span> <span class='ocrx_word' id='word_1_577' title='bbox 2944 3776 3236 3830; x_wconf 88' lang='lat' dir='ltr'><strong>thesaurus</strong></span> <span class='ocrx_word' id='word_1_578' title='bbox 3282 3770 3568 3841; x_wconf 89' lang='lat' dir='ltr'><strong>repositus,</strong></span> <span class='ocrx_word' id='word_1_579' title='bbox 3598 3767 3833 3820; x_wconf 85' lang='lat' dir='ltr'><strong>innume-</strong></span> 
     </span>
    </p>
   </div>
   <div class='ocr_carea' id='block_1_85' title="bbox 2286 3860 3831 3935">
    <p class='ocr_par' dir='ltr' id='par_1_85' title="bbox 2286 3860 3831 3935">
     <span class='ocr_line' id='line_1_85' title="bbox 2286 3860 3831 3935; baseline -0.012 -9"><span class='ocrx_word' id='word_1_580' title='bbox 2286 3872 2539 3927; x_wconf 89' lang='lat' dir='ltr'><strong>rabilium</strong></span> <span class='ocrx_word' id='word_1_581' title='bbox 2596 3871 2861 3923; x_wconf 89' lang='lat' dir='ltr'><strong>luminum</strong></span> <span class='ocrx_word' id='word_1_582' title='bbox 2926 3866 3213 3935; x_wconf 84' lang='lat' dir='ltr'><strong>splendore</strong></span> <span class='ocrx_word' id='word_1_583' title='bbox 3234 3878 3358 3917; x_wconf 92' lang='lat' dir='ltr'><strong>cum</strong></span> <span class='ocrx_word' id='word_1_584' title='bbox 3383 3860 3686 3924; x_wconf 72' lang='lat' dir='ltr'><strong>cmlestibus</strong></span> <span class='ocrx_word' id='word_1_585' title='bbox 3708 3868 3831 3908; x_wconf 85' lang='lat' dir='ltr'><strong>con-</strong></span> 
     </span>
    </p>
   </div>
   <div class='ocr_carea' id='block_1_86' title="bbox 2285 3952 3832 4031">
    <p class='ocr_par' dir='ltr' id='par_1_86' title="bbox 2285 3952 3832 4031">
     <span class='ocr_line' id='line_1_86' title="bbox 2285 3952 3832 4031; baseline -0.012 -14"><span class='ocrx_word' id='word_1_586' title='bbox 2285 3964 2455 4017; x_wconf 89' lang='lat' dir='ltr'><strong>tendit</strong></span> <span class='ocrx_word' id='word_1_587' title='bbox 2486 3959 2853 4031; x_wconf 70' lang='lat' dir='ltr'><strong>spectaculis?</strong></span> <span class='ocrx_word' id='word_1_588' title='bbox 2879 3957 2991 4012; x_wconf 90' lang='lat' dir='ltr'><strong>Sub</strong></span> <span class='ocrx_word' id='word_1_589' title='bbox 3008 3957 3209 4029; x_wconf 87' lang='lat' dir='ltr'><strong>quibus</strong></span> <span class='ocrx_word' id='word_1_590' title='bbox 3226 3971 3348 4026; x_wconf 67' lang='lat' dir='ltr'><strong>qua:</strong></span> <span class='ocrx_word' id='word_1_591' title='bbox 3370 3966 3601 4022; x_wconf 87' lang='lat' dir='ltr'><strong>superno</strong></span> <span class='ocrx_word' id='word_1_592' title='bbox 3622 3952 3832 4003; x_wconf 82' lang='lat' dir='ltr'><strong>descen-</strong></span> 
     </span>
    </p>
   </div>
   <div class='ocr_carea' id='block_1_87' title="bbox 2285 4039 3831 4125">
    <p class='ocr_par' dir='ltr' id='par_1_87' title="bbox 2285 4039 3831 4125">
     <span class='ocr_line' id='line_1_87' title="bbox 2285 4039 3831 4125; baseline -0.014 -15"><span class='ocrx_word' id='word_1_593' title='bbox 2285 4056 2417 4110; x_wconf 89' lang='lat' dir='ltr'><strong>dunt</strong></span> <span class='ocrx_word' id='word_1_594' title='bbox 2444 4054 2632 4125; x_wconf 77' lang='lat' dir='ltr'><strong>gratiae</strong></span> <span class='ocrx_word' id='word_1_595' title='bbox 2654 4054 2825 4108; x_wconf 84' lang='lat' dir='ltr'><strong>sancti</strong></span> <span class='ocrx_word' id='word_1_596' title='bbox 2860 4050 3112 4120; x_wconf 88' lang='lat' dir='ltr'><strong>Spiritus,</strong></span> <span class='ocrx_word' id='word_1_597' title='bbox 3148 4047 3533 4117; x_wconf 88' lang='lat' dir='ltr'><strong>dispensantnr</strong></span> <span class='ocrx_word' id='word_1_598' title='bbox 3564 4058 3656 4111; x_wconf 88' lang='lat' dir='ltr'><strong>pro</strong></span> <span class='ocrx_word' id='word_1_599' title='bbox 3678 4039 3831 4125; x_wconf 65' lang='lat' dir='ltr'><strong>mpdo</strong></span> 
     </span>
    </p>
   </div>
   <div class='ocr_carea' id='block_1_88' title="bbox 2287 4129 3834 4212">
    <p class='ocr_par' dir='ltr' id='par_1_88' title="bbox 2287 4129 3834 4212">
     <span class='ocr_line' id='line_1_88' title="bbox 2287 4129 3834 4212; baseline -0.014 -12"><span class='ocrx_word' id='word_1_600' title='bbox 2287 4144 2713 4212; x_wconf 84' lang='lat' dir='ltr'><strong>uniuscujusque</strong></span> <span class='ocrx_word' id='word_1_601' title='bbox 2766 4141 2906 4204; x_wconf 88' lang='lat' dir='ltr'><strong>Iidei,</strong></span> <span class='ocrx_word' id='word_1_602' title='bbox 2956 4153 3164 4201; x_wconf 89' lang='lat' dir='ltr'><strong>eorum,</strong></span> <span class='ocrx_word' id='word_1_603' title='bbox 3225 4136 3319 4205; x_wconf 91' lang='lat' dir='ltr'><strong>qui</strong></span> <span class='ocrx_word' id='word_1_604' title='bbox 3370 4136 3587 4187; x_wconf 87' lang='lat' dir='ltr'><strong>laudant</strong></span> <span class='ocrx_word' id='word_1_605' title='bbox 3628 4129 3834 4183; x_wconf 84' lang='lat' dir='ltr'><strong>ctcele-</strong></span> 
     </span>
    </p>
   </div>
   <div class='ocr_carea' id='block_1_89' title="bbox 2288 4228 3830 4301">
    <p class='ocr_par' dir='ltr' id='par_1_89' title="bbox 2288 4228 3830 4301">
     <span class='ocr_line' id='line_1_89' title="bbox 2288 4228 3830 4301; baseline -0.015 -9"><span class='ocrx_word' id='word_1_606' title='bbox 2288 4241 2467 4301; x_wconf 84' lang='lat' dir='ltr'><strong>braut,</strong></span> <span class='ocrx_word' id='word_1_607' title='bbox 2530 4235 2815 4289; x_wconf 84' lang='lat' dir='ltr'><strong>animabus</strong></span> <span class='ocrx_word' id='word_1_608' title='bbox 2848 4252 2860 4286; x_wconf 87' lang='lat'><strong>:</strong></span> <span class='ocrx_word' id='word_1_609' title='bbox 2890 4234 2939 4285; x_wconf 93' lang='lat' dir='ltr'><strong>in</strong></span> <span class='ocrx_word' id='word_1_610' title='bbox 2965 4232 3181 4285; x_wconf 81' lang='lat' dir='ltr'><strong>Christo</strong></span> <span class='ocrx_word' id='word_1_611' title='bbox 3225 4228 3350 4284; x_wconf 86' lang='lat' dir='ltr'><strong>Jesu</strong></span> <span class='ocrx_word' id='word_1_612' title='bbox 3386 4229 3609 4281; x_wconf 74' lang='lat' dir='ltr'><strong>Domino</strong></span> <span class='ocrx_word' id='word_1_613' title='bbox 3637 4234 3830 4281; x_wconf 82' lang='lat' dir='ltr'><strong>nostro,</strong></span> 
     </span>
    </p>
   </div>
   <div class='ocr_carea' id='block_1_90' title="bbox 2287 4316 3828 4398">
    <p class='ocr_par' dir='ltr' id='par_1_90' title="bbox 2287 4316 3828 4398">
     <span class='ocr_line' id='line_1_90' title="bbox 2287 4316 3828 4398; baseline -0.014 -13"><span class='ocrx_word' id='word_1_614' title='bbox 2287 4331 2375 4385; x_wconf 91' lang='lat' dir='ltr'><strong>cui</strong></span> <span class='ocrx_word' id='word_1_615' title='bbox 2448 4330 2614 4398; x_wconf 81' lang='lat' dir='ltr'><strong>gloria</strong></span> <span class='ocrx_word' id='word_1_616' title='bbox 2682 4336 2734 4381; x_wconf 88' lang='lat' dir='ltr'><strong>et</strong></span> <span class='ocrx_word' id='word_1_617' title='bbox 2818 4326 3051 4396; x_wconf 83' lang='lat' dir='ltr'><strong>potentia</strong></span> <span class='ocrx_word' id='word_1_618' title='bbox 3113 4325 3168 4376; x_wconf 88' lang='lat' dir='ltr'><strong>in</strong></span> <span class='ocrx_word' id='word_1_619' title='bbox 3248 4322 3444 4377; x_wconf 69' lang='lat' dir='ltr'><strong>sarcula</strong></span> <span class='ocrx_word' id='word_1_620' title='bbox 3506 4316 3828 4373; x_wconf 66' lang='lat' dir='ltr'><strong>tta-culorum.</strong></span> 
     </span>
    </p>
   </div>
   <div class='ocr_carea' id='block_1_91' title="bbox 2290 4423 2479 4477">
    <p class='ocr_par' dir='ltr' id='par_1_91' title="bbox 2290 4423 2479 4477">
     <span class='ocr_line' id='line_1_91' title="bbox 2290 4423 2479 4477; baseline -0.021 0"><span class='ocrx_word' id='word_1_621' title='bbox 2290 4423 2479 4477; x_wconf 72' lang='lat' dir='ltr'><strong>Amen.</strong></span> 
     </span>
    </p>
   </div>
  </div>
