4176 6446
1663 458 1832 502 ANNO
1869 454 2018 501 DOMI
2033 455 2090 496 Nl
2139 449 2260 494 CIL

329 666 1533 916 NICEPHOBI
1715 641 3090 834 PRESBYTER]
3251 638 3581 809 ΟΡ.

1110 986 1474 1105 VlTA
1557 979 1722 1092 Su
1776 966 2398 1091 ANDREAS
2481 960 2840 1079 SALI.

1956 1221 2029 1241 .-

593 1380 1544 1481 COMMENTARIUS
1630 1371 2190 1464 PRIEVIUS
2261 1364 2620 1457 CONR.
2693 1355 3365 1446 JANNINGHI

1886 1565 1948 1623 S.
2000 1563 2054 1621 J.

1421 1737 1561 1797 (tota
1585 1730 1673 1779 ss.
1712 1725 1958 1787 Bolland.,
1997 1724 2105 1774 Maii
2140 1727 2222 1773 die
2256 1724 2333 1783 28,
2362 1733 2394 1772 t.
2429 1717 2534 1776 vn

1971 1902 2033 1915 ’πὶ-.-

362 2061 442 2112 De
473 2055 529 2109 3.
571 2052 792 2106 Andrei:
840 2034 1225 2117 familiai-ibus,
1285 2038 1809 2117 Epiphaﬂio,")0ﬂ€a
1866 2033 2196 2117 patriarcha.
2233 2042 2285 2117 δέ
2340 2026 2657 2111 Nicephuro,
2711 2033 2964 2096 scriptore
3009 2027 3286 2090 Actorum,
3333 2029 3586 2096 burning-tl

1513 2101 1674 2179 styio,
1705 2120 1752 2160 et
1788 2101 1941 2159 actate
1979 2121 2040 2157 ac
2065 2105 2211 2162 cultu
2246 2101 2450 2155 Sancti.

451 2282 503 2334 l.
536 2277 815 2345 Sapientis
838 2276 1080 2341 proiecto
1108 2267 1349 2322 stultitiae
1373 2275 1610 2320 actorem
1640 2263 1690 2314 iu
1725 2277 1941 2316 scenam
1975 2269 2018 2320 Α
2049 2270 2161 2310 tum
2190 2257 2370 2320 fuerit,
2389 2253 2603 2310 diﬂicile
2626 2266 2708 2308 est
2738 2254 3018 2308 divinare:
3050 2267 3115 2307 eo
3133 2255 3274 2322 quod
3297 2257 3620 2315 monachus.

364 2369 723 2443 producimus
782 2375 1030 2419 sanetum
1088 2360 1384 2418 Andream,
1449 2357 1532 2410 cui
1590 2355 1657 2408 ab
1687 2369 1747 2408 ea
1779 2368 1939 2422 quam

363 2442 476 2529 egit
522 2470 778 2529 persona,
841 2451 1165 2519 vivendique
1219 2448 1357 2502 inter
1402 2445 1647 2498 homines
1713 2442 1942 2504 ratione,

363 2551 598 2608 adhatsit
627 2552 1048 2616 cognomentum
1071 2540 1227 2597 Salus
1251 2555 1345 2594 seu
1381 2535 1609 2591 Stultus.
1646 2531 1941 2587 Theatrum

370 2643 567 2698 habuit
594 2639 992 2708 amplissimum
1042 2628 1572 2696 Constantinopolim
1615 2627 1946 2682 universam,

365 2735 740 2805 spectaculum
771 2731 943 2784 factus
972 2727 1103 2790 Deo,
1137 2724 1343 2793 angelis
1375 2730 1428 2776 et
1466 2718 1802 2779 hominibus,
1854 2716 1947 2769 sed

369 2828 481 2882 alio
507 2837 666 2894 atque
695 2824 802 2876 alio
856 2820 1019 2874 modo
1054 2836 1068 2872 ε
1104 2815 1213 2868 Deo
1263 2813 1480 2882 quidem
1524 2819 1578 2863 et
1625 2808 1829 2876 angelis
1864 2820 1950 2858 sa-

370 2913 731 2989 pientissimi,
764 2910 1076 2966 hominibus
1122 2921 1250 2960 vero
1289 2902 1621 2983 stolidissimi
1663 2913 1948 2969 personam

375 3009 651 3067 sustinere
680 3007 853 3062 visus.
886 3005 1075 3072 Neque
1104 3013 1281 3056 tamen
1315 2997 1572 3052 omnibus
1595 2994 1818 3049 omnino
1850 2992 1953 3044 ho-

376 3100 621 3156 minibus
647 3100 717 3153 ita
745 3099 895 3152 visus
920 3104 1004 3149 est
1029 3112 1043 3148 :
1065 3094 1215 3147 fuere
1235 3106 1376 3145 unus
1418 3098 1472 3141 et
1499 3088 1633 3141 alter
1665 3084 1954 3154 praecipue,

376 3192 583 3262 quibus
609 3191 920 3245 institutum
956 3187 1130 3257 ipsius
1193 3184 1508 3237 iunotuerat
1535 3197 1550 3243 ;
1581 3176 1832 3231 videlicet
1869 3174 1958 3227 ille

379 3287 520 3356 ipse,
549 3283 640 3353 qui
680 3281 856 3336 Vitam
916 3276 1242 3344 conscripsit
1282 3269 1639 3339 Nicephorus,
1707 3264 1960 3319 Ecclesia:

381 3355 445 3430 S.
473 3377 689 3444 Sophia:
730 3372 1052 3442 presbyter;
1101 3377 1153 3421 et
1184 3364 1379 3417 nobilis
1442 3358 1658 3430 juvenis
1720 3355 1959 3424 Epipha-

380 3470 531 3530 nius.
564 3475 747 3536 postea
779 3462 1103 3522 monachus,
1128 3457 1452 3522 ἀλλαγέντος
1470 3452 1562 3503 καὶ
1587 3449 1680 3502 τοῦ
1698 3449 1964 3518 ὀνόματος

383 3563 446 3614 ιν
469 3561 732 3628 σχήματι,
758 3566 814 3609 ut
837 3555 1037 3610 dicitur
1069 3567 1220 3605 num.
1260 3549 1352 3610 Ἡ.
1388 3554 1596 3600 mutato
1643 3557 1766 3595 cum
1814 3549 1963 3593 veste

384 3653 629 3717 nomine,
650 3659 704 3702 et
729 3664 796 3702 es
837 3645 1103 3700 monacho
1143 3638 1450 3711 patriarcha
1505 3632 1964 3698 Constantinopo-

384 3745 593 3799 litanus
623 3759 638 3807 ;
681 3753 911 3809 uterque
943 3737 1170 3790 Audrea:
1199 3743 1349 3787 arcto
1396 3724 1811 3787 necessitudinis
1841 3721 1960 3774 vin-

383 3840 515 3893 culo
564 3836 914 3902 conjunctus.
985 3828 1048 3881 Et
1111 3824 1446 3894 Nieephorus
1501 3819 1720 3889 quidem
1778 3825 1965 3868 auctor

388 3928 492 3981 fuit
520 3926 747 3993 Audrca:
781 3915 1082 3975 istiusmodi
1123 3917 1245 3968 vitae
1280 3913 1542 3966 rationem
1584 3906 1962 3977 amplectendi,

386 4023 618 4088 ejusque
643 4019 694 4069 in
737 4013 992 4066 omnibus
1025 4008 1373 4064 consiliarius
1407 4013 1460 4058 et
1510 4004 1846 4062 moderator;
1874 3997 1965 4065 qui

393 4109 623 4180 proinde
651 4103 973 4158 arcanorum
1003 4098 1276 4160 conscius,
1328 4095 1402 4149 nil
1438 4095 1636 4146 mirum
1685 4097 1790 4154 est,
1825 4090 1967 4159 quod

392 4216 506 4258 tum
542 4198 817 4252 mirabiles
861 4194 980 4261 ejus
1011 4190 1250 4244 visiones
1280 4195 1331 4240 et
1369 4195 1614 4239 exstases
1641 4182 1843 4235 rescire
1870 4195 1968 4249 ρο·-

392 4295 560 4351 tuerit
596 4307 660 4344 ac
721 4287 915 4341 litteris
949 4283 1230 4337 mandare.
1267 4278 1604 4348 Epiphanius
1651 4289 1803 4337 vero,
1837 4273 1970 4326 ado-

397 4391 608 4440 lescens
645 4380 934 4452 praeclarus
969 4377 1020 4429 iu
1054 4373 1264 4443 primis,
1298 4370 1541 4424 notitiam
1573 4367 1800 4421 Androm
1832 4364 1970 4418 divi-

396 4478 546 4531 nitus
597 4480 901 4532 assecutus,
957 4467 1131 4535 primo
1185 4462 1368 4516 statim
1420 4473 1715 4527 congressu
1749 4473 1814 4510 ex
1853 4455 1972 4524 ipso

394 4567 616 4628 didicit,
655 4561 969 4618 cathedram
1013 4558 1115 4612 sibi
1146 4550 1805 4620 Constantinopoiitanam
1833 4563 1974 4599 ‘llla-

401 4677 562 4724 nere;
600 4662 650 4712 in
679 4672 852 4724 eaque
886 4652 1151 4706 sententia
1182 4648 1373 4701 deinde
1399 4661 1428 4698 a
1466 4645 1730 4697 morituro
1781 4656 1975 4710 pi0pe-

397 4759 542 4811 diem
597 4755 953 4804 confirmatus
1009 4752 1111 4796 est.
1145 4740 1246 4805 Qui
1277 4751 1329 4790 et
1358 4747 1530 4789 totum
1579 4735 1754 4789 eidem
1781 4735 1976 4785 animte

403 4864 516 4903 sure
570 4818 768 4900 statum
834 4842 1110 4905 detegens,
1170 4834 1220 4884 in
1273 4812 1448 4883 dubiis
1505 4815 1895 4886 consiliarium,
1925 4824 1975 4876 in

2046 2349 2123 2401 uti
2175 2348 2378 2402 dictum
2409 2355 2513 2408 est,
2546 2345 2747 2410 factus,
2784 2344 3012 2399 dimisso
3063 2344 3351 2415 Epiphanii
3384 2351 3624 2414 nomine,

2047 2442 2404 2508 assumpserit
2458 2437 2622 2498 aliud,
2678 2437 2831 2503 juxta
2919 2437 3092 2490 sancti
3185 2439 3625 2510 praedictionem;

2049 2532 2206 2599 quale
2233 2540 2412 2584 autem
2455 2529 2815 2595 assumpserit
2850 2542 3120 2596 nusquam
3153 2528 3240 2584 hic
3266 2536 3627 2599 exprimatur.

2052 2621 2338 2677 Videamus
2388 2631 2587 2687 tamen,
2647 2636 2776 2673 num
2805 2631 2912 2688 qua
2945 2618 3028 2672 via
3085 2621 3360 2688 possimus
3394 2638 3460 2676 eo
3503 2639 3630 2692 pera

2054 2715 2280 2785 tingere,
2342 2717 2515 2783 ipsum
2569 2727 2678 2782 quo
2730 2711 2980 2764 Andreas
3037 2710 3172 2765 vixit
3229 2722 3444 2783 tempus
3479 2715 3633 2769 inda.

2056 2806 2252 2875 gando.
2304 2806 2507 2860 Dicitur
2536 2807 2628 2860 hic
2677 2821 2706 2857 a
2739 2801 3088 2871 Theognosto
3126 2805 3386 2873 quodam,
3438 2805 3633 2860 Oriem

2058 2897 2179 2950 talis
2228 2896 2429 2949 militiae
2481 2896 2641 2958 duce,
2707 2895 2761 2949 in
2801 2894 3118 2948 servitutem
3171 2907 3388 2964 emptus
3417 2910 3630 2960 servus,

2061 3006 2079 3039 ι
2121 2986 2403 3056 imperium
2448 2989 2762 3040 moderante
2813 2984 3013 3039 Christi
3051 2986 3431 3041 amantissimo
3459 2987 3637 3056 impe-

2058 3090 2238 3133 ratore
2282 3077 2481 3149 Leone,
2538 3086 2590 3130 et
2624 3076 2843 3155 additur
2889 3076 2982 3129 τοῦ
3040 3075 3316 3144 Μεγάλου)
3359 3086 3418 3131 ut
3461 3081 3634 3147 prima

2062 3173 2239 3227 fronte
2300 3171 2467 3225 videri
2517 3171 2692 3241 possit
2740 3171 2857 3239 ejus
2889 3172 3129 3226 nominis
3158 3173 3390 3240 primus,
3453 3174 3638 3242 appel-

2043 3267 2225 3329 ‘iatus,
2262 3263 2461 3331 passim
2486 3277 2517 3316 a
2565 3262 2948 3330 scriptoribus,
2976 3261 3228 3332 Magnus,
3262 3262 3356 3330 qui
3390 3261 3637 3332 regnavit

2064 3360 2132 3412 ab
2155 3373 2298 3411 anno
2350 3355 2456 3408 457
2519 3355 2584 3408 ad
2617 3348 2684 3407 ’14
2718 3371 2732 3407 :
2777 3356 2935 3408 annis
2957 3365 3136 3408 autent
3173 3354 3244 3408 45
3268 3363 3388 3423 post
3439 3352 3637 3408 Leonis

2068 3450 2226 3504 istius
2293 3448 2525 3509 obitum,
2576 3445 2755 3500 factus
2785 3458 2871 3500 est
2924 3445 3232 3515 patriarcha
3261 3456 3485 3499 sanctus
3508 3445 3640 3515 Epi-

2066 3542 2323 3612 phauius,
2354 3541 2426 3593 ‘25
2482 3540 2711 3609 Augusti
2773 3540 3116 3600 recolendus,
3160 3547 3215 3592 et
3247 3537 3431 3593 sedem
3463 3538 3639 3590 tenuit

1997 3601 2039 3660 θ
2068 3601 2227 3688 annis
2257 3601 2343 3687 16.
2381 3601 2712 3700 ltaquevhzec
2764 3645 2872 3684 non
2905 3631 3043 3683 male
3068 3630 3359 3684 convenire
3385 3627 3642 3694 judicans

2068 3726 2300 3794 scriptor
2349 3725 2597 3787 alterius,
2649 3736 2912 3790 cumquo
2944 3717 3122 3772 Vitam
3171 3718 3523 3779 contulimus,
3557 3735 3645 3772 cu-

2068 3819 2226 3880 dicis,
2295 3817 2435 3870 inter
2493 3815 2597 3869 alia
2637 3831 2757 3884 qua:
2808 3813 3172 3866 abhrevia‘ndo
3221 3812 3428 3876 omisit,
3479 3813 3642 3865 etiam

2070 3911 2136 3963 de
2166 3909 2464 3963 mutatione
2484 3907 2719 3960 nominis
2748 3905 2937 3960 tacuit.
2969 3903 3075 3957 Sed
3116 3912 3474 3972 praeterquam
3501 3903 3646 3972 quod

2072 4001 2209 4055 Vitae
2229 4009 2417 4054 auctor
2478 3999 2812 4069 Nicephorus
2836 4011 2902 4050 eo
2933 4006 3117 4050 utatur
3161 3997 3323 4066 stylo,
3366 3998 3458 4063 qui
3490 3996 3650 4065 longe

2072 4095 2428 4165 posteriorem
2459 4100 2670 4145 aetatem
2707 4091 2914 4159 sapiat;
2969 4088 3170 4143 dicitur
3199 4089 3465 4152 Andreas,
3493 4103 3647 4140 noui.

2075 4186 2163 4248 15,
2199 4184 2434 4239 illusisse
2486 4184 2712 4245 mundo,
2764 4198 2782 4233 ι
2852 4179 3312 4251 quemadmodum
3370 4181 3460 4235 ille
3517 4180 3647 4232 olim

2075 4277 2411 4332 admirabilis
2487 4274 2758 4345 Symeon,
2820 4292 2838 4326 ι
2884 4274 3074 4342 utique
3121 4283 3176 4328 et
3224 4275 3337 4341 ipse
3366 4291 3384 4323 ρ
3430 4283 3652 4340 promer

2074 4369 2351 4424 Christum
2387 4368 2537 4423 stulti
2572 4368 2790 4436 sapiens
2817 4366 3082 4439 imitator,
3110 4383 3130 4416 ν
3164 4368 3257 4434 qui
3282 4366 3521 4420 colitur!
3553 4363 3653 4418 Ju-

2079 4463 2184 4516 lii:
2223 4462 2311 4515 hic
2354 4470 2533 4514 autem
2594 4459 2881 4514 stultitiam
2953 4458 3214 4512 simulare
3270 4459 3432 4525 coepit
3479 4457 3653 4524 impee

2082 4565 2232 4608 tante
2271 4554 2561 4608 Mauritio:
2597 4551 2754 4605 annis
2798 4564 2857 4606 ut
2912 4552 3195 4606 minimum
3265 4551 3654 4620 quinquaginta

2082 4658 2204 4716 post
2235 4645 2517 4715 Epiphanii
2550 4645 2872 4714 patriarchae
2914 4654 3165 4697 mortem.

2153 4741 2206 4792 ’5.
2269 4737 2606 4802 Qumrendus
2662 4753 2792 4807 ergo
2827 4737 2986 4789 nobis
3029 4744 3112 4789 est
3139 4735 3277 4790 alius
3303 4733 3445 4796 Leo,
3489 4733 3659 4785 idem-

2085 4846 2191 4899 que
2247 4828 2671 4882 Amantissimus
2695 4828 2923 4890 Christi,
2960 4836 3127 4896 atque
3172 4827 3241 4881 ob
3285 4842 3368 4878 res
3399 4829 3660 4894 prter-lare

404 4939 666 5012 periculis
698 4933 1000 5001 adjutorem
1039 4929 1247 4979 habuit.
1276 4921 1580 4988 Colloquia,
1606 4919 1745 4971 inter
1768 4927 1976 4967 utrum-
2008 4941 2050 4997 ο
2090 4934 2269 4991 gestas
2329 4921 2555 4989 Magnus
2607 4920 2982 4988 cognominati
3037 4921 3255 4987 dignus.
3286 4917 3433 4970 Talis
3479 4932 3658 4970 animi

408 5008 518 5100 que
558 5029 761 5084 habita,
801 5029 1098 5075 occurrunt
1126 5017 1439 5082 frequenter
1480 5011 1767 5062 admodum
1802 5025 1816 5072 ;
1852 5008 1982 5058 alia-

404 5137 511 5192 que
536 5118 751 5173 eximiae
781 5113 996 5167 virtutis
1029 5109 1300 5176 exempla,
1333 5106 1397 5157 ad
1433 5102 1790 5171 Epiphanium
1849 5114 1985 5165 prze-

408 5223 564 5284 (ipue
587 5210 912 5282 spectantia,
954 5208 1205 5273 leguntur
1239 5210 1345 5252 tam
1377 5199 1566 5258 multa,
1603 5205 1678 5254 ut,
1728 5193 1772 5247 si
1811 5192 1979 5245 ascri-

407 5321 531 5378 ptus
564 5306 766 5360 sanctis
814 5303 971 5363 foret,
1001 5307 1054 5349 et
1099 5305 1245 5350 certo
1274 5300 1547 5347 constaret
1608 5305 1715 5357 quo
1762 5287 1979 5340 nomine

409 5408 588 5456 dictus
617 5395 926 5467 patriarcha
960 5392 1142 5453 fuerit,
1185 5401 1290 5441 non
1319 5384 1526 5437 modica
1551 5382 1695 5434 illius
1725 5383 1829 5433 vita
1858 5380 1982 5432 inde

412 5518 427 5547 ι
442 5495 587 5562 olligi
619 5498 824 5560 posset.

482 5588 536 5646 2.
604 5586 797 5641 Verum
840 5580 1062 5652 quando
1100 5579 1143 5634 is
1184 5580 1496 5644 assumptus
1534 5587 1597 5626 au
1644 5567 1983 5639 patriarcha-

2089 5017 2247 5069 istius
2281 5016 2518 5066 nominis
2565 5013 2745 5066 nullus
2781 5011 2882 5066 fuit
2913 5024 3036 5066 ante
3068 5026 3215 5075 eum,
3246 5025 3406 5080 quem
3442 5012 3532 5063 alii
3561 5009 3663 5064 Sin

2097 5109 2355 5182 pientcm,
2380 5107 2470 5159 alii
2498 5105 2886 5172 Philosophum
2928 5104 3201 5173 appellare
3248 5105 3445 5164 solent,
3481 5104 3663 5156 Basilii

2099 5199 2410 5253 Macedonis
2465 5199 2653 5251 filium.
2711 5197 2844 5251 Nam
2905 5196 3012 5250 Leo
3061 5196 3371 5258 Isauricus,
3439 5197 3667 5262 ejusque

2091 5308 2258 5360 nepos
2284 5292 2615 5361 Coprouymi
2658 5292 2798 5346 tilius
2832 5291 2971 5350 Leo,
3003 5289 3283 5343 Cliazarus
3345 5303 3372 5338 a
3424 5301 3669 5342 materno

2089 5400 2286 5455 genere
2345 5387 2544 5448 dictus,
2593 5399 2656 5438 ac
2713 5385 2948 5452 denique
2979 5384 3087 5437 Leo
3143 5381 3435 5443 Armeuus,
3483 5381 3669 5436 lt‘ouo-

2093 5479 2270 5530 maelii
2329 5489 2542 5542 omnes,
2613 5492 2720 5531 non
2772 5487 3054 5530 merentur
3101 5474 3192 5528 hic
3225 5475 3666 5526 commemorari.

2114 5569 2375 5640 Ri-gttat'tt
2406 5577 2585 5621 autem
2623 5566 2729 5621 Leo
2766 5567 3126 5636 Philosophus
3155 5563 3223 5618 ab
3260 5579 3404 5617 anno
3452 5564 3552 5616 886
3602 5567 3667 5617 ad
