4024 6526
233 481 323 542 625

1395 467 1572 526 VlTA
1619 464 1680 522 S.
1728 458 2056 520 ANDREIE
2097 453 2293 515 ΒΑΜ.

3374 435 3490 498 635'

231 606 357 647 unm
407 592 598 644 uultus
653 588 776 655 fuit,
837 587 884 637 in
927 599 1052 652 para
1111 583 1266 635 vitam
1301 583 1438 648 ﬁuit.
1473 579 1608 632 Tum
1639 589 1789 629 more
1817 577 1864 637 Α
1889 571 2077 643 phoro,
2109 581 2310 637 magna
2329 557 2905 655 sanctissimeque-Dei
2925 555 3478 655 Ecclesia-acerrime.

234 698 333 737 tero
364 697 464 736 suo
501 683 604 734 hoc
627 678 846 744 Sttbﬂcit
871 671 1142 730 distichon
1177 689 1191 724 :

289 813 502 866 Παύλου
541 815 597 863 τὸ
633 805 932 878 ῥῆμα,’καὶ
957 805 1231 876 μεταστὰς
1264 803 1543 878 Ἀνδρέεις.

301 884 490 952 Ἡμεῖς
521 885 607 935 διὰ
634 875 878 950 ’Χριστόν
901 875 967 946 γε
995 878 1191 947 μωροὶ,
1225 875 1550 944 κραυτάζςι.

292 1019 447 1084 Quod
467 1018 664 1072 Paulus
703 1016 828 1068 oliui
858 1015 1077 1078 cecinit;
1111 1013 1230 1064 hinc
1253 1007 1481 1084 Sanctus
1527 1008 1790 1084 migrans,

293 1082 406 1145 Nos
446 1091 596 1143 stulti
624 1104 801 1141 amore
833 1085 1050 1148 Christi,
1083 1083 1385 1137 “Andreas
1416 1082 1580 1132 canit.

293 1219 346 1282 7.
416 1224 694 1279 Praedicta
758 1235 924 1290 porro
989 1215 1342 1272 obscuritatis
1374 1213 1512 1280 apud
1551 1220 1796 1280 posteros

226 1318 580 1391 potestetiam
613 1315 718 1366 alia
745 1311 938 1380 duplex
971 1323 1131 1362 causa
1170 1305 1432 1375 assignari
1470 1311 1621 1355 :tutn
1651 1299 1796 1368 quod

229 1414 340 1480 ipso
372 1410 582 1461 vivente
607 1403 974 1475 paucissimis,
1002 1404 1074 1454 uti
1095 1400 1298 1454 dictum
1331 1407 1436 1459 est,
1461 1396 1578 1463 ejus
1603 1394 1798 1463 agendi

227 1502 414 1555 modus
461 1512 516 1553 ct
551 1500 765 1553 occulta
805 1495 1070 1550 sanctitas
1106 1490 1417 1551 innotuerit,
1451 1504 1481 1541 a
1528 1487 1801 1555 plerisque

227 1607 315 1661 pro
372 1593 537 1646 stulto
575 1599 629 1644 et
675 1587 1013 1642 damoniaco
1057 1583 1224 1637 habili
1263 1601 1275 1636 :
1341 1590 1454 1634 tum
1508 1579 1652 1648 quod
1681 1587 1803 1651 post

223 1692 474 1746 mortem,
505 1681 690 1736 ablato
725 1679 986 1732 divinitus
1016 1687 1267 1745 corpore,
1299 1672 1462 1726 nulla:
1499 1671 1617 1740 ejus
1682 1671 1804 1724 reli—

223 1772 808 1845 quitesuperfuerint,
867 1769 944 1822 Ex
997 1771 1178 1837 priore
1203 1767 1404 1820 factum
1447 1773 1554 1828 est,
1598 1773 1657 1817 ut
1713 1779 1805 1814 ue-

224 1869 374 1932 mini,
405 1854 761 1936 praeterquam
805 1862 1167 1917 familiaribus
1188 1861 1306 1915 suis
1352 1861 1401 1912 in
1439 1858 1804 1913 testimatione

1893 641 2083 715 Exstat
2131 659 2317 712 eadem
2382 647 2520 706 Vita
2555 660 2659 705 tn's.
2691 650 2742 701 in
2789 646 3112 702 bibliotheca
3162 641 3476 704 Viennensi.

1892 762 1952 806 ut
1992 752 2170 821 legere
2203 757 2288 805 est
2318 748 2369 800 in
2405 745 2744 798 Bibliorheea
2774 738 2997 795 Gesneri
3030 747 3188 790 aucta
3213 738 3481 806 impressa

1893 843 2079 912 Tiguri
2146 857 2288 895 anno
2355 839 2516 900 i583,
2557 837 2642 890 his
2697 833 2922 889 verbis:
2961 848 2982 885 ‹
3024 830 3385 898 Nicephorus,
3413 828 3480 884 de

1898 936 2017 989 Vita
2067 935 2318 1000 Andreae,
2370 932 2504 985 liber
2539 939 2696 984 vetus
2755 925 2809 979 in
2839 933 3033 995 quarto
3067 937 3172 977 ms.
3205 921 3317 976 bib.
3346 920 3481 990 imp.

1901 1028 2142 1082 Vienn:e.
2180 1047 2200 1079 ι

1970 1124 2023 1177 9.
2056 1121 2188 1191 Ego,
2226 1117 2478 1173 Patrihus
2505 1113 2851 1171 Henschenio
2883 1119 2936 1165 et
2989 1108 3362 1178 Papebroclu’o
3416 1121 3482 1162 an

1900 1205 2117 1284 tempus
2174 1213 2395 1281 aliquod
2469 1210 2631 1264 datus
2709 1208 2961 1274 adjuton
3023 1204 3480 1275 quemadmodum

1906 1307 2080 1362 Vitam
2118 1305 2288 1360 sancti
2319 1303 2607 1373 Symcouis
2635 1299 2844 1370 Styliue
2901 1301 2956 1352 in
3017 1307 3200 1350 monte
3255 1297 3483 1350 Mirabili

1901 1402 2131 1471 ejusque
2187 1399 2377 1453 matris
2436 1405 2642 1450 sancta;
2677 1393 2903 1447 Marthae
2951 1392 3162 1462 primus
3197 1389 3491 1446 Latinitatc

1908 1494 2144 1557 donavi;
2208 1475 2284 1545 ita
2321 1499 2375 1543 ct
2428 1490 2568 1544 hanc
2600 1486 2770 1542 sancti
2799 1485 3026 1539 Andreae
3060 1481 3305 1538 Latinam
3337 1483 3438 1537 feci
3475 1499 3487 1534 :

1905 1587 1998 1640 sed
2041 1601 2149 1639 non
2185 1585 2374 1638 eadem
2407 1598 2530 1636 cum
2565 1580 2849 1634 facilitate.
2883 1577 2972 1632 llla'
2997 1578 3145 1632 enim
3203 1576 3492 1647 Symeonis

1907 1676 2030 1732 Vita
2060 1676 2270 1740 Graeca,
2303 1675 2378 1729 uti
2408 1674 2611 1744 liquida
2639 1673 2961 1742 usitatisque
3019 1671 3220 1742 passim
3266 1671 3491 1724 vocibus

1907 1781 1963 1826 et
2038 1769 2536 1824 constructionibus
2605 1766 2918 1833 conscripta
2993 1774 3114 1820 erat
3193 1765 3396 1820 sacculo
3440 1780 3490 1817 vr

1912 1873 2166 1927 exeunte,
2200 1863 2272 1916 ita
2302 1848 2544 1915 suaviter
2572 1859 2640 1914 ad
2671 1859 2876 1914 exitum
2921 1856 3152 1912 deducta
3174 1839 3491 1912 .versio'est.

222 1928 684 2026 essem-adeoque
712 1957 814 2012 soli
841 1954 1170 2025 Nicephoro,
1213 1953 1477 2023 spirituali
1525 1951 1644 2019 ejus
1700 1949 1803 2002 Pa—
1839 1928 1880 1987 Β
1912 1952 2038 2007 llaec
2073 1967 2204 2006 vero
2244 1950 2495 2013 Andreae,
2518 1947 2803 2003 deﬁciente
2827 1947 2937 2017 jam
2994 1946 3108 2002 fere
3145 1961 3268 2000 cum
3322 1944 3496 2013 tnaje-

222 2055 310 2119 tri,
358 2068 504 2106 cura:
559 2050 862 2119 lueritejus
917 2048 1180 2102 adiuuare
1203 2053 1353 2114 gesta
1394 2059 1514 2112 qua:
1554 2051 1798 2104 noverat,

221 2161 342 2198 cum
376 2144 584 2198 inliuita
622 2159 745 2197 cum
779 2143 1024 2202 laterent,
1048 2153 1144 2194 nec
1169 2153 1292 2192 raro
1325 2137 1472 2199 talia,
1525 2135 1656 2188 utin
1706 2134 1802 2185 ad-

221 2239 557 2293 mirationem
621 2246 877 2304 raperent
932 2242 1303 2303 spectatores;
1362 2232 1453 2285 sed
1538 2229 1682 2298 quod
1731 2226 1802 2281 ab

218 2331 434 2383 homine
490 2328 824 2382 damoniaco
847 2325 1113 2394 proticisci
1144 2313 1491 2391 putabantur,
1538 2319 1802 2374 daemonis

217 2421 401 2488 potius
450 2434 616 2488 quam
672 2419 870 2472 divinae
905 2416 1321 2470 ascribebantur
1357 2412 1567 2466 virtuti.
1600 2410 1677 2463 Ex
1704 2425 1803 2480 po-

220 2514 456 2567 steriore
500 2522 666 2581 patet,
713 2511 920 2565 nullum
977 2507 1344 2562 sacrosanctis
1399 2506 1518 2574 ejus
1559 2504 1803 2574 reliquiis

215 2606 414 2659 delet-ri
470 2607 674 2658 cultum
719 2620 782 2657 ac
843 2604 1271 2666 venerationem,
1299 2600 1444 2652 nulla
1481 2600 1546 2651 ad
1572 2612 1665 2650 eas
1705 2613 1804 2666 pa-

216 2699 347 2750 trari
376 2697 659 2759 miracula,
690 2711 788 2749 nec
827 2696 1118 2748 admodum
1145 2696 1234 2746 ditt
1268 2709 1455 2747 earum
1484 2693 1801 2745 memoriam

217 2792 270 2842 in
305 2791 506 2843 animis
536 2791 812 2842 hominum
867 2789 1103 2841 residere
1161 2787 1402 2854 potuisse
1433 2804 1446 2838 :
1484 2787 1529 2840 si
1582 2784 1802 2853 quidem

225 2897 351 2949 qua:
381 2881 628 2949 procula
669 2888 962 2948 conspectu
1015 2887 1225 2938 nostro,
1269 2878 1430 2930 etiam
1487 2879 1806 2946 plerumque

215 2973 411 3040 procul
440 2973 509 3024 ab
539 2971 720 3023 animo
746 2979 949 3022 remota
983 2979 1133 3023 sunt.
1166 2968 1408 3021 ltelictus
1431 2970 1651 3036 quidem
1683 2976 1808 3037 post

220 3074 441 3130 raptum
476 3061 721 3129 corporis
749 3061 920 3114 sancti
955 3060 1168 3113 divinus
1200 3060 1356 3123 odor,
1390 3061 1624 3127 primum
1675 3073 1805 3127 pau-

215 3154 460 3222 percqu
509 3154 727 3206 cuidam
793 3153 1032 3214 mulieri,
1098 3161 1213 3204 tum
1260 3151 1384 3204 aliis
1444 3150 1696 3218 plurimis
1738 3164 1808 3203 eo

212 3247 664 3308 acc-uirentibus,
692 3246 1058 3298 testimonium
1096 3244 1366 3310 praebebat
1391 3255 1618 3298 eatenus
1651 3243 1805 3308 igno-

214 3352 348 3390 tatu:
392 3338 627 3391 hominis
658 3339 952 3392 SullClllali.
988 3335 1163 3389 Vitam
1215 3345 1413 3400 tamen,
1449 3336 1576 3388 licet
1621 3336 1803 3387 statim

210 3448 241 3483 ει
297 3439 480 3483 morte
533 3431 816 3498 scriptam,
878 3431 1202 3483 crediderim
1270 3429 1336 3481 de
1377 3426 1640 3480 imlustria
1678 3442 1808 3494 sup-

220 3538 476 3592 pressam
508 3521 696 3584 luisse,
724 3531 776 3574 et
809 3522 876 3574 ab
911 3521 1213 3590 Epiphanio
1261 3529 1637 3581 asservatarn;
1670 3535 1808 3588 quo.

208 3607 470 3681 adu-due
507 3615 590 3666 hic
620 3613 790 3667 factus
829 3614 1134 3683 patriarcha
1187 3613 1591 3682 przedictionem
1623 3611 1804 3665 Saneti

211 3711 282 3762 de
345 3727 410 3764 se
461 3707 659 3762 factam
703 3709 964 3777 implevit.
1003 3706 1138 3761 Tutu
1172 3723 1321 3769 vero,
1347 3716 1559 3758 mortuo
1601 3706 1809 3758 verosi-

213 3803 432 3856 tnilttet'
485 3803 598 3870 jam
666 3802 874 3869 pridem
946 3812 1185 3862 auctore,
1240 3799 1363 3851 data
1399 3800 1450 3851 in
1489 3800 1662 3851 lucem
1704 3799 1804 3859 sit;

212 3896 538 3961 patriarcha
573 3895 687 3962 ipso
717 3893 1015 3945 atlirmaute
1047 3906 1192 3953 vera,
1249 3893 1461 3959 sibique
1507 3899 1656 3944 certo
1710 3904 1806 3942 co-

211 3991 378 4055 gutta
436 3987 644 4051 l’u:sse,
711 4000 1052 4054 quaecunque
1108 3981 1444 4051 Nicephorus
1469 3983 1805 4050 scripserat;

213 4097 418 4150 itaque
481 4080 695 4131 initium
750 4076 971 4144 aliquod
1005 4077 1187 4128 datum
1223 4076 1418 4136 cultui,
1451 4091 1545 4144 per
1573 4075 1808 4127 nominis

210 4170 636 4240 inscriptionem
689 4170 741 4222 in
797 4167 1116 4236 Synaxariis
1162 4169 1521 4236 quibusdam;
1556 4168 1698 4235 quod
1732 4177 1810 4219 ta-

210 4282 345 4318 men
413 4265 701 4333 plerosque
773 4261 1195 4330 Syuasariorum
1261 4263 1680 4328 transcriptores
1728 4261 1810 4313 lu-

209 4365 392 4430 gerit.

289 4458 351 4508 8.
393 4454 472 4506 Ad
537 4450 710 4505 Vitam
760 4451 928 4518 ipsam
961 4452 1107 4518 quod
1161 4449 1374 4514 attinet,
1405 4450 1612 4518 duplex
1665 4450 1810 4504 illius

205 4546 368 4600 nacti
427 4561 619 4597 smnus
692 4547 989 4610 exemplar,
1041 4557 1270 4607 quorum
1318 4543 1547 4594 alterum
1607 4541 1812 4594 descri-

1911 2055 2051 2100 state
2109 2043 2323 2113 imperii
2377 2025 2540 2095 etiam
2605 2041 2802 2110 linguae
2839 2039 3076 2100 cultura.
3141 2037 3388 2092 barbaris
3441 2046 3499 2090 ut

1912 2136 2184 2200 moribus,
2213 2136 2294 2210 sic
2324 2133 2604 2189 vocabulis
2652 2132 2932 2188 turmatim
2958 2131 3495 2200 Constantinopolim

1911 2247 1972 2288 se
2033 2231 2415 2296 intercutibus,
2470 2229 2680 2285 saeculo
2718 2229 2932 2283 decimo
2957 2235 3177 2302 exarata
3228 2225 3312 2296 (ea
3362 2242 3496 2297 prte-

1911 2325 2098 2380 sertim
2130 2340 2249 2394 quur.
2282 2339 2314 2377 e
2373 2321 2700 2375 bibliotheca
2752 2318 3006 2375 Vaticana
3062 2318 3334 2388 descripta
3367 2322 3502 2388 est),

1913 2433 2020 2472 non
2064 2419 2226 2472 modo
2255 2416 2559 2487 peregrinis
2587 2427 2643 2468 et
2667 2432 2697 2468 a
2748 2427 2989 2468 veterum
3049 2413 3364 2468 Graecorum
3395 2428 3494 2467 usu

1915 2512 2138 2565 remotis
2187 2511 2412 2564 vocibus
2466 2524 2630 2578 quam
2705 2508 2956 2576 plurimis
3031 2517 3241 2572 scatet;
3304 2523 3494 2560 verum

1912 2604 2078 2657 etiam
2111 2617 2204 2671 per
2233 2601 2562 2664 socordiam,
2601 2600 2680 2654 vel
2720 2599 2928 2654 librarii
2978 2601 3176 2666 nostri,
3210 2599 3291 2653 vel
3351 2600 3504 2655 illius

1911 2698 2004 2764 qui
2067 2694 2387 2748 Vaticanum
2439 2693 2716 2762 exemplar
2743 2693 2983 2753 curavit,
3037 2691 3499 2762 frequentissimi:

1914 2788 2089 2840 obsita
2146 2797 2230 2840 est
2271 2787 2586 2854 scriptionis
2649 2786 2882 2850 mendis,
2940 2788 3118 2856 iisque
3183 2803 3328 2857 saepe
3387 2797 3495 2843 tatu

1913 2877 2157 2939 absonis,
2191 2887 2250 2930 ut
2279 2892 2501 2930 sensum
2535 2876 2830 2930 dillieulter
2871 2893 3086 2945 possem
3133 2879 3499 2947 conjectando

1914 2970 2160 3038 assequi,
2215 2970 2358 3022 unde
2390 2969 2738 3036 interpretari
2793 2971 3031 3038 cupienti
3060 2985 3166 3021 non
3203 2972 3335 3025 levis
3365 2987 3497 3025 saut-

1915 3064 2164 3116 molestia
2191 3071 2246 3116 et
2280 3077 2430 3116 mora
2467 3062 2676 3114 diutina
2714 3061 2910 3130 injecta
2945 3075 3043 3116 est.
3089 3061 3154 3115 Ut
3191 3074 3370 3116 autem
3433 3079 3499 3115 eo

1915 3167 2159 3225 tempore
2198 3157 2432 3209 tnultum
2475 3171 2504 3209 a
2561 3159 2728 3210 veteri
2759 3156 3057 3210 ercismo
3087 3158 3361 3210 deiecerat
3393 3157 3500 3212 Ro-

1862 3298 1874 3314 ,
1915 3265 2097 3311 mana,
2146 3264 2309 3318 quam
2350 3249 2637 3313 vocabant,
2673 3248 2725 3301 id
2773 3259 2853 3302 est
2904 3247 3495 3318 Constantinopolitani

1910 3343 2091 3412 pepuli
2163 3344 2384 3410 lingua;
2428 3342 2499 3395 ita
2532 3351 2586 3396 et
2625 3345 2995 3412 grammatica:
3033 3343 3171 3397 ratio
3218 3346 3369 3398 valde
3401 3362 3497 3413 ap.

1909 3446 2064 3502 paret
2108 3435 2334 3488 alterata
2384 3437 2434 3487 in
2468 3452 2572 3489 ms.
2631 3434 2910 3496 Vaticano,
2942 3439 2993 3487 in
3027 3453 3136 3503 quo
3169 3447 3493 3494 constanter

1909 3526 2090 3593 legere
2119 3533 2223 3590 est,
2255 3527 2591 3594 Δευσχήμων
2617 3537 2670 3580 et
2720 3528 3118 3596 Δευσχημονέω
3145 3543 3240 3595 pro
3268 3531 3492 3601 Λευχείσ

1913 3633 2027 3684 μων
2066 3624 2119 3667 cl
2145 3616 2546 3684 Λευχειμονέω,
2575 3617 2968 3684 Δαιμονιοῦντσ.
2999 3633 3095 3686 pro
3120 3619 3490 3686 Δαιμονώντα,

1922 3707 2316 3777 ’Δκροούμενος
2342 3722 2440 3775 PI‘O
2489 3706 2879 3777 'Axpodipevog,
2915 3713 3284 3764 contrahendo
3317 3730 3381 3762 ao
3439 3714 3490 3765 iu

1908 3819 1992 3864 ou,
2024 3801 2165 3868 quod
2192 3810 2244 3854 ct
2274 3803 2409 3854 alias
2437 3817 2612 3867 smpc;
2660 3817 2784 3853 cum
2822 3802 3082 3856 deberent
3121 3807 3332 3859 vocales
3381 3807 3496 3859 ista:

1911 3894 2161 3947 c0utrahi
2207 3894 2257 3946 in
2283 3912 2348 3946 ω.
2389 3893 2566 3946 Simili
2595 3897 2757 3946 modo
2808 3894 2861 3946 in
2899 3898 3056 3948 tertia
3093 3913 3324 3965 persona
3359 3910 3495 3952 tem—

1911 3991 2061 4056 poris
2095 3987 2392 4054 imperfecti
2426 4004 2482 4038 εε
2522 3989 2870 4042 contrahitur
2923 3989 3036 4042 fere
3083 4007 3296 4060 semper
3357 3996 3408 4046 in
3461 4011 3498 4064 η

1911 4095 2010 4148 pro
2045 4097 2093 4131 ει
2123 4095 2206 4147 ,ι
2262 4097 2316 4148 g.
2383 4080 2590 4150 'Emiq,
2635 4081 2868 4150 Ἀπήχη,
2933 4084 3256 4154 ῚΙδολέσχη,
3305 4086 3498 4140 Ἀπεν-

1909 4172 2171 4241 χσιρίσθη,
2203 4188 2299 4240 pro
2341 4171 2568 4234 Ἐποίει,
2637 4174 2884 4243 ’Λπήχειο
2930 4176 3259 4246 Ἰίδολέσχει,
3305 4180 3495 4232 Ἀπευο

1912 4267 2180 4336 χαρίστει,
2234 4266 2315 4320 sic
2348 4277 2400 4320 ct
2434 4284 2491 4317 εο
2526 4267 2758 4320 subinde
2814 4271 3159 4322 contrahitur
3201 4273 3398 4326 ibidem
3443 4276 3496 4327 in

1909 4376 1946 4426 η
2006 4373 2104 4427 pro
2167 4375 2264 4421 ou;
2304 4362 2378 4412 uti
2452 4360 2683 4426 ’Πγνόην
2749 4377 2845 4430 pro
2893 4362 3170 4428 ‘ilyvo'ouv.
3221 4362 3498 4432 Frequen-

1914 4452 2122 4503 ttssime
2161 4467 2287 4503 vero
2316 4454 2552 4504 secunda
2590 4467 2819 4520 persona
2848 4459 3131 4522 praesentis
3175 4457 3375 4523 passivi
3418 4462 3497 4512 vel

1913 4541 2076 4593 medii
2105 4542 2430 4594 terminatur
2473 4543 2524 4594 in
2549 4559 2669 4595 εσαι
2697 4543 2818 4596 loco
2843 4562 2874 4615 ῃ
2911 4564 2922 4598 :
2956 4546 3137 4612 qualia
3183 4548 3295 4602 haec
3325 4549 3495 4617 ἁναγο

211 4649 381 4704 ptum
439 4638 595 4689 nobis
651 4652 681 4689 e
758 4635 1085 4688 bibliotheca
1136 4633 1386 4686 Vaticana
1419 4636 1519 4687 sub
1555 4645 1678 4687 uota
1712 4651 1806 4686 nu-

1916 4633 2166 4697 xd§eaat,
2221 4636 2607 4688 ἀντιτάσσεται
2643 4647 2698 4689 ct
2721 4638 2846 4702 alia,
2887 4655 2984 4704 pro
3018 4640 3498 4710 ἀναγκάζῃ,ἁντι-

209 4728 363 4781 meri
437 4729 567 4781 1574
615 4743 738 4781 cum
809 4729 910 4781 hoc
962 4727 1142 4785 titulo,
1169 4725 1288 4785 Βίος
1324 4727 1416 4776 καὶ
1451 4726 1692 4777 πολιτεία
1717 4729 1809 4779 τοῦ

213 4820 516 4888 μακαρίου
561 4820 802 4888 Ἀνδρέου
839 4819 929 4870 τοῦ
970 4819 1165 4882 Σαὶίιῦ,
1194 4821 1286 4872 τοῦ
1323 4822 1401 4880 cl;
1429 4821 1489 4871 τὸ
1520 4820 1811 4883 Βυζάντιον

207 4913 313 4978 τῆς
357 4911 733 4978 Θεοφυ).ἀκτου
777 4908 982 4968 πόλεως
1037 4913 1358 4976 ποιήσαντος
1407 4912 1596 4962 ἑαυτὴν
1636 4928 1812 4980 παρα-

551 4996 667 5052 Vita
719 5007 766 5050 et
813 5001 1133 5052 Conversatio
1193 4998 1256 5051 Β.
1320 5001 1542 5052 Ληαιτιυ
1587 5001 1700 5052 Soli
1723 5000 1813 5067 qui

206 5091 512 5162 Byzauzii,
548 5091 674 5144 urbe
708 5093 880 5143 diurno
913 5092 1159 5158 prttsidio
1209 5101 1341 5150 tutu,
1380 5109 1546 5160 sepse
1593 5095 1811 5147 stultum

211 5184 528 5235 simulavit.
549 5184 791 5235 Alterum
823 5199 850 5236 e
882 5180 1216 5234 Biuliotheca
1250 5181 1667 5237 eminentissimi
1701 5201 1815 5237 car-

213 5275 438 5326 tlutatis'
461 5275 716 5327 Mazarini
747 5272 1113 5328 commodavit
1151 5273 1325 5333 nobis,
1391 5276 1652 5342 tantisper
1688 5292 1811 5328 cum

216 5384 328 5418 tus.
372 5369 573 5419 nostro
618 5367 1009 5420 conferendum
1037 5371 1090 5415 et
1131 5365 1360 5415 alterunt
1404 5383 1464 5416 ex
1497 5373 1664 5418 altero
1689 5384 1815 5420 cor-

215 5460 1038 5532 rigendumsupplendumque,
1100 5462 1163 5516 li.
1227 5460 1548 5514 P.Jacobus
1609 5459 1812 5524 Quem,

211 5554 327 5602 sub
376 5551 486 5604 hoc
528 5553 682 5604 titulo
725 5569 736 5582 '
779 5554 897 5616 Bia;
968 5556 1060 5608 καὶ
1109 5553 1352 5605 πολιτεία
1391 5553 1482 5604 τοῦ
1541 5555 1812 5620 μακαρίου

209 5002 483 5052 πταίοντι.

213 5640 486 5711 Ἀνδρέα,
518 5642 612 5694 τοῦ
672 5644 758 5696 διὰ
789 5648 1018 5716 Χριστὸν
1061 5644 1253 5704 Σαλοῦ,
1291 5648 1626 5712 conpleat;
1660 5645 1805 5713 παρ’

213 5733 575 5804 δικηφόρου,
637 5738 824 5806 ἱερέως
855 5722 949 5807 cli];
977 5738 1068 5788 τοῦ
1099 5738 1231 5788 Θεοῦ
1288 5738 1592 5806 ἁγιωτάτης
1647 5739 1813 5804 μεγά-

217 5825 318 5894 λης
383 5828 736 5897 Ἐκκλητίας.
803 5829 919 5884 Vita
963 5844 1010 5884 ct
1063 5845 1383 5885 conversatio
1444 5831 1508 5884 Β.
1564 5833 1807 5893 Andream,

215 5923 310 5985 qui
358 5933 577 5988 propter
617 5924 882 5980 Christum
914 5928 1102 5980 stu/tus
1138 5930 1230 5992 (ut!
1264 5932 1554 5988 muscriptu
1593 5947 1620 5979 α
1654 5926 1812 5979 λἰεεο

1914 4729 2108 4795 tamen.
2143 4725 2260 4780 Non
2305 4729 2484 4782 minus
2523 4729 2831 4798 frequentes
2857 4749 2902 4782 ω
2938 4734 2989 4783 in
3034 4748 3063 4783 ο
3099 4735 3342 4797 vertitur,
3372 4735 3498 4786 dum

1914 4830 2231 4879 constanter
2255 4822 2451 4887 legitur
2475 4821 2634 4872 Γονξα
2689 4831 2741 4875 ct
2780 4822 3117 4889 'livou'Capat
3170 4839 3267 4892 pro
3326 4825 3501 4877 Γωνία

1914 4922 1966 4963 et
2044 4911 2418 4980 Ἐνωτίζομαι.
2489 4912 2751 4965 Similiter
2836 4913 3173 4982 Ἐμπέκτης,
3227 4916 3497 4979 Ἐξὲσιος,

1928 5002 2298 5070 Ἐσδητὴριον,
2357 5021 2453 5069 pro
2529 4999 2918 5076 'Epnaixtqg,
2969 5006 3254 5072 Ἑξαίσιος,
3294 5008 3500 5075 Ait:ng-

1913 5095 2124 5159 τῄριον,
2179 5107 2232 5146 et
2284 5095 2388 5146 alia
2445 5095 2713 5160 ejusmodi
2757 5105 2962 5149 mutata
3026 5114 3081 5147 rc
3114 5098 3168 5150 in
3202 5115 3249 5149 ε.
3281 5099 3498 5154 Similes

1915 5186 2114 5252 passim
2140 5186 2370 5236 aliarum
2414 5186 2717 5239 litterarum
2749 5190 3111 5251 mutationes,
3164 5191 3500 5257 additiones,

1916 5277 2372 5343 transpositioues
2408 5279 2588 5330 videre
2616 5290 2754 5332 erat.

1990 5372 2076 5425 10.
2105 5371 2310 5424 llorum
2346 5374 2601 5441 pleraque
2630 5391 2694 5429 ne
2730 5388 2988 5444 perpetuo
3024 5376 3137 5432 fere
3162 5379 3499 5434 offendicula

1915 5476 2102 5527 essent
2160 5463 2398 5526 Leetori,
2435 5467 2503 5518 ad
2573 5470 2884 5522 communis
2915 5472 3289 5536 grauuuatica:
3351 5473 3497 5526 (it-te-

1915 5573 2099 5624 caeque
2147 5560 2548 5626 orthograpbim
2605 5561 2835 5613 formam
2893 5565 3116 5628 reduxi,
3175 5581 3299 5619 raro
3361 5568 3498 5621 alias

1917 5652 2110 5702 usitata
2171 5651 2221 5701 in
2252 5653 2353 5702 hoc
2415 5667 2576 5719 Opere
2622 5651 3083 5721 licentia.'Neque
3129 5658 3231 5711 hoc
3259 5668 3490 5723 tantum,

1914 5741 2008 5793 sed
2074 5742 2213 5794 facta
2269 5745 2554 5812 utriusque
2613 5762 2714 5798 ms.
2775 5748 2839 5798 ad
2893 5747 3120 5801 invicem
3182 5752 3494 5816 collatione,

1916 5837 2080 5886 multa
2112 5837 2160 5887 in
2198 5852 2298 5890 ms.
2346 5836 2607 5892 Vaticano
2645 5842 2877 5892 obsruva
2923 5858 2986 5895 ex
3036 5843 3403 5897 Mazatiniano
3434 5847 3495 5895 il-

1915 5927 2160 5992 lustraii,
2228 5945 2324 5985 nec
2385 5947 2587 6000 paucos
2620 5935 2671 5987 in
2707 5934 2794 5987 illo
2831 5937 3162 5993 omissurum
3199 5940 3484 5994 verborum
