4024 6442
264 378 369 443 657
1388 468 1392 472 ι
1431 397 1603 459 l’lTA
1647 405 1707 460 δ.
1748 404 1834 462 an

1939 409 2075 468 ιΕΑξ
2117 413 2309 475 SALI.
3404 412 3507 476 658

266 502 416 565 φίλος
451 503 637 567 αὐτοῦ,
702 506 881 561 πάντα
940 526 1020 563 σοι
1062 512 1371 579 ἀναγγελεῖ,
1403 514 1475 578 ὡς
1513 518 1603 569 καὶ
1639 517 1704 569 τὰ
1727 518 1834 571 τῶν

1939 536 2114 581 servet
2151 543 2314 599 opera
2365 532 2503 601 ejus,
2555 529 2857 603 ingressum
2890 540 2943 588 et
2987 548 3262 603 egressum
3297 535 3318 586 l
3365 536 3508 603 quod

265 594 581 707 ἀλλοτρίων.
609 594 796 652 Ταῦτα
845 602 938 655 τοῦ
975 606 1312 675 φουσκαρίου
1363 611 1656 680 φήσαντος,
1684 610 1832 664 ἕπει-

1939 623 1984 672 sl
2017 622 2228 678 amicus
2251 624 2369 692 ejus
2399 641 2482 689 es,
2530 627 2710 681 omnia
2740 627 2834 683 libi
2878 627 3155 689 revelabit,
3192 626 3351 681 ctiam
3373 627 3505 680 alio-

264 704 360 740 σεν
397 689 594 751 αὐτοὺς
618 690 791 756 οὕτως
823 694 990 763 ἔχειν.

1939 722 2055 765 rum
2076 722 2245 781 gesta.
2277 717 2455 786 Atque
2478 717 2578 772 bac
2594 718 2842 773 oratione
2862 717 3131 788 persuasit
3169 718 3510 771 audientibus

452 875 507 893 ..ς
640 883 666 893 ..
706 881 745 893 _.
838 882 863 893 ,
947 885 959 893 _
1093 884 1121 893 __
1935 816 2130 868 οδυβο.
2166 805 2239 858 ita
2275 821 2334 860 se
2365 822 2477 860 rem
2514 808 2737 862 habere.

264 968 280 981 .
334 875 432 981 36':
452 875 539 981 'sz
569 883 667 951 μιᾷ
794 882 904 936 τῶν
937 884 1158 955 ἡμερῶν
1185 889 1527 957 διερχόμενος
1550 890 1833 960 Μακάριος

2003 894 2089 949 34.
2134 894 2426 953 Transicns
2468 899 2702 969 quodam
2742 900 2830 955 die
2868 901 3110 958 Andreas
3158 916 3253 969 per
3310 898 3509 962 forum,

260 970 321 1020 ἰν
350 970 461 1033 τοῖς
484 970 863 1040 ἀρτοπωλίοις,
894 980 1140 1049 συναργᾷ
1159 980 1305 1047 τρισὶ
1330 980 1629 1045 νεανίσκοις
1652 984 1834 1049 ξανθο-

1939 988 2029 1042 ubi
2063 1002 2227 1055 panes
2250 998 2505 1055 veneunt,
2534 991 2724 1046 obvios
2758 991 3077 1046 liabuittres
3114 993 3510 1054 adolescentes,

260 1061 477 1153 κόμοις,
509 1064 734 1133 ὡραίοις
798 1068 892 1121 καὶ
930 1068 1076 1139 ψυχῇ
1105 1070 1199 1122 καὶ
1235 1070 1447 1141 σώματι
1476 1089 1491 1105 ο
1548 1071 1696 1142 εἶχον
1725 1077 1834 1146 γάρ

1939 1080 2150 1149 capillis
2208 1080 2362 1136 ﬂavis
2422 1082 2680 1152 insignes,
2711 1093 2819 1136 tam
2847 1084 3027 1137 anima
3085 1098 3246 1153 quam
3286 1097 3513 1148 corpore

258 1152 475 1253 άῖαθὴΪ
526 1155 791 1253 ἐργασίαν
829 1160 877 1211 oi
943 1161 1251 1227 μείρακες,
1301 1162 1397 1214 τοῦ
1455 1164 1834 1235 πρεσϐυτέρου

1939 1173 2165 1227 decoros
2202 1188 2217 1227 :
2251 1174 2410 1228 bonis
2471 1175 2670 1245 quippe
2711 1174 2967 1244 operibus
3014 1152 3369 1229 assueverant
3412 1173 3514 1227 sub

256 1240 588 1310 ὸδηγοῦντος
618 1245 816 1309 αὐτοὺς
845 1249 925 1310 είς
984 1249 1165 1305 πᾶσαν
1218 1250 1316 1321 τὴν
1346 1251 1440 1304 τοῦ
1478 1252 1616 1306 Θεοῦ
1645 1256 1834 1326 εὐαρέ-

1939 1266 2185 1320 instituto
2231 1266 2414 1333 unius,
2476 1267 2569 1336 qui
2624 1240 2763 1320 erat-
2793 1267 3146 1336 provectioris
3200 1266 3411 1329 aetatis,
3448 1266 3513 1317 ad

260 1346 475 1401 στησιν.
497 1335 585 1398 Ὠς
610 1335 667 1388 δέ
700 1340 1041 1407 συνήντησαν
1060 1340 1139 1407 τῷ
1174 1340 1357 1413 '(lcitp,
1392 1344 1531 1409 ἔγνω
1559 1346 1588 1396 ό
1625 1348 1840 1417 πρῶτος

265 1424 382 1476 τῶν
407 1426 623 1493 σεμνῶν
656 1429 865 1482 παίδων
896 1431 1121 1484 ἐκείνων
1156 1435 1221 1487 τά
1245 1434 1375 1504 περὶ
1404 1432 1496 1488 τοῦ
1522 1438 1837 1506 Μακαρίου,

258 1515 363 1567 καὶ
394 1515 541 1583 λέγει
574 1520 684 1582 τοῖς
740 1520 950 1590 ἑτέροις
975 1538 990 1552 ο
1025 1524 1359 1579 Πιστεύσατέ
1393 1544 1506 1595 μοι,
1546 1530 1839 1600 ἀγαπητοῖ,

258 1606 479 1661 ὑπονοῶ
506 1610 597 1664 τὸν
625 1612 786 1665 σσλὸν
805 1615 1011 1668 ἐκεῖνον
1043 1616 1227 1670 δοῦλον
1252 1617 1347 1670 τοῦ
1376 1618 1513 1673 Θεοῦ
1544 1621 1837 1691 ὑπάρχειν.

263 1700 413 1768 Ἔφη
442 1703 471 1753 ό
500 1701 686 1771 ἕτερος
711 1719 726 1734 ’

256 1790 431 1844 αὐτοῦ
469 1792 813 1863 συγκαθῆσαι
843 1796 1013 1864 ἡμᾶς.
1042 1796 1211 1864 Λέγει
1240 1800 1269 1853 ὁ
1299 1801 1535 1870 πρῶτος·
1555 1804 1619 1856 Εί
1644 1802 1839 1870 θέλεις,

804 1707 1113 1775 Παρακαλῶ
1144 1725 1227 1760 σοι
1272 1708 1332 1761 έν
1360 1728 1467 1765 τινι
1498 1713 1650 1782 τόπῳ
1711 1714 1846 1782 μετ’

1938 1372 2099 1411 omne
2160 1358 2250 1411 Dei
2307 1357 2446 1413 bene
2503 1358 2759 1427 placitum
2812 1358 2947 1412 alios
3002 1357 3368 1411 inl’ormantis.
3409 1356 3514 1411 Ubi

1939 1465 2068 1505 vero
2108 1450 2161 1503 lii
2197 1450 2335 1503 inter
2369 1459 2427 1504 se
2474 1459 2852 1513 occurrerunt,
2910 1451 3165 1519 eosnovit
3214 1449 3517 1516 praecipuus

1939 1544 2049 1606 ille,
2110 1542 2339 1596 aliorum
2403 1542 2703 1604 institutor,
2774 1544 3061 1611 quacirca
3122 1539 3186 1593 Β.
3241 1540 3513 1593 Andream

1942 1636 2260 1702 agebantur,
2288 1634 2535 1703 dixitque
2560 1635 2725 1689 sociis
2754 1654 2769 1688 :
2812 1632 3028 1688 Credite
3068 1632 3198 1685 mihi
3226 1669 3241 1692 .
3277 1631 3516 1685 dilectis-

1942 1726 2091 1787 simi,
2122 1727 2372 1796 suspicor
2431 1726 2655 1780 stultum
2691 1724 2907 1780 isthunc
2958 1724 3052 1778 Dei
3086 1721 3346 1777 famulum
3373 1735 3509 1776 esse.

1946 1819 2011 1873 Et
2046 1821 2181 1875 alter
2215 1838 2227 1873 :
2256 1819 2474 1886 Quaeso,
2531 1818 2727 1888 inquit,
2792 1816 3156 1873 concedamus
3188 1816 3373 1884 aliquo
3395 1829 3514 1869 ses-

254 1881 422 1935 τοῦτο
461 1885 525 1937 ἐν.
558 1889 711 1954 τάχει
758 1886 920 1939 ποιῶ.
982 1890 1089 1942 Καὶ
1146 1890 1293 1959 λέγει
1348 1892 1540 1962 αὐτῷ’
1592 1893 1834 1966 ’Δόελφέ,

1943 1913 2054 1966 suri
2083 1928 2207 1966 cum
2240 1879 2377 1981 ipso.
2413 1879 2548 1965 Tum
2602 1879 2810 1980 primus
2844 1930 2856 1963 :
2887 1907 2951 1964 Si
2986 1909 3139 1971 libet,
3192 1879 3355 1976 quam
3388 1920 3514 1960 mox

256 1977 488 2045 ἀγαπᾷς
542 1995 634 2047 με,
661 1979 822 2047 δεῦρο
858 1981 1209 2050 συγχάθησον
1249 1983 1371 2052 μεθ’
1415 1980 1595 2053 ἡμῶν,
1620 1987 1706 2040 ὅτι
1730 1988 1841 2057 ἐγὼ

256 2068 466 2133 ἁγαπὼ
494 2084 576 2131 σε,
607 2069 703 2121 καὶ⁵
750 2072 798 2121 oi
831 2072 949 2141 μετ’
976 2072 1110 2140 ἐμοῦ
1143 2072 1265 2126 λίαν
1290 2075 1549 2132 ποθοῦσίν
1579 2094 1661 2134 σε.
1692 2082 1838 2135 Ἰδὼν

253 2156 316 2208 δὲ
349 2156 482 2213 αὐτὸ
526 2159 855 2221 ἐμειδίασεν,
907 2164 1002 2217 καὶ
1052 2163 1201 2232 λέγει
1229 2166 1381 2235 αὐτῷ
1407 2168 1466 2234 ἐξ
1528 2169 1789 2240 ὀνόματος
1822 2189 1838 2205 ·

256 2249 336 2306 Σὺ
379 2242 433 2301 εἴ
472 2248 790 2317 Ἐπιφάνιος
826 2253 853 2303 ό
912 2254 1066 2321 φίλος
1106 2273 1231 2325 μου,
1278 2259 1374 2311 καὶ
1439 2259 1535 2313 σὺν
1574 2264 1653 2332 τῷ
1698 2262 1842 2334 λόγῳ

256 2342 549 2409 ἠσπάσατο
616 2346 801 2409 αὐτὸν,
859 2349 1244 2421 προδλεπτικῷ
1291 2352 1504 2423 ὄμματι
1549 2356 1611 2410 τὸ
1646 2356 1841 2422 μέλλον

258 2435 628 2505 προσημάνας
671 2438 920 2505 γίνεσθαι
948 2443 1038 2493 ἐπ’
1070 2442 1254 2498 αὐτόν’
1306 2445 1409 2514 τῆς
1432 2448 1541 2519 γὰρ
1572 2448 1839 2519 βασιλίδος

258 2527 373 2577 τῶν
410 2526 622 2579 πόλεων
667 2528 968 2585 ἐπίσκοπον
996 2534 1300 2601 γεγονέναι.
1336 2539 1839 2609 Χειροκρατοῦντες

260 2617 651 2690 δὲάμφότεροι
710 2626 870 2693 χεῖρα
926 2626 1063 2693 πρὸς
1098 2629 1277 2695 χεῖρα,
1310 2623 1475 2699 ἦλθον
1522 2633 1660 2702 πρὸς
1711 2634 1838 2696 τοὺς

257 2707 356 2763 δύο
386 2710 600 2774 παῖδας,
634 2715 725 2765 καὶ
752 2713 1055 2784 διηγήσατο
1084 2718 1246 2781 αὐτὸς
1278 2720 1308 2772 ό
1353 2718 1692 2791 Ἐπιφάνιος,
1721 2724 1840 2786 πῶς

259 2800 322 2864 ἐξ
364 2802 632 2871 ὀνόματος
695 2805 956 2860 ἐκάλεσεν
1010 2810 1195 2864 αὐτόν.
1262 2812 1328 2865 Ol
1393 2811 1452 2866 δὲ
1505 2814 1839 2880 ἀκούσαντες

258 2891 465 2955 ταῦτα,
492 2892 714 2946 πλείονα
746 2894 838 2946 τὸν
871 2897 1035 2949 πόθον
1080 2900 1172 2951 καὶ
1201 2900 1299 2969 τὴν
1325 2902 1509 2954 πίστιν
1543 2904 1623 2966 είς
1676 2905 1838 2959 αὑτὸν

259 2983 650 3040 ἀνατέθεικαν.
683 2987 1031 3053 Είσελθὸντες
1055 2986 1148 3044 οὖν
1177 2992 1233 3045 ἐν
1278 2995 1359 3046 ἐνὶ
1391 2994 1501 3047 τῶν
1531 2997 1838 3067 καθαροποο

257 3075 418 3138 τίων,
468 3074 753 3147 ὠνήσαντο
811 3080 975 3151 ἄρτον
1036 3084 1129 3135 καὶ
1178 3083 1321 3138 οἶνον
1379 3088 1476 3139 καὶ
1530 3088 1705 3158 ἰχθὺν,
1742 3089 1837 3143 κοιλ⁸

1944 2003 1994 2055 id
2055 2003 2306 2058 elfectum
2365 2003 2600 2066 dedero;
2655 2014 3067 2069 conversusque
3116 1999 3181 2053 ad
3212 2005 3464 2053 sanctum
3497 2015 3555 2073 ς⁴

1942 2094 2152 2156 Frater,
2178 2094 2272 2157 ait,
2316 2095 2381 2148 si
2402 2108 2488 2147 me
2523 2107 2697 2156 amas,
2724 2092 2911 2146 adesto
2937 2091 3151 2169 .hucelr
3166 2088 3385 2145 conside
3418 2102 3517 2140 no-

1945 2186 2176 2248 liiscum,
2231 2185 2379 2253 quia.
2411 2200 2512 2254 ego
2546 2193 2596 2238 te
2642 2183 2832 2251 diligo,
2879 2191 2933 2236 et
2964 2182 3013 2235 lii
3048 2180 3261 2237 sodales
3289 2179 3395 2233 mei
3435 2187 3516 2232 te-

1941 2284 2137 2335 nentur
2184 2275 2451 2330 desiderio
2501 2277 2600 2329 tui.
2626 2273 2863 2330 Intuitus
2901 2270 3218 2327 invitantem
3248 2269 3514 2334 Andreas,

1943 2368 2098 2430 risit;
2126 2383 2189 2421 ac
2220 2366 2539 2420 nominatim
2564 2365 2740 2433 ipsum
2766 2363 3101 2432 compellans
3127 2379 3142 2425 ;
3182 2357 3289 2423 Tu,
3312 2360 3513 2429 inquit,

1943 2458 2274 2528 Epiphanius
2298 2474 2380 2522 es,
2404 2458 2614 2511 amicus
2644 2470 2822 2510 meus.
2858 2455 2977 2520 Quo
3006 2454 3152 2509 dicto
3179 2453 3516 2521 amplexatus

1938 2548 2217 2619 juvenem,
2279 2549 2329 2603 id
2357 2547 2503 2617 quod
2546 2546 2784 2601 futurum
2806 2552 2923 2600 erat
2950 2542 3276 2615 pmvidens,
3312 2539 3518 2615 signin-

1942 2642 2082 2697 cavit
2141 2640 2277 2703 fore,
2332 2650 2392 2694 ut
2451 2639 2629 2702 urbis,
2679 2653 2801 2707 qua
2855 2636 2997 2690 inter
3026 2634 3161 2689 alias
3217 2633 3293 2687 uti
3330 2631 3514 2700 regina

1939 2736 2163 2799 eminet,
2192 2733 2482 2803 episcopus
2522 2739 2821 2787 crearetur.
2856 2728 2921 2782 Et
2954 2736 3200 2782 tenentes
3252 2725 3390 2781 alter
3437 2726 3514 2779 al-

1943 2826 2113 2879 terius
2146 2837 2368 2876 manum
2401 2828 2749 2876 accesserunt
2800 2817 2891 2898 adi
2929 2818 3086 2874 alios-
3127 2816 3266 2871 duos
3296 2815 3514 2869 adoles-

1939 2926 2144 2980 centes,
2189 2914 2534 2983 narravitque
2582 2910 2941 2982 Epiphanius,
3016 2908 3293 2979 quomodo
3335 2908 3537 2977 ipsum.

1940 3026 2039 3067 suo
2088 3011 2308 3064 nomine
2329 3007 2749 3077 compellasset:
2783 3020 2894 3075 quo
2940 3002 3129 3059 audito
3182 3002 3279 3067 illi,
3312 3004 3510 3056 arden~

1940 3102 2077 3156 tiore
2126 3098 2442 3154 inﬂammati
2496 3096 2767 3152 desiderio
2812 3094 3069 3158 hominis,
3139 3093 3397 3163 majorem
3457 3094 3509 3146 in

260 3167 590 3236 παρέθηκαν
617 3172 695 3233 είς
753 3162 1015 3227 istuctu:
1074 3175 1222 3228 Ἰδὼν
1249 3177 1305 3229 δὲ
1330 3178 1357 3230 ό
1384 3179 1568 3242 Ὄσιος
1595 3182 1693 3251 τὴν
1750 3184 1834 3235 πί-

1942 3192 2059 3261 ipso
2094 3190 2347 3246 ﬁduciam
2378 3188 2735 3244 collocarunt.
2761 3186 3129 3254 lugredientes
3155 3186 3338 3254 itaque
3358 3198 3506 3237 mno-

265 3266 388 3317 qttv
436 3261 639 3323 αὐτῶν,
692 3262 864 3334 ἐχάρη
892 3267 1066 3335 χαρὰν
1111 3269 1374 3339 μεγάλην,
1411 3272 1503 3323 καὶ
1526 3267 1596 3343 ἧν
1634 3274 1830 3343 datodat-

262 3351 503 3421 Θυρίζων
532 3354 608 3423 τῷ
641 3356 869 3425 στόματι
926 3358 994 3410 δι’
1026 3358 1189 3429 εὐχῆς
1232 3361 1367 3431 πρὸς
1409 3362 1503 3416 τὸν
1558 3364 1692 3418 Θεὸν
1732 3368 1831 3435 τὴν

263 3444 642 3516 προσαγωγὴν
666 3448 846 3500 αὐτῶν
876 3449 1134 3513 ἀναθείς·
1177 3448 1278 3504 εἷθ’
1321 3453 1496 3517 οὕτως
1550 3457 1658 3509 τῶν
1700 3474 1831 3527 προ-

266 3535 605 3603 τεθειμένων
654 3538 937 3608 μετέσχεν,
968 3541 1092 3603 δοῖές
1137 3542 1234 3597 καὶ
1262 3544 1373 3605 τοῖς
1423 3544 1564 3607 νέοις
1601 3547 1831 3608 οίκείαις

262 3626 474 3693 χερσίν.

338 3910 439 3958 κε’.
472 3903 829 3972 ’Δληθινὸντὺ
860 3908 1034 3978 ῥῆμα,
1062 3910 1355 3979 ἀγαπητοὶ,
1382 3912 1474 3965 καὶ
1508 3911 1714 3978 πιστὸν,
1750 3913 1833 3965 ὅτι

262 3996 328 4049 ab
358 3996 533 4066 ἥμισυ
562 3994 657 4047 τοῦ
701 3996 1047 4065 παξαματίου
1083 4000 1269 4066 ἤσθιεν
1303 4002 1431 4071 ὃλην
1456 4004 1553 4072 τὴν
1601 4005 1835 4073 ἡμέραν,

1940 3284 2143 3355 polium
2177 3280 2440 3350 coemptis
2473 3295 2633 3349 pane,
2657 3278 2784 3333 vino
2816 3292 2880 3332 ac
2903 3278 3160 3348 piscibus,
3201 3275 3507 3333 convivium

1932 3382 2216 3445 pararunt,
2277 3386 2512 3440 cumque
2572 3369 2730 3424 ﬁdem
2771 3385 2960 3423 eorum
3014 3376 3363 3436 cognosceret
3398 3369 3513 3422 An-

1932 3468 2112 3529 dreas,
2167 3463 2369 3535 ingenti
2417 3460 2672 3532 perfusus
2728 3451 2947 3530 gaudio,
2992 3461 3098 3515 leni
3137 3461 3251 3514 oris
3277 3468 3507 3508 susurro

1933 3546 2070 3612 fusis
2120 3556 2186 3610 ad
2248 3555 2416 3609 Deum
2445 3552 2717 3621 precibus,
2753 3551 3051 3615 profectum
3090 3544 3141 3598 in
3191 3546 3389 3607 virtute
3416 3546 3509 3613 ju-

1932 3664 2129 3703 venum
2206 3647 2255 3701 ei
2334 3636 2791 3700 commendavit;
2863 3635 3056 3690 deinde
3126 3635 3278 3689 cibos
3340 3650 3511 3706 appo-

1935 3736 2071 3789 sitos
2129 3734 2381 3798 sumpsit,
2422 3740 2487 3781 ac
2525 3730 2605 3779 eis
2637 3729 2801 3783 etiam
2833 3729 3073 3799 porrexit
3122 3728 3354 3798 propriis
3389 3742 3509 3783 ma-

1937 3828 2119 3881 nibus.

2003 3920 2092 3972 25.
2130 3918 2260 3973 Vera
2287 3916 2479 3984 loquor
2504 3924 2559 3969 ct
2593 3914 2697 3968 fide
2735 3912 2923 3978 digna,
2965 3908 3338 3974 dilectissimi;
3397 3923 3510 3967 toto

1938 4011 2023 4065 die
2078 4025 2184 4063 non
2246 4007 2607 4061 manducabat
2645 4005 2889 4059 Andreas
2939 4001 3173 4057 medium
3207 4000 3317 4069 (Η)
3346 4014 3512 4068 paxa-

264 4088 405 4156 ὅπερ
436 4089 531 4139 καὶ
580 4086 741 4141 τοῦτο
795 4089 1096 4158 πεποίηκεν
1154 4091 1327 4161 βραχύ
1354 4112 1406 4145 τι
1461 4098 1746 4165 μετασχὼν
1776 4098 1834 4161 ἐξ

1941 4101 2202 4165 niatium;
2266 4099 2427 4167 idque
2496 4096 2749 4155 faciebat.
2814 4093 3106 4164 pauxillum
3185 4089 3388 4160 aliquid
3437 4104 3506 4143 ex

265 4178 467 4243 αὐτῶν,
502 4179 669 4241 ἐάσας
705 4179 773 4233 τὰ
830 4180 1049 4232 πλείονα
1077 4181 1134 4232 ἐν
1160 4184 1225 4251 τῇ
1253 4184 1500 4255 τραπέζῃ
1524 4202 1539 4217 ο
1599 4189 1740 4241 οίνου
1781 4189 1834 4241 δέ

1941 4191 2204 4259 appositis
2250 4186 2609 4255 decerpendo’,
2642 4183 2915 4254 plerisque
2970 4181 3022 4235 in
3057 4193 3244 4234 mensa
3281 4175 3505 4230 relictis.

266 4271 432 4361 ἡνίκα
462 4287 544 4333 τις
568 4270 735 4322 ἐδίδου
770 4270 941 4340 αὐτῷ,
974 4274 1118 4325 πιεῖν
1146 4274 1243 4325 οὐκ
1267 4275 1511 4340 ἐφείδετο
1537 4292 1552 4308 ⁸
1588 4277 1681 4345 ἀφ’
1712 4280 1834 4332 ἐαυ-

1939 4286 2072 4339 Cum
2129 4284 2251 4351 quis
2312 4281 2362 4334 ei
2411 4280 2597 4333 vinum
2646 4275 2977 4344 porrigebat,
3014 4273 3199 4328 bibere
3224 4286 3329 4326 non
3354 4269 3511 4325 dubi-

263 4364 360 4417 τοῦ
395 4363 503 4432 γὰρ
526 4364 625 4416 οὐκ
670 4364 854 4415 ἔπινεν
883 4362 1121 4427 πώποτε,
1144 4365 1237 4417 ἐὰν
1269 4366 1342 4435 μή
1364 4384 1446 4429 τις
1486 4370 1645 4421 αὑτὸν
1662 4372 1834 4440 τούτῳ

1942 4376 2085 4429 tabat
2114 4393 2127 4428 :
2157 4376 2203 4429 si
2251 4372 2430 4427 nullus
2474 4370 2759 4440 praeberet,
2817 4382 2925 4420 non
2974 4364 3195 4419 bibebat
3244 4377 3505 4431 unquam.

266 4456 542 4510 ἐπότισεν.
578 4456 657 4508 Δι’
708 4457 837 4524 ὅλης
878 4458 935 4509 δὲ
982 4459 1078 4525 τῆς
1134 4458 1425 4528 ἐόδομάδος
1468 4460 1753 4525 πολλάκις,
1802 4466 1833 4536 ἢ

1942 4466 2055 4521 Non
2088 4480 2212 4519 raro
2242 4463 2381 4517 binis
2414 4462 2644 4516 ternisve
2670 4458 2881 4521 diebus,
2922 4470 3326 4523 nonnumquam
3372 4452 3507 4507 lteb-

266 4548 355 4600 διὰ
370 4548 463 4601 δύο
502 4548 534 4616 ἢ
566 4548 732 4618 τριῶν
759 4549 1002 4618 ἡμερῶν,
1030 4549 1175 4611 τινὸς
1194 4552 1293 4603 οὐκ
1323 4550 1561 4617 ἐγεύετο·
1591 4553 1779 4622 ἐπειδὴ
1806 4555 1833 4606 ό

1939 4555 2165 4609 domada
2194 4560 2304 4607 tota
2318 4550 2464 4605 omni
2494 4550 2614 4602 cibo
2640 4546 2945 4602 abstinebat
2979 4560 3245 4613 :cutnqtte
3278 4544 3508 4595 Satanas

270 4642 506 4702 σατανᾶς
533 4640 659 4703 τοὺς
699 4639 956 4701 πλείονας
979 4641 1279 4710 ὲσκλήρυνε
1329 4641 1425 4694 τοῦ
1462 4643 1660 4711 μηκέτι
1693 4658 1835 4713 παρ-

269 4731 415 4799 έχειν
438 4749 492 4783 τι
522 4731 693 4801 αὐτῷ,
729 4732 889 4794 αὐτὸς
923 4733 980 4783 δὲ
1011 4733 1108 4786 οὐκ
1154 4733 1296 4804 ᾔτει,
1346 4734 1441 4785 καὶ
1470 4734 1623 4787 οὐδὲν
1644 4734 1832 4802 ἐκομί-

268 4824 406 4887 ζετο.
446 4824 707 4885 Πολλάκις
756 4824 864 4893 γὰρ
927 4823 1032 4876 ὑπὸ
1091 4825 1249 4894 δίψης
1302 4826 1582 4893 ἐφλέγετο,
1638 4827 1729 4877 καὶ
1757 4827 1830 4895 μὴ

269 4912 406 4981 ἔχων
446 4911 495 4964 τί
531 4912 949 4980 εἰσπράξασθαι,
1005 4914 1275 4983 εὑρίσκων
1337 4915 1541 4981 πηλὸν,
1602 4915 1831 4967 ὑδόστα-

268 5020 359 5056 τον
415 5003 530 5068 ἐπὶ,
566 5003 663 5071 τῆς
722 5004 993 5073 λεωφόρου
1041 5006 1115 5067 ὡς
1163 5007 1269 5058 ἀπὸ
1322 5007 1479 5059 ὑετοῦ
1553 5008 1835 5073 γεγονότα,

270 5096 466 5148 κλίνων
525 5096 585 5147 τὸ
630 5097 786 5163 γόνυ,
835 5096 1070 5165 ἐνεφύσα
1108 5097 1258 5166 αὑτῷ
1310 5100 1671 5169 σταυροειδώς
1694 5098 1835 5169 τρὶς,

272 5190 364 5241 καὶ
404 5187 575 5253 οὕτως
602 5188 732 5241 αὐτὸ
759 5189 963 5254 ἔπινεν,
994 5189 1133 5243 ὥστε
1179 5190 1514 5259 θεωροῦντας
1547 5192 1671 5254 τοὺς
1696 5210 1836 5262 παρ-

271 5418 288 5424 ,
363 5366 451 5434 ιι)
484 5366 617 5418 Aliis
644 5366 1018 5436 paximatium,
1050 5368 1431 5433 paxamidt'um,
1455 5376 1507 5421 et
1537 5384 1831 5436 paxamas;

273 5436 336 5488 de
386 5453 495 5505 quo
520 5436 738 5489 Sttidas.
776 5435 865 5487 Bis
890 5448 1077 5490 coctus
1122 5438 1295 5504 panis,
1322 5440 1411 5504 qui
1454 5435 1589 5505 apud
1626 5440 1829 5491 Roma-

277 5521 391 5568 nos,
450 5520 640 5573 nempe
716 5506 1063 5574 Byzantinos,
1106 5516 1165 5557 ut
1220 5510 1331 5559 vult
1362 5508 1575 5574 Lipsius
1633 5510 1831 5561 dicitur

273 5589 545 5642 paxamas.
592 5575 750 5627 Plura
802 5577 867 5628 de
900 5578 999 5630 hac
1054 5592 1179 5630 voce
1206 5579 1476 5644 congessit
1507 5578 1826 5632 Roswcidus

276 5648 324 5694 in
358 5646 705 5699 Onomastico
741 5647 804 5698 ad
838 5647 983 5699 Vitas
1017 5646 1256 5699 Patrum.
1292 5650 1524 5700 Arduam
1580 5664 1703 5700 vero
1733 5650 1827 5698 ali-

276 5714 577 5767 stinentiam
619 5770 623 5775 ,
653 5715 821 5769 fuisse
875 5717 1019 5770 illam
1073 5716 1330 5777 Androm,
1361 5718 1536 5770 medio
1560 5718 1823 5785 quotidie,

280 5798 378 5836 non
440 5785 578 5853 plus,
613 5788 919 5855 paxamatio
953 5787 1239 5853 vescentis,
1275 5787 1473 5855 patebit
1525 5803 1586 5842 cx
1630 5789 1817 5843 llullini

1945 4646 2302 4715 plurimorum
2337 4640 2555 4703 animis,
2611 4648 2667 4691 ul
2702 4654 2769 4691 ne
2807 4635 2938 4705 quid
2977 4644 3264 4704 crogarent
3287 4635 3358 4687 illi
3395 4650 3508 4686 am-

1938 4739 2103 4806 plius,
2157 4733 2575 4789 obstinationem
2638 4730 2958 4791 induxisset,
3020 4743 3082 4781 ac
3137 4728 3251 4793 ipse
3288 4740 3502 4779 omnem

1939 4828 2153 4898 petendi
2210 4842 2395 4881 curam
2446 4823 2744 4891 abjiceret;
2800 4821 2931 4874 nihil
2970 4820 3261 4888 quidquam
3314 4818 3379 4870 ad
3409 4834 3504 4871 su.

1940 4920 2320 4975 stentationem
2357 4915 2674 4983 accipiebat.
2724 4912 2859 4966 llinc
2884 4910 3177 4978 saepissime
3207 4908 3295 4963 siti
3336 4918 3504 4963 aestu-

1945 5026 2064 5072 ans,
2093 5020 2147 5065 et
2172 5009 2299 5078 quid
2326 5006 2537 5063 consilii
2570 5014 2787 5074 caperet
2816 5005 3092 5072 ignorans,
3124 5012 3338 5068 reperto
3366 5000 3503 5053 forte

1943 5102 1994 5153 in
2023 5102 2192 5167 platea
2222 5100 2331 5152 luto
2351 5111 2487 5167 aqua
2504 5096 2680 5165 pluvia
2720 5096 2964 5157 subacto,
3006 5094 3266 5147 curvabat
3294 5106 3498 5161 genua;

1944 5208 2007 5247 ac
2042 5202 2251 5246 ternum
2275 5190 2452 5246 crucis
2474 5191 2685 5259 sign‘um
2744 5187 2999 5242 instando
3062 5186 3321 5251 formans,
3378 5185 3502 5236 inde

1942 5370 2034 5425 lib.
2068 5386 2149 5430 ιιι.
2182 5384 2331 5422 num.
2362 5368 2451 5434 Si,
2488 5365 2576 5420 ubi
2614 5365 2940 5434 singularem
3000 5362 3173 5419 Pioris
3221 5363 3496 5419 abstinen-

1940 5442 2067 5493 tiam
2103 5440 2401 5492 insinuans.
2471 5457 2488 5487 ι
2528 5437 2758 5497 Tantum
2816 5449 3005 5497 unum,
3040 5435 3234 5503 inquit,
3260 5436 3499 5501 patrima-

1940 5512 2068 5561 titnn
2102 5520 2153 5561 ct
2186 5510 2425 5576 quinque
2453 5509 2620 5559 olivas
2648 5507 2698 5557 in
2735 5505 2856 5576 cibo
2892 5504 3213 5576 accipiebat,
3258 5524 3274 5549 ι
3316 5506 3499 5571 (γυηιὶ-

1936 5581 2043 5638 dic,
2079 5588 2135 5630 ut
2183 5575 2321 5631 reor.
2384 5577 2477 5629 Hic
2526 5586 2703 5628 autem
2732 5575 2922 5627 Noster
2964 5575 3188 5628 dimidio
3216 5585 3497 5628 contentus

1935 5658 2048 5701 erat
2081 5666 2095 5703 ε
2123 5648 2254 5707 imo.
2323 5649 2396 5700 ttli
2455 5660 2575 5699 mox
2629 5646 2898 5707 subditur,
2936 5645 3157 5698 biduum
3196 5644 3498 5695 tridttutnvc

1934 5730 1987 5769 et
2046 5718 2430 5773 hebdomadam
2489 5716 2777 5783 aliquando
2827 5723 2994 5768 totam
3044 5716 3258 5782 jeptnns
3303 5716 3503 5767 transi-

1934 5790 2039 5841 liul.
