4176 6450
566 359 673 423 663

1637 368 2065 429 NICEPHORI
2114 370 2588 434 PRESBYTERI
2630 374 2742 434 ΟΡ.

3744 360 3852 453 τοι

639 477 727 531 30.
773 475 1038 534 Concessi
1077 479 1296 533 tandem
1360 482 1426 533 ad
1467 486 1760 548 quemdam
1795 483 2039 550 porticus
2067 499 2162 537 an-

2336 485 2403 540 λ’,
2437 484 2738 559 Πορευθεὶς
2786 484 2883 544 οὖν
2927 492 2987 545 ἓν
3016 493 3118 565 μιᾷ
3148 495 3323 567 γωνία
3348 496 3445 552 τοῦ
3475 485 3734 570 ὶμσόλον,
3763 509 3858 559 καὶ

568 569 780 640 gulum,
829 570 1166 640 inventoque
1198 572 1324 626 inde
1378 563 1486 627 non
1512 563 1700 643 procul
1729 576 1948 640 catello,
1981 576 2162 632 meilli

567 661 808 726 admovi,
853 677 950 732 spe
1000 663 1333 734 percipiendi
1385 664 1663 736 quidpiam
1713 665 1916 725 caloris
1951 688 1964 722 :
1998 682 2050 723 at
2075 668 2166 724 ille

573 770 662 811 me
688 755 799 826 jam
831 771 998 826 prope
1032 755 1312 812 absentem
1343 757 1596 827 intuitus,
1620 761 1862 817 surrexit
1890 777 1954 817 ac
1979 761 2161 833 fugant

574 847 886 920 capessivit.
925 847 1299 916 Quamobrem
1350 840 1416 905 ad
1454 867 1539 907 me
1580 867 1882 908 conversus
1916 854 1995 909 sic
2029 854 2158 908 aio:

573 941 785 1008 Viden’,
835 942 1024 1008 miser,
1081 949 1323 1013 quantus
1374 944 1452 1000 sis
1510 946 1799 1015 peccator?
1858 946 1960 1014 ipsi
1997 948 2162 1001 etiam

570 1048 738 1090 canes
781 1034 1098 1088 societatem
1141 1043 1289 1088 tuam
1335 1033 1633 1105 refugiunt,
1671 1051 1770 1092 nec
1813 1036 1888 1099 te,
1947 1033 2165 1089 tametsi

556 1125 657 1182 'sui
694 1125 950 1189 similem,
981 1127 1038 1180 in
1061 1142 1224 1182 suum
1263 1127 1532 1194 recipiunt
1563 1138 1876 1182 numerum.
1903 1125 2164 1182 Homines

572 1231 625 1275 te
661 1230 766 1274 non
801 1233 964 1275 secus
1018 1228 1180 1290 atque
1211 1220 1596 1273 cacodazmona
1650 1230 1999 1282 aversantur,
2030 1217 2163 1273 abo-

574 1309 856 1364 minantur
904 1320 1090 1375 canes,
1127 1309 1497 1364 exterminant
1549 1320 1849 1379 pauperes;
1894 1308 2024 1379 quid
2048 1320 2166 1362 tau-

573 1401 694 1454 dem
731 1398 900 1470 agas!
925 1400 1181 1467 moreris,
1220 1400 1436 1464 insane,
1475 1401 1745 1462 moreris.
1805 1401 1953 1455 nulla
2009 1417 2165 1456 nam-

573 1506 683 1562 que
705 1491 793 1546 hic
825 1490 1019 1546 salutis
1037 1489 1133 1546 tibi
1167 1507 1294 1562 spes
1332 1492 1574 1561 aﬂulget.
1607 1490 1819 1559 Quibus
1863 1507 1988 1547 cum
2021 1506 2164 1548 mm-

576 1599 702 1640 rore
753 1583 1006 1654 prolatis,
1055 1594 1204 1639 tanta
1271 1599 1358 1638 tne
1415 1583 1617 1640 invasit
1671 1585 1946 1656 angustia,
2013 1595 2163 1641 tanta

574 1675 903 1732 constrinxit
939 1675 1161 1748 frigoris
1192 1677 1484 1741 acerbitas,
1515 1685 1700 1732 tantus
1734 1677 2023 1744 occupavit
2059 1689 2166 1734 tre-

573 1786 716 1834 ntor,
743 1779 803 1825 ttt
827 1770 1081 1842 lacrytuis
1114 1786 1221 1825 uon
1257 1779 1654 1842 temperarem,
1706 1773 2015 1843 mentisque
2047 1783 2166 1828 tan-

573 1862 855 1941 tummodo
883 1861 1056 1918 aciem
1083 1863 1150 1918 ad
1187 1861 1355 1918 Deum
1389 1864 1597 1930 levans,
1645 1864 1947 1935 rigentibus
1993 1880 2163 1919 mem-

577 1956 692 2011 bris
735 1955 1013 2023 omnibus,
1059 1955 1430 2011 existimarem
1486 1957 1739 2026 spiritum
1791 1956 2020 2028 jatnjam
2075 1973 2162 2014 me

576 2049 916 2105 redditurum
957 2065 972 2104 :
1011 2065 1136 2105 cum
1207 2051 1395 2104 subito
1443 2050 1775 2105 incalescere
1811 2051 1975 2119 cmpi,
2007 2066 2164 2122 aper-

574 2141 754 2212 tisque
775 2142 950 2199 oculis
969 2136 1190 2198 intueor
1205 2144 1605 2199 adolescentem
1625 2159 1888 2215 perquam
1902 2143 2160 2200 decorum

571 2237 730 2306 cujus
758 2235 927 2291 facies
957 2253 1065 2291 non
1086 2236 1313 2293 cedebat
1335 2238 1465 2293 solis
1489 2238 1766 2305 splendori
1792 2256 1808 2306 ;
1842 2237 2165 2310 praeferebat

573 2346 741 2386 manu
803 2347 1017 2386 ramum
1047 2345 1296 2396 aureum,
1321 2332 1464 2388 rosis
1495 2331 1733 2403 iiliisque
1767 2333 2026 2399 roscidis,
2050 2348 2161 2388 non

573 2427 764 2495 quales
794 2425 884 2480 hic
905 2424 1144 2481 mundus
1171 2425 1374 2496 prolert
1411 2425 1660 2497 (minime
1681 2425 1854 2495 vero),
1900 2427 1993 2480 sed
2025 2426 2163 2481 alte-

576 2524 690 2574 rius
718 2520 876 2590 plane
904 2529 1017 2573 tum
1042 2527 1253 2574 natura:
1287 2529 1400 2573 tum
1436 2519 1646 2586 formae,
1705 2518 2159 2590 circumplexum.

573 2612 791 2669 Tenens
840 2611 1026 2684 itaque
1068 2611 1538 2682 speciosissimum
1598 2610 1753 2666 illum
1812 2628 2048 2677 ramum,
2106 2621 2162 2666 et

573 2709 803 2762 intuitus
858 2723 985 2762 me:
1054 2708 1196 2774 Quo,
1247 2706 1449 2777 inquit,
1506 2709 1559 2760 in
1609 2707 1730 2761 loco
1791 2721 1872 2770 es,
1913 2705 2166 2760 Audrea?

575 2801 905 2871 liespondeo
963 2798 1206 2870 egozln
1255 2798 1494 2854 tenebris
1550 2809 1604 2853 et
1669 2799 1863 2854 umbra
1947 2799 2160 2855 mortis.

577 2894 790 2949 liursus
853 2891 1125 2957 ille:Qni
1180 2892 1295 2947 sic?
1349 2891 1624 2960 simulque
1693 2889 1947 2959 llorigerp
2009 2904 2164 2945 ramo

576 2987 768 3042 facient
820 2998 995 3040 meam
1045 2985 1302 3056 percutit,
1354 2984 1440 3040 itis
1462 2983 1647 3038 verbis
1698 2974 1943 3038 additis:
1982 2980 2160 3038 Vitam

583 3081 809 3150 recipiat
858 3079 1229 3149 insuperabile
1257 3077 1485 3149 posthac
1535 3092 1738 3144 corpus
1771 3087 1950 3131 tutnn.
1985 3075 2051 3131 Et
2080 3091 2164 3131 re-

2191 1826 2240 1886 B

2275 577 2455 647 εὕρὼν
2491 581 2774 651 κυνάριον,
2807 583 3037 655 πλησίον
3078 587 3518 660 αύτούὲμαυτδν
3572 593 3856 660 ἀνικλινα,

2269 667 2588 735 προσδοκῶν
2619 671 2831 745 Θέρμης
2856 676 3006 739 τινὸς
3039 677 3348 735 ἀπολαῦσαι
3378 683 3438 750 ιε
3470 683 3673 738 αὐτοῦ’
3705 687 3854 741 ἐκεῖ·

2268 777 2328 812 νο
2356 759 2412 814 δὲ
2460 761 2588 817 ίδὼν
2643 782 2712 834 με
2761 766 2995 838 πλησίον
3055 771 3226 825 αὑτοῦ
3271 774 3516 841 ἀναστὰς
3554 776 3854 848 ὑπεχώρει.

2268 851 2429 920 Λέγω
2469 849 2565 906 οὖν
2631 855 2857 929 ἐμαυτῷ
2888 876 2905 892 ο
2948 854 3301 934 Ταλαίπωρε,
3393 859 3529 938 δρᾷς
3586 869 3750 922 πόσον
3804 867 3856 923 εἰ

2265 943 2620 1016 ἁμαρτωλὸς,
2662 949 2757 1002 ’δτι
2799 949 2896 1004 καὶ
2936 951 2988 1005 ot
3039 952 3204 1016 κύνες
3250 950 3702 1025 δραπετεύουσιν,
3757 958 3853 1011 καὶ

2266 1033 2393 1090 οὔτε
2454 1037 2560 1092 κᾶν
2598 1039 2675 1105 ὡς
2720 1041 2911 1113 ὅμοιον
2953 1043 3134 1099 αὐτῶν
3184 1042 3323 1099 κύνα
3350 1062 3444 1100 σου
3481 1049 3766 1119 δέχονταις
3797 1051 3880 1102 οῖ’

2265 1130 2649 1202 ἀνθρωποιὼς
2694 1135 2930 1205 πονηρὸν
2998 1133 3232 1209 δαίμονα
3283 1138 3740 1210 ἀποστρέφονται,
3795 1143 3846 1194 σί

2267 1224 2430 1288 κύνες
2495 1225 2901 1294 μυσάττονται,
2972 1230 3024 1281 οἱ
3057 1228 3417 1301 ⁸συμιιιτὲνητιις
3487 1229 3844 1284 ἐλαύνουσινο

2266 1317 2456 1373 λοιπὸν
2481 1322 2536 1373 τί
2559 1319 2706 1391 ἔχεις
2741 1322 3192 1394 είσπράξασθαις
3225 1323 3840 1395 ἀποθνήσκεις,ἀσωτε,

2265 1412 2661 1483 ἀποθνήσκεις,
2706 1409 2811 1468 ὦδε
2848 1415 2961 1486 γὰρ
2994 1417 3243 1487 σωτηρία
3296 1433 3380 1470 σοι
3420 1416 3523 1471 οὒκ
3551 1415 3721 1472 εστιν.
3755 1416 3848 1480 Ὠς

2267 1502 2522 1558 δὲταῦτα
2550 1508 2608 1560 ἑν
2634 1497 2795 1579 ὀδύνῂ
2849 1506 3041 1577 ελεγον
3081 1504 3213 1580 ἦλθέ
3245 1526 3335 1580 μοι
3365 1506 3683 1574 κατάνυξις,
3747 1507 3848 1561 καὶ

2268 1600 2635 1669 σφιγγόμενος
2703 1590 2812 1654 ύπδ
2861 1601 2956 1655 τοῦ
3013 1600 3218 1672 κρύους
3273 1604 3370 1656 καὶ
3418 1599 3516 1655 τοῦ
3580 1598 3841 1672 μεγίστου

2265 1693 2469 1763 τρόμον
2497 1694 2708 1749 ἑκείνου
2737 1689 2973 1760 ἔκλαιον,
3009 1699 3121 1760 τοῖς
3150 1699 3357 1766 νοεροϊς
3399 1693 3671 1766 μόνον,είς
3699 1695 3841 1748 Θεὸν

2266 1779 2601 1839 ἀποσκοπῶν
2645 1776 2861 1857 δμμασι
2893 1804 2907 1820 ο
2942 1783 3371 1860 ψυχρανθέντων
3403 1787 3461 1840 δὲ
3491 1787 3710 1840 πάντων
3733 1801 3838 1855 μου

2270 1876 2381 1931 τῶν
2408 1878 2611 1946 μελῶν,
2661 1874 2910 1949 ινδμιζον
2955 1873 3267 1951 παραυτίκα
3315 1877 3565 1934 ικπνέειν
3618 1895 3710 1949 με.
3753 1877 3854 1931 Δί-

2271 1986 2410 2041 φνης
2449 1967 2542 2024 οὖν
2606 1965 2856 2042 ᾖσθόμήν
2891 1962 3102 2043 θιρμης
3144 1973 3312 2035 τινὸς,
3335 1971 3430 2025 καὶ
3470 1960 3690 2037 ἀνοίξας
3717 1969 3847 2035 τοὺς

2270 2060 2586 2132 ὀφθαλμούς
2643 2078 2772 2130 μου,
2826 2058 2942 2134 δρῶ
2986 2063 3212 2117 νεανίαν
3232 2060 3351 2116 τινὰ
3381 2051 3586 2133 ὡραῖον
3613 2054 3844 2131 σφόδρα,

2269 2152 2586 2223 ἀστράπτον
2610 2153 2672 2206 τδ
2724 2153 3016 2222 πρόσωπον
3064 2144 3231 2207 adeo?»
3269 2143 3393 2216 ὡςο
3415 2152 3587 2223 ἥλιοςο
3623 2153 3851 2220 κατεῐχα

2269 2241 2325 2296 δὲ
2350 2246 2406 2297 ἐν
2434 2245 2504 2315 τῇ
2536 2245 2682 2315 χειρὶ
2725 2242 2922 2299 κλάδον
2949 2239 3211 2316 χρυσοῦν,
3253 2239 3636 2312 πεπλεγμινον
3668 2240 3852 2314 ῥόδοις

2271 2336 2368 2391 καὶ
2398 2334 2608 2407 κρίνοις
2645 2335 2943 2405 ινδρόσοις,
3000 2336 3102 2407 οὐχ
3126 2333 3203 2399 ὡς
3258 2335 3330 2388 τὰ
3352 2331 3446 2388 τοῦ
3481 2333 3690 2403 κόσμου
3718 2322 3850 2386 τού-

2269 2447 2387 2496 του,
2425 2429 2500 2500 μὴ
2536 2427 2772 2497 γίνοιτο,
2833 2427 2972 2482 ἀλλὰ
3011 2428 3232 2481 ποικίλα
3280 2426 3404 2480 τινὰ
3453 2421 3722 2496 ἑτεροφυῆ
3750 2423 3852 2476 καὶ

2272 2519 2550 2592 ὲτερόθεα.
2595 2518 2685 2584 Ὠς
2731 2519 2828 2574 οὖν
2863 2521 2957 2574 τὸν
2985 2521 3188 2593 ὡραῖον
3217 2519 3423 2572 ικεῐνον
3457 2516 3652 2571 κλάδον
3679 2514 3851 2586 hspi-

2269 2633 2352 2669 τει
2378 2612 2579 2686 βλέψας
2604 2631 2695 2685 με,
2721 2613 2873 2682 λέγει
2909 2628 3021 2684 μοι·
3055 2612 3296 2683 ’Δνδρέα,
3331 2606 3438 2664 ποῦ
3471 2604 3655 2681 ἦσθας
3688 2609 3854 2676 Λέγω

2271 2705 2442 2778 αὐτῷ,
2487 2705 2579 2759 Ἐν
2607 2706 2907 2767 σκοτεινοῖς
2940 2701 3034 2757 καὶ
3064 2703 3192 2774 σκιᾷ
3213 2701 3469 2756 θανάτου.
3506 2699 3567 2752 '0
3592 2697 3651 2751 δι
3696 2693 3853 2764 λέγει

2273 2790 2364 2875 μοι
2391 2817 2405 2832 ο
2441 2798 2597 2865 Πῶς;
2629 2798 2726 2852 καὶ
2773 2795 2992 2849 δίδωσίν
3049 2812 3139 2865 μοι
3169 2793 3268 2850 σὺν
3297 2792 3376 2864 τῷ
3403 2791 3553 2863 λόγῳ
3575 2786 3712 2861 μετά
3733 2781 3850 2860 (l7)

2269 2895 2366 2950 τοῦ
2412 2892 2746 2963 ἀνθεσφόρου
2798 2890 2999 2944 κλάδου
3046 2888 3257 2943 ἑκείνου
3290 2889 3369 2950 είς
3412 2885 3474 2940 τὸ
3527 2885 3848 2958 πρόσωπον,

2271 2987 2366 3042 καὶ
2392 2985 2542 3053 λέγει
2596 3001 2722 3055 μοι’
2760 2983 2990 3038 Λαὸἐτω
3043 2973 3193 3052 ζωὴν
3225 2978 3550 3051 ἀκυρίευτον
3571 2975 3633 3029 τὸ
3685 2971 3852 3052 σῶμά

2274 3090 2390 3133 σου.
2422 3076 2767 3150 Παραχρῆμα
2798 3074 2858 3129 δὲ
2899 3075 2934 3146 ἡ
2986 3073 3181 3127 εὐωδία
3234 3072 3343 3126 τῶν
3369 3068 3578 3126 ἀνθέων
3618 3065 3851 3121 εκείνων

579 3187 738 3244 pcuze
779 3174 1075 3244 fragrantia
1127 3173 1359 3228 istorum
1386 3170 1603 3231 ﬂorum
1637 3171 1703 3226 ad
1736 3186 1831 3226 cor
1860 3186 2043 3225 meum
2075 3185 2163 3240 pe-

2269 3173 2350 3234 είς
2379 3169 2480 3242 τὴν
2512 3165 2745 3242 καρδίαν
2780 3184 2882 3238 μου
2907 3162 3277 3238 εἰσελήλυθεν,
3302 3163 3397 3216 καὶ
3428 3161 3619 3230 ὥσπερ
3642 3161 3849 3227 ἄστρα-

578 3267 834 3342 netravit,
887 3281 951 3321 ac
1008 3277 1104 3337 per
1158 3267 1386 3321 modum
1443 3264 1675 3334 fulguris
1729 3263 2052 3318 vitatttmilti
2085 3278 2163 3318 re-

2268 3263 2378 3333 πῆς
2406 3257 2545 3326 εἶδος
2589 3261 2692 3331 τὴν
2745 3257 2894 3329 ζωήν
2918 3275 3009 3328 μοι
3041 3253 3320 3342 ἐνέθηκεν.
3367 3253 3476 3307 Καὶ
3511 3252 3649 3324 μετὰ
3667 3248 3847 3303 ταῦτα

574 3362 770 3419 stituit.
802 3361 934 3418 Post
963 3361 1078 3416 baec
1098 3360 1263 3415 audio
1292 3374 1481 3415 vocem
1509 3361 1582 3413 ita
1635 3355 1909 3426 loquentis
1935 3371 1950 3412 :
1983 3355 2169 3409 Abdu-

574 3459 683 3512 cite
731 3456 882 3512 iliunt
935 3455 990 3510 itt
1046 3455 1225 3510 iocum
1284 3452 1594 3527 refrigerii,
1666 3451 1796 3506 dum
1883 3457 2167 3505 transeant

576 3548 945 3603 ltebdumadcs
995 3547 1137 3613 duae,
1193 3545 1387 3602 iisdem
1438 3546 1639 3616 elapsis
1670 3547 1813 3599 unde
1847 3545 1995 3600 venit
2026 3545 2168 3600 redi-

578 3653 803 3706 turum;
863 3640 988 3693 volo
1019 3653 1257 3710 namque
1288 3649 1350 3695 ut
1370 3638 1629 3694 certando
1651 3636 1890 3708 amplius
1940 3654 2000 3692 se
2029 3637 2162 3693 mihi

578 3734 791 3804 probet.
853 3729 956 3787 Vix
1007 3732 1244 3788 desierat
1304 3732 1480 3786 audiri
1538 3747 1641 3786 vox
1709 3732 1836 3798 ista,
1886 3732 2015 3786 dum
2051 3731 2164 3786 aito

573 3842 748 3895 coque
792 3825 1128 3881 suavissimo
1191 3839 1390 3882 somno
1410 3831 1695 3894 correptus
1722 3838 1869 3887 sum,
1905 3837 2005 3877 nec
2032 3822 2164 3892 quid

572 3918 836 3986 deinceps
926 3919 1132 3974 factum
1237 3915 1330 3979 sit,
1368 3913 1506 3968 satis
1563 3911 1820 3968 scio.lllo
1849 3912 2021 3976 enim,
2053 3926 2164 3982 quo

573 4009 687 4065 Deo
724 4007 980 4076 placitum
1045 4007 1146 4062 fuit
1175 4005 1314 4071 loco,
1346 4005 1587 4075 transegi
1643 4003 1979 4075 septimanas
1999 4004 2160 4068 duas,

572 4114 682 4158 non
716 4103 872 4157 aliter
927 4116 1091 4172 quant
1117 4099 1163 4154 si
1199 4111 1414 4154 noctem
1448 4098 1718 4167 integram
1760 4097 2003 4152 suaviter
2033 4096 2161 4152 dor-

572 4196 875 4251 Ittivissent.

640 4278 731 4341 δι.
777 4284 1198 4354 Depreltentlens
1222 4294 1403 4338 autem
1436 4297 1522 4337 me
1567 4283 1682 4351 ipse
1706 4279 1956 4345 jucunde
1989 4278 2158 4334 mira-

571 4379 779 4450 bilique
839 4379 894 4432 in
927 4378 1109 4442 borto,
1142 4377 1398 4448 obstupui
1434 4376 1665 4446 spiritu;
1700 4386 1755 4430 et
1783 4373 2018 4444 cogitavi
2043 4387 2158 4426 me-

569 4487 716 4537 rum,
761 4469 893 4540 quid
946 4469 998 4524 id
1033 4472 1108 4524 rel
1155 4467 1294 4524 foret
1334 4486 1347 4522 :
1383 4467 1542 4535 Novi,
1584 4467 1862 4537 inquiens,
1929 4464 2158 4520 domici-

571 4569 698 4619 lium
734 4563 865 4618 ntilti
893 4577 1076 4618 meum
1131 4559 1604 4631 Constantinopoli
1644 4563 1802 4624 esse;
1833 4559 1921 4612 ltie
1972 4567 2155 4611 autem

569 4657 700 4725 quid
731 4671 909 4726 agam,
952 4654 1112 4724 plane
1139 4651 1344 4706 nescio.
1375 4650 1512 4706 Cum
1547 4666 1675 4705 vero
1734 4647 2039 4703 admirarer
2065 4657 2156 4701 ve-

573 4751 875 4811 hementer,
930 4761 1042 4815 quo
1091 4755 1271 4814 pacto,
1299 4743 1350 4797 id
1403 4741 1534 4797 mihi
1580 4743 1878 4807 evenisset,
1911 4739 2157 4811 pendens

571 4841 759 4902 :tttitni,
815 4839 963 4894 hunc
998 4839 1052 4891 in
1085 4837 1303 4892 modum
1361 4837 1576 4890 locutus
1611 4851 1731 4890 sum
1769 4852 1782 4889 :
1814 4834 1904 4888 Nae
1932 4848 2030 4903 ego
2067 4847 2156 4888 re-

568 4946 692 4986 vera
761 4940 943 4987 mente
991 4941 1186 5001 captus
1251 4945 1415 4992 sum;
1474 4929 1617 4984 Deus
1661 4929 1804 4982 enim
1855 4927 1992 4982 bene
2024 4926 2159 4982 mibi

570 5025 868 5091 rottsuluit,
900 5025 1062 5094 eique
1083 5031 1372 5094 propterea
1407 5036 1491 5074 tne
1522 5021 1724 5092 gratias
1749 5036 1909 5089 agerc
1944 5020 2161 5074 laudes-

572 5135 674 5186 que
697 5127 913 5185 canct‘e,
968 5134 1066 5187 par
1112 5116 1254 5172 foret
1287 5115 1544 5170 :interiut
1607 5114 1692 5168 hic
1740 5112 1923 5183 segnis
1968 5112 2156 5175 sedeo,

572 5221 683 5265 tuta
714 5223 894 5266 tuente
921 5210 1185 5265 inusitato
1216 5209 1320 5263 hoc
1382 5221 1564 5262 rerum
1619 5205 1870 5275 prodigio
1901 5204 2145 5258 intentus

572 5312 625 5354 et
658 5315 868 5356 menon
905 5294 1242 5369 aliter-quam
1274 5296 1460 5352 carnis
1507 5304 1782 5365 expertem
1817 5293 2106 5347 considero
2135 5309 2150 5346 :

571 5404 674 5446 non
727 5393 875 5447 enim
929 5393 1190 5461 putabant
1245 5404 1410 5445 carne
1442 5404 1530 5443 me
1566 5386 1843 5442 vestitum.
1880 5383 2050 5438 Porro
2075 5385 2158 5436 in-
2194 5425 2214 5444 .

571 5485 776 5538 ducbar
828 5485 1069 5539 tunicam
1118 5482 1458 5552 fulgentem,
1518 5481 1754 5542 niveam,
1816 5477 2154 5547 gemmisque
2207 5467 2223 5481 ’

572 5575 826 5637 obsitam,
896 5574 1302 5646 pulchritudine
1363 5589 1460 5628 sua
1528 5570 1718 5625 oculos
1798 5569 2153 5634 animumque

572 5682 753 5721 meum
790 5666 990 5720 mirum
1035 5666 1089 5720 itt
1118 5665 1336 5720 modum
1372 5665 1733 5720 obiectantem
1778 5680 1791 5716 :
1825 5660 1950 5714 hinc
1987 5673 2151 5712 orna-

2266 3355 2451 3411 ἀκούω
2482 3353 2666 3423 φωνῆς
2695 3351 2822 3404 τάδε
2844 3351 3134 3421 λεγούσης·
3188 3341 3534 3415 ’Δπαγάγετε
3566 3343 3731 3398 αὐτὸν
3759 3343 3848 3405 εἰς

2265 3445 2620 3517 παραμυθίαν
2643 3443 2747 3507 ἕως
2765 3439 3074 3512 ἐϐδομαδῶν
3101 3435 3216 3505 δύο,
3251 3437 3348 3492 καὶ
3371 3437 3535 3490 πάλιν
3561 3435 3846 3501 ὑποστρα-

2266 3540 2537 3609 φήσεταιὲ
2575 3535 2656 3589 ἔτι
2702 3533 2812 3606 γὰρ
2866 3533 3032 3587 αὑτὸν
3075 3531 3225 3600 λέγω
3291 3526 3678 3598 ἀγωνίζεσθαι.
3726 3521 3845 3578 Καὶ

2267 3626 2365 3680 σὺν
2393 3623 2471 3696 τῷ
2501 3623 2644 3694 λόγῳ
2670 3624 2846 3696 ἥρθην
2878 3623 2959 3706 εἰς
3015 3619 3152 3687 βαθῦ
3184 3619 3281 3676 καὶ
3328 3617 3592 3690 ἡδύτατον
3645 3615 3839 3706 ὕπνον,

2264 3718 2359 3774 καὶ
2386 3717 2439 3771 τί
2465 3734 2555 3789 μοι
2595 3717 2821 3786 γέγονεν
2868 3705 2969 3768 οὐκ
3000 3713 3170 3786 ᾔδειν.
3229 3712 3442 3780 Ὠσπερ
3483 3709 3591 3777 γὰρ
3616 3708 3682 3761 δι’
3709 3705 3842 3776 ὅλης

2262 3811 2458 3873 νυκτὸς
2489 3808 2660 3881 ἡδέως
2713 3805 3011 3873 ὑπνώσας,
3073 3802 3248 3867 οὕτως
3297 3801 3418 3865 ταῖς
3476 3799 3629 3854 δυσὶν
3689 3796 3846 3851 ἑϐδο-

2266 3901 2466 3972 μάδαις
2523 3899 2792 3970 ὑπῆρχον,
2845 3896 2976 3951 ἔνθα
3026 3897 3062 3966 ἠ
3092 3893 3189 3948 τοῦ
3245 3890 3384 3947 Θεοῦ
3422 3889 3676 3962 βούλησις
3714 3884 3844 3944 bdo

2261 3995 2477 4047 λευσεν.

2333 4278 2433 4332 λα’.
2457 4273 2679 4328 Βλέπων
2701 4269 2758 4323 δὲ
2782 4267 3112 4338 ὶμαυτδνξείς
3132 4263 3465 4338 Παράδεισον
3481 4263 3713 4336 τερπνὶν
3741 4265 3842 4320 καὶ

2262 4365 2576 4439 θαυμαστὸν
2611 4363 2756 4428 λίαν,
2788 4358 3014 4430 ὲξέστην
3060 4357 3139 4428 τῷ
3172 4358 3443 4428 πνεύματι
3468 4371 3484 4388 ο
3535 4355 3842 4425 διελογισά-

2266 4481 2373 4535 μην
2395 4460 2453 4514 δὲ
2493 4457 2546 4512 τί
2575 4456 2685 4527 ἀρα
2721 4451 2881 4508 τοῦτὸ
2907 4453 3077 4517 ἐστιν,
3113 4450 3302 4524 ᾜδιιν
3337 4451 3420 4506 ὅτι
3452 4452 3485 4521 ἡ
3517 4450 3838 4521 κατοίκησις

2268 4575 2371 4628 μου
2391 4556 2447 4606 ὲν
2480 4544 3058 4606 Κωνσταντινουπόλει
3117 4543 3453 4630 ὑπάρχειίτί
3486 4543 3546 4598 δι
3596 4542 3833 4597 ινταῦθσ

2263 4647 2405 4702 ποιῶ
2428 4645 2529 4698 οὐκ
2553 4642 2879 4710 ὶπίσταμαι.
2933 4636 3318 4707 Θαυμάζοντος
3353 4635 3410 4690 δέ
3447 4652 3550 4707 μου
3584 4636 3840 4707 paying;

2262 4741 2323 4794 τὸ
2354 4740 2611 4808 πρᾶγμα,
2641 4733 2756 4794 πῶς
2784 4730 2890 4801 ἄρα
2928 4727 3085 4781 τοῦτο
3112 4728 3333 4797 γέγονεν
3379 4729 3457 4789 εις
3481 4725 3604 4798 ipe,
3631 4726 3838 4797 ampla.

2263 4830 2490 4903 ληφθεὶς
2518 4826 2702 4882 εἷπον*
2741 4824 2846 4876 ἰδε
2866 4822 2984 4884 πῶς
3006 4823 3120 4888 εἰμι
3155 4823 3295 4893 μετά
3330 4820 3589 4892 ἀληθείας
3618 4819 3835 4891 ἐξηκοςο

2265 4923 2472 4993 ἀγαθὸν
2498 4921 2606 4991 γάρ
2645 4934 2734 4988 μοι
2761 4913 2979 4984 ἐγένετο
3001 4906 3323 4984 παρὰθεῷ,
3357 4913 3452 4967 καὶ
3479 4912 3713 4984 ὤφειλον
3744 4913 3835 4966 so-

2263 5013 2449 5082 ξάζειν
2482 5011 2645 5065 αὑτὸν
2684 5009 2775 5060 καὶ
2794 5005 3138 5074 εὐχαριστεῖν
3163 5020 3176 5032 ο
3220 5003 3338 5056 νυνὶ
3383 5002 3441 5057 δὲ
3469 5003 3836 5073 καθεζόμενος

2261 5101 2713 5173 πολυπραγμονῶ
2741 5101 2801 5152 τὸ
2827 5099 3070 5163 ἐξαίσιον
3130 5093 3290 5149 τοῦτο
3334 5095 3672 5164 τεράστειον,
3734 5094 3833 5147 καὶ

2258 5197 2513 5253 κατανοῶ
2541 5195 2780 5264 ὶμαυτὸν
2822 5192 3015 5260 ὥσπερ
3042 5189 3308 5259 ἀσαρκον*
3361 5188 3420 5241 οὗ
3441 5187 3549 5256 γὰρ
3580 5185 3832 5258 ἐνόμιζον

2263 5293 2443 5362 σάρκα
2467 5289 2673 5359 φορεῖν.
2699 5285 2879 5339 Χιτὼν
2903 5286 2959 5340 δέ
2989 5303 3079 5356 μοι
3107 5281 3316 5350 προσῆν
3343 5278 3827 5351 ἀστραποΰφαντος

2260 5383 2336 5444 ὼς
2369 5379 2689 5453 χιονοειδὴς,
2724 5376 2996 5441 διάλιθος·
3029 5375 3237 5444 σφόδρα
3258 5371 3314 5428 δὲ
3367 5372 3678 5441 ἐτερπόμην
3731 5366 3829 5420 ἐπὶ.

2257 5472 2335 5543 τῷ
2363 5471 2552 5525 κάλλει
2582 5465 2767 5522 αὐτοῦ·
2803 5468 2871 5521 τὰ
2897 5467 2953 5521 δὲ
2980 5468 3071 5520 ἐπὶ
3108 5465 3205 5535 τῆς
3264 5465 3508 5534 κορυφῆς
3536 5478 3636 5532 μου
3665 5471 3828 5513 κατεο

2256 5565 2436 5626 νόουν,
2487 5560 2592 5613 κᾶν
2627 5556 2694 5629 ἧν
2751 5559 2817 5610 ὲκ
2864 5556 3132 5610 παντοίων
3194 5554 3401 5607 ἀνθέων
3454 5550 3826 5620 πεπλεγμένος

2261 5673 2352 5726 μοι
2381 5654 2664 5722 στέφανος⁸
2709 5649 2847 5703 ἀλλὰ
2905 5649 3001 5703 καὶ
3023 5646 3350 5718 ὑποδήματα
3378 5643 3468 5700 ἐπὶ
3510 5641 3619 5700 τῶν
3645 5640 3824 5697 ποδῶν

641 5822 755 5895 (Π)
790 5821 889 5879 λίς.
941 5830 1190 5877 ιιοδιιυιιι
1233 5821 1317 5876 hic
1369 5818 1803 5891 pmpositioncm
1848 5815 1984 5885 μεῖᾶ
2037 5828 2157 5870 cum

2266 5809 2505 5866 ενι-σύιό
2535 5806 2796 5879 jnngcbat
2822 5843 2838 5870 ,
2873 5805 3052 5861 minus
3080 5813 3245 5861 recte.
