4176 6442
654 408 759 475 671

1714 405 1762 472 Ν
1776 407 2143 476 lCEPllORI
2189 415 2662 476 I’RESBYI‘ERI
2706 417 2816 475 CP.

3819 420 3920 482 672

660 525 841 592 rigere
899 526 1209 593 percussit,
1257 526 1480 596 quando
1504 541 1613 597 prae
1676 526 1876 597 frigore
1908 524 2249 596 deficiebam)

2374 518 2499 585 εἶναι
2524 528 2617 580 τὸν
2672 527 2920 598 τύψαντά
2986 545 3088 597 μου
3114 529 3172 582 τὸ
3195 531 3486 600 πρόσωπον
3506 530 3584 601 τῷ
3618 531 3927 602 άνθεοφόρῳ

662 615 924 669 ducatum
955 617 1087 671 mihi
1122 623 1404 686 pra‘starc,
1428 629 1481 674 et
1532 615 1827 688 pracipere
1867 619 2086 674 famulis
2117 621 2253 682 suis,

661 717 719 760 ut
748 722 836 762 me
870 709 979 762 alio
1005 708 1387 765 transferrent.
1435 711 1700 765 Ducatum
1747 712 1911 781 igitur
1965 721 2257 781 praestante

663 798 796 853 mihi
820 799 932 864 illo,
957 815 1089 854 ecce
1106 802 1352 855 occurrit
1379 802 1772 871 magnitudinis
1798 803 2077 857 immensa:
2098 818 2254 867 crux,

665 890 841 945 instar
889 892 1044 946 iridis
1104 893 1156 947 in
1187 895 1427 948 nubibus
1458 896 1810 966 spparentis,
1864 906 2087 966 aspectu
2149 895 2259 950 for-

672 996 847 1044 mosa,
914 993 1155 1050 quatuor
1205 985 1342 1039 velis
1399 987 1598 1041 nubem
1628 987 1864 1041 lucidam
1893 979 2259 1042 referenttbus

664 1073 871 1126 circum
923 1076 1151 1129 obtensa
1181 1093 1195 1128 :
1230 1091 1465 1144 quorum
1528 1080 1652 1132 bina
1711 1078 1855 1148 ignei
1913 1077 2116 1134 coloris
2149 1091 2254 1130 non

667 1175 832 1216 secus
890 1179 955 1216 ac
1017 1163 1199 1232 fulgur
1246 1158 1930 1230 coruscabant,alialbina
1981 1167 2091 1222 nivi
2121 1165 2256 1220 nihil

663 1254 906 1311 Candore
934 1257 1219 1311 cedebant.
1278 1257 1511 1313 Crucem
1551 1260 1846 1331 cingebant
1909 1260 2106 1313 musici
2148 1258 2261 1312 for-

667 1347 833 1411 mosi,
875 1355 1087 1402 statura
1114 1351 1350 1418 proceri,
1397 1351 1671 1418 splendidi
1698 1351 1856 1421 quasi
1902 1351 2019 1410 lux,
2051 1349 2261 1419 fulgen-

670 1437 913 1492 tissimos
970 1441 1157 1495 radios
1214 1456 1278 1494 ex
1311 1441 1488 1496 oculis
1522 1442 1838 1497 evibrautes
1865 1482 1880 1503 ,
1907 1441 2261 1510 promebant—

678 1541 785 1595 que
845 1540 1170 1586 concentum
1199 1533 1588 1588 suavissimum
1617 1535 1671 1588 in
1708 1534 1935 1604 gratiam
1967 1532 2258 1587 Cruciﬁxi.

674 1617 926 1688 Cumque
977 1623 1270 1690 penulatus
1302 1625 1411 1680 du:
1452 1642 1608 1681 meus
1635 1625 1761 1681 illac
1810 1625 2086 1689 transiret,
2110 1625 2264 1679 exhi-

671 1708 790 1763 bita
822 1714 1126 1766 reverentia
1159 1715 1418 1770 salutavit
1452 1733 1697 1781 crucem,
1727 1720 1972 1789 mihique
2029 1721 2169 1775 idem
2201 1728 2264 1775 ut

668 1798 907 1856 facerem
937 1814 1071 1859 nutu
1104 1805 1367 1863 indicavit
1398 1809 1652 1880 :fecique
1697 1811 1796 1875 ita,
1841 1822 2062 1866 secutus
2084 1827 2264 1866 exem~

2361 617 2538 689 κλάδῳ
2567 619 2779 688 ἐκείνῳ,
2837 617 2996 690 ἡνίκα
3036 622 3147 674 άπὸ
3203 621 3300 676 τοῦ
3354 621 3561 692 ψύχους
3603 622 3929 678 ἐτελεύτων·
3997 681 4000 683 .

2361 712 2456 762 καὶ
2511 710 2674 774 αὐτὸς
2721 712 3006 780 ἐκέλευσεν
3059 713 3184 776 τοὺς
3257 714 3544 785 ὑπηρέτας
3614 715 3779 768 αὐτοῦ
3837 715 3931 769 τοῦ

2363 802 2599 870 μετᾶραί
2641 819 2729 871 με.
2786 800 2872 864 Ὠς
2916 801 3008 855 οὖν
3034 797 3188 873 οὗτός
3231 822 3335 874 μου
3370 805 3580 876 προῆγε
3613 807 3819 877 βλέπω,
3844 810 3935 864 καὶ

2363 890 2471 942 ἰδοὺ
2505 891 2740 960 σταυρὸς
2795 891 2990 959 μέγας,
3042 893 3274 963 φοϐερὸς
3318 895 3413 949 καὶ
3438 895 3642 966 ὡραῖος
3674 903 3721 928 ’⁸
3741 900 3805 970 τῇ
3837 897 3934 970 θέᾳ

2360 979 2613 1051 καθάπερ
2663 980 2819 1045 τόξον
2867 981 3054 1058 ὅτανῇ
3104 985 3160 1037 ἐν
3182 988 3250 1056 τῇ
3309 987 3514 1059 νεφέλῃ
3547 990 3936 1059 ἐχρημάτιζεν,

2360 1073 2454 1126 καὶ
2515 1073 2757 1142 τέσσαρα
2817 1077 3292 1145 καταπετάσματα
3319 1079 3509 1150 κύκλῳ
3540 1080 3705 1134 αὐτοῦ
3739 1082 3937 1153 νεφέλη

2362 1166 2597 1235 φωτεινῇ
2625 1161 2859 1232 ὶοικότα,
2880 1167 2952 1219 ’τὰ
2974 1163 3086 1237 ’μὲν
3111 1167 3205 1221 δύο
3241 1169 3504 1240 πυρράκη
3543 1172 3619 1235 ὡς
3651 1172 3938 1243 ἀστραπῆς

2361 1252 2502 1320 είδος
2530 1255 2939 1328 ἀστράπτοντα,
2969 1259 3036 1312 τά
3068 1259 3124 1314 δὲ
3156 1257 3292 1314 ἄλλα
3335 1262 3508 1316 λευκὰ
3536 1263 3613 1327 ὡς
3642 1263 3776 1333 χιών
3796 1281 3808 1296 ο
3845 1265 3940 1319 κῦ-

2364 1350 2476 1419 κλῳ
2503 1350 2562 1403 δὲ
2590 1347 2756 1404 αὑτοῦ
2788 1353 3141 1425 είστῆκεισαν
3162 1352 3514 1424 μελῳδισταὶ,
3538 1354 3753 1426 ὡραῖοι,
3771 1358 3938 1424 εὐμε-

2361 1443 2564 1512 γέθεις,
2597 1444 2690 1497 καὶ
2735 1443 2921 1498 λευκοὶ
2960 1444 3036 1526 «ἧς
3077 1445 3193 1513 φῶς
3233 1444 3696 1518 χρηματίζοντες,
3731 1461 3942 1520 πυραυέ

2361 1535 2650 1604 γεστάτοις
2668 1536 2884 1589 ἀκτῖσιν
2914 1536 3023 1590 άπὸ
3045 1537 3156 1591 τῶν
3175 1538 3482 1610 ,ὀφθαλμῶν
3525 1541 3943 1610 ἀπαστράπτον-

2360 1641 2474 1688 τες.
2510 1624 2599 1691 Ὠς
2624 1625 2717 1680 οὖν
2742 1621 2890 1682 οῦτοι
2945 1629 3106 1699 μέλος
3138 1648 3190 1683 τι
3214 1632 3314 1701 ἡδὺ
3340 1631 3530 1687 ἕνεκεν
3553 1631 3650 1686 τοῦ
3689 1650 3945 1704 σταυρωο

2364 1720 2553 1784 θέντος
2601 1720 2930 1788 ὐπὲψαλλον,
2958 1725 2994 1789 ὁ,
3017 1720 3228 1790 ὁδηγῶν
3295 1741 3361 1792 με
3394 1722 3763 1796 χλαινηφὸρος
3802 1724 3946 1795 διερ-

2369 1808 2594 1878 χόμενος
2640 1807 2731 1861 τδν
2786 1808 3064 1878 σταυρὸν,
3128 1811 3526 1882 κατησπάσατο
3553 1851 3568 1875 ,
3617 1809 3839 1864 [νευσεν
3885 1810 3945 1864 δὲ

674 1893 825 1960 plum
850 1896 1008 1951 ducis
1037 1939 1052 1962 ,
1092 1909 1147 1953 et
1180 1902 1444 1956 continuo
1474 1877 1662 1956 mellea
1695 1904 1930 1974 quadam
1980 1904 2265 1960 dulcedine

2374 1877 2541 1968 κάμοὶ
2589 1897 2746 1952 τοῦτο
2802 1877 3070 1968 ποιῆσαν
3133 1902 3227 1954 καὶ
3255 1877 3345 1972 ⁷δὴ
3402 1885 3717 1956 ἀκολουθῶν
3769 1901 3940 1972 αὐτῷ,

673 1985 888 2053 impleri
931 2004 1018 2043 me
1061 1992 1231 2057 sensi,
1294 1995 1498 2064 talique
1537 1996 1768 2049 odorum
1834 1995 2132 2066 fragrantia
2186 2011 2271 2052 re-

673 2079 873 2146 creari,
907 2082 1121 2150 qualem
1169 2100 1348 2155 neque
1383 2088 1438 2141 in
1473 2088 1592 2157 ipso
1637 2087 2075 2157 fragrantissimo
2102 2090 2261 2143 horto

675 2167 991 2228 olfeceram.
1053 2173 1254 2231 Deinde
1319 2178 1507 2233 oculos
1560 2179 1877 2245 deﬂectens,
1936 2180 2269 2250 deprehendi

677 2257 819 2312 infra
869 2277 972 2316 nos
1003 2266 1161 2333 quasi
1209 2269 1380 2323 maris
1429 2271 1707 2341 abyssum,
1747 2273 1997 2342 capique
2025 2273 2156 2327 totis
2186 2287 2274 2326 ar-

682 2349 847 2403 tubus
907 2357 1354 2434 centre-miscere,
1377 2373 1442 2413 ac
1480 2362 1656 2414 vereri
1687 2378 1755 2416 ne
1796 2362 1936 2418 forte
1968 2363 2099 2418 illuc
2129 2376 2270 2432 prae-

678 2455 806 2506 ceps
837 2459 1073 2500 ruerem.
1116 2446 1482 2515 Quamobrem
1523 2454 1826 2511 inclamans
1848 2456 2044 2512 ducem
2063 2470 2270 2521 meum,

685 2533 796 2586 dixi
832 2551 846 2588 :
887 2536 1117 2594 Domine
1166 2542 1240 2596 mi
1293 2542 1513 2608 ductor,
1557 2560 1686 2601 ecce
1712 2547 1879 2602 veluti
1903 2532 2065 2618 supra
2102 2548 2273 2602 nubes

681 2625 924 2689 ambulo,
954 2637 1008 2681 et
1040 2640 1184 2684 metu
1215 2644 1500 2704 correptus
1535 2653 1654 2691 sum
1674 2640 1822 2708 gravi
1856 2660 1870 2696 :
1913 2653 2104 2694 vereor
2140 2654 2271 2694 sane

683 2719 898 2773 tametsi
927 2722 1120 2776 leniter
1158 2722 1428 2791 incedam,
1457 2744 1632 2783 neme
1659 2742 1878 2799 portare
1918 2746 2023 2784 non
2062 2731 2272 2799 possint

680 2809 874 2873 iunget
899 2828 1029 2867 casu
1066 2817 1326 2886 praecipiti
1355 2819 1482 2875 hinc
1515 2821 1569 2873 in
1606 2837 1773 2890 aquas
1800 2823 2074 2890 subiectas
2098 2822 2260 2874 ferat.

683 2917 718 2954 κ
736 2902 887 2970 ιῦᾳος
953 2908 1318 2977 πορευόμενος
1341 2950 1357 2976 ,

759 3000 851 3053 57.
883 3003 961 3056 Ad
1002 3003 1236 3060 haectale
1262 3009 1392 3062 mihi
1424 3024 1749 3080 responsum
1783 3012 2057 3068 deditdux
2078 3027 2266 3066 meus:

685 3090 762 3146 Ne
786 3093 914 3162 quid
949 3096 1163 3158 timeas.
1193 3101 1324 3168 quin
1359 3103 1524 3158 altius
1575 3104 1758 3161 adhuc
1779 3106 1938 3160 nobis
1967 3106 2265 3162 ascenden-

685 3183 718 3239 d
747 3201 816 3237 un
848 3197 930 3241 est
958 3204 971 3241 :
1001 3189 1273 3260 simulque
1301 3196 1543 3261 porrexit
1575 3197 1704 3250 mihi
1746 3211 1990 3259 manum.
2022 3205 2077 3250 et
2101 3213 2266 3265 supra

2366 1990 2712 2060 ἡσπασάμην
2745 1991 2943 2044 ἀῢτό-ι.
2986 1991 3077 2054 Ὧς
3114 1986 3208 2044 οὖν
3259 1993 3601 2063 ἠσπασάμην
3636 1994 3698 2047 τὸ
3741 1995 3940 2066 πυῤῥί-

2364 2080 2458 2144 ζον
2488 2083 2667 2134 ἱκείνο
2686 2081 2863 2152 τίμιον
2891 2082 3064 2148 ξύλον,
3090 2083 3312 2162 πνεῦμά
3330 2101 3384 2137 τι
3419 2085 3634 2154 μέλιτος
3657 2085 3946 2151 ἀνάπλεως

2364 2173 2584 2242 γέγονα,
2645 2172 2738 2226 καὶ
2778 2173 3006 2237 εῢωδίας
3063 2175 3352 2243 πλησθεὶς,
3402 2175 3526 2230 οἵαν
3585 2176 3708 2230 οὐδὲ
3747 2176 3810 2230 ιν
3871 2172 3948 2247 τῷ

2367 2265 2687 2335 Παραδείσῳ
2731 2264 3083 2336 ὠσφράνοην.
3141 2265 3479 2336 Ἀναϐλέψας
3508 2267 3566 2320 δι
3587 2270 3700 2331 τοῖς
3746 2267 3948 2334 δφθαλ-

2379 2357 2497 2425 μοῖς
2534 2373 2634 2425 μου
2668 2355 2987 2426 ἕὼρων,καὶ
3020 2355 3130 2409 [Bob
3166 2357 3594 2428 ὑποκάτωὴμῶν
3609 2358 3744 2413 ὡσεὶ
3777 2359 3955 2416 άῦυσο,

2378 2461 2470 2508 σος
2502 2445 2802 2514 θαλάασης,
2840 2447 2932 2498 καὶ
2966 2446 3168 2515 τρόμος
3205 2446 3511 2501 άπελάόετό
3547 2466 3672 2518 μου,
3705 2454 3803 2503 καὶ
3833 2453 3951 2518 ἔφο-

2376 2534 2550 2604 δὴθην
2597 2537 2669 2604 μή
2723 2533 2846 2587 ποτ’
2883 2537 2998 2587 ἐκεῖ
3049 2536 3469 2606 ὀλισθήσωμαιο
3527 2538 3805 2608 εκὲκραξα
3859 2536 3953 2594 οὖν

2379 2625 2516 2699 πρὸς
2540 2626 2632 2678 τὸν
2677 2625 2981 2695 ὀδηγοῦντά
3008 2644 3100 2695 με,
3118 2628 3214 2681 καὶ
3241 2623 3415 2690 εἷπον,
3453 2627 3630 2699 Κύριέ
3662 2647 3758 2699 μοι
3789 2631 3953 2701 ὁδηγέ

2380 2735 2506 2788 μου,
2556 2719 2664 2769 ἰδοὺ
2709 2716 2784 2780 ὡς
2841 2715 2934 2769 hri.
2989 2718 3219 2785 νεφέλης
3273 2718 3601 2789 πορεύομαι,
3656 2721 3756 2774 καὶ
3785 2721 3956 2794 δειλίᾳ

2381 2808 2712 2879 συνεσχίθην
2747 2843 2763 2873 ,
2815 2809 3146 2878 πτοοὺμενος
3205 2810 3308 2880 τὴν
3359 2809 3612 2866 ἐντεῦθεν
3680 2811 3958 2865 ἔκπτωσιν

1425 2915 1641 2985 μήποτε
1697 2915 1757 2967 οὗ
1818 2914 2062 2986 βαστάσῃ
2121 2931 2236 2984 με,
2268 2910 2360 2961 καὶ
2384 2902 2936 2971 ὑποσκελισθήσωμαι
2985 2903 3064 2966 είς
3115 2902 3185 2955 τά
3231 2903 3497 2957 ὑποκάτω
3540 2903 3702 2976 ημῶν
3763 2904 3953 2962 ὕδατα.

2444 2996 2553 3063 λς’.
2670 2997 2727 3050 δι
2751 2998 2898 3066 λέγει
2931 3015 3022 3068 μοι
3042 3013 3062 3032 ο
3095 2999 3186 3069 Μὴ
3214 2997 3498 3066 φοὸοῦ,ἔτι
3519 2998 3780 3083 ἀνωτέρω
3805 3000 3957 3068 ὀφεί-

2373 3091 2538 3158 λομεν
2569 3089 2810 3144 ἀνελθεῖν
2840 3090 3118 3159 ὑπεράνω.
3152 3089 3262 3144 Καὶ
3289 3087 3508 3143 δίδωσίν
3534 3090 3630 3158 μοι
3648 3093 3835 3160 χεῖρα,
3863 3092 3958 3142 καὶ

2372 3182 2683 3251 εὑρέθημεν
2709 3180 2894 3233 ἐπάνω
2938 3183 3034 3234 τοῦ
3073 3181 3331 3251 δευτέρου
3373 3183 3782 3252 στερεώματος,
3822 3182 3958 3236 τὸδὲ

692 3277 926 3331 alterum
954 3345 958 3349 _
992 3281 1190 3334 coelum
1225 3285 1427 3338 sublati
1467 3299 1676 3348 sumus.
1727 3285 1885 3357 cujus
1917 3289 2127 3358 species
2159 3298 2272 3343 erat

2378 3272 2516 3335 εἶδος
2547 3274 2714 3326 αὐτοῦ
2747 3272 2945 3326 λευκὸν
2968 3272 3102 3325 ὡσεὶ
3137 3270 3271 3343 χιὼν
3315 3273 3584 3345 ὑπῆρχεν.
3623 3273 3832 3344 Θεωρῶ
3865 3270 3958 3327 οὖν

689 3370 880 3436 nivea;
930 3383 986 3426 et
1044 3375 1299 3442 conspexi
1335 3376 1421 3431 hic
1487 3391 1914 3447 quoquecruces
1966 3377 2275 3446 hinas,illi,

689 3476 848 3529 quam
877 3461 929 3516 in
984 3465 1122 3518 cmlo
1179 3464 1421 3521 inferiori
1477 3477 1768 3524 vtrneratus
1816 3460 2050 3530 fueram,
2108 3470 2279 3537 persi-

693 3553 896 3608 miles:
931 3555 1284 3620 cingebantur
1317 3560 1504 3622 etiam,
1567 3559 1642 3612 uti
1747 3561 1899 3629 prior
1948 3561 2057 3624 illa,
2120 3573 2273 3613 sacra

695 3646 941 3702 Suaviter
964 3649 1362 3705 modulantium
1391 3668 1596 3706 corona
1631 3663 1722 3706 :et
1775 3668 1868 3708 aer
1919 3653 2042 3706 istic
2074 3653 2127 3705 in
2159 3666 2278 3705 mo-

697 3739 826 3791 dum
870 3739 1011 3807 ignis
1045 3740 1385 3807 splendebat,
1419 3744 1620 3811 quique
1645 3745 1793 3796 illum
1854 3743 2165 3797 incolebant
2193 3743 2277 3796 lo-

697 3844 820 3882 cum
869 3828 1095 3884 formosi
1155 3830 1322 3900 genii,
1353 3832 1536 3900 quiete
1575 3846 1788 3888 summa
1841 3831 2276 3902 perfruebantur.

699 3918 952 3974 Venet-nti
983 3937 1174 3975 sumus
1202 3921 1385 3990 itaque
1410 3931 1463 3975 et
1489 3922 1652 3976 hasce
1672 3937 1886 3986 crutes,
1917 3923 1994 3976 uti
2017 3923 2278 3992 priorem,

699 4013 960 4082 singulari
1016 4029 1140 4066 cum
1209 4014 1480 4069 desiderio
1515 4030 1578 4068 ac
1598 4029 1786 4069 amore
1814 4033 1828 4070 :
1859 4031 1982 4084 qua:
2024 4029 2154 4069 vero
2181 4013 2281 4068 ab-

699 4107 924 4162 siste-bat
962 4106 1086 4159 inde
1117 4105 1432 4175 fragrantia,
1467 4107 1626 4175 plane
1652 4106 1835 4160 divina
1864 4116 2001 4172 erat,
2024 4118 2076 4160 et
2109 4106 2283 4174 expli-

699 4198 810 4252 cari
841 4199 1017 4251 verbis
1060 4199 1286 4268 nequit;
1319 4199 1462 4252 unde
1484 4197 1642 4267 longe
1666 4198 1857 4267 majori
1909 4200 2179 4267 voluptate
2218 4212 2282 4251 ac

699 4293 1082 4356 delectatione,
1152 4307 1316 4361 quam
1378 4309 1442 4346 ex
1478 4293 1643 4345 altera
1676 4307 1859 4357 cruce,
1896 4291 2278 4359 perfundebar.

699 4386 957 4455 Ples-pexi
986 4385 1114 4451 alio,
1150 4396 1202 4440 et
1236 4385 1340 4438 vidi
1368 4386 1619 4440 universa
1654 4384 1980 4439 inflammari
2014 4385 2082 4438 ab
2113 4384 2276 4454 igne:

701 4487 755 4531 et
791 4478 1014 4531 incessit
1069 4493 1155 4530 me
1192 4484 1418 4541 tremor,
1458 4491 1613 4547 opem
1643 4476 1800 4531 ducis
1827 4481 1928 4531 mei
1970 4475 2149 4530 denuo
2181 4477 2284 4529 im-

2377 3368 2539 3420 κάκεῖ
2580 3366 2675 3419 δύο
2733 3365 2998 3437 σταυροὺς
3054 3366 3131 3430 ὡς
3158 3365 3381 3430 ὁμοίους
3428 3365 3508 3437 τῷ
3543 3365 3834 3431 ὑποκάτω,
3866 3365 3958 3419 καὶ

2372 3451 2443 3526 ἦν
2475 3457 2567 3508 ἐπ’
2593 3456 2776 3518 αὐτοῖς
2823 3457 2858 3526 ἡ
2890 3457 3092 3527 φρικτὴ
3140 3456 3320 3526 ἐκείνη
3356 3456 3677 3521 ἀκολουθία,
3719 3458 3817 3511 οῖα
3867 3457 3958 3509 καὶ

2374 3549 2432 3600 tv
2464 3547 2542 3618 τῷ
2584 3547 2884 3618 κατωτέρω
2946 3547 3164 3617 σταυρῷ
3215 3548 3585 3615 δχρημάτιζιν
3607 3564 3620 3577 ⁸
3649 3544 3718 3619 ἦν
3747 3549 3809 3603 δὲ
3843 3534 3959 3618 fdi}?

2374 3640 2485 3692 τῶν
2509 3641 2627 3692 ἐκεῖ
2680 3639 2927 3710 πύρινος,
2966 3639 3058 3691 καὶ
3112 3637 3426 3700 ἀνάπαυσις
3482 3634 3697 3707 μεγάλη
3729 3643 3851 3699 τοῖς
3872 3639 3960 3688 εὑ·
3981 3653 3992 3660 ·

2379 3731 2614 3800 μόρφοις
2663 3729 2988 3791 νεανίσκοις.
3067 3726 3467 3795 Ἦσπασάμεθα
3519 3726 3614 3781 οὖν
3673 3726 3961 3788 κάκείνους

2376 3825 2504 3888 τοὺς
2530 3824 2750 3893 τιμίους
2781 3825 3052 3894 σταυροὺς
3099 3822 3261 3892 ἔρωτι
3291 3823 3384 3874 καὶ
3444 3821 3595 3890 πόθῳ
3630 3820 3822 3892 θεῖκῷ,
3857 3836 3960 3872 καε-

2381 3913 2488 3977 θὼς
2524 3915 2620 3966 καὶ
2675 3913 2741 3966 τὸ
2800 3915 3070 3984 πρότερον
3096 3928 3110 3942 ο
3156 3908 3225 3982 ἦν
3249 3912 3304 3964 δὲ
3340 3913 3374 3983 ἡ
3397 3911 3596 3965 εὐωδία
3645 3912 3855 3978 αὐτῶν,
3886 3910 3960 3973 ὡς

2379 4005 2577 4059 εὐωδία
2624 4004 2763 4058 Θεοῦ
2794 4005 3198 4075 ἀνερμήνευτος
3229 4003 3368 4073 ὑπὲρ
3392 4003 3493 4073 τὴν
3541 4003 3842 4072 κατωτέρω
3869 4001 3961 4054 θυ-

2385 4098 2582 4169 μηδίαν
2605 4099 2699 4150 καὶ
2719 4096 3088 4164 τερπνάτητα.
3126 4093 3271 4164 Ὀρῶ
3304 4093 3396 4145 οῦν
3425 4093 3522 4146 καὶ
3551 4093 3660 4145 ίδοίι
3692 4092 3803 4166 πῦρ
3836 4091 3962 4161 φλε-

2380 4208 2478 4260 γον
2504 4190 2572 4243 τά
2598 4190 2778 4241 ικεῐσε
2821 4187 3059 4241 ἅπαντα·
3095 4187 3187 4240 καὶ
3229 4185 3417 4256 τρόμῳ
3446 4185 3755 4254 συσχεθεὶς,
3794 4187 3957 4240 πάλιν

2381 4284 2472 4337 τὸν
2526 4282 2720 4353 ὁδηγὸν
2760 4283 2985 4333 ἐκάλουν
3034 4280 3114 4340 είς
3184 4278 3458 4348 βοήθειαν.
3503 4278 3563 4332 Ὀ
3600 4278 3655 4330 δὲ
3687 4279 3812 4340 δούς
3873 4295 3960 4347 μοι

2383 4378 2566 4447 χεῖρα,
2623 4374 2774 4442 λέγει
2820 4387 2948 4443 μοι·
2979 4372 3099 4423 Ἐτι
3129 4370 3387 4438 ἀνωτέρω
3449 4369 3784 4440 πορευθῆναι
3813 4370 3960 4438 ὀφεί-

2382 4467 2570 4537 λομεν.
2638 4467 2747 4520 Καὶ
2787 4466 2906 4534 ἅμα
2950 4463 3025 4532 τῷ
3052 4463 3196 4532 λόγῳ
3228 4461 3478 4532 ῇρθημεν
3536 4461 3645 4514 τῶν
3700 4465 3842 4530 ἐκεῖ,
3870 4463 3962 4516 καὶ

704 4570 1006 4640 plorantem
1042 4583 1057 4633 ;
1102 4568 1193 4637 qui
1254 4540 1514 4638 porrecta
1575 4577 1634 4621 ut
1686 4580 1812 4623 ante
1857 4583 2020 4622 manu
2049 4586 2064 4623 :
2092 4569 2272 4623 Adhuc

2387 4540 2693 4629 εὑρέθημεν
2719 4557 2905 4609 ἐπάνω
2934 4554 3025 4608 τοῦ
3082 4554 3271 4622 τρίτου
3317 4552 3573 4620 οὐρανοῦ.
3632 4553 3804 4615 οὗτος
3845 4553 3901 4605 δὲ
3933 4553 3961 4603 ὁ

701 4664 884 4727 altius,
919 4661 1114 4730 inquit,
1145 4660 1458 4714 enitendum
1481 4667 1584 4715 est.
1621 4657 1684 4712 Et
1745 4660 2004 4714 continuo
2034 4657 2158 4713 inde
2188 4675 2282 4714 suo

703 4754 860 4818 blati,
928 4768 1093 4822 supra
1153 4754 1372 4806 tertium
1429 4767 1528 4806 nos
1563 4750 1759 4807 caelum
1802 4752 2279 4821 deprehendimus.

702 4847 913 4900 Caelum
979 4846 1083 4900 hoc
1139 4860 1246 4898 non
1307 4859 1393 4905 eo,
1418 4856 1530 4913 quo
1558 4843 1702 4912 quod
1733 4843 1888 4898 nobis
1922 4844 2006 4898 hic
2039 4854 2280 4914 apparet,

707 4937 869 4991 modo
898 4951 957 4990 se
1005 4936 1195 5000 habet;
1259 4936 1351 4989 sed
1409 4935 1623 4988 firmum
1679 4934 2024 5003 solidumque
2074 4942 2186 4999 est,
2222 4948 2286 4986 ac

708 5032 925 5100 planum
959 5030 1119 5083 habet
1155 5029 1264 5082 late
1289 5039 1613 5096 expansum,
1644 5025 1843 5080 lamina
1867 5035 2085 5095 putares
2120 5040 2282 5078 aurea

709 5125 956 5179 insterni.
993 5120 1322 5192 Reperimus
1376 5120 1463 5175 hic.
1493 5120 1711 5182 iterum,
1769 5118 1944 5188 primo
1998 5120 2178 5173 statim
2230 5118 2284 5172 in

711 5215 995 5276 vestibulo,
1043 5229 1234 5270 cruces
1269 5223 1475 5276 ternas,
1503 5212 1682 5265 lumen
1716 5211 1875 5279 quale
1919 5209 2099 5281 fulgur
2150 5211 2289 5266 solet

710 5319 1052 5380 Spargentes,
1094 5306 1370 5372 omnibus,
1397 5321 1534 5375 quas
1568 5315 1693 5358 ante
1727 5304 1983 5366 vidimus,
2019 5313 2134 5358 tum
2169 5319 2285 5356 ma-

711 5403 993 5473 gnitudine
1035 5414 1148 5456 tum
1207 5401 1386 5469 specie
1411 5400 1776 5468 angustiores.
1817 5397 1880 5450 Et
1927 5395 2038 5451 dux
2072 5396 2289 5466 quidem

713 5511 868 5548 meus
926 5496 979 5548 in
1041 5493 1280 5549 medium
1331 5492 1506 5559 ignem
1543 5505 1600 5544 sc
1629 5505 1798 5544 ausus
1846 5488 2066 5553 inferre,
2093 5489 2292 5542 adora-

711 5591 790 5642 vit
849 5603 1040 5642 cruces
1075 5585 1260 5657 :quod
1325 5599 1449 5639 cum
1505 5598 1602 5653 ego
1651 5597 1756 5636 non
1791 5583 2044 5644 valerem,
2079 5581 2292 5636 eminus

713 5678 934 5737 adoravi
966 5682 1321 5751 transiviqtte.

783 5778 876 5834 38.
914 5777 1210 5848 Postquam
1273 5778 1497 5829 multum
1534 5773 2009 5845 processisscmus,
2061 5784 2290 5838 pervcn-

717 5884 833 5930 tum
866 5883 945 5927 cst
973 5870 1038 5926 ad
1107 5868 1282 5926 \clum
1313 5869 1538 5924 alterum
1577 5883 1727 5922 more
1786 5861 2029 5918 fulminis
2065 5861 2166 5915 late
2201 5877 2293 5930 per

2386 4652 2568 4721 τρίτος
2606 4647 2852 4719 οὐρανὸς,
2901 4644 3108 4716 οὐχ,ὡς
3139 4643 3466 4712 φαινόμενος
3523 4645 3655 4714 ἡμῖν
3685 4647 3744 4698 ὲν
3774 4645 3851 4715 τῷ
3880 4645 3964 4698 κόν

2391 4759 2511 4812 σμῳ
2539 4740 2713 4809 τούτῳ
2755 4738 3056 4808 περίεστιν,
3093 4733 3214 4789 ἀλλ’
3247 4733 3372 4814 ἀντὶ
3418 4735 3616 4802 παγίου
3651 4735 3962 4805 στερεώμα·

2387 4849 2499 4896 τος,
2529 4835 2630 4902 τὴν
2657 4833 2713 4884 δὲ
2759 4832 2960 4902 δὲρρην
3016 4826 3438 4898 ἐφαπλουμένην
3479 4828 3556 4890 ὡς
3607 4829 3842 4896 χρυσοῦν
3873 4826 3965 4878 ni-

2387 4928 2545 4980 ταλον
2581 4928 2866 4992 κέκτηται.
2933 4922 3180 4993 Εὖρομεν
3208 4918 3302 4975 οὖν
3337 4922 3500 4974 πάλιν
3535 4923 3591 4973 ἐν
3621 4924 3736 4983 τοίς
3761 4918 3959 4991 προθύ-

2392 5037 2506 5091 ροις
2551 5019 2814 5087 σταυροὺς
2881 5019 3068 5086 τρεῖς,
3128 5015 3202 5077 ὡς
3260 5015 3554 5085 ἀστραπὴν
3602 5014 3960 5082 αὖγάζοντας,

2393 5116 2685 5184 μεγίστους
2715 5115 2809 5166 καὶ
2837 5112 3103 5181 φοϐεροὺς
3119 5109 3240 5163 λίαν
3257 5110 3400 5178 ὑπὲρ
3427 5109 3551 5172 τοὺς
3573 5108 3684 5171 δύο,
3711 5109 3807 5160 καὶ
3828 5105 3962 5173 ὑπὲρ

2390 5209 2478 5261 τὸν
2506 5208 2632 5261 ἕνα·
2666 5207 2761 5259 καὶ
2790 5207 2818 5257 ὁ
2852 5205 2950 5276 μὲν
2985 5203 3198 5272 ὁδηγῶν
3242 5219 3310 5271 με
3364 5201 3690 5271 ἐθάρσησεν,
3717 5201 3814 5253 καὶ
3846 5200 3957 5250 εἱσ-

2391 5299 2558 5369 ἧλθεν
2587 5300 2644 5350 ἐν
2673 5300 2826 5368 μέσῳ
2841 5295 2936 5350 τοῦ
2963 5295 3152 5364 πυρὸς,
3180 5292 3275 5346 καὶ
3303 5290 3712 5361 προσεκύνησεν
3739 5289 3956 5349 αὐτούς’

2393 5391 2501 5458 ἐγὼ
2526 5390 2601 5455 δὲ,
2627 5390 2793 5459 μηδὲν
2826 5387 3066 5443 τοιοῦτον
3099 5384 3345 5456 ἰσχύσας,
3380 5382 3620 5458 μηκοθεν
3650 5379 3962 5454 προσκυνή-

2397 5502 2494 5546 σας
2517 5482 2755 5550 διῆλθον.

2446 5767 2570 5840 λη’.
2629 5770 2715 5832 Ὠς
2749 5766 2840 5822 οὖν
2874 5767 3053 5821 ἱκανὸν
3092 5763 3490 5833 ἑπεζεύσαμεν,
3542 5758 3859 5829 ἐφθάσαμεν
3884 5757 3959 5814 είς

2399 5864 2459 5918 τὸ
2490 5863 2745 5934 δεύτερον
2780 5857 3310 5930 “suamsuam;
3345 5854 3632 5926 ἀστραπήν
3664 5869 3778 5905 τινα
3811 5852 3865 5902 ἐν
3889 5845 3958 5914 τῷ
