4176 6514
367 481 468 545 68S

1506 478 1682 537 VITA
1722 477 1784 540 S.
1826 469 2146 536 ANDRE/E
2177 477 2370 536 SALI.

3448 463 3556 526 686

368 594 455 646 καὶ
489 587 799 659 θαυμάσατε
821 603 834 618 ·
888 586 1047 640 είκὼν
1098 585 1306 657 Πατρὸς
1363 584 1530 655 ἥλιος,
1566 588 1717 650 ακτὶς
1747 585 1900 656 ἡλίου

2009 586 2242 643 siderate
2272 587 2360 642 hic
2392 585 2550 640 trium
2579 597 2947 655 personarum.
2982 589 3269 645 essentiam
3305 591 3464 645 unam
3502 574 3557 648 5!!

363 683 507 752 Υἱὸς,
539 683 715 754 θέρμη
740 681 837 750 τῆς
888 681 1101 737 ἀκτῖνος
1129 682 1188 732 τὸ
1214 679 1470 748 πανάγιον
1519 677 1766 749 Πνεῦμα·
1806 680 1898 732 καὶ

360 782 388 833 ὁ
422 778 519 847 μὲν
549 777 699 846 ἥλιος
745 773 954 828 οὐδέπω
997 772 1330 827 καταλείπει
1375 773 1467 825 τὸν
1515 772 1760 840 οὐρανὸν,
1822 771 1896 835 ὼς

364 871 472 922 υἱὸν
500 869 556 923 δὲ
589 867 683 931 τάς
744 868 964 930 ἀκτῖνας
994 866 1104 930 τοῖς
1134 865 1226 916 ἐπὶ
1265 847 1375 934 γῆξ
1390 864 1726 928 ἀποστέλλει,
1782 862 1905 932 θέρ-

364 977 470 1029 μην
520 963 639 1022 ταῖς
695 960 874 1012 ἀκτῖσι
903 957 963 1011 τὸ
1011 958 1273 1024 πανάγιον
1330 955 1549 1024 Πνεῦμα
1602 955 1904 1022 εὐεργετεῖν

373 1050 465 1102 καὶ
521 1047 746 1103 θάλπειν
809 1048 868 1101 τὺ
916 1048 1021 1101 τῶν
1074 1047 1370 1118 ἀνθρώπων
1427 1046 1599 1113 γένος.
1665 1043 1902 1113 Τοιούτῳ

357 1137 538 1207 τρόπῳ
582 1137 674 1211 καὶ
710 1137 738 1189 6
784 1136 989 1206 Πατὴρ,
1050 1134 1442 1203 παντοκράτωρ
1491 1127 1769 1200 πεφυκὼς,
1813 1130 1904 1182 ἐπὶ

357 1229 458 1296 γῆς
477 1228 536 1280 οὐ
579 1227 864 1309 κατῇλθεν,
892 1227 1196 1281 ἀπέσταλεν
1244 1226 1300 1279 δὲ
1344 1225 1400 1278 τὸ
1422 1225 1780 1291 ἀπαύγασμα,
1809 1221 1927 1273 καὶ-

355 1318 452 1387 τὴν
486 1321 541 1370 ὲν
570 1318 646 1388 τῷ
694 1318 1086 1387 ἀπαυγάσματι
1142 1316 1348 1387 θέρμην
1395 1314 1490 1368 τοῦ
1541 1311 1895 1383 παρακλήτου

328 1407 690 1476 ,Πνεύματοᾳ
722 1407 816 1461 καὶ
871 1408 1106 1460 σέσωκεν
1163 1408 1263 1475 τὴν
1312 1404 1732 1476 τετραπέρατον.
1769 1403 1900 1468 Ἀγε

354 1495 416 1568 δή
447 1515 537 1566 μοι
566 1499 622 1550 ὲν
686 1497 762 1566 τῷ
788 1496 957 1566 μέσῳ,
989 1494 1082 1548 καὶ
1112 1493 1272 1546 αὐτὸν
1307 1495 1490 1563 ἄρτον,
1515 1493 1573 1545 ὃν
1609 1489 1731 1544 καθ’
1766 1488 1897 1559 ήμέ·

360 1604 458 1656 ραν
484 1587 759 1657 ἐσθίομεν,
786 1586 893 1639 ἀπὸ
909 1585 1017 1656 γὰρ
1049 1584 1215 1650 σίτου,
1257 1585 1348 1638 καὶ
1369 1582 1576 1646 ὕδατος,
1610 1582 1701 1635 καὶ
1733 1579 1902 1650 πυρὸς

352 1676 448 1746 τὴν
486 1677 779 1755 ταυτότητα
833 1676 1111 1745 κέκτηται,
1166 1670 1246 1739 εἷς
1296 1676 1389 1728 καὶ
1424 1674 1583 1735 αὐτὸς
1644 1674 1708 1726 ἐκ
1735 1673 1901 1743 τριῶν

356 1765 705 1818 ὑποστάσεων
737 1764 1133 1835 γνωριζόμενος
1165 1782 1178 1795 ·
1212 1763 1433 1830 τοιούτῳ
1462 1763 1655 1831 τρόπῳ
1692 1761 1898 1831 ὑπολη-

354 1855 517 1908 πτέον
557 1857 684 1925 περὶ
732 1855 836 1924 τῆς
895 1853 1319 1924 τρισυποστάτου
1369 1853 1574 1913 ἑνιαίας
1627 1851 1897 1920 θεότητος.

2007 676 2271 746 principio
2301 681 2422 737 auo.
2454 683 2507 729 et
2537 674 2897 729 admiramini.
2935 673 3110 746 Imago
3133 676 3310 734 Patris
3339 679 3419 734 sol
3448 689 3552 744 est,

2006 768 2189 823 radius
2219 767 2348 821 solis
2383 766 2574 830 Filius,
2598 768 2744 843 calor
2778 767 2914 823 radii
2959 766 3191 839 Spiritus
3220 780 3438 828 sanctus
3463 788 3476 826 :
3499 781 3556 827 et

2004 863 2081 916 sol
2113 861 2326 941 quidem
2384 874 2657 928 nunquam
2723 861 2924 944 deserit
2949 861 3183 926 coelum;
3218 862 3398 917 radios
3429 878 3554 918 vero

2005 967 2153 1015 suos,
2185 963 2436 1021 umquam
2473 950 2634 1014 ﬁlios,
2673 950 3030 1007 incolentibus
3060 960 3254 1006 terram
3286 952 3514 1008 demittit
3538 994 3554 1019 ,

2004 1044 2180 1096 calore
2203 1059 2319 1107 sun,
2344 1045 2635 1097 humanum
2664 1056 2834 1112 genus
2853 1050 3190 1098 recreaturos
3215 1042 3552 1114 foturosque.

2005 1131 2262 1186 Similiter
2295 1133 2454 1186 etiam
2482 1133 2655 1197 Pater,
2684 1132 2776 1200 qui
2809 1136 3150 1200 omnipotens
3191 1141 3292 1198 est,
3325 1147 3431 1187 nou
3463 1132 3558 1188 de-

2005 1223 2211 1294 scendit
2244 1223 2296 1276 in
2354 1232 2574 1287 terram,
2603 1223 2750 1276 misit
2782 1222 3330 1292 autcmsplendorem
3371 1238 3552 1289 suum,

2004 1314 2054 1365 in
2105 1327 2276 1381 eoque
2330 1313 2562 1366 calorem
2621 1311 2855 1380 Spiritus
2881 1312 3260 1375 consolatoris,
3295 1322 3348 1366 et
3377 1313 3555 1366 salvos

2003 1403 2126 1457 fecit
2159 1403 2549 1472 quatuornnes
2585 1403 2731 1458 orbis
2773 1411 2948 1458 terra.
2973 1408 3082 1475 Age
3109 1418 3293 1476 porro,
3318 1401 3554 1471 proferte

2001 1495 2054 1548 in
2113 1494 2345 1548 medium
2394 1493 2543 1547 illum
2602 1494 2776 1563 ipsum
2813 1507 3004 1562 panem
3045 1507 3150 1563 quo
3192 1493 3431 1562 quotidie
3465 1507 3554 1548 ve-

2001 1581 2239 1647 scimur;
2300 1595 2478 1635 nonne
2518 1596 2582 1635 ex
2640 1579 2938 1646 frumento,
2990 1597 3052 1634 ex
3110 1595 3271 1650 aqua,
3331 1589 3385 1634 et
3412 1581 3552 1650 igne,

2001 1670 2317 1725 substantiis
2352 1671 2521 1724 tribus
2546 1669 2797 1735 diversis,
2827 1685 2966 1725 unus
2995 1670 3242 1741 idemque
3281 1672 3433 1741 panis
3464 1686 3554 1727 co-

2005 1761 2282 1830 gnoscitur
2309 1760 2360 1813 in
2389 1760 2545 1813 talem
2577 1758 2804 1815 formam
2854 1760 3142 1815 coaluisse.
3187 1760 3372 1831 Neque
3400 1760 3557 1817 aliter

1999 1849 2323 1919 Opinandnm
2351 1859 2433 1905 est
2461 1850 2526 1904 de
2557 1851 2716 1905 unius
2756 1849 2976 1906 Deitatis
3033 1851 3338 1921 triplicitate
3369 1866 3555 1917 perso-

355 1943 720 2023 ,Ἀκούσαντες
752 1945 1004 1998 δὲταῦτα
1043 1944 1092 1997 οί
1134 1945 1433 2013 φιλόσοφοι,
1485 1943 1578 1996 καὶ
1606 1941 1902 2011 ἀντοφθαλ-

2003 1955 2213 1994 narum.
2244 1941 2533 2011 Postquam
2567 1940 2688 1995 talia
2722 1940 3001 1996 audissent
3056 1935 3383 2013 philosOpbi,
3418 1943 3552 1997 nihil

352 2038 524 2111 μῇσαι
551 2037 628 2107 τῷ
654 2038 874 2107 μείρακι
905 2037 979 2105 μὴ
1007 2036 1300 2106 ίσχύοντες,
1331 2035 1774 2102 καταπλαγέντες
1803 2036 1900 2104 τὴν

350 2126 518 2180 αὐτοῦ
554 2127 745 2194 σοφίαν
777 2129 868 2180 καὶ
909 2126 1145 2189 σύνεσιν,
1191 2125 1375 2178 οὐκέτι
1399 2125 1528 2193 περί
1562 2136 1714 2187 τινος
1738 2125 1900 2195 συζή-

349 2233 506 2286 τησιν
531 2219 880 2286 ἐποιήσαντο,
910 2215 1008 2285 τὴν
1040 2215 1168 2282 παρ’
1198 2213 1359 2267 αὑτοῦ
1413 2205 1645 2276 δεδιότες
1673 2215 1900 2267 ἀντεπε-

352 2305 611 2376 ρὼτησιν,
647 2306 722 2376 μὴ
756 2304 1195 2374 καταισχυνθῶσι
1221 2305 1464 2375 καθάπερ
1491 2306 1610 2358 τινὰ
1641 2308 1899 2376 σοφιστὴν

345 2397 582 2470 ἐνώπιον
629 2397 809 2469 δήμου,
861 2396 1194 2466 κατῄσχυνεν
1221 2431 1238 2459 ,
1297 2392 1471 2464 φήσας
1513 2396 1650 2463 πρὸς
1697 2397 1896 2450 αὐτόν’

347 2487 613 2556 Θρύλαιον
660 2485 771 2556 (66)
819 2485 1092 2556 πτερῶδες
1153 2485 1386 2554 ῆργηται
1417 2485 1504 2538 διὰ
1555 2485 1901 2556 Mamilon

343 2575 587 2644 ἤργηται
607 2590 622 2640 ;
643 2575 804 2627 Τοῦδε
826 2575 931 2644 γὰρ
948 2575 1305 2644 ὀ,πολυμαθὴς
1340 2577 1541 2638 ἐκεῖνος
1570 2577 1902 2645 εὐήκοοςγε-

345 2665 543 2731 νδμενο
553 2683 566 2725 ς
578 2702 592 2727 ,
617 2665 819 2728 γελοῖον
839 2664 1050 2716 πάντων
1063 2665 1426 2717 ἀπεδείκνυτοο
1451 2649 1558 2717 τῶν
1572 2665 1637 2731 γά
1648 2670 1695 2734 ρ““
1707 2669 1747 2719 Α
1757 2666 1900 2736 ρείου

341 2754 692 2825 λυκοκέρκων
745 2756 958 2823 μυστῶν
1021 2750 1100 2816 εἷς
1159 2754 1542 2823 ἐχρημάτιζεν.
1620 2755 1904 2808 Ἀναστάν-

343 2858 440 2906 τες
458 2841 551 2898 οὖν
571 2846 746 2913 σιωπῇ
763 2843 857 2911 τῆς
879 2841 1174 2910 τραπέζης,
1195 2840 1327 2909 πρὸς
1355 2839 1424 2892 τά
1451 2840 1624 2893 οίκεία
1643 2840 1899 2911 ἐχώρουν.

2001 2031 2291 2101 quidquam
2319 2032 2644 2100 reperientes
2667 2034 2808 2104 quod
2827 2033 3182 2088 adolescentis
3199 2034 3552 2102 prudentibus

2001 2121 2176 2176 eﬂ'atis
2208 2131 2554 2190 opponerent,
2589 2123 2840 2178 admirati
2873 2131 3001 2178 sunt.
3041 2123 3388 2192 vehementer
3420 2141 3556 2193 prte-

2002 2213 2202 2266 claram
2230 2212 2374 2268 illius
2405 2212 2721 2282 sapientiam
2743 2222 2906 2283 atque
2939 2213 3324 2279 eruditionem,
3352 2214 3552 2269 nullam

2006 2303 2122 2356 ausi
2175 2303 2425 2370 deinceps
2463 2317 2680 2357 movere
2725 2304 3073 2373 qumstionem
3102 2299 3212 2374 prae
3238 2306 3454 2371 timore,
3489 2319 3556 2360 ne

2006 2391 2146 2445 forte
2176 2393 2288 2461 ipse
2323 2393 2559 2448 vicissim
2576 2394 2850 2462 quidpiam
2872 2395 3188 2450 solvendum
3215 2407 3553 2465 proponeret,

2007 2485 2150 2536 unde
2177 2471 2674 2549 confunderentur';
2697 2471 3148 2554 quemadmodum
3181 2501 3350 2556 nuper
3373 2484 3557 2554 sophi-

2006 2583 2141 2627 stam
2168 2575 2476 2643 quempiam
2509 2584 2787 2644 spectante
2820 2576 3018 2644 populo
3048 2576 3328 2646 insigniter
3361 2574 3557 2629 conin-

2006 2664 2180 2729 derat,
2217 2665 2295 2718 sic
2341 2672 2720 2732 percunctatus
2756 2683 2770 2721 :
2805 2664 2988 2720 Trulla
3017 2667 3156 2722 sitne
3185 2682 3249 2721 ex
3281 2667 3556 2737 proposito

2007 2764 2216 2818 ansata,
2245 2769 2311 2808 an
2344 2760 2491 2809 non?
2518 2754 2646 2820 Quae
2679 2756 2840 2810 verba
2878 2772 3000 2810 cum
3038 2757 3240 2812 sciolus
3279 2757 3376 2812 istc
3400 2755 3557 2814 audi-

2010 2851 2112 2901 ret,
2164 2842 2406 2895 omnium
2434 2843 2565 2896 risui
2595 2853 2676 2897 est
2703 2842 2978 2910 expositus
3016 2859 3031 2898 :
3068 2853 3184 2898 erat
3229 2856 3465 2912 namque
3492 2855 3554 2894 ex

344 2936 670 2990 Arianorum
734 2932 1098 2986 sacerdotibus
1156 2947 1313 2986 unus.
1370 2930 1547 2997 Quare
1616 2934 1936 3004 philosophi,
1977 2935 2134 2988 tacito
2183 2936 2363 3013 relicta
2415 2949 2596 2989 meus:
2687 2944 2987 3004 surgentes,
3040 2935 3256 2990 domum
3293 2951 3351 2991 se
3399 2948 3553 2990 suam

345 3029 580 3098 quisque
611 3027 972 3081 contulerunt.

1751 3142 1977 3198 CAPUT
2021 3141 2129 3193 \‘ll.

343 3253 694 3325 Epiphanius,
723 3255 942 3309 Andreae
971 3253 1269 3322 familiaris,
1294 3254 1496 3308 obvium
1527 3254 1674 3309 habet
1703 3260 1986 3377 dratiaque»:
2012 3293 2027 3317 ,
2053 3261 2100 3305 et
2130 3261 2398 3374 (aptatur:
2441 3250 2524 3303 cui
2549 3252 2610 3303 ab
2637 3250 2845 3322 Andrea
2887 3251 3041 3321 hujus
3080 3259 3215 3307 artes
3251 3254 3555 3308 averiuntur

1607 3337 1654 3377 cl
1683 3341 1813 3377 rem:
1855 3341 1903 3376 ta
1927 3337 2179 3377 suaaerun
2207 3337 2292 3374 ur.

1607 3337 1654 3377 el
1683 3337 1903 3379 remeam
1927 3337 2292 3392 suggeruntur.

416 3442 534 3504 μη’.
568 3434 652 3496 Ὠς
673 3433 730 3486 δὲ
751 3433 962 3503 εἴρηται
986 3432 1289 3504 ἔμπροσθεν
1314 3434 1393 3487 ὅτι
1414 3436 1567 3503 χεῖρα
1593 3438 1727 3503 πρὸς
1750 3438 1906 3506 χεῖρα

2066 3435 2155 3490 48.
2189 3423 2607 3490 Ambulantibus
2652 3434 2853 3504 itaque,
2879 3435 3084 3505 junctis
3124 3436 3264 3492 inter
3283 3452 3342 3493 se
3375 3442 3553 3495 mani-

339 3525 561 3592 κρατῶν
589 3525 680 3576 τὸν
711 3524 862 3591 ἅγιον
897 3524 1152 3591 Ἀνδρέαν
1180 3526 1208 3576 δ
1246 3516 1592 3594 Ἐπιφάνιος,
1623 3525 1908 3596 ζητοῦντες

339 3611 601 3680 εὔκαιρον
637 3612 798 3665 τόπον
828 3612 920 3665 τοῦ
951 3613 1207 3681 ὁμιλῆσαι
1237 3649 1252 3674 ,
1302 3612 1351 3663 oi
1401 3612 1764 3674 συναντῶντες
1820 3613 1896 3682 τῷ

352 3703 659 3772 Ἑπιφανίῳ
722 3701 1064 3773 δικαζόμενοι
1129 3701 1314 3769 ελεγον
1347 3716 1360 3732 ·
1414 3701 1526 3753 Οὐκ
1576 3700 1744 3764 ἐλεεῖς
1797 3701 1895 3771 τὴν

341 3791 577 3846 σεαυτοῦ
617 3791 840 3862 νεότητα
866 3810 881 3857 ;
924 3791 996 3860 μὴ
1026 3791 1226 3852 τοίνυν,
1258 3788 1557 3859 γλύκύτατε
1585 3789 1788 3850 νεανία,
1817 3789 1893 3857 τῷ

336 3883 700 3953 δαιμονιαρίῳ
751 3882 921 3951 τούτῳ
962 3884 1055 3934 καὶ
1117 3880 1262 3950 σαλῷ
1307 3880 1765 3948 συμπαρεδρεύων
1801 3882 1895 3933 καὶ

337 3972 740 4042 συνοδοιπορῶν
764 3974 934 4043 αὐτῷ,
968 3973 1043 4042 μή
1073 3989 1202 4025 ποτε
1240 3973 1268 4024 ό
1307 3969 1542 4040 πονηρὸς
1574 3970 1738 4025 αὐτοῦ
1782 3971 1894 4024 δαί-

339 4081 463 4130 μων
531 4063 747 4132 ζηλώσῃ
799 4078 893 4115 σου
940 4064 999 4114 τὸ
1052 4061 1266 4123 κάλλος,
1304 4060 1400 4130 τὴν
1449 4061 1773 4130 ὡραιότητα,
1802 4047 1912 4114 xai‘

331 4153 521 4222 ἔρωτά
545 4170 624 4205 σοι
649 4153 867 4221 θέμενος
885 4153 1240 4222 παρακρούσῃ
1275 4168 1368 4204 σου
1392 4169 1407 4184 ο
1435 4151 1614 4205 ίκαναὶ
1628 4152 1736 4220 γάρ
1759 4154 1892 4204 είσιν

330 4247 389 4298 αἱ
423 4244 725 4313 προφάσεις
760 4243 852 4295 τοῦ
876 4242 1047 4295 δεινοῦ
1076 4243 1459 4314 πολεμήτορος.
1489 4243 1547 4317 ⁸0
1571 4243 1626 4295 δὲ
1645 4242 1893 4312 θεοφιλὴς

331 4336 560 4396 νεανίας
586 4326 1018 4403 ἀνταπεὶῳίνατο
1061 4333 1241 4396 αὐτοῖς
1266 4337 1295 4402 ἰ
1316 4332 1557 4401 ’Δδελφοὶ
1592 4334 1685 4387 καὶ
1715 4335 1890 4386 Πατέ-

332 4443 454 4494 ρες,
495 4426 602 4495 πρὸ
643 4426 732 4477 τοῦ
763 4425 1015 4494 γενέσθαι
1049 4415 1137 4477 τὸν
1165 4423 1385 4495 ὄλεθρον
1432 4425 1618 4478 τοῦτον
1661 4425 1746 4477 ἐπ’
1791 4426 1888 4478 αύ-

327 4516 445 4580 τδν,
476 4514 780 4584 προσφιλής
812 4531 901 4584 μοι
929 4513 1140 4585 ὑπῆρχε
1174 4514 1313 4578 λίαν,
1354 4515 1447 4568 καὶ
1497 4517 1529 4584 ἡ
1581 4517 1792 4586 ἀγάπη,
1825 4517 1890 4586 ἢν

332 4607 480 4674 πρὸς
532 4603 792 4673 ἀλλήλους
828 4606 1066 4673 εἴχομεν,
1123 4605 1449 4675 ἀσύγκριτος
1495 4601 1560 4675 ἦν
1594 4623 1607 4637 ⁸
1650 4606 1744 4660 νῦν
1795 4601 1888 4660 οὖν

329 4697 479 4765 ὑπὲρ
511 4696 630 4747 ὅσον
658 4693 880 4755 ἔπαθεν,
909 4695 1226 4764 εὐχάριστόν
1278 4697 1422 4748 ἐστιν
1472 4696 1546 4764 μὴ
1598 4697 1884 4766 προσέχειν

332 4803 400 4854 με
438 4785 632 4836 τοῦτον
659 4785 752 4836 καὶ
782 4786 950 4836 ἐλεεῖν
981 4801 992 4814 ·
1025 4786 1334 4853 γέγραπται
1367 4785 1472 4854 γάρ
1495 4787 1584 4837 ἐπὶ
1608 4787 1886 4857 συνδέσμῳ
1918 4778 1961 4832 Ῑ)

329 4873 544 4940 φιλίας,
577 4871 810 4934 Μείζονα
834 4872 1031 4941 ταύτης
1059 4873 1280 4943 ἀγάπην
1313 4875 1486 4936 οὐδεὶς
1520 4875 1653 4944 ἔχει,
1691 4877 1776 4928 ἴνα
1805 4894 1885 4939 τις

326 4965 395 5033 θῇ
429 4963 536 5032 τὴν
562 4962 738 5032 ψυχὴν
773 4963 935 5016 αὑτοῦ
968 4964 1105 5033 ὑπὲρ
1144 4965 1252 5017 τῶν
1286 4965 1453 5032 φίλων
1484 4967 1666 5020 αὑτοῦ.
1704 4966 1887 5020 Ταῦτα

325 5055 770 5127 ἀνταπεκρίνατο
795 5056 906 5116 τοῖς
938 5054 1007 5106 τὰ
1050 5056 1269 5106 τοιαῦτα
1318 5056 1563 5123 λέγουσιν
1602 5071 1616 5088 ο
1668 5069 1883 5125 παραγ-

323 5145 521 5211 γελίαν
551 5145 658 5212 γὰρ
685 5140 828 5212 εἶχεν
855 5146 910 5195 ἐν
958 5145 1104 5212 νόμῳ
1149 5146 1255 5198 ἀπὸ
1297 5146 1390 5199 τοῦ
1429 5147 1634 5200 δικαίου
1673 5147 1882 5215 ἀνδρὸς,

321 5234 489 5294 ἐκτὸς
519 5236 630 5294 τοῖς
655 5233 952 5294 νεανίσκοις
979 5237 1088 5295 τοῖς
1118 5236 1398 5300 ἀγαπῶσιν
1427 5237 1609 5301 αὑτὸν,
1649 5235 1721 5304 μὴ
1749 5238 1882 5288 ἀπο-

321 5326 616 5394 γυμνῶσαι
643 5329 740 5393 τὴν
768 5324 1037 5379 πολιτείαν
1064 5327 1225 5378 αὐτοῦ
1258 5345 1384 5381 τινι.

322 5432 421 5485 pro
484 5415 675 5467 amicis
743 5415 856 5468 suis
911 5415 950 5466 ‘.

391 5549 415 5578 ⁸
439 5547 606 5601 Joan.
649 5563 737 5609 xv,
773 5545 858 5600 15.

393 5659 513 5727 (66)
576 5655 713 5729 Quid
745 5659 831 5712 hic
856 5660 1178 5729 Τρούλλαιον
1201 5661 1224 5713 ?
1251 5661 1385 5713 infra
1416 5662 1467 5714 in
1506 5662 1699 5718 Mazar.
1742 5667 1878 5719 scri-

322 5732 467 5782 bitur
501 5726 794 5795 τρούλλιον,
825 5729 876 5780 in
907 5726 1168 5800 Vaticano
1196 5730 1511 5798 Ἐγχείριον.
1549 5732 1744 5800 Utique
1789 5751 1881 5787 vas

323 5804 583 5852 manuale
629 5806 681 5849 ct
735 5799 1048 5865 rotundum,
1106 5800 1262 5868 qualc
1295 5810 1372 5854 cst
1405 5801 1586 5868 trulla,
1616 5799 1734 5871 qua;
1763 5819 1884 5874 ρτυ-

1995 3526 2117 3590 bus,
2160 3527 2616 3595 quemadmodum
2673 3540 2837 3596 supra
2875 3529 3199 3583 mentionem
3233 3529 3410 3586 facere
3441 3547 3582 3606 mcg

1997 3613 2380 3678 mini,sanctis
2437 3615 2649 3669 Aadrea
2682 3623 2736 3669 et
2785 3614 3107 3684 Epiphanio,
3151 3621 3551 3687 quaerentibus-

1995 3715 2101 3769 que
2152 3709 2514 3770 opportunum
2570 3700 2882 3755 conferendi
2923 3703 3066 3756 inter
3115 3718 3173 3758 se
3204 3704 3422 3773 locum;
3456 3711 3550 3778 qui

1995 3792 2209 3847 obviam
2239 3792 2462 3856 ﬂebant,
2493 3793 2794 3859 arguebant
2851 3792 3228 3863 Epiphanium,
3262 3796 3501 3855 dicentes
3535 3820 3548 3854 :

1993 3883 2224 3938 Nullane
2264 3883 2565 3953 iuventutis
2628 3884 2900 3938 miseratio
2929 3896 2978 3940 te
3017 3893 3123 3941 tua:
3175 3885 3338 3958 capit,
3368 3891 3550 3945 adole-

1994 3988 2153 4029 scens
2206 3973 2564 4048 suavlssime?
2596 3972 2736 4039 Noli,
2787 3989 2990 4042 quaeso,
3019 3991 3141 4030 cum
3191 3978 3411 4034 homine
3436 3981 3550 4044 illo.

1994 4073 2107 4119 tum
2138 4079 2167 4117 a
2197 4063 2440 4119 daemone
2465 4066 2698 4131 incesso,
2732 4073 2844 4118 tum
2874 4080 2903 4119 a
2932 4074 3074 4123 statu
3093 4069 3289 4124 mentis
3319 4069 3548 4139 dcjecto.

1994 4163 2086 4208 aut
2119 4155 2566 4210 consuetudinem
2607 4163 2700 4208 aut
2753 4155 3066 4210 societatem
3109 4158 3246 4211 inire
3282 4175 3388 4213 :ne
3413 4160 3550 4216 forte

1993 4259 2223 4311 nequam
2250 4244 2393 4300 illius
2415 4228 2762 4308 daemoniuin,
2794 4246 3219 4314 pulchritudinis
3247 4247 3548 4317 dignitatis-

1991 4350 2095 4404 que
2121 4343 2227 4389 tua:
2256 4335 2517 4401 invidum,
2551 4335 2753 4390 amoris
2771 4336 3008 4390 simulati
3038 4339 3219 4406 specie
3252 4340 3552 4398 circumve-

1953 4477 1956 4480 .
1987 4429 2102 4477 ‘niat
2127 4425 2541 4495 supplantetque
2572 4433 2659 4490 te;
2693 4426 2938 4493 plurimae
2963 4428 3104 4480 enim
3131 4438 3257 4482 sunt
3290 4432 3548 4497 gravissi-

1989 4516 2064 4569 mi
2094 4516 2239 4571 illius
2274 4517 2570 4571 adversarii
2601 4517 3049 4572 machinationes.
3092 4518 3298 4585 Quibus
3326 4524 3395 4576 ita
3424 4524 3549 4593 Epi-

1989 4606 2222 4674 phanius
2253 4607 2528 4674 respondit
2559 4624 2573 4659 :
2609 4607 2826 4662 Fratres
2871 4608 3199 4679 Patresque,
3233 4613 3543 4682 priusquam

1990 4697 2093 4752 iste
2118 4707 2472 4768 occuparetur
2506 4714 2535 4752 a
2556 4699 2952 4764 cacodaemone,
2984 4715 3263 4769 .perquam
3297 4707 3426 4758 mihi
3469 4707 3544 4760 ra-

1993 4790 2215 4844 miliaris
2288 4791 2531 4855 exstitit;
2572 4791 2936 4859 cbaritasque,
2987 4807 3090 4860 qua
3121 4793 3260 4847 inter
3294 4809 3390 4848 nos
3427 4796 3547 4849 dili-

1993 4881 2270 4949 gebamus,
2333 4890 2482 4936 tanta
2529 4881 2654 4945 fuit,
2709 4889 2767 4934 ut
2798 4882 2932 4935 nihil
2963 4897 3331 4950 supra:nunc
3381 4888 3543 4954 igitur

1992 4983 2114 5021 cum
2179 4969 2231 5022 in
2292 4968 2649 5022 calamitatem
2719 4969 2858 5024 hanc
2915 4969 3123 5036 incidit,
3156 4987 3279 5024 num
3328 4989 3537 5042 aequum

1991 5059 2216 5128 putatis,
2271 5061 2472 5113 nullam
2527 5074 2613 5112 me
2640 5059 2838 5112 misero
2878 5074 3092 5127 operam
3130 5075 3344 5124 navarn,
3379 5067 3542 5120 uulsis-

1990 5150 2275 5204 ricordiam
2340 5150 2592 5203 exhibere
2643 5150 2901 5203 nullam?
2972 5150 3240 5219 Scriptum
3292 5157 3538 5208 estcnim

1991 5241 2057 5295 de
2111 5240 2405 5294 amicorum
2465 5239 2890 5313 conjunctione:
2930 5258 2948 5290 (
3007 5239 3539 5309 Majoremltacdilc-

1988 5332 2217 5385 ctionem
2266 5345 2424 5385 nemo
2469 5331 2650 5409 habet,
2693 5338 2749 5381 ut
2778 5330 3011 5387 animam
3054 5347 3206 5407 suam
3235 5337 3540 5404 ponatquis

1014 5434 1031 5466 ›
1092 5421 1263 5486 Atque
1293 5419 1406 5472 haec
1451 5421 1731 5489 responsio
1771 5432 1884 5476 erat
1922 5422 2226 5492 Epipltanii,
2263 5439 2366 5491 qua
2398 5437 2550 5476 suam
2593 5437 2714 5475 cum
2747 5421 2956 5475 Andrea
3002 5422 3535 5479 familiaritatem-in-

1985 5679 2103 5742 pter
2156 5679 2360 5742 aptatas
2394 5671 2439 5723 ei
2486 5687 2648 5725 ansas
2698 5671 2987 5741 πτερῶδες,
3016 5677 3168 5742 quasi
3223 5675 3390 5737 alata.
3423 5674 3537 5729 ﬁeri

1988 5739 2378 5814 dicitur._Non
2437 5751 2613 5814 tamen
2649 5739 2987 5812 satis'capio
3020 5739 3150 5814 quid
3209 5747 3297 5803 hic
3327 5745 3535 5801 elenchi

1987 5809 2146 5865 lateat
2177 5811 2433 5866 adversus
2469 5813 2720 5868 Arianos.
2900 5809 2946 5822 “’
3037 5809 3052 5814 ’
3330 5817 3332 5819 ’
