4176 6498
624 343 726 406 687

1670 334 2091 395 NICEPHORI
2131 336 2600 400 PRESBYTER!
2638 341 2743 400 (ΖΡ.

3729 351 3833 412 688

619 451 954 508 cusantihns,
1010 459 1066 498 se
1100 444 1384 512 purgabat.
1415 444 1748 512 Prwceptum
1806 461 2038 514 namque
2071 448 2168 500 viri
2209 450 2377 502 sancti
2429 466 2525 518 pro
2576 452 2688 518 lege
2742 453 2840 504 sibi
2934 451 3226 504 im'iulaliili
3303 453 3606 520 reputabat,
3637 458 3846 514 scilicet

621 552 671 591 ut
706 550 801 588 nec
831 536 920 603 qui
1007 535 1122 604 ejus
1184 537 1390 589 vivendi
1463 537 1808 600 institutum,

617 626 1002 683 manifestarct.

1879 548 2234 604 prmterquam
2303 540 2734 594 adulescentibus
2820 542 3118 604 nonnullis,

3208 545 3457 597 eumdem
3541 546 3846 600 amantibus

684 722 772 776 49.
808 721 1029 777 lnvento
1055 721 1266 776 tandem
1289 721 1408 777 loco
1428 730 1752 792 opportuno,
1774 723 2136 776 consederunt
2161 737 2175 785 ;
2207 723 2246 784 Α

2343 695 2450 790 μθ(
2486 720 2747 789 Εύρόντες
2779 721 2964 786 τόπον,
2995 720 3392 788 ἐκαθέσθησαν,
3427 712 3520 772 καὶ
3549 719 3843 791 διηγήσατο

617 814 890 882 οωρὶιίιυο
952 813 1288 882 Epiphanius
1339 814 1404 868 de
1428 829 1656 869 occursu
1711 813 1997 876 daemonis,
2021 814 2070 866 in
2094 814 2181 866 via

2279 813 2297 864 5
2333 811 2663 880 Ἐπιφάνιος,
2710 813 2857 873 ὅπως
2893 812 3042 880 αὐτῷ
3078 812 3410 880 συνήντησεν
3458 813 3516 863 ὲν
3557 814 3622 881 τῇ
3667 813 3772 879 ὀδῷ
3817 816 3843 867 6

617 904 723 960 sibi
784 904 950 968 facto,
989 905 1353 983 narrationem
1400 905 1700 959 instituere.
1745 904 2065 963 Simulabat,
2099 902 2176 955 in~

617 996 835 1066 quiens,
871 1011 1151 1066 aspersum
1185 997 1382 1050 canitie
1429 1012 1634 1064 senem,
1677 995 1998 1066 praeferebat
2029 995 2181 1048 habi-

623 1100 733 1140 tum
769 1087 1091 1142 mercatoris
1136 1087 1389 1155 Agareni,
1415 1086 1602 1141 oculos
1656 1087 1885 1140 habebat
1918 1095 2095 1140 torvos
2119 1100 2181 1139 ac

620 1179 848 1242 feroces,
899 1177 1086 1246 quales
1141 1178 1254 1232 fere
1312 1177 1424 1249 (67)
1476 1189 1750 1233 taurorum
1811 1193 1930 1232 esse
1959 1178 2177 1232 solent:

621 1267 948 1321 induebatur
980 1268 1360 1322 vestimentum
1388 1268 1621 1336 nigrum,
1652 1276 1705 1320 et
1745 1268 1953 1321 calceos
1983 1256 2181 1334 purpu-

619 1358 695 1411 rei
753 1359 973 1412 coloris.
1038 1357 1086 1411 ls
1142 1359 1440 1412 ambulanti
1498 1359 1628 1412 mihi
1688 1358 1900 1412 obviam
1963 1357 2177 1412 factus:

618 1448 806 1503 Nonne
861 1460 940 1512 tu,
1009 1451 1199 1518 inquit,
1254 1450 1396 1506 illius
1435 1450 1686 1515 Joannis,
1729 1465 1888 1518 quem
1933 1450 2179 1504 homines

621 1541 772 1593 aiunt
805 1556 900 1609 pro
932 1538 1099 1594 nihilo
1130 1540 1330 1596 habere
1356 1541 1660 1596 diabolum?
1695 1538 2030 1610 Hypocritam
2063 1541 2179 1608 agis

618 1632 828 1684 ratione
883 1630 1026 1686 mei:
1056 1633 1271 1686 tendam
1296 1647 1395 1702 ego
1429 1632 1521 1686 tibi
1536 1641 1801 1691 casses.et
1839 1632 1958 1686 lacu
1986 1630 2179 1686 effosso

620 1724 923 1791 illaqueabo
977 1732 1046 1784 te,
1112 1733 1366 1793 tuamque
1399 1724 1494 1777 tibi
1518 1727 1677 1779 ollam
1733 1725 2002 1788 condiam,
2035 1724 2178 1792 quod

621 1815 862 1869 consiliis
886 1816 1022 1869 meis
1047 1814 1333 1873 obnitaris.
1366 1814 1514 1868 Talia
1561 1815 1878 1871 blatterante
1907 1815 2048 1869 malo
2071 1816 2178 1869 da:-

625 1921 807 1970 nione,
839 1917 886 1960 ct
917 1907 1088 1960 minas
1114 1907 1452 1975 injuriasque
1499 1906 1794 1976 ingerente,
1827 1920 1960 1976 pene
1987 1909 2174 1963 exani-

621 2009 801 2054 matus
850 2014 1006 2054 sum:
1077 2000 1350 2053 admirans
1403 1998 1544 2053 unde
1599 1998 1648 2054 is
1691 2000 1821 2053 mihi
1859 2000 2176 2064 occurrerit,

2284 903 2548 966 Σατανᾶς,
2576 905 2648 964 ὡς
2679 905 2856 971 γέρων
2889 901 3314 971 πεπολιωμένος,
3347 905 3649 975 Ἀγαρηνοῦ
3676 909 3845 974 ὲμπό-

2284 1013 2379 1068 ρου
2430 995 2613 1066 σχῆμα
2655 996 2821 1064 ἔχων,
2847 997 2968 1059 τοὺς
2998 995 3306 1065 ὀφθαλμοὺς
3339 998 3675 1066 ὴγριωμένος
3707 987 3846 1053 κατὰ

2281 1090 2372 1141 τὸν
2429 1090 2525 1141 τοῦ
2562 1090 2681 1159 βοὸς
2712 1091 2824 1160 (67)
2873 1090 3063 1156 τύπον,
3112 1091 3583 1162 περιϐεϐλημένος
3633 1095 3847 1164 ίμάτιον

2286 1178 2472 1244 μέλαν,
2493 1179 2548 1229 ὲν
2579 1177 2920 1247 ὀστρακίνοις
2949 1180 3290 1250 ὑποδήμασιν
3320 1186 3383 1252 τῇ
3421 1187 3599 1252 χροιᾷ.
3627 1188 3844 1248 Μεταξὺ

2281 1264 2373 1317 οὖν
2401 1266 2509 1317 τῶν
2537 1266 2878 1321 διοδευόντων
2909 1270 3244 1336 συναντήσας
3275 1270 3378 1339 ἔφη
3415 1289 3537 1339 μοιτ
3567 1276 3700 1344 Οὐχὶ
3728 1278 3791 1329 σὺ
3818 1281 3845 1330 6

2282 1355 2394 1417 υίὸς
2437 1355 2710 1419 Ἰωάννου,
2747 1357 2873 1425 περὶ
2903 1353 2963 1412 οὗ
2999 1375 3162 1427 φασιν
3189 1361 3237 1412 oi
3271 1360 3569 1431 ἄνθρωποι.
3597 1381 3843 1418 καταπε-

2280 1445 2582 1514 πατηκέναι
2602 1461 2684 1496 σοι
2707 1445 2795 1498 τὸν
2821 1446 3093 1514 διάϐολον)
3120 1449 3516 1521 Ὑποκριτικῶς
3543 1452 3685 1522 ἔχεις
3712 1457 3849 1524 πρός

2284 1554 2373 1606 με,
2408 1537 2518 1605 ἐγώ
2548 1555 2604 1590 σε
2639 1537 2816 1605 πλέξω
2837 1540 3271 1610 ἀμφίϐληστρον,
3299 1545 3391 1595 καὶ
3421 1543 3622 1597 λάκκον
3643 1545 3845 1616 ὀρύξας
3891 1526 3894 1528 η

2282 1629 2598 1696 συμποδίσω
2629 1647 2707 1695 σε,
2737 1631 2847 1697 ἐγώ
2884 1647 2966 1683 σοι
2996 1631 3216 1700 ἀρτύσω
3252 1633 3458 1703 κυθραν
3487 1635 3599 1704 (68)
3626 1675 3639 1700 ,
3690 1638 3846 1689 ἐναν-

2280 1723 2370 1774 τία
2401 1725 2524 1791 ἐμοὶ
2553 1723 3026 1794 διαπραττομένῳ.
3072 1723 3254 1778 Ταῦτα
3284 1725 3378 1777 τοῦ
3409 1727 3647 1797 πονηροῦ
3676 1729 3847 1798 (plna-

2281 1808 2523 1876 ροῦντος,
2570 1809 2679 1877 ἐγὼ
2739 1811 2876 1880 πρὸς
2935 1814 3034 1874 τὰς
3078 1812 3242 1865 αὑτοῦ
3291 1814 3524 1877 ἀπειλὰς
3601 1820 3694 1870 καὶ
3747 1819 3849 1880 τὰς

2281 1899 2466 1969 ὕϐρεις
2493 1900 2792 1972 ὲξιστάμην
2824 1919 2839 1932 ·
2875 1903 3041 1957 πόθεν
3081 1905 3189 1973 ἄρα
3232 1920 3323 1974 μοι
3368 1896 3716 1976 συνήντησεν,
3771 1911 3845 1978 μή

2280 2009 2409 2044 ποτε
2443 1993 2774 2062 συνάραντός
2818 2010 2922 2062 μου
2967 1995 3125 2063 λόγον
3163 1995 3280 2064 μετ’
3312 1998 3606 2062 αύτοῦ,τίς
3654 2001 3710 2053 δὲ
3753 2009 3850 2051 και

619 2105 853 2157 quocum
897 2091 1027 2143 nihil
1058 2106 1291 2159 unquam
1349 2090 1616 2144 sermonis
1668 2089 1904 2157 contuli;
1937 2099 2030 2145 aut
2055 2091 2178 2160 quis
2211 2069 2246 2121 Β

2282 2081 2516 2152 ὑπάρχει
2543 2083 2644 2135 οὐκ
2679 2084 3000 2154 ἐπίσταμαι,
3029 2088 3056 2138 6
3081 2084 3234 2149 δίκας
3264 2104 3353 2156 μοι
3385 2089 3848 2160 εἰσπραττόμενος

618 2182 708 2236 illc
768 2181 1056 2235 intentator
1095 2181 1239 2244 litis,\
1279 2181 1366 2235 ille
1415 2179 1715 2246 terriﬁcus,
1760 2181 1850 2235 ille
1903 2168 2177 2235 minitator

618 2273 800 2340 fuerit,
842 2290 962 2327 cum
1001 2290 1096 2327 nec
1134 2274 1354 2327 viderim
1385 2284 1532 2337 ante,
1575 2290 1673 2327 nec
1703 2274 2042 2343 cognoverim
2072 2289 2175 2327 un-

618 2380 804 2433 quam,
857 2367 1015 2433 plane
1081 2382 1166 2419 inc
1226 2366 1380 2432 l'ugit.
1409 2366 1585 2433 Atque
1627 2365 1719 2418 illa
1755 2365 2010 2432 cogitanti
2045 2365 2175 2419 mihi

615 2456 904 2528 anitno‘que
926 2457 1199 2525 pendenti,
1231 2464 1437 2510 tremor
1459 2464 1513 2509 et
1556 2464 1922 2510 consternatio
1954 2456 2180 2510 incessit

615 2547 1016 2609 intolerabilis:
1047 2546 1217 2600 donec
1244 2547 1351 2600 huc
1395 2546 1677 2609 accedens,
1731 2546 1940 2599 obviam
1973 2547 2178 2600 sancti-

619 2641 713 2694 tati
773 2648 876 2693 tuae
924 2638 1098 2692 laetus
1147 2654 1284 2700 sum,
1317 2648 1513 2692 cuncta
1564 2637 1717 2702 mihi,
1774 2645 1832 2693 ut
1860 2646 2177 2702 evenerunt,

618 2731 883 2786 narranti.
933 2727 1068 2782 Tum
1099 2743 1256 2783 orsus
1306 2728 1554 2783 Andreas
1593 2715 1940 2799 :Agarenus,
1983 2730 2177 2798 inquit,

615 2822 987 2884 dilectissime,
1011 2835 1170 2888 quem
1195 2835 1484 2886 memoras,
1515 2831 1731 2876 centum
1787 2823 2176 2876 dzemoniorum

619 2914 832 2968 cohorti
893 2921 1119 2981 prtecst;
1156 2912 1452 2966 industrius
1472 2911 1763 2966 admodum
1795 2926 1859 2966 ac
1892 2921 2174 2975 strenuus,

614 3015 673 3058 ut
707 3000 978 3064 homines,
1016 3001 1069 3054 in
1096 3002 1268 3054 stadio
1299 3002 1501 3054 amoris
1533 3001 1622 3055 Dei
1679 3001 1931 3055 alacriter
1951 3015 2177 3070 progre-

613 3095 845 3158 dientes,
877 3102 1182 3161 expugnet;
1242 3107 1538 3159 eorumque
1584 3091 1794 3146 animas
1845 3092 2037 3146 leniter
2081 3092 2178 3146 de-

614 3185 922 3247 mulcendo,
981 3185 1049 3238 ad
1103 3199 1296 3255 pravas
1341 3185 1685 3253 cupiditates,
1733 3184 1800 3238 ad
1845 3183 2176 3240 titillationes

612 3278 813 3339 carnis,
862 3274 929 3328 ad
969 3275 1242 3329 lasciviam
1274 3276 1505 3344 denique
1537 3277 1787 3330 adducat.
1822 3275 2176 3345 Quapropter,

613 3372 686 3427 (ili
716 3366 1056 3436 charis'sime,
1090 3379 1140 3426 te
1176 3371 1427 3435 obsecro,
1457 3387 1634 3426 rerum
1677 3380 1894 3425 tuarum
1949 3380 2008 3423 ut
2036 3379 2180 3425 sata-
2201 3401 2246 3464 ο

614 3481 732 3535 gas,
791 3478 1120 3534 operamque
1163 3463 1279 3527 des,
1306 3478 1372 3516 ne
1403 3471 1455 3517 te
1485 3463 1688 3518 lateant
1742 3462 2172 3517 machinationes

613 3557 838 3611 inimici.
901 3555 1340 3624 Circumspectus
1397 3556 1580 3624 itaque
1633 3564 1688 3610 et
1715 3553 1842 3624 vigil
1869 3563 1922 3609 et
1958 3554 2174 3609 sobrius

610 3658 728 3704 esto
757 3649 809 3700 in
865 3647 1135 3710 omnibus,
1163 3646 1420 3716 quoniam
1454 3646 1702 3709 tenellus,
1727 3655 1782 3699 et
1825 3645 2169 3711 dclicatulus,

608 3749 661 3793 et
697 3739 1052 3794 suavissimus
1085 3752 1144 3792 es
1169 3756 1184 3794 :
1207 3738 1432 3807 ideoque
1461 3737 1644 3792 furore
1686 3739 1862 3807 agitur
1888 3737 2171 3792 adversum

610 3841 663 3885 te
721 3831 987 3900 superbus
1045 3831 1238 3894 hostis,
1278 3831 1405 3898 quia
1451 3837 1503 3883 te
1569 3840 1834 3883 sacratum
1886 3827 1994 3884 Deo
2022 3829 2171 3883 dica-

611 3933 833 3992 tumque
866 3921 1106 3984 voluisti,
1131 3921 1309 3976 oblata
1351 3921 1448 3990 ipsi
1485 3920 1870 3990 pretiosissima
1929 3921 2172 3989 corporis

2278 2173 2524 2241 ἐκφοὸὡν
2565 2191 2633 2244 με
2685 2176 2779 2228 καὶ
2829 2176 3240 2247 ἀπειλούμενος,
3288 2180 3317 2231 6
3346 2179 3478 2248 ἐμοὶ
3510 2180 3851 2250 ἀγνώριστος

2279 2266 2373 2319 καὶ
2403 2266 2651 2330 ἀθέατος.
2685 2267 2870 2322 Ταῦτα
2901 2269 3340 2340 διαλογιζομένου
3365 2288 3468 2340 μου
3496 2273 3588 2324 καὶ
3609 2265 3851 2345 ἀπορου-

2282 2359 2470 2429 μένου,
2505 2361 2689 2424 κλόνος
2713 2377 2780 2427 με
2816 2362 3122 2431 περιέσχεν,
3156 2361 3252 2415 καὶ
3274 2363 3511 2433 τάραχος
3534 2363 3806 2434 ἀφόρητος
3828 2381 3845 2398 ·

2282 2453 2372 2506 καὶ
2407 2453 2482 2516 ὡς
2531 2453 2716 2509 ἐνθάδε
2759 2454 3190 2524 περιερχόμενος
3247 2455 3556 2523 συνήντησα
3585 2459 3650 2526 τῇ
3681 2457 3853 2525 ἀγιωο

2281 2546 2435 2616 σύνῃ,
2472 2547 2529 2598 τὸ
2555 2549 2662 2599 πᾶν
2687 2563 2778 2614 μοι
2806 2545 3050 2614 ἀψευδῶς
3076 2547 3108 2617 ἡ
3143 2546 3208 2617 σὴ
3253 2548 3594 2620 μακαριότης
3638 2551 3854 2619 ἀπεγζ-

2281 2655 2516 2707 μνωσεν.
2554 2639 2696 2708 Ἔφη
2729 2638 2865 2708 πρδς
2894 2639 3055 2690 αὑτὸν
3085 2641 3113 2691 6
3148 2639 3333 2702 Ὅσιος
3367 2655 3383 2671 ’
3427 2640 3486 2692 Ὀ
3539 2641 3848 2713 Ἀγαρηνὸς

2279 2729 2506 2793 ἐκεῖνος,
2532 2728 2752 2795 φίλτατέ
2785 2744 2893 2794 μοι,
2944 2727 3335 2798 ἑκατόνταρχος
3389 2729 3661 2798 δαιμόνων
3706 2748 3853 2803 χρη-

2282 2820 2521 2888 ματίςει,
2552 2819 2698 2871 ἐστιν
2730 2819 2786 2871 δὲ
2815 2819 3016 2887 δραξὴς
3058 2819 3192 2888 (69),
3224 2821 3305 2883 είς
3345 2821 3403 2872 τὸ
3432 2823 3690 2893 πολεμεῖν
3720 2827 3882 2890 τοὺς’

2279 2910 2714 2979 ἀγωνιζομένους
2754 2911 2889 2979 πρὸς
2915 2911 3068 2977 Θεὸν,
3092 2913 3184 2963 καὶ
3204 2911 3365 2967 ὠθεῖν
3395 2913 3535 2984 πρὸς
3557 2917 3854 2984 ἀσελγείας

2279 3002 2377 3063 τὰς
2403 3000 2578 3069 ψυχὰς
2613 3000 2722 3053 τῶν
2744 3000 3066 3071 ἀνθρώπων,
3093 3001 3299 3069 θέλγων
3339 3004 3503 3068 αὐτὰς
3547 3009 3625 3068 είς
3656 3008 3857 3060 ἐπιθυ-

2282 3091 2412 3160 μίας
2460 3093 2690 3161 αίσχράς
2738 3091 2829 3143 καὶ
2875 3092 3306 3162 γαργαλισμούς.
3367 3095 3433 3146 Σὲ
3479 3092 3611 3162 οὖν,
3658 3099 3888 3164 τέκνον,

2278 3185 2582 3254 ἀγαπητὸν,
2627 3185 2951 3255 παρακαλῶ,
3017 3187 3250 3256 πρόσεχε
3300 3188 3565 3254 σεαυτὸν,
3616 3191 3706 3244 καὶ
3774 3193 3855 3262 μὴ

2263 3278 2465 3351 ἀγνόει
2503 3275 2667 3331 αὑτοῦ
2701 3277 2768 3329 τά
2801 3279 3190 3348 μηχανήματα.
3226 3279 3368 3350 Ὅρα
3418 3282 3494 3343 δὲ,
3547 3283 3858 3354 ἐγρηγορό-

2280 3368 2400 3439 θητι
2427 3368 2522 3421 καὶ
2547 3367 2682 3437 νῆφε
2707 3370 2764 3421 ἒν
2793 3371 2982 3435 πᾶσιν,
3003 3369 3187 3440 ἐπειδὴ
3219 3370 3425 3434 ἁπαλὸς
3453 3371 3547 3424 καὶ
3577 3377 3858 3446 τρυφερδς

2278 3457 2350 3525 εῐ,
2384 3461 2479 3513 καὶ
2505 3461 2624 3514 λίαν
2653 3461 2914 3531 ἡδύτατος
2948 3476 2963 3490 ⁸
3001 3462 3096 3515 καὶ
3132 3461 3322 3515 ἕνεκεν
3368 3462 3560 3516 τούτου
3600 3464 3858 3557 μέμηνεν

2280 3552 2418 3606 κατά
2455 3551 2548 3604 σοῦ
2580 3554 2607 3605 6
2650 3553 3023 3624 ὑπερήφανος,
3064 3552 3181 3605 ἀνθ’
3231 3547 3307 3608 ὧν
3337 3554 3417 3623 τῷ
3459 3553 3577 3625 Θεῷ
3622 3547 3861 3610 σεαυτὸν

2277 3645 2571 3714 ἀνέθηκας,
2603 3645 2998 3716 προσαρμόσας
3041 3645 3205 3698 αὑτοῦ
3239 3647 3298 3698 τδ
3348 3647 3710 3716 μαργαρῶδες
3753 3651 3855 3701 τοῦ

2280 3735 2376 3789 σοῦ
2412 3736 2665 3805 σώματος
2698 3751 2714 3768 ⁸
2761 3737 2854 3790 καλ⁵
2906 3735 3181 3807 φθονήσας
3217 3754 3311 3790 σου
3345 3733 3444 3808 τὴν
3477 3739 3716 3801 σύνεσιν,
3749 3743 3856 3808 τὴν

2276 3828 2580 3900 πραότητα,
2626 3829 2724 3900 τὴν
2765 3829 3158 3899 καθαρωτάτην
3206 3831 3419 3898 cog/(av,
3459 3831 3556 3902 τὴν
3601 3833 3858 3900 ἁγνείαν,

2277 3923 2373 3976 καὶ
2403 3923 2715 3993 διαπρίεται
2746 3923 3001 3996 μεμηνὼς
3030 3924 3170 3977 κατὰ
3211 3924 3303 3977 σοῦ
3335 3927 3362 3978 6
3400 3927 3733 3995 κατάρατος,
3783 3926 3858 3980 δι’

608 4013 684 4066 tui
723 4011 1032 4080 margarita.
1067 4013 1279 4067 Invidet
1322 4027 1484 4082 porro
1537 4014 1676 4067 idem
1724 4012 2040 4068 maledictus
2074 4015 2170 4067 ho-

2279 4015 2333 4068 ὃν
2363 4014 2424 4080 ιξ
2470 4015 2598 4083 ὅλης
2643 4015 2869 4084 καρδίας
2906 4032 2998 4068 σου
3036 4017 3255 4086 ἀγαπᾷς
3296 4017 3388 4072 τὸν
3431 4017 3563 4072 Θεὸν
3593 4020 3687 4071 καὶ
3723 4020 3860 4082 τοὺς

605 4104 706 4156 stis
739 4112 887 4156 tuum
927 4102 1024 4157 tibi
1054 4102 1352 4173 ingenium,
1405 4104 1896 4169 mansuetudinem,
1952 4107 2171 4184 sapien-

2279 4108 2488 4175 ἁγίους,
2512 4109 2637 4169 τοὺς
2666 4107 2734 4158 δι’
2763 4107 2928 4160 αὑτὸν
2952 4108 3012 4159 τὸ
3069 4101 3207 4176 αἷμα
3230 4110 3542 4178 ἐκχέοντας,
3589 4109 3676 4163 διά
3699 4107 3861 4181 ζωὴν

607 4192 754 4274 tian’i
795 4197 1076 4251 erroribus
1144 4210 1249 4250 non
1310 4211 1585 4265 aspersam
1609 4236 1623 4262 ,
1651 4206 1704 4251 et
1732 4197 2110 4252 castimoniam
2150 4212 2164 4249 :

2279 4199 2370 4267 τὴν
2402 4197 2618 4250 αίώνιον
2659 4198 2752 4249 καὶ
2784 4198 2883 4268 τὴν
2906 4197 3133 4268 ἄπειρον
3163 4186 3561 4270 μακαριότητα.

605 4287 872 4356 furiisque
919 4287 1149 4356 agitatus
1189 4287 1243 4341 in
1311 4295 1458 4340 tuam
1522 4286 1789 4341 incumbit
1841 4287 2165 4356 perniciem,
2205 4295 2488 4357 propterea
2511 4287 2655 4356 quod
2681 4301 2746 4341 ex
2823 4297 2935 4343 toto
2961 4290 3123 4344 corde
3185 4289 3352 4345 Deum
3384 4292 3591 4361 diligis,
3615 4294 3858 4364 ejusque

605 4392 824 4435 sanctos
873 4381 1130 4446 honoras,
1164 4381 1256 4451 qui
1289 4379 1380 4435 Dei
1406 4389 1458 4435 et
1511 4380 1635 4434 vitae
1666 4390 1879 4435 aeternae
1943 4395 2005 4434 ac
2036 4381 2452 4436 interminabilis
2511 4381 2862 4439 beatitudinis
2929 4398 3091 4438 causa
3116 4411 3129 4422 -
3155 4385 3476 4453 sanguinem
3529 4400 3687 4440 suum
3717 4402 3857 4455 pro-

605 4469 881 4529 fuderunt.
2412 4480 2420 4488 '

682 4564 767 4618 50.
802 4562 958 4618 Disce
987 4564 1154 4635 igitur
1176 4578 1338 4636 quam
1369 4563 1654 4634 diligenter
1691 4563 2077 4634 perscrutanda
2101 4564 2170 4618 sit

2333 4567 2396 4615 ν’.
2431 4560 2575 4631 Ὀρα
2610 4557 2726 4619 πῶς
2758 4556 3108 4628 ἀκριδολογεϊ
3140 4556 3239 4625 τὴν
3273 4556 3365 4609 τοῦ
3401 4557 3639 4628 πονηροῦ
3678 4562 3858 4615 κακόο

606 4656 679 4721 ei,
721 4656 811 4724 qui
865 4656 920 4708 in
992 4656 1187 4727 timore
1222 4655 1315 4712 Dei
1362 4665 1417 4711 et
1446 4657 1671 4711 veritate
1715 4655 1976 4722 ambulat,
2009 4655 2173 4710 male-

2279 4673 2408 4711 touv
2445 4651 2583 4725 μετά
2623 4650 2788 4719 φόὸου
2829 4646 2964 4701 Θεοῦ
3001 4650 3096 4702 καὶ
3128 4647 3390 4718 ἀληθείας
3429 4650 3810 4722 πορευόμενος
3835 4677 3847 4690 .

605 4746 833 4800 volentia
863 4747 1082 4814 pessimi
1139 4747 1424 4802 daemonis.
1478 4746 1676 4817 Subige
1702 4746 1922 4817 jejuniis
1953 4762 2171 4816 corpus,
2208 4728 2246 4783 θ

2279 4747 2531 4812 ὅποπίαζέ
2559 4761 2653 4800 σου
2677 4744 2740 4797 τὸ
2770 4743 2932 4812 σῶμα
2959 4741 3230 4813 νηστείαις
3249 4780 3265 4805 ,
3293 4742 3386 4793 καὶ
3411 4742 3479 4795 τὰ
3504 4740 3606 4811 τῆς
3635 4745 3854 4814 σαρκδς

605 4848 657 4891 ct
698 4853 914 4893 carnem
967 4836 1331 4894 lascivientem
1359 4838 1520 4894 doma
1552 4855 1565 4893 :
1599 4839 1761 4892 indue
1815 4839 2168 4892 humilitatem

2279 4839 2667 4911 σκιρτήματαο
2719 4835 3015 4907 περιϐαλοῦ
3053 4834 3149 4906 τὴν
3204 4834 3708 4905 ταπεινοφροσύνην
3772 4839 3855 4900 ὡς

602 4943 700 4998 pro
743 4931 1100 4998 vestimento;
1167 4931 1394 4999 prolixis
1428 4931 1616 5001 gaude
1651 4931 1936 5000 precibus;
1975 4945 2168 4988 sensus

2279 4931 2517 5002 ἱμάτιον·
2550 4930 2608 4982 ὲν
2645 4930 2766 4990 ταῖς
2796 4927 2984 4996 εὐχαῖς
3017 4925 3312 4996 φαιδρύνου
3361 4925 3800 4995 εὐφραινόμενος
3836 4944 3852 4961 ο

603 5025 849 5092 corporis
903 5038 1094 5079 omnes
1121 5038 1286 5091 puros
1317 5034 1371 5078 et
1425 5023 1881 5080 incontaminatos
1908 5027 2120 5080 custodi
2147 5067 2160 5078 .

2279 5025 2514 5092 φύλασσε
2546 5023 2726 5084 πάσας
2750 5023 2848 5082 τὰς
2875 5019 3156 5092 αἰσθήσεις
3184 5017 3278 5072 τοῦ
3327 5015 3577 5087 σώματός
3615 5036 3710 5072 σου
3749 5037 3854 5075 κα.-

695 5177 784 5248 67)
816 5177 1145 5250 Ecgraphum
1188 5189 1433 5234 nostrum
1489 5181 1741 5248 habebat,
1777 5180 1921 5239 κατὰ
1954 5181 2013 5233 τὸ
2070 5178 2164 5231 τοῦ

2279 5187 2448 5233 autem
2487 5193 2585 5248 pro
2618 5177 2823 5250 χύτραν
2849 5177 3012 5250 ollam
3058 5172 3309 5250 usurpari
3341 5172 3451 5250 hic,
3464 5172 3852 5250 manifestum

603 5248 721 5317 βοὸς
741 5245 923 5302 τόπον.
942 5245 1109 5306 Notus
1139 5265 1206 5305 ex
1236 5253 1465 5316 Codino,
1499 5252 1664 5305 Locus
1707 5245 1846 5304 boris
1890 5265 2168 5320 nuncupa-

2279 5251 2358 5304 lict
2414 5245 2503 5304 εί
2543 5245 2808 5320 nutus—51
2841 5289 2857 5314 ,
2919 5247 3010 5301 ubi
3063 5246 3382 5320 diminutive
3423 5245 3622 5320 dicitur
3649 5245 3858 5320 κυθρί-

604 5316 687 5373 tus
721 5321 808 5392 ubi
841 5323 1030 5392 l'ornatt
1063 5321 1321 5376 aedificata
1348 5331 1464 5376 erat
1485 5316 2165 5392 capacissima,|przeleréus
2265 5322 2394 5376 διον.
2429 5320 2524 5374 Est
2553 5318 2909 5392 ergolocutio
2944 5316 3330 5392 proverbialis,
3344 5331 3457 5392 qua
3475 5319 3599 5392 quis
3637 5316 3856 5372 diceret

606 5400 761 5457 caput
784 5391 959 5445 bovis.
999 5391 1117 5461 Sed
1144 5394 1268 5459 quid
1299 5396 1398 5446 hoc
1427 5395 1492 5446 ad
1519 5386 1706 5447 oculos
1729 5394 1753 5448 τ
1774 5386 1915 5461 [ἐι-εξο
1949 5408 2047 5460 pro
2074 5391 2164 5443 1:6-
2265 5393 2426 5460 oﬁam
2468 5392 2560 5444 tibi
2605 5386 2831 5456 inferam
2858 5430 2872 5453 ,
2904 5389 2988 5461 vel
3038 5387 3169 5461 quid
3215 5387 3414 5461 simile,
3445 5386 3499 5440 id
3526 5396 3609 5441 est
3661 5401 3856 5455 paena:

605 5475 746 5522 πονο.
815 5463 1003 5531 scripsi
1059 5457 1249 5527 τύπον,
1292 5472 1348 5516 ut
1396 5478 1591 5518 sensus
1654 5467 1725 5519 sit
1750 5491 1779 5530 ,~
1823 5457 1890 5515 ad
1940 5457 2161 5515 modum
2265 5457 2394 5514 mihi
2426 5463 2712 5531 dabis,vel,
2745 5460 3023 5531 rependam
3064 5457 3367 5531 tibi‘vicem.

610 5531 785 5602 bovis.
844 5599 885 5602 __
923 5526 941 5531 ’
1006 5599 1042 5602 ῃ
1236 5526 1240 5527 ν
1750 5526 1760 5530 ⁷
1850 5601 1855 5602 γ

2337 5533 2449 5602 (69)
2513 5529 2744 5600 Δραξὴς,
2801 5526 2929 5583 num
2978 5528 3251 5602 δραστῂί,
3279 5527 3417 5580 idem
3445 5540 3648 5602 sonans
3689 5526 3851 5602 quod

677 5599 788 5675 (68)
843 5599 940 5675 bis.
1002 5599 1173 5660 Vatic.
1240 5603 1412 5675 ἀρτιῶ
1463 5624 1478 5660 :
1527 5604 1664 5659 Maz.
1727 5601 1931 5673 ἀρτύω.
1967 5600 2160 5675 _Malui

2279 5596 2527 5674 Ξραστὴρ,
2557 5596 2828 5675 strenuus,
2858 5596 3126 5675 expeditur
3150 5600 3175 5649 ?
3208 5596 3286 5652 Ita
3309 5610 3440 5654 sane
3463 5600 3698 5655 videtur.
3737 5597 3854 5653 his.

601 5669 817 5740 ἀρτύσω
849 5670 922 5740 (id
944 5681 1030 5746 est
1050 5669 1321 5748 condiam,
1354 5675 1494 5731 unde
1515 5684 1568 5729 et
1592 5669 1808 5748 ἄρτυμα
1845 5671 2161 5748 condimen-

2279 5669 2404 5729 lriaz.
2437 5669 2562 5745 legit
2583 5674 2771 5742 ταχὺς,
2797 5671 2950 5728 celer.
2988 5670 3172 5725 Recte.

606 5749 736 5812 lunt)
775 5754 831 5798 ut
878 5742 1030 5799 cum‘
1045 5747 1469 5814 praecedentibus
1509 5742 1884 5805 concordaret.
1937 5743 2160 5815 Κύθραν
