4024 6448
40 114 326 210 -τ

196 377 300 438 689

1325 371 1533 436 'VITA
1572 372 1635 434 S.
1680 371 2010 434 ANDREE
2054 373 2252 435 SALI.

3340 371 3456 435 690

196 489 362 555 θιρας
387 485 480 539 καὶ
507 483 828 555 ἁρυπὼτους
855 502 864 513 ·
896 485 1155 550 ἐπιθυμεῖ
1175 485 1280 555 γάρ
1329 488 1356 538 ὀ
1406 485 1763 556 παμπόνηρος

1875 485 1918 540 id
1975 486 2120 541 enim
2153 485 2556 542 studiosissime
2613 486 2729 557 agit
2793 485 3048 541 inimicus
3097 486 3456 541 sceleratissi-

197 578 415 647 μολῦναι
447 580 546 646 τὴν
568 573 819 650 ’καρδίαν
844 597 958 642 σου,
1005 581 1098 633 καὶ
1153 579 1340 632 δοῦλον
1368 581 1471 648 τῆς
1507 581 1763 648 ἀκαθαρ-

196 670 315 734 σίῖις
370 667 812 741 ἀπεργάσασθαι,
865 675 931 741 τῇ
988 672 1194 743 φοϐερᾷ
1227 671 1418 743 γεέννῃ
1449 671 1542 724 τοῦ
1590 675 1761 741 πυρὸς

193 763 549 819 καταδικάσαι
581 765 851 818 σπεύδων.
919 765 1088 833 Ὀγὰρ
1125 764 1296 818 ποιῶν
1328 765 1427 834 τὴν
1464 764 1774 833 ἁμαρτίαν,

191 852 374 916 δοῦλός
419 855 536 907 ἐστι
566 856 661 920 τῆς
695 857 970 926 ἁμαρτίας
989 873 1002 886 ⁸
1025 858 1292 926 ἑκατέρας
1308 857 1364 910 δέ
1382 858 1477 926 τῆς
1505 854 1766 926 ἐργασίας

190 944 282 998 δύο
314 947 450 1000 είσὶν
483 949 532 1000 oi
568 946 909 1018 ἐξάρχοντες,
950 952 1046 1020 τῆς
1079 949 1180 1018 μὲν
1213 949 1561 1019 δικαιοσύνης
1591 950 1618 1000 6
1655 950 1766 1000 Κύ-

194 1053 330 1106 ριος,
365 1038 461 1106 τῆς
503 1039 555 1091 δὲ
606 1040 884 1108 ἁμαρτίας
929 1042 957 1090 6
1004 1039 1267 1117 διάϐολος.
1323 1039 1393 1089 Σὺ
1433 1037 1546 1102 οὖν,
1578 1036 1766 1090 τέκνον

193 1127 468 1198 φίλτατον,
506 1129 599 1183 τοῦ
641 1131 848 1201 Κυρίου
891 1131 1062 1202 Ἰησοῦ
1099 1131 1262 1200 μενοῦ
1292 1129 1392 1200 τῆς
1421 1129 1767 1198 δικαιοσύνης

194 1219 495 1289 ’προσφιλὴς
530 1221 791 1290 ἐργάτης,
821 1223 916 1274 καὶ
938 1222 1162 1289 φυλάξει
1194 1238 1252 1274 σε
1294 1221 1516 1291 Κύριος,
1549 1221 1644 1273 καὶ
1673 1237 1770 1289 της

193 1314 344 1378 ρήσει
383 1328 439 1363 σε
477 1314 511 1380 ὀ,
539 1311 826 1381 ξΥψιστος,
848 1314 941 1367 καὶ
969 1315 1002 1383 ἡ
1039 1313 1258 1384 βοήθεια
1289 1311 1455 1364 αὐτοῦ
1489 1311 1638 1363 ἔσται
1669 1311 1768 1363 κύ⁴

191 1403 300 1472 κλῳ
332 1421 450 1466 σου,
487 1403 580 1455 καὶ
638 1408 749 1466 τοῖς
802 1406 1055 1471 ἀγγέλοις
1109 1403 1276 1457 αὐτοῦ
1317 1402 1612 1456 ἐντελεῖται
1640 1403 1771 1471 περὶ

192 1495 304 1558 σοῦ,
343 1495 439 1548 τοῦ
472 1495 798 1564 διαφυλάξαι
855 1513 912 1548 σε
966 1498 1023 1548 ἐν
1067 1496 1214 1566 πάσῃ
1261 1494 1364 1565 ὀδῷ
1416 1509 1531 1548 σου.
1567 1493 1769 1563 Θάρσει

188 1587 278 1640 οῦν
334 1590 428 1641 καὶ
472 1587 547 1659 μὴ
592 1585 782 1657 φοϐοῦ,
839 1587 975 1657 μηδὲ
1025 1587 1274 1640 δειλιάτω
1329 1603 1422 1639 σου
1477 1568 1768 1656 ήκαρδία,

195 1680 358 1732 αὐτὸν
391 1679 842 1749 ἐπικαλούμενος.
878 1676 1068 1731 Ταῦτα
1109 1678 1320 1731 ἀκούων
1365 1679 1392 1730 ὀ
1425 1678 1618 1747 σεμνὸς
1649 1693 1747 1730 νεα

195 1771 329 1836 νίας,
360 1771 434 1833 ὡς
467 1769 846 1842 μαργαρὼδεις
882 1769 1120 1839 δμδρους
1150 1770 1213 1822 ἐκ
1241 1770 1347 1824 τῶν
1377 1769 1642 1838 ὀμμάτων
1671 1767 1776 1820 αύε

189 1863 283 1916 τοῦ
336 1863 548 1932 δάκρυα
594 1861 886 1924 ἐστάλαξε,
932 1860 1147 1930 βρέχων
1208 1861 1306 1930 τὴν
1363 1861 1550 1928 τιμίαν
1603 1859 1772 1913 αὑτοῦ

1871 593 2016 642 mus,
2068 587 2127 633 ut
2177 579 2358 634 anima
2395 589 2484 632 tua
2516 563 3065 648 fmde'eonspureata,
3107 579 3452 633 incontinen-

1873 669 1961 724 tiae
2017 679 2241 739 peccato
2300 670 2603 740 subjectum
2671 681 2722 727 te
2776 672 2828 725 in
2879 671 3143 726 terribilis
3200 672 3457 740 gehennte

1872 762 2051 831 ignem
2084 767 2412 832 quantocius
2455 763 2777 834 praecipitet.
2810 764 2912 832 Qui
2978 765 3124 820 enim
3170 772 3451 832 peccatum

1873 858 2200 921 committit,
2243 873 2435 913 servus
2481 867 2564 913 est
2604 858 2806 926 peccati
2842 875 2855 911 :
2891 867 2945 911 et
2994 856 3453 926 quemadmodum

1873 949 1982 1004 duo
2045 961 2172 1004 sunt
2204 966 2434 1020 operum
2467 965 2686 1018 genera,
2742 951 2820 1004 sic
2865 960 2916 1003 et
2949 949 3054 1004 duo
3080 964 3271 1004 eorum
3304 949 3460 1016 prin-

1872 1043 2045 1113 cipis;
2101 1042 2331 1113 iustitiae
2374 1042 2621 1112 quidem,
2669 1055 2960 1112 supremus
3025 1043 3146 1096 cceli
3194 1052 3458 1108 terraeque

1871 1136 2179 1202 Dominus;
2224 1135 2532 1206 iniquitatis
2592 1149 2742 1199 vero,
2777 1133 3052 1190 diabolus.
3102 1131 3180 1186 'l‘u
3245 1133 3451 1201 itaque,

1875 1225 1949 1278 lili
2004 1225 2099 1288 mi,
2132 1222 2218 1280 fac
2273 1224 2562 1291 iniustitia
2603 1225 2807 1280 Christi
2850 1223 3068 1279 Domini
3123 1223 3379 1278 ardenter
3405 1233 3458 1276 et

1872 1317 2114 1371 studiose
2175 1329 2228 1373 te.
2304 1331 2604 1382 exerceas;
2659 1325 2713 1370 et
2781 1324 3026 1386 proteget
3106 1323 3160 1368 te
3210 1314 3455 1368 vicissim

1876 1409 2158 1475 Dominus,
2194 1419 2246 1464 et
2302 1410 2649 1465 conservabit
2676 1409 3036 1474 Altissimus;
3093 1405 3458 1462 circumdabit

1874 1512 1926 1557 te
1955 1503 2159 1558 auxilio
2213 1518 2335 1568 suo,
2372 1512 2425 1558 et
2460 1503 2735 1558 mandabit
2797 1501 3002 1571 angelis
3052 1501 3169 1555 suis
3197 1499 3261 1553 de
3295 1506 3363 1564 te,
3398 1505 3458 1549 ut

1873 1596 2189 1650 custodiant
2239 1605 2295 1650 te
2341 1597 2395 1650 in
2449 1595 2705 1650 omnibus
2754 1594 2857 1648 viis
2920 1593 3048 1648 tuis.
3090 1591 3262 1646 Macte
3294 1591 3458 1660 igitur

1871 1687 2074 1743 virtute
2127 1695 2269 1751 esto.
2297 1688 2462 1741 timor
2507 1687 2685 1742 omnis
2730 1701 2762 1740 a
2792 1686 2955 1740 corde
2999 1684 3229 1746 exsulet,
3269 1697 3330 1734 ac
3371 1683 3456 1733 in.

1872 1795 2006 1836 voca
2035 1778 2346 1836 Deminum.
2370 1780 2563 1836 lstbzee
2583 1779 2812 1835 Andreae
2851 1778 3058 1831 monita
3082 1791 3205 1830 eum
3235 1773 3456 1840 excilm‘

1871 1882 1958 1929 ret
2003 1867 2230 1929 auribus
2281 1874 2510 1929 illustris
2540 1874 2876 1936 adolescens,
2925 1871 3236 1940 proﬂuxere
3284 1867 3460 1919 oculis

187 1956 305 2024 ιψιν
336 1973 352 1987 ⁸
387 1957 648 2019 ἔκστασις
679 1957 791 2024 γὰρ
831 1957 1105 2025 περιείχεν
1153 1954 1342 2018 αὐτὸν,
1381 1956 1770 2022 ἐνωτιζόμενον

1880 1967 2077 2022 uberes
2109 1968 2474 2038 lacrymarum
2541 1966 2745 2020 imbres
2779 1965 3045 2018 unionum
3085 1963 3257 2016 instar
3294 1974 3456 2012 rene-

192 2051 251 2103 τδ
273 2050 658 2120 λαμπρότατον
688 2050 862 2101 ἐκεῖνο
905 2046 1238 2116 διάγγελμα,
1259 2049 1351 2099 καὶ
1379 2047 1480 2117 τὴν
1508 2047 1768 2118 μελὲρῤυο

185 2159 278 2195 τον
305 2141 664 2197 διδασκαλίαν
688 2143 779 2193 καὶ
810 2141 1166 2210 θεοπάροχον.
1214 2141 1399 2193 Πάντα
1423 2141 1479 2192 δὲ
1509 2141 1609 2192 ὅσα
1639 2141 1766 2194 ἐλά-

187 2235 349 2303 λησεν
386 2234 540 2304 αὺτῷ
595 2224 651 2286 δ’
677 2235 920 2294 Δίκαιος,
967 2234 1104 2302 πρὸς
1139 2233 1197 2284 τὸ
1230 2229 1321 2292 οὖς
1351 2233 1674 2301 ψιθυρίζων,
1707 2237 1776 2285 ἐν

186 2327 494 2396 ἀποκρύφῳ
539 2327 688 2396 τόπῳ
743 2324 1128 2394 καθεζόμενος,
1174 2323 1492 2395 λελάληκεν.
1535 2325 1624 2386 Ὠς
1670 2323 1766 2378 οῦν

185 2423 252 2473 τά
315 2422 510 2473 δέοντα
568 2420 879 2489 ὡμίλησαν,
938 2420 1319 2489 ἀσπασάμενοι
1380 2418 1646 2488 ἀλλήλους
1701 2420 1760 2471 ἐν

188 2515 327 2584 ἁγίῳ
391 2514 683 2583 φιλήματι,
731 2513 1090 2580 ἀνεχώρησαν
1123 2528 1134 2540 ⁸
1176 2514 1269 2566 καὶ
1318 2515 1344 2565 ὁ
1389 2514 1488 2582 μὲν
1539 2514 1762 2576 Δίκαιος

188 2607 266 2668 είς
293 2605 354 2657 τὸ
394 2605 686 2674 ἐμπαίζειν
718 2604 808 2656 τὸν
849 2605 1056 2671 κόσμον
1101 2604 1190 2654 τὸν
1238 2606 1468 2671 μάταιον
1527 2607 1620 2657 καὶ
1667 2603 1764 2658 τδν

187 2696 435 2780 διάϐολον
479 2696 651 2767 ᾧχετο
685 2713 696 2726 ⁸
735 2699 761 2748 ὀ
791 2695 846 2748 δὲ
885 2695 1203 2762 Ἑπιφάνιος
1255 2700 1334 2761 είς
1371 2699 1463 2751 τὸν
1493 2695 1639 2750 οἷκον
1663 2698 1765 2751 αὖ·

186 2789 280 2844 τοῦ
300 2792 484 2844 ἀπίει.

187 2876 335 2945 dem,
389 2883 454 2936 ad
501 2882 835 2940 illudendum
891 2899 1042 2940 more
1092 2899 1192 2939 suo
1264 2882 1553 2936 Vanilatcm
1613 2881 1802 2936 mundi
1866 2882 2285 2950 diabolumque;

191 2989 370 3032 suam.

257 3066 361 3121 va'.
389 3065 662 3135 Βούλομαι
686 3065 980 3140 τοιγαροῦν
1001 3069 1093 3121 καὶ
1117 3067 1305 3138 ἕτερον
1335 3069 1592 3137 μέγιστον
1618 3071 1778 3139 τερά-

191 3171 335 3208 στιον
366 3159 437 3225 τῇ
477 3155 720 3227 ὑμετέρᾳ
754 3157 944 3227 ἀγάπῃ
977 3157 1364 3227 διηγήσασθαι,
1401 3157 1538 3226 ὅπερ
1574 3161 1654 3221 εἰς
1687 3158 1778 3210 τὸν

1877 2059 2098 2113 randam
2137 2061 2253 2127 ejus
2305 2058 2493 2114 faciem
2545 2060 2839 2128 irrigantes
2875 2054 3248 2124 ;corripicbat
3303 2065 3458 2104 nam-

1872 2166 1979 2220 que
2040 2151 2214 2220 ipsum
2270 2151 2526 2213 exstasis,
2582 2150 2942 2219 excipientem
2990 2148 3174 2200 animo
3209 2145 3457 2212 pulcher-

1873 2245 2068 2296 rimam
2093 2241 2239 2296 illam
2272 2241 2499 2296 Andrea:
2525 2241 2992 2302 adhortationem,
3017 2236 3460 2304 suavissimaque

1872 2343 1926 2386 et
1959 2334 2025 2387 ad
2056 2332 2222 2388 Deum
2255 2333 2511 2388 ducentia
2537 2333 2900 2388 documenta.
2942 2333 3291 2398 Quaecunque
3330 2340 3465 2379 vero

1868 2421 2110 2482 Sanctus
2172 2440 2300 2479 cum
2363 2426 2706 2480 adolescente
2755 2425 2972 2478 locutus
3027 2429 3132 2485 est,
3167 2419 3392 2472 in’loco
3430 2430 3461 2467 α

1870 2518 2043 2574 turbis
2127 2525 2338 2570 remoto
2414 2507 2676 2572 assidenti
2763 2515 2910 2578 sibi,
2967 2505 3460 2578 insusurrandoin

1849 2615 2054 2661 aurem
2100 2610 2314 2664 locutus
2381 2620 2483 2664 est.
2527 2607 2631 2662 Ubi
2693 2616 2902 2673 autem,
2958 2617 3138 2674 quae
3199 2615 3257 2655 re
3280 2605 3462 2660 erant,

1871 2701 2256 2766 contulissent,
2310 2702 2610 2755 salutantes
2678 2700 2818 2753 inter
2877 2713 2935 2752 se
2982 2697 3036 2750 in
3095 2694 3284 2749 osculo
3337 2707 3462 2742 san-

1871 2801 1982 2858 cln,
2048 2809 2104 2847 se
2150 2794 2380 2862 quisque
2436 2793 2545 2846 alio
2609 2797 2933 2860 receperunt
2988 2807 2999 2842 :
3049 2786 3294 2841 Andreas
3339 2779 3461 2850 qui-

2381 2882 2719 2954 Epipbanius
2814 2898 2995 2944 vero,
3111 2880 3163 2932 in
3236 2877 3475 2931 domum‘

1948 3064 2037 3118 5l.
2063 3062 2167 3118 Sed
2194 3071 2246 3119 ct
2276 3063 2420 3118 aliud
2450 3077 2798 3132 summopere
2857 3062 3238 3119 admirandum
3276 3064 3464 3132 prodi-

1872 3157 2017 3226 gium
2070 3157 2237 3210 libido
2267 3166 2349 3210 est
2385 3171 2643 3210 enarrare
2667 3156 2844 3218 vobis,
2877 3156 3072 3211 fratres
3113 3157 3420 3210 charissimi
3447 3200 3460 3221 ,

190 3245 413 3316 θεοφιλῆ
439 3248 754 3316 Ἑπιφάνιον
775 3246 966 3316 γέγονε
985 3264 998 3278 ⁸
1027 3250 1432 3318 μαρτυροῦντος
1454 3251 1547 3302 τοῦ
1577 3251 1770 3315 Κυρίου

1876 3252 1928 3302 in
1985 3249 2290 3319 Epiphanio
2340 3258 2554 3313 nostro,
2611 3250 2818 3303 ardenti
2850 3250 3016 3303 llr-um
3065 3265 3464 3318 atrorepi'ose-

191 3341 348 3411 ἡμῶν
389 3341 569 3412 Ἰησοῦ
599 3343 838 3413 Χριστοῦ
893 3345 952 3395 τὸ
993 3345 1121 3414 παρ’
1158 3345 1325 3398 αὑτοῦ
1375 3343 1772 3414 εὐεργετούμε-

191 3449 300 3494 sm,
351 3434 450 3486 καὶ
488 3436 566 3496 είς
614 3433 926 3502 τ·.ύμφανες
974 3437 1325 3510 παραστῆσαι
1374 3436 1441 3488 τά
1487 3439 1567 3501 είς
1612 3438 1774 3489 αύτὶν

195 3526 531 3595 πραχθέντα.
588 3519 759 3590 Οὗτος
810 3528 991 3582 τοίνυν
1039 3530 1067 3580 6
1109 3529 1363 3598 θεοφιλὴς
1424 3529 1773 3600 νεανίας[ὲν

195 3620 494 3690 ἐγκρατείᾳ
521 3622 612 3673 καὶ
645 3624 922 3691 προσευχῆ
949 3623 1181 3674 διανύων
1200 3622 1289 3674 τὸν
1321 3622 1434 3692 βίον
1455 3622 1770 3694 autut-iam]

192 3710 330 3779 ἔχων
367 3713 506 3780 πρὸς
539 3709 665 3782 ἦθος
713 3713 812 3782 τὴν
849 3715 1074 3784 πρώτην
1131 3713 1403 3784 ἑϐδομάδα
1460 3714 1560 3784 τῆς
1611 3716 1773 3782 ἁγίας

197 3803 654 3875 τεσσαρακοστῆς
699 3806 891 3869 ἀσιτος
936 3806 1029 3859 καὶ
1073 3805 1275 3867 ἄποτος
1316 3807 1590 3876 διαμένειν
1621 3846 1636 3870 ,
1681 3807 1774 3859 καὶ

197 3897 335 3962 μετα
372 3895 549 3948 ταῦτα
578 3896 1018 3964 μεταλαμϐάνων
1050 3899 1158 3951 τῶν
1184 3899 1472 3968 ἁχράντων
1506 3898 1602 3950 τοῦ
1638 3899 1774 3967 Χρι-

201 3983 323 4036 στοῦ
367 3985 710 4055 μυστηρίων,
750 3989 846 4040 καὶ
892 3984 994 4040 εἶθ’
1026 3987 1196 4051 οὕτως
1228 3989 1394 4058 ἀρτου
1439 3972 1536 4041 καὶ
1585 3989 1775 4048 ὓδατος

196 4076 285 4128 καί
317 4094 480 4128 τινων
525 4077 768 4146 ὀσπρίων
798 4077 898 4148 την
926 4079 1230 4148 ἀνάκτησιν
1258 4081 1496 4132 ἐποιεῖτο
1539 4078 1635 4132 τοῦ
1670 4078 1776 4132 orb-

206 4184 394 4234 ματος,
441 4169 528 4221 Ἐν
568 4171 668 4239 μιᾷ
698 4171 880 4223 τοίνυν
903 4172 1332 4242 Τεσσαρακοστῇ
1360 4171 1497 4242 μετά
1521 4182 1773 4241 νηστείας

199 4259 613 4323 ἐπιτελέσαντος
645 4262 744 4333 τὴν
767 4265 1180 4334 προρρηθεῖσαν
1215 4264 1510 4335 ἑϐδομάδα,
1541 4267 1648 4336 πρὸ
1681 4267 1775 4319 τοῦ

198 4352 402 4420 φθάσαι
426 4354 522 4424 τὴν
543 4354 694 4425 ὤραν
716 4357 816 4427 τῆς
842 4356 1374 4428 λιιτουργίας,ἐνδον
1399 4357 1496 4411 τοῦ
1521 4359 1775 4423 κοιτῶνος

198 4445 386 4509 αὑτοῦ,
439 4447 602 4510 αὐτὸς
636 4447 844 4511 ἐκεῖνος
884 4448 1087 4519 ἐψηκιν
1107 4449 1334 4520 ὀσπρίου
1386 4450 1448 4503 τὸ
1483 4449 1778 4520 λεγόμενον

210 4536 633 4608 Ὄροφάσουλον,
688 4538 763 4610 μὴ
797 4539 910 4594 ’ἐῶν
945 4557 1070 4593 τινα
1101 4542 1280 4593 ἐκεῖσε
1317 4540 1543 4613 θέρμης
1589 4542 1773 4612 χάριν,

200 4629 286 4684 δίἀ
326 4633 427 4698 τὴν
472 4613 634 4700 ψύξιν
665 4633 764 4703 τὴν
808 4632 928 4686 τότε
963 4633 1339 4704 ὑπάρχουσαν,
1373 4635 1655 4688 εἰσελθεῖν.
1711 4636 1769 4688 Ὀ

201 4721 255 4773 δὲ
297 4722 663 4794 καθεζόμενος
689 4724 790 4792 τῆς
829 4723 1041 4795 θέρμης
1071 4727 1415 4796 ἐπηριίδετο,
1435 4726 1592 4781 τοῦτο
1623 4727 1770 4795 ὲψῶν

205 4816 258 4866 ἐν
294 4817 476 4887 μικρῷ
508 4817 770 4888 κυθριδίῳ
795 4835 807 4848 ⁸
853 4820 949 4871 καὶ
982 4819 1044 4888 δὴ
1095 4820 1191 4873 τοῦ
1230 4820 1392 4886 ξύλου
1436 4820 1772 4890 κρούσαντος

206 4908 293 4960 ἐπὶ
317 4910 415 4978 τὴν
445 4907 757 4981 προσευχὴν
785 4909 884 4980 τῆς
938 4911 1190 4982 ἐννάτης,
1225 4914 1466 4976 ἀναστὰς
1501 4915 1773 4984 ἐπορεύθη

208 5003 280 5065 si;
301 5004 397 5072 τὴν
427 5003 748 5074 ἐκκλησίαν,
793 5003 869 5075 μὴ
920 5004 1301 5073 ἐντειλάμενός
1347 5023 1452 5059 τινι
1504 5007 1633 5076 περὶ
1677 5007 1775 5076 τῆς

208 5097 520 5165 ἐπιμελείας
550 5099 645 5150 τοῦ
677 5098 981 5167 ἑψήματος.
1032 5098 1118 5161 Ὦς
1158 5095 1252 5152 οὖν
1302 5102 1358 5151 ἐν
1405 5101 1473 5169 τῇ
1510 5099 1778 5170 ἐκκλησία

209 5191 467 5260 εἱστήκει,
510 5193 539 5243 6
567 5192 800 5244 πάντοτε
861 5191 1139 5261 λογισμοῖς
1191 5191 1473 5261 ἀθεμίτοις
1519 5192 1778 5261 πολεμῶν

211 5279 300 5333 τὶν
327 5279 451 5334 νοῦν
499 5280 610 5333 τῶν
661 5280 964 5350 ἀνθρώπων
1013 5282 1041 5334 6
1096 5283 1503 5352 ἐπικατάρατος
1540 5282 1773 5350 δαίμων,

211 5372 472 5444 ἐνέσκηψε
493 5375 570 5445 τῷ
603 5375 706 5444 νέῳ
754 5375 1037 5445 λογισμοῖς
1091 5376 1458 5439 ἀποστασίας,
1501 5377 1774 5445 προφάσει

211 5468 302 5534 τῆς
323 5466 414 5519 τοῦ
445 5468 724 5536 ἑψήματος
749 5468 1091 5537 ἐπιμελείας,
1124 5468 1217 5520 τοῦ
1239 5467 1441 5532 ἐξῶσαι
1473 5469 1636 5520 αὑτὸν
1668 5469 1776 5521 ἀπὸ

211 5557 301 5625 τῆς
344 5561 637 5631 ἐκκλησίας
686 5562 793 5630 πρὸ
841 5562 940 5631 τῆς
985 5561 1304 5625 ἀπολύσεως
1349 5579 1361 5594 ⁸
1423 5563 1653 5632 ἀρχεται
1712 5561 1771 5613 δὲ

215 5648 500 5724 ὑποφέρειν
547 5655 687 5707 κατὰ
723 5655 964 5710 διάνοιαν
1000 5655 1127 5709 τάδε
1157 5672 1171 5686 ⁸
1214 5655 1345 5708 Ἰδοὺ
1385 5655 1450 5708 δι’
1501 5655 1629 5724 ὅλης
1675 5653 1775 5723 τῆς

280 5814 384 5886 (70)
438 5813 536 5869 llls.
589 5812 761 5869 Vatic.
819 5813 999 5870 minus
1039 5814 1182 5868 clare

1873 3350 2096 3408 quente,
2129 3350 2393 3410 patratum
2430 3382 2443 3404 ,
2479 3341 2816 3410 approbante
2855 3340 3086 3395 Domino
3117 3352 3303 3396 nostro
3334 3340 3463 3396 Jesu

1876 3430 2102 3486 Christo
2141 3434 2402 3502 pra'clara
2459 3433 2632 3502 ipsius
2657 3449 2842 3502 opera,
2892 3448 3065 3502 eaque
3117 3435 3466 3498 publicamin

1877 3523 2050 3580 lucem
2083 3526 2437 3595 producente.
2473 3525 2686 3580 Charus
2721 3527 2901 3595 itaque
2959 3527 3066 3579 Deo
3105 3525 3463 3594 Epiphaniu<,

1875 3633 1938 3670 ex
1989 3616 2326 3685 beneplacito
2373 3618 2519 3672 illius
2578 3627 2888 3687 temperans
2924 3626 3077 3680 erat,
3120 3615 3466 3686 habebatque

1878 3710 1932 3762 in
1948 3725 2097 3764 more
2115 3711 2357 3779 positum
2379 3711 2665 3765 traducere
2683 3712 2914 3779 primam
2941 3721 3140 3765 sanctae
3157 3710 3467 3780 Quadi-age-

1876 3802 2028 3854 sima:
2046 3801 2461 3866 hebdomadam,
2480 3802 2583 3855 cibi
2603 3810 2869 3872 potusque
2900 3811 3195 3870 expertem,
3214 3803 3333 3856 dein
3356 3820 3474 3858 sus-

1877 3893 2057 3961 cipere
2094 3893 2440 3948 immaculata
2485 3892 2686 3948 Chri5ti
2728 3892 2987 3963 mysteria
3016 3901 3170 3958 ,tnm
3223 3894 3469 3963 denique

1878 3999 2032 4054 pane,
2065 4001 2204 4054 aqua
2240 3995 2295 4039 et
2343 3986 2714 4055 leguminibus
2745 3986 3026 4040 nonnullis
3076 3987 3462 4055 corpusculum

1879 4090 2150 4130 recreare.
2202 4078 2450 4143 Quadam
2487 4090 2616 4132 vero
2669 4078 3126 4145 Quadragesima,
3165 4094 3292 4133 cum
3353 4079 3467 4148 pri-

1879 4182 2048 4234 mam,
2082 4183 2246 4237 quam
2283 4168 2545 4233 diximus,
2580 4170 2944 4238 septimanam
2995 4169 3219 4238 jejunus
3282 4182 3470 4224 trans-

1879 4261 2120 4329 egisset,
2170 4262 2510 4330 pratveniens
2563 4263 2902 4316 sacrosancti
2977 4260 3158 4316 Missa
3209 4263 3466 4317 sacriticii

1882 4363 2114 4423 tempus,
2179 4347 2388 4424 paravit
2434 4356 2548 4425 ipse
2599 4355 2743 4408 intra
2797 4354 3041 4413 cubiculi
3091 4356 3175 4408 sui
3231 4357 3467 4426 parietes

1879 4446 2118 4500 edulium
2149 4462 2178 4502 e
2207 4447 2595 4516 leguminibus,
2638 4447 3045 4517 Omphasulum
3091 4448 3250 4517 vulgo
3286 4449 3470 4516 appel-

1813 4538 2075 4634 t)latum,
2126 4538 2328 4594 caloris
2388 4553 2556 4594 causa
2621 4543 3080 4609 non‘permittcns
3112 4556 3464 4608 queinquam,

1879 4643 2101 4703 propter
2136 4632 2306 4704 frigus
2335 4633 2477 4703 quod
2515 4643 2627 4687 tttm
2690 4634 2951 4701 temporis
2984 4634 3370 4697 iuvaleseebat,
3402 4648 3467 4686 co

1880 4727 2106 4782 intrare.
2149 4727 2412 4782 Assidens
2467 4728 2631 4796 igitur
2691 4727 2851 4794 foco,
2913 4727 3152 4781 edulium
3187 4742 3343 4782 suum
3373 4743 3468 4782 co-

1881 4836 2053 4890 quere
2085 4822 2137 4874 in
2175 4821 2346 4876 lebete
2370 4821 2568 4891 exiguo
2605 4822 2880 4876 nitebatur
2917 4839 2932 4887 ;
2969 4838 3090 4874 cum
3152 4823 3278 4874 dato
3309 4822 3466 4890 signo

1882 4915 1948 4967 ad
1978 4913 2212 4976 Nouum,
2252 4928 2481 4983 propere
2529 4928 2763 4984 surgens
2816 4915 2881 4969 ad
2924 4915 3204 4969 ecclesiam
3245 4929 3301 4967 se
3333 4929 3468 4967 con-

1887 5004 2030 5069 tuiit,
2091 5005 2224 5059 nulli
2277 5020 2407 5060 cura
2459 5006 2672 5060 obsonii
2707 5006 3052 5061 demandata.
3085 5005 3185 5060 Ubi
3237 5021 3302 5058 co
3343 5022 3468 5074 per-

1885 5108 2106 5152 ventum
2141 5108 2248 5164 est,
2280 5099 2600 5154 maledictus
2633 5101 2868 5163 daemon,
2927 5098 3018 5167 qui
3082 5097 3496 5154 indecentibus.

1867 5189 2089 5259 ,ubique
2123 5191 2376 5258 cogitatis
2430 5191 2712 5246 hominum
2766 5192 2981 5246 animos
3012 5207 3327 5261 oppugnare
3357 5210 3462 5245 non

1885 5268 2082 5342 cessat,
2135 5281 2394 5335 infestare
2435 5283 2686 5350 juvenem
2720 5281 2886 5351 coepit
2937 5283 3101 5336 variis
3162 5284 3226 5336 de
3255 5281 3405 5354 abitu
3436 5297 3464 5336 e

1885 5372 2088 5442 templo
2116 5373 2562 5444 cogitationibus,
2602 5383 2905 5442 praztexens
2949 5373 3209 5443 pulmenti
3275 5388 3466 5427 curam

1884 5452 2188 5522 habendam
2249 5482 2395 5533 esse,
2447 5481 2554 5521 non
2608 5467 2716 5521 alio
2783 5468 2922 5529 ﬁne,
2954 5474 3123 5535 quam‘
3174 5474 3231 5520 ut
3261 5467 3462 5535 ipsum,

1885 5559 2052 5614 ﬁnitis
2088 5560 2332 5613 nondum
2375 5560 2650 5630 precibus,
2681 5561 2747 5615 ab
2786 5561 3009 5615 ecclesia
3061 5559 3302 5615 eliceret.
3355 5558 3461 5610 Co-

1885 5655 2175 5723 gitationes
2201 5662 2382 5708 autem
2421 5653 2653 5723 injectae,
2683 5661 2833 5710 erant
2895 5651 3057 5722 hujus
3093 5652 3234 5707 modi
3273 5666 3286 5703 :
3323 5647 3468 5702 Ecce

1246 5830 1258 5866 :
1317 5813 1472 5868 Κατὰ
1499 5812 1558 5865 τὸ
1598 5811 1789 5865 δοκοῦν
1829 5811 1975 5880 αὖτῴ
2008 5811 2389 5884 ἐγκρατεύετο.
