4024 6446
533 260 633 327 691

1589 263 2004 324 NICEPIIORI
2041 262 2524 325 PRESBYTERI
2558 236 2668 327 er.
2779 325 2782 328 .

3649 269 3744 332 692

536 394 632 448 per
688 376 1043 446 septimanam
1080 378 1304 434 solidam
1363 380 1739 435 miserandum
1783 381 1835 434 in
1874 379 2093 436 modum

2210 379 2493 451 ἑῦδομάδος
2547 379 3026 452 ἐταλαιπωρήθης,
3072 379 3363 452 βρώματος
3408 384 3502 436 καὶ
3561 386 3746 455 πόσιευς

536 484 587 526 te
650 469 911 542 alliigcns,
969 471 1094 528 cibo
1123 464 1360 544 potuque
1399 473 1738 538 abstinuisti,
1794 482 2097 543 prostratus

537 562 711 629 humi,
765 561 904 617 duro
940 562 1056 618 solo
1077 562 1428 630 decumbens,
1469 561 1615 618 omni
1648 563 1842 618 solatio
1871 561 2097 617 chtitn-

538 667 658 723 tus;
695 656 746 712 in
804 657 979 728 iisque
1031 667 1140 712 tam
1170 658 1433 712 violenter
1461 659 1787 727 perdurasti,
1846 666 1904 712 ut
1934 671 2099 726 prope

541 747 785 803 abfueris
815 764 843 802 a
876 756 1046 802 morte
1086 764 1194 817 pra:
1221 749 1412 804 ardore
1436 749 1620 812 nimio,
1656 763 1685 803 a
1708 750 1798 802 siti
1823 750 2058 803 excitato
2082 762 2106 798 ιε

539 854 662 893 cum
690 855 815 894 vero
847 855 991 894 cura:
1027 841 1120 895 tibi
1154 856 1274 895 esse
1294 840 1512 895 deberet
1533 826 1827 910 pauxillum
1857 839 2097 893 alimenti

542 947 732 1000 parare
761 941 814 988 et
844 948 1081 1000 sumere,
1124 935 1214 988 illo
1246 934 1362 1003 ipso
1392 935 1577 990 relicto
1615 934 1830 988 abitisti
1857 933 2100 988 incurius

545 1025 676 1077 nulli
707 1027 960 1094 cuiquam
985 1025 1236 1080 mandato
1273 1025 1496 1080 curandi
1553 1025 1764 1080 obsonii
1799 1024 2050 1094 imposito
2084 1039 2097 1076 :

543 1115 674 1168 vade
710 1114 892 1185 igitur,
927 1123 980 1169 et
1005 1114 1231 1184 inspice,
1265 1131 1394 1169 num
1452 1113 1609 1179 forte,
1644 1115 1894 1169 adustum
1922 1121 2101 1168 calore

545 1204 733 1266 nimio,
774 1206 921 1275 gravi
961 1206 1181 1261 domum
1227 1206 1415 1261 nidore
1444 1206 1742 1275 compleat;
1803 1205 2098 1274 periculum

541 1296 684 1348 enim
745 1296 940 1350 nullum
995 1306 1097 1360 est,
1152 1312 1217 1351 ne
1254 1305 1475 1353 coactus
1526 1296 1616 1352 hic
1641 1295 1878 1351 ﬁdelium
1926 1307 2099 1350 coetus

542 1388 832 1452 dilabatur,
892 1389 1208 1459 priusquam
1274 1389 1452 1444 omnia
1533 1399 1755 1460 tu,quas
1801 1390 2099 1456 consuesti,

540 1479 839 1534 orationum
867 1495 1029 1551 pensa
1059 1481 1402 1552 persolveris.

610 1568 697 1624 52.
726 1569 847 1626 Ilaec
874 1584 1033 1640 atque
1078 1572 1207 1638 alia,
1259 1571 1421 1626 etiam
1447 1569 1770 1635 eﬂicaciora,
1831 1577 1994 1640 utque
2024 1569 2104 1622 vi-

537 1662 804 1718 debantur
825 1677 998 1732 aqua,
1031 1675 1352 1734 suggerente
1380 1665 1613 1733 superbo
1672 1664 1914 1720 daemone
1946 1678 1958 1713 :
1989 1677 2104 1717 ma-

2201 473 2614 544 ὐστερούμενος,
2643 473 2958 545 χαμεύνης,
2993 475 3351 547 ξηροκοιτῶν,
3395 479 3507 532 ἀπὸ
3549 480 3750 534 πάντων

2199 562 2655 633 ἀπαραμύθητος,
2689 564 2784 617 καὶ
2824 564 2999 620 ταῦτα
3038 565 3133 637 βίᾳ
3159 568 3595 640 ἐξυπηρετήσας,
3625 570 3750 624 ὥστε

2200 655 2547 724 ἀποῲγῆναι
2587 655 2664 727 τῷ
2690 657 2929 710 καύσωνι
2959 659 3036 730 τῷ
3072 659 3181 713 ἀπὸ
3225 661 3384 732 δίψης
3421 663 3755 730 ἐπιγεγονότι

2202 761 2284 797 σοι
2314 760 2327 772 ·
2369 746 2455 798 ὅτε
2481 743 2578 799 οὖν
2607 746 2824 816 θφειλες
2861 747 2961 819 τήν
2991 750 3181 819 εὐτελῆ
3208 768 3303 804 σου
3334 753 3548 825 τροφὴν
3571 755 3756 824 ἐπιμε-

2201 835 2466 906 λήσασθαι
2497 837 2592 891 τοῦ
2631 843 2943 910 μετασχεῖν,
2994 843 3201 915 ταύτην
3230 844 3520 916 παρεάσας
3568 845 3758 918 ἀνεχώ-

2206 946 2406 999 ρησας,
2432 930 2541 984 τινὶ
2582 931 2711 1002 περὶ
2752 932 2924 1013 αὐτῆς
2974 935 3049 1006 μὴ
3089 937 3486 1009 ἐντειλάμενος.
3548 939 3758 1004 Ἔξελθε

2201 1014 2294 1072 οῦν
2317 1019 2413 1073 καὶ
2445 1019 2657 1086 θέασαι,
2685 1021 2758 1091 μή
2787 1038 2906 1086 πως
2933 1024 3152 1080 καύσων
3177 1028 3481 1098 πεποίηκεν
3501 1027 3776 1098 δυσωδίαν

2201 1111 2652 1180 ἐπισπασάμενον
2685 1127 2701 1144 ο
2741 1115 2803 1166 οὐ
2837 1113 2949 1186 γὰρ
2997 1115 3073 1187 μὴ
3105 1102 3390 1190 ἀποδράσῃ
3430 1119 3465 1188 ή
3501 1117 3761 1190 ἐκκλησία

2203 1202 2311 1255 ἀπὸ
2341 1201 2450 1256 τῶν
2471 1194 2595 1269 ὧδε,
2630 1202 2825 1276 μέχρις
2870 1205 2938 1258 ἂν
2968 1206 3374 1282 ἁποπληρὼσης
3406 1209 3475 1265 τὰ
3512 1210 3573 1274 ἐξ
3616 1208 3760 1270 ἔθους

2204 1314 2308 1349 σοι.

2271 1576 2367 1638 νβ’.
2395 1575 2583 1640 Ταῦτα
2596 1574 2691 1630 τοῦ
2715 1575 2974 1641 ἀλαζόνος
2995 1577 3129 1647 (71),
3153 1578 3233 1642 ὡς,
3251 1577 3588 1647 εὐλογοφανῆ
3609 1573 3770 1642 δῆθεν

2204 1673 2587 1736 ὑποτιθεμένου
2631 1672 2726 1724 καὶ
2769 1670 2904 1725 ἄλλα
2948 1671 3070 1726 τινὰ
3110 1671 3539 1739 δραστικὼτερα,
3581 1672 3609 1722 ὁ
3653 1668 3768 1723 θεο-

539 1755 876 1810 ehinationes
903 1757 1020 1825 ejus
1053 1757 1335 1826 perspicue
1364 1769 1703 1824 cognoscens
1747 1754 2100 1826 Epiphanius,

2210 1763 2388 1832 φιλὴς,
2420 1761 2635 1823 νεανίας
2661 1761 2760 1816 οὐκ
2791 1762 3025 1832 ἠγνόησε
3054 1759 3120 1813 τὰ
3147 1758 3240 1812 τώ
3274 1759 3510 1828 πονηροῦ
3529 1761 3771 1827 μηχανή-

540 1850 681 1902 lzunc
715 1849 766 1902 in
807 1850 1024 1902 modum
1056 1847 1329 1902 insidianti
1357 1849 1630 1916 respondit
1662 1863 1680 1901 :
1715 1846 1820 1901 Deo
1838 1863 1980 1902 cura:
1997 1845 2100 1901 erit

538 1942 777 1997 edulium
815 1957 1018 2004 mium.
1051 1941 1304 2008 nutrienti
1341 1940 1602 2010 quidquid
1639 1940 1803 2005 vivit,
1830 1941 1943 2010 ipse
1971 1952 2099 2008 pro-

542 2044 714 2090 tector
766 2035 888 2089 vita:
952 2019 1104 2090 mete.
1167 2030 1318 2088 Talia
1374 2033 1586 2103 impuro
1641 2031 1804 2095 hosti,
1832 2029 2102 2100 precantis

540 2126 776 2180 animum
811 2127 863 2180 in
889 2125 1098 2181 diversa
1121 2124 1333 2180 trahere
1367 2132 1585 2188 conato,
1609 2131 1784 2176 mente
1804 2120 2066 2189 objiciens
2085 2161 2100 2184 ,

539 2229 592 2274 τι
640 2218 820 2272 crucis
879 2219 1032 2288 signo
1065 2233 1124 2273 se
1161 2219 1437 2282 muniens,
1492 2216 1556 2270 ad
1609 2212 1767 2268 tinent
1809 2227 1979 2282 usque
2011 2211 2104 2266 Ol“-

540 2311 644 2368 tieii
679 2310 837 2367 isthic
869 2311 1125 2382 perstitit.
1179 2308 1317 2364 Tum
1372 2311 1438 2365 ad
1497 2323 1556 2364 se
1594 2320 1862 2370 remeans,
1899 2304 2104 2358 invenit

539 2409 764 2454 cunctos
817 2399 870 2453 in
927 2399 1342 2454 admirationem
1395 2408 1580 2470 raptos
1616 2397 1687 2452 ob
1721 2395 2103 2451 suavissimam

540 2490 725 2546 odoris
777 2488 1154 2562 fragrantiam,
1208 2506 1313 2560 qua
1369 2490 1566 2544 domus
1629 2486 2104 2558 perfdndebatur:

543 2581 800 2651 auditque
850 2581 1145 2651 pendentes
1177 2580 1374 2634 animis
1409 2591 1571 2649 atque
1608 2579 1942 2651 ignorantes,
1966 2574 2109 2629 unde

546 2674 760 2727 tandem
813 2674 1054 2729 suavitas
1087 2673 1174 2728 illa
1219 2673 1502 2741 aspiraret,
1531 2681 1786 2740 tanquam
1821 2637 1886 2724 de
1909 2684 1964 2723 re
1991 2669 2111 2722 inu-

547 2767 705 2818 sitata
743 2765 1083 2835 interpellare
1137 2779 1280 2828 sese,
1304 2762 1571 2819 “dicentes
1608 2777 1620 2813 ε
1653 2759 1768 2814 Huc
1789 2747 1954 2823 adsis,
1984 2757 2110 2812 bere

548 2866 731 2911 noster
789 2857 1006 2923 dilecte,
1044 2854 1518 2926 incomparabilem
1571 2854 1707 2908 hanc
1763 2849 2108 2920 fragrantiaut

546 2949 739 3015 olfacc,
798 2965 917 3020 quae
978 2951 1120 3004 unde
1178 2949 1401 3019 prodeat
1462 2947 1663 3002 rescire
1705 2942 1884 2998 nullus
1913 2949 2108 3012 potest.

547 3043 794 3108 Cumque
823 3042 1146 3116 accessisset
1183 3037 1519 3110 Epiphanius
1539 3034 1707 3090 sensit
1755 3042 1808 3088 et
1841 3032 1959 3102 ipse
1983 3046 2110 3086 sua-

545 3137 764 3189 vitatem
799 3133 982 3188 odoris
1011 3131 1336 3195 mirabilem,
1361 3139 1414 3185 et
1448 3129 1522 3183 rei
1574 3125 1809 3182 novitate
1832 3122 2113 3194 perculsus

542 3235 645 3281 est.
693 3226 972 3294 Ingressus
1025 3221 1551 3284 vero'cubiculum,
1614 3217 1704 3272 ubi
1757 3215 1970 3272 [oculos
1997 3222 2111 3269 erat

542 3315 869 3371 carbonibus
927 3313 1139 3384 plenus,
1185 3319 1241 3381 et
1301 3310 1779 3377 circumspectans,
1845 3302 2112 3372 conspicit

542 3405 794 3476 juvenem
826 3403 1104 3473 dignitatis
1133 3401 1365 3466 eximite,
1391 3400 1731 3470 proceritatis
1753 3395 2107 3461 admiranda,

545 3508 765 3561 prorsus
801 3495 1055 3547 decenter
1105 3491 1468 3561 compositum
1507 3507 1521 3544 :
1557 3488 1878 3544 coruscabat
1944 3486 2110 3541 facies

540 3586 659 3656 ejus
689 3586 892 3640 clarius
923 3585 1057 3649 sole,
1087 3595 1140 3640 et
1181 3583 1537 3638 amiciebatur
1580 3581 1754 3646 stola,
1783 3594 1903 3650 quae
1935 3579 2106 3648 ipsam

544 3694 651 3732 non
683 3678 971 3734 dedcceret
1012 3679 1354 3747 maiestatem
1385 3675 1644 3734 divinam,
1671 3689 1698 3726 a
1729 3673 1867 3727 collo
1893 3670 2107 3741 quidem

520 3762 763 3838 pectore
809 3779 964 3824 tenus
1017 3767 1266 3835 candida,
1298 3783 1431 3824 auro
1473 3767 1760 3843 intertexta
1792 3805 1808 3833 ,
1838 3764 1960 3820 hinc
1982 3779 2108 3819 vero

547 3878 641 3930 per
698 3862 913 3917 lumbos
945 3861 1189 3932 adusque
1243 3875 1438 3930 genua,
1476 3861 1646 3916 instar
1676 3858 1875 3919 herbm,
1922 3855 2110 3912 viridis

547 3962 600 4010 et
632 3955 814 4009 citrini
851 3954 1049 4010 coloris
1093 3955 1300 4008 nitente
1341 3969 1355 4005 :
1393 3961 1553 4022 caput
1598 3949 1854 4005 rutilabat
1883 3947 2110 4002 ﬂavente

546 4061 721 4111 roma,
775 4045 984 4114 capillis
1012 4060 1202 4099 aurum
1253 4043 1589 4114 fulgoresuo
1621 4039 1975 4100 imitantibus.
2018 4037 2108 4092 Ti-

546 4153 697 4212 more
760 4139 1068 4208 perculsus-
1095 4138 1173 4192 ad.
1203 4138 1305 4191 hoc
1330 4137 1694 4205 spectaculum
1751 4131 2105 4202 Epiphanius,

544 4231 717 4286 cernit
777 4231 970 4286 faciem
1032 4230 1247 4300 juvenis
1309 4227 1684 4290 transformari
1726 4225 2106 4288 diversimode,

546 4325 705 4378 modo
752 4323 937 4391 instar
988 4321 1126 4376 nivis
1178 4309 1483 4384 candidam,
1541 4320 1704 4373 modo
1757 4317 1928 4373 instar
1970 4317 2110 4386 ignis

548 4411 931 4484 lnlgurantem.
999 4410 1211 4466 Nudum
1241 4404 1592 4481 protentlebat
1659 4411 1936 4464 brachium
1982 4410 2113 4463 dex-

550 4518 712 4572 trum,
743 4522 851 4576 quo
880 4506 1212 4577 apprehensa
1245 4521 1375 4560 ansa
1407 4496 1971 4571 lebetem'sustineba‘t,
2009 4519 2112 4556 non

550 4600 757 4654 otiosus
782 4599 960 4654 ioculo
995 4609 1197 4652 astans.

620 4893 706 4945 55.
768 4890 912 4944 Inter
968 4890 1080 4940 hac
1135 4899 1264 4953 ergo
1287 4882 1696 4952 obstupefacta,
1727 4891 1783 4935 ut
1821 4882 1950 4943 dixi,
1988 4882 2109 4950 Epi-

551 4985 774 5063 phanio,
801 4992 854 5036 et
883 4981 935 5035 in
972 4979 1274 5049 pulchrum
1309 4975 1434 5028 illud
1458 4973 1824 5044 spectaculum
1854 4988 1956 5026 non
1991 4973 2108 5027 sine

556 5080 779 5129 horrore
809 5074 1042 5142 quodam
1083 5069 1590 5137 intento,gratiosus
1638 5067 1724 5120 ille
1751 5081 1978 5133 coquus,
2011 5067 2108 5120 ob-

553 5170 708 5222 sonio
744 5167 1050 5235 degustato,
1089 5164 1230 5217 illius
1256 5162 1412 5233 quasi
1463 5159 1888 5229 experimentum
1922 5168 2108 5227 captu-

621 5304 730 5371 (7l)
755 5305 850 5357 Ms.
889 5301 1065 5357 Vatie.
1095 5301 1430 5371 solummodo
1461 5318 1475 5354 :
1512 5298 1907 5371 éﬁtx)i3COV1iO‘,.

626 5367 734 5436 (γε)
763 5375 1018 5439 "Aponio.
1052 5371 1150 5428 Ms.
1182 5370 1315 5423 Μαι.
1350 5371 1602 5438 ἄρουλλα.
1653 5367 1908 5420 Foculum
1945 5369 2114 5420 inter-

554 5455 753 5510 pretor.
821 5443 890 5494 Ita
953 5445 1104 5497 disert
1149 5458 1211 5494 ex
1269 5439 1573 5493 Scholiaste
1632 5439 2008 5510 Aristophanis
2050 5439 2114 5489 ad

555 5508 892 5582 Acbarneus.
953 5512 1240 5582 Ἐσχάραν,
1302 5509 1407 5582 τὴν
1457 5515 1547 5559 νῦν
1588 5508 1925 5577 καλουμένην
1960 5510 2119 5577 ἄρου-

554 5587 672 5642 ‘uv,
712 5581 910 5641 focum,
937 5580 1092 5647 quem
1123 5580 1265 5635 ituoc
1295 5580 1501 5632 arulam
1540 5587 1870 5647 nuncupant.

622 5652 733 5718 (75)
754 5651 849 5704 Ms.
878 5651 1072 5704 Mazur.
1102 5655 1362 5717 τένοντος,
1390 5649 1606 5717 torquis.
1630 5648 1905 5711 Signiﬁcat
1938 5657 2116 5700 autem

559 5740 721 5777 τίνων
777 5721 896 5774 ro/li
934 5723 1174 5774 (cudone;
1230 5738 1323 5776 seu
1388 5736 1564 5775 nervos
1608 5719 1971 5783 solidissinws,
2010 5723 2119 5774 sine

2206 1872 2369 1924 ματα,
2416 1854 2551 1927 πρὸς
2583 1855 2638 1908 δὲ
2677 1855 2775 1925 τὴν
2822 1854 3014 1908 τούτου
3069 1852 3341 1919 ὑποϐολήν
3393 1851 3767 1919 ἀπεκρένατω

2211 1949 2398 2002 Ἔστιν
2428 1945 2579 2012 Θεὸς,
2610 1940 2654 2014 ᾧ
2693 1963 2798 2006 τινι
2827 1947 2894 1998 τὰ
2925 1944 3053 2016 περὶ
3081 1929 3181 2014 τῆς
3215 1942 3357 2013 ἐμῆς
3387 1942 3592 2014 τροφῆς
3621 1959 3773 2011 μερι-

2209 2042 2441 2110 μνήσει·
2497 2041 2592 2093 καὶ
2657 2039 2763 2109 γὰρ
2818 2038 2983 2100 αὑτός
3027 2038 3174 2090 ἐστιν
3219 2037 3248 2089 ὁ
3312 2034 3528 2105 τρέφων
3593 2035 3773 2087 πᾶσαν

2209 2135 2402 2203 πνοὴν,
2433 2131 2528 2186 καὶ
2559 2130 2972 2202 ὑπερασπιστὴς
3001 2130 3096 2200 τῆς
3120 2117 3264 2200 ζωῆς
3295 2144 3416 2200 μου.
3452 2125 3645 2181 Ταῦτα
3675 2143 3774 2180 κα-

2205 2226 2273 2278 τὰ
2300 2224 2423 2278 νοῦν
2455 2226 2549 2278 καὶ
2578 2224 2816 2278 διάνοιαν
2853 2223 2931 2293 τῷ
2982 2220 3164 2292 μιαρῷ
3215 2208 3559 2291 συμμεριστῇ
3604 2219 3774 2273 ἀντει-

2210 2315 2344 2380 πὼν,
2390 2315 2483 2367 καὶ
2542 2313 3146 2384 κατασφραγισάμενος,
3185 2312 3372 2365 ἵστατο
3429 2311 3625 2381 μέχρις
3682 2312 3776 2378 τῆς

2209 2407 2543 2468 ἀπολύσεως.
2613 2403 2953 2458 Ἐπανελθὼν
3005 2402 3099 2456 οῦν
3151 2404 3230 2466 εἰς
3263 2403 3350 2454 τὸν
3396 2396 3545 2455 οἷκον
3586 2397 3776 2463 αὑτοῦ,

2210 2492 2335 2567 εὗρε
2365 2497 2571 2556 πάντας
2598 2495 2974 2564 ξενιζομένους
3009 2495 3102 2546 ἐπὶ
3152 2495 3218 2563 τῇ
3260 2492 3498 2564 ἡδυτάτη
3543 2488 3778 2558 εὐοσμῐα

2209 2594 2275 2660 τῇ
2311 2589 2486 2642 ἐκεῖσε
2517 2586 2672 2660 οῦσῃ,
2706 2587 2943 2656 ἠπόρουν
2969 2602 3028 2638 τε
3060 2585 3298 2647 ἅπαντας
3327 2585 3452 2653 περὶ
3473 2582 3670 2651 αὐτῆς,
3707 2579 3780 2650 μὴ

2215 2679 2570 2749 ἐπιστάμενοι
2625 2677 2686 2732 τὸ
2740 2677 3283 2742 πόθενὰναδὶδοται,
3315 2677 3408 2729 καὶ
3457 2673 3606 2728 καθὰ
3656 2674 3781 2740 περὶ

2216 2771 2520 2843 ,παραδόξου
2568 2769 3063 2840 τινδςςπράγματος
3097 2768 3174 2839 τῷ
3216 2767 3518 2837 Ἐπιφανίῳ
3546 2765 3741 2834 ελεγον
3765 2780 3779 2794 ’

2215 2862 2405 2932 Δεῦρο,
2435 2861 2662 2929 φίλτατε
2693 2857 2850 2929 ήμῶν
2879 2859 3131 2925 δέσποτα,
3163 2856 3258 2909 κα)⁵
3281 2855 3620 2927 ὀσφράνθητι
3646 2854 3781 2906 stim-

2212 2953 2330 3016 δίας
2356 2952 2714 3021 άσυγκρίτου,
2738 2948 2902 3003 πόθεν
2931 2947 3327 3020 ἐκφερομένης,
3372 2948 3517 3010 τινος
3551 2945 3630 3015 μὴ
3660 2947 3780 3003 tm-

2217 3043 2505 3114 σταμένου.
2552 3041 2639 3103 Ὦς
2661 3036 2755 3095 οὖν
2785 3039 3172 3111 πλησιέστερον
3204 3039 3423 3105 ἐγένετο
3462 3038 3492 3089 ὁ
3544 3033 3783 3102 Ἐπιφά-

2213 3152 2344 3202 νιος,
2370 3132 2668 3205 ὼσφράνθη
2693 3133 2786 3186 καὶ
2807 3133 2968 3196 αὐτὸς
2991 3130 3088 3201 τῆς
3116 3129 3384 3199 ήδυτάτης
3406 3126 3623 3196 ἐκείνης
3650 3127 3784 3178 sim-

2211 3225 2352 3288 δίας,
2387 3223 2483 3277 καὶ
2512 3220 2831 3290 κατεπλάγη
2855 3221 2933 3290 τῷ
2958 3219 3198 3290 θαύματι
3232 3235 3247 3250 ο
3279 3218 3614 3280 εἰσελθόντος
3638 3217 3697 3270 δέ
3726 3218 3784 3270 ἐν

2210 3315 2286 3384 τῷ
2303 3314 2528 3367 κοιτῶνι
2557 3312 2747 3378 αὐτοῦ,
2774 3311 2901 3365 ἔνθα
2932 3307 3000 3382 ἦν
3028 3311 3140 3380 (72)
3187 3312 3217 3381 ή
3264 3309 3464 3381 ἄρουλα
3486 3308 3784 3378 πεπληρω-

2213 3407 2348 3476 μένη
2379 3403 2687 3476 ἀνθράκων,
2723 3403 2819 3456 καὶ
2847 3401 3152 3472 ἀναϐλέψας
3180 3404 3294 3464 τοῖς
3321 3398 3644 3469 ὀφθαλμοῖς,
3682 3398 3781 3468 ὁρᾷ

2211 3496 2426 3550 νεανίαν
2453 3494 2656 3565 εὐειδῆ,
2689 3495 2857 3565 μήκει
2887 3494 3198 3564 θαυμαστὸν
3220 3532 3234 3558 ,
3283 3491 3586 3562 εὐπρεπείᾳ
3623 3507 3781 3560 περι-

2211 3587 2684 3658 στοιχιιούμενον,
2726 3585 2914 3640 καὶτὸ
2967 3586 3263 3656 πρόσωπον
3317 3582 3491 3637 αὑτοῦ
3543 3582 3782 3652 αὐγάζον

2210 3682 2348 3753 ὑπὲρ
2401 3681 2573 3752 ἥλιον,
2627 3680 2999 3751 ἠμφιεσμένον
3056 3678 3249 3747 στολήν
3303 3677 3622 3749 θεοπρεπῆ,
3677 3677 3784 3732 ἀπὸ

2213 3774 2309 3842 μὲν
2353 3773 2468 3845 (73)
2522 3771 2616 3824 τοῦ
2667 3772 2920 3834 τένοντος
2957 3771 3117 3841 μέχρι
3165 3768 3260 3822 τοῦ
3301 3768 3530 3840 στήθους
3590 3769 3781 3832 αὐτοῦ,

2210 3865 2407 3937 λευκὴν
2439 3863 2645 3936 χρυσίῳ
2670 3863 3146 3934 ἀναμεμιγμένην,
3187 3861 3296 3914 άπὸ
3336 3859 3392 3913 δὲ
3425 3859 3519 3914 τοῦ
3549 3860 3764 3931 στήθου-

2210 3958 2314 4021 lto;
2343 3956 2442 4026 τῆς
2466 3955 2669 4024 ὀσφύος
2699 3956 2792 4008 καὶ
2825 3955 2986 4023 μέχρι
3024 3952 3133 4006 τῶν
3173 3951 3415 4020 γονάτων
3441 3951 3516 4013 ὡς
3549 3948 3768 4018 βατάνη,

2210 4050 2436 4120 χλοερᾶς
2469 4050 2560 4101 καὶ
2595 4045 2948 4116 κήτρου’(74)
2987 4044 3487 4112 ἀπαστράπτουσαν
3517 4058 3530 4070 ·
3585 4043 3779 4107 ξανθό-

2212 4157 2378 4210 κομος
2398 4141 2496 4207 τὴν
2533 4138 2776 4208 κεφαλὴν
2813 4138 2953 4206 ἔχων
2982 4135 3084 4199 τὰς
3111 4136 3304 4205 τρίχας
3352 4135 3426 4198 ὡς
3474 4128 3612 4196 εἶδος
3648 4149 3778 4203 χρυ-

2213 4233 2350 4285 σίου.
2379 4230 2692 4301 Θαμὸηθεὶς
2721 4225 2815 4282 οὗν
2840 4233 2867 4282 6
2894 4229 3012 4292 νέος
3039 4231 3132 4281 ἐπὶ
3157 4229 3217 4281 τὸ
3255 4227 3552 4298 ὁρώμενον,
3586 4227 3776 4295 βλέπει

2211 4325 2270 4377 τὸ
2310 4325 2598 4393 πρόσωπον
2621 4321 2784 4376 αὑτοῦ
2817 4322 3123 4392 μιταφέρον
3151 4337 3164 4351 ·
3203 4321 3294 4374 καὶ
3326 4319 3455 4373 ποτέ
3483 4319 3580 4388 μέν
3598 4319 3780 4387 ὑπῆρ-

2218 4434 2310 4486 χεν
2341 4415 2414 4478 ὼς
2453 4415 2608 4485 χιὼν,
2653 4413 2781 4466 ποτὲ
2808 4414 2864 4467 δὲ
2897 4413 2971 4474 ὼς
3023 4411 3131 4480 πῦρ
3177 4412 3568 4481 ἀπαστράπτον
3590 4427 3603 4441 ·
3638 4406 3782 4479 εἶχεν

2217 4509 2272 4562 δὲ
2299 4507 2820 4577 ἀποκεκαλυμμένον
2855 4507 2944 4560 τὸν
2976 4505 3237 4574 βραχίονα
3273 4503 3436 4557 αὑτοῦ
3466 4503 3555 4556 τὸν
3583 4503 3776 4569 δεξιὸν,

2214 4603 2272 4654 ἐν
2305 4600 2381 4669 τῷ
2414 4600 2666 4668 κατέχειν
2713 4598 2871 4650 αὑτὸν
2923 4597 3021 4664 τήν
3061 4595 3230 4665 λαὸὴν
3269 4597 3362 4646 καὶ
3408 4592 3485 4664 τῷ
3520 4593 3780 4662 κυθριδίῳ

2213 4691 2627 4763 ἐπερείδεσθαι·
2691 4692 2876 4742 ἵστατο
2922 4689 2977 4740 δὲ
3035 4688 3094 4739 ἐν
3157 4689 3219 4741 τῆ
3275 4686 3477 4756 ἀοούλῃ
3521 4685 3778 4755 ἀσχολού-

2216 4803 2396 4851 μενος.

2278 4885 2376 4946 νγ’.
2414 4880 2501 4932 Ἐν
2528 4879 2605 4950 τῷ
2633 4876 2724 4932 οὖν
2749 4880 2924 4932 ἐννεὸν
2953 4881 3173 4933 ἑστάναι
3201 4878 3290 4929 τὸν
3320 4871 3657 4938 Ἐπιφάνιον,
3687 4866 3777 4919 καὶ

2205 4973 2299 5039 τὴν
2345 4970 2467 5024 θέαν
2511 4969 2677 5024 αὑτοῦ
2722 4969 3135 5038 ἐκθαμϐεῖσθαι,
3178 4967 3206 5017 ὁ
3252 4963 3381 5035 ήδὺς
3425 4962 3630 5020 ἐκεῖνος
3678 4957 3777 5022 μά-

2219 5082 2423 5136 γειρος,
2456 5063 2792 5132 γευσάμενος
2821 5058 2915 5112 τοῦ
2942 5055 3126 5122 ζωμοῦ
3157 5050 3357 5105 ὡσανεὶ
3381 5053 3575 5120 πεῖραν
3595 5048 3777 5100 λαϐεῖν

2223 5159 2561 5230 πειρώμενος
2597 5157 2691 5209 τοῦ
2723 5155 3024 5224 ἑψήματος,
3062 5146 3306 5201 ἐκϐαλὼν
3336 5147 3400 5200 ἐκ
3443 5144 3538 5198 τοῦ
3579 5143 3773 5196 κόλπου

2222 5315 2452 5352 unornm
2486 5312 2646 5366 opera
2680 5293 2905 5366 cervicis
2933 5290 3191 5366 vertcbrre
3236 5285 3452 5366 .collurn
3498 5281 3777 5366 nequirent

2217 5370 2483 5422 sustinere
2518 5352 2535 5420 ς’
2562 5368 2651 5419 sed
2709 5373 2760 5417 et
2816 5365 2971 5422 τένας
3019 5360 3208 5412 collum
3236 5356 3507 5409 invenitur
3555 5354 3607 5404 in
3634 5352 3776 5422 Actis

2217 5418 2575 5491 S‘V'i'lieodori
2601 5418 2797 5496 Ducis,
2835 5418 2976 5485 unde
3031 5431 3322 5490 τενάντιον,
3371 5435 3611 5491 torques,
3640 5418 3774 5489 apud

2219 5509 2667 5649 Νῗςῗέηὶὲήτρου.
2697 5575 2793 5630 Ms.
2824 5572 2954 5627 Maz'.
2989 5572 3171 5635 κίτρον
3201 5568 3343 5639 quod
3365 5565 3565 5621 malim.
3593 5560 3774 5616 Latine

2222 5653 2401 5702 (itrns.
