4176 6506
343 413 445 477 693

1501 413 1677 474 VITA
1721 413 1784 473 S.
1829 409 2160 473 ANDREJE
2200 405 2391 468 ΒΑΗ.

3484 385 3601 454 694

345 524 506 580 αὐτοῦ
545 524 814 594 ἐγχείριον
859 523 970 594 (75)
1023 522 1240 593 μικρὸν,
1294 522 1388 575 καὶ
1427 522 1566 594 ἄρας
1607 527 1719 587 τοῖς
1766 523 1912 592 τρισὶ

2024 538 2134 584 rus,
2168 519 2387 591 protulit
2409 534 2434 572 e
2467 517 2588 573 sinu
2619 530 2719 572 suo
2749 510 3030 570 vasculum
3057 509 3349 581 quoddam,
3391 505 3595 559 tribus-

345 618 624 679 δακτύλοις
653 617 814 669 αὐτοῦ
841 617 1062 686 ἀρτυμά
1088 633 1140 668 τι
1173 614 1268 668 ἀπ’
1295 615 1526 677 ἐκείνου,
1556 612 1913 680 σταυροειδῶς

345 708 418 777 τῷ
445 706 708 775 κυθριδίῳ
740 706 1016 770 ἐνέϐαλεν,
1068 706 1161 758 καὶ
1214 703 1291 774 τῷ
1345 705 1554 774 παὶλίῳ
1589 705 1678 755 τὸν
1709 702 1913 756 ἀποκε-

349 788 695 866 καλυμμένον
743 796 1002 865 βραχίονα
1044 794 1210 848 αὐτοῦ
1268 794 1642 862 κατεκάλυψεν
1671 812 1684 826 ·
1723 795 1914 862 ἐντρα-

348 893 498 952 νίσις
532 905 589 940 τε
626 887 702 957 τῷ
748 886 1047 955 Ἐπιφανίῳ
1079 886 1301 955 μειδιῶν
1329 886 1407 954 τῷ
1450 885 1749 954 προσώπῳ,
1794 902 1918 954 κτη-

286 1031 293 1043 ,
351 982 581 1047 σάμενος
614 965 890 1047 πτέρυγας
916 978 1243 1049 πυῤῥάκεις,
1268 976 1406 1047 ἀερας
1437 977 1629 1030 ὲαυτδν
1658 978 1764 1030 ἀπὸ
1790 979 1912 1047 γῆς,

349 1073 426 1130 εἰς
467 1071 728 1139 οὐρανοὺς
755 1070 947 1140 ᾤχετο.
1003 1070 1333 1137 Ἰλιγγιάσας
1363 1069 1419 1122 δὲ
1467 1070 1578 1130 τοῖς
1619 1071 1917 1141 ὁρωμένοις

348 1163 377 1217 ὁ
414 1163 532 1223 νέος
572 1163 663 1213 καὶ
715 1161 1110 1228 καταπλαγεὶς,
1157 1160 1349 1230 ἐξέστη
1383 1159 1460 1230 τῷ
1498 1159 1791 1230 πνεύματι,
1824 1161 1920 1213 καὶ

353 1253 613 1322 στραφεὶς
646 1252 787 1305 κατὰ
842 1251 1134 1313 Ἀνατολάς
1171 1251 1270 1313 τάς
1318 1252 1508 1322 χεῖρας
1545 1250 1718 1304 αὐτοῦ
1750 1251 1919 1304 πετά-

292 1347 296 1350 ’
350 1360 447 1404 σας
478 1342 612 1410 πρὸς
635 1342 858 1411 Κύριον,
897 1341 989 1394 καὶ
1017 1340 1247 1409 δάκρυσι
1289 1341 1646 1412 συνεχόμενος
1689 1339 1872 1409 ἔλεγεν
1900 1353 1918 1370 ⁶

347 1432 415 1484 Οἵ
439 1449 549 1499 μοι,
582 1431 751 1500 Κύριέ
792 1449 914 1494 meo,
943 1431 1024 1492 τίς
1050 1432 1165 1500 ειμι
1193 1430 1348 1499 ὲγὼὸ
1378 1429 1570 1485 κύωνό
1600 1448 1920 1502 συντετριμ-

352 1521 532 1588 μένος,
573 1519 655 1571 ὅτι
678 1517 1067 1590 ὲξλίπέστειλας
1093 1518 1185 1572 τὸν
1222 1519 1478 1589 φίλτατόν
1518 1529 1620 1573 ’σου
1654 1521 1920 1588 Ἀγγελον

348 1612 876 1682 τοῦκὲξυπηρείτῆσαί
907 1630 996 1683 μοι
1027 1630 1043 1678 ;
1072 1612 1390 1684 Εὐχαριστῶ
1418 1616 1485 1684 τῇ
1522 1617 1588 1685 σῇ
1619 1613 1922 1684 φιλανθρωο

349 1705 472 1772 πίᾳ,
498 1701 702 1772 Κύριε,
757 1705 850 1756 καὶ
895 1704 955 1755 τὸ
988 1704 1220 1774 μέγεθος
1244 1705 1342 1774 τῆς
1389 1706 1795 1778 εὐσπλαγχνίας
1826 1724 1919 1760 σου

349 1795 641 1859 ἑκθειάξω,
675 1795 798 1847 καθ’
838 1798 920 1848 ὅτι
977 1797 1121 1867 κάμὲ
1162 1797 1250 1851 ἐπ’
1288 1795 1577 1868 ἀνακρίσει
1631 1798 1916 1866 κέκτησαι,

2016 628 2123 683 que
2155 612 2281 666 inde
2317 610 2501 681 digitis
2542 607 2746 676 aliquid
2780 601 3110 660 condimenti
3157 601 3448 668 excipiens,
3479 596 3592 649 for-

2018 713 2166 758 mato
2214 691 2392 756 cru-cis
2439 702 2618 772 signo,
2684 699 2735 751 in
2795 698 2955 750 ollam
3011 693 3233 762 injecit,
3284 690 3594 757 nudumque

1983 868 1986 870 γ
2020 793 2303 848 brachium
2365 792 2504 845 intra
2557 789 2779 860 pallium
2841 786 3046 841 abdidit
3083 801 3096 836 :
3129 798 3191 836 ac
3221 791 3332 836 tum
3365 779 3596 870 denique

2019 885 2072 938 in
2116 884 2481 953 Epiphanium
2545 882 2756 936 ridente
2786 877 2934 932 vultu
2991 875 3241 937 intuitus,
3291 868 3594 940 explicatis,

2018 991 2156 1044 quas
2213 976 2462 1036 habebat,
2494 973 2674 1028 rutilis
2701 971 2804 1025 alis
2830 970 3052 1025 elevans
3089 982 3198 1021 sea
3231 973 3397 1027 terra,
3427 958 3600 1016 subli-

2021 1073 2122 1125 mis
2153 1069 2398 1126 in'ctelos
2440 1070 2590 1124 abiit.
2619 1067 2691 1120 Ex
2720 1083 2826 1137 qua
2887 1064 3096 1119 visione
3142 1062 3380 1129 caligatis
3423 1054 3598 1112 oculis

2019 1159 2378 1229 Epiphanius,
2419 1169 2472 1212 ct
2520 1156 2855 1225 stupefactus
2898 1153 3123 1224 spiritu,
3175 1161 3473 1203 conversus
3529 1141 3596 1197 ad

2025 1251 2320 1317 Orientem,
2370 1249 2641 1322 protensis
2683 1248 2747 1301 ad
2783 1245 3071 1300 Dominum
3130 1240 3383 1295 manibus
3424 1237 3603 1305 lacry-

2022 1344 2234 1413 misque
2316 1358 2483 1412 genas
2544 1339 2847 1413 rigantibus
2884 1355 2896 1392 :
2931 1333 3022 1388 Hei
3057 1332 3228 1395 \mihi,
3290 1328 3596 1387 exclamat,

2025 1435 2250 1489 Domine
2280 1433 2421 1487 Deus
2478 1447 2655 1494 meus,
2676 1410 2800 1499 quis
2823 1442 2923 1496 ego
2946 1440 3088 1490 sum,
3125 1423 3276 1477 canis
3303 1418 3598 1481 contritus,
3631 1481 3634 1483 Α

2023 1529 2167 1598 quod
2202 1529 2454 1596 angelum
2513 1527 2607 1580 tibi
2642 1525 2899 1578 dilectum
2940 1519 3155 1575 miseris
3211 1516 3596 1570 famulaturum

2023 1618 2156 1674 mihi
2179 1619 2201 1672 ?
2222 1618 2432 1674 Gratias
2447 1632 2548 1688 ago
2567 1615 2883 1685 benignitati
2909 1624 3034 1670 tum.
3058 1611 3302 1673 Domine,
3319 1618 3370 1662 et
3394 1604 3602 1672 magni-

2025 1712 2266 1766 tudinem
2344 1708 2734 1784 miserieordim
2833 1715 2934 1760 tua:
3025 1704 3280 1773 religiose
3329 1712 3598 1758 veneror,

2024 1804 2168 1873 quod
2223 1802 2326 1858 mei
2354 1818 2573 1872 quoque
2602 1799 2897 1870 iujudiciis
2945 1798 3050 1853 tuis
3110 1793 3410 1856 reminisci,
3451 1788 3595 1859 quod

350 1887 410 1939 ὲν
452 1889 526 1956 τῇ
559 1887 716 1958 θεῖκῇ
753 1903 847 1940 σου
883 1887 1112 1957 δυνάμει
1168 1887 1510 1958 περιφέρεις,
1544 1887 1636 1941 καὶ
1673 1891 1761 1951 εἰς
1801 1888 1916 1950 ἑνὸς

2128 1870 2387 1966 potentias
2425 1870 2528 1948 tua:
2595 1893 2791 1947 divina:
2857 1890 3076 1945 tutelam
3118 1887 3419 1965 suscipere,
3453 1880 3597 1951 quod

348 1979 515 2031 τόπον
549 1978 660 2032 τῶν
704 1978 1040 2047 ἀγαπώντων
1075 1997 1133 2032 σε
1183 1979 1330 2050 ἔχεις
1377 1980 1542 2050 κάμέ.
1595 1979 1914 2052 Εὐχαριστῶ

351 2087 432 2121 σοι
463 2069 539 2138 τῷ
559 2068 752 2138 ἀγαθῷ
782 2072 875 2123 καὶ
905 2064 1151 2142 ζωὸποιῷ
1191 2071 1476 2143 κηδεμόνι,
1518 2072 1611 2125 καὶ
1642 2074 1913 2142 προνοητῇ

347 2162 447 2229 τῆς
482 2145 755 2230 σωτηρίας
787 2179 887 2243 μου
899 2203 912 2217 .

421 2253 512 2307 νδ’.
534 2254 722 2309 ταῦτα
747 2256 883 2325 μετά
903 2259 1370 2328 συντετριμμένης
1392 2258 1619 2329 καρδίας
1641 2259 1935 2331 προσανθς-

349 2346 582 2414 μολογού
593 2361 751 2412 μενος
767 2385 780 2410 ,
805 2345 972 2414 ἀπῄει
995 2346 1294 2402 θεάσασθαι
1316 2349 1498 2402 ὁποῖον
1521 2349 1674 2421 αὐτῷ
1696 2353 1723 2403 ό
1742 2339 1933 2419 φανεὶς

349 2430 722 2481 κατεσκεύασε
786 2431 847 2483 τὸ
885 2431 1068 2501 ἕψημα
1112 2446 1126 2460 ·
1159 2427 1321 2502 εὗρεν
1358 2433 1414 2487 δὲ
1462 2433 1621 2489 τοῦτο
1664 2435 1920 2506 τοιαύτην

347 2521 474 2591 εχον
507 2521 754 2586 εὐωδίαν,
781 2523 903 2574 οἵαν
926 2539 1009 2586 τις
1052 2523 1375 2594 ἀριθμῆσαι,
1415 2527 1448 2597 ἢ
1477 2526 1777 2581 ἀπεικάσαι
1813 2532 1920 2583 τῶν

347 2615 444 2666 ἐπὶ
478 2614 576 2682 γῆς
601 2615 659 2665 οὐ
694 2614 936 2669 δύναται.
974 2614 1268 2684 Θαυμάσας
1289 2617 1363 2669 λδὲ
1401 2618 1461 2669 ea
1510 2620 1763 2688 πρᾶγμα,
1827 2622 1921 2673 καὶ

352 2705 610 2774 μεγάλως
641 2707 978 2773 εὐχαριστῶν
1015 2707 1093 2774 τῷ
1140 2707 1349 2777 Κυρίῳ,
1399 2708 1698 2778 ἐφθέγγετο
1732 2728 1745 2742 ⁸
1784 2713 1920 2776 Δόξα

349 2814 459 2861 σοι,
489 2795 843 2865 ,δεδοξασμένε
883 2797 1076 2868 Κύριε,
1103 2798 1218 2851 όιέν
1245 2800 1434 2868 Τριάδι
1459 2802 1794 2875 ὑμνούμενος
1829 2805 1941 2862 καὶ.

347 2889 853 2960 προσκυνούμενος,
887 2891 970 2942 ὅτι
1005 2891 1071 2944 τὰ
1109 2890 1206 2961 τῆς
1236 2893 1375 2962 ἐμῆς
1401 2893 1649 2956 εὐτελοῦς
1673 2897 1923 2967 νεότητος

345 2985 697 3054 ἀτυχέστατα
738 2984 982 3052 ἔργαείς
1025 2985 1238 3055 μέτρον
1260 2987 1423 3056 ἔχεις,
1452 2989 1546 3040 καὶ
1567 2989 1685 3050 ταῖς
1707 2990 1924 3046 ἀνειοιά-

348 3088 499 3138 amt;
538 3075 877 3145 εὐεργεσίαις
912 3092 1006 3128 σου
1051 3075 1149 3145 τὴν
1182 3076 1321 3147 ἐμὴν
1349 3079 1714 3149 ἀνικανότητα
1741 3097 1921 3153 παρα-

2020 1988 2206 2056 aliquo
2237 1985 2380 2041 inter
2411 1993 2660 2040 amantes
2689 1992 2740 2038 te
2771 1983 2893 2036 loco
2923 1994 3214 2034 numerare
3244 1977 3495 2044 dignatus
3517 1989 3596 2028 es.

2019 2076 2235 2131 Gratias
2292 2076 2389 2131 tibi
2441 2091 2566 2146 ago,
2639 2074 2733 2144 qui
2794 2083 2998 2128 cuncta
3035 2080 3181 2126 recte
3245 2066 3548 2123 moderaris
3583 2106 3598 2130 ,

2019 2177 2071 2222 ct
2102 2168 2167 2222 ad
2197 2167 2423 2222 salutem
2451 2181 2625 2220 meam
2657 2167 2933 2234 vitamque
2954 2171 3214 2218 aeternam
3260 2160 3528 2228 disponis.

2089 2261 2178 2316 54.
2243 2259 2355 2316 lloc
2404 2260 2565 2313 modo
2593 2257 2784 2328 gratiis
2812 2258 3046 2312 contrito
3077 2255 3242 2310 corde
3292 2251 3601 2321 persolutis,

2021 2351 2155 2404 abiit
2184 2352 2589 2419 exploraturus,
2625 2345 2785 2419 quale
2827 2349 2952 2414 sibi,
2976 2347 3407 2415 quiapparueral
3440 2357 3607 2411 ange-

2024 2443 2131 2508 lus,
2158 2442 2397 2512 edulium
2436 2450 2734 2510 parassct‘,
2760 2438 3068 2508 reperitquc
3119 2437 3277 2492 talem
3318 2434 3444 2489 inde
3472 2434 3603 2495 odo—

2025 2534 2098 2586 ris
2166 2531 2517 2602 iragrantiam
2573 2531 2858 2593 absistere,
2915 2539 2971 2583 ut
3040 2527 3181 2596 quod
3217 2526 3266 2581 ei
3317 2522 3604 2580 assintilari

2024 2624 2213 2692 possit.
2262 2632 2406 2678 terra
2432 2623 2546 2676 haec
2567 2622 2844 2675 contineat
2893 2620 3045 2673 nihil.
3075 2617 3250 2684 Quam
3299 2633 3410 2670 rem
3442 2616 3604 2668 mira-

2025 2725 2132 2782 tus,
2164 2717 2218 2770 in
2249 2715 2412 2771 hasce
2449 2714 2747 2785 gratiarum
2778 2713 3024 2767 actiones
3073 2711 3266 2764 iterum
3318 2703 3604 2777 prorupit:

2024 2805 2206 2862 Gloria
2259 2805 2375 2870 tibi,
2419 2805 2720 2874 gloriﬁcate
2782 2803 3024 2865 Domine,
3059 2816 3219 2871 quem
3251 2803 3302 2853 in
3338 2799 3604 2852 Trinitate

2023 2897 2308 2951 laudamus
2366 2904 2418 2952 et
2461 2895 2788 2959 adoramus,
2840 2893 3098 2963 quoniam
3165 2905 3284 2944 mea
3355 2889 3602 2943 vilissimi

2026 2987 2384 3044 adolescentis
2432 3002 2619 3056 opera,
2661 3002 2783 3040 vere
2834 2983 3247 3054 indignissima,
3271 2981 3452 3048 aliquo
3486 2982 3604 3033 loro

2027 3083 2224 3144 habes,
2268 3095 2555 3150 meamque
2591 3078 3025 3134 iusullicientiam
3063 3075 3432 3145 singularibus
3471 3089 3607 3142 pra:-

353 3169 573 3234 μυθείς,
605 3171 699 3222 καὶ
735 3169 1082 3239 κατηξίωσάς
1114 3186 1181 3239 με
1213 3168 1308 3223 τοῦ
1340 3159 1661 3240 μεταλαϐεῖν
1691 3173 1799 3226 ἀπὸ
1828 3172 1922 3226 τοῦ

2027 3175 2287 3246 rogativis
2339 3173 2660 3245 praveuire,
2702 3179 2754 3225 et
2808 3171 3122 3240 participem
3189 3167 3405 3221 mollitae
3451 3166 3605 3219 borri-

351 3259 581 3327 μέλιτος
625 3261 724 3328 τῆ;
759 3261 859 3329 σῆς
909 3259 1263 3331 ἀγαθότητος.
1299 3260 1390 3333 [Τί
1439 3260 1532 3314 οὖν
1554 3261 1920 3316 ἀνταποδώσω

347 3366 435 3402 σοι
469 3349 549 3420 τῷ
590 3349 780 3422 Κυρίῳ
811 3366 953 3420 μους
980 3349 1005 3423 ]
1029 3350 1353 3421 Εὐχαριστῶ
1381 3369 1462 3405 σοι
1503 3353 1583 3423 τῷ
1617 3354 1923 3426 παντοκρά-

343 3457 492 3511 τορι,
522 3445 616 3494 καὶ
638 3441 909 3510 δοξολογῶ
933 3459 1015 3495 σοι
1045 3442 1792 3514 τῷνφιλοικτείρμονιπάσας
1823 3443 1925 3510 τάξ
1962 3456 1964 3458 ⁷

350 3533 573 3604 ἡμέρας
597 3532 698 3603 τῆς
728 3529 877 3602 ζωῆς
919 3550 1044 3606 μου,
1082 3535 1176 3587 καὶ
1223 3534 1284 3587 οὐ
1327 3534 1402 3604 μὴ
1437 3534 1662 3588 ἀποστῶ
1691 3535 1799 3588 ἀπὺ
1829 3537 1922 3589 τοῦ

343 3625 444 3679 νῦν
471 3625 638 3695 μέχρι
671 3626 772 3695 τῆς
797 3624 938 3695 ἐμῆς
969 3624 1344 3689 ἀποϐιώσεως.
1361 3626 1543 3680 Ταῦτα
1569 3627 1734 3680 αὐτοῦ
1757 3645 1926 3699 προσ.

341 3717 672 3786 ευξαμένου,
703 3720 794 3770 καὶ
847 3718 1028 3773 λαϐὼν
1064 3719 1172 3772 ἀπὸ
1191 3717 1286 3773 τοῦ
1311 3720 1536 3790 ὀσπρίου
1566 3721 1778 3777 ἐκείνου
1814 3740 1924 3794 με-

341 3815 563 3882 τέσχεν,
619 3811 714 3865 καὶ
749 3811 964 3884 ἀπείρῳ
994 3812 1221 3885 ηδότητι
1255 3814 1563 3886 συσχεθεὶς,
1603 3818 1923 3890 μετετράπη

343 3902 555 3963 εὐθέως
612 3901 789 3955 πάντα
835 3901 904 3955 τά
958 3901 1290 3974 αἰσθητήρια
1336 3903 1504 3957 αὐτοῦ
1547 3907 1628 3966 είς
1679 3905 1923 3960 διάθεσν

341 3994 554 4059 ἔνθεον,
581 3993 720 4047 ὥστε
762 3993 1170 4065 ὶκπλήττεσθαι
1209 3996 1308 4065 τὴν
1336 3994 1541 4066 ἀθρόαν
1594 3997 1921 4069 μεταϐολὴν,

339 4089 438 4140 καὶ.
481 4086 581 4156 τὴν
609 4085 871 4156 φιλτάτην
897 4085 1199 4157 ἐναλλαγὴν
1235 4087 1334 4156 τῆς
1371 4087 1549 4158 ψυχῆς
1588 4089 1753 4141 αὐτοῦ
1786 4104 1800 4120 ο
1832 4091 1922 4142 ἐπὶ

341 4180 534 4233 πλεῖον
563 4177 620 4232 δὲ
645 4179 731 4231 διὰ
754 4177 812 4230 τὸ
844 4176 1129 4247 τεράστιον
1161 4177 1327 4232 αὐτοῦ
1347 4179 1566 4249 ἀνήφθη
1594 4181 1674 4242 είς
1703 4181 1802 4250 τὴν
1829 4181 1921 4234 τοῦ

341 4272 556 4343 Κυρίου
584 4272 805 4341 ἀγάπην
845 4273 934 4322 καὶ
967 4271 1183 4323 πάντων
1207 4271 1315 4323 τῶν
1353 4271 1575 4339 Ἁγίων,
1600 4273 1695 4325 καὶ
1721 4269 1813 4326 οὖν
1843 4275 1922 4336 είς

337 4368 448 4430 τὰς
487 4365 705 4427 ὲντολάς
744 4364 841 4417 τοῦ
883 4364 1159 4416 Δεσπότου
1189 4362 1279 4417 διὰ
1311 4363 1516 4427 παντὸς
1552 4365 1921 4435 πορευόμενος

335 4459 676 4529 πρεθυμῶτε
685 4475 798 4526 ρον.

2029 3271 2153 3327 tatis
2184 3280 2289 3325 tua!
2336 3270 2561 3324 reddere
2590 3284 2695 3321 non
2728 3267 3058 3335 dedignaris.
3126 3263 3264 3329 Quid
3307 3261 3602 3316 retribuam

2027 3363 2148 3427 tibi,
2204 3362 2430 3416 Domine
2459 3360 2579 3415 mi?
2621 3358 2839 3413 Debitos
2904 3357 2997 3411 tibi
3056 3355 3414 3425 omnipotenti
3472 3352 3601 3416 Deo,

2024 3457 2226 3527 gratias
2279 3455 2550 3522 persolvo,
2579 3462 2633 3506 et
2671 3449 3052 3506 amantissimo
3102 3447 3603 3502 misericordiarum

2025 3548 2171 3603 Patri
2255 3548 2480 3618 gloriam
2559 3546 2776 3612 tribuo,
2843 3546 3159 3614 neutiquam
3215 3556 3530 3600 cessaturus
3576 3560 3604 3597 a

2026 3651 2304 3696 momento
2362 3641 2484 3699 hoc.
2529 3640 2744 3692 cunctis
2809 3638 3001 3692 diebus
3053 3638 3231 3706 quoad
3283 3639 3389 3691 vita
3417 3653 3609 3701 super-

2016 3731 2210 3786 Iuerit.
2259 3728 2336 3784 lta
2398 3739 2672 3800 precatus,
2729 3728 3001 3798 accipiens
3023 3729 3322 3798 pauxillum
3370 3730 3606 3792 obsonii,

2025 3825 2332 3896 degustavit
2369 3822 2700 3879 :etinlinita
2767 3811 3059 3877 dulcedine
3121 3821 3396 3877 delibutus
3428 3862 3443 3888 ,
3498 3832 3604 3875 tam

2026 3918 2208 3972 subito
2235 3917 2288 3970 in
2322 3915 2561 3970 divinam
2601 3913 2946 3970 aﬂeetionem
2978 3928 3274 3970 conversos
3309 3915 3609 3975 deprehen-

2024 4010 2102 4065 dit
2153 4023 2349 4065 sensus
2403 4022 2555 4070 suos,
2605 4016 2665 4060 ut
2706 4020 2834 4061 cum
2879 4017 3100 4077 stupore
3150 4009 3443 4063 miraretur
3470 4009 3606 4062 adeo

2025 4103 2360 4173 repentinam
2398 4097 2754 4153 mutationem
2780 4107 2834 4153 et
2861 4100 3244 4154 suavissimam
3269 4101 3464 4154 anima:
3494 4115 3607 4155 suae

2025 4195 2440 4258 alterationem,
2508 4194 2728 4261 insuper
2765 4201 2820 4246 et
2868 4191 3096 4263 ﬂagrare
3116 4193 3608 4263 cmpitardentiurc

2028 4288 2079 4341 in
2136 4285 2304 4340 Deum
2348 4294 2683 4354 sanctosque
2739 4298 2929 4338 omnes
2993 4283 3280 4351 eharitate,
3323 4293 3376 4339 et
3427 4296 3609 4355 pram-

2026 4379 2291 4449 ptioribus
2319 4376 2518 4432 animis
2553 4376 2605 4429 in
2631 4375 2716 4429 via
2753 4374 3132 4429 mandatorum
3178 4376 3390 4430 Domini
3489 4392 3610 4430 aru-

2026 4471 2231 4528 bulare.

415 4554 518 4609 νε’.
559 4553 649 4607 Ἐν
686 4553 784 4622 μιᾷ
820 4547 914 4605 οὖν
947 4550 1056 4604 τῶν
1091 4551 1314 4621 ἡμερῶν
1347 4553 1588 4617 ἀναστὰς
1612 4594 1626 4619 ,
1667 4552 1802 4622 πρὸς
1835 4553 1923 4623 τὴν

2096 4564 2185 4618 55.
2216 4562 2307 4617 Die
2333 4561 2569 4632 quodam
2615 4561 2680 4615 ad
2716 4575 2928 4615 sacram
2974 4560 3140 4614 mdem
3173 4561 3425 4628 precandi
3476 4575 3610 4615 cau-

336 4645 649 4715 ὲκκλησίαν
685 4644 855 4714 ᾤχετο
888 4643 987 4696 τοῦ,
1028 4645 1336 4714 προσευχὴν
1374 4645 1602 4716 ποιῆσαι
1627 4686 1639 4706 ,
1675 4644 1753 4709 ὡς
1796 4646 1933 4714 πρὸς

342 4733 584 4804 σύνηθες
617 4733 785 4802 ἔχων
825 4734 922 4788 καὶ
951 4734 1007 4788 δὲ
1032 4735 1130 4805 τῆς
1158 4734 1483 4797 ἀκολουθίας
1513 4733 1924 4803 τελειωθείσης,

337 4829 500 4882 ενδον
551 4827 824 4897 ἐληλυθὼς
877 4827 1170 4893 ἐκαθέζετο
1216 4828 1321 4896 πρὸ
1385 4827 1478 4882 τοῦ
1532 4827 1779 4890 πυλῶνος
1816 4828 1925 4882 τῶν
1976 4828 1985 4831 ⁷

339 4921 714 4991 γεννητόρων,
741 4908 1148 4990 παρατυχόντος
1196 4922 1375 4974 ἐκεῖσε
1423 4921 1516 4974 καὶ
1570 4921 1664 4974 τοῦ
1720 4921 1925 4991 πατρὸς

338 5012 542 5075 αὐτοῦ,
584 5015 676 5066 καὶ
707 5016 778 5074 ὡς
814 5015 870 5066 ὲν
898 5015 1119 5084 παρόδῳ
1147 5015 1245 5084 τῆς
1276 5015 1542 5085 δημοσίας
1575 5014 1695 5068 ὁδοῦ
1745 5014 1923 5084 παρά-

337 5125 458 5174 γων
503 5101 572 5176 ἦν
627 5107 718 5159 καὶ
747 5106 774 5158 ὀ
807 5106 1077 5176 μακάριος
1137 5106 1416 5177 Ἀνδρέας,
1466 5107 1534 5160 τὰ
1576 5107 1705 5161 νόθα
1755 5107 1921 5160 αὐτοῦ

337 5200 486 5268 ἔργα
542 5199 1030 5268 εἰσπραττόμενος,
1098 5199 1339 5266 γυμνὸς,
1400 5201 1653 5270 ἄπορος,
1715 5200 1924 5252 εὐτελεί

339 5293 600 5361 ρακίσκῳ
653 5291 751 5359 τὴν
798 5291 970 5359 ὀσφὺν
1006 5291 1170 5343 αὐτοῦ
1203 5291 1639 5360 κεκαλυμμένος.
1685 5292 1825 5345 Ἰδὼν
1860 5292 1937 5344 δὲ·

337 5386 515 5439 αὐτὸν
542 5388 568 5438 ὁ
619 5385 956 5452 Ἐπιφὰνιος,
1003 5387 1096 5438 καὶ
1123 5386 1426 5454 οίκτιρμοίς
1458 5385 1703 5456 κινηθεὶς
1735 5387 1924 5456 φιλαν-

337 5476 612 5547 θρώποις,
655 5477 926 5546 ἠϐουλήθη
981 5476 1195 5539 εἰσάξαι
1227 5475 1392 5529 αὐτὸν
1435 5477 1584 5530 ἔνδον
1628 5479 1723 5530 τοῦ
1771 5476 1920 5529 οἴκου

338 5567 515 5622 αὐτοῦ
542 5575 556 5589 ’
587 5569 682 5621 καὶ
738 5570 810 5637 μὴ
861 5569 998 5638 ἔχων
1049 5569 1166 5633 πῶς
1202 5570 1282 5631 είς
1328 5571 1390 5622 τὸ
1421 5570 1656 5638 φανερὸν
1697 5572 1920 5638 ποιῆσαι

337 5662 630 5731 γνώριμον
656 5659 844 5715 τοῦτον
875 5662 961 5714 διὰ
990 5662 1051 5714 τὸ
1075 5665 1252 5716 ἐκεῖσε
1297 5664 1423 5715 ὄντα
1449 5664 1538 5715 τὰν
1578 5664 1786 5734 πατέρα
1820 5665 1919 5717 αὐ·-

2029 4671 2086 4712 sa
2112 4644 2316 4710 abierat
2350 4669 2499 4709 more
2538 4668 2638 4709 suo
2661 4695 2673 4714 .
2707 4653 2968 4721 ﬁnitoque
2992 4653 3178 4706 Oﬂicio
3200 4668 3481 4723 regressus
3509 4655 3606 4707 do-

2030 4763 2201 4810 mum,
2256 4747 2626 4815 sedebat'pro
2674 4744 2883 4798 foribus
2918 4751 3201 4812 parentum
3238 4759 3486 4805 suorum,
3513 4747 3609 4796 ad-

2030 4847 2206 4892 stante
2272 4839 2390 4906 ipso
2446 4838 2605 4890 etiam
2638 4844 2821 4904 patre;
2871 4850 3107 4903 eumque
3133 4833 3190 4890 Β.
3225 4836 3464 4888 Andreas
3490 4835 3609 4888 illae

2030 4932 2115 4984 via
2157 4930 2379 4999 publica.
2417 4930 2517 4982 iter
2554 4928 2793 4991 haberet,
2847 4937 2992 4981 artcs
3021 4943 3150 4983 suas
3193 4942 3474 4984 exercens.
3508 4943 3611 4980 nu-

2029 5022 2131 5076 dus
2165 5037 2344 5075 rer-um
2407 5021 2653 5073 omnium
2681 5020 2918 5089 indigus.
2957 5033 3196 5087 pannosa
3239 5017 3412 5071 solum
3442 5028 3496 5072 et
3519 5019 3608 5072 vili

2031 5126 2175 5168 veste
2204 5115 2346 5169 circa
2379 5114 2592 5168 lumbos
2651 5122 2824 5166 tectus
2859 5153 2874 5176 ,
2921 5112 3053 5164 vidit
3083 5126 3208 5164 eum
3253 5109 3607 5180 Epiphanius,

2030 5207 2815 5276 motusquecommiseratione
2849 5219 3060 5268 magna,
3120 5204 3375 5273 cupiebat
3434 5204 3606 5271 ipsum

2033 5299 2376 5351 introducere
2423 5296 2478 5349 in
2525 5298 2744 5350 domum
2775 5309 2951 5349 suam.
2989 5292 3090 5348 Ubi
3132 5310 3262 5349 vero
3296 5295 3488 5348 modus
3515 5311 3611 5349 oc-

2034 5400 2280 5443 curreret
2320 5389 2524 5454 nullus,
2561 5404 2668 5458 quo
2735 5387 2785 5440 id
2817 5385 3021 5441 homini
3050 5387 3263 5456 publice
3285 5395 3414 5439 noto
3443 5387 3609 5441 benc-

2034 5479 2467 5548 ﬁcium‘propter
2496 5476 2840 5547 praesentiam
2874 5480 3050 5545 patris
3072 5486 3353 5544 prastaret
3374 5516 3388 5540 ,
3425 5479 3611 5536 nescio

2031 5571 2159 5641 quid
2192 5586 2370 5626 causa:
2394 5579 2718 5646 praetexens,
2756 5569 2826 5621 ita
2857 5569 3003 5622 hunc
3046 5569 3345 5636 alloquitur
3382 5586 3396 5622 :
3430 5568 3612 5622 Domi-

2030 5681 2096 5718 ne
2146 5663 2219 5718 mi
2275 5678 2339 5717 ac
2391 5672 2575 5732 pater,
2629 5660 2905 5715 hominem
2958 5659 3109 5714 illum
3141 5660 3433 5731 conSpicis,
3465 5658 3610 5713 nudo

414 5823 532 5889 (73}
569 5821 667 5876 Ms.
702 5820 837 5878 Μαι,
875 5821 1169 5891 modum,
1204 5839 1230 5877 a
1261 5820 1451 5877 Latino
1488 5823 1672 5888 trulla,
1706 5824 1915 5879 diversa

2027 5837 2207 5876 surum
2238 5833 2433 5891 genera
2469 5816 2828 5890 signiﬁcante.
