4176 6470
535 413 638 475 695

1595 406 2010 468 NICEPHORI
2056 404 2532 465 PRESBYTER!
2576 405 2686 464 ΟΡ.

3666 398 3774 462 696

532 539 756 593 corpore
772 525 978 592 plateas
995 524 1376 578 oberrantem?
1409 522 1668 592 Suspicor
1700 535 1818 591 ego,
1839 519 2106 575 insaniam

2216 519 2332 583 τοῦ,
2368 518 2852 589 σχηματισάμενος
2878 515 3026 583 λέγει
3071 515 3144 584 τῷ
3173 517 3338 585 πατρὶ
3369 513 3534 568 αὑτοῦ
3564 532 3576 546 ·
3610 513 3780 584 Κύριέ

533 615 636 685 ipsi
699 613 767 667 ab
794 615 1018 691 humani
1066 614 1277 684 generis
1312 617 1466 669 hoste
1495 613 1748 683 iniectam
1773 626 1914 665 esse.
1954 608 2109 664 Nunc

2216 634 2318 687 μου
2373 617 2548 686 πάτερ
2574 656 2590 680 ,
2650 614 2868 684 βλέπεις
2926 614 3016 668 τὸν
3071 613 3360 684 ἄνθρωπον
3403 615 3609 667 ἐκεῖνον
3665 613 3782 674 πῶς

534 716 738 769 autem,
773 706 1004 762 Domine
1056 710 1127 760 ml
1171 722 1234 760 ac
1267 717 1422 776 pater
1467 699 1845 769 dilectissime,
1894 702 1967 757 ita
2032 701 2111 756 ﬁli

2214 708 2572 780 περιέρχεται
2603 704 3026 776 γεγυμνωμένος
3051 703 3130 774 τῷ
3162 703 3410 774 σῶματι;
3450 702 3526 766 ὡς
3553 699 3781 765 εἰκάζω,

532 798 608 852 tui
658 798 995 853 dilectissimi
1046 795 1333 868 Epiphanii
1376 806 1605 851 mortem
1639 795 2005 856 immaturam,
2038 793 2110 846 ita

532 891 830 958 passerculi
873 889 946 943 tui
1003 897 1323 944 mmrentem
1376 889 1585 943 vultum
1651 899 1930 947 nunquam
1967 885 2112 953 aspi-

533 983 668 1046 cias,
719 977 1132 1036 introducantus
1197 981 1348 1035 illum
1405 983 1459 1034 in
1490 981 1713 1035 domum
1751 987 2019 1041 nostram,
2058 984 2110 1029 et

532 1081 751 1141 propter
798 1066 1224 1126 muniﬁcentiam
1279 1070 1494 1126 Domini
1544 1070 1635 1125 Dei
1677 1070 1871 1134 nostri,
1904 1069 2112 1124 honore

533 1172 599 1213 ac
655 1157 859 1213 divitiis
891 1174 957 1212 ex
991 1158 1251 1214 bonitatis
1285 1174 1398 1214 sua:
1461 1159 1717 1213 thesauro
1747 1165 1798 1212 te
1827 1156 2114 1211 cumulan-

532 1251 621 1313 tis,
679 1250 840 1306 liceat
898 1250 1358 1318 mihi_iustruere
1391 1250 1462 1304 illi
1495 1263 1740 1304 mensam
1793 1256 1847 1303 et
1880 1247 2111 1302 tundere

527 1341 717 1395 vinum
759 1351 818 1395 ut
838 1339 1145 1395 mercedem
1215 1339 1501 1396 animabus
1521 1341 1724 1394 nostris
1745 1339 2108 1409 recipiamus:

530 1429 661 1485 illud
724 1445 959 1500 namque
986 1431 1161 1485 solum
1210 1430 1264 1484 in
1320 1445 1484 1501 regno
1514 1430 1776 1515 c’mlorum
1832 1428 2109 1484 inventuri

536 1536 750 1576 sumus.

600 1708 688 1762 56.
731 1709 813 1762 Ad
844 1709 957 1763 hrcc
983 1709 1166 1775 verba,
1204 1718 1356 1778 pater
1383 1710 1568 1764 divmo
1605 1711 1840 1780 quodam
1878 1712 2104 1768 numine

527 1799 761 1867 amatus,
794 1801 1027 1870 benigno
1054 1801 1518 1871 blandissimoque
1552 1804 1712 1858 oculo
1743 1803 1908 1857 filium
1946 1803 2111 1857 intui-

2210 800 2292 852 ὅτι
2323 800 2420 852 καὶ
2455 798 2986 868 παρατετραμμένον
3016 790 3154 848 εὶναι
3181 795 3346 848 αὑτὸν
3371 793 3481 848 ὑπὸ
3507 792 3601 846 τοῦ
3630 795 3782 846 ἐνανο

2211 892 2346 945 τίου.
2393 890 2576 956 Ἀλλὰ,
2621 890 2780 960 κύριέ
2837 905 2938 960 μου
2998 888 3094 943 καὶ
3153 887 3380 956 φίλτατε
3439 888 3658 958 πάτερ,
3708 887 3783 956 μὴ

2213 965 2388 1052 θεάσῃ
2412 980 2506 1034 τοῦ
2559 962 2895 1048 γλυκυτάτου
2933 995 3026 1032 σου
3073 977 3263 1030 τέκνου
3330 976 3650 1045 Ἐπιφανίου
3693 975 3784 1029 τὸν

2213 1074 2467 1139 θάνατον,
2503 1072 2578 1144 μὴ
2617 1072 2735 1144 ἴδῃς
2765 1087 2818 1125 τι
2857 1069 3098 1140 λυπηρὸν
3136 1069 3236 1122 ἐπὶ
3263 1068 3324 1121 τὸ
3356 1068 3635 1136 στρουθίον
3664 1085 3782 1132 σου,

2214 1165 2603 1235 εἰσαγάγωμεν
2633 1163 2796 1217 αὑτὸν
2822 1163 2902 1226 είς
2928 1162 3019 1215 τὸν
3041 1156 3210 1224 οἷκον,
3243 1161 3338 1214 καὶ
3368 1160 3459 1214 διὰ
3494 1161 3593 1230 τῆς
3635 1161 3786 1231 ἀντι-

2209 1255 2429 1326 λήψεως
2487 1254 2582 1308 τοῦ
2657 1272 2716 1308 σε
2785 1253 3125 1324 τιμήσαντος
3196 1252 3289 1306 καὶ
3348 1250 3784 1321 πεπλουτηκότος

2213 1347 2486 1401 Δεσπότου
2535 1347 2645 1402 ἀπὸ
2700 1346 2806 1400 τῶν
2850 1345 3094 1414 ἀγαθῶν,
3149 1337 3224 1397 ὧν
3284 1343 3416 1411 ἡμῖν
3473 1342 3786 1413 ἑδωρήσατο

2215 1438 2442 1508 Κύριος,
2477 1437 2712 1508 παραθῶ
2758 1435 2931 1505 αὐτῷ’
2953 1433 3262 1504 τράπεζαν,
3293 1432 3388 1486 καὶ
3419 1432 3592 1486 ποτιῶ
3624 1430 3788 1485 αὐτὸν

2211 1525 2374 1593 οἶνον,
2406 1529 2485 1592 είς
2527 1527 2717 1598 μισθὸν
2752 1527 3037 1596 ⁴ἡμετέρων
3066 1523 3258 1595 ψυχῶν
3361 1524 3456 1577 καὶ
3495 1522 3604 1594 γὰρ
3628 1522 3792 1576 τοῦτο

2214 1621 2378 1690 μόνον
2410 1620 2593 1689 εὑρεῖν
2617 1619 2813 1688 ἔχομεν
2846 1619 2903 1670 ὲν
2935 1619 3003 1688 τῇ
3041 1615 3287 1686 βασιλείᾳ
3309 1615 3418 1668 τῶν
3440 1599 3714 1685 οὐρανῶν.

2277 1708 2385 1774 νς·⁹.
2422 1709 2483 1764 '0
2513 1709 2570 1762 δὲ
2599 1709 2783 1776 πατὴρ
2813 1705 2978 1761 αὑτοῦ
3009 1705 3193 1768 ἔνθους
3226 1703 3538 1773 γενόμενος,
3566 1703 3788 1772 εὐμενεῖ

2204 1805 2345 1860 αἰδοί
2372 1801 2470 1856 καὶ
2497 1801 2821 1872 γλυκυτάτω
2850 1800 3123 1870 βλέμματι
3149 1798 3379 1862 ἀπιδὼν,
3406 1795 3786 1864 καταφιλήσας

533 1896 639 1962 tus,
670 1887 950 1960 etfaciem
974 1890 1094 1960 ejus
1153 1893 1534 1948 suavissimam
1576 1893 1923 1950 deosculatus
1952 1911 1966 1947 :
2005 1893 2111 1950 Un-

2214 1892 2380 1948 αὐτοῦ
2407 1890 2477 1945 τὰ
2497 1889 2810 1959 γλυκύτατα
2841 1889 3089 1958 ὄμματα,
3126 1887 3228 1957 ἔφη
3257 1901 3269 1914 ⁸
3308 1884 3492 1952 Μύρον
3518 1882 3615 1953 τῆς
3644 1881 3788 1952 ἐμῆς

528 1987 814 2046 guentum,
848 1979 1045 2049 inquit,
1082 1982 1301 2045 animae,
1329 1994 1382 2038 et
1409 1984 1590 2039 lumen
1631 1986 1914 2041 oculorum
1952 2001 2103 2040 meo-

527 2086 673 2138 rum,
710 2071 803 2137 lili,
866 2072 955 2126 illa
978 2088 1140 2141 super
1174 2089 1434 2141 remeam
1457 2076 1746 2145 exquirere
1770 2077 2106 2132 voluntatem

529 2161 604 2215 nil
631 2177 770 2232 opus
803 2174 917 2218 erat
953 2179 968 2219 :
1026 2165 1180 2230 vade,
1240 2174 1294 2219 et
1342 2181 1450 2236 quo
1476 2167 1662 2223 animo
1688 2168 1990 2224 collibitum
2019 2179 2112 2224 tuo

534 2262 640 2317 est,
705 2253 830 2319 fac;
885 2269 1003 2310 mea
1057 2258 1257 2326 quippe
1303 2258 1508 2320 omnia,
1540 2268 1630 2313 tua
1661 2268 1812 2314 sunt.
1846 2260 1946 2316 Cui
1982 2262 2112 2331 Epi-

530 2343 768 2412 phanius
806 2360 819 2395 :
862 2341 1122 2410 Omnino,
1163 2357 1318 2416 pater
1376 2347 1765 2416 dilectissime,
1838 2349 1911 2403 ita
1972 2367 2110 2421 opus

523 2435 650 2500 fuit;
691 2435 940 2506 quaedam
972 2437 1115 2490 enim
1142 2438 1374 2506 petenda
1427 2439 1559 2493 mihi
1600 2444 1750 2495 sunt
1779 2456 1792 2494 :
1828 2454 1951 2494 nam
1981 2441 2110 2496 scri-

524 2534 675 2594 ptum
705 2535 789 2580 est
814 2544 827 2581 :
851 2525 1044 2592 Filius,
1085 2529 1179 2598 qui
1225 2530 1365 2598 patri
1403 2530 1547 2600 leges
1579 2533 1903 2601 praescribit,
1939 2541 2112 2588 morte

528 2617 822 2683 morietur;
851 2627 905 2671 et
940 2627 1092 2688 patre
1123 2620 1285 2673 alicui
1341 2622 1418 2674 rei
1452 2622 1680 2682 intento.
1718 2636 1880 2677 omne
1927 2624 2111 2678 consi-

533 2708 664 2761 lium
716 2708 806 2761 lilii
835 2710 1210 2779 dissipabitur.
1273 2711 1483 2777 Quibus
1519 2711 1762 2777 auditis,
1818 2713 2112 2769 exsultavit

533 2800 751 2868 gaudio
791 2810 975 2868 pater,
1031 2810 1256 2871 propter
1311 2804 1637 2873 sapientiam
1695 2815 1748 2859 et
1808 2807 2109 2875 prudentes

528 2892 912 2957 responsiones
945 2893 1039 2947 lilii
1080 2895 1163 2948 sui
1196 2896 1325 2965 :qui
1359 2911 1586 2965 propere
1611 2897 1913 2953 accelerato
1941 2896 2107 2966 gradu

530 2981 800 3035 Andream
835 2985 1154 3053 insequens,
1172 2985 1391 3040 domum
1425 3002 1969 3057 usqueprogressum
1992 2997 2111 3041 tan-

528 3075 649 3126 dem
677 3065 687 3076 ’
711 3087 994 3130 assecutus
1033 3088 1116 3132 est
1145 3116 1160 3140 ,
1206 3080 1602 3148 ‘prehensaque
1647 3094 1811 3133 manu
1841 3080 1983 3149 ejus,
2015 3080 2112 3135 do-

524 3183 672 3218 mum
729 3182 882 3219 suam
935 3168 1087 3221 illum
1135 3170 1374 3225 reduxit.
1405 3169 1653 3239 Cumque
1687 3171 1848 3224 simul
1886 3186 1950 3225 eo
1990 3186 2111 3240 per-

2213 1981 2392 2050 ψυχῆς
2449 1980 2543 2034 καὶ
2581 1977 2695 2048 φῶς
2742 1977 2850 2032 τῶν
2887 1976 3180 2045 ὀφθαλμῶν
3237 1991 3364 2044 μου,
3412 1973 3540 2042 περὶ
3585 1972 3788 2041 ταύτης

2211 2072 2314 2140 τῆς
2343 2070 2656 2132 ὑποθέσεως
2683 2069 2894 2139 ἐρωτᾷν
2944 2068 3019 2139 μὴ
3065 2067 3310 2140 ὀφείλῃς,
3341 2064 3544 2119 ἄπελθε
3578 2063 3673 2117 καὶ
3711 2064 3789 2124 ὡς

2214 2158 2458 2222 κελεύεις
2484 2159 2734 2225 ποίησον,
2774 2158 2842 2210 τὰ
2873 2158 2982 2227 γὰρ
3011 2157 3140 2227 ἐμὰ,
3177 2158 3246 2210 σά
3279 2156 3437 2210 είσιν.
3470 2154 3791 2223 Ἐπιιράνιος
3836 2173 3843 2179 ·

2219 2248 2404 2304 εἶπεν*
2440 2250 2551 2305 Ναὶ
2581 2250 2759 2322 πάτερ
2791 2267 2893 2321 μου
2925 2249 3276 2319 παμφξλτατε
3299 2287 3314 2310 .
3361 2247 3497 2303 ἀλλά
3525 2263 3648 2300 τινα
3677 2245 3789 2315 ἔχω

2213 2344 2491 2413 ἐρωτῆσαι
2521 2357 2537 2370 ο
2577 2340 2892 2410 γέγραπται
2918 2339 3026 2409 γὰρ
3054 2340 3190 2412 (76),
3227 2339 3353 2402 Υἱὸς
3394 2342 3562 2408 πατρὶ
3596 2338 3787 2391 δίκαια

2212 2432 2412 2500 λέγων,
2449 2431 2666 2500 θανάτῳ
2713 2430 3177 2500 θανατωθήσιται,
3219 2428 3312 2481 καὶ
3367 2429 3574 2492 πατρὸς
3607 2443 3791 2497 παρα-

2217 2522 2472 2592 τυχόντος
2532 2523 2644 2573 τινὶ
2699 2506 3231 2593 πράγματιςὶπᾶσα
3289 2517 3420 2576 Υίοῦ
3487 2518 3807 2589 πρόσλησις·

2217 2615 2540 2685 ῥαγήσεται.
2573 2610 2754 2664 Τοῦτο
2782 2611 3023 2674 ἀκούσας
3053 2612 3082 2664 ό
3119 2609 3304 2680 πατὴρ
3337 2607 3529 2673 αὑτοῦ,
3557 2606 3792 2675 εὐφραί-

2214 2723 2358 2760 νεται
2393 2704 2486 2758 ἐπὶ
2522 2704 2590 2773 τῇ
2630 2703 2865 2768 συνέσει,
2910 2703 3006 2756 καὶ
3031 2705 3154 2766 ταῖς
3206 2702 3567 2772 ἀποκρίσεσιν
3595 2697 3786 2751 αὑτοῦ.

2225 2797 2284 2850 ὐ
2317 2798 2373 2852 δὲ
2412 2796 2607 2866 σεμνὸς
2654 2796 2974 2864 Ἐπιφάνιοε
3015 2798 3254 2866 ταχινοῖς
3284 2797 3409 2848 ποσὶ
3445 2792 3789 2859 καταδιώξας
3821 2812 3825 2816 ί

2214 2890 2305 2943 τὸν
2333 2889 2543 2950 Ὅσιον,
2580 2886 2861 2954 πέφθακεν
2891 2886 3054 2940 αὐτὸν
3086 2884 3236 2940 ἔνδον
3266 2885 3362 2938 τοῦ
3402 2885 3553 2938 οῐκου
3595 2883 3787 2950 αὑτοῦ,

2215 2983 2308 3036 καὶ
2337 2978 2470 3052 ἦλθε
2497 2979 2896 3052 χειροκρατῶν,
2931 2980 3025 3033 καὶ
3060 2979 3196 3050 πρὸς
3222 2981 3294 3034 τὰ
3332 2980 3439 3032 ἴδια
3479 2979 3790 3052 προτρεπό-

2217 3091 2379 3144 μενος
2407 3091 2420 3105 '
2455 3076 2547 3127 καὶ
2572 3073 2636 3144 δὴ
2665 3073 2743 3143 τῷ
2767 3072 2974 3126 πυλῶνι
3005 3073 3371 3140 ὲγγισάντων,
3416 3073 3513 3125 καὶ
3557 3072 3651 3124 τοῦ
3680 3088 3788 3123 παρ

2214 3163 2341 3233 τρδς
2383 3163 2550 3215 αὑτοῦ
2597 3166 2777 3216 ἐκεῖσε
2806 3164 2882 3234 μὴ
2903 3164 3242 3231 εὑρεθέντος,
3278 3165 3306 3216 ό
3356 3162 3622 3233 μακάριος
3663 3162 3790 3214 ’Δν-

526 3259 824 3318 venissent,
848 3273 952 3309 non
991 3257 1210 3312 invento
1244 3259 1355 3312 illic
1375 3270 1525 3328 patre
1558 3259 1875 3328 Epiphanii,
1907 3260 2111 3314 intrare

2214 3257 2373 3327 δρέας
2407 3258 2464 3309 ὲν
2494 3258 2570 3323 τῷ
2601 3256 2808 3310 πυλῶνι
2837 3259 2935 3311 οὐκ
2980 3257 3254 3327 εἰσῆλθεν,
3306 3256 3503 3320 ἔξωθεν
3535 3254 3591 3308 δὲ
3637 3254 3805 3321 καθιιε

527 3351 723 3402 ostium
763 3335 1032 3402 recusavit
1066 3350 1334 3416 Andreas,
1368 3350 1613 3419 forisque
1637 3351 1883 3405 consedit
1910 3369 1922 3403 :
1947 3366 2105 3420 quem

525 3441 691 3494 vicini
739 3442 1085 3512 viatoresque
1115 3443 1435 3512 conspicati,
1473 3446 1734 3497 nudatum
1795 3446 2035 3497 vestibus
2057 3454 2110 3498 ct

530 3531 914 3595 insanientem,
954 3530 1266 3586 conﬂuxere
1320 3547 1514 3603 magno
1564 3547 1793 3587 numero
1825 3551 1838 3587 :
1877 3533 1998 3586 aliis
2028 3533 2110 3586 in-

529 3621 954 3689 gemiscentibus
989 3633 1042 3677 et
1081 3624 1460 3679 incusantibus
1488 3623 1786 3687 Satanam,
1836 3625 1980 3694 quod
2017 3623 2110 3677 tali

531 3714 696 3768 modo
734 3714 1007 3769 hominem
1047 3716 1210 3772 rebus
1230 3715 1486 3772 omnibus
1542 3715 1834 3784 spoliatum
1880 3714 2114 3771 confun-

528 3806 717 3872 deret,
744 3805 865 3859 aliis
898 3806 1288 3876 elargientibus
1319 3807 1561 3870 obolum,
1601 3807 1724 3862 aliis
1770 3807 1954 3860 vinum
1986 3821 2113 3876 pro-

528 3896 864 3964 pinantibus.
906 3899 975 3950 At
1021 3897 1110 3952 ille
1159 3897 1396 3953 instituti
1458 3898 1542 3952 sui
1606 3907 1790 3961 tenax,
1821 3912 1850 3950 a
1894 3897 2113 3950 nemine

532 3985 808 4054 quidpiam
855 3986 1186 4057 recipiebat,
1222 3987 1314 4043 sed
1348 3997 1574 4044 cunctos
1626 4002 1655 4042 a
1707 4004 1767 4044 se
1819 3988 2109 4058 repellens,

527 4090 632 4146 pro
654 4076 861 4132 {oribus
885 4078 1079 4133 aedium
1122 4081 1438 4136 considehat
1468 4080 1645 4134 humi.

2220 3364 2355 3409 σας·
2412 3349 2463 3400 οί
2530 3347 2622 3400 οὖν
2683 3348 3026 3417 γειτνιῶντες
3078 3348 3156 3420 τῷ
3224 3348 3527 3418 Ἐπιφανίῳ
3587 3347 3681 3399 καὶ
3737 3346 3792 3397 οἱ

2221 3439 2533 3508 παροδῑται,
2567 3439 2862 3508 βλέποντες
2889 3441 3176 3511 ἄνθρωπον
3208 3437 3656 3509 γεγυμνωμένον,
3692 3439 3791 3492 καὶ

2218 3547 2290 3584 πα
2302 3534 2775 3602 ρατετραμμένον,
2805 3531 3220 3603 συνηθροίζοντο
3240 3533 3376 3603 πρὸς
3412 3531 3593 3594 αὐτὸν,
3615 3531 3710 3582 καὶ
3739 3530 3792 3582 οἱ

2220 3624 2319 3692 μὲν
2362 3624 2690 3693 στεναγμοῖς
2741 3622 2994 3694 ᾤμωζον,
3043 3624 3119 3694 τῷ
3169 3624 3399 3693 διαϐόλῳ
3429 3624 3524 3675 καὶ
3555 3620 3632 3689 τῷ
3678 3621 3791 3673 Σα-

2215 3717 2352 3787 τανᾷ
2407 3717 2935 3788 καταρώμενοιγότι
2985 3717 3302 3789 τηλικοῦτον
3349 3715 3518 3785 ἄνδρα
3583 3714 3790 3784 πορθήο

2214 3825 2312 3870 σας
2351 3810 2462 3880 (77)
2499 3812 2838 3882 κατῄσχυνεν
2862 3827 2875 3841 ο
2909 3814 2958 3865 οί
3000 3813 3056 3866 δὲ
3090 3812 3312 3874 ὀϐολοὺς
3353 3809 3503 3880 αὑτῷ
3553 3807 3785 3871 ἐδίδουν,

2211 3902 2261 3953 οἱ
2286 3900 2340 3953 δὲ
2373 3895 2537 3956 οἶνον.
2563 3903 2736 3966 Αὐτὸς
2758 3904 2814 3956 δὲ
2839 3904 2918 3976 τῷ
2945 3905 3061 3976 ἰδίῳ
3083 3905 3193 3958 ἔθει
3217 3905 3419 3976 κρατού
3431 3919 3614 3974 μενος.
3649 3900 3784 3968 παρ’

2213 3992 2429 4057 οὐδενός
2461 4013 2514 4047 τι
2562 3996 2874 4064 ἐκομίζετο,
2931 3999 3137 4061 πάντας
3185 3995 3648 4068 άποκρουόμενοῖ,
3678 3991 3788 4061 πρὸ

2214 4083 2309 4135 τοῦ
2339 4083 2588 4147 πυλῶνος
2618 4084 2986 4156 καθεζόμενος
3016 4087 3212 4158 χαμαί.

1947 4243 2176 4302 CAPUT
2214 4246 2352 4302 Vlll.

674 4378 884 4429 Arcana
912 4378 1148 4430 cordium
1182 4376 1404 4431 Ληιινεω
1443 4378 1669 4431 revelata
1725 4394 1903 4432 coram
1934 4382 2226 4464 Epiphanio
2259 4385 2475 4457 ejusque
2530 4391 2771 4458 famulis,
2804 4399 2848 4440 et
2896 4386 2988 4440 uni
3021 4387 3208 4440 horum
3242 4387 3475 4440 indicata
3497 4387 3642 4440 illius

2014 4463 2290 4509 sanctitas.

603 4617 692 4673 57.
762 4615 971 4670 lnterea
1047 4616 1193 4671 adest
1250 4618 1567 4672 adolescens
1636 4619 1879 4686 quidam,
1914 4629 2190 4688 natural)

534 4711 842 4772 eunuchus,
877 4710 1146 4778 magnatis
1186 4709 1420 4779 alicujus
1461 4710 1854 4766 cubicularius.
1913 4710 2112 4766 Vultus

533 4804 583 4859 ei
638 4801 862 4856 rubebat
907 4800 1092 4855 colore
1157 4816 1334 4868 roseo,
1381 4802 1647 4856 candebat
1703 4817 1904 4872 corpus
1933 4804 2113 4866 niveo,

533 4903 649 4949 erat
678 4893 887 4961 species
917 4892 1132 4956 decora,
1163 4893 1342 4961 capilli
1366 4891 1512 4956 ﬂavi,
1556 4893 1810 4948 mollities
1849 4909 1958 4947 non
1991 4893 2111 4946 vul-

535 4986 715 5055 garis;
777 4984 1005 5036 multum
1075 4985 1287 5039 eminus
1341 5000 1560 5053 quoque
1624 5001 1872 5040 muscum
1905 4985 2104 5050 elebat,

536 5076 788 5129 mollibus
827 5075 1050 5129 indutus
1113 5075 1472 5130 vestimentis.
1529 5077 1667 5142 Quia
1707 5092 1831 5132 vero
1862 5092 1959 5147 par
1990 5086 2108 5131 erat

538 5147 835 5233 Epiphanio
867 5175 1044 5229 aetate,
1078 5174 1130 5219 et
1153 5166 1431 5221 domicilio
1459 5167 1669 5222 vicinus
1689 5207 1702 5231 ,
1730 5178 1920 5224 mutuo
1969 5169 2107 5230 inter

533 5270 652 5309 sesc
709 5269 895 5308 amore
928 5258 1418 5326 prosequebantur.
1475 5259 1716 5314 Habebat
1743 5276 1908 5331 porro
1933 5278 2107 5316 ennu—

534 5348 668 5399 chus
706 5345 793 5400 ille
818 5361 981 5414 penes
1011 5363 1064 5400 se
1088 5350 1355 5419 dactylos,
1392 5351 1776 5407 instarlicuum
1802 5355 2102 5420 aridarum,

537 5437 752 5490 circiter
821 5437 1040 5508 triginta
1110 5457 1380 5497 numero:
1418 5455 1471 5500 et
1519 5446 1690 5500 oculis
1754 5447 1805 5500 in
1858 5455 2106 5502 sanctum

538 5529 728 5584 vestitu
787 5531 1104 5588 destitutum
1158 5537 1474 5603 conversis,
1533 5540 1762 5594 horrore
1830 5539 2111 5608 perculsus

608 5689 718 5765 (76)
753 5689 824 5742 Ita
882 5705 1143 5765 consonat
1199 5706 1488 5765 utrumque
1513 5714 1614 5751 ms.
1643 5698 1740 5753 Ubi
1776 5716 1904 5754 vero
1936 5700 1986 5754 id
2025 5700 2097 5754 le-

2280 4624 2379 4689 vC'.
2409 4623 2671 4695 Ἐρχέταί
2692 4642 2772 4688 τις
2797 4623 3096 4684 νεανίσκος,
3121 4626 3185 4692 τῇ
3213 4622 3369 4688 φύσει
3395 4621 3665 4695 εὐνοῦχος,
3692 4639 3794 4693 με-

2210 4713 2470 4781 γιστάνου
2505 4714 2649 4777 τινὸς
2683 4704 2970 4784 τυγχάνων
3006 4711 3444 4782 κουϐικουλάριος
3476 4728 3490 4742 ο
3540 4708 3606 4781 ἦν
3639 4714 3694 4768 δὲ
3729 4715 3793 4768 τὸ

2217 4805 2514 4876 πρόσωπον
2542 4805 2710 4860 αὑτοῦ
2742 4803 2817 4866 ὡς
2833 4803 2893 4856 τὸ
2923 4802 3096 4873 ῥόδον,
3126 4800 3220 4853 καὶ
3249 4799 3440 4863 λευκὸς
3472 4799 3550 4868 τῷ
3573 4799 3788 4869 σώματι

2214 4898 2291 4960 ὡς
2325 4899 2478 4968 χιὼν,
2509 4897 2742 4968 εὐειδὴς,
2761 4895 3070 4963 ἐπίξανθος,
3099 4891 3358 4964 βλακείαν
3386 4894 3445 4945 οὐ
3476 4892 3576 4962 τὴν
3596 4892 3790 4963 τυχοῦ-

2215 5007 2316 5043 σαν
2347 4992 2708 5062 κεκτημένος,
2740 4989 2940 5059 μόσχου
2969 4980 3206 5058 μήκοθεν
3237 4985 3476 5050 ἀπόζων,
3511 4984 3788 5055 μαλακοὺς

2214 5082 2686 5154 περιϐεϐλημένος
2727 5081 2962 5152 χιτῶνας
2982 5099 2998 5115 ο
3039 5078 3126 5133 διὰ
3157 5078 3214 5132 δὲ
3239 5077 3300 5129 τὸ
3331 5071 3469 5156 εἶναι
3510 5077 3601 5132 τὸν
3638 5078 3788 5130 Ἐπι-

2216 5174 2406 5243 φάνιον
2441 5175 2784 5246 συνομήλικα
2844 5173 3009 5227 αὐτοῦ
3050 5171 3144 5225 καὶ
3192 5171 3542 5240 γειτνιάζειν,
3580 5172 3786 5242 μεταξὺ

2215 5267 2464 5336 ἀλλήλων
2496 5263 2564 5338 ἦν
2595 5267 2786 5336 ἀγάπη
2823 5264 3014 5334 πολλή.
3051 5264 3318 5333 Κατεῖχεν
3343 5261 3433 5316 οὖν
3461 5265 3488 5317 ὁ
3518 5263 3785 5333 Εὐνοῦχος

2212 5361 2422 5422 ἐκεῖνος
2476 5358 2725 5426 φοίνικας
2764 5355 3016 5423 καθάπερ
3066 5353 3288 5422 ἰσχάδας
3328 5354 3406 5417 ὠς
3448 5354 3781 5423 τριάκονταο

2213 5451 2548 5516 θεασάμενος
2571 5448 2667 5502 οὖν
2693 5449 2783 5500 τὸν
2805 5448 2989 5499 Ὅσιον
3015 5445 3436 5517 γεγυμνωμένον
3452 5444 3527 5516 τῷ
3549 5444 3780 5515 σώματι,

2212 5543 2310 5597 καὶ
2337 5542 2414 5611 τῷ
2440 5541 2549 5593 δέει
2583 5539 2818 5602 θληθεὶς.
2840 5537 2899 5592 τὸ
2929 5539 3158 5608 πρᾶγιια
3186 5538 3471 5603 ἐξενίζετο.
3513 5539 3606 5593 καὶ
3643 5539 3778 5590 ἐπτι-

2275 5704 2385 5771 (77)
2414 5703 2511 5758 Ms.
2555 5703 2725 5759 V'atic.
2768 5704 3105 5775 peregrinam
3175 5701 3263 5756 hic
3307 5700 3536 5756 habebat
3591 5711 3776 5755 vocem

534 5762 669 5844 gerit
711 5769 930 5839 auctor,
971 5763 1083 5828 ipse
1147 5767 1340 5822 viderit
1380 5762 1523 5823 {non
1586 5780 1764 5836 putem
1827 5772 1877 5822 in
1923 5773 2096 5827 sacris

2214 5762 2335 5826 πανε
2347 5762 2598 5844 ρέφυνεν.

539 5830 774 5883 Litteris.
