4176 6448
233 541 365 614 ρὼτα
395 537 483 592 τὸν
522 535 844 606 Ἐπιφάνιον
884 534 1060 603 λέγων
1095 549 1108 564 ·
1157 529 1384 584 eum:

231 634 489 703 ποθημένε
549 631 860 700 Ἐπιφάνιε,
911 629 993 693 τίς
1027 627 1137 698 ἄρα
1184 619 1340 689 οὗτός
1388 626 1536 678 ἐστιν
1577 640 1592 687 ;
1647 622 1795 686 τίνος

230 726 380 795 χάριν
411 722 651 792 παράγει
701 721 928 792 γυμνὸς,
974 719 1179 788 κρύους
1225 717 1505 787 ἀφορήτου
1552 714 1647 768 καὶ
1681 730 1794 783 χει-

230 818 396 885 μῶνος
429 814 765 885 ὑπάρχοντος
789 851 804 876 ,
858 811 953 866 καὶ
986 811 1178 880 ὥσπερ
1204 811 1255 863 oi
1305 811 1362 862 ὲν
1398 807 1644 879 θαλάσσῃ
1682 823 1798 860 κιν-

226 906 551 970 δυνεύοντες,
594 904 768 968 οὕτως
806 903 1148 973 καθέστηκεν
1180 918 1194 966 ;
1242 900 1560 971 Ἐπιφάνιος
1589 894 1746 953 εἷπεν
1778 914 1795 931 ·

229 997 526 1051 Γλυκύτατέ
562 1014 664 1067 μου
696 994 914 1064 ἀδελφὲ,
957 995 1010 1046 τί
1066 1010 1145 1047 σοι
1181 992 1289 1063 ἔχω
1325 995 1500 1046 εἰπεῖν
1527 991 1668 1061 ὑπὲρ
1698 990 1796 1044 τοῦ

231 1090 569 1160 φαινομένου,
604 1091 704 1165 οὐκ
733 1090 1029 1160 ἐπίσταμαι
1055 1106 1067 1121 ⁸
1094 1088 1280 1159 ἐπειδὴ
1310 1083 1730 1158 ᾐχμαλώτευται
1764 1083 1798 1154 ἢ

226 1181 423 1235 διάνοια
487 1179 652 1234 αὐτοῦ
708 1179 812 1233 ὑπὸ
857 1179 950 1234 τοῦ
1002 1180 1349 1248 πνεύματος,
1397 1176 1490 1231 καὶ
1545 1175 1800 1246 περιάγει

229 1270 610 1340 παρατραπεὶς
643 1273 764 1333 ταῖς
797 1271 992 1341 φρεσὶν
1028 1270 1221 1341 ῶσπερ
1254 1270 1540 1342 πασχικῶς
1591 1286 1800 1341 πεφυρ-

231 1363 381 1430 μένος
407 1379 422 1395 ο
468 1362 670 1427 πάντες
699 1363 755 1417 δὲ
790 1365 837 1417 oi
866 1363 1092 1416 τοιοῦτοι
1119 1364 1506 1436 διαρῤήσουσιν
1538 1365 1636 1428 τὰς
1669 1365 1800 1418 ἐαυ-

232 1452 335 1504 τῶν
358 1453 614 1522 χιτῶνας,
657 1456 750 1507 καὶ
801 1453 1259 1523 άναισθητοῦντες
1288 1455 1592 1526 τρέχουσιν.
1631 1455 1803 1509 Λελά-

230 1546 391 1616 ληκεν
422 1547 480 1601 δὲ
515 1547 691 1610 τοῦτο,
736 1547 808 1618 μὴ
853 1547 1175 1618 βουλόμενος
1209 1548 1514 1619 ἐκκαλύψαι
1541 1547 1640 1618 τὴν
1675 1551 1806 1619 ἀρε-

220 1638 322 1706 τὴν
350 1639 443 1692 τοῦ
487 1639 687 1694 Ὀσίου.
712 1638 896 1692 Ταῦτα
949 1639 1191 1705 ἀκούσας
1245 1625 1450 1704 ἐκεῖνος
1505 1641 1800 1714 ἡσύχαζεν,

233 1729 321 1782 καὶ
350 1727 542 1798 ῶσπερ
596 1729 800 1800 πένητα
849 1730 1124 1801 οἰκτείρας
1168 1729 1233 1794 ἃς
1274 1733 1522 1802 κατεῖχεν
1556 1732 1803 1800 φοίνικας

229 1819 392 1873 ἐδίδου
421 1820 501 1890 τῷ
533 1822 805 1892 Μακαρίῳ
830 1822 1008 1890 λέγων
1033 1839 1046 1854 ο
1070 1823 1230 1888 Δέξαι
1259 1824 1394 1887 τέως
1423 1823 1616 1886 ταῦτα,
1653 1826 1804 1875 ὲπει-

228 1913 287 1983 δὴ
320 1911 556 1965 ἐνταῦθα
588 1913 742 1966 οὐδὲν
775 1914 963 1985 ἕτερον
994 1914 1214 1986 ἔχομεν.
1249 1915 1309 1968 Ὀ
1346 1913 1403 1968 δὲ
1451 1915 1640 1978 “Octo;
1680 1932 1800 1967 νοε-

233 2003 352 2070 ροὺς
378 2003 692 2074 ὀφθαλμοὺς
723 2006 1085 2078 κεκτημένος,
1123 2006 1263 2075 ἔγνω
1296 2007 1360 2061 τά
1405 2007 1544 2076 ἔργα
1576 2007 1674 2077 τῆς
1699 2005 1804 2077 ψυ-

231 2092 329 2162 χῆς
349 2094 544 2158 αὑτοῦ,
570 2096 662 2149 καὶ
693 2097 940 2169 βλοσυρῷ
962 2098 1040 2168 τῷ
1069 2100 1276 2168 ὄμματι
1301 2098 1509 2154 ἀπιδὼν
1534 2102 1611 2164 είς
1642 2099 1806 2153 αὐτὸν

229 2186 328 2256 ἔφη
365 2202 380 2218 ο
430 2187 616 2257 Δῶρον
647 2190 981 2258 κωλοφονίας
1039 2193 1089 2245 oi
1133 2191 1289 2246 σαλοὶ
1346 2192 1449 2246 οὐκ
1509 2192 1804 2245 ἐσθίουσιν.

242 2277 660 2348 Ἀγνοήσαςσοῦν
692 2282 896 2345 ἐκεῖνος
925 2283 984 2336 τὸ
1010 2283 1200 2354 λεχθὲν
1224 2283 1392 2354 αὐτῷ,
1429 2284 1531 2353 ἔφη
1559 2299 1573 2314 υ
1614 2283 1800 2352 Παρα-

234 2369 582 2442 τετραμμέ-νε
610 2370 696 2426 ἐπ’
741 2373 1022 2444 ἀληθείας,
1066 2376 1313 2443 φοίνικας
1354 2374 1590 2445 βλέπων,
1634 2373 1808 2426 κωλο-

233 2462 414 2531 φονίας
447 2463 594 2517 δοκεῖ
629 2481 710 2518 σοι
738 2465 911 2519 ταῦτα
948 2463 1112 2519 εἶναι.

303 2658 407 2720 νηθ.
435 2653 597 2720 Λέγει
626 2649 772 2720 αὑτῷ
797 2651 827 2703 6
858 2648 1144 2720 Μακάριος
1166 2666 1181 2682 ο
1214 2649 1387 2716 Δόλιε,
1419 2651 1621 2706 ἄπελθε
1657 2656 1714 2707 ἐν
1743 2655 1821 2726 τῷ

234 2743 566 2800 κοιτῶνιτοῦ
591 2743 807 2811 κυρίου,
830 2743 923 2796 καὶ
945 2733 1178 2811 ἐργάζου
1208 2741 1328 2814 μετ’
1345 2742 1511 2797 αὑτοῦ
1532 2745 1632 2815 τὴν
1653 2746 1818 2800 ἀσθέ-

233 2851 377 2887 νειαν
399 2834 511 2886 τῶν
543 2835 870 2903 Σοδομιτῶν,
924 2834 1019 2888 καὶ
1051 2835 1306 2892 ἐπιδώσει
1356 2855 1439 2892 σοι
1481 2841 1578 2893 καὶ
1616 2839 1811 2910 ἑτέρας

234 2924 487 2993 φοίνικας
513 2941 527 2956 ο
563 2925 899 2994 ταλαίπωρε,
918 2929 945 2979 6
985 2927 1060 2998 μὴ
1093 2926 1307 2995 βλέπων
1332 2921 1430 2992 τὰς
1460 2929 1685 2991 ἀκτῖνας
1711 2930 1811 2998 τῆς

234 3015 340 3068 τῶν
366 3015 619 3086 οὐρανῶν
656 3017 958 3087 βασιλείας,
986 3020 1014 3071 6
1048 3019 1122 3090 μὴ
1161 3005 1284 3073 ίδὼν
1319 3021 1419 3087 τῆς
1454 3019 1680 3091 γεέννης
1712 3022 1811 3091 τὴν

234 3108 539 3177 ἀγριότητα
573 3107 671 3178 τὴν
710 3109 1046 3180 δριμυτάτην
1070 3150 1084 3173 ,
1142 3109 1268 3164 οὔτε
1320 3112 1420 3165 κᾶν
1454 3114 1545 3164 τὸν
1583 3111 1812 3181 ἄγγελον

1375 411 1555 475 VITA
1601 408 1666 468 S.
1706 398 2038 464 ANDREIE
2077 395 2269 458 ΞΛΜ.

1421 545 1520 598 μου
1563 527 1659 580 καὶ
1698 540 1796 575 περ
1828 526 1870 579 Α
1902 525 1954 569 et
1990 511 2272 570 insolentis
2298 508 2374 564 rei
2405 507 2698 562 novitatem
2731 512 2979 564 tntratus,
3024 499 3482 569 percunctabatur

3367 377 3480 441 698

1899 607 2258 676 Epiphaniam
2292 604 2396 657 ltoc
2442 599 2647 655 modo":
2681 594 3038 651 Dilectissimo
3082 590 3490 645 desideratissi—

1901 714 2095 768 meque
2129 695 2420 766 Epiphani,
2458 691 2587 762 quid
2619 689 2796 745 istltoc
2829 688 3045 742 tandem
3087 694 3170 738 est
3200 681 3484 735 heminis?

1900 790 2256 861 quamobrem
2280 787 2489 854 ,nudus
2542 782 2804 854 procedit,
2839 781 3039 849 frigore
3079 774 3374 846 praesertim
3404 773 3486 825 in-

1900 882 2164 939 tolerabili
2202 889 2254 936 et
2282 887 2602 949 tempestate
2631 874 2985 932 szevientibus
3018 871 3042 924 ?
3085 867 3306 922 Nullum
3340 866 3482 919 inter

1900 977 2077 1043 ipsum
2111 983 2162 1029 et
2187 971 2551 1043 periclitantes
2583 969 2633 1021 in
2671 966 2806 1021 mari
2839 964 3130 1019 discrimen
3177 958 3481 1014 intercedit.

1900 1065 1997 1122 Cui
2057 1051 2886 1134 Epiphanius:Jucuntlissime
2938 1055 3126 1117 l'r‘ater,
3195 1051 3325 1122 quid
3389 1049 3516 1102 tibi.

1901 1174 2066 1229 super
2094 1158 2200 1226 his,
2224 1171 2345 1226 quae
2370 1153 2544 1210 oculis
2572 1159 2774 1221 patent,
2816 1148 3023 1210 dicant,
3059 1143 3309 1213 equidem
3335 1142 3488 1211 igno-

1903 1265 1998 1305 ro:
2023 1247 2328 1318 exagitante
2357 1254 2590 1299 mentem
2624 1241 2770 1296 illius
2789 1239 2981 1309 spiritu
3002 1276 3015 1300 ,
3046 1248 3324 1302 camqnea
3353 1231 3484 1286 sede

1901 1357 2001 1396 sua
2053 1339 2360 1410 dejiciente,
2414 1344 2639 1406 vagatur
2666 1348 2774 1388 non
2803 1331 2962 1385 aliter
3007 1342 3170 1398 quatit
3234 1325 3486 1378 insessus

1902 1449 1933 1489 a
1991 1433 2275 1488 daemone:
2313 1429 2566 1483 homines
2644 1433 2826 1479 autem
2885 1419 3194 1477 istiusmodi
3250 1419 3489 1472 lacerare

1903 1524 2225 1581 vestimenta
2268 1536 2389 1584 sua,
2450 1528 2504 1574 et
2555 1517 2761 1586 absque
2793 1514 2998 1584 pudore
3037 1519 3131 1567 aut
3161 1508 3488 1564 verecundia

1904 1617 2169 1673 cursitare
2220 1614 2417 1672 solent.
2448 1611 2525 1666 Ita
2583 1607 2947 1680 Epiphanius,
3006 1614 3066 1658 ut
3124 1616 3192 1657 ne
3233 1600 3485 1654 virtutem

1907 1711 2008 1765 viri
2058 1709 2233 1765 sancti
2295 1707 2351 1762 in
2413 1705 2587 1760 lucem
2641 1697 3182 1772 proferret;quibus
3217 1693 3491 1764 acquievit

1907 1800 2226 1862 eunuchus,
2279 1798 2644 1865 misertusque
2691 1789 2968 1856 Andreae,
3043 1788 3124 1844 uti
3194 1786 3487 1857 pauperis,

1838 1881 1877 1934 Β
1912 1890 2152 1962 porrexit
2188 1903 2327 1959 quos
2363 1885 2599 1942 babebat
2633 1883 2900 1954 dartylos,
2926 1879 3016 1934 his
3045 1876 3244 1933 additis
3277 1873 3489 1928 verbis:

1909 1986 2043 2044 Cum
2069 1983 2219 2039 aliud
2274 1981 2407 2036 mihi
2439 1978 2603 2034 modo
2637 1977 2689 2030 in
2726 1981 2976 2045 promptu
3035 1986 3141 2024 non
3185 1969 3279 2032 sit,
3307 1965 3494 2032 accipe

1911 2078 2042 2134 bzrc.
2075 2076 2144 2131 At
2206 2074 2462 2133 Sanetus.
2529 2071 2731 2125 mentis
2787 2063 2962 2121 oculis
2987 2063 3250 2117 interiora
3311 2057 3492 2112 cordis

1908 2171 2050 2225 illius
2081 2167 2403 2238 pervadens,
2441 2169 2704 2232 torvoque
2736 2159 2790 2214 in
2819 2153 3094 2212 hominem
3128 2153 3275 2207 vultu
3328 2149 3492 2203 intui-
3531 2193 3534 2196 .

1908 2275 2034 2318 tus:
2066 2260 2244 2326 Ficos,
2290 2257 2486 2327 inquit,
2535 2268 2643 2308 non
2705 2249 2997 2306 comedunt
3056 2243 3256 2300 insani.
3319 2241 3490 2310 Cujus

1909 2353 2037 2409 dicti
2092 2351 2363 2420 energiam
2401 2364 2506 2402 non
2569 2351 2855 2400 assecutus
2893 2341 3028 2393 alter
3060 2335 3172 2408 (78)
3205 2349 3219 2387 :
3262 2333 3489 2395 lievcra,

1913 2445 2110 2515 inquit,
2164 2444 2392 2497 insanus
2423 2455 2500 2503 es,
2529 2438 2621 2509 qui
2651 2451 2773 2490 cum
2802 2432 3050 2503 dactylos
3095 2429 3271 2490 vides,
3310 2425 3495 2479 videro

1912 2550 1961 2592 te
1993 2539 2129 2593 ﬁcos
2154 2535 2457 2592 arbitraris.

1985 2677 2076 2732 58.
2103 2677 2242 2730 Tum
2279 2675 2341 2727 Β.
2376 2670 2620 2727 Andreas
2650 2688 2664 2725 :
2695 2666 3011 2738 Versipcllis
3031 2708 3046 2730 ,
3077 2680 3247 2737 apage
3278 2663 3404 2719 hinc
3427 2662 3496 2717 ad

1912 2769 2170 2825 conclave
2222 2765 2426 2821 domini
2462 2765 2559 2825 tui,
2596 2777 2720 2817 cum
2757 2759 2874 2831 ipso
2930 2759 3124 2815 sceleri
3159 2756 3497 2812 Sodomitico

1911 2877 2131 2932 operam
2168 2861 2401 2916 daturus
2422 2901 2436 2923 ,
2467 2867 2520 2913 et
2564 2855 2873 2911 aliosetiam
2913 2853 3008 2907 tibi
3033 2851 3279 2923 dactylos
3301 2866 3496 2918 suppe-

1911 2955 2124 3010 ditabit.
2161 2954 2202 3004 0
2231 2961 2280 3006 te
2308 2949 2566 3004 miserum
2602 2948 2614 3000 !
2661 2946 2750 3015 qtti
2785 2946 2847 2999 ad
2883 2942 3339 3012 fulgentissimatn
3386 2955 3496 2994 cm-

1913 3046 2066 3099 lestis
2117 3043 2268 3114 regni
2329 3041 2506 3095 lucem
2549 3029 2806 3100 credulis,
2842 3033 2935 3104 qui
2989 3031 3365 3086 crudelissima
3408 3045 3495 3099 ge‘

1917 3138 2107 3191 bennaa
2131 3142 2399 3190 tormenta
2435 3146 2543 3184 non
2574 3127 2812 3198 cogitas,
2842 3125 2934 3195 qui
2967 3123 3143 3193 angeli
3194 3132 3281 3184 te,
3313 3128 3501 3189 utpote

236 3201 465 3288 aiaxdvn
490 3201 580 3254 τὸν
608 3200 860 3272 καθάπερ
901 3201 1217 3274 Χριστιανῷ
1252 3203 1650 3258 άκολουθοῦντά
1705 3219 1808 3255 σοι.

236 3292 298 3315 'I‘l
331 3289 403 3315 -L.
447 3293 550 3315 οι--
595 3295 782 3315 -_-_.l-ﬂ
835 3314 843 3315 κ
904 3295 1170 3315 1,,lh,,,_e
1240 3298 1253 3315 ι
1317 3314 1336 3315 η
1381 3295 1682 3315 ’κ.η.ρηκ
1721 3313 1780 3315 ομ

1916 3223 2310 3288 Christianum,
2341 3217 2657 3274 comitantis
2714 3212 3019 3271 reverentia
3043 3226 3151 3266 non
3185 3224 3502 3278 compesce-

236 3292 298 3344 Τί
325 3289 407 3346 σοι
442 3293 553 3347 δέει
593 3295 867 3363 γενέσθαι,
896 3295 1198 3367 ἀκάθαρτε,
1236 3298 1293 3349 έν
1312 3299 1430 3359 ταῖς
1460 3295 1685 3365 γωνίαις
1711 3313 1813 3348 πα-

238 3387 509 3457 ρεδρεύων
541 3387 605 3439 τά
650 3387 724 3459 μὴ
767 3387 954 3441 δέοντα
998 3388 1398 3460 ἐργαζόμενος,
1437 3389 1582 3458 ἆπερ
1607 3389 1727 3441 οὐδὲ
1764 3388 1812 3440 οἱ

236 3477 417 3544 κύνες,
442 3479 587 3548 ἅπερ
610 3478 676 3532 τὰ
711 3457 917 3548 ἑρπετὰ
949 3457 1042 3533 καί
1068 3457 1239 3550 δφείέ,
1273 3481 1416 3550 άπερ
1441 3457 1562 3532 οἱ,δὲ
1603 3480 1653 3532 οι
1678 3481 1815 3548 10i-

241 3588 319 3640 ροι
351 3573 618 3641 πράττειν
641 3575 739 3626 οὐκ
775 3577 952 3627 ῐσασιν
982 3587 997 3603 ο
1036 3572 1200 3625 πόθεν
1237 3574 1522 3642 κατάρατε
1561 3571 1814 3643 μεμαθη-

238 3664 352 3727 κὼς.
391 3665 566 3720 ταῦτα
615 3664 984 3736 κατεργάζει;
1019 3665 1154 3720 Οὐαὶ
1192 3667 1258 3736 τῇ
1305 3667 1370 3737 σῇ
1411 3665 1644 3734 νεότητι,
1683 3666 1747 3736 ἢν
1789 3666 1816 3717 6

240 3757 484 3818 Σατανᾶς
529 3755 906 3826 παρατρώσας
961 3759 1042 3819 είς
1110 3757 1341 3826 φοσερδν
1385 3757 1636 3826 πυθμένα
1672 3757 1813 3828 -ᾷδου

242 3849 580 3921 σφοδροτάτῃ
607 3849 713 3901 τινὶ
741 3851 835 3902 καὶ
866 3849 1078 3918 ἀπείρῳ
1129 3850 1414 3918 ἰταμότητι
1444 3851 1818 3919 κατεκρήμνι-

243 3956 352 3994 σεν.
393 3939 538 4009 Ὅρα
580 3938 674 3993 καὶ
716 3938 810 4010 μὴ’
842 3939 1176 4011 πορρωτέρω
1217 3939 1480 4008 πρόδαινε
1518 3939 1651 4010 (79),
1688 3938 1708 4011 ί
1740 3940 1815 4010 μή

246 4047 371 4083 ποτε
412 4030 644 4092 δικαίως
679 4029 926 4100 θεηλάτῳ
963 4032 1095 4100 πυρὶ
1125 4030 1533 4094 καταναλωθεὶς
1565 4030 1817 4103 πρόωρον

243 4121 587 4193 ἀφαρπάζων
611 4138 703 4174 σου
731 4123 832 4193 τὴν
864 4123 1114 4192 νεότητα,
1150 4125 1244 4180 καὶ
1289 4121 1528 4176 ἐνταῦθα
1564 4123 1662 4193 μὲν
1712 4140 1821 4176 τοι-

244 4218 381 4288 ούτῳ
414 4214 695 4287 πρηστῆρι
717 4215 758 4289 ],
794 4217 1001 4270 ἐκεῖθεν
1038 4216 1096 4270 δὲ
1142 4217 1372 4287 γεέννης
1424 4217 1562 4288 πυρὶ
1606 4216 1821 4288 λυγρῶς

243 4306 608 4363 ὁλοκαυτώσει
637 4326 718 4364 σε.
748 4308 931 4362 Ταῦτα
970 4309 1208 4374 άκοῠσας
1229 4311 1434 4372 ἐκεῖνος
1466 4309 1704 4381 ἔφριξεν,
1745 4310 1821 4373 ὡς

245 4402 352 4471 πῦρ
365 4402 606 4472 γεγονὼς
635 4393 926 4470 πρόσωπον
945 4401 1132 4468 αὑτοῦ,
1158 4404 1251 4456 καὶ
1272 4402 1515 4474 ᾐσχύνθη
1550 4403 1820 4473 μεγάλωςο

249 4498 407 4566 Λέγει
427 4492 522 4550 οὖν
573 4495 890 4564 Ἐπιφάνιος
946 4495 1083 4568 πρὸς
1119 4495 1318 4552 αὐτόν’
1357 4496 1424 4548 Τί
1457 4512 1538 4549 σοι
1583 4498 1820 4565 ἐγένετο,

1917 3316 2014 3371 ris.
2071 3312 2208 3379 Quid
2251 3307 2616 3364 metuendum
2674 3305 2773 3359 tibi
2822 3312 2925 3366 est,
2981 3300 3230 3363 sceleste,
3287 3312 3411 3351 cum
3445 3296 3501 3350 in

1915 3405 2144 3477 angulos
2193 3401 2540 3469 latebrasque
2586 3405 2642 3454 te
2701 3393 2888 3458 abdis,
2941 3393 3037 3448 illa
3103 3388 3503 3445 commissurus

1915 3498 2138 3566 ﬂagitia,
2175 3511 2293 3564 qua:
2323 3493 2486 3548 etiam
2514 3503 2700 3566 canes,
2738 3501 2859 3558 qua:
2877 3492 3153 3556 serpentes
3183 3491 3238 3538 et
3271 3494 3501 3550 angues,

1916 3565 2037 3659 qua:
2061 3586 2168 3657 ipsi
2209 3594 2262 3640 et
2306 3583 2457 3654 porci
2476 3565 2694 3651 patrare
2716 3570 3288 3637 exhorreacuntlQuo
3314 3570 3504 3625 istltaec

1922 3670 2595 3752 prmceptore'didicisti?
2644 3671 2735 3725 Vae
2781 3666 3307 3728 adolescentitetuae,
3339 3677 3503 3731 quam

1921 3751 2151 3826 Satanas
2206 3767 2400 3820 misere
2448 3760 2766 3818 vulneribus
2839 3758 3113 3813 concisam
3162 3755 3216 3808 in
3262 3751 3507 3808 terribile

1921 3860 2116 3916 inferni
2143 3857 2480 3922 barathrum,
2513 3852 2996 3911 vehementissimo
3029 3865 3152 3906 cum
3201 3847 3406 3921 impetu
3439 3858 3528 3905 ac‘

1922 3953 2203 4015 violentia,
2265 3949 2599 4021 praecipitem
2661 3946 2828 4002 dedit.
2861 3944 3227 4012 Quamobrem
3279 3945 3507 4000 consule

1922 4046 2085 4101 rebus
2145 4045 2276 4109 tuis,
2328 4057 2429 4098 nec
2489 4055 2654 4112 porro
2722 4054 2905 4110 perge,
2957 4053 3027 4094 ne
3061 4038 3197 4094 forte
3243 4037 3508 4093 divinitus

1928 4135 2348 4205 superveniente
2380 4133 2505 4203 igne
2533 4138 2908 4198 consumptus,
2947 4128 3014 4189 in,
3046 4126 3348 4197 iuventutis
3379 4125 3511 4179 ﬂore

1923 4227 2191 4282 auferaris
2223 4264 2239 4290 ,
2267 4225 2456 4293 sicque
2487 4222 2574 4277 hic
2607 4223 2766 4289 lgneo
2799 4219 3034 4285 turbine,
3069 4218 3193 4273 istic
3233 4232 3364 4273 vero
3394 4217 3511 4272 vio—

1927 4321 2089 4375 lentia
2120 4318 2319 4373 inferni
2375 4317 2596 4371 ﬂamma
2655 4315 2863 4370 misere
2917 4311 3281 4367 comburaris.
3307 4310 3508 4385 Audita

1929 4417 2031 4468 hac
2086 4411 2309 4467 salutari
2369 4409 2740 4467 admonitione
2778 4445 2796 4472 ,
2829 4416 2974 4462 totus
3015 4403 3288 4459 inhorruit
3330 4405 3513 4457 Eunu-

1929 4507 2108 4569 chus,
2153 4512 2228 4570 et,
2271 4502 2702 4558 excandescente
2758 4499 2815 4554 in
2872 4498 3093 4554 modum
3132 4498 3274 4568 ignis
3327 4496 3507 4560 facie,

249 4592 405 4664 κύριέ
444 4610 548 4663 μου
587 4593 777 4664 γνήσιε
815 4592 936 4662 φίλε
959 4634 974 4658 ,
1006 4592 1150 4655 τίνος
1179 4594 1342 4663 χάριν
1387 4591 1706 4662 διετράπης,
1750 4590 1813 4653 ὡς

1935 4599 2303 4667 maximopere
2324 4595 2586 4650 confusus
2611 4601 2715 4649 est.
2754 4593 2935 4660 Quare
2967 4591 3051 4660 ad,
3073 4593 3251 4663 ipsum
3280 4591 3517 4661 Epipha-

253 4685 362 4757 πῦρ
392 4684 634 4756 γεγονὼς
659 4685 722 4737 τὸ
757 4683 1047 4755 πρόσωπόν
1079 4701 1174 4737 σου
1208 4701 1223 4748 ;
1258 4683 1471 4739 Οὐκοῦν
1500 4683 1702 4754 εἴρηκά
1742 4699 1825 4736 σοι

252 4775 420 4828 ταῦτα
452 4792 468 4842 ;
499 4774 685 4844 ἐπειδὴ
734 4774 788 4826 εἰ
832 4792 884 4827 τι
921 4773 1138 4843 φθάσει,
1182 4773 1336 4826 λαλεῖ
1364 4776 1392 4826 6
1432 4789 1825 4843 παρατετραμ-

256 4869 415 4936 μένος
446 4885 461 4935 ;
501 4867 669 4939 Πλὴν,
700 4868 951 4937 ἁγαπητέ
988 4886 1091 4937 μου
1122 4869 1178 4919 ἐν
1209 4853 1418 4937 Κυρίῳ,
1443 4867 1599 4936 εἴπερ
1644 4865 1826 4919 σύνοι-

251 4961 343 5023 δάς
373 4980 423 5015 τι
458 4960 568 5016 ἀπὸ
599 4961 708 5015 τῶν
742 4961 843 5033 ἤδη
877 4960 969 5014 ὑπ’
1004 4958 1168 5014 αὐτοῦ
1195 4960 1494 5032 ῥηθέντων,
1530 4959 1833 5029 πορευθεὶς,

253 5052 451 5124 ὕπαγε,
486 5055 585 5109 καὶ
608 5055 832 5108 σεαυτὸν
853 5056 932 5120 είς
958 5053 1245 5123 διόρθωσιν
1271 5053 1496 5122 άγε,καὶ
1522 5053 1598 5124 μὴ
1629 5053 1824 5124 άηδιά-

255 5147 342 5210 ζου
373 5147 468 5201 ἐπὶ
488 5149 601 5212 τοῖς
621 5146 801 5216 λδγοις
825 5163 840 5180 ·
879 5147 998 5210 νέος
1030 5148 1142 5217 γὰρ
1171 5143 1224 5200 εἴ
1251 5148 1346 5201 καὶ
1368 5146 1672 5218 τρυφερὸς,
1726 5148 1825 5202 καὶ

322 5344 433 5430 _(_78)
465 5342 604 5430 ῌοια
637 5355 740 5410 est,
771 5360 946 5430 neque
974 5345 1065 5401 hic
1105 5345 1290 5430 fusius
1332 5347 1673 5430 explicanda,
1703 5347 1832 5430 licet

257 5417 386 5496 satis
430 5418 497 5470 ad
532 5431 653 5496 rem.
685 5419 984 5496 pertinens,
1012 5417 1339 5496 ambiguitas
1373 5417 1827 5496 signiﬁcationis,

260 5483 309 5568 in
351 5500 481 5540 voce
538 5483 727 5568 Latina
762 5489 917 5556 ﬁcus,
952 5489 1028 5568 uti
1071 5499 1124 5541 et
1149 5483 1201 5568 in
1248 5488 1433 5568 Graeca
1461 5490 1622 5557 συκῆ.
1667 5483 1830 5543 Eam-'-

259 5552 552 5637 dentness‘e
613 5557 673 5637 in
714 5552 847 5637 voce
899 5552 1215 5637 xoioewvta‘
1261 5561 1376 5616 sive
1412 5552 1608 5628 (uthic
1639 5570 1830 5629 argute

261 5624 534 5699 scribitur)
576 5628 899 5699 κωλοφονία,
953 5624 1063 5685 non
1131 5629 1306 5684 habeo
1350 5624 1602 5684 auctores
1624 5624 1826 5699 quibus

264 5694 476 5773 probem
510 5694 682 5773 i_sed_
715 5694 979 5773 quoniam
1020 5701 1156 5773 ﬁcus
1179 5699 1372 5773 “albas
1404 5694 1698 5773 nigrasque
1731 5716 1824 5773 no-

265 5768 453 5848 vimus,
502 5768 594 5848 vix
637 5768 856 5848 Ldubito.
892 5769 1022 5848 quin
1070 5770 1263 5848 similis
1294 5770 1435 5848 apud
1463 5768 1685 5837 Graecos
1717 5770 1824 5825 dif-

267 5831 487 5895 ferentia
512 5837 694 5907 fuerit;
728 5851 780 5897 ct
814 5839 891 5897 sic
911 5831 1252 5911 Κολοφωνία,
1285 5831 1663 5909 (Ιὶὀαηιυι-ραι,
1700 5856 1820 5912 qua:
1849 5885 1852 5888 .

1935 4692 2062 4746 nius
2100 4689 2281 4756 :Quid
2334 4689 2452 4750 tibi,
2506 4687 2729 4742 domine
2779 4695 2832 4740 et
2895 4684 3067 4739 amice
3117 4682 3313 4748 ﬁdelis,
3335 4681 3516 4735 evenit.

1934 4781 2054 4835 rei?
2105 4779 2216 4836 Cur
2263 4786 2471 4834 mutata
2518 4779 2683 4833 facies
2718 4786 2806 4829 tua
2837 4773 3206 4827 inﬂammatur
3250 4782 3309 4825 ut
3337 4768 3519 4840 ignis?

1933 4873 2126 4928 Nonne
2156 4872 2228 4927 ita
2282 4870 2505 4942 praedixi
2536 4870 2653 4934 tibi,
2691 4867 2833 4937 quod
2879 4865 2925 4919 si
2956 4864 3086 4935 quid
3128 4869 3416 4916 assecutus
3445 4859 3516 4913 sit

1932 4974 2112 5020 mente
2145 4973 2336 5034 captus
2370 4963 2724 5031 insessusque
2759 4974 2790 5013 a
2810 4959 3078 5023 damone,
3109 4956 3164 5011 id
3188 4958 3239 5007 in
3271 4952 3509 5006 medium

1932 5054 2209 5127 proferat?
2260 5054 2416 5110 Nunc
2465 5051 2664 5124 igitur,
2686 5049 2971 5106 carissime
3042 5047 3096 5100 in
3154 5044 3426 5107 Domino,
3469 5041 3515 5097 si

1933 5148 2235 5219 cujuspiam
2266 5146 2507 5213 illorum,
2548 5160 2670 5216 quae
2699 5144 2814 5214 ipse
2837 5142 3052 5197 locutus
3079 5147 3196 5207 est,
3259 5137 3517 5193 conscius

1929 5348 2165 5404 colorem
2201 5349 2401 5404 habent
2439 5344 2787 5416 Colophonize
2842 5342 3040 5399 resinae
3088 5356 3185 5396 seu
3215 5339 3376 5416 picis,
3436 5339 3516 5416 ci-_

1929 5419 2197 5474 tharoedis
2229 5428 2393 5474 notae.
2436 5418 2552 5473 Dixi
2576 5411 2762 5470 autem
2791 5421 3154 5470 commutatae
3186 5411 3424 5475 vocales,
3449 5411 3517 5462 ad

1930 5488 2107 5556 ipsum
2140 5489 2282 5558 quod
2340 5490 2586 5559 arguitur
2616 5486 2842 5559 vitium,
2871 5493 2926 5539 et
2955 5484 3086 5559 ﬁcos
3133 5495 3230 5559 seu
3256 5479 3519 5559 mariscas

1932 5549 2066 5614 illud
2105 5549 2506 5629 consequentes
2526 5555 2970 5629 exprimendum,
3007 5553 3206 5629 scienti
3230 5549 3380 5621 quod
3405 5549 3518 5602 κῶς

1932 5629 2021 5693 λος
2051 5638 2240 5698 podex,
2269 5625 2453 5696 φόνιος
2480 5629 2712 5696 lethifer,
2753 5625 2997 5698 mortalia
3039 5625 3130 5678 sit.

2000 5689 2113 5770 (7'9)
2146 5689 2243 5754 Ms;
2273 5689 2447 5753 Vatic;
2486 5689 2980 5770 uﬁnorevﬁtxaimc
3005 5711 3088 5770 ea
3106 5693 3197 5770 at?)
3223 5691 3352 5770 θείῳ
3373 5689 3511 5770 χρής

1929 5759 2056 5840 σητε
2091 5759 2319 5839 θεῖλάτῳ
2351 5771 2458 5822 τ;νὶ
2472 5759 2627 5839 ποίνῇ
2648 5767 2941 5833 ἐξέλκουσα
2967 5767 3032 5836 τῇ
3066 5768 3132 5836 σῇ
3162 5759 3389 5833 νεότητα
3417 5759 3512 5812 καὶ

1927 5842 2076 5896 ἔνδεν
2095 5843 2192 5912 μὲν
2213 5843 2593 5911 παριστῆρσιν.
