4176 6448
636 317 743 380 699
1713 311 2152 372 NICEI‘HDRI
2191 312 2285 373 PR

2257 312 2672 372 RESBYTERI
2713 315 2822 374 (ΣΡ.
3797 324 3906 384 700

641 430 735 482 ubi
801 426 875 480 sis
910 465 923 489 ,
985 419 1163 495 uade,
1217 430 1270 474 et
1327 421 1392 474 ad
1424 420 1631 489 frugem
1662 418 2109 486 redi‘melioretn,
2139 432 2290 485 ποσά

2252 431 2312 487 ,Α
2341 421 2369 473 ό
2395 423 2661 488 Σατανᾶς,
2686 425 2935 492 ἀγαπητέ
2957 443 3080 493 μου,
3111 424 3344 494 χαλεπός
3367 427 3513 480 ἐστιν
3538 431 3628 480 καὶ
3663 430 3901 485 ἀποπλα-

639 520 703 572 atl
751 533 813 573 ea
853 531 970 586 quze
1049 527 1176 567 vere
1210 513 1300 566 tibi
1341 511 1549 582 objecta
1587 523 1738 579 sunt,
1797 516 2109 580 erubesco;
2141 513 2232 581 ju-

2337 515 2404 583 νᾷ
2432 515 2577 583 ἡμᾶς
2608 515 2871 582 πράττειν
2902 514 3002 584 τὴν
3026 517 3320 585 ἁμαρτίαν,
3351 518 3417 569 δι’
3447 519 3554 571 οὐδ’
3580 520 3768 588 ἕτερον
3795 565 3820 590 ,ν
3851 526 3899 577 εἰ

640 611 789 663 venis
824 609 1020 678 quippe
1088 619 1168 665 es,
1205 602 1440 656 molliter
1468 603 1753 668 educatus,
1797 604 2060 658 diabolus;
2109 618 2239 658 con-

2347 603 2424 672 μὴ
2465 602 2552 654 ἴνα
2593 603 2852 672 κέκτηται
2894 605 3041 679 ἡμᾶς
3081 606 3160 667 εἰς
3208 607 3562 674 παραμυθίαν
3594 608 3807 671 ἑαυτοῦ,
3844 613 3900 664 ἑν

640 713 720 753 tra
752 698 998 762 infestus,
1073 708 1171 746 nos
1201 693 1632 748 circumveniens
1666 695 1730 746 ad
1765 694 2045 762 p.~ccandu
2069 712 2114 746 :u
2152 695 2237 746 in-
2283 725 2289 736 ι

2283 725 2294 738 .
2341 693 2499 761 φλογὶ
2536 694 2762 760 γεέννης
2800 695 3267 763 κατακαιομένους
3299 697 3468 765 αὐτῷ.
3502 696 3688 752 Ταῦτα
3733 699 3897 752 ἀκού-

640 791 808 855 tlucit,
859 805 961 843 non
1004 784 1180 841 ali‘atn
1205 784 1274 836 ob
1325 799 1565 847 causam,
1613 799 1773 853 quam
1819 793 1876 838 ιιι
1931 801 1998 838 cx
2033 794 2230 837 nostra

1416 800 1565 847 Isam,
1613 799 1773 853 quam
1819 793 1876 838 ιιι
1931 801 1998 838 cx
2033 794 2230 837 nostra
2334 799 2440 845 σας
2469 785 2674 844 ἐκεῖνος
2697 782 3065 852 ἀνεχώρησεν.

641 883 897 952 gehenuze
928 879 1154 949 ignibus
1185 879 1540 932 ustuiatorum
1571 879 1830 932 societate
1859 877 2311 948 quaiemqnaiem
2353 877 2465 946 ipse
2525 877 2950 956 consolationem
3005 881 3369 936 nanciscatur.
3421 880 3628 948 Quibus
3675 882 3902 953 auditis,

644 979 773 1031 abiit
801 977 1105 1030 eunuchus.

714 1067 802 1120 59.
839 1056 1193 1120 Venerandns
1218 1073 1397 1117 autem
1425 1064 1640 1133 juvenis
1658 1064 1991 1135 Epiphanius
2029 1067 2078 1121 al
2102 1065 2246 1118 leva-

2245 1096 2246 1099 η
2404 1055 2501 1111 νθ’.
2538 1057 2598 1111 '0
2625 1057 2686 1112 δὲ
2711 1060 2889 1128 τίμιος
2925 1060 3235 1130 Ἑπιφάνιος
3266 1064 3540 1135 διεγείρας
3572 1066 3663 1120 τὸν
3687 1068 3894 1134 Ὀσιον,

646 1168 757 1210 ιιιιιι
820 1158 1089 1213 Andream
1144 1156 1200 1210 in
1256 1156 1507 1211 conclave
1557 1173 1715 1211 suum
1747 1157 2114 1222 introduxit,.
2147 1156 2236 1209 ubi

2336 1147 2714 1217 ἐπορεύθησαν
2758 1153 2820 1204 ἐν
2860 1152 2940 1221 τῷ
2989 1153 3205 1236 κοιτῷνι
3256 1156 3454 1221 αὑτοῦ,
3511 1159 3602 1211 καὶ
3649 1160 3897 1228 εὑρόντες

641 1251 961 1303 instructam
1029 1247 1359 1317 reperientes
1440 1263 1714 1311 mensam,
1792 1248 2236 1311 discubuerant,

2335 1233 2634 1303 τράπεζαν,
2651 1233 3004 1298 καθεσθέντες
3027 1233 3407 1309 εὐφράνθησαν
3427 1241 3518 1292 ἐπὶ
3539 1246 3897 1314 ταῐςδωρεαίς

643 1348 694 1388 ει
757 1336 1054 1390 Salvatoris
1100 1336 1272 1389 nostri
1347 1335 1658 1391 liberalibus
1736 1335 1896 1391 donis
1957 1334 2232 1392 delectati

2333 1322 2427 1374 τοῦ
2472 1322 2723 1391 Σωτῆρος
2745 1338 2758 1353 ⁸
2799 1324 2892 1376 καὶ
2927 1324 3069 1393 μετὰ
3114 1326 3173 1378 τὸ
3202 1327 3527 1396 μεταλαδείν
3558 1331 3777 1396 αὐτοὺς,
3813 1333 3896 1385 λέ-

642 1435 810 1480 sunt:
854 1442 1082 1496 quorum
1122 1426 1208 1480 ubi
1239 1440 1332 1480 esu
1363 1425 1663 1481 refecerant
1707 1429 1871 1487 vires.
1920 1427 2006 1483 iris
2041 1426 2231 1483 diutis

2331 1428 2421 1479 γει
2463 1411 2784 1489 Ἐπιιράνιος
2812 1412 2951 1482 πρὸς
3001 1415 3093 1467 τὸν
3154 1417 3439 1486 Μακάριόν
3464 1432 3478 1445 ⁸
3510 1419 3629 1473 Τίνι
3684 1423 3891 1494 τρόπῳ,

635 1516 944 1584 aggreditur
973 1517 1029 1571 Β.
1079 1517 1348 1571 Andream
1409 1516 1740 1585 Epiphanius
1778 1518 2234 1582 :Quamobrem,

2331 1501 2459 1572 κύρι
2492 1504 2519 1555 6
2563 1503 2762 1570 μέγας,
2788 1503 2960 1563 οὕτως
2987 1506 3280 1575 ἀποτόμοις
3301 1509 3518 1579 ἐχρήσω
3542 1511 3792 1581 ὲλεγμοῑς
3819 1516 3895 1586 τῷ

641 1606 860 1659 domin
891 1615 943 1658 et
972 1608 1271 1659 amicorum
1326 1607 1578 1670 maxime,
1612 1617 1716 1660 tam
1755 1607 1977 1662 acribus
2026 1610 2144 1665 ince
2179 1621 2237 1660 s-

2332 1594 2626 1664 προσφιλετ
2665 1611 2754 1664 μοι
2807 1597 3234 1666 χρηματίζοντι;
3283 1601 3426 1671 Ἔφη
3475 1604 3612 1672 πρὸς
3645 1605 3816 1657 αὑτὸν
3867 1609 3894 1659 6

644 1696 760 1750 sisti
815 1694 973 1748 dictis
1022 1694 1338 1748 Eunuchum
1405 1696 1556 1750 illum
1603 1695 1737 1750 mihi
1768 1695 2063 1751 intimum?
2091 1697 2159 1753 Ct
2190 1694 2224 1746 ti

2329 1685 2619 1754 Μακάριος
2645 1700 2660 1716 ο
2703 1685 2920 1756 Ἐπειδὴ
2961 1687 3264 1763 προσφιλής
3299 1706 3381 1741 σοι
3432 1693 3769 1761 καθέστηκεν
3799 1697 3893 1748 καὶ

639 1785 922 1841 Sanctus:
957 1784 1050 1840 Vel
1096 1786 1234 1850 ideo,
1296 1786 1490 1856 inquit,
1534 1787 1676 1856 quod
1734 1786 1951 1842 intimus
1978 1787 2076 1842 tibi
2119 1803 2170 1841 et
2197 1792 2236 1836 tt

2331 1776 2636 1846 ἀγαπητὸς,
2697 1775 2886 1830 τούτου
2919 1777 3078 1848 χάριν
3127 1780 3538 1852 ἐποίησαπρὸς
3590 1785 3754 1839 αὐτὸν
3799 1788 3893 1838 τὸν

636 1891 699 1928 ac
742 1875 1032 1944 plurimum
1079 1875 1324 1940 dilectus,
1378 1878 1577 1932 scelera
1636 1877 1734 1945 ipsi
1761 1893 1854 1931 sua
1891 1878 1960 1931 ob
2007 1858 2285 1934 oculonn

2253 1858 2299 1918 Β
2325 1864 2624 1933 κατάλογον
2645 1882 2660 1896 ⁸
2693 1867 2815 1921 ἐπεὶ
2845 1869 2944 1921 οὐκ
2972 1863 3038 1938 ἦν
3065 1868 3216 1938 φίλος
3252 1888 3366 1938 σου,
3405 1872 3464 1924 τὸ
3497 1872 3701 1927 οἰονοῦν
3737 1879 3889 1946 ῥῆμα

633 1980 830 2033 ιοιιρτυ
863 1966 1036 2020 visum
1072 1977 1196 2019 est:
1234 1964 1374 2034 quod
1405 1965 1449 2019 si
1498 1966 1677 2020 minus
1705 1965 1798 2020 tibi
1850 1964 2038 2022 fuisset
2057 1968 2191 2022 ami—
2223 1997 2226 2000 ~

2324 1953 2385 2019 ἐξ
2413 1955 2547 2024 ἐμοῦ
2577 1957 2676 2011 οὐκ
2707 1959 2933 2030 ἠκηκόει
2965 1959 3025 2013 τὸ
3047 1959 3267 2015 σύνολον
3292 1979 3308 1994 ·
3335 1964 3518 2034 οὐγὰρ
3539 1966 3661 2034 ἐμοὶ
3689 1971 3891 2031 σκοπὸς

629 2075 749 2123 C-IS,
782 2056 1083 2111 istiusmodi
1119 2071 1220 2110 vox
1276 2058 1419 2111 nulla
1468 2072 1690 2128 prorsus
1752 2058 1934 2114 elicita
1983 2074 2045 2114 ex
2097 2075 2191 2116 ore

2322 2045 2461 2099 ὥστε
2497 2048 2736 2118 ἐλέγχειν
2780 2052 2872 2102 καὶ
2898 2052 3158 2123 ἐπιτιμᾷν
3199 2055 3310 2114 τοῖς
3342 2055 3711 2124 ἁμαρτωλοῖς,
3749 2059 3887 2112 ἀλλὰ

630 2143 746 2201 meo
779 2146 970 2200 fuisset
991 2187 1005 2211 ,
1039 2162 1209 2217 neque
1243 2147 1384 2201 enim
1413 2147 1559 2200 illum
1585 2146 1717 2201 mihi
1775 2149 2032 2217 proposui
2069 2163 2188 2204 sco--

2321 2135 2539 2204 τρέχειν
2598 2153 2665 2206 με
2720 2138 2818 2209 τὴν
2871 2138 3086 2194 εὐθεῖαν
3133 2141 3252 2193 ὁδὸν
3294 2141 3395 2210 τὴν
3431 2143 3522 2195 ἐπὶ
3571 2143 3638 2197 τὰ
3680 2147 3888 2214 ἀμείνω

627 2255 776 2308 pum,
837 2249 894 2292 ut
951 2255 1171 2307 arguam
1226 2248 1276 2293 ct
1321 2240 1574 2309 castigem
1608 2247 1952 2307 peccatores,
1997 2241 2090 2295 sed
2128 2250 2186 2296 ιιι

2320 2225 2666 2295 ἀπάγουσαν.
2731 2229 3049 2298 Ἐπιφάνιος
3117 2225 3305 2286 εἶπεν·
3357 2229 3516 2300 Οἶδα,
3577 2234 3732 2309 ξοῦλι
3789 2237 3884 2290 τοῦ

625 2329 739 2396 ipse
787 2343 846 2383 ea
885 2368 900 2393 ,
949 2344 1068 2394 quae
1098 2339 1240 2383 recta
1269 2329 1332 2382 ad
1364 2331 1746 2398 perfectionem
1784 2330 1952 2396 ducit,
1993 2332 2185 2385 decur~

624 2436 678 2472 ra
706 2437 734 2471 ιι
787 2419 890 2474 vii.
951 2419 1089 2473 Tum
1121 2420 1450 2490 Epiphanius
1485 2436 1499 2476 τ
1531 2421 1586 2474 ld
1610 2422 1867 2492 equidem
1901 2424 2050 2486 novi,
2107 2423 2184 2476 fa-

623 2512 767 2566 tnnle
808 2512 922 2578 Dei,
981 2513 1074 2566 ait.
1118 2511 1308 2566 Verum
1345 2514 1432 2568 hic
1482 2514 1819 2580 adolescens,
1863 2530 2052 2570 servus
2074 2523 2177 2580 est,

619 2606 950 2674 cogiturque
986 2619 1015 2658 a
1069 2606 1288 2658 domino
1340 2606 1638 2674 snozquid
1691 2606 1894 2660 faciat?
1952 2605 2182 2676 Ita-ponit

2319 2317 2475 2384 θεοῦ,
2521 2320 2696 2388 κάγὼ,
2731 2321 2846 2374 τᾶλλ’
2875 2317 3027 2386 οὗτὸς
3064 2326 3092 2377 6
3121 2326 3332 2388 νεανίας
3361 2298 3766 2396 οἰατηςῖστίν,
3792 2331 3886 2384 καὶ
3916 2393 3922 2400 ,

2320 2409 2640 2478 βιαζόμενος
2673 2412 2777 2465 ὑπὸ
2805 2413 2899 2492 τοῦ
2929 2416 3118 2484 κυρίου
3150 2415 3314 2470 αὐτοῦ
3343 2431 3358 2446 °
3389 2417 3440 2470 τί
3461 2418 3577 2484 ἕξει
3611 2421 3878 2490 ποιῆσαις

2317 2501 2481 2569 Λέγει
2511 2505 2542 2556 ό
2572 2504 2756 2581 Ὀσιος
2790 2521 2804 2536 ο
2845 2501 2973 2559 Οἶδα
3003 2508 3083 2560 ότι
3115 2509 3336 2578 οἰκέτης
3371 2510 3625 2584 ὑπάρχει,
3650 2513 3750 2566 οὐκ
3783 2514 3883 2581 ἁγ-

2317 2590 2422 2643 νοῶ
2445 2593 2622 2657 τοῦτο,
2660 2593 2800 2664 πλὴν
2845 2596 2928 2658 εἰς
2954 2596 3054 2659 τὰς
3095 2601 3412 2666 σωματικὰς
3455 2601 3644 2669 χρείας
3670 2601 3878 2670 ὀφείλει

2316 2680 2671 2753 ἐξυπηρετεῖν
2700 2685 2727 2736 6
2757 2686 2974 2757 οἰκέτης
3006 2687 3097 2742 τὸν
3124 2674 3480 2759 ὀνησάμενον,
3526 2691 3645 2761 οὐχὶ
3694 2695 3774 2756 εἰς
3809 2695 3877 2747 τὰ

2283 2781 2296 2829 i
2321 2761 2454 2842 ἔργα
2487 2776 2578 2828 τοῦ
2605 2775 2883 2842 διαϐόλου,
2904 2780 2996 2852 καὶ
3025 2783 3104 2843 εἰς
3125 2780 3224 2844 τὰς
3251 2783 3472 2851 πράξεις
3501 2785 3600 2852 τῆς
3626 2786 3889 2854 ἀτιμίας,

2281 2889 2309 2940 ι,
2336 2867 2550 2920 ιὰλιστα
2579 2869 2666 2930 ,εἰς
2703 2860 2763 2921 τδ
2807 2870 3210 2944 ὲπικατάρατον
3247 2873 3404 2927 τοῦτο
3469 2877 3563 2928 καὶ
3611 2875 3872 2946 βδελυρὸν

2279 2962 2312 3014 ἁ
2348 2956 2772 3028 τόπημα,.ὅπερ
2820 2959 2938 3012 οὐδὲ
3010 2962 3079 3014 τὰ
3129 2961 3430 3033 ἀναίσθητα
3483 2966 3658 3036 κτήνη
3711 2967 3872 3021 τοῦτο

2279 3069 2334 3120 πί
2359 3047 2565 3100 οάττειν
2608 3048 2706 3101 οὐκ
2738 3051 2940 3106 ῐσασιν.
2973 3053 3292 3124 ΙἌνθρωπος
3329 3056 3437 3127 γὰρ
3475 3057 3556 3120 τίς
3597 3057 3765 3120 ἐστιν,
3806 3058 3866 3120 δς

617 3166 649 3218 q
695 3152 761 3202 ολι
823 3151 951 3213 dixi,
1008 3149 1288 3221 ﬂagitium.
1339 3152 1470 3218 Quis
1494 3153 1635 3206 enim
1667 3155 1827 3206 homo
1869 3169 1972 3207 non
2005 3164 2174 3219 putet,

2277 3143 2339 3194 οὐ
2376 3155 2405 3190 κ
2435 3139 2686 3209 αίσθηται
2749 3140 2850 3209 τῆς
2930 3143 3134 3214 κόπρου
3207 3145 3411 3214 ταύτης
3461 3148 3558 3216 τὴν
3587 3148 3870 3203 ,δυσωδίαν

617 3241 837 3295 sceleris
868 3242 1009 3296 illius
1032 3242 1323 3297 foeditatem
1357 3245 1457 3298 sibi
1477 3243 1829 3298 aversandatn
1857 3259 2001 3322 esse,
2027 3244 2170 3313 quod
2201 3226 2243 3282 (ἶ

2217 3226 2762 3298 Βὰπιοδιδράσκειν;
2825 3232 3140 3319 Ἰεξπιφάνιος
3181 3235 3368 3303 λέγει’
3419 3238 3541 3292 Ἐὰν
3586 3239 3614 3292 6
3673 3242 3866 3312 κύριος

621 3332 736 3401 ipsa
769 3332 1035 3401 jumenta,
1065 3334 1272 3390 ratione
1295 3336 1573 3402 destituta,
1606 3351 1881 3406 nunquam
1906 3320 1912 3322 ⁷
1939 3336 2171 3397 αειιιιὶεο-

2275 3324 2374 3377 αὐτ
2404 3320 2464 3373 οῦ
2515 3323 2953 3394 προσκαλέσηται
2994 3326 3177 3392 αὑτὸν,
3223 3328 3279 3380 εί
3321 3345 3378 3381 τε
3430 3332 3510 3392 εἰς
3543 3332 3866 3404 σωματικὴν

2275 3408 2564 3479 δουὶιείαν,
2597 3409 2651 3461 ετ
2682 3426 2741 3461 τε
2788 3408 2866 3475 εἰς
2905 3413 3239 3484 ἑφάμαρτον,
3276 3417 3384 3470 εἴτε
3433 3419 3529 3495 εἰς
3567 3437 3866 3490 πνευματι-

2278 3502 2399 3574 κὴν,
2451 3499 2546 3553 ἐὰν
2575 3499 2650 3571 μὴ
2673 3501 2959 3576 ὑπακούσῃ
2977 3504 3050 3568 ὡς
3077 3505 3280 3572 δοῦλος,
3314 3507 3526 3573 πάντως
3549 3506 3693 3575 οἶδας
3720 3513 3864 3566 πόσα

2280 3592 2521 3661 πάσχἐι,
2548 3587 2924 3660 ὑϐριζόμενος,
2948 3593 3301 3663 τυπτόμενος,
3329 3596 3741 3668 ἀπειλούμενος,
3767 3603 3863 3656 καὶ

2275 3682 2343 3735 τὰ
2376 3679 2560 3734 λοιπὰ
2595 3680 2740 3734 κακὰ
2804 3682 3174 3752 ἐκδεχόμενος.
3216 3687 3360 3755 Ἔφη
3391 3689 3420 3740 6
3451 3689 3635 3753 Ὅσιος
3661 3704 3675 3719 ⁶
3715 3691 3856 3746 Τοῦ-

2273 3772 2335 3824 τό
2362 3773 2528 3824 ἐστιν
2570 3769 2748 3840 Ἰησοῦ
2775 3772 3026 3842 Χριστοῦ.
3049 3775 3111 3827 τὸ
3151 3777 3467 3856 μαρτύριον,
3500 3782 3636 3854 ὅπερ
3677 3783 3852 3837 αἰνιτ-

2272 3865 2508 3934 τόμενος
2553 3862 2740 3932 ἔλεγεν
2779 3879 2794 3894 θ
2835 3882 2852 3916 t
2889 3865 3164 3938 Μακάριοι
3189 3869 3236 3919 οἰ
3258 3867 3616 3939 δεδιωγμένοι
3662 3873 3855 3929 tum!

618 3980 845 4018 numera
895 3967 1195 4023 subeunda.
1249 3968 1358 4023 lloc
1412 3970 1652 4039 quidem.
1685 3972 1860 4040 inquit
1907 3969 2172 4035 Sanctus,

2274 3956 2486 4009 δικαιοσ
2501 3952 2684 4022 ούνης,
2707 3954 2789 4007 ὅτι
2824 3956 3004 4009 αὐτῶν
3037 3958 3185 4010 ἐστιν
3210 3960 3242 4028 ή
3282 3959 3529 4028 βασιλεία
3554 3965 3663 4017 τῶν
3690 3967 3748 4018 οὐ
3761 3984 3855 4037 ρα-

622 4053 937 4120 martyrium
986 4063 1066 4108 est
1110 4056 1253 4124 quod
1313 4055 1633 4110 testilieatur
1685 4056 1932 4112 Christus
1979 4054 2175 4122 Iesus,

2277 4048 2436 4102 νῶν.»
2477 4045 2617 4103 Ἐὰν
2638 4045 2815 4100 τοίνυν
2833 4048 3038 4102 οἰκέται
3063 4051 3178 4114 τοῖς
3209 4051 3492 4117 δεσπόταις
3509 4055 3590 4120 εἰς
3615 4057 3714 4126 τὴν
3743 4059 3854 4113 τῶν

615 4139 806 4194 dicens
835 4159 847 4193 :
883 4161 899 4193 ι
946 4141 1116 4209 Beati,
1143 4145 1234 4214 qui
1295 4146 1723 4214 persecutionem
1757 4147 2033 4215 patiuntur
2054 4160 2178 4214 pro-

2279 4140 2537 4209 Σοδόμων·
2595 4139 2846 4209 μυσαρὰν
2925 4141 3022 4196 καὶ
3074 4141 3368 4214 βδελυκτὴν
3421 4147 3714 4217 ἐπιθυμίαν
3755 4153 3854 4222 οὐχ
3910 4173 3924 4182 ~

614 4242 731 4298 pter
778 4233 1070 4301 justitiam,
1104 4235 1362 4305 quoniam
1412 4237 1652 4306 ipsorum
1685 4248 1767 4291 est
1817 4251 2041 4304 regnum
2069 4249 2179 4288 τωο

2301 4231 2710 4295 ιποκύπτουσιν,
2738 4227 2883 4287 οὗτοι
2937 4235 3072 4288 εἰσιν
3103 4237 3364 4306 μακάριοι
3399 4239 3492 4292 καὶ
3538 4245 3850 4312 τρισμακά-

611 4323 784 4375 lorum
824 4325 865 4376 ⁸.
907 4342 926 4376 ι
957 4326 1010 4378 Si
1043 4328 1135 4396 qui
1189 4329 1557 4397 itaque'servi
1619 4328 1857 4382 dominis
1915 4327 2052 4389 suis,
2111 4327 2179 4379 ad

2282 4342 2412 4396 ριοι,
2438 4326 2520 4377 ὃτι
2543 4323 2638 4376 διὰ
2666 4325 2774 4376 τῶν
2810 4324 3060 4393 βασάνων
3098 4322 3172 4383 ὧν
3207 4330 3412 4398 λέγεις,
3450 4332 3543 4385 σὺν
3572 4336 3683 4395 τοῖς
3711 4337 3850 4406 μάρ-

609 4413 788 4467 scelus
821 4418 1183 4471 abominabile
1209 4419 1553 4473 Sodomitica:
1593 4419 1948 4473 immanitatis
1983 4418 2184 4496 sollici-

1230 4419 1553 4473 iodomitica:
1593 4419 1948 4473 immanitatis
1983 4418 2184 4496 solliei-
2282 4431 2404 4468 τυσι
2436 4411 2879 4483 λογισθήσονται.

609 4506 864 4571 tantibus,
899 4525 1001 4562 non
1037 4528 1198 4566 suceu
1225 4513 1391 4565 nbant
1423 4553 1437 4576 ,
1476 4514 1509 4568 ii
1546 4527 1669 4566 vere
1715 4512 1854 4566 beati
1879 4521 1934 4567 et
1965 4511 2266 4566 beatissimi
2295 4518 2441 4576 sunt,
2472 4509 2595 4580 quia
2621 4523 2717 4580 per
2769 4495 3029 4583 supplicia
3057 4553 3073 4579 ,
3096 4530 3215 4584 qua:
3251 4507 3594 4572 memorabas
3657 4518 3844 4574 modo.

611 4600 660 4652 id
718 4616 1142 4673 consequentur,
1211 4617 1269 4661 ut
1303 4608 1506 4664 sanctis
1555 4609 1882 4678 martyribus
1916 4609 2358 4665 adnumerantur.

678 4692 767 4746 60.
807 4694 940 4748 Dum
984 4681 1183 4754 talibus
1235 4703 1372 4756 inter
1397 4719 1454 4758 se
1486 4703 1768 4772 colloquiis
1801 4712 2016 4766 vacant,
2046 4703 2170 4771 qui-
2209 4715 2249 4766 D

2209 4715 2249 4766 ο
2353 4701 2415 4766 ξ’.
2449 4701 2633 4756 Ταῦτα
2660 4701 2841 4755 αὐτῶν
2862 4702 3190 4772 ὁμιλούντων
3215 4699 3293 4767 εἷς
3320 4705 3426 4758 τῶν
3449 4703 3678 4757 οἰκετῶν⁴
3698 4701 3845 4754 Ἐπι-

608 4785 732 4837 dam
783 4800 812 4838 e
876 4785 1189 4845 domesticis
1239 4791 1543 4861 Epiphanii,
1594 4804 1829 4862 paterna}
1874 4809 2072 4847 mensas
2101 4794 2178 4847 ci-

2279 4795 2467 4860 φανίου
2494 4833 2508 4856 ,
2546 4794 2575 4845 6
2617 4795 2992 4862 ἀφωρισμένος
3035 4797 3112 4858 εἰς
3146 4797 3206 4850 τὸ
3244 4796 3470 4867 ὀψώνιον
3503 4793 3596 4846 τοῦ
3637 4793 3840 4863 πατρὸς

611 4871 806 4941 hisque
865 4880 1120 4944 parandis
1193 4880 1516 4946 inserviens,
1572 4883 1657 4934 ubi
1697 4880 2004 4950 suspicatus
2039 4877 2174 4933 San-

2279 4882 2468 4945 αύτοῦ,
2520 4880 3249 4954 [πνευματικοῖςνδμμασιν]
3299 4881 3552 4948 ἐπιγνοὺς
3597 4879 3695 4951 τὴν
3743 4880 3835 4933 τοῦ

610 4975 751 5019 ctum
787 4968 1007 5039 ejusque
1033 4973 1151 5042 (sed
1185 4975 1493 5043 quomodo,
1540 4976 1689 5030 solus
1745 4975 1888 5031 Deus
1933 4974 2171 5045 noverit)

2292 4975 2474 5042 Ὀσίου
2506 4976 2771 5044 ἐργασίαν
2801 4974 2935 5044 (πῶς
2971 4975 3026 5027 δὲ
3058 4976 3230 5027 ταῦτα
3271 4976 3485 5040 ἐπέγνω
3534 4973 3652 5042 Θεῷ
3694 4973 3834 5043 μόνῳ

610 5066 894 5128 assecutus
919 5072 997 5113 est
1032 5064 1227 5116 mentis
1249 5064 1419 5117 oculis
1480 5065 1686 5117 vivendi
1716 5067 1976 5119 rationem
2007 5105 2019 5128 ,
2045 5079 2172 5134 pro-

2279 5068 2537 5135 γνωστόν)
2586 5067 2812 5129 καθίσας
2841 5066 2946 5135 πρὸ
3000 5066 3106 5118 τῶν
3156 5065 3329 5118 ποδῶν
3365 5065 3549 5128 αὑτοῦ,
3604 5065 3830 5133 δάκρυσι

2278 5156 2596 5212 καθικέτευε
2623 5157 2714 5210 τὸν
2747 5159 2953 5221 Ὅσιον,
2994 5158 3141 5218 ὅπως
3174 5157 3529 5226 παρακαλέσῃ
3580 5155 3668 5206 τὸν
3699 5155 3834 5208 Θεὸν

2275 5251 2414 5320 ὑπὲρ
2451 5250 2617 5302 αὑτοῦ
2649 5250 2739 5301 τοῦ
2775 5249 3025 5315 γενέσθαι
3059 5249 3217 5301 αὑτὸν
3267 5247 3515 5317 τοιαύτης
3545 5249 3828 5316 ἐργασίας.

2280 5344 2461 5408 Ἔγνω
2489 5341 2546 5393 δὲ
2575 5342 2650 5408 τῷ
2688 5340 2955 5411 πνεύματι
3000 5345 3027 5394 6
3071 5342 3286 5403 Δίκαιος
3328 5340 3380 5392 τί
3425 5344 3570 5393 ἐστιν
3618 5340 3753 5409 ὅπερ
3803 5340 3830 5390 6

2276 5434 2404 5492 παῖς
2450 5430 2760 5500 ὲξελιπάρει
2812 5432 3155 5501 κομίσασθαι,
3199 5431 3292 5483 καὶ
3342 5428 3658 5499 βουλόμενος
3707 5427 3827 5480 ita-:3

2279 5525 2414 5577 ἰδίαν
2448 5523 2700 5594 ὁμιλῆσαι
2739 5524 2882 5594 αύτῷ
2911 5567 2925 5593 ,
2973 5529 3037 5594 τῇ
3080 5522 3300 5592 δυνάμει
3333 5521 3425 5575 τοῦ
3466 5523 3619 5590 ἁγίου
3657 5519 3818 5573 Ilvati-

621 2696 854 2748 Sanctus
895 2713 908 2748 ε
942 2693 1049 2750 Nec
1080 2711 1164 2750 me
1196 2699 1344 2760 latet,
1386 2713 1599 2752 servum
1655 2714 1776 2754 esse
1803 2699 1951 2753 iilum
1988 2739 2002 2763 ,
2037 2716 2102 2754 ne
2127 2701 2178 2755 id

619 2796 820 2855 putes:
867 2803 1048 2842 verum
1102 2804 1291 2843 servus
1343 2787 1482 2859 frugi
1539 2790 1604 2844 ad
1649 2790 1911 2860 obsequia
1938 2807 2180 2861 ususque

619 2879 956 2932 necessarios
993 2888 1199 2951 tantum
1254 2888 1444 2946 prssto
1489 2894 1607 2934 esse
1635 2881 1789 2934 debet
1813 2880 2033 2934 domino
2054 2897 2176 2947 suo,

619 2970 710 3036 qui
743 2985 798 3025 se
825 2971 952 3024 emit
984 3012 998 3036 ,
1034 2986 1140 3025 nou
1197 2957 1378 3026 itidem
1409 2971 1472 3025 ad
1497 2987 1657 3039 opera
1704 2972 1967 3026 diabolica
2008 2981 2060 3024 et
2086 2987 2180 3026 ne-

619 3059 1040 3127 quitias,nednm
1079 3061 1142 3116 ad
1171 3061 1592 3116 abominandum
1639 3072 1798 3130 atque
1824 3061 2176 3130 exsecrabile,

622 3424 768 3477 rint?
795 3425 1028 3479 liursutu
1055 3427 1389 3497 Epiphanius
1420 3444 1434 3483 :
1463 3427 1520 3483 Si
1550 3429 1801 3484 dominus
1837 3429 2013 3499 ipsum
2035 3444 2170 3483 suus

613 3517 680 3569 ad
715 3531 802 3570 sse
823 3517 1064 3584 jusserit,
1079 3519 1191 3574 sive
1207 3518 1272 3573 ad
1285 3520 1598 3590 obsequium
1619 3520 1894 3590 corporale
1919 3519 2032 3574 sive
2049 3533 2175 3588 pec-

616 3606 976 3673 caiuinosum,
1008 3625 1097 3662 seu
1118 3611 1398 3678 spirituale
1419 3612 1777 3681 priestandum
1816 3627 1831 3664 :
1869 3625 1967 3664 nec
1998 3619 2176 3664 tamen

619 3693 697 3745 illi
724 3709 928 3748 morem
954 3698 1203 3764 gesserit,
1229 3705 1288 3750 ut
1313 3713 1526 3752 servum
1557 3698 1728 3761 decet,
1761 3697 2011 3766 ignorare
2069 3711 2172 3751 non

615 3793 790 3852 potes,
848 3795 980 3854 quot
1017 3790 1212 3843 misero
1242 3789 1318 3843 illi
1357 3797 1611 3844 maneant
1654 3788 1986 3860 perferenda:
2031 3787 2175 3858 inju—

613 3876 742 3939 riae,
803 3877 1017 3931 intentae
1069 3880 1246 3946 minae,
1321 3879 1629 3935 sustinenda
1669 3873 1915 3945 verbera,
1950 3879 2056 3933 alia
2093 3880 2175 3932 in-

608 5143 736 5195 (Μὶι
795 5147 859 5197 ad
912 5149 1069 5213 pedes
1094 5151 1257 5218 illius,
1299 5152 1483 5207 multis
1513 5169 1635 5207 cum
1681 5155 1932 5224 lacrymis
1963 5155 2168 5223 suppli-

606 5252 755 5297 cans,
792 5251 885 5303 pro
936 5253 994 5291 se
1027 5249 1082 5290 ιιι
1114 5241 1466 5297 intercederet
1505 5246 1644 5309 apud
1687 5247 1876 5315 Deum,
1909 5249 2165 5317 impetra-

613 5337 798 5394 rctqne
832 5340 886 5382 ut
917 5330 1018 5384 sibi
1057 5332 1595 5399 quoqueistiusmodi
1633 5338 1934 5392 institutum
1973 5341 2166 5394 sectari

609 5415 816 5471 liceret.
846 5419 1071 5476 Sanctus
1102 5429 1306 5487 autem,
1335 5425 1459 5492 quid
1493 5429 1626 5482 alter
1671 5431 2001 5501 supplicibus
2026 5431 2166 5484 01)ιί-

608 5523 735 5564 nere
789 5513 1040 5578 precibus
1085 5515 1343 5570 niteretur
1423 5533 1781 5587 cognoscens,
1838 5525 2166 5594 cupiensque

685 5696 704 5726 ι
737 5695 896 5749 nim.
963 5713 1011 5763 ν,
1058 5699 1134 5753 tn.
