4176 6466
239 298 325 361 701
1381 300 1559 362 ViTA
1598 301 1657 360 s.
1696 298 2027 360 mortem
2063 298 2269 375 sau,
2358 373 2361 375 ἓ
3348 296 3458 362 702

238 423 394 476 ματος
432 406 797 477 μετέστρεψεν
823 407 918 461 καὶ
948 407 1046 480 τήν
1068 408 1284 479 ὁμιλίαν
1331 407 1433 462 τοῦ
1471 407 1657 473 παιδὸς
1699 409 1778 471 εις

1906 406 2112 462 ιεοτείηι
2147 421 2271 460 cum
2302 407 2419 462 solo
2450 407 2969 482 colloqui,mulavil
3010 410 3185 465 sancti
3228 411 3462 479 Spiritus

231 499 319 569 τήν
344 499 449 551 τῶν
472 500 747 554 διάλεκτον
776 499 889 571 (80)
913 538 929 563 ,
983 502 1077 574 καὶ
1122 500 1477 571 καθεζόμενος
1506 502 1535 555 6
1574 500 1780 564 Ὀσιος,

1906 500 2084 553 τίιῚυιυ
2143 500 2487 555 vernaculam
2543 502 2683 555 scrvi
2737 501 2973 573 linguam
3040 502 3093 555 iu
3134 500 3461 572 Syriacam;

230 589 406 657 ὡμίλει
431 588 578 659 αὐτῷ
602 590 828 661 Συριστὶ
856 592 959 645 ὅσα
984 591 1251 647 ἐϐούλετο.
1304 592 1362 646 '0
1393 591 1451 646 δὲ
1500 593 1628 661 παῖς
1672 592 1786 644 ἐλε-

1906 600 2206 660 ocntusque
2237 591 2456 662 Syriace
2492 608 2614 647 cum
2648 592 2737 647 illo
2774 601 2876 655 est,
2911 608 3248 662 quzrcunque
3281 593 3459 646 vellet.

230 698 332 748 γεν,
382 680 505 733 Ἐὰν
533 683 960 755 οὐκὴδυνόμην,
979 686 1078 739 οὐκ
1099 686 1165 738 ἂν
1196 683 1537 756 παρεκάλουν
1570 701 1649 736 σοι
1672 702 1783 739 τοι-

1906 680 2018 746 Ium
2066 696 2193 735 vero
2256 682 2525 739 Andream
2584 684 2953 757 compellans,
3008 682 3243 736 famulus
3273 698 3381 736 ncn
3407 697 3465 737 se

228 770 372 835 οὗτος
395 773 649 842 γενέσθαι
685 776 869 837 ὁποῖος
908 770 991 838 εἷς
1020 776 1114 829 καὶ
1161 776 1339 839 αὐτός.
1389 774 1448 829 '0
1494 775 1550 828 δὲ
1597 776 1797 840 Ὀσιοςν

1906 775 2115 840 precari,
2147 775 2374 837 diceret,
2402 788 2457 830 ut
2489 777 2543 831 in
2567 777 2884 832 societatem
2933 777 3053 830 vita:
3084 775 3230 829 illius
3264 774 3464 828 admit-

230 864 366 933 λέγει
392 862 529 957 πρδς
568 864 733 918 αὐτόν
754 881 773 898 ο
800 864 875 918 06
898 865 1126 921 δύνασαι
1148 867 1444 938 ὑποφέρειν
1469 869 1594 930 τοὺς
1633 868 1787 939 ίδρῶ-

1906 876 2131 931 στρων.
2182 868 2227 923 si
2278 883 2436 938 pares
2495 868 2596 923 sibi
2655 868 2800 922 vires
2844 881 2949 920 non
2995 877 3214 932 esseut;
3252 867 3469 936 negavit

227 973 317 1019 τας
353 957 450 1009 καὶ
494 956 565 1009 τά
596 958 899 1027 σκάμματα
952 957 1055 1027 τῆς
1088 958 1287 1029 ἀρετῆς
1327 958 1554 1030 ταύτης,
1598 958 1786 1031 ἐπειδὴ

1906 958 2146 1023 ludi-eas,
2172 973 2332 1027 posse
2372 959 2547 1028 ipsum
2598 957 2835 1013 sudores
2859 956 3220 1025 laboresque,
3255 960 3320 1012 ad
3356 966 3465 1010 tatu

229 1047 413 1130 βιαστή
438 1048 589 1101 ἐστιν
620 1049 654 1118 ή
675 1047 947 1130 ὁδὸς,ρκαὶ
979 1049 1206 1119 ἀπείρου
1238 1053 1399 1103 πόνου
1430 1051 1522 1105 καὶ
1547 1050 1745 1121 μόχθου
1769 1066 1783 1081 ·

1906 1049 2121 1105 sublime
2176 1052 2392 1106 virtutis
2436 1050 2651 1104 culmen
2723 1049 3054 1104 enitentibus
3116 1048 3465 1111 subeundos,

229 1139 348 1209 μένε
374 1134 483 1191 οὖν
507 1139 711 1209 μᾶλλον
738 1139 876 1212 καδά
906 1136 956 1194 εἷ
985 1142 1042 1194 ἐν
1058 1141 1310 1213 εὐσεϐείᾳ
1340 1144 1432 1195 καὶ
1462 1144 1781 1213 σεμνότητι.

1906 1142 2490 1212 ιυρετετεειιιιοηῑεω
2556 1142 2666 1207 via,
2726 1141 3023 1210 inquiebat,
3083 1148 3354 1210 prmrupta
3412 1148 3468 1191 ct

226 1227 601 1298 διδασκόμενος
648 1229 754 1283 ὑπὸ
806 1229 901 1282 τοῦ
958 1231 1149 1300 κυρίου
1206 1248 1301 1283 σου
1347 1230 1667 1299 Ἐπιφανίου
1717 1231 1786 1285 τά

1906 1234 2130 1301 tcclivis,
2161 1234 2434 1290 laboriosa
2456 1242 2509 1289 et
2544 1233 2781 1289 dilllcilis
2803 1231 3105 1293 admodum
3149 1243 3254 1287 est.
3288 1231 3471 1297 Quare

227 1320 510 1390 κρείττονά
534 1338 616 1385 σοι
643 1323 738 1376 καὶ
772 1325 1045 1393 σωτηρίας
1095 1322 1349 1393 ἐχόμενα,
1387 1322 1601 1391 φεύγων
1649 1338 1787 1394 πορ-

1906 1336 2083 1381 tuetor
2128 1326 2220 1380 tibi
2282 1341 2426 1391 sum,
2481 1335 2537 1379 ut
2590 1326 2643 1379 in
2670 1325 2921 1395 praesenti
2952 1334 3096 1379 statu
3149 1331 3473 1379 constanter

226 1413 387 1478 νείαν,
418 1415 812 1486 μνησικακίαν,
837 1418 932 1468 καὶ
971 1414 1077 1469 τῶν
1108 1416 1314 1468 λοιπῶν
1340 1415 1528 1469 παθῶν
1558 1415 1650 1467 τὸν
1691 1431 1790 1468 κα-

1906 1419 2073 1474 tietati
2128 1420 2489 1489 religionique
2541 1418 2939 1488 operam-des,
2968 1426 3019 1470 et
3052 1431 3079 1469 a
3120 1415 3469 1470 Domiuotuo

226 1509 451 1578 τάλογον
485 1526 500 1540 ·
529 1509 624 1562 καὶ
657 1509 710 1562 τι
740 1526 821 1563 σοι
851 1508 1011 1580 χρεία
1038 1509 1305 1578 ἀνάγκαις
1330 1508 1606 1572 τοιαῦταις
1629 1524 1791 1561 σεαυ-

1906 1508 2191 1579 Spipbanio
2241 1510 2529 1581 diligenter
2585 1508 2786 1572 diScas,
2813 1523 2933 1577 quae
2967 1508 3031 1561 ad
3089 1507 3344 1560 virtutem
3375 1521 3467 1561 sa-

224 1602 309 1653 τὺν
332 1601 733 1655 καθυποϐαλεῖν
772 1618 787 1667 ;
835 1601 893 1656 '0
922 1601 979 1654 δὲ
1011 1604 1140 1665 παῖς
1184 1597 1337 1655 εἷπεν
1367 1602 1549 1671 αὐτῷ·
1588 1603 1647 1655 Ei
1690 1600 1789 1655 οὖν

1913 1611 2167 1670 utemque
2214 1609 2364 1656 tuam
2399 1582 2645 1655 maxime
2679 1601 3026 1655 conducunt:
3058 1598 3468 1653 fornicationem

228 1693 403 1765 βούλει
425 1698 523 1763 τῆς
554 1693 696 1764 εμῆς
735 1693 1097 1763 ἔλεεινότητος
1129 1694 1456 1759 ὑπακοῦσαι,
1502 1693 1652 1758 λέξαι
1698 1712 1789 1765 μοι

1906 1692 2039 1762 iuge,
2072 1692 2395 1763 iniuriarum
2423 1692 2763 1756 obliviscere,
2822 1691 2958 1745 alias
2983 1687 3297 1743 aliectiones
3347 1671 3472 1740 uui-

226 1786 304 1838 ὅτι
334 1785 398 1838 οὐ
433 1784 661 1837 δύνασαι
684 1783 840 1838 τοῦτο
896 1784 1135 1855 ποιῆσαι.
1184 1782 1366 1837 Ταῦτα
1410 1783 1465 1838 δὶ
1498 1783 1739 1848 ἀκούσας
1769 1785 1796 1837 6

1906 1800 2086 1839 versas
2134 1793 2372 1855 tempera
2403 1800 2417 1837 :
2448 1798 2567 1850 quae
2620 1782 2763 1835 enim
2804 1781 3003 1834 talibus
3040 1790 3091 1833 te
3132 1775 3471 1845 ‘subjieiendi

228 1876 411 1936 ”Οσ;ος
446 1874 743 1946 ἡσύχαζεν.

1902 1876 2193 1951 necessitas
2226 1883 2378 1944 urget
2409 1874 2432 1927 ἲ
2461 1873 2542 1927 Ad
2574 1873 2689 1928 haec
2716 1870 2959 1926 famulus
2984 1887 3001 1930 :
3030 1869 3088 1924 Si
3132 1869 3233 1933 vis,
3266 1868 3463 1936 inquit,

223 1966 543 2024 miserrima:
590 1983 723 2023 mete
779 1966 970 2026 vilitati
1022 1968 1274 2039 obsequi,
1348 1967 1455 2033 die,
1505 1966 1645 2035 quod
1702 1980 1808 2020 non
1851 1975 2002 2033 potes
2063 1964 2113 2019 id
2161 1964 2409 2019 effectum
2450 1964 2601 2019 dare.
2656 1960 2867 2028 Quibus
2953 1960 3151 2015 auditis
3232 1957 3466 2012 obticuit

221 2060 487 2117 Andreas.

298 2152 399 2217 Ea}.
432 2152 494 2207 '0
518 2150 575 2205 δὲ
602 2152 914 2220 Ἐπιφάνιος
937 2152 1144 2222 βλέπω-,ο
1160 2152 1259 2220 τὴν
1280 2151 1481 2219 ἀθρόαν
1509 2152 1809 2221 μεταϐολὴν

231 2244 322 2314 τῆς
349 2242 605 2312 γλώττης
629 2243 723 2297 τοῦ
756 2243 963 2306 παιδὸς,
995 2243 1076 2295 ὅτι
1106 2240 1142 2294 ἀ
1173 2240 1247 2311 μὴ
1281 2242 1600 2311 μεμάθηκεν
1630 2243 1802 2311 ἀπεφ-

231 2322 563 2405 θέγγέτο,έν
591 2338 655 2406 τῇ
687 2335 888 2406 καρδία
933 2333 1099 2387 αὑτοῦ
1144 2332 1313 2388 ταῦτα
1356 2331 1648 2385 συνέϐαλεν
1706 2336 1801 2385 καὶ

231 2426 377 2493 λέγει
408 2444 422 2457 ·
460 2426 634 2479 Βαόαὶ
664 2425 758 2477 τοῦ
802 2424 1102 2493 Θαύματος,
1134 2424 1277 2477 πόσα
1317 2424 1368 2475 οι
1404 2422 1802 2489 Ἀγιοιδύναν-

227 2535 311 2571 ται
334 2519 369 2590 ί,
406 2516 467 2569 '0
492 2517 550 2569 δὲ
585 2515 872 2587 Μακάριος
912 2514 1109 2586 ἐδεήθη
1150 2514 1243 2568 τοῦ
1280 2515 1485 2585 Κυρίου
1527 2516 1654 2586 περ)⁵
1697 2513 1792 2567 τοῦ

232 2607 422 2670 παιδὸς
451 2647 469 2673 ,
511 2606 674 2678 χάριν
716 2604 1069 2677 τῆς“ὲκείνου
1120 2608 1413 2677 αίτήσεως,
1463 2606 1518 2661 τί
1547 2607 1667 2677 ,ἀρα
1714 2607 1795 2661 δεῖ

229 2694 493 2767 γενέσθαι
510 2714 524 2727 ’
558 2699 653 2755 καὶ
678 2695 843 2775 ἦλθεν
866 2699 1018 2772 φωνή
1041 2698 1187 2769 αὐτῷ
1216 2698 1447 2771 λέγουσα
1465 2714 1478 2732 ³
1505 2698 1618 2756 οὐκ
1646 2698 1795 2756 ἐστιν

230 2791 389 2846 τοῦτο
437 2793 965 2863 συμφέρονίάπαγε
1014 2792 1110 2847 τοῦ
1158 2793 1595 2862 ἐγχειρήματος·
1626 2792 1799 2859 δεῖξον

232 2882 379 2955 αὐτῷ
427 2886 665 2956 πρᾶγμα
694 2886 879 2941 ὁποῖόν
914 2887 1082 2950 ἐστιν,
1123 2885 1196 2955 μὴ
1248 2884 1324 2945 ὡς
1374 2884 1637 2938 ἀδυνάτου
1683 2900 1800 2950 σου,

230 2976 456 3030 τοιαῦτα
484 2978 962 3048 καταψηφίσηται.
1005 2976 1064 3029 '0
1094 2973 1186 3030 οὖν
1215 2977 1498 3048 Μακάριος
1525 2975 1693 3047 ἔφησε
1722 2976 1801 3047 τῷ

1966 2156 2055 2211 61.
2109 2156 2318 2231 interea
2373 2152 2913 2223 verO'Epiphanius,
2995 2148 3473 2205 animadvertens,

1898 2245 2073 2300 subita
2100 2245 2294 2313 linguae
2316 2243 2618 2298 mutatione
2665 2242 2924 2296 famulum
2956 2256 3139 2306 suum,
3176 2254 3297 2306 qua:
3329 2253 3472 2291 nun-

1902 2350 2067 2406 quam
2119 2336 2407 2402 didicerat,
2472 2335 2526 2388 in
2579 2334 2819 2407 medium
2845 2332 3117 2401 proloqui,
3174 2328 3477 2399 impensius

1897 2444 2024 2485 rem
2072 2442 2257 2482 annuo
2284 2426 2563 2496 perpendit
2587 2424 3015 2492 exclamavitque
3047 2439 3060 2475 :
3087 2421 3272 2490 Papzt'!
3303 2435 3479 2483 quau-

1904 2534 2016 2579 tum
2069 2520 2432 2575 miraculum!
2464 2520 2594 2590 quid
2656 2517 2839 2573 Sancti
2866 2531 2974 2585 non
2998 2513 3267 2570 etiiciaut!
3316 2511 3477 2564 Beato

1901 2624 2081 2669 autem
2102 2613 2319 2668 Andrea
2383 2611 2671 2667 Dominum
2701 2600 2956 2682 precibus.
2987 2622 3082 2677 pro
3120 2605 3347 2668 famulo,
3381 2604 3474 2673 qui

1900 2720 1993 2762 eas
2020 2706 2178 2760 enixe
2199 2705 2487 2775 ﬂagitarat,
2510 2704 2903 2780 interrogante,
2920 2698 3046 2771 quid
3062 2698 3275 2751 tandem
3294 2698 3361 2752 de
3385 2696 3477 2749 illo

1901 2799 2147 2874 futurum
2212 2807 2374 2860 esset,
2447 2796 2654 2874 allapsa
2706 2809 2811 2849 vox
2869 2804 2972 2857 est,
3036 2792 3109 2845 ita
3165 2788 3473 2857 inquiens:

1902 2870 2226 2958 Neutiquam
2282 2886 2410 2942 illud
2448 2870 2682 2957 expedit,
2703 2900 2888 2956 apage,
2910 2899 3036 2939 eum
3078 2882 3253 2936 istbuc
3278 2879 3469 2935 consi-

1903 2981 1974 3035 lio
2003 3001 2014 3035 :
2050 2981 2275 3036 ostende
2317 2979 2420 3050 ipsi
2472 2989 2671 3045 quanta
2702 2992 2788 3033 res
2834 2977 2938 3039 sit,
2972 2975 3205 3044 impares
3258 2972 3305 3025 ei
3337 2972 3479 3025 vires

245 3069 497 3138 ΓΔγγέλῳ
550 3068 627 3139 τῷ
674 3069 937 3136 ἑφεστώτι
962 3083 978 3100 ο
1028 3069 1242 3136 Πλῆσον
1294 3068 1353 3121 τὸ
1396 3068 1653 3139 ποτήριον
1702 3069 1796 3138 τῆς

1906 3086 2024 3128 esse
2071 3072 2137 3127 ad
2199 3072 2322 3126 talia
2382 3070 2826 3140 aggrediendum.
2878 3068 3121 3120 Andreas
3189 3066 3351 3139 igitur
3405 3061 3481 3115 ait

236 3160 535 3231 θυμηδίας,
566 3159 660 3228 ἀφ’
684 3155 750 3230 ἦς
779 3160 812 3230 ἡ
855 3163 1015 3230 χάρις
1047 3158 1140 3212 τοῦ
1183 3158 1304 3212 κατ’
1335 3160 1433 3229 ἐμὲ
1467 3160 1803 3231 χαρίσματος

231 3251 564 3323 έπήνθησεν.
607 3250 893 3321 Ἐποίησέν
930 3267 988 3304 τε
1031 3252 1077 3304 ὀη
1109 3249 1373 3318 ΙἈγγελος
1422 3250 1626 3321 Κυρίου
1655 3265 1670 3281 ο
1708 3250 1803 3303 καὶ

233 3341 380 3412 λέγει
420 3341 561 3414 πρὸς
593 3341 755 3395 αὑτὸν
784 3344 810 3394 6
852 3344 1136 3412 Μακάριος
1166 3360 1179 3373 ⁸
1232 3344 1444 3403 Ποτιεῑς
1480 3343 1684 3396 ἐκεῖνον
1709 3341 1801 3394 τὸν

229 3435 321 3485 ἐπὶ
348 3433 459 3487 τῶν
482 3434 660 3487 ποδῶν
695 3451 798 3505 μου
824 3434 1150 3505 καθήμενον.
1192 3435 1252 3489 '0
1298 3436 1355 3489 δὲ
1391 3435 1596 3498 εὐθέως
1638 3436 1804 3506 ἀορά-

230 3541 333 3588 tm;
360 3526 617 3579 hréttasv
642 3526 828 3591 αὐτὸν,
860 3526 953 3579 καὶ.
979 3528 1177 3598 ήρξατο
1210 3526 1239 3581 6
1270 3528 1401 3591 παῖς
1448 3527 1803 3599 παραπλήσια

235 3619 495 3687 σχήματα
518 3619 779 3685 πράττειν
804 3615 1017 3672 ἐοικότα
1043 3618 1115 3689 τῷ
1146 3618 1390 3690 θεοφόρῳ
1422 3620 1610 3688 πατρὶ,
1655 3621 1804 3682 ὅστις

233 3710 375 3782 ὁρῶν
400 3710 568 3765 αὐτὸν
592 3710 804 3780 ἐμειδία
834 3710 1281 3781 εὐφραινόμενος.
1315 3709 1372 3763 '0
1391 3711 1446 3765 δὲ
1488 3710 1811 3779 Ἐπιφάνιος

237 3808 377 3877 ὀρῶν
406 3805 469 3859 τὸ
498 3805 719 3873 γεγονὸς
745 3805 1038 3876 ἐταράχθη,
1062 3804 1319 3874 φοϐηθετς
1344 3805 1418 3875 μή
1451 3820 1580 3857 ποτε
1608 3807 1808 3858 ἐπανα-

241 3900 435 3971 δράμῃ
470 3900 621 3952 πᾶσα
658 3898 1029 3967 ἀγανάκτησις
1078 3897 1172 3951 τοῦ
1225 3898 1431 3968 πατρὸς
1471 3896 1658 3962 αὐτοῦ,
1712 3898 1808 3951 καὶ

239 3993 390 4061 λέγει
424 3991 564 4062 πρὸς
590 3992 682 4044 τὸν
710 3990 995 4061 Μακάριον
1023 4006 1038 4023 ·
1082 3989 1287 4060 Δέομαί
1337 4006 1455 4053 σου,
1506 3988 1659 4043 δοῦλε
1711 3988 1804 4043 τοῦ

237 4082 393 4147 Θεοῦ,
435 4081 513 4150 μὴ
534 4080 769 4151 ποιήσῃς
790 4079 1036 4145 τοῦτοιτδ
1082 4079 1316 4149 πρᾶγμα
1360 4079 1454 4130 hri.
1498 4077 1574 4147 τῷ
1620 4077 1807 4148 οἰκέτῃ

239 4176 331 4229 τοῦ
363 4173 577 4244 πατρός
606 4191 737 4243 μου,
770 4174 843 4243 μή
873 4188 1002 4225 ποτε
1032 4173 1125 4225 καὶ
1154 4172 1315 4235 αὐτὸς
1364 4169 1803 4241 ὲξουδενωθεξσῃ,

242 4268 331 4318 καὶ
365 4267 394 4318 6
426 4265 558 4327 Θεὸς
590 4264 709 4317 ἀντὶ
736 4262 940 4331 ἀγειθοῦ
974 4262 1523 4333 βλασφημηθήσεται,
1572 4264 1666 4313 καὶ
1706 4258 1807 4329 ἐμὲ

247 4357 622 4427 μεμισημένον
650 4356 745 4409 καὶ
779 4355 1050 4424 ἐπάρατον
1067 4353 1243 4423 δείξῃς
1268 4352 1345 4423 τῷ
1372 4354 1676 4422 γεννήτορι,
1712 4352 1807 4405 καὶ

1912 3167 2116 3236 Augelo
2151 3164 2385 3220 adstanti
2411 3163 2516 3218 sibi
2548 3182 2562 3217 :
2598 3161 2764 3230 Imple
2794 3161 3018 3214 calicem
3044 3160 3200 3225 :ltunc
3259 3155 3478 3224 liquidae

1912 3258 2204 3326 voluptatis
2252 3268 2421 3321 u'ero,
2480 3253 2637 3323 cujus
2685 3251 2813 3305 olim
2859 3258 3019 3320 gustu
3054 3248 3251 3302 divinae
3290 3244 3479 3317 gratia:

1907 3349 2067 3425 donis
2114 3346 2420 3403 cumulatus
2469 3360 2612 3400 sum.
2679 3342 3004 3412 Parentique
3062 3354 3190 3393 mox
3240 3338 3434 3407 angelo
3452 3336 3475 3388 ἰ

1909 3445 1981 3499 Da
2019 3480 2036 3507 ,
2108 3438 2305 3509 inquit,
2356 3436 2433 3491 illi
2468 3437 2533 3491 ad
2566 3435 2733 3505 pedes
2789 3448 2937 3488 meos
2974 3439 3248 3502 prostrato
3288 3440 3484 3498 potan-

1903 3533 2054 3586 dum.
2108 3528 2261 3596 Quod
2324 3528 2521 3583 factum
2573 3526 2846 3580 continuo
2881 3532 2965 3578 est
2996 3522 3478 3589 modoiivisibili;

1904 3624 2174 3693 cwpitque
2205 3621 2437 3675 famulus
2474 3618 2682 3673 similes
2724 3619 2881 3687 plane
2944 3625 3130 3687 gestus
3175 3616 3483 3683 exprimere
3580 3628 3583 3633 λ

1905 3715 2098 3771 dciieri
2150 3714 2319 3785 patris
2360 3712 2741 3782 Andreae,»qui
2789 3710 2937 3765 illum
2994 3708 3337 3777 conspiciens
3374 3722 3483 3783 non
3542 3705 3547 3708 “

1905 3821 1965 3861 se
2015 3804 2335 3875 temperavit
2390 3818 2421 3857 a
2452 3802 2588 3857 risu.
2650 3803 2720 3855 At
2760 3800 3098 3870 Epiphanius
3132 3801 3206 3853 rei
3244 3801 3484 3853 novitate

1907 3896 2177 3958 turbatus,
2214 3895 2547 3965 veritusque,
2602 3907 2671 3947 ne
2696 3891 2835 3962 patri
2868 3890 2993 3945 hinc
3026 3904 3127 3945 suo
3170 3904 3483 3944 commove-

1910 3997 2060 4043 retur
2085 3986 2234 4061 bilis,
2282 3985 2478 4040 talibus
2504 3984 2767 4040 Sanctum
2817 3980 3067 4052 precibus
3104 3980 3332 4035 adorsus
3359 3991 3441 4036 est
3468 3996 3483 4033 :

1906 4081 2115 4135 Amabo
2186 4089 2259 4143 te,
2306 4077 2505 4133 iamule
2560 4078 2676 4142 Dei,
2725 4090 2794 4130 ne
2844 4075 2936 4128 tali
2973 4074 3134 4127 modo
3164 4073 3333 4142 patris
3380 4072 3483 4126 mei

1910 4172 2176 4227 famulum
2212 4169 2351 4225 allici
2392 4168 2655 4239 patiaris;
2689 4182 2757 4221 ne
2779 4166 2918 4219 forte
2950 4174 3003 4218 et
3023 4175 3076 4217 tu
3126 4165 3239 4233 ipse
3281 4163 3483 4217 malum

1910 4264 2005 4319 tibi
2054 4277 2325 4326 accersas,
2355 4269 2409 4314 et
2459 4259 2600 4313 Deus
2630 4273 2727 4327 pro
2752 4256 2909 4310 bonis
2941 4254 3307 4323 illaSpltemias
3339 4253 3484 4313 reci-

1819 4402 1875 4428 .-
1908 4357 2042 4428 piat,
2090 4364 2146 4410 et
2178 4369 2265 4410 me
2288 4352 2426 4422 patri
2461 4364 2583 4405 meo
2608 4349 2859 4405 odiosum
2886 4344 3048 4416 athe
3089 4345 3485 4403 exsecrandum

241 4419 333 4519 οὐχ
367 4419 478 4513 ἔξω
509 4448 601 4499 τοῦ
636 4419 900 4499 ἐντεῦθεν⁷
933 4419 1329 4512 εἰσαγαγέσθαι.
1499 4419 1805 4514 Παρακαλῶ

1913 4419 2130 4510 reddas,
2166 4419 2338 4514 neque
2369 4443 2576 4498 audebo
2615 4440 2873 4510 deinceps
2906 4448 2958 4493 te
2992 4440 3099 4493 ltuc
3123 4438 3486 4492 introducere.

242 4531 329 4587 οὖν
383 4535 480 4587 καὶ
526 4533 715 4603 δέομαι
772 4534 846 4603 μὴ
901 4532 1062 4602 κενὴν
1106 4530 1437 4602 ἀποπέμψης
1480 4531 1579 4602 τὴν
1629 4530 1815 4603 δέησίν

247 4644 369 4693 μου.
408 4626 656 4696 μέμνησο
693 4626 823 4695 μιᾶς
860 4624 1070 4694 ἡμέρας
1116 4623 1339 4694 ἀγάπην
1379 4622 1511 4693 ἐμοῦ
1544 4624 1639 4676 τοῦ
1666 4624 1815 4677 οίκέ-

243 4735 331 4768 του
363 4735 484 4771 σου.

316 4809 411 4877 ξβ’.
447 4808 507 4861 '0
532 4807 589 4860 δὲ
614 4808 898 4877 Μακάριος
926 4806 1000 4878 μὴ
1024 4806 1189 4860 θέλων
1209 4806 1300 4860 τὸν
1329 4805 1641 4874 Ἐπιφάνιον
1666 4806 1822 4859 κενὸν

1914 4537 2025 4593 Oro
2074 4536 2239 4607 igitur
2285 4545 2446 4606 atque
2492 4535 2739 4597 obsecro,
2772 4538 2832 4584 ut
2881 4531 3071 4584 irritas
3107 4544 3173 4583 ne
3202 4529 3337 4607 velis
3368 4543 3489 4583 esse

1914 4644 2105 4701 preces
2130 4644 2300 4691 meas,
2321 4642 2532 4683 memor
2563 4624 2764 4681 amoris
2791 4632 2845 4677 et
2894 4621 3140 4693 beneﬁcii
3165 4636 3195 4675 a
3228 4636 3313 4675 me
3336 4636 3491 4675 servo

1913 4735 2004 4777 tuo
2032 4708 2125 4775 tibi
2153 4721 2448 4791 aliquando
2472 4718 2717 4788 praestiti.
3330 4762 3331 4765 η

1987 4813 2073 4867 62.
2100 4812 2348 4867 Andreas
2390 4813 2551 4866 hasce
2601 4826 2791 4880 preces
2852 4811 2908 4864 in
2937 4816 3159 4863 ventum
3189 4804 3338 4859 abire
3374 4817 3483 4856 non

246 4901 593 4970 ἀποπέμψαι,
623 4902 934 4968 ὑπήκουσεν
961 4898 1122 4953 αὑτοῦ
1147 4898 1247 4967 τῆς
1272 4899 1532 4969 δεήσεως,
1561 4897 1654 4950 καὶ
1688 4914 1805 4967 προ-

1910 4907 2113 4978 legens,
2144 4904 2469 4975 Epiphanio
2504 4919 2710 4959 morem
2758 4903 2925 4974 gessit
2975 4900 3337 4971 praecepitque
3370 4912 3494 4949 rur-

251 4987 469 5051 σέταξεν
499 4987 661 5039 πάλιν
691 4987 768 5056 τῷ
796 4988 1010 5059 ἀγγέλῳ
1067 4988 1160 5040 τοῦ
1208 4986 1338 5059 ἆραι
1393 4988 1486 5059 ἀπ’
1517 4985 1709 5040 αὑτοῦ
1754 4989 1817 5041 τὸ

252 5080 518 5155 καταχοὲν
545 5079 694 5149 αὐτῷ
726 5057 992 5149 δὼρημαέ
1022 5082 1114 5133 καὶ
1140 5057 1301 5133 πάλιν
1328 5057 1489 5150 ἦλθέν
1520 5080 1547 5131 6
1576 5082 1705 5141 παῖς
1734 5079 1817 5143 εἰς

248 5174 342 5241 την
372 5174 645 5243 προτέραν
674 5176 1022 5235 κατάστασιν,
1067 5172 1247 5236 καθὼς
1294 5170 1483 5242 πρώην
1523 5172 1819 5241 ἐχρημάτι-

250 5264 358 5324 ζεν.
426 5269 517 5319 Ἐν
574 5266 717 5336 λύπῃ
774 5269 830 5320 δὲ
888 5268 1121 5339 μεγίστῃ
1169 5267 1457 5335 γενόμενος
1510 5270 1537 5319 6
1577 5266 1815 5333 οἰκέτης,

256 5360 552 5427 παρεκάλει
580 5361 671 5412 τὸν
704 5360 891 5413 Ὀσιον
926 5361 1149 5428 δοθῆναι
1188 5360 1334 5429 αὐτῷ
1363 5360 1525 5413 πάλιν
1556 5359 1615 5411 τὸ
1646 5358 1818 5427 δῶρον

255 5450 447 5505 ἐκεῖνο.
492 5452 551 5505 '0
578 5453 634 5504 δὲ
660 5454 795 5522 πρὸς
830 5455 991 5507 αὑτὸν
1018 5452 1399 5522 ἀπεφθέγξατο
1430 5467 1443 5483 '
1500 5444 1816 5520 Λελάληκὰς

324 5596 430 5665 (80)
459 5594 649 5649 Mirum
690 5598 830 5666 quod
860 5614 965 5651 non
1004 5599 1179 5663 potius
1218 5597 1271 5649 in
1335 5596 1667 5665 Scythicam,
1695 5614 1815 5667 qua:

258 5662 452 5741 Sancto
502 5662 746 5741 materna
800 5682 935 5722 erat.
998 5662 1101 5723 Sed
1138 5680 1188 5723 ct
1246 5662 1521 5737 Syriacam
1560 5662 1815 5741 didicisse

259 5736 431 5805 aliqua
498 5738 782 5795 occasione
832 5740 1021 5809 potuit,
1057 5750 1110 5804 ut
1140 5750 1249 5797 crat
1292 5736 1550 5809 perquam
1577 5738 1768 5794 docilis
1800 5757 1811 5793 ;

1921 5012 2041 5051 sum
2088 4996 2303 5066 angelo,
2332 5004 2391 5051 ut
2425 4997 2570 5065 quod
2622 4996 2824 5049 famulo
2881 4994 3099 5047 allatqu
3125 4998 3244 5044 erat
3270 4989 3494 5061 donum,

1922 5092 2168 5157 protinus
2198 5088 2410 5143 tolleret
2442 5103 2456 5142 :
2486 5096 2538 5142 et
2570 5089 2853 5141 restitutus
2890 5093 2973 5139 est
3018 5083 3066 5137 ei
3098 5082 3359 5150 pristinus
3383 5080 3495 5132 oris

1922 5182 2279 5250 corporisque
2330 5180 2569 5234 habitus.
2601 5180 2961 5243 Quamobrem
2992 5190 3097 5229 non
3138 5174 3238 5228 levi
3266 5165 3497 5225 interere

1923 5272 2167 5337 allectus,
2221 5272 2287 5326 ad
2317 5274 2529 5341 preces
2578 5272 2773 5325 iterum
2828 5268 3090 5336 confugit,
3120 5264 3496 5330 Sauctumque

1923 5364 2155 5418 ablatum
2207 5364 2406 5417 donum
2450 5362 2790 5453 repoposcit.)
2832 5360 2930 5415 Cui
2987 5358 3263 5412 Sanctus:
3304 5354 3495 5408 Dixisti

1924 5456 2083 5511 modo
2140 5455 2294 5518 mihi,
2329 5470 2434 5509 nou
2466 5469 2625 5524 posse
2654 5470 2738 5509 nte
2770 5446 2884 5507 rem
2938 5459 3141 5504 tantam
3168 5449 3219 5503 in
3256 5457 3305 5501 te
3333 5446 3493 5515 perii-

1924 5611 1976 5654 et
2023 5617 2143 5655 mox
2196 5600 2396 5654 dicitur
2458 5598 2600 5652 dono
2634 5596 2936 5663 linguarum
2974 5589 3249 5662 prmditus,
3304 5593 3361 5639 ut
3394 5598 3493 5637 sua

1924 5687 2196 5740 quemque
2224 5673 2401 5739 lingua
2433 5668 2631 5737 alloqui
2672 5674 2877 5734 possm.
