4176 6438
285 319 393 383 ’105

293 428 397 497 μίῳ
440 424 743 494 Ἐπιφανίῳ
778 421 1273 492 προσκυνήσαντες,
1327 415 1703 484 ἐπορεύθησαν
1739 414 1868 465 ἔκα-

1444 306 1616 367 ΥΙΤΑ
1657 305 1716 364 S.
1759 300 2091 363 ANDREBE
2134 298 2325 359 SALI-

3429 300 3539 363 706

1958 408 2022 461 ad
2055 424 2149 462 sua
2184 424 2241 462 se
2276 407 2477 462 cubilia
2507 409 2737 478 quisque
2798 409 3095 463 euntulcre.
3124 408 3269 464 Inter
3301 415 3539 465 cundum

294 536 416 580 στος
469 520 561 571 ἐπὶ
606 520 722 579 ταῖς
780 518 985 578 κοίταις
1034 512 1231 566 αὐτῶν.
1296 508 1746 580 ’Δναχωρούντων
1803 506 1859 559 δὲ

1965 518 2091 558 vero
2148 503 2284 556 alter
2360 503 2588 556 alterum
2651 503 2731 557 sic
2801 503 3244 572 compellabant:
3292 505 3523 559 Vidistin

288 610 490 673 αὐτῶν,
540 609 728 677 ἔτερος
772 608 907 677 πρὸς
952 606 1042 657 τὸν
1085 606 1272 675 ἕτερον
1324 604 1512 671 ἔλεγον
1549 615 1562 632 ⁸
1622 599 1863 653 Ἐθεάσω

290 703 525 768 πρᾶγμα
580 699 903 767 παράδοξον,
956 699 1071 761 πῶς
1104 688 1193 767 μοῖ
1238 700 1264 749 6
1300 698 1471 767 πένης
1508 692 1663 760 οὗτος
1708 695 1864 749 λελάο

287 792 455 858 ληκεν
498 792 563 843 τὰ
606 793 711 859 ἐμὰ
753 790 1238 858 πλημμελήματα;
1275 788 1435 855 Λέγει
1471 788 1656 859 ἔτερος
1692 804 1706 819 ⁶
1754 788 1863 840 Ναὶ

288 882 508 949 ἀδελφὲ,
538 883 631 934 καί
662 883 723 933 τὰ
762 881 870 949 ἐμὰ
901 880 1077 932 πάντα
1106 880 1419 950 διηγήσατο.
1467 878 1766 950 Ἀπεκρίθη
1806 878 1862 932 δὶ

290 975 384 1025 καὶ
412 974 635 1042 ἓτερυςδ
671 971 1009 1025 Πιστεύσατὲ
1059 989 1169 1040 μοι,
1202 972 1441 1039 ἀδελφοὶ,
1490 972 1584 1024 καὶ
1625 971 1749 1039 ἐμοὶ
1795 971 1863 1024 τά

288 1066 388 1133 τῆς
424 1066 662 1134 ῖκαρδίας
698 1083 796 1135 μου
851 1064 1064 1134 κρυπτὰ
1112 1064 1477 1133 ἀπεκάλυψεν.
1512 1065 1623 1117 Καὶ
1664 1065 1713 1117 οἱ
1762 1063 1860 1133 μὲν

288 1156 499 1223 ελεγον,
543 1156 623 1209 ὅτι
674 1155 827 1223 ἅγιός
881 1158 1029 1207 ἐστιν
1058 1172 1073 1187 ο
1103 1156 1151 1208 ol
1184 1155 1238 1208 δὲ
1289 1155 1494 1224 ἔλεγον,
1545 1156 1696 1225 Οὐχὶ,
1726 1154 1861 1208 ἀλλὰ

292 1246 488 1312 μάντις
518 1245 656 1310 ἐστὶ,
683 1247 779 1297 καὶ
810 1246 917 1298 άπὸ
941 1244 1036 1297 τοῦ
1051 1244 1159 1298 τῶν
1195 1245 1376 1309 ζώξων
1403 1244 1710 1315 στοχασμοῦ
1748 1244 1863 1315 (82)

288 1338 617 1405 ἀναγγέλλει
682 1341 812 1407 ἡμῖν
874 1339 970 1392 td‘
1012 1341 1380 1408 ἁμαρτήματα
1444 1340 1621 1411 ἡμῶν.
1676 1338 1862 1391 Ἀλλιι

288 1430 524 1497 ἔλεγονο
597 1431 730 1484 ’Δπδ
780 1430 1101 1501 δαιμονικῆς
1165 1432 1446 1502 ἐνεργείας
1498 1431 1669 1483 τλῦτα
1730 1432 1861 1499 ἡμῖν

288 1522 670 1591 ἀπεκάλυψεν.

360 1638 457 1702 ξε’.
496 1637 887 1690 ’Υπνωσάντων
916 1634 1007 1689 οῦν
1036 1636 1251 1690 πάντων
1281 1638 1387 1690 τῶν
1417 1638 1643 1691 οίκετῶν
1670 1636 1858 1702 αὑτοῦ,

287 1730 413 1780 τότε
447 1731 477 1782 ὸ
512 1728 825 1796 Ἐπιιράνιος
847 1766 862 1793 ,
894 1726 967 1789 ὡς
1002 1725 1061 1791 ἐξ
1091 1726 1247 1788 ἔθους
1278 1727 1427 1798 αύτῷ
1458 1724 1526 1799 ἦν
1546 1768 1560 1791 ,
1597 1729 1860 1798 καταλιμ-

291 1819 482 1871 πάνων
513 1818 611 1889 τὴν
640 1818 829 1886 κλίνην
858 1818 1044 1882 αὑτοῦ,
1062 1822 1276 1890 τάπητα
1302 1820 1413 1888 (83)
1445 1818 1613 1879 τιθεὶς
1643 1819 1736 1870 ἐπὶ
1762 1818 1854 1871 τοῦ

286 1912 540 1978 ἐδάφους,
598 1910 692 1963 τοῦ
750 1910 916 1963 ὕπνου
962 1910 1393 1979 μετελάμϐανεν.
1450 1912 1511 1963 '0
1558 1911 1613 1964 δὲ
1671 1912 1859 1974 ὐσιος

284 2000 774 2070 σχηματισάμενος
800 2002 859 2053 ὲν
880 2003 946 2071 τῇ
979 2000 1135 2071 κλίνῃ
1161 1995 1230 2071 ἦν
1270 2000 1363 2053 τοῦ
1427 2000 1742 2070 Ἐπιφανίου
1764 2000 1859 2054 τοῦ

284 2093 538 2146 ὑπνῶσαι
569 2108 582 2122 ·
613 2093 699 2146 ὅτε
750 2092 806 2146 δδ
836 2092 1082 2146 ὕπνωσεν
1108 2095 1135 2146 6
1184 2093 1518 2157 Ἑπιφάνιος.
1544 2092 1860 2146 καταλιπὼν

283 2184 380 2253 τὴν
424 2185 718 2254 στρωμνὴν
752 2183 1093 2251 Ἐπιφανίου,
1151 2182 1427 2237 κατελθὼν
1484 2186 1539 2237 ἐν
1582 2186 1647 2255 τῇ
1698 2186 1858 2256 αὐλῇ,

289 2269 457 2346 εὗρεν
490 2274 744 2345 κοπρώδη
789 2274 975 2339 τόπον,
1025 2277 1248 2330 κάκεῖσε
1302 2276 1572 2345 διέμεινεν
1602 2278 1699 2347 τῆς
1730 2296 1859 2331 νυκ-

288 2371 379 2432 τὸς
412 2368 475 2421 τὸ
521 2367 837 2423 ὑπόλοιπον.
887 2370 1105 2438 Πρωῒας
1135 2367 1192 2422 δι
1214 2368 1508 2437 γενομένης
1539 2371 1863 2440 προπεμπό-

288 2440 458 2531 μῖνος
494 2460 600 2513 ὑπὸ
630 2459 971 2527 Ἐπιφανίου,
997 2458 1221 2529 ἐξῆλθεν
1255 2460 1334 2522 είς
1366 2460 1457 2512 τὸν
1492 2460 1865 2530 πνευματικὸν

285 2554 482 2621 ἀγῶνα
529 2552 720 2605 αὑτοῦ.
767 2551 901 2606 Τότε
934 2552 1499 2628 προσκαλεσάμενοςό
1546 2551 1864 2620 Ἐπιφάνιος

286 2643 378 2696 τὸν
414 2642 606 2708 παῖδα,
646 2641 707 2694 ὃν
753 2641 1050 2710 λελάληκεν
1084 2643 1112 2695 6
1164 2642 1357 2708 Ἄγιος
1400 2644 1464 2710 τῇ
1510 2640 1658 2712 Σύρᾳ
1691 2640 1865 2695 διαλέ-

287 2752 428 2800 κτῳ,
480 2734 812 2787 ἐπυνθάνετο
849 2733 978 2805 παρ’
1032 2732 1216 2799 αὐτοῦ,
1255 2734 1611 2803 Ποίῳ,τρόπῳ
1658 2733 1727 2785 τά
1757 2750 1861 2803 μυ·-

287 2827 487 2897 στήρια
540 2809 723 2881 ἐκεῖνα
751 2827 808 2881 ὲν
837 2828 919 2880 σοὶ
948 2826 1387 2897 διιπράχθησανς
1412 2815 1420 2827 ’
1442 2826 1501 2879 '0
1530 2824 1585 2879 δὲ
1614 2822 1863 2894 φίλτατος

286 2918 363 2971 ὢν
400 2920 491 2971 ἀεὶ
538 2920 619 2980 εἰς
670 2918 853 2982 αὑτὸν,
886 2918 1099 2972 ἅπαντα
1147 2919 1217 2972 τὰ
1281 2920 1359 2981 είς
1408 2917 1568 2972 αὑτὸν
1606 2918 1864 2986 γεγονότα

286 3010 596 3073 άνελλιπῶς
617 3011 938 3081 διηγήσατο.

356 3127 465 3194 Eg’.
490 3128 617 3180 Ὅτε
642 3123 823 3197 ἦλθεν,
852 3129 1023 3199 Κύριέ
1056 3146 1177 3197 μου,
1204 3130 1230 3181 6
1250 3130 1431 3195 Ὀσιος
1460 3132 1515 3183 ὲν
1536 3130 1614 3199 τῷ
1640 3132 1855 3185 κοιτῶνί

1973 610 2085 650 rem
2152 592 2528 649 admirabilem
2561 632 2577 657 ,
2599 594 2875 661 quomodo
2924 595 3209 649 mendicus
3236 595 3323 651 ille
3361 599 3545 653 omnia

1967 688 2098 743 inibi
2158 701 2275 761 mea
2332 685 2596 741 adversus
2651 684 2817 739 Deum
2878 688 3157 756 aperuerit
3209 689 3549 745 commissa?

1964 783 2062 841 Cui
2125 782 2309 836 alius:
2342 781 2456 835 imo
2506 796 2655 845 vero,
2704 779 2897 843 frater;
2937 783 3030 837 sed
3068 794 3120 838 et
3149 797 3268 838 mea
3304 799 3410 837 non
3453 800 3547 839 ce-

1965 875 2116 929 lavit.
2152 874 2215 928 Et
2246 874 2351 928 illis
2394 889 2612 927 rursum
2646 874 2836 928 tertius
2869 890 2884 927 :
2918 872 3151 939 Credite,
3182 876 3376 945 inquit,
3410 876 3546 930 mibi

1966 965 2182 1028 fratres,
2210 965 2371 1019 etiam
2428 964 2796 1019 occultissima
2832 979 3061 1034 quaeque
3111 966 3292 1022 cordis
3342 967 3446 1022 mei
3489 968 3545 1023 in

1966 1059 2137 1113 lucem
2189 1057 2439 1127 protulit.
2474 1058 2708 1127 Denique
2733 1056 2820 1111 alii
2851 1056 3071 1111 aiebant
3098 1069 3349 1114 sanetum
3382 1075 3503 1114 esse
3527 1099 3543 1125 ,

1966 1154 2235 1224 negabant
2290 1152 2401 1215 alii,
2461 1150 2823 1221 haruspicinae
2869 1161 2922 1205 et
2952 1152 3279 1221 conjecmra:
3313 1168 3342 1208 e
3372 1148 3543 1225 signis

1963 1244 2278 1300 emleslibus
2307 1245 2490 1314 petita:
2535 1243 2680 1297 illam
2735 1254 3080 1312 peccatorum
3105 1244 3532 1299 declarationem

1962 1336 2342 1402 attribuentes,
2375 1350 2683 1406 quanquam
2716 1336 3104 1392 aliidiabolicis
3127 1337 3536 1405 operationibus

1969 1427 2208 1481 mallent.

2032 1632 2122 1689 65.
2188 1631 2479 1701 Postquam
2516 1634 2677 1688 soluti
2736 1646 2930 1688 somno
2956 1634 3207 1704 jaeebant
3247 1635 3531 1689 domestici

1959 1740 2170 1789 omnes,
2200 1725 2463 1794 proripuit
2510 1740 2570 1779 se
2630 1740 2779 1780 more
2810 1741 2910 1781 suo
2951 1725 3282 1795 Epiphanius
3316 1730 3528 1788 electo,

1962 1819 2249 1893 positoque
2282 1816 2441 1875 humi.
2464 1818 2733 1888 stragulo,
2766 1833 2963 1873 somno
2997 1820 3105 1873 illic
3139 1834 3197 1873 se
3223 1819 3390 1873 dedit.
3428 1821 3541 1871 An-

1966 1909 2126 1963 dreas
2158 1908 2421 1978 vero,qui
2446 1910 2649 1969 interea
2680 1910 2735 1963 in
2785 1909 3071 1979 Epiplianii
3116 1911 3260 1964 lecto
3290 1926 3543 1965 somnum

1967 2001 2281 2066 simulabat,
2332 2000 2423 2054 ubi
2485 2001 2667 2069 sopori
2699 2001 2874 2071 ipsum
2910 2003 3264 2058 succubuisse
3302 2002 3548 2056 animad-

1964 2075 2147 2155 vertit,
2175 2092 2366 2147 relicto
2387 2101 2587 2157 strato,
2620 2092 2901 2147 descendit
2930 2092 2981 2146 in
3014 2104 3221 2147 eurtem
3249 2134 3265 2160 ,
3302 2096 3549 2149 invento-

1962 2200 2068 2254 que
2095 2183 2464 2252 sterquilinio,
2496 2182 2644 2253 quod
2694 2183 2960 2251 reliquum
2992 2194 3110 2238 erat
3168 2189 3345 2241 noctis
3382 2188 3433 2240 in
3477 2202 3544 2241 eo

1960 2275 2156 2345 exegit.
2193 2274 2547 2330 lllucescente
2568 2282 2752 2330 autem
2810 2275 2917 2336 die,
2936 2276 3197 2332 dimissus
3216 2280 3283 2331 ab
3302 2278 3545 2348 Epipha-

1966 2366 2078 2430 nio,
2136 2366 2203 2420 ad
2267 2365 2548 2435 spirituale
2606 2378 2765 2419 suum
2816 2376 3089 2423 certamen
3162 2371 3344 2425 exivit.
3404 2372 3540 2425 Tum

1963 2455 2325 2527 Epiphanius,
2393 2458 2663 2511 accersito
2712 2460 2777 2511 ad
2810 2474 2867 2513 se
2900 2458 3125 2525 (annulo,
3182 2448 3343 2530 quem
3374 2466 3548 2532 pridic

1964 2550 2199 2606 Sanctus
2227 2551 2405 2619 lingua
2437 2549 2657 2619 Syriaca
2699 2552 2875 2605 fuerat
2896 2552 3187 2621 allocutus,
3214 2536 3547 2624 inquirebat,

1962 2658 2072 2713 quo
2098 2636 2253 2713 pacto
2288 2642 2541 2711 mysteria
2571 2642 2661 2695 illa
2689 2643 2742 2696 in
2776 2643 2900 2712 ipso
2924 2655 3141 2713 peracta
3182 2657 3383 2702 essent.
3418 2649 3543 2715 Qui,

1962 2744 2025 2791 ut
2061 2744 2177 2789 erat
2199 2733 2500 2805 Epiphanio
2534 2734 2588 2787 in
2623 2734 2815 2803 primis
2837 2738 3057 2798 cbarus,
3085 2738 3218 2791 nibil
3242 2740 3541 2809 quidquam

1964 2842 2175 2885 eorum.
2200 2841 2321 2895 quae
2350 2824 2455 2879 sibi
2474 2824 2982 2894 evenerant,ipsum
3016 2827 3205 2883 celavit
3246 2829 3326 2885 sic
3352 2846 3545 2885 narra-

1967 2920 2167 2974 tionem
2199 2918 2487 2973 exordiens
2513 2932 2527 2969 :

2040 3146 2131 3201 66.
2168 3145 2343 3202 Simul
2392 3148 2639 3216 atquein
2686 3148 2944 3204 conclave
2999 3159 3151 3206 tuum
3199 3151 3428 3208 inferius
3456 3154 3545 3208 ille

287 3238 380 3272 σου
399 3258 414 3281 ,
447 3220 712 3288 ἐγενόμην
742 3221 940 3283 εὐθέως
970 3219 1174 3284 ὲννεὸς,
1210 3224 1300 3273 καὶ
1332 3221 1518 3293 ἐώρων
1546 3222 1610 3274 τὸ
1641 3224 1854 3293 πρόσω-

1977 3238 2166 3310 pedem
2216 3238 2438 3303 intulit,
2485 3238 2560 3292 mi
2623 3237 2874 3305 Domine,
2922 3256 3007 3296 me
3054 3253 3245 3313 stupor
3303 3244 3545 3313 invasit,

288 3323 390 3359 πον
436 3305 535 3359 τοῦ
578 3304 760 3373 Ἀγίου
805 3308 1017 3361 ἐκείνου
1072 3309 1163 3361 τὸν
1222 3308 1371 3379 ἥλιον
1428 3312 1857 3383 ἀπαστράπτονο

289 3396 656 3467 ἐξισταμένου
693 3416 795 3468 μου
834 3398 913 3463 δὲ,
964 3400 1287 3471 ἐνωτίζομαι
1337 3405 1522 3475 φωνῆς
1567 3406 1730 3458 πόθεν
1762 3406 1861 3459 οῦκ

288 3487 428 3555 οἶδα,
459 3490 725 3560 λεγούσης
760 3509 851 3560 μοι
879 3509 892 3523 ·
929 3494 1168 3564 Πρόσχες
1206 3499 1295 3549 καὶ
1329 3495 1428 3559 ίδε,
1470 3497 1656 3568 ἡλίκον
1701 3498 1862 3552 αὑτὸν

287 3584 320 3650 ὴ
348 3584 437 3636 διὰ
481 3584 572 3635 τὺν
618 3581 820 3651 Κύριον
875 3585 1033 3638 σαλία
1086 3588 1385 3657 πεποίηκεν
1437 3590 1583 3658 (84).
1626 3590 1862 3662 Ἐώρουν

293 3674 387 3728 οὖν
418 3676 512 3727 καὶ
558 3676 667 3729 ίδοὺ
701 3676 808 3729 ἀπὸ
834 3676 931 3747 τῆς
960 3679 1179 3744 ἀκτῖνος
1211 3683 1305 3751 τῆς
1343 3684 1508 3751 οὔσης
1544 3683 1635 3735 ἐπὶ
1656 3682 1746 3737 τὸν
1775 3684 1863 3736 Δί-

290 3782 470 3827 καιον,
504 3767 673 3834 μικρά
715 3783 797 3829 τις
834 3770 991 3831 ἀκτὶς
1032 3772 1271 3840 μερικῶς
1315 3773 1643 3843 χωρισθ.ῐσα
1688 3792 1862 3844 προσ-

289 3857 571 3925 επέλαμψε
600 3860 664 3928 τῇ
722 3858 845 3927 ὄψει
889 3877 992 3929 μου
1024 3878 1037 3892 ·
1071 3864 1161 3917 καὶ
1186 3864 1385 3928 εὐθέως
1415 3866 1668 3937 ἠρξάμην
1693 3870 1863 3921 ποιεῖν

292 3950 358 3998 τὰ
414 3950 673 4019 σχήματα
744 3950 910 4004 αὑτοῦ
974 3953 1105 4021 ὅσην
1155 3957 1492 4027 προθεσμίαν
1554 3958 1807 4011 ὲτεθέασο
1844 3974 1858 3989 °

290 4038 485 4092 ἔπειτα
526 4040 811 4108 ἁφείλασιν
838 4042 1008 4095 ταῦτα
1036 4044 1093 4111 ἐξ
1115 4047 1276 4113 ὲμσῦ,
1317 4049 1411 4101 καὶ
1446 4048 1690 4119 ὑπῆρχον
1721 4049 1861 4103 καθὰ

292 4133 383 4182 καὶ
414 4129 609 4201 πρώην
644 4132 723 4194 είς
753 4132 821 4186 τὰ
852 4132 946 4187 τοῦ
971 4136 1177 4205 κόσμου
1208 4139 1624 4210 ὑπερειδόμενος
1649 4139 1858 4213 ἤθεσιν.

302 4219 455 4287 Ἰδοὺ,
476 4222 649 4291 Κύριέ
679 4240 806 4292 μου,
832 4222 941 4279 ἀπὸ
963 4225 1061 4279 τοῦ
1088 4228 1182 4283 νῦν
1224 4230 1383 4295 αὑτὸς
1434 4229 1593 4301 γενοῦ
1632 4250 1862 4306 προνοη-

291 4314 386 4382 τὴς
436 4312 539 4383 τῆς
576 4317 852 4385 σωτηρίας
907 4335 1032 4387 μου,
1075 4320 1286 4391 ὁδηγῶν
1339 4340 1408 4393 με
1448 4325 1504 4378 ὲν
1550 4325 1723 4397 τρίϐῳ
1755 4327 1861 4381 τῶν

290 4404 402 4464 τοῦ,
449 4404 589 4458 Θεοῦ
632 4408 880 4464 ἐντολῶν.
924 4410 1107 4465 Ταῦτα
1156 4414 1467 4477 ὲνωτισθεὶς
1495 4418 1521 4468 ό
1563 4416 1863 4487 Θαυμάσιος

304 4498 621 4568 Ἐπιιράνιος
654 4501 747 4554 καὶ
774 4500 1098 4572 ίλιγγιάσας,
1128 4506 1320 4577 ἐξέστη
1342 4506 1418 4577 τῷ
1442 4510 1732 4579 πνεύματι,
1768 4511 1862 4565 καὶ

294 4579 659 4663 περιπλακεὶς
684 4592 832 4661 αὐτῷ
856 4594 1139 4666 δάκρυσιν,
1177 4599 1461 4668 ἠσπάσατο
1508 4578 1635 4666 τοῦς
1664 4600 1862 4673 όφθαλ-
1894 4578 1938 4634 Ῑ)

296 4681 430 4752 μους
460 4682 648 4751 αὑτοῦ,
681 4684 755 4748 ὡς
786 4684 983 4751 θεατάς
1018 4688 1268 4757 γενέσθαι
1302 4692 1411 4747 τῶν
1459 4681 1724 4749 τοιούτων
1759 4713 1862 4766 μυε-

296 4778 553 4849 στηρίων,
599 4780 696 4831 καὶ
746 4778 970 4849 ἐλεγενο
1031 4779 1093 4837 Ὀ
1131 4785 1527 4859 παντοκράτωρ
1576 4786 1803 4859 Κύριος,
1835 4790 1863 4842 6

292 4868 468 4935 δείξας
504 4872 571 4925 τὰ
596 4871 883 4943 θαυμαστὰ
921 4878 1195 4948 μυστήρια
1222 4878 1678 4945 ταῦτανκκδυνατός
1710 4884 1859 4939 ἐστιν

295 4961 569 5016 σώσασθαι
599 4966 692 5019 καὶ
713 4965 811 5038 τὴν
832 4966 1001 5037 καλήν
1033 4985 1124 5022 σου
1144 4969 1340 5043 ψυχὴν,
1364 4957 1684 5045 ἠγαπημένε
1707 4976 1861 5031 ἀδελ-

294 5056 359 5123 φέ
394 5074 496 5128 μου
524 5076 536 5089 ·
563 5061 717 5129 κάγὼ
750 5062 857 5115 ἀπὸ
886 5065 983 5133 τῆς
1015 5065 1255 5135 σήμερον
1300 5067 1374 5133 ὡς
1406 5069 1544 5139 φίλῳ
1576 5087 1680 5139 μου
1725 5088 1857 5142 γνη-

1971 3332 2379 3402 conspicantem
2438 3332 2582 3386 illius
2635 3330 2831 3388 faciem
2868 3336 3141 3393 solaiibus
3194 3340 3361 3395 radiis
3390 3341 3542 3412 fulgi-

1967 3424 2091 3478 dam
2120 3440 2136 3478 :
2170 3437 2410 3492 voxque,
2436 3423 2619 3479 nescio
2650 3425 2812 3491 unde,
2848 3427 3069 3482 auribus
3104 3431 3239 3486 meis
3278 3431 3543 3498 insonuit,

1967 3516 2195 3572 dicens:
2231 3517 2465 3571 Adverte
2518 3516 2763 3571 animum
2815 3528 2869 3573 et
2897 3521 3038 3585 vide,
3064 3532 3328 3590 quantum
3359 3527 3546 3580 stulti-

1966 3609 2068 3670 tia,
2098 3623 2262 3678 quam
2297 3608 2508 3663 Domini
2539 3624 2704 3665 causa
2744 3610 2987 3676 simulat,
3040 3614 3216 3683 ipsum
3263 3618 3542 3671 extulerit.

1969 3702 2256 3756 lntendens
2283 3703 2444 3772 igitur
2468 3704 2709 3757 animum
2738 3706 3054 3777 oculosque,
3082 3709 3225 3776 vidi,
3254 3728 3319 3766 ex
3356 3714 3541 3769 multis

1967 3797 2061 3865 qui
2120 3796 2377 3853 Sanctum
2447 3799 2757 3855 ambiebant
2806 3803 2996 3867 radiis,
3058 3819 3282 3874 parvum
3308 3808 3539 3880 alique-ii

1970 3889 2198 3942 seorsim
2226 3890 2405 3959 egredi
2464 3901 2517 3945 et
2558 3893 2760 3947 vultum
2799 3910 2981 3950 meum
3002 3899 3343 3967 illuminare,
3378 3907 3547 3974 empi-

1967 3995 2073 4049 que
2096 3982 2278 4035 statim
2315 3983 2513 4036 imitari
2560 3993 2750 4055 gestus
2765 3989 3093 4059 modumque
3127 3994 3318 4063 agendi
3348 3995 3545 4064 ipsius.

1967 4072 2208 4143 quandiu
2266 4074 2450 4130 radius
2501 4076 2588 4132 ille
2650 4079 2783 4133 mihi
2822 4080 2972 4139 visus
3031 4092 3150 4146 est.
3184 4101 3293 4156 quo
3327 4088 3542 4143 tandem

1969 4163 2183 4219 sublato
2234 4166 2299 4219 ad
2332 4168 2567 4237 priorem
2605 4185 2786 4225 rerum
2816 4174 3004 4229 mundi
3034 4173 3199 4241 hujus
3250 4190 3544 4233 consuetu-

1968 4255 2150 4311 dinem
2183 4258 2443 4313 reduetus
2473 4276 2621 4314 sum.
2654 4260 2793 4317 Ecce
2826 4274 3030 4329 autem,
3086 4266 3312 4322 Domine
3350 4270 3443 4335 mi,
3475 4286 3543 4326 ex

1971 4356 2245 4402 momento
2296 4350 2399 4405 hoc
2440 4350 2634 4407 salutis
2666 4369 2795 4408 mea:
2816 4355 3031 4426 adjutor
3062 4357 3168 4412 eris
3194 4366 3247 4411 et
3276 4359 3408 4420 dux,
3448 4364 3541 4428 qui

1970 4451 2279 4503 currentem
2339 4442 2390 4495 in
2434 4444 2516 4497 via
2561 4446 2943 4502 mandatorum
2993 4449 3085 4504 Dei
3134 4450 3360 4520 dirigas.
3390 4451 3543 4508 Talia

1970 4531 2253 4587 inaudiens
2283 4532 2616 4603 Epiphanius
2639 4537 2975 4595 admirabilis
2999 4542 3339 4609 adolescens,
3373 4546 3550 4599 sensi~

1966 4623 2070 4679 bus
2126 4639 2262 4694 pene
2292 4636 2347 4680 et
2403 4628 2598 4697 spiritu
2627 4629 3004 4687 deiicientibiis
3036 4649 3149 4703 prae
3178 4645 3423 4705 stupore,
3456 4638 3540 4691 [δ-

1968 4715 2173 4801 mulum
2219 4719 2567 4774 manantibus
2622 4722 2852 4777 ubertim
2880 4724 3133 4796 lacrymis
3176 4728 3459 4798 amplexus
3489 4742 3545 4785 et

1965 4808 2157 4865 oculos
2210 4810 2398 4866 talium
2472 4826 2796 4869 arcanorum
2874 4824 3039 4874 testes
3102 4829 3545 4891 spectatoresque

1965 4901 2315 4958 exosculatus
2344 4913 2445 4969 est,
2473 4904 2705 4983 dicens:
2741 4907 3006 4965 Dominus
3054 4911 3423 4980 omnipotens,
3448 4917 3543 4983 qui

1966 4994 2236 5049 mirabilia
2288 4995 2402 5051 haec
2434 4996 2529 5051 tibi
2562 5001 2817 5068 mysteria
2850 5003 3091 5058 revelare
3137 5002 3395 5075 dignatus
3420 5015 3536 5071 est,

1963 5096 2141 5155 potest
2167 5087 2374 5155 itidem,
2396 5090 2563 5145 frater
2591 5092 2972 5161 dilectissime,
2995 5096 3231 5152 animam
3265 5099 3359 5153 tibi
3391 5110 3537 5154 tuam

295 5146 389 5220 σίῳ
423 5152 834 5223 καὶλσυναίμονι
878 5158 1243 5229 πνευματικῷ
1294 5161 1438 5215 οὕτω
1474 5163 1541 5216 τὰ
1588 5164 1719 5236 περὶ
1758 5164 1853 5217 σοῦ

1965 5178 2173 5235 salvare
2210 5196 2348 5252 :ego
2377 5193 2555 5240 autem
2585 5186 2654 5241 ab
2702 5186 2963 5244 hodierna
3000 5190 3086 5245 die
3118 5206 3205 5245 res
3240 5199 3383 5255 tuas,
3421 5208 3533 5247 non

294 5239 640 5319 διαθήσομαι.
709 5248 927 5317 Ἥγάπα
989 5253 1169 5309 τοίνυν
1223 5256 1408 5311 ἔκτοτε
1465 5258 1558 5312 τὸν
1611 5258 1774 5313 παῖδα
1825 5262 1853 5312 6

361 5446 468 5529 ($3)
537 5450 851 5529 Στοχασμοῦ
908 5472 976 5513 ex
1032 5476 1135 5516 ms.
1208 5461 1409 5521 Mazar.
1470 5442 1851 5527 est:babebat

295 5516 458 5575 Vaiic.
494 5516 795 5587 συνθέσεως
820 5542 836 5557 ·
868 5544 975 5584 non
1008 5533 1168 5588 male.

358 5588 471 5679 (βξ)
522 5590 620 5679 bis.
672 5592 793 5679 Vat.
849 5602 1294 5679 erattnedxtov,
1360 5608 1733 5679 signiﬁcatque
1793 5612 1846 5668 id

358 5619 465 5660 κου)
522 5619 620 5647 πη.
684 5619 793 5678 vat.
849 5619 966 5653 erat
1020 5619 1294 5674 επευχιον,
1360 5619 1599 5679 Signtﬂca
1668 5627 1733 5665 ue
1793 5619 1846 5668 id

296 5659 429 5744 quod
458 5668 825 5744 substernitur
850 5670 1007 5744 alicui
1043 5675 1106 5727 ad
1135 5679 1423 5744 orandum,
1455 5692 1506 5734 et
1548 5619 1848 5737 mal-ludio-

300 5726 429 5800 togio
477 5730 638 5793 Goar.
704 5751 828 5810 pag.
906 5740 1010 5799 832
1081 5726 1619 5822 mirabile—imula};
1637 5726 1845 5823 ’Ἔλῖρζῦν

1954 5704 2144 5814 {quin
2197 5708 2217 5745 ι
2289 5691 2443 5759 Quod
2502 5702 2721 5763 propter
2806 5691 3093 5748 Dominum
3174 5696 3339 5763 facit,

1978 5774 2054 5814 cci
2089 5799 2103 5812 .
2136 5780 2155 5813 ι

1978 5774 2103 5814 CCII.
2136 5780 2155 5813 ι

1961 5285 2118 5326 secus
2174 5286 2239 5327 ac
2269 5272 2427 5329 amici
2473 5272 2717 5333 ﬁdeliset
2754 5277 3023 5349 spirituali
3059 5282 3533 5351 consanguinitate

1955 5474 2230 5599 ἐπερχιον,
2286 5474 2448 5533 etiam
2504 5492 2603 5548 pro
2660 5478 2901 5549 stragulo
2939 5492 3105 5535 sacrae.
3157 5495 3360 5537 mensa:
3379 5497 3535 5538 usur-

1956 5559 2093 5599 nar.

1955 5559 2093 5614 part.

2026 5614 2137 5689 (84)
2196 5616 2371 5674 Vatic.
2427 5620 2508 5673 ὅτι
2558 5618 2643 5672 διὰ
2703 5622 2794 5677 τὸν
2851 5610 3056 5689 Κύριον
3109 5624 3319 5680 ποιεῖᾶ
3366 5625 3532 5679 πεπό-

3413 5711 3537 5770 qua:
