4176 6480
262 365 354 428 ’109

263 479 471 547 βόσκεσν
498 472 714 543 ῥάξδον,
759 472 851 524 καὶ
879 471 951 533 ὡς
989 470 1247 523 ἐθεάσατο
1284 469 1373 522 τὸν
1398 471 1584 523 Ὄσιον
1613 471 1811 522 τυπτό-
1839 481 1884 535 Α

269 583 440 635 μενον,
468 554 694 632 τρωθεὶς
725 562 829 616 ὑπὸ
856 560 946 614 τοῦ
970 561 1242 627 διαϐόλου,
1267 561 1483 614 δίδωσιν
1507 562 1656 631 αὐτῷ
1692 563 1811 633 μεθ’

271 649 331 724 ἦς
381 652 595 721 ἐκράτει
644 650 864 718 ῥάϐδου,
906 651 980 711 ὡς
1012 649 1263 717 ἠδύνατο,
1297 649 1435 704 ὥστε
1476 651 1810 721 ἀκουσθῆναι

263 745 345 797 τὸν
367 743 565 808 κτύπον
607 741 909 812 πόρρωθεν.
956 740 1185 794 Ἀπιδὼν
1217 741 1270 794 δὲ
1297 742 1325 794 ὁ
1355 742 1537 804 Ὀσιος
1563 741 1700 811 πρὸς
1721 742 1810 796 τὸν

263 828 523 903 eaeam,
562 834 775 902 πικρῶς
804 831 1155 896 ἀνεστέναξεν
1180 833 1255 902 τῷ
1290 833 1455 902 ’πόνῳ⁴
1484 833 1722 896 ἀναστάς
1753 834 1809 886 δὲ

261 923 520 994 ἐπορεύθη
563 923 814 992 πλησίον,
875 923 968 974 καὶ
1020 921 1234 975 nemini“
1253 923 1636 993 κατησπάζετο
1682 926 1811 987 τοὺς

263 1014 416 1075 πόδας
445 1011 630 1074 αὐτοῦ,
683 1012 968 1080 διαλείχων
990 1016 1062 1081 ,τῇ
1097 1012 1330 1084 γλώττῃ,
1368 1014 1462 1066 καὶ
1510 1014 1810 1082 προσευχό-

264 1120 438 1174 μενος.
469 1103 631 1166 Τινές
660 1103 714 1154 δὲ
752 1103 983 1172 ὁρῶντες
1031 1103 1190 1156 αὑτὸν
1233 1104 1418 1171 ἔλεγον
1446 1120 1460 1134 ⁸
1506 1104 1807 1170 Θεάσασθε,

259 1194 437 1263 φησὶν,
468 1193 583 1257 πῶς
611 1197 637 1246 ό
677 1193 972 1263 δαιμονιῶν
1006 1188 1157 1256 οὗτος
1206 1195 1301 1247 καὶ
1348 1198 1813 1266 παρατετραμμέ-

259 1301 362 1347 νος,
390 1283 639 1352 καθάπερ
685 1284 830 1336 κύων
865 1285 984 1337 κατ’
1024 1285 1184 1338 αὑτοῦ
1222 1287 1464 1338 σταλέντι
1494 1286 1634 1339 οὕτω
1685 1286 1810 1349 τοὺς

258 1373 414 1436 πόδας
439 1374 533 1426 τοῦ
559 1375 819 1443 τύψαντος
841 1376 1001 1427 αὑτὸν
1024 1375 1430 1438 κατασπάζεται
1449 1377 1807 1448 ἀναισθήτως,

260 1465 444 1517 καθότι
478 1467 504 1518 ό
553 1466 760 1535 δαίμων
826 1465 991 1518 αὐτοῦ
1046 1468 1194 1520 ἔνδον
1235 1468 1605 1536 ἐπιμαίνεται.
1671 1468 1727 1521 '0
1753 1469 1809 1521 δὲ

261 1555 524 1624 μακάριος
567 1557 819 1621 Ἀνδρέας
847 1557 944 1618 τὰς
973 1558 1333 1620 άνυποίστους
1364 1560 1652 1628 δεχόμενος
1676 1560 1814 1629 πλη-

256 1650 352 1716 γὰς
382 1649 491 1701 τὼν
539 1651 655 1702 ἐκεῖ
706 1651 1158 1719 ὑπανεχώρησεν,
1202 1651 1294 1704 καὶ
1339 1653 1514 1724 εὑρὼν
1557 1653 1809 1724 κοπρὼδη

259 1740 417 1790 τόπον
444 1741 624 1793 ἐκεῖσε
671 1741 979 1806 ἐκάθευδεν,
1011 1741 1178 1795 ὕπνου
1213 1744 1548 1814 βραχυτάτου
1573 1747 1811 1814 ἐφαπτό-

258 1845 435 1896 μενος.
465 1831 530 1882 Οξ
559 1829 650 1883 οὖν
670 1832 1134 1902 ἐκεῖδιερχόμενοι
1157 1833 1388 1902 ὁρῶντες
1414 1836 1576 1888 αὑτὸν
1601 1836 1690 1886 ἐπὶ
1713 1835 1813 1903 τῆς
1845 1835 1888 1893 Β

258 1917 485 1988 κοπρίας
510 1920 878 1990 ἡσυχάζοντα,
909 1925 970 1974 ἐκ
999 1923 1192 1991 βάθους
1221 1924 1564 1988 στενάζοντες
1594 1924 1779 1992 ἔλεγεν
1798 1941 1812 1955 ⁸

261 2009 372 2078 Πῦρ
401 2009 499 2061 καὶ
538 2010 680 2062 θεῖον
715 2013 806 2062 ἐπὶ
842 2011 938 2082 τὴν
979 2014 1221 2084 κορυφὴν
1265 2017 1365 2085 τῆς
1407 2016 1486 2078 είς
1515 2032 1595 2067 ,σε
1643 2015 1815 2068 ταῦτα

259 2102 656 2172 ἐργασαμένης*
681 2105 915 2171 ἔφασκον
935 2104 1059 2174 γὰρ,
1077 2107 1153 2157 ὅτε
1182 2105 1288 2158 ἀπὸ
1312 2106 1568 2173 γυναικὸς
1590 2123 1657 2158 πε
1669 2099 1820 2178 ριερ-.

260 2193 424 2262 γασίᾳ
461 2199 723 2265 σατανικῇ
749 2197 1146 2265 ἐπαρέτραπτο.
1176 2197 1235 2250 Ol
1261 2197 1335 2261 δὲ,
1355 2197 1485 2248 Ἀπὸ
1506 2200 1816 2267 ἐπιλήψεως

258 2287 451 2357 συνέϐη
483 2287 628 2355 αὐτῷ
655 2287 812 2340 τοῦτο
845 2287 902 2338 τὸ
934 2287 1121 2348 πάθος.
1155 2287 1282 2350 Θεὸς
1302 2289 1524 2342 δὲδτῶν
1557 2292 1816 2359 κρυπτῶν

257 2378 522 2446 γνώστης,
551 2378 578 2429 ό
600 2377 666 2429 τά
699 2375 878 2443 ὑψηλά
901 2377 1008 2428 ἀπὸ
1041 2376 1316 2446 μακρόθεν
1358 2379 1662 2446 γινώσκων,
1723 2385 1817 2434 καὶ

262 2469 379 2530 τοὺς
402 2467 787 2534 διαλογισμοὺς
809 2468 915 2518 τῶν
947 2467 1250 2535 ἀνθρώπων
1279 2467 1522 2537 ἐφορῶν,
1570 2470 1683 2539 είδη
1721 2469 1815 2522 τοῦ

216 2576 222 2585 ‘
257 2560 440 2613 δούλου
467 2559 630 2611 αὑτοῦ
658 2559 752 2626 τὴν
780 2556 1060 2627 ἐργασίαν,
1084 2559 1175 2611 καὶ
1203 2553 1279 2622 οἷς
1309 2560 1529 2629 τρόποις
1547 2559 1816 2630 ἔπραττεν

263 2667 452 2704 ταυτα.

337 2829 433 2893 ξθ’.
472 2828 736 2897 Κειμένου
761 2823 853 2882 οὖν
878 2829 970 2882 τοῦ
998 2831 1198 2894 Ὀσίου,
1224 2831 1365 2884 καθὰ
1394 2835 1732 2904 προείρηται,
1755 2837 1822 2890 ἐν

264 2919 336 2987 τῷ
358 2919 624 2987 κοπρώδει
641 2920 807 2985 τόπῳ,
827 2921 1022 2988 συνέϐη
1047 2920 1257 2989 ἄμαξαν
1277 2923 1579 2990 διέρχεσθαι
1603 2926 1778 2977 ἐκεῖσε
1802 2938 1817 2957 ⁸

263 3009 289 3057 ὁ
318 3005 372 3057 δὲ
402 3006 690 3075 βοηλάτης,
719 3008 919 3061 πλείονι
947 3010 1076 3078 οἴνῳ
1097 3014 1580 3082 συμπεφυρμένος,
1603 3030 1816 3085 τραγῳ-

262 3094 363 3148 ὃῶν
416 3097 728 3165 ἐπορεύετο,
781 3099 840 3150 οὐ
905 3098 1087 3167 μέντοι
1151 3101 1378 3153 συνειδει
1427 3101 1498 3175 τᾲ
1542 3103 1680 3155 κατά
1722 3103 1814 3155 τὸν

1399 357 1578 416 Vl'I‘A
1619 343 1682 417 s‘.
1725 355 2053 416 ANDRExE
2095 356 2289 420 ΒΑΜ.

3421 358 3524 417 710

1914 471 2185 526 transiens
2206 510 2219 533 ,
2253 470 2343 526 ubi
2380 471 2425 526 vl
2450 472 2512 526 lit
2534 473 2795 527 Sanrtum
2829 471 3146 527 verberibus
3181 487 3261 526 ex.
3290 479 3524 536 ceptum,

1913 561 2180 632 impulsus
2201 579 2230 616 a
2268 564 2538 629 dtemone,
2568 565 2823 618 ennulem
2861 562 3125 632 pastorali
3157 562 3273 631 pedi
3301 573 3347 621 ν,
3378 559 3525 627 quod

1917 669 2079 708 manu
2106 655 2370 724 gestabat,
2406 657 2650 711 collectis
2673 656 2881 710 viribus
2903 654 3152 724 pulsaba
3189 663 3277 708 tan
3316 660 3370 704 to
3394 666 3520 705 cum

1912 746 2137 812 impetu,
2173 753 2230 798 ιιι
2267 744 2482 799 eminus
2513 745 2738 800 verbera
2776 745 3183 800 exaudirenttr.
3245 741 3520 795 Andreas

1861 881 1866 886 .
1912 850 2039 889 vero
2062 838 2249 891 oculos
2281 837 2332 890 in
2364 839 2736 892 verbm-antem
2780 837 3095 900 intendens,
3132 850 3304 888 amart
3331 845 3377 885 ιε
3409 846 3519 900 pra:

1912 926 2101 981 dolore
2124 929 2353 998 gemitus
2374 928 2604 983 ducebat
2623 968 2638 992 ,
2666 942 3004 998 surgensque
3038 926 3263 996 propius
3304 945 3315 977 ι
3338 937 3517 977 acces-

1892 1015 1982 1070 sit
2044 1017 2273 1081 homini,
2311 1029 2378 1071 et
2434 1018 2498 1070 ad
2531 1032 2705 1086 genua
2731 1017 3036 1086 procidens,
3068 1017 3317 1084 amplexu
3392 1028 3518 1064 con-

1912 1111 2214 1179 stringebat
2242 1112 2405 1178 pedes
2433 1109 2773 1179 lingebatque
2813 1109 3018 1177 lingua,
3053 1108 3252 1160 durum
3300 1115 3515 1175 pectus

1911 1199 2166 1269 precibus
2199 1200 2407 1252 mollire
2435 1211 2683 1253 conatus.
2707 1199 2858 1265 Quod
2881 1197 3186 1267 conspicati
3203 1194 3468 1250 nonnulli
3496 1210 3508 1246 :

1912 1293 2072 1352 Ecce,
2096 1292 2436 1360 inquiebant,
2458 1291 2849 1345 dmuoniacuu:
2872 1291 3046 1353 illum,
3069 1289 3468 1342 mentelaessum
3492 1325 3507 1349 ,

1913 1381 2189 1451 quomodo
2237 1380 2526 1434 advolutus
2575 1379 2846 1433 sanicntis
2900 1379 3040 1432 inse
3076 1378 3332 1445 pedibus,
3390 1385 3509 1428 tan-

1914 1487 2074 1541 quam
2108 1471 2260 1525 canis
2300 1471 2555 1539 praebrnti
2584 1471 2683 1524 sibi
2720 1469 3023 1538 quidpiam,
3070 1468 3350 1521 blandiatu
3374 1483 3399 1517 r
3429 1465 3508 1518 in-

1914 1561 2189 1619 scnsibilis
2214 1561 2277 1615 ad
2306 1561 2554 1616 verbera.
2581 1561 2784 1628 Nempe
2827 1560 3039 1613 d:l‘l|l0ll
3080 1558 3134 1611 in
3187 1556 3505 1610 visceribus

1914 1655 2034 1724 ejus
2062 1653 2241 1707 fuerit.
2282 1652 2529 1708 Andreas
2580 1661 2783 1718 autem,
2831 1651 3087 1721 gravibus
3114 1648 3344 1703 aﬂlictus
3389 1649 3504 1699 vul-

1917 1748 2160 1807 neribus.
2188 1747 2478 1800 astantium
2537 1745 2708 1799 oculis
2742 1760 2800 1798 se
2825 1742 3082 1797 subduxit
3111 1781 3125 1801 ,
3163 1741 3499 1808 inventoque

1919 1839 2282 1909 sterquilinio,
2309 1838 2628 1892 brevissimo
2659 1837 2767 1890 illic
2797 1849 2985 1890 somno
3008 1832 3250 1886 indulsit.
3307 1828 3498 1883 Viato-

1920 1939 2221 1984 resautcm
2287 1930 2409 1982 illac
2465 1929 2567 1981 iter
2615 1928 2905 1989 habentes,
2960 1934 3255 1993 conspecto
3322 1936 3492 1986 supra

1919 2023 2104 2076 ﬁmum
2159 2023 2274 2075 viro
2343 2032 2552 2083 sancto,
2584 2034 2646 2073 ex
2681 2018 2791 2071 imo
2839 2017 3002 2070 corde
3044 2014 3488 2084 ingemiscentes,

1918 2114 2172 2168 dicebant
2208 2132 2223 2166 :
2263 2109 2404 2182 Ignis
2433 2121 2485 2165 et
2510 2112 2737 2179 sulphur
2772 2109 2932 2176 capiti
2971 2105 3134 2168 illius,
3157 2119 3277 2180 quae
3300 2104 3488 2156 isthae

1917 2214 2135 2272 operata
2199 2214 2280 2258 est
2342 2203 2397 2256 in
2453 2212 2545 2266 te,
2595 2215 2716 2254 nam
2799 2197 2940 2251 fama
2973 2205 3125 2259 erat,
3181 2209 3210 2248 a
3259 2193 3488 2246 muliere

1918 2294 2168 2362 quapiam
2234 2307 2335 2361 ope
2391 2291 2651 2344 dmmonis
2701 2288 2849 2340 illum
2912 2286 2978 2339 ad
3017 2283 3284 2338 insaniam
3320 2282 3490 2336 fuis~e

1920 2381 2503 2449 adactuntzquan‘ivis
2575 2379 2664 2431 alii
2720 2378 2772 2430 in
2841 2374 3151 2443 epilepsiam
3222 2371 3487 2439 originem

1919 2474 2047 2527 mali
2111 2470 2448 2544 referendam
2518 2469 2870 2522 sustinerent.
2937 2465 3004 2517 At
3059 2462 3202 2517 Deus
3250 2461 3339 2530 qui
3393 2476 3486 2513 ar-

1918 2579 2053 2617 cana
2135 2561 2377 2615 co'rdium
2458 2559 2754 2628 perspicit,
2813 2567 2865 2610 ct
2945 2555 3052 2609 alta
3097 2569 3125 2606 a
3179 2553 3338 2630 longe
3396 2565 3489 2604 ου-

1917 2655 2146 2724 gnoscit,
2195 2664 2249 2705 et
2285 2653 2633 2721 cogitationes
2664 2649 2945 2702 hominum
2979 2645 3338 2704 considerat,
3380 2658 3486 2694 n<.n

1917 2745 2215 2813 ignorabat,
2249 2759 2369 2812 ηιιίιι
2430 2743 2665 2795 famulus
2716 2755 2868 2802 suus,
2893 2747 2947 2790 et
2991 2752 3088 2791 cur
3137 2745 3484 2802 operaretur.

1987 2835 2077 2892 69.
2110 2833 2331 2888 Jacente
2366 2833 2525 2904 igitur
2553 2832 2764 2885 Andrea
2790 2831 2844 2884 in
2889 2842 3085 2898 spurco
3134 2827 3487 2893 sordidoque,

1919 2937 1978 2980 ut
2006 2927 2205 2980 dictum
2243 2930 2343 2989 est,
2372 2926 2510 2987 loco,
2545 2921 2766 2991 contigit
2811 2920 3111 2990 plaustrum
3180 2919 3303 2972 illac
3339 2926 3489 2970 tt‘an~

1920 3019 2026 3072 sire
2054 3057 2068 3084 ,
2095 3019 2252 3084 cujus
2284 3017 2534 3086 agitator,
2570 3015 2738 3069 multo
2769 3014 2897 3068 vino
2932 3012 3188 3073 madens,
3220 3008 3494 3077 tragmdo-

1921 3125 2042 3163 rum
2073 3124 2221 3163 more
2249 3108 2544 3172 ferebatur,
2589 3107 2810 3176 ignarus
2870 3102 3192 3157 dormientis
3224 3101 3279 3153 in
3317 3101 3492 3168 platea

263 3186 471 3258 Ἀγιον.
511 3190 801 3261 ῐιαριόντες
827 3193 1005 3247 τοίνυν
1034 3195 1082 3247 οἱ
1115 3194 1256 3266 βόες,
1302 3195 1685 3266 κατε-πάτησαν
1718 3197 1806 3250 τὸν
1834 3185 1852 3242 ί

1916 3198 2138 3253 Andreae
2177 3216 2190 3251 :
2224 3197 2314 3268 qui
2357 3197 2680 3267 agitatorum
2733 3195 2895 3247 boum
2944 3188 3162 3258 ungulis
3218 3189 3490 3252 calcatus,

275 3281 478 3344 Ὀσιον,
509 3281 787 3350 ἑλκόμενοι
817 3283 873 3335 δὲ
907 3283 1000 3336 καὶ
1027 3285 1074 3335 οἱ
1106 3287 1287 3354 τροχοὶ
1311 3286 1472 3354 μέσον
1495 3285 1591 3350 τῆς
1612 3287 1818 3350 κοιλίας

263 3371 425 3424 αὐτοῦ
461 3371 676 3442 διῆλθον
698 3373 828 3444 (87).
875 3357 1208 3443 Θεασάμενοι
1255 3376 1312 3428 δέ
1354 3377 1400 3428 οι
1431 3377 1530 3445 τὴν
1570 3377 1687 3428 ὁδὸν
1718 3393 1817 3431 πυ-

267 3463 569 3532 ρευὸμενοι,
603 3463 1066 3533 κατεκραύγασαν
1107 3465 1200 3518 τοῦ
1243 3465 1504 3535 βοηλάτου
1547 3468 1820 3538 θυμούμε-

264 3568 362 3615 νοι,
420 3550 517 3604 καί
569 3569 713 3614 τινες
770 3552 1037 3622 τύψαντες
1088 3548 1249 3608 αὐτὸν
1293 3558 1535 3624 σφοδρῶς
1582 3557 1816 3626 ἔλεγονο

268 3643 445 3698 Ἔστω
477 3647 557 3698 ὅτι
584 3648 682 3700 οὐκ
709 3648 938 3719 αἰσθάνῃ
961 3688 977 3714 ,
1015 3647 1117 3700 κᾶν
1157 3649 1256 3699 οὐκ
1289 3648 1510 3713 ἑὸλεπες
1542 3649 1704 3701 πόθεν
1722 3667 1819 3702 πο-

270 3736 486 3804 ρεύεται
519 3739 550 3808 ὴ
586 3738 766 3807 ἅμαξα
796 3741 817 3803 ;‘
856 3738 912 3789 '0
938 3737 994 3790 δὲ
1026 3738 1103 3808 τῷ
1135 3738 1313 3810 πολλῷ
1345 3740 1471 3810 οϊνῳ
1501 3739 1821 3809 κεκαρωμέ-

268 3842 374 3891 νος,
402 3827 557 3896 μόλις
580 3828 912 3898 ἀπεκρίνατο
940 3845 952 3858 ·
988 3829 1082 3890 Τίς
1109 3813 1413 3896 ἠνάγκαζεν
1457 3831 1619 3882 αὑτὸν
1656 3831 1821 3900 μέσον

265 3913 363 3984 τῆς
393 3915 512 3968 όδοῦ
544 3916 893 3982 καθεσθῆναι,
924 3918 1015 3970 καὶ
1042 3917 1343 3987 σκηνώσεις
1379 3921 1595 3988 ποιῆσαι
1623 3935 1637 3983 ;
1671 3919 1734 3972 Oi
1766 3919 1822 3973 δὲ

269 4008 402 4072 πρὸς
432 4007 595 4059 αὐτόν
624 4005 788 4077 ’,Δῲη
824 4024 904 4060 σοι
951 4010 977 4060 ό
1010 4008 1140 4072 Θεὸς
1185 4009 1283 4079 τὴν
1344 4010 1506 4063 αὑτοῦ
1559 4012 1820 4080 φρόνησιν

268 4096 359 4149 καὶ
402 4097 465 4149 τὸ
499 4097 738 4165 πνεῦμα,
795 4099 929 4167 ὅπερ
982 4099 1140 4150 αὐτὸν
1179 4102 1257 4161 είς
1288 4099 1617 4170 τηλικαύτην
1672 4102 1822 4154 ἀπίει

267 4186 624 4255 ἀναισθησίαν
654 4188 873 4256 ἤλασεν.
924 4189 980 4241 '0
1010 4189 1065 4241 δὲ
1093 4190 1310 4253 Δίκαιος
1343 4191 1523 4261 χάριτι
1556 4192 1650 4244 τοῦ
1682 4193 1822 4263 Χρι-

211 4268 214 4270 ’
270 4280 392 4333 στοῦ
458 4282 728 4348 διέμεινεν
787 4283 1047 4351 ἀϐλαϐής.
1099 4284 1205 4336 Καί
1248 4301 1390 4348 τινες
1429 4285 1820 4355 θαυμάζοντες,

268 4370 450 4439 ελεγον
485 4387 502 4404 ⁸
549 4374 611 4424 Τί
661 4374 922 4442 εἴπωμεν,
965 4375 996 4444 ἢ
1053 4376 1104 4428 τί
1157 4375 1515 4445 φθεγξώμεθα
1554 4380 1679 4447 περὶ
1730 4377 1822 4430 τοῦ

269 4463 615 4532 πεφυρμένου
645 4465 871 4531 τούτου;
938 4465 1367 4536 Ἐπαποροῦμεν,
1411 4467 1515 4537 ἄρα
1557 4468 1659 4520 ὑπὸ
1686 4467 1820 4521 Θεοῦ

270 4555 580 4624 ἐσκεπάσθη
608 4549 784 4619 οὗτος,
828 4557 860 4625 ἢ
896 4556 996 4608 ὑπὸ
1027 4556 1133 4610 τῶν
1186 4558 1434 4628 πονηρῶν
1478 4559 1819 4628 πνευμάτων,

269 4647 324 4698 ἐν
353 4645 436 4709 οἷς
475 4648 932 4717 κατατριϐόμενος
960 4649 1178 4701 ὦλυται.
1219 4652 1281 4702 Ol
1316 4651 1371 4701 δὲ
1397 4651 1578 4718 ἔλεγον
1603 4668 1615 4680 °
1657 4653 1822 4704 Εἰκά-

271 4739 452 4807 ζομεν,
483 4741 564 4791 ὅτι
590 4743 617 4792 ό
673 4743 1213 4811 συμπεριφερόμενος
1244 4744 1392 4813 αὐτῷ
1424 4742 1649 4813 δαίμων,
1705 4748 1826 4798 ἐπι-

271 4830 448 4883 ποθῶν
485 4826 594 4882 ’τοῦ
647 4833 880 4883 συνεῖναι
928 4832 1099 4900 αὐτῷ,
1154 4833 1317 4898 ὀξέως
1376 4838 1472 4905 τῆς
1523 4839 1734 4908 ἀμάξης
1766 4840 1824 4892 τὸ

273 4921 432 4991 βάρος
479 4921 756 4990 ἐκούφισε,
789 4922 880 4974 καὶ
931 4923 1164 4994 ἀϐλαϐὴς
1211 4926 1493 4996 διέμεινεν.
1542 4931 1722 4982 Ἀλλοι
1767 4933 1826 4984 δὲ

274 5010 454 5078 ἔλεγον
481 5026 493 5039 ·
534 5010 669 5076 υῦκ,
703 5011 815 5063 ἀλλ’
843 5015 868 5064 ό
896 5013 1023 5075 Θεὸς
1062 5015 1304 5083 ἐλεήμων
1331 5018 1825 5091 ὑπάρχων,οίκτει-

279 5104 446 5170 ρήσας
489 5102 586 5174 τὴν
613 5104 772 5155 αὐτοῦ
805 5107 1044 5174 ἀτυχίαν,
1092 5108 1391 5162 ἐσκέπασεν
1428 5112 1608 5163 αὐτόν.
1642 5113 1824 5166 Ταῦτα

276 5194 447 5246 πάντα
499 5194 757 5256 ἑκουσίως
802 5195 1062 5266 ἔπραττεν
1121 5199 1147 5248 ό
1200 5201 1481 5270 Μακάριος
1517 5241 1531 5266 ,
1591 5205 1825 5271 μισήσας

275 5281 361 5336 τὸν
385 5285 586 5354 κόσμον
619 5286 709 5339 καὶ
735 5287 802 5339 τὰ
822 5289 877 5339 ἐν
904 5290 1091 5360 κόσμῳ
1119 5290 1204 5344 διὰ
1237 5292 1334 5362 τὴν
1393 5294 1673 5363 βασιλείαν
1716 5297 1824 5348 τῶν

275 5377 534 5447 οὐρανῶν.

1856 4526 1898 4580 D

1920 3302 2368 3361 raptatarumque
2417 3298 2660 3344 rotarum
2742 3287 3003 3354 impetum
3074 3279 3252 3334 medio
3303 3290 3492 3332 ventre

1919 3385 2212 3453 excipiens,
2275 3381 2609 3437 transeuntis
2645 3393 2810 3448 super
2881 3390 2941 3430 se
3003 3388 3197 3429 currus
3249 3371 3488 3441 pondere

1919 3491 2140 3547 pressus
2183 3475 2305 3530 fuit.
2367 3473 2480 3527 Hoc
2510 3473 2605 3542 qui
2633 3470 2818 3524 eadem
2849 3469 2950 3521 iter
2973 3464 3247 3520 habebant
3271 3462 3490 3531 conspi-

1919 3567 2049 3631 cati,
2077 3582 2200 3622 cum
2227 3563 2595 3634 indignatione
2626 3561 3011 3628 inerepuerunt
3061 3555 3335 3623 aurigam,
3355 3567 3496 3603 non-

1921 3660 2056 3714 nulli
2110 3658 2271 3716 etiam
2306 3656 2370 3710 ad
2423 3655 2644 3708 verbera
2677 3651 2947 3720 progressi
2973 3686 2987 3713 ,
3024 3646 3317 3701 dicebant:
3345 3642 3494 3695 Nihil

1921 3750 2122 3804 sentias
2175 3758 2229 3801 tu
2262 3749 2374 3816 ipse
2414 3735 2537 3800 licet
2562 3787 2575 3809 ,
2615 3759 2678 3797 ac
2712 3741 2900 3797 saltem
2945 3752 3052 3808 qua
3094 3751 3290 3792 currus
3323 3743 3496 3788 transr

1920 3852 2009 3897 eat
2047 3837 2481 3909 prospiciendum
2523 3836 2618 3888 tibi
2653 3834 2774 3888 fuit.
2840 3831 2917 3884 'At
2951 3829 3062 3894 ille,
3099 3829 3224 3880 vino
3258 3825 3494 3894 plurimo

1925 3930 2175 3993 obrutus,
2207 3929 2294 3984 vix
2322 3927 2373 3982 id
2406 3924 2652 3995 responsi
2684 3923 2850 3991 dabat
2883 3937 2897 3973 :
2929 3919 3063 3984 Quis
3104 3916 3376 3972 lmminem
3439 3913 3494 3967 in

1925 4020 2104 4074 media
2155 4021 2331 4088 coegit
2376 4016 2460 4070 via
2503 4016 2736 4085 quietem
2761 4011 2864 4066 sibi
2894 4010 3022 4064 dare
3054 4017 3107 4062 et
3147 4004 3497 4059 habitationis

1924 4112 2100 4165 locum
2159 4099 2444 4178 deligere?
2495 4106 2594 4161 Cui
2659 4118 2876 4158 rursum
2934 4100 3045 4156 illi:
3089 4097 3303 4153 Utinam
3339 4095 3392 4148 in
3445 4105 3496 4146 te

1927 4203 2221 4257 transferat
2274 4200 2416 4255 Deus
2468 4201 2775 4268 passionem
2815 4194 2960 4248 illius
2985 4203 3037 4246 et
3060 4185 3496 4259 Spiritum,unde

1927 4296 1992 4349 ad
2029 4310 2115 4349 res
2147 4303 2252 4348 tam
2280 4291 2525 4346 insolitas
2551 4298 2604 4343 et
2641 4303 2670 4342 a
2705 4287 2913 4341 ratione
2934 4284 3139 4336 alienas
3171 4278 3492 4347 impellitur!

1930 4387 2162 4440 Sanctus
2213 4384 2446 4448 interim,
2496 4396 2616 4450 quae
2662 4377 2835 4448 gratia
2894 4372 3096 4428 Christi
3140 4370 3263 4435 fuit,
3297 4369 3498 4422 mansit

1930 4483 2149 4536 illzesus.
2195 4476 2555 4543 Quamobrem
2622 4474 2885 4526 mirantes
2946 4465 3115 4536 aliqui
3193 4465 3492 4518 dicebant:

1935 4576 2003 4628 De
2039 4575 2230 4626 insano
2262 4569 2436 4622 isthoc
2464 4566 2589 4636 quid
2622 4564 2918 4619 sentiemus
2965 4554 3356 4628 loquemune?
3391 4552 3497 4603 Du-

1930 4667 2076 4721 bium
2110 4677 2239 4717 sane
2268 4672 2367 4724 est,
2398 4669 2579 4715 utrum
2621 4657 2800 4720 aDeo,
2834 4670 2900 4708 an
2947 4669 2976 4706 a
3012 4651 3168 4704 malis
3194 4645 3491 4716 spiritibus,

1933 4775 1962 4811 a
2030 4755 2227 4826 quibus
2281 4755 2344 4806 ad
2413 4751 2700 4823 perniciem
2754 4761 2925 4816 usque
2975 4743 3302 4811 exagitatur,
3334 4737 3497 4790 luerit

1931 4855 2304 4903 conservatus.
2359 4845 2460 4898 Alii
2517 4841 2916 4901 existimabant,
2976 4835 3206 4889 incolam
3262 4831 3496 4885 hominis

1930 4951 2129 4994 tetrum
2182 4941 2422 4993 daemone
2455 4975 2469 5000 ,
2529 4935 2672 5004 quod
2731 4932 2936 5001 perdite
2995 4927 3324 4982 desideraret
3369 4938 3491 4975 eum

1927 5048 2089 5102 porro
2129 5031 2383 5093 incolere,
2415 5028 2697 5082 confestim
2720 5024 2945 5093 plaustri
2969 5020 3181 5088 pondus
3215 5017 3494 5072 alleviasse

1930 5127 2164 5192 hincque
2215 5124 2330 5178 sine
2387 5123 2602 5175 laesione
2635 5118 2969 5172 transivisse.
3023 5115 3125 5167 Alii
3159 5127 3284 5165 vero
3315 5111 3364 5163 id
3399 5124 3494 5161 ne.-

1931 5227 2116 5287 gantes
2144 5258 2158 5281 ,
2211 5215 2506 5284 attribuere
2570 5212 2675 5266 Deo
2730 5210 3021 5273 malebant,
3056 5207 3145 5276 qui
3173 5203 3495 5258 calamitatis

1929 5309 2156 5362 Andreae
2210 5309 2480 5373 misertus,
2535 5305 2710 5374 ipsum
2757 5305 3097 5374 protexisset.
3169 5301 3344 5366 Atque
3381 5295 3494 5349 hace

1929 5401 2108 5454 omnia
2137 5401 2363 5458 faciebat
2395 5403 2633 5456 Sanctus
2667 5401 2848 5453 animo
2875 5397 3103 5461 lubenti,
3159 5392 3282 5448 odio
3312 5404 3499 5460 prose-

277 5484 441 5538 quens
474 5475 731 5529 mundum
762 5486 816 5532 et
845 5493 903 5534 ea
927 5495 1044 5550 qua:
1071 5481 1123 5537 in
1154 5486 1357 5540 mundo
1399 5499 1544 5557 sunt,
1580 5499 1637 5545 ut
1692 5495 1952 5562 potiretur
1976 5497 2265 5568 aliquando
2289 5502 2437 5570 regni
2466 5503 2720 5557 caelestis.

348 5636 454 5718 (βἸ)
482 5638 580 5718 -lta
629 5652 744 5715 _ms.
792 5638 992 5697 Mazar.
1028 5658 1129 5714 pro
1181 5660 1288 5717 quo
1314 5648 1560 5708 Vatican.
1611 5652 1726 5710 haec
1753 5654 1936 5712 omnia
1979 5656 2256 5718 habebat:

284 5704 457 5764 ἐπάνω
491 5707 676 5762 αὑτοῦ.

2315 5663 2690 5735 Λῳόήσαντες,
2749 5666 3080 5731 σπασθέντες
3156 5670 3208 5724 δὲ
3240 5669 3494 5740 διέϐησαν
