4024 6444
698 273 797 340 711

1727 276 2147 339 NICEPHORI
2188 278 2261 338 PI

2360 278 2660 342 SBYTERI
2700 281 2807 340 (ΞΡ.
3783 286 3868 350 712

765 385 854 441 70.
883 385 1038 440 Aliud
1072 403 1285 458 quoque
1310 399 1603 444 memoratu
1635 391 1880 462 dignum,
1932 392 2256 462 benignissi-

2429 411 2489 460 o'.
2512 406 2736 479 Ἕτερον
2761 409 2820 462 δὲ
2849 413 3080 484 πρᾶγμα
3107 415 3134 465 6
3160 416 3371 480 Δίκαιος
3398 406 3680 487 ἔπραττεν,
3703 419 3786 472 τοῦ
3811 439 3876 486 φι-

581 542 585 547 ,
696 493 786 532 mo
841 478 1064 533 Domino
1123 491 1307 536 nostro
1343 483 1483 536 vires
1515 481 1830 545 suﬂiciente,
1862 493 2116 551 operatus
2152 492 2253 538 est.

692 569 827 623 Illud
856 569 1064 624 aestatis
1096 581 1307 642 tempus
1333 573 1626 643 agebatur.
1686 589 1795 643 quo
1825 585 1989 629 aestus
2019 575 2149 630 solis
2177 577 2258 629 in-

696 655 990 712 tolerabilis
1040 667 1240 714 terram
1289 662 1690 730 quodammodo
1713 673 1770 717 ut
1832 663 2103 718 clibannm
2134 681 2259 720 suc-

691 747 873 800 cendit
893 763 909 813 ;
933 763 1057 803 cum
1092 751 1286 806 Beatus
1316 752 1526 806 ebrium
1554 768 1614 808 se
1656 753 1949 820 simulavit,
1981 755 2258 811 ebriorum

691 839 1042 906 exprimendo
1075 851 1260 911 gestus
1287 846 1912 914 gressusque‘imitando,
1934 851 2260 917 procedens-

692 943 802 997 qne
834 929 885 983 in
941 930 1118 985 locum
1171 935 1400 988 maxime
1446 937 1712 1004 apricum,
1763 939 2049 1007 procubuit
2081 941 2258 995 media

693 1021 805 1085 via,
826 1023 974 1077 nullo
999 1042 1012 1074 ι
1033 1024 1103 1080 ibi
1130 1035 1358 1094 potusve
1380 1027 1618 1084 admisso
1640 1030 1850 1096 solatio,
1875 1041 1927 1085 et
1941 1041 2260 1088 aestuantem

693 1099 805 1166 illic
861 1113 1029 1168 solem
1082 1115 1171 1168 diu
1205 1115 1470 1171 toleravit.
1505 1118 1898 1175 Praetereuntes
1933 1136 2083 1186 vero,
2114 1123 2261 1192 quod

692 1208 1015 1264 offendicula
1074 1211 1176 1266 sibi
1230 1221 1394 1278 esset,
1450 1229 1481 1268 a
1530 1214 1740 1270 diabolo
1788 1217 1855 1271 ad
1923 1218 2258 1274 iracundiam

695 1300 950 1369 instigati,
1002 1317 1126 1370 pars
1177 1302 1386 1360 baculis
1430 1305 1705 1361 caedebant
1759 1309 2066 1377 jacentem,
2134 1326 2261 1381 pars

693 1385 928 1457 impacto
988 1392 1042 1446 in
1081 1394 1253 1461 ipsum
1305 1392 1453 1449 calce
1489 1397 1837 1462 transibant,
1874 1399 1964 1452 alii
2017 1400 2267 1470 blasphe-

701 1490 913 1535 mantes
965 1484 1357 1539 conculcabant
1409 1487 1651 1555 pedibus,
1687 1490 1929 1544 nonnulli
1974 1507 2071 1561 per
2103 1495 2263 1562 pedes

697 1578 931 1626 tractum
985 1574 1038 1628 in
1099 1589 1334 1646 prarceps
1395 1579 1923 1647 _rapieban,t:unde
1979 1583 2262 1654 ingruente

2353 497 2675 569 λανθρὼπου
2709 503 2842 557 Θεοῦ
2875 506 3293 578 ὲνδυναμοῦντος
3325 511 3507 566 αὐτόν.
3545 512 3630 566 Ἐν
3661 514 3760 582 γὰρ
3783 517 3879 574 ταῖς

2358 598 2452 652 τοῦ
2489 595 2683 667 θέρους
2715 602 2972 670 ἡμέραις,
3006 602 3167 672 ἡνίκα
3204 604 3233 656 6
3262 604 3536 676 ἀφόρητος
3567 605 3773 660 καύσων
3803 607 3879 660 τοῦ

2359 692 2510 760 ἡλίου
2539 692 2803 761 ὑπῆρχεν,
2854 696 2883 746 6
2911 694 3003 755 καὶ
3034 695 3131 766 τὴν
3165 698 3267 766 γῆν
3308 695 3384 758 ὡς
3425 696 3652 766 κάμινον
3687 698 3881 768 ἐργαζό-

2363 797 2525 850 μενος
2549 798 2565 813 '
2588 782 2710 834 τότε
2735 784 2763 835 6
2791 783 3074 855 Μακάριος
3103 785 3570 856 σχηματιζόμενος
3607 790 3769 842 ἐποίει
3808 791 3885 842 αὖ·

2358 871 2451 926 τὸν
2482 872 2558 936 ὡς
2583 872 2866 944 μεθύοντα,
2897 875 3223 945 ἀφικόμενος
3249 878 3307 930 ἐν
3333 878 3413 946 τῷ
3441 879 3707 936 καυσώδει
3741 881 3885 948 τόπῳ,

2362 965 2541 1016 ἐκεῖσε
2579 963 2848 1033 ὑπέμενεν
2897 963 2992 1020 τὸν
3044 966 3302 1038 φλογερὸν
3338 969 3614 1035 καύσωνα,
3673 968 3890 1041 ἄϐρωτος

2364 1058 2456 1108 καὶ
2515 1056 2717 1121 ἄποτος
2775 1059 2939 1128 μέσον
2990 1058 3086 1130 τῆς
3127 1060 3246 1114 όδοῦ
3291 1061 3666 1132 ἀνακείμενος.
3711 1065 3771 1117 Οί
3814 1062 3889 1118 οὖν

2359 1145 2697 1216 διερχόμενοι
2738 1146 3193 1218 συμποδιζόμενοι
3233 1149 3313 1212 είς
3347 1148 3532 1214 αὑτὸν,
3584 1152 3647 1201 ἐκ
3678 1150 3891 1203 διαϐολιο

2363 1237 2466 1306 κὴς
2505 1238 2764 1308 ἐργασίας
2786 1238 3142 1312 θυμούμενοι,
3175 1239 3224 1292 oi
3264 1241 3365 1309 μὲν
3404 1240 3620 1311 ῥάϐδοις
3663 1239 3892 1305 ἔτυπτον,

2361 1328 2412 1382 oi
2443 1327 2499 1383 δέ
2526 1330 2869 1395 λακτίζοντες
2892 1329 3178 1395 διέϐαινον,
3215 1330 3394 1400 ἕτεροι
3433 1330 3490 1383 δέ
3533 1330 3894 1401 βλασφημοῦν-

2361 1439 2452 1486 τες
2479 1425 2574 1478 καὶ
2607 1425 2719 1486 τοῖς
2737 1426 2862 1477 ποσὶ
2888 1422 3345 1489 καταπατοῦντες,
3369 1423 3518 1477 ἄλλοι
3538 1423 3597 1476 δέ
3618 1425 3744 1487 τοὺς
3756 1422 3894 1487 πόδας

2363 1515 2529 1569 αὑτοῦ
2562 1516 2851 1584 λαϐόμενοι
2890 1519 2970 1579 είς
3019 1517 3080 1570 τὸ
3127 1517 3389 1580 κάταντες
3439 1516 3652 1587 ἔσυρον.
3729 1514 3894 1569 Ἥνίκσ

2363 1608 2483 1680 δέἡ
2528 1609 2626 1674 νὺξ
2674 1609 2994 1673 κατέλαϐεν,
3025 1609 3380 1678 ἀνιστάμενος
3443 1609 3672 1672 ἐκεῖθεν,
3724 1609 3896 1679 ἡρχετο

683 1675 853 1720 nocte
935 1681 1265 1735 resurgens,
1322 1670 1630 1726 conferebat
1697 1689 1754 1728 se
1813 1675 1880 1729 ad
1907 1677 2259 1734 ecClesiarnm

2365 1702 2423 1754 ἐν
2470 1670 2623 1764 ’τοίςν
2654 1700 2948 1773 προθύροις
2980 1670 3103 1756 ⁷τῶν
3156 1670 3484 1772 ἐκκλησιῶν,
3527 1702 3624 1754 καὶ
3660 1670 3894 1772 ⁷διἠδλῃς

690 1757 992 1823 vestibula,
1026 1826 1028 1828 ν
1060 1760 1411 1829 vacabatque,
1466 1772 1665 1833 quanta
1697 1776 1899 1833 quanta
1928 1783 2034 1822 nox
2097 1782 2259 1837 esset,
2296 1773 2335 1826 Β

693 1847 956 1904 orationi.

770 1940 857 1994 7t.
910 1941 1047 1994 Cum
1104 1943 1185 1997 sic
1217 1943 1506 2014 aliquando
1531 1946 1858 2004 circumiens
1907 1951 2020 2007 suis
2045 1964 2262 2009 vacaret

691 2031 1013 2132 exercitiis,
1072 2034 1297 2134 conligit
1343 2036 1664 2091 miraculum
1724 2039 1992 2108 quoddam
2076 2031 2257 2112 perlici
2347 2063 2444 2134 έση
2471 2082 2522 2118 τι

693 2121 759 2177 in.
803 2122 1009 2176 famulo
1060 2123 1174 2178 Dei.
1238 2123 1511 2181 Vestibula
1596 2143 1828 2199 namque
1883 2128 2256 2200 ecclesiarum,

692 2209 1027 2281 intempestae
1090 2215 1266 2270 noctis
1320 2227 1580 2286 tempore,
1611 2233 1717 2288 quo
1761 2219 1940 2275 minus
1969 2235 2131 2290 opera
2153 2237 2258 2277 sua

694 2302 1018 2359 hominibus
1075 2305 1492 2369 iunotescerent,
1551 2323 1699 2364 more
1746 2323 1846 2364 suo
1867 2310 2263 2378 visitabatora-

695 2395 863 2449 tionis
896 2410 1058 2450 causa
1092 2435 1108 2460 ,
1170 2413 1291 2452 cum
1343 2397 1478 2453 forte
1511 2399 1577 2454 ad
1624 2400 1791 2454 :rdem
1823 2416 2038 2472 quoque
2065 2402 2263 2472 glorio-

693 2485 922 2543 sissima
972 2487 1064 2542 Dei
1106 2486 1418 2553 Genitricis,
1449 2504 1479 2545 e
1517 2490 1736 2547 sinistra
1793 2492 1896 2550 fori
1947 2493 2062 2564 (88)
2112 2493 2258 2549 Con-

693 2568 1015 2631 statitiniani
1080 2588 1232 2644 parte
1288 2567 1470 2646 sitam,
1530 2581 1740 2636 delatus
1789 2592 1896 2647 est,
1953 2585 2260 2654 acciditque

700 2667 807 2720 sub
866 2669 1005 2722 idem
1067 2672 1278 2740 tempus
1345 2669 1605 2727 famulum
1651 2674 1940 2742 quemdam
1977 2674 2259 2730 adomino

705 2772 807 2814 suo
862 2761 1104 2829 responsi
1161 2763 1462 2832 cujuspiam
1526 2765 1738 2833 petendi
1783 2781 1948 2822 causa
2008 2769 2258 2832 missum.

695 2850 820 2907 illac
869 2853 1125 2908 transire.
1159 2853 1256 2908 llic
1286 2855 1468 2923 igitur,
1491 2867 1564 2924 ut
1599 2859 1935 2915 contentiore
1983 2861 2266 2920 incedebat

698 2943 892 3011 gradu,
923 2937 1292 3000 conferentem
1332 2961 1392 3002 se
1437 2948 1692 3016 precandi
1745 2963 1876 3021 ergo
1902 2950 1971 3006 ad
1995 2966 2262 3007 memora-

694 3044 810 3088 tum
864 3034 1157 3089 oratorium
1205 3036 1474 3092 Andream
1526 3048 1804 3095 assecutus
1863 3051 1979 3107 est,
2035 3043 2156 3112 ipso
2204 3042 2262 3098 id

693 3143 805 3182 non
857 3127 1197 3184 observante.
1218 3129 1351 3185 Cum
1384 3132 1545 3202 igitur
1571 3142 1790 3188 ventum
1812 3143 1893 3189 est
1920 3137 2139 3204 propius
2193 3136 2264 3193 ad

693 3217 876 3286 templi
960 3219 1322 3284 vestibulum,
1369 3221 1581 3278 volente
1646 3221 1756 3277 Deo
1799 3232 2261 3290 commonstrare,

693 3319 931 3377 quantus
954 3309 1187 3366 famulus
1221 3327 1353 3367 suus
1378 3321 1546 3377 esset,
1585 3315 1649 3368 ad
1699 3313 1909 3383 signum
1948 3317 2266 3370 veneranda:

695 3399 876 3456 crucis
904 3439 920 3464 ,
954 3402 1097 3470 quod
1150 3400 1378 3457 Sanctus
1428 3413 1651 3458 extensa
1713 3419 1872 3458 manu
1901 3403 2122 3460 dextera
2150 3404 2266 3460 for-

699 3490 906 3554 mabat,
956 3495 1216 3546 continuo
1271 3493 1433 3548 valva
1485 3508 1581 3548 sua
1661 3503 1852 3562 sponte
1917 3505 2260 3562 patuerunt:

694 3583 786 3649 qui
843 3583 1158 3652 ingressus.
1210 3585 1440 3638 orationi
1487 3599 1677 3640 secure
1745 3584 2000 3650 vacabat,
2062 3587 2264 3645 nullius

695 3676 867 3742 magis
929 3675 1179 3741 nescius,
1223 3690 1384 3744 quam
1439 3677 1580 3744 quod
1612 3676 1680 3740 ab
1707 3675 1890 3744 aliquo
1921 3691 2058 3744 pone
2076 3688 2262 3733 secuto

699 3767 1078 3834 deprehensus
1139 3775 1304 3819 esset.
1341 3764 1712 3834 Deprehensor
1769 3775 1946 3819 autem
1976 3765 2063 3820 ille
2092 3767 2263 3836 probe

700 3864 923 3910 noverat
956 3854 1249 3921 Andream,
1285 3857 1596 3924 sciebatque
1618 3869 1646 3908 e
1679 3869 1907 3909 numero
1945 3854 2261 3911 insanorum

697 3967 818 4006 esse
841 3965 1006 4004 unum
1039 3967 1054 4003 :
1079 3952 1165 4005 cui
1185 3949 1401 4018 quando
1420 3958 1605 4017 portas
1626 3945 1892 4018 adaperiri
1919 3949 2262 4016 conspicatus

699 4053 802 4108 cst,
853 4043 1143 4107 inhorruit,
1185 4042 1420 4108 totisque
1453 4040 1676 4094 artubus
1708 4039 2154 4102 contremiscens,
2189 4040 2262 4092 ita

697 4148 880 4191 secum
912 4133 1214 4203 pensitabat
1249 4149 1263 4186 :
1294 4131 1430 4187 Ecce
1473 4131 1692 4200 qualem
1747 4141 2118 4201 quantumque
2165 4129 2259 4185 Dei

701 4228 961 4282 famulum
995 4227 1032 4281 ii
1071 4225 1162 4294 qui
1195 4239 1318 4277 vere
1374 4223 1550 4276 insani
1603 4230 1750 4286 sunt,
1802 4220 2258 4289 vesanumappel-

696 4318 856 4373 litant
889 4319 901 4371 !
938 4332 969 4373 o
1025 4325 1157 4386 quot
1179 4317 1285 4368 Deo
1346 4314 1554 4368 eximia:
1584 4312 1886 4368 sanctitatis
1911 4312 2150 4366 cultores
2173 4326 2263 4366 oc-

698 4407 828 4461 culti
889 4417 1036 4470 sunt,
1091 4420 1320 4473 quorum
1352 4402 1496 4456 nulla
1546 4402 1702 4455 nobis
1731 4410 1878 4471 gesta
1930 4409 2021 4453 aut
2063 4400 2257 4453 indicia

699 4499 1043 4530 innntoannnt
1072 4497 1082 4530 l

2371 4400 2403 4421 Ην
2417 4400 2529 4431 ιυυδ
2573 4400 2789 4432 υυυῆυυδ
2853 4400 2964 4438 ιιι-,ι
2990 4400 3016 4421 υ
3043 4400 3142 4422 vv:

2361 4462 2642 4530 γινώσκων
2670 4461 2739 4512 τά
2767 4461 2885 4514 κατ’
2909 4460 3101 4520 αὐτούς
3132 4463 3144 4514 !

3081 4500 3099 4520 ἱ
3133 4501 3145 4514 ο

697 4499 1048 4552 innotescunt
1071 4497 1085 4550 ί

771 4589 860 4642 72.
931 4587 1035 4644 Ubi
1081 4585 1230 4648 talia.
1259 4586 1559 4641 consistens
1610 4599 1707 4654 pro
1737 4583 1961 4656 foribus,
2011 4580 2268 4636 volvisset

698 4682 904 4744 animo,
928 4679 1157 4734 accessit
1190 4678 1434 4748 propius,
1469 4677 1845 4747 speculaturus
1893 4675 2022 4745 quid
2073 4689 2252 4729 rerum

699 4759 846 4830 intus
909 4779 1092 4841 ageret
1117 4787 1130 4822 :
1158 4770 1395 4840 viditque
1420 4778 1543 4823 ante
1573 4769 1858 4822 ambonem
1897 4767 1950 4820 in
1979 4779 2102 4820 aere
2129 4779 2260 4833 pen-

697 4865 888 4921 dulum
946 4877 1123 4927 orare,
1170 4864 1383 4916 ﬂamma
1445 4861 1585 4930 ignis
1631 4860 1836 4914 circum
1877 4858 2178 4921 emicante,
2206 4863 2262 4909 et

697 4956 1036 5014 sentiebatur
1105 4955 1285 5026 egredi
1319 4954 1387 5009 ab
1443 4953 1559 5023 ipso
1585 4951 1872 5020 singularis
1890 4949 2115 5004 odorum
2144 4946 2256 5000 fra-

697 5050 934 5120 grantia,
968 5061 1087 5116 qua:
1118 5047 1183 5100 ad
1206 5055 1414 5116 portam
1450 5058 1621 5113 usque
1653 5041 1985 5111 pertingebat
2016 5036 2259 5094 ecclesiae

702 5138 796 5192 ubi
825 5137 1060 5194 famulus
1103 5136 1383 5208 spectandi
1419 5149 1584 5190 causa
1601 5134 1816 5189 stabat:
1849 5129 1943 5200 qui
1972 5139 2082 5183 tam
2102 5127 2256 5181 inso-

701 5232 799 5284 lito
848 5229 1112 5284 miraculo
1163 5225 1593 5296 obstupefactus,
1645 5224 1769 5277 inde
1824 5219 2014 5290 pedem
2078 5216 2261 5272 retulit

705 5322 982 5388 mandata_
1013 5322 1220 5377 domini
1274 5319 1359 5376 sui
1393 5325 1768 5373 exsecuturus.
1823 5312 2057 5366 Sanctus
2104 5324 2257 5371 vern,

773 5481 885 5548 (⁸8)
945 5477 1052 5552 Εεξ
1099 5481 1212 5535 haec
1268 5479 1407 5544 apud
1459 5473 1745 5552 Canngium,
1781 5469 1872 5523 lib.
1906 5484 1957 5552 tv
1995 5465 2255 5552 Constitit:-

703 5537 944 5620 tin‘opo’lis
992 5537 1343 5620 Christianae,
1389 5537 1630 5620 ιδεμ-ἱ,
1690 5544 1828 5596 inter
1883 5537 2051 5602 sedes,
2117 5548 2255 5620 quas

700 5615 982 5680 enumerat
1054 5617 1475 5690 quinquaginta_
1513 5615 1748 5690 Dciparag
1820 5622 2041 5690 sacras,
2112 5619 2255 5690 vice-

703 5675 1144 5750 ἑὲὶῆἆᾟέςυιὼα
1168 5675 1409 5757 ,ὀιίἱιιη
1445 5675 1658 5740 ιίοοθιό
1714 5682 1909 5734 Basilio
1969 5675 2256 5732 Macedone

2363 1794 2556 1855 νυκτὸς
2600 1792 2846 1864 ὑπῆρχεν
2891 1792 3287 1863 ἀσχολούμενος
3337 1793 3400 1847 ἐν
3449 1795 3777 1864 προσευχαῖς
3819 1791 3895 1846 καὶ

2361 1886 2631 1957 δεήσεσιν.
2741 1889 2745 1892 ’

2418 1980 2518 2027 οα’.
2551 1973 2641 2026 Ἕν
2666 1976 2763 2044 μιᾷ
2790 1973 2882 2028 οὖν
2907 1976 3137 2048 περιόδῳ
3161 1976 3258 2047 τῆς
3285 1978 3446 2031 αὐτοῦ
3472 1979 3758 2050 ἐργασίας,
3786 1997 3892 2034 συν-

2553 2066 2964 2137 ἐπιτελεσθῆναι
2993 2071 3072 2132 είς
3103 2069 3194 2122 τὸν
3220 2069 3313 2122 τοῦ
3343 2069 3547 2140 Κυρίου
3575 2071 3882 2142 θεράποντα.

2361 2160 2519 2214 Κατά
2548 2159 2656 2228 γὰρ
2701 2160 2760 2212 τὸ
2789 2160 2978 2222 εἰωθὸς
3004 2160 3387 2231 ’πορευομένου
3417 2162 3583 2215 αὑτοῦ
3627 2165 3686 2214 ἐν
3718 2160 3892 2229 sum,

2360 2254 2497 2324 πρὸς
2527 2254 2589 2308 τὸ
2621 2254 2696 2323 μὴ
2722 2252 3028 2323 γνωσθῆναί
3065 2268 3170 2307 τινι
3219 2251 3322 2323 τήν
3346 2255 3613 2324 ἐργασίαν
3645 2251 3821 2313 αὑτοῦ,
3847 2253 3894 2301 ὲν

2358 2347 2472 2409 τοῖς
2501 2345 2788 2415 προθύροις
2815 2345 2924 2398 τῶν
2950 2343 3250 2413 ἐκκλησιῶν
3305 2344 3462 2413 χάριν
3502 2343 3693 2414 εὐχῆς,
3721 2341 3893 2410 aovqu

2361 2436 2763 2508 παραγενέσθαι
2779 2435 2959 2499 αὐτὴν,
2978 2435 3072 2488 καὶ
3098 2433 3157 2486 ἐν
3181 2433 3260 2505 τῷ
3281 2433 3552 2506 εὐκτηρίῳ
3577 2429 3677 2502 τῆς
3706 2431 3895 2500 πανομ-

2359 2532 2520 2601 νὴτου
2544 2529 2829 2594 Θεοτόκου,
2864 2528 2942 2594 τῷ
2969 2531 3081 2583 δντι
3106 2531 3163 2584 ἐν
3179 2527 3256 2592 τῷ
3279 2527 3546 2597 εὐωνύμῳ
3576 2524 3790 2595 ἐμϐόλῳ
3817 2521 3894 2576 τοῦ

2362 2625 2527 2695 φόρου
2557 2622 2992 2678 Κωνσταντίνου.
3026 2621 3263 2692 Ἔτυχεν.
3282 2621 3338 2674 δέ
3365 2639 3484 2675 τινα
3516 2619 3682 2674 παῖδα
3705 2618 3772 2673 δι’
3797 2617 3896 2670 ἐπι-

2360 2715 2533 2783 ταγῆς
2555 2713 2650 2767 τοῦ
2670 2713 2859 2783 κυρίου
2882 2712 3047 2767 αὑτοῦ
3076 2715 3132 2766 ἐν
3155 2715 3220 2784 τῇ
3245 2710 3502 2782 λεωφόρῳ
3519 2711 3607 2765 ἐπ’
3627 2709 3898 2778 ἀποκρίσει

2360 2798 2690 2878 διέρχεσθαι.
2739 2803 2844 2857 Τοῦ
2899 2803 2993 2856 οὖν
3033 2803 3211 2858 Ὀσίου
3237 2802 3604 2874 διερχομένου
3649 2800 3784 2870 πρὸς
3821 2798 3897 2849 τδν

2363 2893 2648 2964 εὐκτὴριον
2675 2891 2822 2946 οἶκον
2844 2891 2937 2946 τοῦ
2971 2892 3389 2964 προσεύξασθαι,
3428 2889 3736 2962 ἐπεφθάκει
3757 2887 3899 2941 αὑτὸν

2360 2990 2389 3040 ό
2419 2988 2548 3050 παῖς
2575 2975 2849 3053 δευτέροις
2888 2983 3118 3054 βαδίζων
3144 2984 3297 3037 ποσίν
3329 3000 3346 3018 ο
3369 2987 3395 3036 6
3425 2983 3481 3037 δὲ
3513 2984 3702 3036 Ὀσιον
3732 2980 3898 3050 ἡτνόει

2290 3099 2334 3154 ο
2364 3078 2456 3132 τὸν
2504 3076 2784 3154 βαδίζοντα
2812 3076 3056 3132 ὄπισθεν.
3101 3078 3184 3138 '0,-
3217 3077 3274 3129 δέ
3319 3074 3545 3145 πλησίον
3577 3074 3686 3126 τῶν
3713 3068 3897 3142 προθύ-

2368 3186 2476 3241 ρων
2506 3169 2722 3238 ἐγένετο
2752 3168 2844 3221 τοῦ
2880 3168 3028 3234 ναοῦ,
3067 3169 3161 3221 τοῦ
3185 3167 3318 3221 Θεοῦ
3359 3166 3599 3227 θέλοντος
3640 3155 3894 3232 δειχθῆναι

2363 3260 2545 3323 ὁποῖός
2593 3263 2763 3322 ἐστιν,
2814 3260 3323 3322 ἐκτείναςόὌσιος
3368 3260 3464 3328 τὴν
3517 3255 3696 3322 δεξιὰν
3752 3250 3892 3308 αὑτοῦ

2363 3356 2542 3424 χεῖρα,
2597 3356 2691 3406 καὶ
2741 3353 3048 3421 σφραγίσας
3085 3352 3182 3413 τὰς
3230 3351 3405 3413 πύλας
3435 3350 3515 3420 τῷ
3562 3349 3772 3420 σημείῳ
3813 3339 3891 3397 τοῦ

2363 3447 2541 3514 τιμίου
2604 3444 2835 3514 σταυροῦ
2862 3483 2876 3508 ,
2936 3445 3136 3506 εὐθέως
3193 3443 3456 3512 αὐτοματὶ
3504 3439 3847 3511 ἠνεῴχθησαν
3876 3449 3889 3466 ’

2365 3535 2624 3592 εἰσελθὼν
2650 3537 2708 3590 δέ
2737 3536 2904 3600 ενδον,
2935 3535 3100 3598 ἀδεῶς
3130 3535 3228 3605 τὴν
3257 3533 3562 3604 προσευχὴν
3604 3531 3804 3595 ἐποίει,
3829 3523 3888 3596 μή

2363 3631 2718 3702 ἐπιστάμενος
2749 3620 3071 3684 ὅτι’δπισθεν
3094 3628 3197 3680 ὑπό
3227 3643 3370 3689 τινος
3401 3622 3805 3678 κατοπτεύεται.
3844 3618 3890 3670 ‘0

2361 3722 2455 3778 οῦν
2492 3725 2644 3786 παῖς,
2668 3722 2726 3786 ὃς
2753 3720 2974 3799 όπισθεν
3002 3718 3301 3790 ἠκολούθει,
3331 3712 3423 3770 εἶδ’
3464 3717 3648 3781 αὐτὸν,
3678 3713 3770 3770 καὶ
3794 3712 3891 3779 ἐγί-

2362 3833 2572 3869 νωσκεν
2615 3816 2711 3870 ἐνα
2755 3819 2862 3871 τῶν
2906 3818 3446 3889 παρατετραμμένων
3491 3809 3892 3885 ὑπάρχειν,κεὶ

2364 3908 2697 3980 θεασάμενος
2722 3912 2823 3972 τὰς
2842 3910 3015 3984 πύλας
3040 3911 3418 3982 ἀνεῳχθεεσας,
3445 3908 3664 3980 ἔφριξεν
3690 3902 3893 3974 ίλιγγιό»

2363 4017 2482 4067 σας,
2511 4003 2604 4055 καὶ
2621 4003 2806 4074 τρόμῳ
2832 4003 3114 4073 συσχεθεὶς
3142 4002 3409 4071 ἐλογίζετο
3428 4003 3482 4054 ἐν
3506 3998 3682 4069 ἐαυτῷ
3700 3999 3857 4062 λέγων
3875 4007 3888 4024 ⁸

2366 4091 2472 4145 Ἰδε
2499 4095 2648 4146 ποῖον
2677 4093 2861 4147 δοῦλον
2893 4093 2986 4147 τοῦ
3028 4091 3161 4146 Θεοῦ
3197 4092 3246 4145 oi
3278 4092 3415 4145 κατά
3441 4090 3696 4159 ἀλήθειαν
3739 4101 3894 4154 παραο

2361 4187 2724 4255 τετραμμένοι
2741 4184 3043 4254 ἠπιώτερον
3075 4184 3469 4255 ὀνομάζουσινί
3499 4183 3680 4243 όποίος
3726 4181 3890 4244 Ἄγιος

2362 4277 2719 4347 καθέστηκεν,
2749 4277 2842 4330 καὶ
2881 4276 3182 4347 ἠγνοοῦμεν
3229 4278 3386 4345 ἡμεῖς
3420 4276 3433 4329 l
3479 4273 3523 4327 ὣ
3560 4275 3756 4334 πόσους
3783 4285 3891 4335 κρυ-

2365 4371 2531 4431 πτοὺς
2573 4368 2792 4432 δούλους
2853 4369 2964 4438 ἔχει
2990 4371 3016 4421 6
3043 4369 3194 4434 Θεὸς,
3237 4371 3332 4420 καὶ
3379 4367 3551 4431 οὐδεὶς
3580 4369 3607 4420 6
3638 4363 3823 4419 συνιὼν
3861 4357 3886 4426 ἢ

2430 4559 2528 4628 οβ’.
2557 4558 2644 4621 Ὠς
2658 4557 2715 4610 δὲ
2732 4557 2902 4610 ταῦτα
2918 4556 3259 4623 διελογίζετο,
3280 4553 3448 4616 ἑστὼς
3466 4550 3572 4621 πρὸ
3589 4549 3694 4603 τῶν
3715 4545 3890 4605 πυλῶν,

2360 4649 2641 4721 πορευθεὶς
2664 4646 2981 4719 ἐγγύτερον,
3005 4646 3333 4699 ἐσκόπευσεν
3353 4642 3407 4696 τί
3427 4641 3577 4696 ἐνδον
3601 4639 3886 4711 ἐργάζεται.

2366 4742 2459 4793 καὶ
2481 4737 2664 4808 βλέπει
2685 4739 2846 4790 αὑτὸν
2877 4737 2981 4808 πρὸ
2995 4735 3088 4791 τοῦ
3112 4735 3358 4807 ἀμϐωνος
3388 4733 3482 4790 ιπι
3499 4733 3594 4788 τὸν
3621 4733 3754 4802 ἀέρα
3779 4741 3887 4797 κρε-

2365 4833 2608 4900 μάμενον
2641 4831 2731 4883 καὶ
2773 4832 3204 4900 προσευχόμενον
3236 4844 3254 4862 ο
3285 4826 3467 4896 κύκλῳ
3512 4826 3570 4880 δέ
3594 4821 3751 4877 αὑτοῦ
3778 4815 3886 4889 φλὸξ

2364 4923 2534 4992 πυρὸς
2572 4921 2943 4991 ἐξεπορεύετο,
3000 4921 3062 4986 ἐξ
3107 4920 3269 4975 αὑτοῦ
3309 4920 3364 4973 δέ
3413 4918 3672 4988 ἐξὴρχετο
3717 4909 3882 4967 εὐωδία

2364 5015 2715 5083 ἀσύγκριτος,
2736 5013 2895 5082 μέχρι
2919 5029 2981 5080 γε
3021 5013 3129 5067 τῶν
3161 5009 3341 5065 πυλῶν
3369 5007 3463 5062 τοῦ
3500 5007 3651 5070 ναοῦ,
3689 5006 3813 5058 ὅπου
3833 5011 3882 5064 τι

2365 5108 2393 5159 6
2419 5106 2546 5169 πατς
2587 5104 2817 5173 θεωρίας
2855 5105 3018 5159 ἕνεκα
3075 5105 3277 5156 ἵστατο.
3327 5098 3708 5166 Καταπλαγεὶς
3753 5089 3882 5145 οὒνὸ

2366 5204 2495 5264 παῖς
2554 5202 2644 5254 ἐπὶ
2689 5199 2765 5272 τῷ
2812 5198 3097 5271 παραδόξῳ
3142 5197 3317 5267 τούτῳ
3363 5194 3639 5265 θαύματι,
3701 5182 3879 5241 ἐκεῖθεν

2364 5296 2924 5369 ἀνακεχώρηκενητὴν
2956 5287 3249 5363 πρόσταὸιν
3272 5286 3543 5341 ἐκτελέσαι
3587 5280 3682 5335 τοῦ
3719 5277 3876 5348 κυρίου

2363 5463 2448 5516 vel
2505 5440 2839 5516 exstructam
2881 5452 3110 5524 primum
3164 5447 3660 5524 velArestauratam
3714 5434 3875 5524 fuisse

2367 5499 2448 5585 éi'
2477 5499 2839 5586 δ”ἶῗὸἱιῖιῐῡῐὲ
2867 5499 3187 5593 εῗὶιὶῐιίῑῶὶεέ
3205 5499 3512 5585 εικτηριον
3538 5515 3700 5583 φόρου
3729 5499 3874 5577 appel-

2368 5604 2489 5659 lari.
