  <div class='ocr_page' id='page_1' title='image "/cluster/home/n/w/nwhite01/storage/ocr_20150623/111/hvd.32044010574143/386.png"; bbox 0 0 4176 6494; ppageno 0'>
   <div class='ocr_carea' id='block_1_1' title="bbox 403 381 504 443">
    <p class='ocr_par' dir='ltr' id='par_1_1' title="bbox 403 381 504 443">
     <span class='ocr_line' id='line_1_1' title="bbox 403 381 504 443; baseline 0.01 -1"><span class='ocrx_word' id='word_1_1' title='bbox 403 381 504 443; x_wconf 76' lang='lat'><strong>757</strong></span> 
     </span>
    </p>
   </div>
   <div class='ocr_carea' id='block_1_2' title="bbox 1565 376 2451 437">
    <p class='ocr_par' dir='ltr' id='par_1_2' title="bbox 1565 376 2451 437">
     <span class='ocr_line' id='line_1_2' title="bbox 1565 376 2451 437; baseline 0.001 -2"><span class='ocrx_word' id='word_1_2' title='bbox 1565 376 1737 436; x_wconf 81' lang='lat' dir='ltr'><strong>VITA</strong></span> <span class='ocrx_word' id='word_1_3' title='bbox 1785 376 1825 432; x_wconf 90' lang='lat' dir='ltr'>S</span> <span class='ocrx_word' id='word_1_4' title='bbox 1889 376 2219 436; x_wconf 65' lang='lat' dir='ltr'><strong>ANURErE</strong></span> <span class='ocrx_word' id='word_1_5' title='bbox 2260 380 2451 437; x_wconf 73' lang='lat' dir='ltr'><strong>SAM.</strong></span> 
     </span>
    </p>
   </div>
   <div class='ocr_carea' id='block_1_3' title="bbox 3539 371 3643 429">
    <p class='ocr_par' dir='ltr' id='par_1_3' title="bbox 3539 371 3643 429">
     <span class='ocr_line' id='line_1_3' title="bbox 3539 371 3643 429; baseline 0.01 -1"><span class='ocrx_word' id='word_1_6' title='bbox 3539 371 3643 429; x_wconf 65' lang='lat'><strong>733</strong></span> 
     </span>
    </p>
   </div>
   <div class='ocr_carea' id='block_1_4' title="bbox 403 482 1963 556">
    <p class='ocr_par' dir='ltr' id='par_1_4' title="bbox 403 484 1960 556">
     <span class='ocr_line' id='line_1_4' title="bbox 403 484 1960 556; baseline -0.005 -15"><span class='ocrx_word' id='word_1_7' title='bbox 403 488 674 556; x_wconf 77' lang='grc' dir='ltr'>γενέσθαι,</span> <span class='ocrx_word' id='word_1_8' title='bbox 708 488 778 549; x_wconf 68' lang='grc' dir='ltr'>ὡς</span> <span class='ocrx_word' id='word_1_9' title='bbox 805 487 890 539; x_wconf 74' lang='grc' dir='ltr'><strong>διὰ</strong></span> <span class='ocrx_word' id='word_1_10' title='bbox 927 487 1140 539; x_wconf 78' lang='grc' dir='ltr'>πάντων</span> <span class='ocrx_word' id='word_1_11' title='bbox 1171 486 1264 540; x_wconf 70' lang='grc' dir='ltr'>καὶ</span> <span class='ocrx_word' id='word_1_12' title='bbox 1285 487 1374 539; x_wconf 73' lang='grc' dir='ltr'>διὰ</span> <span class='ocrx_word' id='word_1_13' title='bbox 1399 485 1498 555; x_wconf 82' lang='grc' dir='ltr'><strong>τῆς</strong></span> <span class='ocrx_word' id='word_1_14' title='bbox 1535 484 1920 555; x_wconf 82' lang='grc' dir='ltr'>ἀκτημοσύνης</span> <span class='ocrx_word' id='word_1_15' title='bbox 1947 500 1960 513; x_wconf 72' lang='grc' dir='ltr'><strong><em>ο</em></strong></span> 
     </span>
    </p>
   </div>
   <div class='ocr_carea' id='block_1_5' title="bbox 2065 482 3653 556">
    <p class='ocr_par' dir='ltr' id='par_1_5' title="bbox 2067 482 3653 556">
     <span class='ocr_line' id='line_1_5' title="bbox 2067 482 3653 556; baseline -0.004 -18"><span class='ocrx_word' id='word_1_16' title='bbox 2067 497 2210 552; x_wconf 84' lang='lat' dir='ltr'><strong>tuas,</strong></span> <span class='ocrx_word' id='word_1_17' title='bbox 2265 499 2318 541; x_wconf 90' lang='lat' dir='ltr'><strong>et</strong></span> <span class='ocrx_word' id='word_1_18' title='bbox 2367 488 2584 540; x_wconf 78' lang='lat' dir='ltr'><strong>elabora</strong></span> <span class='ocrx_word' id='word_1_19' title='bbox 2629 485 2919 556; x_wconf 77' lang='lat' dir='ltr'><strong>ntamicus</strong></span> <span class='ocrx_word' id='word_1_20' title='bbox 2950 484 3237 553; x_wconf 78' lang='lat' dir='ltr'><strong>Dei,:eque</strong></span> <span class='ocrx_word' id='word_1_21' title='bbox 3283 499 3345 536; x_wconf 84' lang='lat' dir='ltr'><strong>ac</strong></span> <span class='ocrx_word' id='word_1_22' title='bbox 3385 498 3479 552; x_wconf 89' lang='lat' dir='ltr'><strong>per</strong></span> <span class='ocrx_word' id='word_1_23' title='bbox 3517 482 3653 534; x_wconf 86' lang='lat' dir='ltr'><strong>alias</strong></span> 
     </span>
    </p>
   </div>
   <div class='ocr_carea' id='block_1_6' title="bbox 401 576 1966 648">
    <p class='ocr_par' dir='ltr' id='par_1_6' title="bbox 401 576 1966 648">
     <span class='ocr_line' id='line_1_6' title="bbox 401 576 1966 648; baseline -0.004 -15"><span class='ocrx_word' id='word_1_24' title='bbox 401 581 559 633; x_wconf 86' lang='grc' dir='ltr'>τοῦτο</span> <span class='ocrx_word' id='word_1_25' title='bbox 609 580 716 648; x_wconf 80' lang='grc' dir='ltr'>γάρ</span> <span class='ocrx_word' id='word_1_26' title='bbox 767 582 883 631; x_wconf 77' lang='grc' dir='ltr'>ἐστι</span> <span class='ocrx_word' id='word_1_27' title='bbox 951 579 1041 632; x_wconf 79' lang='grc' dir='ltr'><strong>τοῦ</strong></span> <span class='ocrx_word' id='word_1_28' title='bbox 1114 578 1403 647; x_wconf 80' lang='grc' dir='ltr'>μοναδικοῦ</span> <span class='ocrx_word' id='word_1_29' title='bbox 1434 579 1873 645; x_wconf 72' lang='grc' dir='ltr'>ἐπαγγέλματος,</span> <span class='ocrx_word' id='word_1_30' title='bbox 1907 576 1966 627; x_wconf 66' lang='grc' dir='ltr'>τὸ</span> 
     </span>
    </p>
   </div>
   <div class='ocr_carea' id='block_1_7' title="bbox 403 667 1966 740">
    <p class='ocr_par' dir='ltr' id='par_1_7' title="bbox 403 667 1966 740">
     <span class='ocr_line' id='line_1_7' title="bbox 403 667 1966 740; baseline -0.003 -16"><span class='ocrx_word' id='word_1_31' title='bbox 403 672 570 740; x_wconf 76' lang='grc' dir='ltr'>μηδὲν</span> <span class='ocrx_word' id='word_1_32' title='bbox 598 673 744 740; x_wconf 75' lang='grc' dir='ltr'>ἔχειν</span> <span class='ocrx_word' id='word_1_33' title='bbox 775 673 830 722; x_wconf 82' lang='grc' dir='ltr'>ὲν</span> <span class='ocrx_word' id='word_1_34' title='bbox 862 669 937 739; x_wconf 79' lang='grc' dir='ltr'><strong>τῷ</strong></span> <span class='ocrx_word' id='word_1_35' title='bbox 966 671 1065 739; x_wconf 83' lang='grc' dir='ltr'>βίῳ</span> <span class='ocrx_word' id='word_1_36' title='bbox 1103 671 1275 738; x_wconf 75' lang='grc' dir='ltr'>τούτῳ</span> <span class='ocrx_word' id='word_1_37' title='bbox 1310 669 1370 722; x_wconf 74' lang='grc' dir='ltr'><strong>τὸ</strong></span> <span class='ocrx_word' id='word_1_38' title='bbox 1405 669 1645 722; x_wconf 85' lang='grc' dir='ltr'>σύνολον.</span> <span class='ocrx_word' id='word_1_39' title='bbox 1677 670 1767 734; x_wconf 81' lang='grc' dir='ltr'><strong>Μὴ</strong></span> <span class='ocrx_word' id='word_1_40' title='bbox 1802 667 1966 735; x_wconf 75' lang='grc' dir='ltr'>φοϐοῦ</span> 
     </span>
    </p>
   </div>
   <div class='ocr_carea' id='block_1_8' title="bbox 397 761 1965 834">
    <p class='ocr_par' dir='ltr' id='par_1_8' title="bbox 397 761 1965 834">
     <span class='ocr_line' id='line_1_8' title="bbox 397 761 1965 834; baseline -0.004 -18"><span class='ocrx_word' id='word_1_41' title='bbox 397 762 454 816; x_wconf 66' lang='grc' dir='ltr'><strong>δὲ</strong></span> <span class='ocrx_word' id='word_1_42' title='bbox 481 764 563 816; x_wconf 84' lang='grc' dir='ltr'><strong>ὅτι</strong></span> <span class='ocrx_word' id='word_1_43' title='bbox 596 762 764 829; x_wconf 73' lang='grc' dir='ltr'>λείψει</span> <span class='ocrx_word' id='word_1_44' title='bbox 815 779 894 814; x_wconf 90' lang='grc' dir='ltr'><strong>σοι</strong></span> <span class='ocrx_word' id='word_1_45' title='bbox 943 763 1166 834; x_wconf 74' lang='grc' dir='ltr'>ἄρτοςῆ</span> <span class='ocrx_word' id='word_1_46' title='bbox 1199 780 1250 816; x_wconf 90' lang='grc' dir='ltr'>τι</span> <span class='ocrx_word' id='word_1_47' title='bbox 1289 765 1400 826; x_wconf 78' lang='grc' dir='ltr'>τοῖς</span> <span class='ocrx_word' id='word_1_48' title='bbox 1442 761 1522 824; x_wconf 75' lang='grc' dir='ltr'><strong>εἰς</strong></span> <span class='ocrx_word' id='word_1_49' title='bbox 1557 762 1744 832; x_wconf 77' lang='grc' dir='ltr'>χρείαν</span> <span class='ocrx_word' id='word_1_50' title='bbox 1778 762 1965 830; x_wconf 76' lang='grc' dir='ltr'>Κυρίῳ</span> 
     </span>
    </p>
   </div>
   <div class='ocr_carea' id='block_1_9' title="bbox 396 851 1966 923">
    <p class='ocr_par' dir='ltr' id='par_1_9' title="bbox 396 851 1966 923">
     <span class='ocr_line' id='line_1_9' title="bbox 396 851 1966 923; baseline -0.004 -17"><span class='ocrx_word' id='word_1_51' title='bbox 396 854 775 906; x_wconf 75' lang='grc' dir='ltr'><strong>δουλεύουσιν·</strong></span> <span class='ocrx_word' id='word_1_52' title='bbox 819 855 1039 907; x_wconf 82' lang='grc' dir='ltr'>ἄπιστοι</span> <span class='ocrx_word' id='word_1_53' title='bbox 1088 855 1195 922; x_wconf 81' lang='grc' dir='ltr'><strong>γὰρ</strong></span> <span class='ocrx_word' id='word_1_54' title='bbox 1231 851 1361 923; x_wconf 80' lang='grc' dir='ltr'>παρ’</span> <span class='ocrx_word' id='word_1_55' title='bbox 1391 852 1555 906; x_wconf 79' lang='grc' dir='ltr'>αὑτοῦ</span> <span class='ocrx_word' id='word_1_56' title='bbox 1607 851 1966 923; x_wconf 81' lang='grc' dir='ltr'>δροσίζονται,</span> 
     </span>
    </p>
   </div>
   <div class='ocr_carea' id='block_1_10' title="bbox 407 943 1967 1017">
    <p class='ocr_par' dir='ltr' id='par_1_10' title="bbox 407 943 1967 1017">
     <span class='ocr_line' id='line_1_10' title="bbox 407 943 1967 1017; baseline 0.001 -22"><span class='ocrx_word' id='word_1_57' title='bbox 407 943 502 996; x_wconf 83' lang='grc' dir='ltr'><strong>καὶ</strong></span> <span class='ocrx_word' id='word_1_58' title='bbox 542 945 759 1012; x_wconf 84' lang='grc' dir='ltr'>πόρνοι,</span> <span class='ocrx_word' id='word_1_59' title='bbox 785 945 878 998; x_wconf 78' lang='grc' dir='ltr'>καὶ</span> <span class='ocrx_word' id='word_1_60' title='bbox 904 946 1107 1014; x_wconf 80' lang='grc' dir='ltr'>μοιχοὶ,</span> <span class='ocrx_word' id='word_1_61' title='bbox 1155 945 1250 997; x_wconf 79' lang='grc' dir='ltr'>καὶ</span> <span class='ocrx_word' id='word_1_62' title='bbox 1299 947 1607 1017; x_wconf 84' lang='grc' dir='ltr'>ἀχάριστοι,</span> <span class='ocrx_word' id='word_1_63' title='bbox 1642 948 1737 999; x_wconf 76' lang='grc' dir='ltr'><strong>καὶ</strong></span> <span class='ocrx_word' id='word_1_64' title='bbox 1768 946 1967 1008; x_wconf 75' lang='grc' dir='ltr'>πάντες</span> 
     </span>
    </p>
   </div>
   <div class='ocr_carea' id='block_1_11' title="bbox 395 1034 1966 1107">
    <p class='ocr_par' dir='ltr' id='par_1_11' title="bbox 395 1034 1966 1107">
     <span class='ocr_line' id='line_1_11' title="bbox 395 1034 1966 1107; baseline -0.001 -19"><span class='ocrx_word' id='word_1_65' title='bbox 395 1034 623 1088; x_wconf 75' lang='grc' dir='ltr'>τοιαῦτα</span> <span class='ocrx_word' id='word_1_66' title='bbox 683 1036 964 1106; x_wconf 77' lang='grc' dir='ltr'><strong>ἐχθρωδῶς</strong></span> <span class='ocrx_word' id='word_1_67' title='bbox 1021 1037 1354 1106; x_wconf 76' lang='grc' dir='ltr'><strong>διακείμενοι</strong></span> <span class='ocrx_word' id='word_1_68' title='bbox 1408 1036 1496 1089; x_wconf 80' lang='grc' dir='ltr'><strong>διὰ</strong></span> <span class='ocrx_word' id='word_1_69' title='bbox 1547 1037 1644 1104; x_wconf 83' lang='grc' dir='ltr'><strong>τῆς</strong></span> <span class='ocrx_word' id='word_1_70' title='bbox 1674 1036 1966 1107; x_wconf 79' lang='grc' dir='ltr'>ἁμαρτίας,</span> 
     </span>
    </p>
   </div>
   <div class='ocr_carea' id='block_1_12' title="bbox 396 1116 1968 1197">
    <p class='ocr_par' dir='ltr' id='par_1_12' title="bbox 396 1116 1968 1197">
     <span class='ocr_line' id='line_1_12' title="bbox 396 1116 1968 1197; baseline -0.001 -19"><span class='ocrx_word' id='word_1_71' title='bbox 396 1125 551 1195; x_wconf 80' lang='grc' dir='ltr'>πόσῳ</span> <span class='ocrx_word' id='word_1_72' title='bbox 576 1127 775 1194; x_wconf 77' lang='grc' dir='ltr'>μᾶλλον</span> <span class='ocrx_word' id='word_1_73' title='bbox 799 1128 848 1179; x_wconf 76' lang='grc' dir='ltr'><strong>οἱ</strong></span> <span class='ocrx_word' id='word_1_74' title='bbox 873 1127 1218 1191; x_wconf 70' lang='grc' dir='ltr'><strong>δουλεύοιτες</strong></span> <span class='ocrx_word' id='word_1_75' title='bbox 1251 1116 1398 1197; x_wconf 84' lang='grc' dir='ltr'><strong>αὐτῷ</strong></span> <span class='ocrx_word' id='word_1_76' title='bbox 1423 1127 1528 1179; x_wconf 84' lang='grc' dir='ltr'>τῶν</span> <span class='ocrx_word' id='word_1_77' title='bbox 1555 1127 1720 1179; x_wconf 82' lang='grc' dir='ltr'>αὑτοῦ</span> <span class='ocrx_word' id='word_1_78' title='bbox 1747 1126 1968 1192; x_wconf 77' lang='grc' dir='ltr'>ἀγαυῶν</span> 
     </span>
    </p>
   </div>
   <div class='ocr_carea' id='block_1_13' title="bbox 395 1217 1966 1289">
    <p class='ocr_par' dir='ltr' id='par_1_13' title="bbox 395 1217 1966 1289">
     <span class='ocr_line' id='line_1_13' title="bbox 395 1217 1966 1289; baseline -0.001 -21"><span class='ocrx_word' id='word_1_79' title='bbox 395 1217 926 1286; x_wconf 77' lang='grc' dir='ltr'>ἐμπλησῡήσονται;</span> <span class='ocrx_word' id='word_1_80' title='bbox 977 1218 1135 1288; x_wconf 85' lang='grc' dir='ltr'>Ὅρα,</span> <span class='ocrx_word' id='word_1_81' title='bbox 1190 1219 1282 1270; x_wconf 80' lang='grc' dir='ltr'><strong>καὶ</strong></span> <span class='ocrx_word' id='word_1_82' title='bbox 1328 1220 1404 1288; x_wconf 84' lang='grc' dir='ltr'>μὴ</span> <span class='ocrx_word' id='word_1_83' title='bbox 1454 1219 1810 1289; x_wconf 78' lang='grc' dir='ltr'>παρακούσῃς</span> <span class='ocrx_word' id='word_1_84' title='bbox 1865 1234 1966 1286; x_wconf 87' lang='grc' dir='ltr'><strong>μου</strong></span> 
     </span>
    </p>
   </div>
   <div class='ocr_carea' id='block_1_14' title="bbox 391 1308 1966 1381">
    <p class='ocr_par' dir='ltr' id='par_1_14' title="bbox 391 1308 1966 1381">
     <span class='ocr_line' id='line_1_14' title="bbox 391 1308 1966 1381; baseline 0.002 -24"><span class='ocrx_word' id='word_1_85' title='bbox 391 1308 504 1358; x_wconf 84' lang='grc' dir='ltr'><strong>τῶν</strong></span> <span class='ocrx_word' id='word_1_86' title='bbox 539 1309 803 1378; x_wconf 77' lang='grc' dir='ltr'><strong>ῥημάτων</strong></span> <span class='ocrx_word' id='word_1_87' title='bbox 831 1327 844 1341; x_wconf 89' lang='grc'><strong>·</strong></span> <span class='ocrx_word' id='word_1_88' title='bbox 875 1309 986 1379; x_wconf 75' lang='grc' dir='ltr'><strong>ἐγὼ</strong></span> <span class='ocrx_word' id='word_1_89' title='bbox 1010 1312 1118 1381; x_wconf 76' lang='grc' dir='ltr'><strong>γὰρ</strong></span> <span class='ocrx_word' id='word_1_90' title='bbox 1149 1311 1205 1362; x_wconf 80' lang='grc' dir='ltr'>ὲν</span> <span class='ocrx_word' id='word_1_91' title='bbox 1238 1309 1474 1380; x_wconf 81' lang='grc' dir='ltr'><strong>πρώτοις</strong></span> <span class='ocrx_word' id='word_1_92' title='bbox 1505 1311 1857 1379; x_wconf 83' lang='grc' dir='ltr'>παρεκάλεσὰ</span> <span class='ocrx_word' id='word_1_93' title='bbox 1887 1328 1966 1373; x_wconf 87' lang='grc' dir='ltr'><strong>σε,</strong></span> 
     </span>
    </p>
   </div>
   <div class='ocr_carea' id='block_1_15' title="bbox 395 1398 1968 1476">
    <p class='ocr_par' dir='ltr' id='par_1_15' title="bbox 395 1398 1968 1476">
     <span class='ocr_line' id='line_1_15' title="bbox 395 1398 1968 1476; baseline 0.003 -28"><span class='ocrx_word' id='word_1_94' title='bbox 395 1398 485 1451; x_wconf 72' lang='grc' dir='ltr'>ενα</span> <span class='ocrx_word' id='word_1_95' title='bbox 523 1400 720 1469; x_wconf 78' lang='grc' dir='ltr'><strong>μηκέτι</strong></span> <span class='ocrx_word' id='word_1_96' title='bbox 770 1403 1022 1475; x_wconf 76' lang='grc' dir='ltr'>ἀφορμὴν</span> <span class='ocrx_word' id='word_1_97' title='bbox 1052 1403 1318 1471; x_wconf 79' lang='grc' dir='ltr'><strong>κέκτησαι</strong></span> <span class='ocrx_word' id='word_1_98' title='bbox 1349 1416 1364 1430; x_wconf 84' lang='grc'><strong>·</strong></span> <span class='ocrx_word' id='word_1_99' title='bbox 1400 1403 1521 1454; x_wconf 72' lang='grc' dir='ltr'>ἐπεὶ</span> <span class='ocrx_word' id='word_1_100' title='bbox 1553 1403 1648 1476; x_wconf 73' lang='grc' dir='ltr'>ἐὰν</span> <span class='ocrx_word' id='word_1_101' title='bbox 1686 1400 1968 1472; x_wconf 77' lang='grc' dir='ltr'>παρακού-</span> 
     </span>
    </p>
   </div>
   <div class='ocr_carea' id='block_1_16' title="bbox 395 1495 1966 1565">
    <p class='ocr_par' dir='ltr' id='par_1_16' title="bbox 395 1495 1966 1565">
     <span class='ocr_line' id='line_1_16' title="bbox 395 1495 1966 1565; baseline 0.003 -24"><span class='ocrx_word' id='word_1_102' title='bbox 395 1506 498 1559; x_wconf 65' lang='lat' dir='ltr'><strong>an;</strong></span> <span class='ocrx_word' id='word_1_103' title='bbox 538 1509 662 1559; x_wconf 88' lang='grc' dir='ltr'>μου,</span> <span class='ocrx_word' id='word_1_104' title='bbox 697 1495 772 1562; x_wconf 69' lang='grc' dir='ltr'>μὲ</span> <span class='ocrx_word' id='word_1_105' title='bbox 803 1495 893 1546; x_wconf 74' lang='grc' dir='ltr'>τὸν</span> <span class='ocrx_word' id='word_1_106' title='bbox 942 1495 1169 1563; x_wconf 82' lang='grc' dir='ltr'><strong>Ἰησοῦν,</strong></span> <span class='ocrx_word' id='word_1_107' title='bbox 1207 1495 1284 1565; x_wconf 76' lang='grc' dir='ltr'>μὰ</span> <span class='ocrx_word' id='word_1_108' title='bbox 1315 1495 1410 1548; x_wconf 80' lang='grc' dir='ltr'>’τὸν</span> <span class='ocrx_word' id='word_1_109' title='bbox 1453 1495 1676 1564; x_wconf 82' lang='grc' dir='ltr'><strong>βασιλέα</strong></span> <span class='ocrx_word' id='word_1_110' title='bbox 1709 1495 1966 1565; x_wconf 69' lang='grc' dir='ltr'>Χριστὸν,</span> 
     </span>
    </p>
   </div>
   <div class='ocr_carea' id='block_1_17' title="bbox 395 1583 1967 1649">
    <p class='ocr_par' dir='ltr' id='par_1_17' title="bbox 395 1583 1967 1649">
     <span class='ocr_line' id='line_1_17' title="bbox 395 1583 1967 1649; baseline 0.007 -18"><span class='ocrx_word' id='word_1_111' title='bbox 395 1583 529 1649; x_wconf 71' lang='grc' dir='ltr'><strong>ὁρᾷς</strong></span> <span class='ocrx_word' id='word_1_112' title='bbox 592 1583 684 1636; x_wconf 79' lang='grc' dir='ltr'><strong>τὸν</strong></span> <span class='ocrx_word' id='word_1_113' title='bbox 745 1583 1033 1646; x_wconf 73' lang='grc' dir='ltr'>διάδολονς</span> <span class='ocrx_word' id='word_1_114' title='bbox 1079 1586 1153 1639; x_wconf 78' lang='grc' dir='ltr'><strong>ἴδε</strong></span> <span class='ocrx_word' id='word_1_115' title='bbox 1213 1588 1419 1640; x_wconf 78' lang='grc' dir='ltr'>ἐκεῖνον</span> <span class='ocrx_word' id='word_1_116' title='bbox 1479 1588 1619 1641; x_wconf 83' lang='grc' dir='ltr'>κατὰ</span> <span class='ocrx_word' id='word_1_117' title='bbox 1680 1587 1774 1640; x_wconf 78' lang='grc' dir='ltr'><strong>σοῦ</strong></span> <span class='ocrx_word' id='word_1_118' title='bbox 1833 1589 1967 1642; x_wconf 82' lang='grc' dir='ltr'>ἁπο-</span> 
     </span>
    </p>
   </div>
   <div class='ocr_carea' id='block_1_18' title="bbox 398 1675 594 1727">
    <p class='ocr_par' dir='ltr' id='par_1_18' title="bbox 398 1675 594 1727">
     <span class='ocr_line' id='line_1_18' title="bbox 398 1675 594 1727; baseline 0.015 -3"><span class='ocrx_word' id='word_1_119' title='bbox 398 1675 594 1727; x_wconf 81' lang='grc' dir='ltr'><strong>στελῶ.</strong></span> 
     </span>
    </p>
   </div>
   <div class='ocr_carea' id='block_1_19' title="bbox 444 1960 1974 2037">
    <p class='ocr_par' dir='ltr' id='par_1_19' title="bbox 444 1960 1974 2037">
     <span class='ocr_line' id='line_1_19' title="bbox 444 1960 1974 2037; baseline 0.007 -26"><span class='ocrx_word' id='word_1_120' title='bbox 444 1960 591 2031; x_wconf 50' lang='grc' dir='ltr'>εριβῖ</span> <span class='ocrx_word' id='word_1_121' title='bbox 616 1960 725 2014; x_wconf 85' lang='grc' dir='ltr'>Τοῦ</span> <span class='ocrx_word' id='word_1_122' title='bbox 744 1960 797 2013; x_wconf 80' lang='grc' dir='ltr'><strong>δὲ</strong></span> <span class='ocrx_word' id='word_1_123' title='bbox 821 1963 1054 2032; x_wconf 74' lang='grc' dir='ltr'>μοναχοῦ</span> <span class='ocrx_word' id='word_1_124' title='bbox 1079 1964 1452 2033; x_wconf 76' lang='grc' dir='ltr'>διανοιγέντων</span> <span class='ocrx_word' id='word_1_125' title='bbox 1480 1968 1582 2020; x_wconf 84' lang='grc' dir='ltr'><strong>τῶν</strong></span> <span class='ocrx_word' id='word_1_126' title='bbox 1602 1968 1749 2022; x_wconf 79' lang='grc' dir='ltr'>ἔνδον</span> <span class='ocrx_word' id='word_1_127' title='bbox 1773 1970 1974 2037; x_wconf 71' lang='grc' dir='ltr'>ὀφθαλσ</span> 
     </span>
    </p>
   </div>
   <div class='ocr_carea' id='block_1_20' title="bbox 397 2051 1967 2128">
    <p class='ocr_par' dir='ltr' id='par_1_20' title="bbox 397 2051 1967 2128">
     <span class='ocr_line' id='line_1_20' title="bbox 397 2051 1967 2128; baseline 0.009 -30"><span class='ocrx_word' id='word_1_128' title='bbox 397 2052 538 2118; x_wconf 81' lang='grc' dir='ltr'>μῶν,</span> <span class='ocrx_word' id='word_1_129' title='bbox 607 2053 685 2104; x_wconf 86' lang='grc' dir='ltr'>ῐδε</span> <span class='ocrx_word' id='word_1_130' title='bbox 732 2051 820 2104; x_wconf 71' lang='grc' dir='ltr'>τὸν</span> <span class='ocrx_word' id='word_1_131' title='bbox 864 2054 1108 2107; x_wconf 79' lang='grc' dir='ltr'>διάῦολον</span> <span class='ocrx_word' id='word_1_132' title='bbox 1141 2057 1384 2120; x_wconf 70' lang='grc' dir='ltr'>αἰϐίοπα,</span> <span class='ocrx_word' id='word_1_133' title='bbox 1421 2058 1649 2128; x_wconf 84' lang='grc' dir='ltr'>μαῦρον,</span> <span class='ocrx_word' id='word_1_134' title='bbox 1688 2061 1967 2128; x_wconf 79' lang='grc' dir='ltr'>βλοσυρὸν,</span> 
     </span>
    </p>
   </div>
   <div class='ocr_carea' id='block_1_21' title="bbox 393 2141 1972 2220">
    <p class='ocr_par' dir='ltr' id='par_1_21' title="bbox 393 2141 1972 2220">
     <span class='ocr_line' id='line_1_21' title="bbox 393 2141 1972 2220; baseline 0.008 -29"><span class='ocrx_word' id='word_1_135' title='bbox 393 2141 636 2208; x_wconf 73' lang='grc' dir='ltr'>μηκόζιεν</span> <span class='ocrx_word' id='word_1_136' title='bbox 664 2143 950 2209; x_wconf 75' lang='grc' dir='ltr'><strong>ἱστάμενον</strong></span> <span class='ocrx_word' id='word_1_137' title='bbox 987 2145 1136 2214; x_wconf 73' lang='grc' dir='ltr'><strong>φόϐῳ</strong></span> <span class='ocrx_word' id='word_1_138' title='bbox 1166 2147 1257 2198; x_wconf 87' lang='grc' dir='ltr'><strong>τοῦ</strong></span> <span class='ocrx_word' id='word_1_139' title='bbox 1296 2148 1501 2214; x_wconf 81' lang='grc' dir='ltr'>Ἀγίου,</span> <span class='ocrx_word' id='word_1_140' title='bbox 1534 2151 1625 2202; x_wconf 73' lang='grc' dir='ltr'><strong>καὶ</strong></span> <span class='ocrx_word' id='word_1_141' title='bbox 1655 2152 1801 2216; x_wconf 81' lang='grc' dir='ltr'><strong>λέγει</strong></span> <span class='ocrx_word' id='word_1_142' title='bbox 1836 2154 1972 2220; x_wconf 72' lang='grc' dir='ltr'>πρὸς</span> 
     </span>
    </p>
   </div>
   <div class='ocr_carea' id='block_1_22' title="bbox 388 2234 1967 2307">
    <p class='ocr_par' dir='ltr' id='par_1_22' title="bbox 388 2234 1967 2307">
     <span class='ocr_line' id='line_1_22' title="bbox 388 2234 1967 2307; baseline 0.005 -22"><span class='ocrx_word' id='word_1_143' title='bbox 388 2234 484 2285; x_wconf 62' lang='grc' dir='ltr'><strong>’ὢν</strong></span> <span class='ocrx_word' id='word_1_144' title='bbox 524 2235 804 2302; x_wconf 78' lang='grc' dir='ltr'>Μακάριον</span> <span class='ocrx_word' id='word_1_145' title='bbox 826 2250 838 2264; x_wconf 86' lang='grc'><strong>·</strong></span> <span class='ocrx_word' id='word_1_146' title='bbox 866 2235 1069 2304; x_wconf 79' lang='grc' dir='ltr'>Θεωρῶ·</span> <span class='ocrx_word' id='word_1_147' title='bbox 1088 2237 1268 2298; x_wconf 79' lang='grc' dir='ltr'>αὐτόν,</span> <span class='ocrx_word' id='word_1_148' title='bbox 1297 2237 1419 2304; x_wconf 82' lang='grc' dir='ltr'><strong>λέγε</strong></span> <span class='ocrx_word' id='word_1_149' title='bbox 1444 2255 1460 2268; x_wconf 78' lang='grc' dir='ltr'><strong><em>ο</em></strong></span> <span class='ocrx_word' id='word_1_150' title='bbox 1487 2240 1641 2291; x_wconf 82' lang='grc' dir='ltr'>δοῦλε</span> <span class='ocrx_word' id='word_1_151' title='bbox 1680 2242 1771 2293; x_wconf 84' lang='grc' dir='ltr'><strong>τοῦ</strong></span> <span class='ocrx_word' id='word_1_152' title='bbox 1810 2242 1967 2307; x_wconf 71' lang='grc' dir='ltr'>Θεοῦ,</span> 
     </span>
    </p>
   </div>
   <div class='ocr_carea' id='block_1_23' title="bbox 393 2322 1968 2397">
    <p class='ocr_par' dir='ltr' id='par_1_23' title="bbox 393 2322 1968 2397">
     <span class='ocr_line' id='line_1_23' title="bbox 393 2322 1968 2397; baseline 0.004 -21"><span class='ocrx_word' id='word_1_153' title='bbox 393 2325 462 2376; x_wconf 67' lang='grc' dir='ltr'>τὰ</span> <span class='ocrx_word' id='word_1_154' title='bbox 486 2326 567 2390; x_wconf 73' lang='grc' dir='ltr'><strong>εἰς</strong></span> <span class='ocrx_word' id='word_1_155' title='bbox 590 2322 864 2394; x_wconf 69' lang='grc' dir='ltr'>οωτηρῖαν</span> <span class='ocrx_word' id='word_1_156' title='bbox 894 2326 1074 2396; x_wconf 76' lang='grc' dir='ltr'>ψυχῆς</span> <span class='ocrx_word' id='word_1_157' title='bbox 1104 2329 1434 2397; x_wconf 78' lang='grc' dir='ltr'>ἁρμόζοντα.</span> <span class='ocrx_word' id='word_1_158' title='bbox 1463 2330 1608 2397; x_wconf 84' lang='grc' dir='ltr'><strong>Ἔφη</strong></span> <span class='ocrx_word' id='word_1_159' title='bbox 1633 2332 1795 2383; x_wconf 84' lang='grc' dir='ltr'>πάλιν</span> <span class='ocrx_word' id='word_1_160' title='bbox 1826 2335 1852 2384; x_wconf 87' lang='grc' dir='ltr'>ὁ</span> <span class='ocrx_word' id='word_1_161' title='bbox 1875 2331 1968 2383; x_wconf 86' lang='grc' dir='ltr'><strong>τοῦ</strong></span> 
     </span>
    </p>
   </div>
   <div class='ocr_carea' id='block_1_24' title="bbox 389 2416 1968 2492">
    <p class='ocr_par' dir='ltr' id='par_1_24' title="bbox 389 2416 1968 2492">
     <span class='ocr_line' id='line_1_24' title="bbox 389 2416 1968 2492; baseline 0.006 -26"><span class='ocrx_word' id='word_1_162' title='bbox 389 2416 532 2468; x_wconf 80' lang='grc' dir='ltr'>Θεοῦ</span> <span class='ocrx_word' id='word_1_163' title='bbox 565 2417 747 2479; x_wconf 77' lang='grc' dir='ltr'>δοῦλος</span> <span class='ocrx_word' id='word_1_164' title='bbox 772 2431 785 2444; x_wconf 89' lang='grc'><strong>·</strong></span> <span class='ocrx_word' id='word_1_165' title='bbox 823 2419 1140 2481; x_wconf 78' lang='grc' dir='ltr'><strong>Πίστευσον,</strong></span> <span class='ocrx_word' id='word_1_166' title='bbox 1176 2422 1270 2473; x_wconf 74' lang='grc' dir='ltr'><strong>ἐὰν</strong></span> <span class='ocrx_word' id='word_1_167' title='bbox 1303 2423 1660 2492; x_wconf 58' lang='grc' dir='ltr'>παρακούσῃς</span> <span class='ocrx_word' id='word_1_168' title='bbox 1691 2441 1819 2490; x_wconf 87' lang='grc' dir='ltr'>μου,</span> <span class='ocrx_word' id='word_1_169' title='bbox 1845 2423 1968 2476; x_wconf 82' lang='grc' dir='ltr'>τοῦ·</span> 
     </span>
    </p>
   </div>
   <div class='ocr_carea' id='block_1_25' title="bbox 391 2506 1970 2586">
    <p class='ocr_par' dir='ltr' id='par_1_25' title="bbox 391 2506 1970 2586">
     <span class='ocr_line' id='line_1_25' title="bbox 391 2506 1970 2586; baseline 0.006 -26"><span class='ocrx_word' id='word_1_170' title='bbox 391 2526 488 2561; x_wconf 89' lang='grc' dir='ltr'><strong>τον</strong></span> <span class='ocrx_word' id='word_1_171' title='bbox 523 2509 663 2562; x_wconf 83' lang='grc' dir='ltr'>κατά</span> <span class='ocrx_word' id='word_1_172' title='bbox 699 2527 790 2564; x_wconf 87' lang='grc' dir='ltr'><strong>σου</strong></span> <span class='ocrx_word' id='word_1_173' title='bbox 832 2506 1116 2565; x_wconf 72' lang='grc' dir='ltr'>ἀποστελῶ</span> <span class='ocrx_word' id='word_1_174' title='bbox 1142 2514 1442 2582; x_wconf 78' lang='grc' dir='ltr'>ὲκταράξαι</span> <span class='ocrx_word' id='word_1_175' title='bbox 1477 2532 1555 2578; x_wconf 87' lang='grc' dir='ltr'><strong>σε,</strong></span> <span class='ocrx_word' id='word_1_176' title='bbox 1596 2517 1682 2569; x_wconf 81' lang='grc' dir='ltr'><strong>ἵνα</strong></span> <span class='ocrx_word' id='word_1_177' title='bbox 1716 2519 1746 2582; x_wconf 88' lang='grc' dir='ltr'><strong>ἡ</strong></span> <span class='ocrx_word' id='word_1_178' title='bbox 1781 2517 1970 2586; x_wconf 76' lang='grc' dir='ltr'><strong>αἰσχύ⁴</strong></span> 
     </span>
    </p>
   </div>
   <div class='ocr_carea' id='block_1_26' title="bbox 392 2599 1964 2680">
    <p class='ocr_par' dir='ltr' id='par_1_26' title="bbox 392 2599 1964 2680">
     <span class='ocr_line' id='line_1_26' title="bbox 392 2599 1964 2680; baseline 0.003 -26"><span class='ocrx_word' id='word_1_179' title='bbox 392 2617 460 2668; x_wconf 85' lang='grc' dir='ltr'>νη</span> <span class='ocrx_word' id='word_1_180' title='bbox 483 2599 579 2655; x_wconf 81' lang='grc' dir='ltr'><strong>τοῦ</strong></span> <span class='ocrx_word' id='word_1_181' title='bbox 611 2603 931 2668; x_wconf 78' lang='grc' dir='ltr'>προσώπου·</span> <span class='ocrx_word' id='word_1_182' title='bbox 958 2619 1053 2680; x_wconf 79' lang='grc' dir='ltr'><strong>σου</strong></span> <span class='ocrx_word' id='word_1_183' title='bbox 1108 2604 1348 2676; x_wconf 77' lang='grc' dir='ltr'>ἀκουσθῇ</span> <span class='ocrx_word' id='word_1_184' title='bbox 1377 2607 1438 2658; x_wconf 84' lang='grc' dir='ltr'><strong>οὐ</strong></span> <span class='ocrx_word' id='word_1_185' title='bbox 1476 2607 1640 2674; x_wconf 74' lang='grc' dir='ltr'>μόνον</span> <span class='ocrx_word' id='word_1_186' title='bbox 1686 2609 1744 2659; x_wconf 85' lang='grc' dir='ltr'>ὲν</span> <span class='ocrx_word' id='word_1_187' title='bbox 1793 2609 1964 2677; x_wconf 82' lang='grc' dir='ltr'>ταύτῃ</span> 
     </span>
    </p>
   </div>
   <div class='ocr_carea' id='block_1_27' title="bbox 389 2683 1965 2768">
    <p class='ocr_par' dir='ltr' id='par_1_27' title="bbox 389 2683 1965 2768">
     <span class='ocr_line' id='line_1_27' title="bbox 389 2683 1965 2768; baseline 0.005 -25"><span class='ocrx_word' id='word_1_188' title='bbox 389 2695 458 2761; x_wconf 74' lang='grc' dir='ltr'>τῇ</span> <span class='ocrx_word' id='word_1_189' title='bbox 485 2691 741 2760; x_wconf 76' lang='grc' dir='ltr'>βασιλίδι,</span> <span class='ocrx_word' id='word_1_190' title='bbox 774 2691 909 2744; x_wconf 78' lang='grc' dir='ltr'>ἀλλὰ</span> <span class='ocrx_word' id='word_1_191' title='bbox 937 2694 1029 2747; x_wconf 78' lang='grc' dir='ltr'><strong>καὶ</strong></span> <span class='ocrx_word' id='word_1_192' title='bbox 1055 2683 1138 2755; x_wconf 65' lang='lat' dir='ltr'><strong>et;</strong></span> <span class='ocrx_word' id='word_1_193' title='bbox 1169 2695 1235 2748; x_wconf 79' lang='grc' dir='ltr'>τὰ</span> <span class='ocrx_word' id='word_1_194' title='bbox 1256 2703 1636 2768; x_wconf 81' lang='grc' dir='ltr'>τετραπέρατα</span> <span class='ocrx_word' id='word_1_195' title='bbox 1665 2699 1764 2768; x_wconf 82' lang='grc' dir='ltr'><strong>τῆς</strong></span> <span class='ocrx_word' id='word_1_196' title='bbox 1787 2701 1965 2751; x_wconf 70' lang='grc' dir='ltr'>οἰκου-</span> 
     </span>
    </p>
   </div>
   <div class='ocr_carea' id='block_1_28' title="bbox 393 2783 1955 2858">
    <p class='ocr_par' dir='ltr' id='par_1_28' title="bbox 393 2783 1955 2858">
     <span class='ocr_line' id='line_1_28' title="bbox 393 2783 1955 2858; baseline 0.006 -25"><span class='ocrx_word' id='word_1_197' title='bbox 393 2783 586 2851; x_wconf 80' lang='grc' dir='ltr'><strong>μένης.</strong></span> <span class='ocrx_word' id='word_1_198' title='bbox 617 2784 756 2852; x_wconf 83' lang='grc' dir='ltr'>Ὂρα</span> <span class='ocrx_word' id='word_1_199' title='bbox 782 2783 874 2837; x_wconf 84' lang='grc' dir='ltr'><strong>οῦν</strong></span> <span class='ocrx_word' id='word_1_200' title='bbox 908 2784 980 2853; x_wconf 80' lang='grc' dir='ltr'>μὴ</span> <span class='ocrx_word' id='word_1_201' title='bbox 1020 2786 1273 2858; x_wconf 70' lang='grc' dir='ltr'><strong>ἐπιλάϐῃ.</strong></span> <span class='ocrx_word' id='word_1_202' title='bbox 1305 2788 1443 2841; x_wconf 79' lang='grc' dir='ltr'><strong>ἀλλὰ</strong></span> <span class='ocrx_word' id='word_1_203' title='bbox 1499 2785 1724 2857; x_wconf 82' lang='grc' dir='ltr'>ποίησον</span> <span class='ocrx_word' id='word_1_204' title='bbox 1774 2793 1955 2852; x_wconf 62' lang='lat' dir='ltr'><strong>meo,</strong></span> 
     </span>
    </p>
   </div>
   <div class='ocr_carea' id='block_1_29' title="bbox 389 2876 1962 2950">
    <p class='ocr_par' dir='ltr' id='par_1_29' title="bbox 389 2876 1962 2950">
     <span class='ocr_line' id='line_1_29' title="bbox 389 2876 1962 2950; baseline 0.004 -20"><span class='ocrx_word' id='word_1_205' title='bbox 389 2892 479 2930; x_wconf 81' lang='grc' dir='ltr'><strong>σοι</strong></span> <span class='ocrx_word' id='word_1_206' title='bbox 508 2876 884 2947; x_wconf 74' lang='grc' dir='ltr'>ἐνετειλάμην.</span> <span class='ocrx_word' id='word_1_207' title='bbox 910 2877 1094 2929; x_wconf 78' lang='grc' dir='ltr'>Ταῦτα</span> <span class='ocrx_word' id='word_1_208' title='bbox 1157 2879 1395 2942; x_wconf 81' lang='grc' dir='ltr'><strong>ἀκούσας</strong></span> <span class='ocrx_word' id='word_1_209' title='bbox 1420 2881 1448 2931; x_wconf 78' lang='grc' dir='ltr'>ὁ</span> <span class='ocrx_word' id='word_1_210' title='bbox 1478 2881 1709 2950; x_wconf 70' lang='grc' dir='ltr'>μοναχὸς</span> <span class='ocrx_word' id='word_1_211' title='bbox 1754 2881 1962 2949; x_wconf 74' lang='grc' dir='ltr'>ἔφριξε,</span> 
     </span>
    </p>
   </div>
   <div class='ocr_carea' id='block_1_30' title="bbox 389 2967 1963 3042">
    <p class='ocr_par' dir='ltr' id='par_1_30' title="bbox 389 2967 1963 3042">
     <span class='ocr_line' id='line_1_30' title="bbox 389 2967 1963 3042; baseline 0.004 -20"><span class='ocrx_word' id='word_1_212' title='bbox 389 2968 488 3022; x_wconf 72' lang='grc' dir='ltr'><strong>καὶ</strong></span> <span class='ocrx_word' id='word_1_213' title='bbox 510 2967 701 3035; x_wconf 70' lang='grc' dir='ltr'><strong>ἐξέστη</strong></span> <span class='ocrx_word' id='word_1_214' title='bbox 724 2968 799 3036; x_wconf 82' lang='grc' dir='ltr'>τῷ</span> <span class='ocrx_word' id='word_1_215' title='bbox 825 2969 1097 3039; x_wconf 82' lang='grc' dir='ltr'>πνεύματι</span> <span class='ocrx_word' id='word_1_216' title='bbox 1128 2986 1141 2999; x_wconf 70' lang='grc' dir='ltr'><em>υ</em></span> <span class='ocrx_word' id='word_1_217' title='bbox 1190 2972 1312 3031; x_wconf 81' lang='grc' dir='ltr'>τοὺς</span> <span class='ocrx_word' id='word_1_218' title='bbox 1341 2972 1394 3023; x_wconf 87' lang='grc' dir='ltr'><strong>δὲ</strong></span> <span class='ocrx_word' id='word_1_219' title='bbox 1424 2972 1737 3036; x_wconf 78' lang='grc' dir='ltr'><strong>ἐξελθόντας</strong></span> <span class='ocrx_word' id='word_1_220' title='bbox 1774 2974 1963 3042; x_wconf 73' lang='grc' dir='ltr'>λόγους</span> 
     </span>
    </p>
   </div>
   <div class='ocr_carea' id='block_1_31' title="bbox 384 3059 1959 3136">
    <p class='ocr_par' dir='ltr' id='par_1_31' title="bbox 384 3059 1959 3136">
     <span class='ocr_line' id='line_1_31' title="bbox 384 3059 1959 3136; baseline 0.004 -24"><span class='ocrx_word' id='word_1_221' title='bbox 384 3059 456 3112; x_wconf 72' lang='grc' dir='ltr'><strong>ὲκ</strong></span> <span class='ocrx_word' id='word_1_222' title='bbox 486 3059 580 3110; x_wconf 80' lang='grc' dir='ltr'><strong>τοῦ</strong></span> <span class='ocrx_word' id='word_1_223' title='bbox 635 3060 899 3128; x_wconf 73' lang='grc' dir='ltr'>στόματος</span> <span class='ocrx_word' id='word_1_224' title='bbox 948 3060 1043 3114; x_wconf 83' lang='grc' dir='ltr'><strong>τοῦ</strong></span> <span class='ocrx_word' id='word_1_225' title='bbox 1094 3063 1384 3132; x_wconf 81' lang='grc' dir='ltr'>Μακαρίου</span> <span class='ocrx_word' id='word_1_226' title='bbox 1434 3065 1706 3127; x_wconf 82' lang='grc' dir='ltr'>συνέθετο,</span> <span class='ocrx_word' id='word_1_227' title='bbox 1736 3067 1959 3136; x_wconf 79' lang='grc' dir='ltr'>ποιῆσαι</span> 
     </span>
    </p>
   </div>
   <div class='ocr_carea' id='block_1_32' title="bbox 2072 576 3648 648">
    <p class='ocr_par' dir='ltr' id='par_1_32' title="bbox 2072 576 3648 648">
     <span class='ocr_line' id='line_1_32' title="bbox 2072 576 3648 648; baseline -0.001 -19"><span class='ocrx_word' id='word_1_228' title='bbox 2072 576 2320 641; x_wconf 73' lang='lat' dir='ltr'><strong>virtutes.</strong></span> <span class='ocrx_word' id='word_1_229' title='bbox 2341 582 2502 632; x_wconf 85' lang='lat' dir='ltr'><strong>etiam</strong></span> <span class='ocrx_word' id='word_1_230' title='bbox 2540 580 2955 648; x_wconf 74' lang='lat' dir='ltr'><strong>perreligiosam</strong></span> <span class='ocrx_word' id='word_1_231' title='bbox 2983 587 3379 646; x_wconf 87' lang='lat' dir='ltr'><strong>paupertatem,</strong></span> <span class='ocrx_word' id='word_1_232' title='bbox 3409 576 3606 627; x_wconf 79' lang='lat' dir='ltr'><strong>evadas</strong></span> <span class='ocrx_word' id='word_1_233' title='bbox 3635 593 3648 627; x_wconf 89' lang='lat'><strong>:</strong></span> 
     </span>
    </p>
   </div>
   <div class='ocr_carea' id='block_1_33' title="bbox 2075 664 3656 737">
    <p class='ocr_par' dir='ltr' id='par_1_33' title="bbox 2075 664 3656 737">
     <span class='ocr_line' id='line_1_33' title="bbox 2075 664 3656 737; baseline 0.001 -20"><span class='ocrx_word' id='word_1_234' title='bbox 2075 667 2125 718; x_wconf 90' lang='lat' dir='ltr'><strong>in</strong></span> <span class='ocrx_word' id='word_1_235' title='bbox 2157 684 2221 720; x_wconf 86' lang='lat' dir='ltr'><strong>eo</strong></span> <span class='ocrx_word' id='word_1_236' title='bbox 2252 684 2484 737; x_wconf 82' lang='lat' dir='ltr'><strong>namque</strong></span> <span class='ocrx_word' id='word_1_237' title='bbox 2511 664 2779 737; x_wconf 81' lang='lat' dir='ltr'><strong>professio</strong></span> <span class='ocrx_word' id='word_1_238' title='bbox 2812 669 3115 725; x_wconf 81' lang='lat' dir='ltr'><strong>monastica</strong></span> <span class='ocrx_word' id='word_1_239' title='bbox 3158 667 3434 728; x_wconf 88' lang='lat' dir='ltr'><strong>consistit,</strong></span> <span class='ocrx_word' id='word_1_240' title='bbox 3477 677 3534 718; x_wconf 89' lang='lat' dir='ltr'><strong>ut</strong></span> <span class='ocrx_word' id='word_1_241' title='bbox 3570 669 3656 720; x_wconf 87' lang='lat' dir='ltr'><strong>ni-</strong></span> 
     </span>
    </p>
   </div>
   <div class='ocr_carea' id='block_1_34' title="bbox 2072 758 3656 831">
    <p class='ocr_par' dir='ltr' id='par_1_34' title="bbox 2072 758 3656 831">
     <span class='ocr_line' id='line_1_34' title="bbox 2072 758 3656 831; baseline -0.002 -19"><span class='ocrx_word' id='word_1_242' title='bbox 2072 761 2146 813; x_wconf 91' lang='lat' dir='ltr'><strong>hil</strong></span> <span class='ocrx_word' id='word_1_243' title='bbox 2187 763 2412 815; x_wconf 86' lang='lat' dir='ltr'><strong>omnino</strong></span> <span class='ocrx_word' id='word_1_244' title='bbox 2467 763 2667 831; x_wconf 85' lang='lat' dir='ltr'><strong>proprii</strong></span> <span class='ocrx_word' id='word_1_245' title='bbox 2726 761 3136 830; x_wconf 80' lang='lat' dir='ltr'><strong>possidealurin</strong></span> <span class='ocrx_word' id='word_1_246' title='bbox 3173 760 3275 813; x_wconf 90' lang='lat' dir='ltr'><strong>hac</strong></span> <span class='ocrx_word' id='word_1_247' title='bbox 3307 759 3436 811; x_wconf 89' lang='lat' dir='ltr'><strong>vita.</strong></span> <span class='ocrx_word' id='word_1_248' title='bbox 3471 758 3656 825; x_wconf 75' lang='lat' dir='ltr'><strong>Neque</strong></span> 
     </span>
    </p>
   </div>
   <div class='ocr_carea' id='block_1_35' title="bbox 2072 851 3649 921">
    <p class='ocr_par' dir='ltr' id='par_1_35' title="bbox 2072 851 3649 921">
     <span class='ocr_line' id='line_1_35' title="bbox 2072 851 3649 921; baseline -0.003 -15"><span class='ocrx_word' id='word_1_249' title='bbox 2072 854 2330 908; x_wconf 83' lang='lat' dir='ltr'><strong>continuo</strong></span> <span class='ocrx_word' id='word_1_250' title='bbox 2395 855 2696 909; x_wconf 88' lang='lat' dir='ltr'><strong>timendum</strong></span> <span class='ocrx_word' id='word_1_251' title='bbox 2757 864 2859 915; x_wconf 85' lang='lat' dir='ltr'><strong>cst,</strong></span> <span class='ocrx_word' id='word_1_252' title='bbox 2907 868 2974 908; x_wconf 89' lang='lat' dir='ltr'><strong>ne</strong></span> <span class='ocrx_word' id='word_1_253' title='bbox 3039 862 3133 906; x_wconf 90' lang='lat' dir='ltr'><strong>aut</strong></span> <span class='ocrx_word' id='word_1_254' title='bbox 3185 853 3342 921; x_wconf 85' lang='lat' dir='ltr'><strong>panis</strong></span> <span class='ocrx_word' id='word_1_255' title='bbox 3400 861 3492 904; x_wconf 91' lang='lat' dir='ltr'><strong>aut</strong></span> <span class='ocrx_word' id='word_1_256' title='bbox 3521 851 3649 917; x_wconf 86' lang='lat' dir='ltr'><strong>quid</strong></span> 
     </span>
    </p>
   </div>
   <div class='ocr_carea' id='block_1_36' title="bbox 2072 944 3651 1016">
    <p class='ocr_par' dir='ltr' id='par_1_36' title="bbox 2072 944 3651 1016">
     <span class='ocr_line' id='line_1_36' title="bbox 2072 944 3651 1016; baseline -0.002 -19"><span class='ocrx_word' id='word_1_257' title='bbox 2072 946 2241 1010; x_wconf 86' lang='lat' dir='ltr'><strong>aliud,</strong></span> <span class='ocrx_word' id='word_1_258' title='bbox 2281 963 2391 1016; x_wconf 91' lang='lat' dir='ltr'><strong>quo</strong></span> <span class='ocrx_word' id='word_1_259' title='bbox 2450 947 2694 1014; x_wconf 86' lang='lat' dir='ltr'><strong>indigent</strong></span> <span class='ocrx_word' id='word_1_260' title='bbox 2752 945 2940 998; x_wconf 74' lang='lat' dir='ltr'><strong>{alnuli</strong></span> <span class='ocrx_word' id='word_1_261' title='bbox 2995 944 3110 1008; x_wconf 88' lang='lat' dir='ltr'><strong>Dei,</strong></span> <span class='ocrx_word' id='word_1_262' title='bbox 3161 953 3212 998; x_wconf 89' lang='lat' dir='ltr'><strong>te</strong></span> <span class='ocrx_word' id='word_1_263' title='bbox 3253 944 3494 998; x_wconf 82' lang='lat' dir='ltr'><strong>deﬁciat.</strong></span> <span class='ocrx_word' id='word_1_264' title='bbox 3518 944 3651 995; x_wconf 88' lang='lat' dir='ltr'><strong>Cum</strong></span> 
     </span>
    </p>
   </div>
   <div class='ocr_carea' id='block_1_37' title="bbox 2071 1035 3651 1103">
    <p class='ocr_par' dir='ltr' id='par_1_37' title="bbox 2071 1035 3651 1103">
     <span class='ocr_line' id='line_1_37' title="bbox 2071 1035 3651 1103; baseline -0.004 -10"><span class='ocrx_word' id='word_1_265' title='bbox 2071 1037 2214 1093; x_wconf 85' lang='lat' dir='ltr'><strong>enim</strong></span> <span class='ocrx_word' id='word_1_266' title='bbox 2274 1039 2539 1099; x_wconf 78' lang='lat' dir='ltr'><strong>inﬁdeles.</strong></span> <span class='ocrx_word' id='word_1_267' title='bbox 2599 1047 2957 1100; x_wconf 84' lang='lat' dir='ltr'><strong>Scortatores,</strong></span> <span class='ocrx_word' id='word_1_268' title='bbox 3026 1036 3328 1096; x_wconf 86' lang='lat' dir='ltr'><strong>adulteros,</strong></span> <span class='ocrx_word' id='word_1_269' title='bbox 3388 1035 3651 1103; x_wconf 81' lang='lat' dir='ltr'><strong>ingratos.</strong></span> 
     </span>
    </p>
   </div>
   <div class='ocr_carea' id='block_1_38' title="bbox 2071 1125 3652 1200">
    <p class='ocr_par' dir='ltr' id='par_1_38' title="bbox 2071 1125 3652 1200">
     <span class='ocr_line' id='line_1_38' title="bbox 2071 1125 3652 1200; baseline -0.003 -18"><span class='ocrx_word' id='word_1_270' title='bbox 2071 1145 2370 1200; x_wconf 77' lang='lat' dir='ltr'><strong>ornnesqne</strong></span> <span class='ocrx_word' id='word_1_271' title='bbox 2404 1129 2722 1197; x_wconf 89' lang='lat' dir='ltr'><strong>turpitudini</strong></span> <span class='ocrx_word' id='word_1_272' title='bbox 2754 1138 2804 1183; x_wconf 91' lang='lat' dir='ltr'><strong>et</strong></span> <span class='ocrx_word' id='word_1_273' title='bbox 2825 1129 3062 1197; x_wconf 74' lang='lat' dir='ltr'><strong>peccatis</strong></span> <span class='ocrx_word' id='word_1_274' title='bbox 3083 1127 3346 1187; x_wconf 87' lang='lat' dir='ltr'><strong>addictos.</strong></span> <span class='ocrx_word' id='word_1_275' title='bbox 3373 1125 3652 1195; x_wconf 85' lang='lat' dir='ltr'><strong>benignis-</strong></span> 
     </span>
    </p>
   </div>
   <div class='ocr_carea' id='block_1_39' title="bbox 2072 1218 3650 1290">
    <p class='ocr_par' dir='ltr' id='par_1_39' title="bbox 2072 1218 3650 1290">
     <span class='ocr_line' id='line_1_39' title="bbox 2072 1218 3650 1290; baseline -0.004 -14"><span class='ocrx_word' id='word_1_276' title='bbox 2072 1223 2208 1276; x_wconf 84' lang='lat' dir='ltr'><strong>sime</strong></span> <span class='ocrx_word' id='word_1_277' title='bbox 2237 1230 2488 1290; x_wconf 80' lang='lat' dir='ltr'><strong>aspergat</strong></span> <span class='ocrx_word' id='word_1_278' title='bbox 2517 1236 2636 1274; x_wconf 80' lang='lat' dir='ltr'><strong>rore</strong></span> <span class='ocrx_word' id='word_1_279' title='bbox 2659 1235 2761 1273; x_wconf 84' lang='lat' dir='ltr'><strong>suo</strong></span> <span class='ocrx_word' id='word_1_280' title='bbox 2795 1220 3110 1288; x_wconf 89' lang='lat' dir='ltr'><strong>nutriatqnc</strong></span> <span class='ocrx_word' id='word_1_281' title='bbox 3137 1218 3435 1281; x_wconf 85' lang='lat' dir='ltr'><strong>Dominus;</strong></span> <span class='ocrx_word' id='word_1_282' title='bbox 3476 1233 3650 1285; x_wconf 81' lang='lat' dir='ltr'><strong>quan-</strong></span> 
     </span>
    </p>
   </div>
   <div class='ocr_carea' id='block_1_40' title="bbox 2074 1310 3653 1382">
    <p class='ocr_par' dir='ltr' id='par_1_40' title="bbox 2074 1310 3653 1382">
     <span class='ocr_line' id='line_1_40' title="bbox 2074 1310 3653 1382; baseline -0.004 -15"><span class='ocrx_word' id='word_1_283' title='bbox 2074 1324 2126 1367; x_wconf 88' lang='lat' dir='ltr'><strong>to</strong></span> <span class='ocrx_word' id='word_1_284' title='bbox 2178 1315 2372 1381; x_wconf 88' lang='lat' dir='ltr'><strong>potiori</strong></span> <span class='ocrx_word' id='word_1_285' title='bbox 2425 1313 2550 1382; x_wconf 87' lang='lat' dir='ltr'><strong>jure</strong></span> <span class='ocrx_word' id='word_1_286' title='bbox 2584 1312 2811 1366; x_wconf 79' lang='lat' dir='ltr'><strong>ﬁdeliter</strong></span> <span class='ocrx_word' id='word_1_287' title='bbox 2866 1311 2967 1364; x_wconf 83' lang='lat' dir='ltr'><strong>sibi</strong></span> <span class='ocrx_word' id='word_1_288' title='bbox 3005 1312 3308 1366; x_wconf 85' lang='lat' dir='ltr'><strong>servientes</strong></span> <span class='ocrx_word' id='word_1_289' title='bbox 3357 1310 3516 1362; x_wconf 86' lang='lat' dir='ltr'><strong>donis</strong></span> <span class='ocrx_word' id='word_1_290' title='bbox 3539 1314 3653 1370; x_wconf 79' lang='lat' dir='ltr'><strong>suis</strong></span> 
     </span>
    </p>
   </div>
   <div class='ocr_carea' id='block_1_41' title="bbox 2074 1401 3648 1473">
    <p class='ocr_par' dir='ltr' id='par_1_41' title="bbox 2074 1401 3648 1473">
     <span class='ocr_line' id='line_1_41' title="bbox 2074 1401 3648 1473; baseline -0.003 -16"><span class='ocrx_word' id='word_1_291' title='bbox 2074 1404 2336 1473; x_wconf 83' lang='lat' dir='ltr'><strong>replebit?</strong></span> <span class='ocrx_word' id='word_1_292' title='bbox 2365 1405 2506 1458; x_wconf 79' lang='lat' dir='ltr'><strong>Cave</strong></span> <span class='ocrx_word' id='word_1_293' title='bbox 2537 1403 2614 1457; x_wconf 83' lang='lat' dir='ltr'><strong>sis</strong></span> <span class='ocrx_word' id='word_1_294' title='bbox 2638 1403 2802 1471; x_wconf 82' lang='lat' dir='ltr'><strong>igitur</strong></span> <span class='ocrx_word' id='word_1_295' title='bbox 2826 1403 2987 1456; x_wconf 87' lang='lat' dir='ltr'><strong>dictis</strong></span> <span class='ocrx_word' id='word_1_296' title='bbox 3009 1402 3142 1456; x_wconf 88' lang='lat' dir='ltr'><strong>meis</strong></span> <span class='ocrx_word' id='word_1_297' title='bbox 3161 1417 3324 1454; x_wconf 88' lang='lat' dir='ltr'><strong>aures</strong></span> <span class='ocrx_word' id='word_1_298' title='bbox 3342 1401 3600 1454; x_wconf 83' lang='lat' dir='ltr'><strong>occludas</strong></span> <span class='ocrx_word' id='word_1_299' title='bbox 3634 1420 3648 1453; x_wconf 88' lang='lat'><strong>:</strong></span> 
     </span>
    </p>
   </div>
   <div class='ocr_carea' id='block_1_42' title="bbox 2070 1491 3647 1564">
    <p class='ocr_par' dir='ltr' id='par_1_42' title="bbox 2070 1491 3647 1564">
     <span class='ocr_line' id='line_1_42' title="bbox 2070 1491 3647 1564; baseline -0.003 -16"><span class='ocrx_word' id='word_1_300' title='bbox 2070 1496 2185 1564; x_wconf 82' lang='lat' dir='ltr'><strong>jam</strong></span> <span class='ocrx_word' id='word_1_301' title='bbox 2238 1496 2382 1550; x_wconf 89' lang='lat' dir='ltr'><strong>enim</strong></span> <span class='ocrx_word' id='word_1_302' title='bbox 2439 1509 2467 1546; x_wconf 90' lang='lat' dir='ltr'><strong>a</strong></span> <span class='ocrx_word' id='word_1_303' title='bbox 2496 1493 2765 1562; x_wconf 80' lang='lat' dir='ltr'><strong>principio</strong></span> <span class='ocrx_word' id='word_1_304' title='bbox 2808 1493 2858 1546; x_wconf 89' lang='lat' dir='ltr'><strong>id</strong></span> <span class='ocrx_word' id='word_1_305' title='bbox 2914 1508 3030 1544; x_wconf 88' lang='lat' dir='ltr'><strong>mea</strong></span> <span class='ocrx_word' id='word_1_306' title='bbox 3063 1501 3270 1560; x_wconf 85' lang='lat' dir='ltr'><strong>spectat</strong></span> <span class='ocrx_word' id='word_1_307' title='bbox 3299 1491 3498 1550; x_wconf 79' lang='lat' dir='ltr'><strong>oratio,</strong></span> <span class='ocrx_word' id='word_1_308' title='bbox 3529 1501 3584 1542; x_wconf 92' lang='lat' dir='ltr'><strong>ut</strong></span> <span class='ocrx_word' id='word_1_309' title='bbox 3618 1506 3647 1544; x_wconf 90' lang='lat' dir='ltr'><strong>a</strong></span> 
     </span>
    </p>
   </div>
   <div class='ocr_carea' id='block_1_43' title="bbox 2071 1582 3648 1655">
    <p class='ocr_par' dir='ltr' id='par_1_43' title="bbox 2071 1582 3648 1655">
     <span class='ocr_line' id='line_1_43' title="bbox 2071 1582 3648 1655; baseline -0.004 -15"><span class='ocrx_word' id='word_1_310' title='bbox 2071 1589 2418 1655; x_wconf 78' lang='lat' dir='ltr'><strong>possessione</strong></span> <span class='ocrx_word' id='word_1_311' title='bbox 2458 1586 2768 1640; x_wconf 78' lang='lat' dir='ltr'><strong>divitiarum</strong></span> <span class='ocrx_word' id='word_1_312' title='bbox 2826 1595 2880 1638; x_wconf 88' lang='lat' dir='ltr'><strong>te</strong></span> <span class='ocrx_word' id='word_1_313' title='bbox 2934 1584 3251 1637; x_wconf 80' lang='lat' dir='ltr'><strong>deterreat:</strong></span> <span class='ocrx_word' id='word_1_314' title='bbox 3298 1582 3582 1651; x_wconf 84' lang='lat' dir='ltr'><strong>quoniam,</strong></span> <span class='ocrx_word' id='word_1_315' title='bbox 3605 1583 3648 1636; x_wconf 83' lang='lat' dir='ltr'><strong>si</strong></span> 
     </span>
    </p>
   </div>
   <div class='ocr_carea' id='block_1_44' title="bbox 2073 1673 3648 1742">
    <p class='ocr_par' dir='ltr' id='par_1_44' title="bbox 2073 1673 3648 1742">
     <span class='ocr_line' id='line_1_44' title="bbox 2073 1673 3648 1742; baseline -0.006 -6"><span class='ocrx_word' id='word_1_316' title='bbox 2073 1697 2157 1736; x_wconf 87' lang='lat' dir='ltr'><strong>me</strong></span> <span class='ocrx_word' id='word_1_317' title='bbox 2188 1682 2366 1735; x_wconf 75' lang='lat' dir='ltr'><strong>nrinus</strong></span> <span class='ocrx_word' id='word_1_318' title='bbox 2414 1679 2678 1742; x_wconf 84' lang='lat' dir='ltr'><strong>audieris,</strong></span> <span class='ocrx_word' id='word_1_319' title='bbox 2706 1685 2878 1731; x_wconf 87' lang='lat' dir='ltr'><strong>testor</strong></span> <span class='ocrx_word' id='word_1_320' title='bbox 2905 1676 3091 1731; x_wconf 76' lang='lat' dir='ltr'><strong>Jesum</strong></span> <span class='ocrx_word' id='word_1_321' title='bbox 3142 1676 3422 1729; x_wconf 80' lang='lat' dir='ltr'><strong>Chrisutm</strong></span> <span class='ocrx_word' id='word_1_322' title='bbox 3451 1673 3648 1742; x_wconf 75' lang='lat' dir='ltr'><strong>Regem</strong></span> 
     </span>
    </p>
   </div>
   <div class='ocr_carea' id='block_1_45' title="bbox 2073 1765 3649 1838">
    <p class='ocr_par' dir='ltr' id='par_1_45' title="bbox 2073 1765 3649 1838">
     <span class='ocr_line' id='line_1_45' title="bbox 2073 1765 3649 1838; baseline -0.003 -16"><span class='ocrx_word' id='word_1_323' title='bbox 2073 1783 2330 1824; x_wconf 78' lang='lat' dir='ltr'><strong>nosunm</strong></span> <span class='ocrx_word' id='word_1_324' title='bbox 2366 1769 2568 1838; x_wconf 84' lang='lat' dir='ltr'><strong>(viden‘</strong></span> <span class='ocrx_word' id='word_1_325' title='bbox 2603 1767 3141 1838; x_wconf 86' lang='lat' dir='ltr'><strong>diabolum?),illum</strong></span> <span class='ocrx_word' id='word_1_326' title='bbox 3197 1781 3298 1836; x_wconf 86' lang='lat' dir='ltr'><strong>ego</strong></span> <span class='ocrx_word' id='word_1_327' title='bbox 3360 1765 3649 1831; x_wconf 83' lang='lat' dir='ltr'><strong>adversum</strong></span> 
     </span>
    </p>
   </div>
   <div class='ocr_carea' id='block_1_46' title="bbox 1997 1831 2469 1925">
    <p class='ocr_par' dir='ltr' id='par_1_46' title="bbox 1997 1831 2469 1925">
     <span class='ocr_line' id='line_1_46' title="bbox 1997 1831 2469 1925; baseline -0.002 -9"><span class='ocrx_word' id='word_1_328' title='bbox 1997 1831 2040 1891; x_wconf 65' lang='grc' dir='ltr'><strong>Β</strong></span> <span class='ocrx_word' id='word_1_329' title='bbox 2076 1875 2125 1925; x_wconf 82' lang='lat' dir='ltr'><strong>te</strong></span> <span class='ocrx_word' id='word_1_330' title='bbox 2155 1863 2469 1916; x_wconf 85' lang='lat' dir='ltr'><strong>immittam.</strong></span> 
     </span>
    </p>
   </div>
   <div class='ocr_carea' id='block_1_47' title="bbox 2149 1949 3654 2022">
    <p class='ocr_par' dir='ltr' id='par_1_47' title="bbox 2149 1949 3654 2022">
     <span class='ocr_line' id='line_1_47' title="bbox 2149 1949 3654 2022; baseline -0.007 -10"><span class='ocrx_word' id='word_1_331' title='bbox 2149 1954 2270 2012; x_wconf 73' lang='lat'><strong>“9..</strong></span> <span class='ocrx_word' id='word_1_332' title='bbox 2306 1953 2404 2008; x_wconf 88' lang='lat' dir='ltr'><strong>llic</strong></span> <span class='ocrx_word' id='word_1_333' title='bbox 2433 1954 2646 2007; x_wconf 86' lang='lat' dir='ltr'><strong>tandem</strong></span> <span class='ocrx_word' id='word_1_334' title='bbox 2682 1952 2884 2022; x_wconf 86' lang='lat' dir='ltr'><strong>apertis</strong></span> <span class='ocrx_word' id='word_1_335' title='bbox 2910 1952 3074 2008; x_wconf 85' lang='lat' dir='ltr'><strong>animi</strong></span> <span class='ocrx_word' id='word_1_336' title='bbox 3107 1952 3304 2018; x_wconf 85' lang='lat' dir='ltr'><strong>oculis,</strong></span> <span class='ocrx_word' id='word_1_337' title='bbox 3359 1949 3493 2005; x_wconf 85' lang='lat' dir='ltr'><strong>vidit</strong></span> <span class='ocrx_word' id='word_1_338' title='bbox 3533 1963 3654 2003; x_wconf 81' lang='lat' dir='ltr'><strong>mo-</strong></span> 
     </span>
    </p>
   </div>
   <div class='ocr_carea' id='block_1_48' title="bbox 2076 2043 3652 2113">
    <p class='ocr_par' dir='ltr' id='par_1_48' title="bbox 2076 2043 3652 2113">
     <span class='ocr_line' id='line_1_48' title="bbox 2076 2043 3652 2113; baseline -0.004 -15"><span class='ocrx_word' id='word_1_339' title='bbox 2076 2045 2285 2100; x_wconf 85' lang='lat' dir='ltr'><strong>nacbus</strong></span> <span class='ocrx_word' id='word_1_340' title='bbox 2345 2047 2643 2108; x_wconf 90' lang='lat' dir='ltr'><strong>diabolum,</strong></span> <span class='ocrx_word' id='word_1_341' title='bbox 2709 2043 2984 2112; x_wconf 73' lang='lat' dir='ltr'><strong>AStbiopis</strong></span> <span class='ocrx_word' id='word_1_342' title='bbox 3039 2043 3509 2113; x_wconf 81' lang='lat' dir='ltr'><strong>forma,.nigrum,</strong></span> <span class='ocrx_word' id='word_1_343' title='bbox 3545 2050 3652 2094; x_wconf 89' lang='lat' dir='ltr'><strong>tor-</strong></span> 
     </span>
    </p>
   </div>
   <div class='ocr_carea' id='block_1_49' title="bbox 2073 2134 3653 2205">
    <p class='ocr_par' dir='ltr' id='par_1_49' title="bbox 2073 2134 3653 2205">
     <span class='ocr_line' id='line_1_49' title="bbox 2073 2134 3653 2205; baseline -0.002 -17"><span class='ocrx_word' id='word_1_344' title='bbox 2073 2151 2327 2204; x_wconf 85' lang='lat' dir='ltr'><strong>vumque,</strong></span> <span class='ocrx_word' id='word_1_345' title='bbox 2385 2136 2597 2190; x_wconf 86' lang='lat' dir='ltr'><strong>eminus</strong></span> <span class='ocrx_word' id='word_1_346' title='bbox 2659 2146 2860 2200; x_wconf 90' lang='lat' dir='ltr'><strong>tamen,</strong></span> <span class='ocrx_word' id='word_1_347' title='bbox 2912 2137 3054 2204; x_wconf 91' lang='lat' dir='ltr'><strong>quod</strong></span> <span class='ocrx_word' id='word_1_348' title='bbox 3108 2137 3385 2205; x_wconf 83' lang='lat' dir='ltr'><strong>prOprium</strong></span> <span class='ocrx_word' id='word_1_349' title='bbox 3421 2134 3653 2186; x_wconf 76' lang='lat' dir='ltr'><strong>Andrea:</strong></span> 
     </span>
    </p>
   </div>
   <div class='ocr_carea' id='block_1_50' title="bbox 2072 2227 3652 2297">
    <p class='ocr_par' dir='ltr' id='par_1_50' title="bbox 2072 2227 3652 2297">
     <span class='ocr_line' id='line_1_50' title="bbox 2072 2227 3652 2297; baseline -0.001 -15"><span class='ocrx_word' id='word_1_350' title='bbox 2072 2242 2422 2297; x_wconf 85' lang='lat' dir='ltr'><strong>c0ngressum</strong></span> <span class='ocrx_word' id='word_1_351' title='bbox 2457 2242 2565 2280; x_wconf 88' lang='lat' dir='ltr'><strong>non</strong></span> <span class='ocrx_word' id='word_1_352' title='bbox 2607 2229 2788 2289; x_wconf 79' lang='lat' dir='ltr'><strong>ferret,</strong></span> <span class='ocrx_word' id='word_1_353' title='bbox 2826 2229 3249 2292; x_wconf 78' lang='lat' dir='ltr'><strong>consistentem;</strong></span> <span class='ocrx_word' id='word_1_354' title='bbox 3300 2227 3652 2282; x_wconf 81' lang='lat' dir='ltr'><strong>exclamavit-</strong></span> 
     </span>
    </p>
   </div>
   <div class='ocr_carea' id='block_1_51' title="bbox 2071 2318 3650 2389">
    <p class='ocr_par' dir='ltr' id='par_1_51' title="bbox 2071 2318 3650 2389">
     <span class='ocr_line' id='line_1_51' title="bbox 2071 2318 3650 2389; baseline 0.002 -19"><span class='ocrx_word' id='word_1_355' title='bbox 2071 2337 2229 2389; x_wconf 89' lang='lat' dir='ltr'><strong>qne:</strong></span> <span class='ocrx_word' id='word_1_356' title='bbox 2279 2318 2487 2389; x_wconf 75' lang='lat' dir='ltr'><strong>Ipsum.</strong></span> <span class='ocrx_word' id='word_1_357' title='bbox 2530 2319 2717 2384; x_wconf 82' lang='lat' dir='ltr'><strong>video,</strong></span> <span class='ocrx_word' id='word_1_358' title='bbox 2779 2336 2937 2388; x_wconf 86' lang='lat' dir='ltr'><strong>quem</strong></span> <span class='ocrx_word' id='word_1_359' title='bbox 3004 2320 3172 2384; x_wconf 86' lang='lat' dir='ltr'><strong>dicis;</strong></span> <span class='ocrx_word' id='word_1_360' title='bbox 3238 2335 3367 2388; x_wconf 88' lang='lat' dir='ltr'><strong>age,</strong></span> <span class='ocrx_word' id='word_1_361' title='bbox 3447 2319 3650 2375; x_wconf 80' lang='lat' dir='ltr'><strong>l&#39;amule</strong></span> 
     </span>
    </p>
   </div>
   <div class='ocr_carea' id='block_1_52' title="bbox 2073 2411 3650 2480">
    <p class='ocr_par' dir='ltr' id='par_1_52' title="bbox 2073 2411 3650 2480">
     <span class='ocr_line' id='line_1_52' title="bbox 2073 2411 3650 2480; baseline 0.001 -18"><span class='ocrx_word' id='word_1_362' title='bbox 2073 2412 2186 2476; x_wconf 66' lang='grc' dir='ltr'>υυῑ,</span> <span class='ocrx_word' id='word_1_363' title='bbox 2243 2415 2370 2480; x_wconf 89' lang='lat' dir='ltr'><strong>quid</strong></span> <span class='ocrx_word' id='word_1_364' title='bbox 2429 2419 2794 2480; x_wconf 72' lang='lat' dir='ltr'><strong>congruenter</strong></span> <span class='ocrx_word' id='word_1_365' title='bbox 2837 2412 2999 2464; x_wconf 87' lang='lat' dir='ltr'><strong>saluti</strong></span> <span class='ocrx_word' id='word_1_366' title='bbox 3041 2413 3238 2464; x_wconf 74' lang='lat' dir='ltr'><strong>anima:</strong></span> <span class='ocrx_word' id='word_1_367' title='bbox 3287 2428 3419 2464; x_wconf 68' lang='lat' dir='ltr'><strong>meae</strong></span> <span class='ocrx_word' id='word_1_368' title='bbox 3442 2411 3650 2465; x_wconf 77' lang='lat' dir='ltr'><strong>facien-</strong></span> 
     </span>
    </p>
   </div>
   <div class='ocr_carea' id='block_1_53' title="bbox 2070 2500 3646 2572">
    <p class='ocr_par' dir='ltr' id='par_1_53' title="bbox 2070 2500 3646 2572">
     <span class='ocr_line' id='line_1_53' title="bbox 2070 2500 3646 2572; baseline -0.002 -15"><span class='ocrx_word' id='word_1_369' title='bbox 2070 2504 2197 2557; x_wconf 90' lang='lat' dir='ltr'><strong>dum</strong></span> <span class='ocrx_word' id='word_1_370' title='bbox 2262 2504 2352 2566; x_wconf 83' lang='lat' dir='ltr'><strong>sit,</strong></span> <span class='ocrx_word' id='word_1_371' title='bbox 2407 2516 2640 2572; x_wconf 78' lang='lat' dir='ltr'><strong>expone.</strong></span> <span class='ocrx_word' id='word_1_372' title='bbox 2684 2500 2822 2554; x_wconf 89' lang='lat' dir='ltr'><strong>Tum</strong></span> <span class='ocrx_word' id='word_1_373' title='bbox 2870 2503 2957 2556; x_wconf 87' lang='lat' dir='ltr'><strong>ille</strong></span> <span class='ocrx_word' id='word_1_374' title='bbox 3018 2518 3239 2556; x_wconf 87' lang='lat' dir='ltr'><strong>rursum</strong></span> <span class='ocrx_word' id='word_1_375' title='bbox 3320 2502 3646 2570; x_wconf 74' lang='lat' dir='ltr'><strong>exeipicns’:</strong></span> 
     </span>
    </p>
   </div>
   <div class='ocr_carea' id='block_1_54' title="bbox 2067 2593 3650 2662">
    <p class='ocr_par' dir='ltr' id='par_1_54' title="bbox 2067 2593 3650 2662">
     <span class='ocr_line' id='line_1_54' title="bbox 2067 2593 3650 2662; baseline -0.003 -14"><span class='ocrx_word' id='word_1_376' title='bbox 2067 2595 2267 2649; x_wconf 79' lang='lat' dir='ltr'><strong>Credas</strong></span> <span class='ocrx_word' id='word_1_377' title='bbox 2344 2593 2530 2658; x_wconf 71' lang='lat' dir='ltr'><strong>velim,</strong></span> <span class='ocrx_word' id='word_1_378' title='bbox 2589 2595 2782 2662; x_wconf 88' lang='lat' dir='ltr'><strong>inquit,</strong></span> <span class='ocrx_word' id='word_1_379' title='bbox 2840 2594 2883 2646; x_wconf 88' lang='lat' dir='ltr'><strong>si</strong></span> <span class='ocrx_word' id='word_1_380' title='bbox 2943 2607 3048 2646; x_wconf 90' lang='lat' dir='ltr'><strong>non</strong></span> <span class='ocrx_word' id='word_1_381' title='bbox 3092 2593 3334 2647; x_wconf 81' lang='lat' dir='ltr'><strong>audieris</strong></span> <span class='ocrx_word' id='word_1_382' title='bbox 3393 2609 3499 2657; x_wconf 88' lang='lat' dir='ltr'><strong>me,</strong></span> <span class='ocrx_word' id='word_1_383' title='bbox 3543 2595 3650 2645; x_wconf 73' lang='lat' dir='ltr'><strong>da:-</strong></span> 
     </span>
    </p>
   </div>
   <div class='ocr_carea' id='block_1_55' title="bbox 2071 2683 3650 2752">
    <p class='ocr_par' dir='ltr' id='par_1_55' title="bbox 2071 2683 3650 2752">
     <span class='ocr_line' id='line_1_55' title="bbox 2071 2683 3650 2752; baseline -0.002 -15"><span class='ocrx_word' id='word_1_384' title='bbox 2071 2700 2283 2737; x_wconf 88' lang='lat' dir='ltr'><strong>monem</strong></span> <span class='ocrx_word' id='word_1_385' title='bbox 2337 2685 2516 2747; x_wconf 92' lang='lat' dir='ltr'><strong>hunc,</strong></span> <span class='ocrx_word' id='word_1_386' title='bbox 2566 2692 2623 2737; x_wconf 93' lang='lat' dir='ltr'><strong>ut</strong></span> <span class='ocrx_word' id='word_1_387' title='bbox 2686 2691 2738 2737; x_wconf 88' lang='lat' dir='ltr'><strong>te</strong></span> <span class='ocrx_word' id='word_1_388' title='bbox 2792 2683 3074 2752; x_wconf 76' lang='lat' dir='ltr'><strong>exagitet,</strong></span> <span class='ocrx_word' id='word_1_389' title='bbox 3113 2700 3198 2737; x_wconf 88' lang='lat' dir='ltr'><strong>me</strong></span> <span class='ocrx_word' id='word_1_390' title='bbox 3237 2683 3650 2746; x_wconf 87' lang='lat' dir='ltr'><strong>imn.issurum,</strong></span> 
     </span>
    </p>
   </div>
   <div class='ocr_carea' id='block_1_56' title="bbox 2066 2775 3654 2846">
    <p class='ocr_par' dir='ltr' id='par_1_56' title="bbox 2066 2775 3654 2846">
     <span class='ocr_line' id='line_1_56' title="bbox 2066 2775 3654 2846; baseline 0.002 -22"><span class='ocrx_word' id='word_1_391' title='bbox 2066 2793 2197 2846; x_wconf 79' lang='lat' dir='ltr'><strong>quo,</strong></span> <span class='ocrx_word' id='word_1_392' title='bbox 2257 2791 2380 2830; x_wconf 89' lang='lat' dir='ltr'><strong>cum</strong></span> <span class='ocrx_word' id='word_1_393' title='bbox 2420 2776 2599 2829; x_wconf 74' lang='lat' dir='ltr'><strong>rullus</strong></span> <span class='ocrx_word' id='word_1_394' title='bbox 2658 2777 2733 2830; x_wconf 90' lang='lat' dir='ltr'><strong>tui</strong></span> <span class='ocrx_word' id='word_1_395' title='bbox 2773 2777 3120 2839; x_wconf 80' lang='lat' dir='ltr'><strong>confusione,</strong></span> <span class='ocrx_word' id='word_1_396' title='bbox 3160 2776 3460 2830; x_wconf 80' lang='lat' dir='ltr'><strong>enormitas</strong></span> <span class='ocrx_word' id='word_1_397' title='bbox 3482 2775 3654 2829; x_wconf 52' lang='lat' dir='ltr'><strong>scelc-</strong></span> 
     </span>
    </p>
   </div>
   <div class='ocr_carea' id='block_1_57' title="bbox 2068 2868 3647 2939">
    <p class='ocr_par' dir='ltr' id='par_1_57' title="bbox 2068 2868 3647 2939">
     <span class='ocr_line' id='line_1_57' title="bbox 2068 2868 3647 2939; baseline -0.002 -18"><span class='ocrx_word' id='word_1_398' title='bbox 2068 2871 2140 2924; x_wconf 83' lang='lat' dir='ltr'><strong>ris</strong></span> <span class='ocrx_word' id='word_1_399' title='bbox 2204 2886 2308 2923; x_wconf 82' lang='lat' dir='ltr'><strong>non</strong></span> <span class='ocrx_word' id='word_1_400' title='bbox 2353 2871 2512 2925; x_wconf 88' lang='lat' dir='ltr'><strong>modo</strong></span> <span class='ocrx_word' id='word_1_401' title='bbox 2543 2870 2597 2922; x_wconf 81' lang='lat' dir='ltr'><strong>in</strong></span> <span class='ocrx_word' id='word_1_402' title='bbox 2623 2869 2723 2923; x_wconf 87' lang='lat' dir='ltr'><strong>hac</strong></span> <span class='ocrx_word' id='word_1_403' title='bbox 2748 2870 2880 2924; x_wconf 85' lang='lat' dir='ltr'><strong>urbe</strong></span> <span class='ocrx_word' id='word_1_404' title='bbox 2907 2868 3052 2939; x_wconf 88' lang='lat' dir='ltr'><strong>regia</strong></span> <span class='ocrx_word' id='word_1_405' title='bbox 3081 2869 3403 2930; x_wconf 84' lang='lat' dir='ltr'><strong>innotescat,</strong></span> <span class='ocrx_word' id='word_1_406' title='bbox 3461 2882 3647 2921; x_wconf 83' lang='lat' dir='ltr'><strong>verum</strong></span> 
     </span>
    </p>
   </div>
   <div class='ocr_carea' id='block_1_58' title="bbox 2066 2957 3648 3030">
    <p class='ocr_par' dir='ltr' id='par_1_58' title="bbox 2066 2957 3648 3030">
     <span class='ocr_line' id='line_1_58' title="bbox 2066 2957 3648 3030; baseline -0.003 -15"><span class='ocrx_word' id='word_1_407' title='bbox 2066 2965 2130 3015; x_wconf 86' lang='lat' dir='ltr'><strong>ad</strong></span> <span class='ocrx_word' id='word_1_408' title='bbox 2183 2970 2454 3015; x_wconf 75' lang='lat' dir='ltr'><strong>extremas</strong></span> <span class='ocrx_word' id='word_1_409' title='bbox 2509 2976 2723 3030; x_wconf 87' lang='lat' dir='ltr'><strong>quoque</strong></span> <span class='ocrx_word' id='word_1_410' title='bbox 2758 2960 2908 3013; x_wconf 84' lang='lat' dir='ltr'><strong>orbis</strong></span> <span class='ocrx_word' id='word_1_411' title='bbox 2958 2959 3145 3028; x_wconf 85' lang='lat' dir='ltr'><strong>plagas</strong></span> <span class='ocrx_word' id='word_1_412' title='bbox 3174 2959 3474 3013; x_wconf 76' lang='lat' dir='ltr'><strong>deferatur.</strong></span> <span class='ocrx_word' id='word_1_413' title='bbox 3517 2957 3648 3010; x_wconf 80' lang='lat' dir='ltr'><strong>Vide</strong></span> 
     </span>
    </p>
   </div>
   <div class='ocr_carea' id='block_1_59' title="bbox 2067 3049 3649 3123">
    <p class='ocr_par' dir='ltr' id='par_1_59' title="bbox 2067 3049 3649 3123">
     <span class='ocr_line' id='line_1_59' title="bbox 2067 3049 3649 3123; baseline -0.004 -17"><span class='ocrx_word' id='word_1_414' title='bbox 2067 3055 2250 3123; x_wconf 82' lang='lat' dir='ltr'><strong>igitur,</strong></span> <span class='ocrx_word' id='word_1_415' title='bbox 2306 3069 2392 3113; x_wconf 89' lang='lat' dir='ltr'><strong>ne,</strong></span> <span class='ocrx_word' id='word_1_416' title='bbox 2449 3068 2570 3121; x_wconf 71' lang='lat' dir='ltr'><strong>qua:</strong></span> <span class='ocrx_word' id='word_1_417' title='bbox 2635 3051 2910 3110; x_wconf 85' lang='lat' dir='ltr'><strong>mandavi,</strong></span> <span class='ocrx_word' id='word_1_418' title='bbox 2958 3050 3320 3114; x_wconf 75' lang='lat' dir='ltr'><strong>obliviscaris,</strong></span> <span class='ocrx_word' id='word_1_419' title='bbox 3376 3049 3466 3102; x_wconf 85' lang='lat' dir='ltr'><strong>sed</strong></span> <span class='ocrx_word' id='word_1_420' title='bbox 3492 3061 3649 3102; x_wconf 83' lang='lat' dir='ltr'><strong>exse-</strong></span> 
     </span>
    </p>
   </div>
   <div class='ocr_carea' id='block_1_60' title="bbox 382 3140 1963 3226">
    <p class='ocr_par' dir='ltr' id='par_1_60' title="bbox 382 3151 1958 3226">
     <span class='ocr_line' id='line_1_60' title="bbox 382 3151 1958 3226; baseline 0.003 -22"><span class='ocrx_word' id='word_1_421' title='bbox 382 3154 489 3204; x_wconf 72' lang='grc' dir='ltr'>ὃσα</span> <span class='ocrx_word' id='word_1_422' title='bbox 512 3151 808 3207; x_wconf 67' lang='grc' dir='ltr'>ἐνετείλατο</span> <span class='ocrx_word' id='word_1_423' title='bbox 840 3151 1005 3222; x_wconf 75' lang='grc' dir='ltr'>αὐτῷ.</span> <span class='ocrx_word' id='word_1_424' title='bbox 1054 3152 1142 3215; x_wconf 83' lang='lat'><strong>&#39;0;</strong></span> <span class='ocrx_word' id='word_1_425' title='bbox 1171 3153 1228 3205; x_wconf 80' lang='grc' dir='ltr'><strong>δὲ</strong></span> <span class='ocrx_word' id='word_1_426' title='bbox 1263 3155 1536 3221; x_wconf 81' lang='grc' dir='ltr'>συνέθετο,</span> <span class='ocrx_word' id='word_1_427' title='bbox 1571 3157 1673 3226; x_wconf 82' lang='grc' dir='ltr'><strong>ὁρᾷ</strong></span> <span class='ocrx_word' id='word_1_428' title='bbox 1702 3157 1958 3219; x_wconf 80' lang='grc' dir='ltr'><strong>ὀΔίκαιος</strong></span> 
     </span>
    </p>
   </div>
   <div class='ocr_carea' id='block_1_61' title="bbox 2065 3140 3646 3226">
    <p class='ocr_par' dir='ltr' id='par_1_61' title="bbox 2065 3140 3646 3212">
     <span class='ocr_line' id='line_1_61' title="bbox 2065 3140 3646 3212; baseline -0.005 -12"><span class='ocrx_word' id='word_1_429' title='bbox 2065 3146 2267 3200; x_wconf 80' lang='lat' dir='ltr'><strong>cutioui</strong></span> <span class='ocrx_word' id='word_1_430' title='bbox 2331 3145 2616 3212; x_wconf 78' lang='lat' dir='ltr'><strong>diligenter</strong></span> <span class='ocrx_word' id='word_1_431' title='bbox 2696 3143 2914 3196; x_wconf 84' lang='lat' dir='ltr'><strong>manda.</strong></span> <span class='ocrx_word' id='word_1_432' title='bbox 2993 3140 3088 3196; x_wconf 85' lang='lat' dir='ltr'><strong>His</strong></span> <span class='ocrx_word' id='word_1_433' title='bbox 3152 3141 3346 3195; x_wconf 83' lang='lat' dir='ltr'><strong>iterum</strong></span> <span class='ocrx_word' id='word_1_434' title='bbox 3405 3141 3646 3203; x_wconf 75' lang='lat' dir='ltr'><strong>auditis,</strong></span> 
     </span>
    </p>
   </div>
   <div class='ocr_carea' id='block_1_62' title="bbox 390 3238 1960 3317">
    <p class='ocr_par' dir='ltr' id='par_1_62' title="bbox 390 3238 1960 3317">
     <span class='ocr_line' id='line_1_62' title="bbox 390 3238 1960 3317; baseline 0.004 -23"><span class='ocrx_word' id='word_1_435' title='bbox 390 3244 476 3300; x_wconf 82' lang='grc' dir='ltr'>ὅτι</span> <span class='ocrx_word' id='word_1_436' title='bbox 503 3238 669 3312; x_wconf 76' lang='grc' dir='ltr'>ἦλθεν</span> <span class='ocrx_word' id='word_1_437' title='bbox 714 3241 773 3306; x_wconf 77' lang='grc' dir='ltr'><strong>ἐξ</strong></span> <span class='ocrx_word' id='word_1_438' title='bbox 812 3243 1086 3296; x_wconf 78' lang='grc' dir='ltr'>ἀνατολῶν</span> <span class='ocrx_word' id='word_1_439' title='bbox 1117 3244 1336 3313; x_wconf 75' lang='grc' dir='ltr'>πνεῦμα</span> <span class='ocrx_word' id='word_1_440' title='bbox 1369 3246 1625 3315; x_wconf 83' lang='grc' dir='ltr'>κραταιὸν</span> <span class='ocrx_word' id='word_1_441' title='bbox 1654 3246 1728 3309; x_wconf 79' lang='grc' dir='ltr'><strong>ὼς</strong></span> <span class='ocrx_word' id='word_1_442' title='bbox 1757 3249 1960 3317; x_wconf 82' lang='grc' dir='ltr'>ἀστρα-</span> 
     </span>
    </p>
   </div>
   <div class='ocr_carea' id='block_1_63' title="bbox 389 3334 1963 3410">
    <p class='ocr_par' dir='ltr' id='par_1_63' title="bbox 389 3334 1963 3410">
     <span class='ocr_line' id='line_1_63' title="bbox 389 3334 1963 3410; baseline 0.001 -23"><span class='ocrx_word' id='word_1_443' title='bbox 389 3337 492 3405; x_wconf 83' lang='grc' dir='ltr'><strong>πὴ,</strong></span> <span class='ocrx_word' id='word_1_444' title='bbox 515 3336 610 3390; x_wconf 80' lang='grc' dir='ltr'>καὶ</span> <span class='ocrx_word' id='word_1_445' title='bbox 649 3335 824 3404; x_wconf 69' lang='grc' dir='ltr'>ἥψατο</span> <span class='ocrx_word' id='word_1_446' title='bbox 856 3335 949 3389; x_wconf 89' lang='grc' dir='ltr'><strong>τοῦ</strong></span> <span class='ocrx_word' id='word_1_447' title='bbox 975 3334 1290 3404; x_wconf 76' lang='grc' dir='ltr'>δράκοντος,</span> <span class='ocrx_word' id='word_1_448' title='bbox 1323 3337 1619 3390; x_wconf 84' lang='grc' dir='ltr'>δαπανῶσα</span> <span class='ocrx_word' id='word_1_449' title='bbox 1652 3339 1816 3392; x_wconf 78' lang='grc' dir='ltr'>αὑτοῦ</span> <span class='ocrx_word' id='word_1_450' title='bbox 1862 3341 1963 3410; x_wconf 79' lang='grc' dir='ltr'>τὴν</span> 
     </span>
    </p>
   </div>
   <div class='ocr_carea' id='block_1_64' title="bbox 391 3426 1957 3501">
    <p class='ocr_par' dir='ltr' id='par_1_64' title="bbox 391 3426 1957 3501">
     <span class='ocr_line' id='line_1_64' title="bbox 391 3426 1957 3501; baseline 0.002 -22"><span class='ocrx_word' id='word_1_451' title='bbox 391 3426 585 3496; x_wconf 76' lang='grc' dir='ltr'>ἰσχῠνο</span> <span class='ocrx_word' id='word_1_452' title='bbox 614 3429 642 3479; x_wconf 86' lang='grc' dir='ltr'><strong>ὀ</strong></span> <span class='ocrx_word' id='word_1_453' title='bbox 677 3428 734 3483; x_wconf 79' lang='grc' dir='ltr'><strong>δὲ</strong></span> <span class='ocrx_word' id='word_1_454' title='bbox 764 3428 839 3496; x_wconf 82' lang='grc' dir='ltr'>μὴ</span> <span class='ocrx_word' id='word_1_455' title='bbox 869 3429 1069 3497; x_wconf 77' lang='grc' dir='ltr'>φέρων,</span> <span class='ocrx_word' id='word_1_456' title='bbox 1105 3430 1640 3501; x_wconf 75' lang='grc' dir='ltr'>μετασχηματισθεὶς</span> <span class='ocrx_word' id='word_1_457' title='bbox 1674 3433 1750 3492; x_wconf 67' lang='grc' dir='ltr'><strong>εἰς</strong></span> <span class='ocrx_word' id='word_1_458' title='bbox 1791 3433 1957 3499; x_wconf 73' lang='grc' dir='ltr'>κόρα-</span> 
     </span>
    </p>
   </div>
   <div class='ocr_carea' id='block_1_65' title="bbox 387 3518 1958 3591">
    <p class='ocr_par' dir='ltr' id='par_1_65' title="bbox 387 3518 1958 3591">
     <span class='ocr_line' id='line_1_65' title="bbox 387 3518 1958 3591; baseline 0.003 -22"><span class='ocrx_word' id='word_1_459' title='bbox 387 3533 482 3588; x_wconf 63' lang='grc' dir='ltr'><strong>ρα,</strong></span> <span class='ocrx_word' id='word_1_460' title='bbox 539 3518 776 3585; x_wconf 76' lang='grc' dir='ltr'><strong>ἄφαντος</strong></span> <span class='ocrx_word' id='word_1_461' title='bbox 832 3519 1049 3586; x_wconf 65' lang='grc' dir='ltr'>ἐγένετο</span> <span class='ocrx_word' id='word_1_462' title='bbox 1085 3521 1194 3571; x_wconf 84' lang='grc' dir='ltr'>τῶν</span> <span class='ocrx_word' id='word_1_463' title='bbox 1239 3523 1386 3574; x_wconf 75' lang='grc' dir='ltr'><strong>ἐκεῖ·</strong></span> <span class='ocrx_word' id='word_1_464' title='bbox 1427 3521 1550 3574; x_wconf 81' lang='grc' dir='ltr'>ιδὼν</span> <span class='ocrx_word' id='word_1_465' title='bbox 1604 3521 1660 3573; x_wconf 80' lang='grc' dir='ltr'><strong>δὲ</strong></span> <span class='ocrx_word' id='word_1_466' title='bbox 1703 3524 1729 3573; x_wconf 83' lang='grc' dir='ltr'><strong><em>ὁ</em></strong></span> <span class='ocrx_word' id='word_1_467' title='bbox 1774 3524 1958 3591; x_wconf 72' lang='grc' dir='ltr'>ἕτερος</span> 
     </span>
    </p>
   </div>
   <div class='ocr_carea' id='block_1_66' title="bbox 390 3609 1957 3682">
    <p class='ocr_par' dir='ltr' id='par_1_66' title="bbox 390 3609 1957 3682">
     <span class='ocr_line' id='line_1_66' title="bbox 390 3609 1957 3682; baseline 0.003 -21"><span class='ocrx_word' id='word_1_468' title='bbox 390 3609 604 3678; x_wconf 82' lang='grc' dir='ltr'>μαῦρος</span> <span class='ocrx_word' id='word_1_469' title='bbox 637 3610 730 3662; x_wconf 88' lang='grc' dir='ltr'><strong>τοῦ</strong></span> <span class='ocrx_word' id='word_1_470' title='bbox 766 3611 955 3678; x_wconf 63' lang='grc' dir='ltr'>ἐτέρου</span> <span class='ocrx_word' id='word_1_471' title='bbox 1005 3611 1103 3681; x_wconf 81' lang='grc' dir='ltr'>τὴν</span> <span class='ocrx_word' id='word_1_472' title='bbox 1139 3613 1352 3677; x_wconf 86' lang='grc' dir='ltr'>καῦσιν,</span> <span class='ocrx_word' id='word_1_473' title='bbox 1388 3615 1481 3666; x_wconf 78' lang='grc' dir='ltr'><strong>καὶ</strong></span> <span class='ocrx_word' id='word_1_474' title='bbox 1531 3615 1695 3676; x_wconf 81' lang='grc' dir='ltr'><strong>αὐτὸς</strong></span> <span class='ocrx_word' id='word_1_475' title='bbox 1748 3615 1957 3682; x_wconf 77' lang='grc' dir='ltr'><strong>ἀφανὴς</strong></span> 
     </span>
    </p>
   </div>
   <div class='ocr_carea' id='block_1_67' title="bbox 386 3700 1956 3774">
    <p class='ocr_par' dir='ltr' id='par_1_67' title="bbox 386 3700 1956 3774">
     <span class='ocr_line' id='line_1_67' title="bbox 386 3700 1956 3774; baseline 0.004 -23"><span class='ocrx_word' id='word_1_476' title='bbox 386 3702 608 3767; x_wconf 73' lang='grc' dir='ltr'>ἐγένετο</span> <span class='ocrx_word' id='word_1_477' title='bbox 639 3716 653 3731; x_wconf 78' lang='grc'><strong><em>⁸</em></strong></span> <span class='ocrx_word' id='word_1_478' title='bbox 684 3700 887 3763; x_wconf 73' lang='grc' dir='ltr'>εὐθέως</span> <span class='ocrx_word' id='word_1_479' title='bbox 916 3701 971 3754; x_wconf 87' lang='grc' dir='ltr'><strong>δὲ</strong></span> <span class='ocrx_word' id='word_1_480' title='bbox 1017 3703 1444 3772; x_wconf 78' lang='grc' dir='ltr'>ἀποκατεστάθη</span> <span class='ocrx_word' id='word_1_481' title='bbox 1484 3705 1561 3774; x_wconf 78' lang='grc' dir='ltr'>τῷ</span> <span class='ocrx_word' id='word_1_482' title='bbox 1596 3706 1814 3774; x_wconf 79' lang='grc' dir='ltr'><strong>ἀγγέλῳ</strong></span> <span class='ocrx_word' id='word_1_483' title='bbox 1863 3706 1956 3758; x_wconf 84' lang='grc' dir='ltr'><strong>τοῦ</strong></span> 
     </span>
    </p>
   </div>
   <div class='ocr_carea' id='block_1_68' title="bbox 384 3790 1957 3866">
    <p class='ocr_par' dir='ltr' id='par_1_68' title="bbox 384 3790 1957 3866">
     <span class='ocr_line' id='line_1_68' title="bbox 384 3790 1957 3866; baseline 0.005 -25"><span class='ocrx_word' id='word_1_484' title='bbox 384 3790 525 3848; x_wconf 73' lang='grc' dir='ltr'>Θεοῦ</span> <span class='ocrx_word' id='word_1_485' title='bbox 557 3792 624 3844; x_wconf 80' lang='grc' dir='ltr'>τὰ</span> <span class='ocrx_word' id='word_1_486' title='bbox 655 3793 942 3860; x_wconf 83' lang='grc' dir='ltr'>προτέλεια</span> <span class='ocrx_word' id='word_1_487' title='bbox 981 3794 1080 3862; x_wconf 83' lang='grc' dir='ltr'><strong>τῆς</strong></span> <span class='ocrx_word' id='word_1_488' title='bbox 1118 3797 1432 3858; x_wconf 76' lang='grc' dir='ltr'>συστάσεως</span> <span class='ocrx_word' id='word_1_489' title='bbox 1474 3798 1568 3848; x_wconf 84' lang='grc' dir='ltr'><strong>τοῦ</strong></span> <span class='ocrx_word' id='word_1_490' title='bbox 1609 3798 1819 3866; x_wconf 78' lang='grc' dir='ltr'><strong>ἀνδρός.</strong></span> <span class='ocrx_word' id='word_1_491' title='bbox 1851 3799 1957 3851; x_wconf 80' lang='grc' dir='ltr'><strong>Αὑ-</strong></span> 
     </span>
    </p>
   </div>
   <div class='ocr_carea' id='block_1_69' title="bbox 384 3882 1954 3959">
    <p class='ocr_par' dir='ltr' id='par_1_69' title="bbox 384 3882 1954 3959">
     <span class='ocr_line' id='line_1_69' title="bbox 384 3882 1954 3959; baseline 0.003 -23"><span class='ocrx_word' id='word_1_492' title='bbox 384 3882 481 3936; x_wconf 82' lang='grc' dir='ltr'><strong>τοῦ</strong></span> <span class='ocrx_word' id='word_1_493' title='bbox 509 3884 568 3937; x_wconf 82' lang='grc' dir='ltr'><strong>δὲ</strong></span> <span class='ocrx_word' id='word_1_494' title='bbox 595 3884 877 3952; x_wconf 71' lang='grc' dir='ltr'>μέλλοντος</span> <span class='ocrx_word' id='word_1_495' title='bbox 911 3887 1215 3955; x_wconf 81' lang='grc' dir='ltr'>ἀναχωρεῖν</span> <span class='ocrx_word' id='word_1_496' title='bbox 1264 3886 1323 3950; x_wconf 75' lang='grc' dir='ltr'><strong>ἐξ</strong></span> <span class='ocrx_word' id='word_1_497' title='bbox 1351 3888 1542 3950; x_wconf 82' lang='grc' dir='ltr'>αὐτοῦ,</span> <span class='ocrx_word' id='word_1_498' title='bbox 1582 3893 1954 3959; x_wconf 56' lang='grc' dir='ltr'>παρήγγειλεν</span> 
     </span>
    </p>
   </div>
   <div class='ocr_carea' id='block_1_70' title="bbox 386 3976 1957 4050">
    <p class='ocr_par' dir='ltr' id='par_1_70' title="bbox 386 3976 1957 4050">
     <span class='ocr_line' id='line_1_70' title="bbox 386 3976 1957 4050; baseline 0.002 -19"><span class='ocrx_word' id='word_1_499' title='bbox 386 3976 536 4046; x_wconf 75' lang='grc' dir='ltr'><strong>αὑτῷ</strong></span> <span class='ocrx_word' id='word_1_500' title='bbox 567 3979 595 4028; x_wconf 81' lang='grc' dir='ltr'><strong><em>ὁ</em></strong></span> <span class='ocrx_word' id='word_1_501' title='bbox 624 3977 808 4040; x_wconf 72' lang='lat' dir='ltr'><strong>&quot;Oa-.0;</strong></span> <span class='ocrx_word' id='word_1_502' title='bbox 830 3978 999 4045; x_wconf 78' lang='grc' dir='ltr'>λέγων</span> <span class='ocrx_word' id='word_1_503' title='bbox 1025 3997 1038 4011; x_wconf 88' lang='grc'><strong>·</strong></span> <span class='ocrx_word' id='word_1_504' title='bbox 1065 3979 1224 4048; x_wconf 89' lang='grc' dir='ltr'>Ὅρα,</span> <span class='ocrx_word' id='word_1_505' title='bbox 1273 3981 1463 4048; x_wconf 76' lang='grc' dir='ltr'>μηδενὶ</span> <span class='ocrx_word' id='word_1_506' title='bbox 1510 3982 1744 4050; x_wconf 75' lang='grc' dir='ltr'><strong>ποιήσῃς</strong></span> <span class='ocrx_word' id='word_1_507' title='bbox 1788 3983 1957 4036; x_wconf 78' lang='grc' dir='ltr'>κατά-</span> 
     </span>
    </p>
   </div>
   <div class='ocr_carea' id='block_1_71' title="bbox 380 4070 1954 4140">
    <p class='ocr_par' dir='ltr' id='par_1_71' title="bbox 380 4070 1954 4140">
     <span class='ocr_line' id='line_1_71' title="bbox 380 4070 1954 4140; baseline 0.001 -17"><span class='ocrx_word' id='word_1_508' title='bbox 380 4071 518 4140; x_wconf 70' lang='grc' dir='ltr'>δηλα</span> <span class='ocrx_word' id='word_1_509' title='bbox 551 4070 618 4122; x_wconf 81' lang='grc' dir='ltr'>τὰ</span> <span class='ocrx_word' id='word_1_510' title='bbox 641 4072 770 4139; x_wconf 71' lang='grc' dir='ltr'>περὶ</span> <span class='ocrx_word' id='word_1_511' title='bbox 794 4070 980 4138; x_wconf 83' lang='grc' dir='ltr'>ἐμοῦῆ</span> <span class='ocrx_word' id='word_1_512' title='bbox 1012 4070 1065 4124; x_wconf 81' lang='grc' dir='ltr'>τί</span> <span class='ocrx_word' id='word_1_513' title='bbox 1097 4089 1177 4122; x_wconf 85' lang='grc' dir='ltr'>σοι</span> <span class='ocrx_word' id='word_1_514' title='bbox 1204 4071 1475 4140; x_wconf 77' lang='grc' dir='ltr'><strong>λελάληκα</strong></span> <span class='ocrx_word' id='word_1_515' title='bbox 1498 4089 1513 4104; x_wconf 77' lang='grc' dir='ltr'><strong><em>ο</em></strong></span> <span class='ocrx_word' id='word_1_516' title='bbox 1554 4073 1647 4124; x_wconf 74' lang='grc' dir='ltr'><strong>καὶ</strong></span> <span class='ocrx_word' id='word_1_517' title='bbox 1682 4077 1728 4125; x_wconf 81' lang='grc' dir='ltr'>εἰ</span> <span class='ocrx_word' id='word_1_518' title='bbox 1762 4074 1954 4139; x_wconf 42' lang='grc' dir='ltr'>,ταῦτα</span> 
     </span>
    </p>
   </div>
   <div class='ocr_carea' id='block_1_72' title="bbox 386 4163 1955 4235">
    <p class='ocr_par' dir='ltr' id='par_1_72' title="bbox 386 4163 1955 4235">
     <span class='ocr_line' id='line_1_72' title="bbox 386 4163 1955 4235; baseline 0.003 -21"><span class='ocrx_word' id='word_1_519' title='bbox 386 4163 668 4232; x_wconf 73' lang='grc' dir='ltr'>φυλάξεις,</span> <span class='ocrx_word' id='word_1_520' title='bbox 713 4165 1004 4216; x_wconf 78' lang='grc' dir='ltr'>πίστευσον</span> <span class='ocrx_word' id='word_1_521' title='bbox 1048 4164 1127 4216; x_wconf 82' lang='grc' dir='ltr'><strong>ὅτι</strong></span> <span class='ocrx_word' id='word_1_522' title='bbox 1182 4163 1359 4230; x_wconf 76' lang='grc' dir='ltr'>κάγὼ,</span> <span class='ocrx_word' id='word_1_523' title='bbox 1397 4167 1445 4218; x_wconf 80' lang='grc' dir='ltr'>εξ</span> <span class='ocrx_word' id='word_1_524' title='bbox 1496 4166 1590 4218; x_wconf 80' lang='grc' dir='ltr'><strong>καὶ</strong></span> <span class='ocrx_word' id='word_1_525' title='bbox 1631 4167 1955 4235; x_wconf 80' lang='grc' dir='ltr'>ἁμαρτωλὸς</span> 
     </span>
    </p>
   </div>
   <div class='ocr_carea' id='block_1_73' title="bbox 387 4257 1955 4328">
    <p class='ocr_par' dir='ltr' id='par_1_73' title="bbox 387 4257 1955 4328">
     <span class='ocr_line' id='line_1_73' title="bbox 387 4257 1955 4328; baseline 0 -19"><span class='ocrx_word' id='word_1_526' title='bbox 387 4257 482 4309; x_wconf 73' lang='grc' dir='ltr'><strong>καὶ</strong></span> <span class='ocrx_word' id='word_1_527' title='bbox 508 4257 736 4318; x_wconf 76' lang='grc' dir='ltr'>ἐλεεινὸς</span> <span class='ocrx_word' id='word_1_528' title='bbox 772 4257 1024 4326; x_wconf 78' lang='grc' dir='ltr'>ὑπάρχω,</span> <span class='ocrx_word' id='word_1_529' title='bbox 1067 4258 1376 4328; x_wconf 81' lang='grc' dir='ltr'>μεμνῆσθαί</span> <span class='ocrx_word' id='word_1_530' title='bbox 1426 4275 1518 4309; x_wconf 90' lang='grc' dir='ltr'><strong>σου</strong></span> <span class='ocrx_word' id='word_1_531' title='bbox 1549 4258 1685 4326; x_wconf 78' lang='grc' dir='ltr'>ἔχων</span> <span class='ocrx_word' id='word_1_532' title='bbox 1730 4260 1787 4309; x_wconf 82' lang='grc' dir='ltr'><strong>ἐν</strong></span> <span class='ocrx_word' id='word_1_533' title='bbox 1837 4262 1955 4320; x_wconf 76' lang='grc' dir='ltr'><strong>ταῖς</strong></span> 
     </span>
    </p>
   </div>
   <div class='ocr_carea' id='block_1_74' title="bbox 382 4345 1954 4419">
    <p class='ocr_par' dir='ltr' id='par_1_74' title="bbox 382 4345 1954 4419">
     <span class='ocr_line' id='line_1_74' title="bbox 382 4345 1954 4419; baseline 0.002 -21"><span class='ocrx_word' id='word_1_534' title='bbox 382 4345 602 4417; x_wconf 73' lang='grc' dir='ltr'>δεήσεσι</span> <span class='ocrx_word' id='word_1_535' title='bbox 664 4365 763 4416; x_wconf 89' lang='grc' dir='ltr'><strong>μου</strong></span> <span class='ocrx_word' id='word_1_536' title='bbox 815 4349 1028 4415; x_wconf 73' lang='grc' dir='ltr'>ἡμέρας</span> <span class='ocrx_word' id='word_1_537' title='bbox 1079 4351 1171 4401; x_wconf 85' lang='grc' dir='ltr'>καὶ</span> <span class='ocrx_word' id='word_1_538' title='bbox 1241 4349 1460 4413; x_wconf 80' lang='grc' dir='ltr'>νυκτὸς,</span> <span class='ocrx_word' id='word_1_539' title='bbox 1503 4351 1647 4410; x_wconf 82' lang='grc' dir='ltr'>ὅπως</span> <span class='ocrx_word' id='word_1_540' title='bbox 1681 4353 1707 4401; x_wconf 86' lang='grc' dir='ltr'>ὁ</span> <span class='ocrx_word' id='word_1_541' title='bbox 1748 4351 1954 4419; x_wconf 77' lang='grc' dir='ltr'>Κύριος</span> 
     </span>
    </p>
   </div>
   <div class='ocr_carea' id='block_1_75' title="bbox 398 4438 1912 4511">
    <p class='ocr_par' dir='ltr' id='par_1_75' title="bbox 398 4438 1912 4511">
     <span class='ocr_line' id='line_1_75' title="bbox 398 4438 1912 4511; baseline 0.001 -19"><span class='ocrx_word' id='word_1_542' title='bbox 398 4438 606 4509; x_wconf 75' lang='grc' dir='ltr'>Ἰησοῦς</span> <span class='ocrx_word' id='word_1_543' title='bbox 634 4441 865 4509; x_wconf 77' lang='grc' dir='ltr'>Χριστὸς</span> <span class='ocrx_word' id='word_1_544' title='bbox 900 4441 1140 4511; x_wconf 79' lang='grc' dir='ltr'>εὐοδώσῃ</span> <span class='ocrx_word' id='word_1_545' title='bbox 1173 4441 1270 4511; x_wconf 75' lang='grc' dir='ltr'>τὴν</span> <span class='ocrx_word' id='word_1_546' title='bbox 1318 4441 1433 4493; x_wconf 76' lang='grc' dir='ltr'><strong>ὀδόν</strong></span> <span class='ocrx_word' id='word_1_547' title='bbox 1461 4459 1553 4493; x_wconf 90' lang='grc' dir='ltr'><strong>σου</strong></span> <span class='ocrx_word' id='word_1_548' title='bbox 1577 4442 1656 4502; x_wconf 75' lang='grc' dir='ltr'><strong>εἰς</strong></span> <span class='ocrx_word' id='word_1_549' title='bbox 1684 4442 1912 4508; x_wconf 80' lang='grc' dir='ltr'><strong>ἀγαθόν.</strong></span> 
     </span>
    </p>
   </div>
   <div class='ocr_carea' id='block_1_76' title="bbox 2067 3235 3649 3301">
    <p class='ocr_par' dir='ltr' id='par_1_76' title="bbox 2067 3235 3649 3301">
     <span class='ocr_line' id='line_1_76' title="bbox 2067 3235 3649 3301; baseline -0.003 -10"><span class='ocrx_word' id='word_1_550' title='bbox 2067 3241 2341 3293; x_wconf 82' lang='lat' dir='ltr'><strong>inhorruit</strong></span> <span class='ocrx_word' id='word_1_551' title='bbox 2374 3239 2677 3293; x_wconf 82' lang='lat' dir='ltr'><strong>monachus</strong></span> <span class='ocrx_word' id='word_1_552' title='bbox 2703 3247 2752 3291; x_wconf 86' lang='lat' dir='ltr'><strong>et</strong></span> <span class='ocrx_word' id='word_1_553' title='bbox 2774 3244 2956 3290; x_wconf 83' lang='lat' dir='ltr'><strong>mente</strong></span> <span class='ocrx_word' id='word_1_554' title='bbox 2975 3235 3181 3289; x_wconf 85' lang='lat' dir='ltr'><strong>excidit</strong></span> <span class='ocrx_word' id='word_1_555' title='bbox 3214 3249 3228 3285; x_wconf 91' lang='lat'><strong>:</strong></span> <span class='ocrx_word' id='word_1_556' title='bbox 3258 3235 3649 3301; x_wconf 74' lang='lat' dir='ltr'><strong>constituitque</strong></span> 
     </span>
    </p>
   </div>
   <div class='ocr_carea' id='block_1_77' title="bbox 2065 3327 3650 3400">
    <p class='ocr_par' dir='ltr' id='par_1_77' title="bbox 2065 3327 3650 3400">
     <span class='ocr_line' id='line_1_77' title="bbox 2065 3327 3650 3400; baseline -0.006 -15"><span class='ocrx_word' id='word_1_557' title='bbox 2065 3332 2290 3386; x_wconf 79' lang='lat' dir='ltr'><strong>ﬁrmiter</strong></span> <span class='ocrx_word' id='word_1_558' title='bbox 2311 3347 2475 3400; x_wconf 88' lang='lat' dir='ltr'><strong>opere</strong></span> <span class='ocrx_word' id='word_1_559' title='bbox 2496 3341 2772 3399; x_wconf 64' lang='lat' dir='ltr'><strong>praestare,</strong></span> <span class='ocrx_word' id='word_1_560' title='bbox 2809 3343 3146 3397; x_wconf 78' lang='lat' dir='ltr'><strong>quzecunque</strong></span> <span class='ocrx_word' id='word_1_561' title='bbox 3176 3327 3411 3382; x_wconf 86' lang='lat' dir='ltr'><strong>Sanctus</strong></span> <span class='ocrx_word' id='word_1_562' title='bbox 3443 3328 3650 3379; x_wconf 79' lang='lat' dir='ltr'><strong>oratio-</strong></span> 
     </span>
    </p>
   </div>
   <div class='ocr_carea' id='block_1_78' title="bbox 2061 3421 3643 3492">
    <p class='ocr_par' dir='ltr' id='par_1_78' title="bbox 2061 3421 3643 3492">
     <span class='ocr_line' id='line_1_78' title="bbox 2061 3421 3643 3492; baseline -0.003 -15"><span class='ocrx_word' id='word_1_563' title='bbox 2061 3439 2129 3477; x_wconf 77' lang='lat' dir='ltr'><strong>ne</strong></span> <span class='ocrx_word' id='word_1_564' title='bbox 2160 3439 2258 3478; x_wconf 83' lang='lat' dir='ltr'><strong>sua</strong></span> <span class='ocrx_word' id='word_1_565' title='bbox 2309 3425 2683 3492; x_wconf 83' lang='lat' dir='ltr'><strong>imperaverat.</strong></span> <span class='ocrx_word' id='word_1_566' title='bbox 2749 3421 2847 3476; x_wconf 79' lang='lat' dir='ltr'><strong>Vix</strong></span> <span class='ocrx_word' id='word_1_567' title='bbox 2878 3423 2948 3474; x_wconf 86' lang='lat' dir='ltr'><strong>ita</strong></span> <span class='ocrx_word' id='word_1_568' title='bbox 2979 3421 3340 3476; x_wconf 87' lang='lat' dir='ltr'><strong>constituerat</strong></span> <span class='ocrx_word' id='word_1_569' title='bbox 3375 3421 3482 3486; x_wconf 89' lang='lat' dir='ltr'><strong>ille,</strong></span> <span class='ocrx_word' id='word_1_570' title='bbox 3520 3436 3643 3474; x_wconf 91' lang='lat' dir='ltr'><strong>cum</strong></span> 
     </span>
    </p>
   </div>
   <div class='ocr_carea' id='block_1_79' title="bbox 2061 3514 3641 3585">
    <p class='ocr_par' dir='ltr' id='par_1_79' title="bbox 2061 3514 3641 3585">
     <span class='ocr_line' id='line_1_79' title="bbox 2061 3514 3641 3585; baseline -0.003 -15"><span class='ocrx_word' id='word_1_571' title='bbox 2061 3516 2303 3571; x_wconf 78' lang='lat' dir='ltr'><strong>Andreas</strong></span> <span class='ocrx_word' id='word_1_572' title='bbox 2359 3518 2632 3585; x_wconf 84' lang='lat' dir='ltr'><strong>spiritum,</strong></span> <span class='ocrx_word' id='word_1_573' title='bbox 2687 3515 2861 3568; x_wconf 82' lang='lat' dir='ltr'><strong>nihilo</strong></span> <span class='ocrx_word' id='word_1_574' title='bbox 2920 3516 3100 3568; x_wconf 81' lang='lat' dir='ltr'><strong>minus</strong></span> <span class='ocrx_word' id='word_1_575' title='bbox 3129 3514 3641 3582; x_wconf 86' lang='lat' dir='ltr'><strong>violentum&#39;qnam</strong></span> 
     </span>
    </p>
   </div>
   <div class='ocr_carea' id='block_1_80' title="bbox 2062 3607 3642 3677">
    <p class='ocr_par' dir='ltr' id='par_1_80' title="bbox 2062 3607 3642 3677">
     <span class='ocr_line' id='line_1_80' title="bbox 2062 3607 3642 3677; baseline -0.003 -16"><span class='ocrx_word' id='word_1_576' title='bbox 2062 3609 2260 3677; x_wconf 76' lang='lat' dir='ltr'><strong>fulgur,</strong></span> <span class='ocrx_word' id='word_1_577' title='bbox 2327 3610 2393 3661; x_wconf 88' lang='lat' dir='ltr'><strong>ab</strong></span> <span class='ocrx_word' id='word_1_578' title='bbox 2453 3610 2664 3662; x_wconf 88' lang='lat' dir='ltr'><strong>oriente</strong></span> <span class='ocrx_word' id='word_1_579' title='bbox 2714 3608 3056 3661; x_wconf 85' lang='lat' dir='ltr'><strong>advolantem</strong></span> <span class='ocrx_word' id='word_1_580' title='bbox 3089 3608 3284 3666; x_wconf 89' lang='lat' dir='ltr'><strong>cernit,</strong></span> <span class='ocrx_word' id='word_1_581' title='bbox 3323 3607 3415 3676; x_wconf 88' lang='lat' dir='ltr'><strong>qui</strong></span> <span class='ocrx_word' id='word_1_582' title='bbox 3447 3607 3642 3660; x_wconf 46' lang='lat' dir='ltr'><strong>ambun</strong></span> 
     </span>
    </p>
   </div>
   <div class='ocr_carea' id='block_1_81' title="bbox 2061 3700 3643 3770">
    <p class='ocr_par' dir='ltr' id='par_1_81' title="bbox 2061 3700 3643 3770">
     <span class='ocr_line' id='line_1_81' title="bbox 2061 3700 3643 3770; baseline -0.003 -13"><span class='ocrx_word' id='word_1_583' title='bbox 2061 3710 2147 3757; x_wconf 89' lang='lat' dir='ltr'><strong>sto</strong></span> <span class='ocrx_word' id='word_1_584' title='bbox 2199 3702 2455 3765; x_wconf 83' lang='lat' dir='ltr'><strong>dracone,</strong></span> <span class='ocrx_word' id='word_1_585' title='bbox 2510 3712 2653 3756; x_wconf 78' lang='lat' dir='ltr'><strong>tatas</strong></span> <span class='ocrx_word' id='word_1_586' title='bbox 2702 3702 2822 3769; x_wconf 87' lang='lat' dir='ltr'><strong>ejus</strong></span> <span class='ocrx_word' id='word_1_587' title='bbox 2880 3701 3026 3754; x_wconf 74' lang='lat' dir='ltr'><strong>vires</strong></span> <span class='ocrx_word' id='word_1_588' title='bbox 3067 3700 3284 3770; x_wconf 79' lang='lat' dir='ltr'><strong>infregit</strong></span> <span class='ocrx_word' id='word_1_589' title='bbox 3322 3717 3337 3754; x_wconf 87' lang='lat'><strong>:</strong></span> <span class='ocrx_word' id='word_1_590' title='bbox 3372 3700 3514 3769; x_wconf 88' lang='lat' dir='ltr'><strong>quod</strong></span> <span class='ocrx_word' id='word_1_591' title='bbox 3553 3700 3643 3752; x_wconf 90' lang='lat' dir='ltr'><strong>ille</strong></span> 
     </span>
    </p>
   </div>
   <div class='ocr_carea' id='block_1_82' title="bbox 2062 3795 3642 3860">
    <p class='ocr_par' dir='ltr' id='par_1_82' title="bbox 2062 3795 3642 3860">
     <span class='ocr_line' id='line_1_82' title="bbox 2062 3795 3642 3860; baseline -0.001 -10"><span class='ocrx_word' id='word_1_592' title='bbox 2062 3813 2168 3850; x_wconf 88' lang='lat' dir='ltr'><strong>non</strong></span> <span class='ocrx_word' id='word_1_593' title='bbox 2225 3796 2424 3860; x_wconf 87' lang='lat' dir='ltr'><strong>ferens,</strong></span> <span class='ocrx_word' id='word_1_594' title='bbox 2490 3796 2905 3850; x_wconf 79' lang='lat' dir='ltr'><strong>transformatus</strong></span> <span class='ocrx_word' id='word_1_595' title='bbox 2964 3795 3016 3850; x_wconf 91' lang='lat' dir='ltr'><strong>in</strong></span> <span class='ocrx_word' id='word_1_596' title='bbox 3061 3810 3312 3857; x_wconf 89' lang='lat' dir='ltr'><strong>corvum,</strong></span> <span class='ocrx_word' id='word_1_597' title='bbox 3357 3809 3422 3848; x_wconf 77' lang='lat' dir='ltr'><strong>ex</strong></span> <span class='ocrx_word' id='word_1_598' title='bbox 3467 3795 3642 3849; x_wconf 84' lang='lat' dir='ltr'><strong>oculis</strong></span> 
     </span>
    </p>
   </div>
   <div class='ocr_carea' id='block_1_83' title="bbox 2060 3888 3646 3957">
    <p class='ocr_par' dir='ltr' id='par_1_83' title="bbox 2060 3888 3646 3957">
     <span class='ocr_line' id='line_1_83' title="bbox 2060 3888 3646 3957; baseline -0.001 -15"><span class='ocrx_word' id='word_1_599' title='bbox 2060 3888 2650 3955; x_wconf 83' lang='lat' dir='ltr'><strong>ev:muit:videusqne</strong></span> <span class='ocrx_word' id='word_1_600' title='bbox 2701 3888 2853 3957; x_wconf 79' lang='lat' dir='ltr'><strong>niger</strong></span> <span class='ocrx_word' id='word_1_601' title='bbox 2911 3889 3122 3942; x_wconf 68' lang='lat' dir='ltr'><strong>daemon</strong></span> <span class='ocrx_word' id='word_1_602' title='bbox 3178 3888 3407 3942; x_wconf 84' lang='lat' dir='ltr'><strong>alterius</strong></span> <span class='ocrx_word' id='word_1_603' title='bbox 3456 3889 3646 3941; x_wconf 86' lang='lat' dir='ltr'><strong>ambu-</strong></span> 
     </span>
    </p>
   </div>
   <div class='ocr_carea' id='block_1_84' title="bbox 2060 3980 3642 4052">
    <p class='ocr_par' dir='ltr' id='par_1_84' title="bbox 2060 3980 3642 4052">
     <span class='ocr_line' id='line_1_84' title="bbox 2060 3980 3642 4052; baseline -0.001 -17"><span class='ocrx_word' id='word_1_604' title='bbox 2060 3983 2451 4048; x_wconf 82' lang='lat' dir='ltr'><strong>stionem,ipse</strong></span> <span class='ocrx_word' id='word_1_605' title='bbox 2515 3981 2764 4034; x_wconf 81' lang='lat' dir='ltr'><strong>similiter</strong></span> <span class='ocrx_word' id='word_1_606' title='bbox 2809 3995 2868 4034; x_wconf 84' lang='lat' dir='ltr'><strong>se</strong></span> <span class='ocrx_word' id='word_1_607' title='bbox 2896 3980 3020 4034; x_wconf 87' lang='lat' dir='ltr'><strong>inde</strong></span> <span class='ocrx_word' id='word_1_608' title='bbox 3065 3981 3324 4052; x_wconf 83' lang='lat' dir='ltr'><strong>subduxit</strong></span> <span class='ocrx_word' id='word_1_609' title='bbox 3361 3989 3452 4034; x_wconf 87' lang='lat' dir='ltr'><strong>:et</strong></span> <span class='ocrx_word' id='word_1_610' title='bbox 3507 3996 3642 4034; x_wconf 83' lang='lat' dir='ltr'><strong>con-</strong></span> 
     </span>
    </p>
   </div>
   <div class='ocr_carea' id='block_1_85' title="bbox 2060 4070 3641 4141">
    <p class='ocr_par' dir='ltr' id='par_1_85' title="bbox 2060 4070 3641 4141">
     <span class='ocr_line' id='line_1_85' title="bbox 2060 4070 3641 4141; baseline -0.001 -15"><span class='ocrx_word' id='word_1_611' title='bbox 2060 4074 2210 4126; x_wconf 86' lang='lat' dir='ltr'><strong>tinuo</strong></span> <span class='ocrx_word' id='word_1_612' title='bbox 2255 4073 2538 4130; x_wconf 82' lang='lat' dir='ltr'><strong>restitutus</strong></span> <span class='ocrx_word' id='word_1_613' title='bbox 2569 4083 2648 4125; x_wconf 74' lang='lat' dir='ltr'><strong>est</strong></span> <span class='ocrx_word' id='word_1_614' title='bbox 2683 4073 2876 4141; x_wconf 79' lang='lat' dir='ltr'><strong>angelo</strong></span> <span class='ocrx_word' id='word_1_615' title='bbox 2923 4070 3012 4125; x_wconf 89' lang='lat' dir='ltr'><strong>Dei</strong></span> <span class='ocrx_word' id='word_1_616' title='bbox 3045 4072 3096 4124; x_wconf 91' lang='lat' dir='ltr'><strong>in</strong></span> <span class='ocrx_word' id='word_1_617' title='bbox 3128 4073 3459 4125; x_wconf 84' lang='lat' dir='ltr'><strong>mOnachmn</strong></span> <span class='ocrx_word' id='word_1_618' title='bbox 3490 4073 3641 4141; x_wconf 87' lang='lat' dir='ltr'><strong>prin-</strong></span> 
     </span>
    </p>
   </div>
   <div class='ocr_carea' id='block_1_86' title="bbox 2056 4158 3643 4233">
    <p class='ocr_par' dir='ltr' id='par_1_86' title="bbox 2056 4158 3643 4233">
     <span class='ocr_line' id='line_1_86' title="bbox 2056 4158 3643 4233; baseline 0.001 -15"><span class='ocrx_word' id='word_1_619' title='bbox 2056 4158 2301 4233; x_wconf 56' lang='lat' dir='ltr'><strong>cipatus;</strong></span> <span class='ocrx_word' id='word_1_620' title='bbox 2357 4165 2454 4217; x_wconf 79' lang='lat' dir='ltr'><strong>Cui</strong></span> <span class='ocrx_word' id='word_1_621' title='bbox 2480 4165 2642 4217; x_wconf 88' lang='lat' dir='ltr'><strong>etiam</strong></span> <span class='ocrx_word' id='word_1_622' title='bbox 2683 4163 2916 4218; x_wconf 82' lang='lat' dir='ltr'><strong>Sanctus</strong></span> <span class='ocrx_word' id='word_1_623' title='bbox 2951 4161 3062 4232; x_wconf 85' lang='lat' dir='ltr'><strong>jam</strong></span> <span class='ocrx_word' id='word_1_624' title='bbox 3100 4164 3412 4219; x_wconf 83' lang='lat' dir='ltr'><strong>abituricati</strong></span> <span class='ocrx_word' id='word_1_625' title='bbox 3445 4180 3643 4233; x_wconf 63' lang='lat' dir='ltr'><strong>praece-</strong></span> 
     </span>
    </p>
   </div>
   <div class='ocr_carea' id='block_1_87' title="bbox 2059 4257 3639 4326">
    <p class='ocr_par' dir='ltr' id='par_1_87' title="bbox 2059 4257 3639 4326">
     <span class='ocr_line' id='line_1_87' title="bbox 2059 4257 3639 4326; baseline 0.003 -18"><span class='ocrx_word' id='word_1_626' title='bbox 2059 4262 2155 4326; x_wconf 84' lang='lat' dir='ltr'><strong>pit,</strong></span> <span class='ocrx_word' id='word_1_627' title='bbox 2208 4268 2265 4310; x_wconf 93' lang='lat' dir='ltr'><strong>ut</strong></span> <span class='ocrx_word' id='word_1_628' title='bbox 2325 4273 2389 4310; x_wconf 91' lang='lat' dir='ltr'><strong>ne</strong></span> <span class='ocrx_word' id='word_1_629' title='bbox 2415 4257 2498 4311; x_wconf 89' lang='lat' dir='ltr'><strong>cui</strong></span> <span class='ocrx_word' id='word_1_630' title='bbox 2537 4273 2716 4310; x_wconf 91' lang='lat' dir='ltr'><strong>rerum</strong></span> <span class='ocrx_word' id='word_1_631' title='bbox 2757 4257 3095 4312; x_wconf 87' lang='lat' dir='ltr'><strong>dictorumve</strong></span> <span class='ocrx_word' id='word_1_632' title='bbox 3159 4273 3384 4318; x_wconf 84' lang='lat' dir='ltr'><strong>suorum</strong></span> <span class='ocrx_word' id='word_1_633' title='bbox 3432 4259 3639 4312; x_wconf 85' lang='lat' dir='ltr'><strong>revela-</strong></span> 
     </span>
    </p>
   </div>
   <div class='ocr_carea' id='block_1_88' title="bbox 2060 4350 3638 4420">
    <p class='ocr_par' dir='ltr' id='par_1_88' title="bbox 2060 4350 3638 4420">
     <span class='ocr_line' id='line_1_88' title="bbox 2060 4350 3638 4420; baseline 0.001 -15"><span class='ocrx_word' id='word_1_634' title='bbox 2060 4360 2139 4405; x_wconf 91' lang='lat' dir='ltr'><strong>ret</strong></span> <span class='ocrx_word' id='word_1_635' title='bbox 2167 4351 2407 4420; x_wconf 83' lang='lat' dir='ltr'><strong>aliquid;</strong></span> <span class='ocrx_word' id='word_1_636' title='bbox 2443 4361 2495 4405; x_wconf 91' lang='lat' dir='ltr'><strong>ct</strong></span> <span class='ocrx_word' id='word_1_637' title='bbox 2528 4368 2540 4402; x_wconf 86' lang='lat'><strong><em>:</em></strong></span> <span class='ocrx_word' id='word_1_638' title='bbox 2569 4350 2621 4403; x_wconf 76' lang='lat' dir='ltr'><strong>Si</strong></span> <span class='ocrx_word' id='word_1_639' title='bbox 2667 4350 2918 4403; x_wconf 84' lang='lat' dir='ltr'><strong>mandata</strong></span> <span class='ocrx_word' id='word_1_640' title='bbox 2971 4366 3115 4414; x_wconf 90' lang='lat' dir='ltr'><strong>mea,</strong></span> <span class='ocrx_word' id='word_1_641' title='bbox 3150 4353 3416 4420; x_wconf 86' lang='lat' dir='ltr'><strong>inquibat,</strong></span> <span class='ocrx_word' id='word_1_642' title='bbox 3450 4363 3638 4406; x_wconf 63' lang='lat' dir='ltr'><strong>serva—</strong></span> 
     </span>
    </p>
   </div>
   <div class='ocr_carea' id='block_1_89' title="bbox 2059 4440 3637 4510">
    <p class='ocr_par' dir='ltr' id='par_1_89' title="bbox 2059 4440 3637 4510">
     <span class='ocr_line' id='line_1_89' title="bbox 2059 4440 3637 4510; baseline 0.002 -14"><span class='ocrx_word' id='word_1_643' title='bbox 2059 4445 2222 4507; x_wconf 77' lang='lat' dir='ltr'><strong>veris,</strong></span> <span class='ocrx_word' id='word_1_644' title='bbox 2280 4454 2461 4497; x_wconf 89' lang='lat' dir='ltr'><strong>certus</strong></span> <span class='ocrx_word' id='word_1_645' title='bbox 2530 4451 2667 4504; x_wconf 88' lang='lat' dir='ltr'><strong>esto,</strong></span> <span class='ocrx_word' id='word_1_646' title='bbox 2701 4440 2784 4494; x_wconf 76' lang='lat' dir='ltr'><strong>n’ie</strong></span> <span class='ocrx_word' id='word_1_647' title='bbox 2838 4447 3077 4510; x_wconf 65' lang='lat' dir='ltr'><strong>Quoque,</strong></span> <span class='ocrx_word' id='word_1_648' title='bbox 3140 4445 3350 4497; x_wconf 84' lang='lat' dir='ltr'><strong>tametsi</strong></span> <span class='ocrx_word' id='word_1_649' title='bbox 3399 4445 3637 4500; x_wconf 84' lang='lat' dir='ltr'><strong>misellus</strong></span> 
     </span>
    </p>
   </div>
   <div class='ocr_carea' id='block_1_90' title="bbox 386 4534 3638 4607">
    <p class='ocr_par' dir='ltr' id='par_1_90' title="bbox 386 4534 3638 4607">
     <span class='ocr_line' id='line_1_90' title="bbox 386 4534 3638 4607; baseline 0.002 -21"><span class='ocrx_word' id='word_1_650' title='bbox 386 4540 640 4600; x_wconf 85' lang='lat' dir='ltr'><strong>peccator</strong></span> <span class='ocrx_word' id='word_1_651' title='bbox 695 4534 817 4597; x_wconf 90' lang='lat' dir='ltr'><strong>sim,</strong></span> <span class='ocrx_word' id='word_1_652' title='bbox 869 4534 1008 4589; x_wconf 84' lang='lat' dir='ltr'><strong>inter</strong></span> <span class='ocrx_word' id='word_1_653' title='bbox 1055 4535 1381 4602; x_wconf 82' lang='lat' dir='ltr'><strong>precandum</strong></span> <span class='ocrx_word' id='word_1_654' title='bbox 1409 4551 1702 4591; x_wconf 80' lang='lat' dir='ltr'><strong>memorem</strong></span> <span class='ocrx_word' id='word_1_655' title='bbox 1729 4537 1842 4592; x_wconf 84' lang='lat' dir='ltr'><strong>lore</strong></span> <span class='ocrx_word' id='word_1_656' title='bbox 1873 4538 1945 4591; x_wconf 89' lang='lat' dir='ltr'><strong>tui</strong></span> <span class='ocrx_word' id='word_1_657' title='bbox 1989 4538 2074 4593; x_wconf 80' lang='lat' dir='ltr'><strong>die</strong></span> <span class='ocrx_word' id='word_1_658' title='bbox 2130 4548 2423 4607; x_wconf 81' lang='lat' dir='ltr'><strong>noctuque,</strong></span> <span class='ocrx_word' id='word_1_659' title='bbox 2487 4548 2542 4589; x_wconf 92' lang='lat' dir='ltr'><strong>ut</strong></span> <span class='ocrx_word' id='word_1_660' title='bbox 2580 4536 2842 4594; x_wconf 85' lang='lat' dir='ltr'><strong>Dominus</strong></span> <span class='ocrx_word' id='word_1_661' title='bbox 2905 4540 3064 4595; x_wconf 81' lang='lat' dir='ltr'><strong>Jesus</strong></span> <span class='ocrx_word' id='word_1_662' title='bbox 3111 4539 3364 4594; x_wconf 87' lang='lat' dir='ltr'><strong>Christus</strong></span> <span class='ocrx_word' id='word_1_663' title='bbox 3393 4541 3638 4594; x_wconf 76' lang='lat' dir='ltr'><strong>curricu-</strong></span> 
     </span>
    </p>
   </div>
   <div class='ocr_carea' id='block_1_91' title="bbox 388 4625 1054 4682">
    <p class='ocr_par' dir='ltr' id='par_1_91' title="bbox 388 4625 1054 4682">
     <span class='ocr_line' id='line_1_91' title="bbox 388 4625 1054 4682; baseline -0.003 0"><span class='ocrx_word' id='word_1_664' title='bbox 388 4627 498 4682; x_wconf 89' lang='lat' dir='ltr'><strong>lum</strong></span> <span class='ocrx_word' id='word_1_665' title='bbox 523 4627 643 4680; x_wconf 77' lang='lat' dir='ltr'><strong>vitae</strong></span> <span class='ocrx_word' id='word_1_666' title='bbox 667 4625 781 4680; x_wconf 74' lang='lat' dir='ltr'><strong>ture</strong></span> <span class='ocrx_word' id='word_1_667' title='bbox 798 4625 1054 4680; x_wconf 84' lang='lat' dir='ltr'><strong>lortunet.</strong></span> 
     </span>
    </p>
   </div>
   <div class='ocr_carea' id='block_1_92' title="bbox 461 4717 2032 4798">
    <p class='ocr_par' dir='ltr' id='par_1_92' title="bbox 461 4717 2032 4798">
     <span class='ocr_line' id='line_1_92' title="bbox 461 4717 2032 4798; baseline 0.003 -26"><span class='ocrx_word' id='word_1_668' title='bbox 461 4727 589 4790; x_wconf 84' lang='grc' dir='ltr'>ριγ’.</span> <span class='ocrx_word' id='word_1_669' title='bbox 619 4721 675 4770; x_wconf 83' lang='grc' dir='ltr'><strong>Ὀ</strong></span> <span class='ocrx_word' id='word_1_670' title='bbox 705 4718 758 4770; x_wconf 84' lang='grc' dir='ltr'><strong>δὲ</strong></span> <span class='ocrx_word' id='word_1_671' title='bbox 781 4719 953 4770; x_wconf 80' lang='grc' dir='ltr'>ταῦτα</span> <span class='ocrx_word' id='word_1_672' title='bbox 981 4720 1240 4785; x_wconf 72' lang='grc' dir='ltr'>ἀκούσας,</span> <span class='ocrx_word' id='word_1_673' title='bbox 1268 4721 1519 4774; x_wconf 78' lang='grc' dir='ltr'>συνέθετο</span> <span class='ocrx_word' id='word_1_674' title='bbox 1539 4721 1629 4774; x_wconf 84' lang='grc' dir='ltr'><strong>τοῦ</strong></span> <span class='ocrx_word' id='word_1_675' title='bbox 1655 4717 1957 4791; x_wconf 81' lang='grc' dir='ltr'>φυλάσσειν</span> <span class='ocrx_word' id='word_1_676' title='bbox 1992 4745 2032 4798; x_wconf 76' lang='grc' dir='ltr'>υ</span> 
     </span>
    </p>
   </div>
   <div class='ocr_carea' id='block_1_93' title="bbox 384 4811 1954 4886">
    <p class='ocr_par' dir='ltr' id='par_1_93' title="bbox 384 4811 1954 4886">
     <span class='ocr_line' id='line_1_93' title="bbox 384 4811 1954 4886; baseline 0.003 -22"><span class='ocrx_word' id='word_1_677' title='bbox 384 4811 682 4880; x_wconf 69' lang='grc' dir='ltr'>ιπιμελῶςο</span> <span class='ocrx_word' id='word_1_678' title='bbox 719 4812 814 4863; x_wconf 72' lang='grc' dir='ltr'><strong>καὶ</strong></span> <span class='ocrx_word' id='word_1_679' title='bbox 846 4811 1237 4880; x_wconf 75' lang='grc' dir='ltr'>ἀσπασάμενος</span> <span class='ocrx_word' id='word_1_680' title='bbox 1263 4813 1356 4865; x_wconf 83' lang='grc' dir='ltr'><strong>τὸν</strong></span> <span class='ocrx_word' id='word_1_681' title='bbox 1385 4814 1624 4879; x_wconf 83' lang='grc' dir='ltr'>Δίκαιον,</span> <span class='ocrx_word' id='word_1_682' title='bbox 1671 4817 1954 4886; x_wconf 78' lang='grc' dir='ltr'>ἀνεχώρη-</span> 
     </span>
    </p>
   </div>
   <div class='ocr_carea' id='block_1_94' title="bbox 388 4902 1958 4981">
    <p class='ocr_par' dir='ltr' id='par_1_94' title="bbox 388 4902 1958 4981">
     <span class='ocr_line' id='line_1_94' title="bbox 388 4902 1958 4981; baseline 0.004 -23"><span class='ocrx_word' id='word_1_683' title='bbox 388 4922 472 4968; x_wconf 87' lang='grc' dir='ltr'><strong>σε,</strong></span> <span class='ocrx_word' id='word_1_684' title='bbox 506 4905 602 4958; x_wconf 73' lang='grc' dir='ltr'><strong>καὶ</strong></span> <span class='ocrx_word' id='word_1_685' title='bbox 661 4904 808 4980; x_wconf 69' lang='grc' dir='ltr'>ἅπαν</span> <span class='ocrx_word' id='word_1_686' title='bbox 842 4906 900 4959; x_wconf 85' lang='grc' dir='ltr'><strong>τὸ</strong></span> <span class='ocrx_word' id='word_1_687' title='bbox 934 4909 1177 4976; x_wconf 76' lang='grc' dir='ltr'>χρυσίον,</span> <span class='ocrx_word' id='word_1_688' title='bbox 1217 4902 1246 4960; x_wconf 76' lang='grc' dir='ltr'>ὅ</span> <span class='ocrx_word' id='word_1_689' title='bbox 1296 4909 1583 4979; x_wconf 69' lang='grc' dir='ltr'>ἐκέκτητο,</span> <span class='ocrx_word' id='word_1_690' title='bbox 1629 4912 1958 4981; x_wconf 77' lang='grc' dir='ltr'>Θαυμαστῶς</span> 
     </span>
    </p>
   </div>
   <div class='ocr_carea' id='block_1_95' title="bbox 385 4995 1956 5074">
    <p class='ocr_par' dir='ltr' id='par_1_95' title="bbox 385 4995 1956 5074">
     <span class='ocr_line' id='line_1_95' title="bbox 385 4995 1956 5074; baseline -0.004 -13"><span class='ocrx_word' id='word_1_691' title='bbox 385 4995 620 5065; x_wconf 72' lang='grc' dir='ltr'>διένειμε</span> <span class='ocrx_word' id='word_1_692' title='bbox 651 4999 763 5057; x_wconf 75' lang='grc' dir='ltr'>τοῖς</span> <span class='ocrx_word' id='word_1_693' title='bbox 791 5000 1131 5065; x_wconf 77' lang='grc' dir='ltr'><strong>πενομένοις.</strong></span> <span class='ocrx_word' id='word_1_694' title='bbox 1157 4999 1306 5053; x_wconf 79' lang='grc' dir='ltr'>Μετὰ</span> <span class='ocrx_word' id='word_1_695' title='bbox 1334 5002 1507 5054; x_wconf 82' lang='grc' dir='ltr'>ταῦτα</span> <span class='ocrx_word' id='word_1_696' title='bbox 1534 5004 1776 5066; x_wconf 76' lang='grc' dir='ltr'>πλείονος</span> <span class='ocrx_word' id='word_1_697' title='bbox 1799 5006 1956 5074; x_wconf 75' lang='grc' dir='ltr'><strong>δόξης</strong></span> 
     </span>
    </p>
   </div>
   <div class='ocr_carea' id='block_1_96' title="bbox 389 5088 1951 5166">
    <p class='ocr_par' dir='ltr' id='par_1_96' title="bbox 389 5088 1951 5166">
     <span class='ocr_line' id='line_1_96' title="bbox 389 5088 1951 5166; baseline 0.006 -24"><span class='ocrx_word' id='word_1_698' title='bbox 389 5088 698 5159; x_wconf 74' lang='grc' dir='ltr'><strong>κατηξιώθη</strong></span> <span class='ocrx_word' id='word_1_699' title='bbox 727 5089 876 5159; x_wconf 81' lang='grc' dir='ltr'>παρὰ</span> <span class='ocrx_word' id='word_1_700' title='bbox 906 5091 983 5160; x_wconf 77' lang='grc' dir='ltr'>τῷ</span> <span class='ocrx_word' id='word_1_701' title='bbox 1009 5092 1143 5161; x_wconf 83' lang='grc' dir='ltr'>Θεῷ,</span> <span class='ocrx_word' id='word_1_702' title='bbox 1173 5094 1266 5146; x_wconf 70' lang='lat' dir='ltr'><strong>aut</strong></span> <span class='ocrx_word' id='word_1_703' title='bbox 1297 5095 1481 5148; x_wconf 77' lang='grc' dir='ltr'>πολλοὶ</span> <span class='ocrx_word' id='word_1_704' title='bbox 1517 5100 1744 5166; x_wconf 74' lang='grc' dir='ltr'>χρυσίον</span> <span class='ocrx_word' id='word_1_705' title='bbox 1781 5115 1920 5166; x_wconf 83' lang='grc' dir='ltr'>προσ</span> <span class='ocrx_word' id='word_1_706' title='bbox 1939 5129 1951 5138; x_wconf 89' lang='lat'><strong>-</strong></span> 
     </span>
    </p>
   </div>
   <div class='ocr_carea' id='block_1_97' title="bbox 389 5181 1954 5255">
    <p class='ocr_par' dir='ltr' id='par_1_97' title="bbox 389 5181 1954 5255">
     <span class='ocr_line' id='line_1_97' title="bbox 389 5181 1954 5255; baseline 0.004 -20"><span class='ocrx_word' id='word_1_707' title='bbox 389 5182 584 5249; x_wconf 75' lang='grc' dir='ltr'>ἔφερον</span> <span class='ocrx_word' id='word_1_708' title='bbox 634 5181 783 5250; x_wconf 87' lang='grc' dir='ltr'><strong>αῦτῷ</strong></span> <span class='ocrx_word' id='word_1_709' title='bbox 853 5183 1036 5252; x_wconf 77' lang='grc' dir='ltr'>νέμειν</span> <span class='ocrx_word' id='word_1_710' title='bbox 1080 5190 1193 5247; x_wconf 80' lang='grc' dir='ltr'>τοῖς</span> <span class='ocrx_word' id='word_1_711' title='bbox 1226 5187 1492 5255; x_wconf 60' lang='grc' dir='ltr'>πένησιν</span> <span class='ocrx_word' id='word_1_712' title='bbox 1521 5190 1579 5252; x_wconf 79' lang='grc' dir='ltr'>ἐξ</span> <span class='ocrx_word' id='word_1_713' title='bbox 1626 5191 1806 5241; x_wconf 77' lang='grc' dir='ltr'>αὐτῶν</span> <span class='ocrx_word' id='word_1_714' title='bbox 1861 5191 1954 5243; x_wconf 86' lang='grc' dir='ltr'>δῦο</span> 
     </span>
    </p>
   </div>
   <div class='ocr_carea' id='block_1_98' title="bbox 390 5275 1950 5349">
    <p class='ocr_par' dir='ltr' id='par_1_98' title="bbox 390 5275 1950 5349">
     <span class='ocr_line' id='line_1_98' title="bbox 390 5275 1950 5349; baseline 0.007 -24"><span class='ocrx_word' id='word_1_715' title='bbox 390 5275 699 5342; x_wconf 73' lang='grc' dir='ltr'>νομίσματα</span> <span class='ocrx_word' id='word_1_716' title='bbox 727 5276 944 5344; x_wconf 83' lang='grc' dir='ltr'>κρατῶν</span> <span class='ocrx_word' id='word_1_717' title='bbox 977 5279 1054 5339; x_wconf 74' lang='grc' dir='ltr'><strong>εἰς</strong></span> <span class='ocrx_word' id='word_1_718' title='bbox 1102 5278 1239 5334; x_wconf 76' lang='grc' dir='ltr'><strong>ἰδὲαν</strong></span> <span class='ocrx_word' id='word_1_719' title='bbox 1274 5282 1480 5349; x_wconf 75' lang='grc' dir='ltr'>χρείαν,</span> <span class='ocrx_word' id='word_1_720' title='bbox 1516 5283 1584 5336; x_wconf 80' lang='grc' dir='ltr'>τὰ</span> <span class='ocrx_word' id='word_1_721' title='bbox 1630 5282 1791 5335; x_wconf 78' lang='grc' dir='ltr'>λοιπὰ</span> <span class='ocrx_word' id='word_1_722' title='bbox 1839 5287 1950 5346; x_wconf 64' lang='grc' dir='ltr'><strong>ταῖς</strong></span> 
     </span>
    </p>
   </div>
   <div class='ocr_carea' id='block_1_99' title="bbox 390 5364 1949 5443">
    <p class='ocr_par' dir='ltr' id='par_1_99' title="bbox 390 5364 1949 5443">
     <span class='ocr_line' id='line_1_99' title="bbox 390 5364 1949 5443; baseline 0.007 -26"><span class='ocrx_word' id='word_1_723' title='bbox 390 5364 665 5434; x_wconf 73' lang='grc' dir='ltr'>δεομένοις</span> <span class='ocrx_word' id='word_1_724' title='bbox 714 5367 1006 5437; x_wconf 78' lang='grc' dir='ltr'>ὲσκόρπιζε</span> <span class='ocrx_word' id='word_1_725' title='bbox 1060 5369 1148 5426; x_wconf 75' lang='grc' dir='ltr'><strong>διὰ</strong></span> <span class='ocrx_word' id='word_1_726' title='bbox 1196 5373 1302 5422; x_wconf 79' lang='grc' dir='ltr'><strong>τῶν</strong></span> <span class='ocrx_word' id='word_1_727' title='bbox 1327 5373 1524 5441; x_wconf 79' lang='grc' dir='ltr'>χειρῶν</span> <span class='ocrx_word' id='word_1_728' title='bbox 1563 5375 1671 5426; x_wconf 81' lang='grc' dir='ltr'><strong>τῶν</strong></span> <span class='ocrx_word' id='word_1_729' title='bbox 1706 5391 1949 5443; x_wconf 69' lang='grc' dir='ltr'>προσφε-</span> 
     </span>
    </p>
   </div>
   <div class='ocr_carea' id='block_1_100' title="bbox 393 5455 1953 5536">
    <p class='ocr_par' dir='ltr' id='par_1_100' title="bbox 393 5455 1953 5536">
     <span class='ocr_line' id='line_1_100' title="bbox 393 5455 1953 5536; baseline 0.006 -26"><span class='ocrx_word' id='word_1_730' title='bbox 393 5455 616 5526; x_wconf 76' lang='grc' dir='ltr'>ρόντων,</span> <span class='ocrx_word' id='word_1_731' title='bbox 670 5459 1012 5527; x_wconf 76' lang='grc' dir='ltr'>μεμνημένος</span> <span class='ocrx_word' id='word_1_732' title='bbox 1047 5459 1140 5513; x_wconf 88' lang='grc' dir='ltr'><strong>τοῦ</strong></span> <span class='ocrx_word' id='word_1_733' title='bbox 1188 5463 1477 5531; x_wconf 75' lang='grc' dir='ltr'>Μακαρξου</span> <span class='ocrx_word' id='word_1_734' title='bbox 1528 5466 1636 5518; x_wconf 82' lang='grc' dir='ltr'><strong>τῶν</strong></span> <span class='ocrx_word' id='word_1_735' title='bbox 1689 5469 1953 5536; x_wconf 73' lang='grc' dir='ltr'>παραινέ-</span> 
     </span>
    </p>
   </div>
   <div class='ocr_carea' id='block_1_101' title="bbox 395 5549 1952 5623">
    <p class='ocr_par' dir='ltr' id='par_1_101' title="bbox 395 5549 1952 5623">
     <span class='ocr_line' id='line_1_101' title="bbox 395 5549 1952 5623; baseline 0.004 -19"><span class='ocrx_word' id='word_1_736' title='bbox 395 5566 533 5604; x_wconf 81' lang='grc' dir='ltr'>σεων</span> <span class='ocrx_word' id='word_1_737' title='bbox 561 5564 576 5580; x_wconf 75' lang='grc' dir='ltr'><strong>ο</strong></span> <span class='ocrx_word' id='word_1_738' title='bbox 608 5549 672 5603; x_wconf 77' lang='lat' dir='ltr'><strong>Ti</strong></span> <span class='ocrx_word' id='word_1_739' title='bbox 709 5566 798 5618; x_wconf 84' lang='grc' dir='ltr'><strong>μοι</strong></span> <span class='ocrx_word' id='word_1_740' title='bbox 823 5551 882 5603; x_wconf 79' lang='grc' dir='ltr'>τὸ</span> <span class='ocrx_word' id='word_1_741' title='bbox 909 5551 1101 5617; x_wconf 75' lang='grc' dir='ltr'>δφελος</span> <span class='ocrx_word' id='word_1_742' title='bbox 1135 5553 1433 5623; x_wconf 73' lang='grc' dir='ltr'>ἀλλοτρίων</span> <span class='ocrx_word' id='word_1_743' title='bbox 1465 5557 1717 5610; x_wconf 76' lang='grc' dir='ltr'>ἀκανθῶν</span> <span class='ocrx_word' id='word_1_744' title='bbox 1744 5560 1952 5611; x_wconf 74' lang='grc' dir='ltr'>οἰκονό-</span> 
     </span>
    </p>
   </div>
   <div class='ocr_carea' id='block_1_102' title="bbox 397 5634 1951 5715">
    <p class='ocr_par' dir='ltr' id='par_1_102' title="bbox 397 5634 1951 5715">
     <span class='ocr_line' id='line_1_102' title="bbox 397 5634 1951 5715; baseline 0.005 -23"><span class='ocrx_word' id='word_1_745' title='bbox 397 5653 496 5706; x_wconf 81' lang='grc' dir='ltr'><strong>μον</strong></span> <span class='ocrx_word' id='word_1_746' title='bbox 525 5638 769 5706; x_wconf 73' lang='grc' dir='ltr'>γίνεσθαι</span> <span class='ocrx_word' id='word_1_747' title='bbox 800 5658 815 5706; x_wconf 89' lang='grc'>;</span> <span class='ocrx_word' id='word_1_748' title='bbox 846 5634 904 5694; x_wconf 73' lang='grc' dir='ltr'>οὗ</span> <span class='ocrx_word' id='word_1_749' title='bbox 930 5641 1036 5710; x_wconf 68' lang='grc' dir='ltr'>γὰρ</span> <span class='ocrx_word' id='word_1_750' title='bbox 1069 5644 1128 5693; x_wconf 78' lang='grc' dir='ltr'>οὐ</span> <span class='ocrx_word' id='word_1_751' title='bbox 1176 5643 1362 5712; x_wconf 75' lang='grc' dir='ltr'>χρῄζω</span> <span class='ocrx_word' id='word_1_752' title='bbox 1395 5645 1677 5715; x_wconf 74' lang='grc' dir='ltr'>λαμϐάνω,</span> <span class='ocrx_word' id='word_1_753' title='bbox 1719 5649 1809 5699; x_wconf 70' lang='grc' dir='ltr'><strong>καὶ</strong></span> <span class='ocrx_word' id='word_1_754' title='bbox 1841 5652 1951 5711; x_wconf 74' lang='grc' dir='ltr'>τοῖς</span> 
     </span>
    </p>
   </div>
   <div class='ocr_carea' id='block_1_103' title="bbox 398 5731 1951 5808">
    <p class='ocr_par' dir='ltr' id='par_1_103' title="bbox 398 5731 1951 5808">
     <span class='ocr_line' id='line_1_103' title="bbox 398 5731 1951 5808; baseline 0.008 -28"><span class='ocrx_word' id='word_1_755' title='bbox 398 5731 592 5799; x_wconf 69' lang='grc' dir='ltr'>πένησι</span> <span class='ocrx_word' id='word_1_756' title='bbox 637 5731 810 5785; x_wconf 81' lang='grc' dir='ltr'>ταῦτα</span> <span class='ocrx_word' id='word_1_757' title='bbox 854 5733 1074 5802; x_wconf 70' lang='grc' dir='ltr'>παρέχω</span> <span class='ocrx_word' id='word_1_758' title='bbox 1108 5752 1122 5765; x_wconf 92' lang='grc'><strong>·</strong></span> <span class='ocrx_word' id='word_1_759' title='bbox 1161 5736 1294 5787; x_wconf 70' lang='grc' dir='ltr'>ἀλλὰ</span> <span class='ocrx_word' id='word_1_760' title='bbox 1334 5738 1423 5789; x_wconf 76' lang='grc' dir='ltr'>καὶ</span> <span class='ocrx_word' id='word_1_761' title='bbox 1462 5740 1638 5805; x_wconf 70' lang='grc' dir='ltr'>οἵηςίς</span> <span class='ocrx_word' id='word_1_762' title='bbox 1675 5757 1764 5808; x_wconf 80' lang='grc' dir='ltr'><strong>μοι</strong></span> <span class='ocrx_word' id='word_1_763' title='bbox 1794 5741 1951 5808; x_wconf 64' lang='grc' dir='ltr'>ἐπέρ-</span> 
     </span>
    </p>
   </div>
   <div class='ocr_carea' id='block_1_104' title="bbox 399 5820 1949 5902">
    <p class='ocr_par' dir='ltr' id='par_1_104' title="bbox 399 5820 1949 5902">
     <span class='ocr_line' id='line_1_104' title="bbox 399 5820 1949 5902; baseline 0.01 -30"><span class='ocrx_word' id='word_1_764' title='bbox 399 5835 546 5891; x_wconf 71' lang='grc' dir='ltr'>χεται</span> <span class='ocrx_word' id='word_1_765' title='bbox 591 5821 722 5890; x_wconf 69' lang='grc' dir='ltr'>ἐμὸν</span> <span class='ocrx_word' id='word_1_766' title='bbox 765 5820 901 5879; x_wconf 71' lang='grc' dir='ltr'>εἶναι</span> <span class='ocrx_word' id='word_1_767' title='bbox 947 5826 1034 5882; x_wconf 73' lang='grc' dir='ltr'>τὸν</span> <span class='ocrx_word' id='word_1_768' title='bbox 1075 5827 1266 5890; x_wconf 74' lang='grc' dir='ltr'>μισθὸν</span> <span class='ocrx_word' id='word_1_769' title='bbox 1325 5830 1415 5882; x_wconf 74' lang='grc' dir='ltr'><strong>καὶ</strong></span> <span class='ocrx_word' id='word_1_770' title='bbox 1446 5833 1539 5899; x_wconf 67' lang='grc' dir='ltr'><strong>οὐχ</strong></span> <span class='ocrx_word' id='word_1_771' title='bbox 1573 5831 1757 5902; x_wconf 74' lang='grc' dir='ltr'>ἕτερον</span> <span class='ocrx_word' id='word_1_772' title='bbox 1785 5849 1797 5862; x_wconf 91' lang='grc'><strong>·</strong></span> <span class='ocrx_word' id='word_1_773' title='bbox 1829 5834 1949 5888; x_wconf 71' lang='grc' dir='ltr'>ὅθεν</span> 
     </span>
    </p>
   </div>
   <div class='ocr_carea' id='block_1_105' title="bbox 2134 4722 3635 4790">
    <p class='ocr_par' dir='ltr' id='par_1_105' title="bbox 2134 4722 3635 4790">
     <span class='ocr_line' id='line_1_105' title="bbox 2134 4722 3635 4790; baseline 0.003 -15"><span class='ocrx_word' id='word_1_774' title='bbox 2134 4723 2254 4775; x_wconf 72' lang='lat' dir='ltr'><strong>IIS.</strong></span> <span class='ocrx_word' id='word_1_775' title='bbox 2293 4722 2590 4777; x_wconf 83' lang='lat' dir='ltr'><strong>Monachus</strong></span> <span class='ocrx_word' id='word_1_776' title='bbox 2627 4723 2823 4778; x_wconf 89' lang='lat' dir='ltr'><strong>auditis</strong></span> <span class='ocrx_word' id='word_1_777' title='bbox 2881 4725 3099 4790; x_wconf 82' lang='lat' dir='ltr'><strong>talibus,</strong></span> <span class='ocrx_word' id='word_1_778' title='bbox 3135 4736 3421 4780; x_wconf 85' lang='lat' dir='ltr'><strong>accurrato</strong></span> <span class='ocrx_word' id='word_1_779' title='bbox 3453 4729 3635 4781; x_wconf 87' lang='lat' dir='ltr'><strong>omnia</strong></span> 
     </span>
    </p>
   </div>
   <div class='ocr_carea' id='block_1_106' title="bbox 2056 4815 3634 4877">
    <p class='ocr_par' dir='ltr' id='par_1_106' title="bbox 2056 4815 3634 4877">
     <span class='ocr_line' id='line_1_106' title="bbox 2056 4815 3634 4877; baseline 0.004 -9"><span class='ocrx_word' id='word_1_780' title='bbox 2056 4830 2273 4868; x_wconf 82' lang='lat' dir='ltr'><strong>scrvare</strong></span> <span class='ocrx_word' id='word_1_781' title='bbox 2314 4815 2552 4868; x_wconf 71' lang='lat' dir='ltr'><strong>decrevit</strong></span> <span class='ocrx_word' id='word_1_782' title='bbox 2583 4831 2596 4877; x_wconf 88' lang='lat'><strong>;</strong></span> <span class='ocrx_word' id='word_1_783' title='bbox 2651 4829 2714 4868; x_wconf 83' lang='lat' dir='ltr'><strong>ac</strong></span> <span class='ocrx_word' id='word_1_784' title='bbox 2747 4817 2923 4870; x_wconf 85' lang='lat' dir='ltr'><strong>salute</strong></span> <span class='ocrx_word' id='word_1_785' title='bbox 2949 4820 3063 4871; x_wconf 89' lang='lat' dir='ltr'><strong>viro</strong></span> <span class='ocrx_word' id='word_1_786' title='bbox 3099 4829 3288 4874; x_wconf 82' lang='lat' dir='ltr'><strong>sancto</strong></span> <span class='ocrx_word' id='word_1_787' title='bbox 3319 4820 3456 4872; x_wconf 89' lang='lat' dir='ltr'><strong>dicta</strong></span> <span class='ocrx_word' id='word_1_788' title='bbox 3487 4836 3634 4874; x_wconf 86' lang='lat' dir='ltr'><strong>rece-</strong></span> 
     </span>
    </p>
   </div>
   <div class='ocr_carea' id='block_1_107' title="bbox 2057 4905 3730 4978">
    <p class='ocr_par' dir='ltr' id='par_1_107' title="bbox 2057 4905 3730 4978">
     <span class='ocr_line' id='line_1_107' title="bbox 2057 4905 3730 4978; baseline 0.004 -17"><span class='ocrx_word' id='word_1_789' title='bbox 2057 4909 2216 4970; x_wconf 83' lang='lat' dir='ltr'><strong>dens,</strong></span> <span class='ocrx_word' id='word_1_790' title='bbox 2269 4908 2527 4978; x_wconf 85' lang='lat' dir='ltr'><strong>quidquid</strong></span> <span class='ocrx_word' id='word_1_791' title='bbox 2558 4921 2874 4965; x_wconf 86' lang='lat' dir='ltr'><strong>corraserat</strong></span> <span class='ocrx_word' id='word_1_792' title='bbox 2901 4912 3040 4976; x_wconf 86' lang='lat' dir='ltr'><strong>auri,</strong></span> <span class='ocrx_word' id='word_1_793' title='bbox 3094 4913 3415 4965; x_wconf 82' lang='lat' dir='ltr'><strong>mirabiliter</strong></span> <span class='ocrx_word' id='word_1_794' title='bbox 3456 4929 3635 4967; x_wconf 80' lang='lat' dir='ltr'><strong>mnta-</strong></span> <span class='ocrx_word' id='word_1_795' title='bbox 3728 4905 3730 4908; x_wconf 46' lang='grc'>’</span> 
     </span>
    </p>
   </div>
   <div class='ocr_carea' id='block_1_108' title="bbox 2061 4999 3635 5072">
    <p class='ocr_par' dir='ltr' id='par_1_108' title="bbox 2061 4999 3635 5072">
     <span class='ocr_line' id='line_1_108' title="bbox 2061 4999 3635 5072; baseline 0.004 -19"><span class='ocrx_word' id='word_1_796' title='bbox 2061 5010 2166 5066; x_wconf 86' lang='lat' dir='ltr'><strong>tus,</strong></span> <span class='ocrx_word' id='word_1_797' title='bbox 2205 4999 2494 5054; x_wconf 81' lang='lat' dir='ltr'><strong>distribuit</strong></span> <span class='ocrx_word' id='word_1_798' title='bbox 2526 5002 2577 5054; x_wconf 91' lang='lat' dir='ltr'><strong>in</strong></span> <span class='ocrx_word' id='word_1_799' title='bbox 2617 5018 2818 5072; x_wconf 87' lang='lat' dir='ltr'><strong>egenos</strong></span> <span class='ocrx_word' id='word_1_800' title='bbox 2856 5021 2869 5057; x_wconf 87' lang='lat'><strong>:</strong></span> <span class='ocrx_word' id='word_1_801' title='bbox 2909 5003 3035 5056; x_wconf 89' lang='lat' dir='ltr'><strong>hinc</strong></span> <span class='ocrx_word' id='word_1_802' title='bbox 3089 5014 3141 5056; x_wconf 90' lang='lat' dir='ltr'><strong>et</strong></span> <span class='ocrx_word' id='word_1_803' title='bbox 3176 5005 3635 5060; x_wconf 86' lang='lat' dir='ltr'><strong>cumulatioribus</strong></span> 
     </span>
    </p>
   </div>
   <div class='ocr_carea' id='block_1_109' title="bbox 2057 5094 3634 5166">
    <p class='ocr_par' dir='ltr' id='par_1_109' title="bbox 2057 5094 3634 5166">
     <span class='ocr_line' id='line_1_109' title="bbox 2057 5094 3634 5166; baseline 0.003 -18"><span class='ocrx_word' id='word_1_804' title='bbox 2057 5094 2316 5148; x_wconf 85' lang='lat' dir='ltr'><strong>continuo</strong></span> <span class='ocrx_word' id='word_1_805' title='bbox 2376 5096 2650 5150; x_wconf 75' lang='lat' dir='ltr'><strong>beneﬁciis</strong></span> <span class='ocrx_word' id='word_1_806' title='bbox 2690 5111 2718 5149; x_wconf 83' lang='lat' dir='ltr'><strong>a</strong></span> <span class='ocrx_word' id='word_1_807' title='bbox 2768 5095 2874 5149; x_wconf 89' lang='lat' dir='ltr'><strong>Deo</strong></span> <span class='ocrx_word' id='word_1_808' title='bbox 2907 5106 3098 5150; x_wconf 79' lang='lat' dir='ltr'><strong>auctus</strong></span> <span class='ocrx_word' id='word_1_809' title='bbox 3125 5105 3229 5160; x_wconf 90' lang='lat' dir='ltr'><strong>est,</strong></span> <span class='ocrx_word' id='word_1_810' title='bbox 3263 5099 3515 5166; x_wconf 88' lang='lat' dir='ltr'><strong>pluribus</strong></span> <span class='ocrx_word' id='word_1_811' title='bbox 3541 5116 3634 5165; x_wconf 85' lang='lat' dir='ltr'><strong>pe-</strong></span> 
     </span>
    </p>
   </div>
   <div class='ocr_carea' id='block_1_110' title="bbox 2059 5187 3630 5257">
    <p class='ocr_par' dir='ltr' id='par_1_110' title="bbox 2059 5187 3630 5257">
     <span class='ocr_line' id='line_1_110' title="bbox 2059 5187 3630 5257; baseline 0.003 -20"><span class='ocrx_word' id='word_1_812' title='bbox 2059 5187 2276 5238; x_wconf 87' lang='lat' dir='ltr'><strong>cuniam</strong></span> <span class='ocrx_word' id='word_1_813' title='bbox 2303 5201 2479 5251; x_wconf 82' lang='lat' dir='ltr'><strong>suam,</strong></span> <span class='ocrx_word' id='word_1_814' title='bbox 2519 5202 2820 5256; x_wconf 81' lang='lat' dir='ltr'><strong>pauperum</strong></span> <span class='ocrx_word' id='word_1_815' title='bbox 2859 5188 3048 5243; x_wconf 85' lang='lat' dir='ltr'><strong>usibus</strong></span> <span class='ocrx_word' id='word_1_816' title='bbox 3093 5189 3535 5257; x_wconf 85' lang='lat' dir='ltr'><strong>impendendam.</strong></span> <span class='ocrx_word' id='word_1_817' title='bbox 3565 5191 3630 5242; x_wconf 88' lang='lat' dir='ltr'><strong>ad</strong></span> 
     </span>
    </p>
   </div>
   <div class='ocr_carea' id='block_1_111' title="bbox 2059 5281 3633 5351">
    <p class='ocr_par' dir='ltr' id='par_1_111' title="bbox 2059 5281 3633 5351">
     <span class='ocr_line' id='line_1_111' title="bbox 2059 5281 3633 5351; baseline 0 -17"><span class='ocrx_word' id='word_1_818' title='bbox 2059 5281 2233 5348; x_wconf 86' lang='lat' dir='ltr'><strong>ipsum</strong></span> <span class='ocrx_word' id='word_1_819' title='bbox 2290 5281 2689 5344; x_wconf 76' lang='lat' dir='ltr'><strong>deferentibus;</strong></span> <span class='ocrx_word' id='word_1_820' title='bbox 2752 5299 2816 5336; x_wconf 79' lang='lat' dir='ltr'><strong>ex</strong></span> <span class='ocrx_word' id='word_1_821' title='bbox 2871 5297 2976 5351; x_wconf 88' lang='lat' dir='ltr'><strong>qua</strong></span> <span class='ocrx_word' id='word_1_822' title='bbox 3033 5283 3247 5336; x_wconf 80' lang='lat' dir='ltr'><strong>nonnisi</strong></span> <span class='ocrx_word' id='word_1_823' title='bbox 3289 5283 3424 5335; x_wconf 83' lang='lat' dir='ltr'><strong>duos</strong></span> <span class='ocrx_word' id='word_1_824' title='bbox 3473 5297 3633 5334; x_wconf 84' lang='lat' dir='ltr'><strong>num-</strong></span> 
     </span>
    </p>
   </div>
   <div class='ocr_carea' id='block_1_112' title="bbox 2061 5374 3631 5444">
    <p class='ocr_par' dir='ltr' id='par_1_112' title="bbox 2061 5374 3631 5444">
     <span class='ocr_line' id='line_1_112' title="bbox 2061 5374 3631 5444; baseline -0.001 -16"><span class='ocrx_word' id='word_1_825' title='bbox 2061 5376 2235 5429; x_wconf 83' lang='lat' dir='ltr'><strong>mulos</strong></span> <span class='ocrx_word' id='word_1_826' title='bbox 2263 5378 2494 5444; x_wconf 73' lang='lat' dir='ltr'><strong>proprize</strong></span> <span class='ocrx_word' id='word_1_827' title='bbox 2551 5376 2854 5430; x_wconf 86' lang='lat' dir='ltr'><strong>necessitati</strong></span> <span class='ocrx_word' id='word_1_828' title='bbox 2879 5375 3116 5430; x_wconf 87' lang='lat' dir='ltr'><strong>retinens</strong></span> <span class='ocrx_word' id='word_1_829' title='bbox 3137 5415 3150 5437; x_wconf 93' lang='lat'><strong>,</strong></span> <span class='ocrx_word' id='word_1_830' title='bbox 3170 5374 3394 5444; x_wconf 88' lang='lat' dir='ltr'><strong>jubebat</strong></span> <span class='ocrx_word' id='word_1_831' title='bbox 3428 5375 3631 5443; x_wconf 84' lang='lat' dir='ltr'><strong>reliqua</strong></span> 
     </span>
    </p>
   </div>
   <div class='ocr_carea' id='block_1_113' title="bbox 2053 5468 3628 5536">
    <p class='ocr_par' dir='ltr' id='par_1_113' title="bbox 2053 5468 3628 5536">
     <span class='ocr_line' id='line_1_113' title="bbox 2053 5468 3628 5536; baseline 0 -17"><span class='ocrx_word' id='word_1_832' title='bbox 2053 5468 2233 5520; x_wconf 88' lang='lat' dir='ltr'><strong>omnia</strong></span> <span class='ocrx_word' id='word_1_833' title='bbox 2269 5484 2363 5536; x_wconf 83' lang='lat' dir='ltr'><strong>per</strong></span> <span class='ocrx_word' id='word_1_834' title='bbox 2394 5485 2587 5524; x_wconf 89' lang='lat' dir='ltr'><strong>manus</strong></span> <span class='ocrx_word' id='word_1_835' title='bbox 2610 5470 2952 5524; x_wconf 76' lang='lat' dir='ltr'><strong>oll‘erentium</strong></span> <span class='ocrx_word' id='word_1_836' title='bbox 2983 5468 3033 5522; x_wconf 91' lang='lat' dir='ltr'><strong>in</strong></span> <span class='ocrx_word' id='word_1_837' title='bbox 3096 5481 3358 5536; x_wconf 83' lang='lat' dir='ltr'><strong>pauperes</strong></span> <span class='ocrx_word' id='word_1_838' title='bbox 3393 5469 3628 5536; x_wconf 83' lang='lat' dir='ltr'><strong>erogari,</strong></span> 
     </span>
    </p>
   </div>
   <div class='ocr_carea' id='block_1_114' title="bbox 2050 5562 3617 5630">
    <p class='ocr_par' dir='ltr' id='par_1_114' title="bbox 2050 5562 3617 5630">
     <span class='ocr_line' id='line_1_114' title="bbox 2050 5562 3617 5630; baseline -0.001 -17"><span class='ocrx_word' id='word_1_839' title='bbox 2050 5576 2326 5630; x_wconf 80' lang='lat' dir='ltr'><strong>nunquam</strong></span> <span class='ocrx_word' id='word_1_840' title='bbox 2370 5580 2476 5616; x_wconf 90' lang='lat' dir='ltr'><strong>non</strong></span> <span class='ocrx_word' id='word_1_841' title='bbox 2543 5579 2752 5617; x_wconf 89' lang='lat' dir='ltr'><strong>memor</strong></span> <span class='ocrx_word' id='word_1_842' title='bbox 2798 5565 3128 5618; x_wconf 88' lang='lat' dir='ltr'><strong>monitorum</strong></span> <span class='ocrx_word' id='word_1_843' title='bbox 3183 5562 3324 5615; x_wconf 84' lang='lat' dir='ltr'><strong>beati</strong></span> <span class='ocrx_word' id='word_1_844' title='bbox 3371 5562 3617 5614; x_wconf 56' lang='lat' dir='ltr'><strong>Andream</strong></span> 
     </span>
    </p>
   </div>
   <div class='ocr_carea' id='block_1_115' title="bbox 2049 5654 3621 5726">
    <p class='ocr_par' dir='ltr' id='par_1_115' title="bbox 2049 5654 3621 5726">
     <span class='ocr_line' id='line_1_115' title="bbox 2049 5654 3621 5726; baseline -0.001 -21"><span class='ocrx_word' id='word_1_845' title='bbox 2049 5656 2186 5719; x_wconf 84' lang='lat' dir='ltr'><strong>Quid</strong></span> <span class='ocrx_word' id='word_1_846' title='bbox 2206 5656 2370 5719; x_wconf 89' lang='lat' dir='ltr'><strong>enim,</strong></span> <span class='ocrx_word' id='word_1_847' title='bbox 2395 5656 2689 5724; x_wconf 88' lang='lat' dir='ltr'><strong>inquiebat,</strong></span> <span class='ocrx_word' id='word_1_848' title='bbox 2720 5656 2849 5710; x_wconf 87' lang='lat' dir='ltr'><strong>mihi</strong></span> <span class='ocrx_word' id='word_1_849' title='bbox 2881 5654 3143 5726; x_wconf 74' lang='lat' dir='ltr'><strong>profuerit</strong></span> <span class='ocrx_word' id='word_1_850' title='bbox 3172 5656 3402 5709; x_wconf 88' lang='lat' dir='ltr'><strong>aliorum</strong></span> <span class='ocrx_word' id='word_1_851' title='bbox 3439 5655 3621 5718; x_wconf 78' lang='lat' dir='ltr'><strong>spinas</strong></span> 
     </span>
    </p>
   </div>
   <div class='ocr_carea' id='block_1_116' title="bbox 2053 5739 3618 5817">
    <p class='ocr_par' dir='ltr' id='par_1_116' title="bbox 2053 5739 3618 5817">
     <span class='ocr_line' id='line_1_116' title="bbox 2053 5739 3618 5817; baseline 0.001 -20"><span class='ocrx_word' id='word_1_852' title='bbox 2053 5739 2305 5810; x_wconf 73' lang='lat' dir='ltr'><strong>tractare,</strong></span> <span class='ocrx_word' id='word_1_853' title='bbox 2369 5764 2429 5801; x_wconf 82' lang='lat' dir='ltr'><strong>ne</strong></span> <span class='ocrx_word' id='word_1_854' title='bbox 2464 5749 2772 5803; x_wconf 81' lang='lat' dir='ltr'><strong>divitiarum</strong></span> <span class='ocrx_word' id='word_1_855' title='bbox 2823 5747 2935 5802; x_wconf 82' lang='lat' dir='ltr'><strong>ﬁeri</strong></span> <span class='ocrx_word' id='word_1_856' title='bbox 2997 5749 3472 5817; x_wconf 78' lang='lat' dir='ltr'><strong>dispensatorem?</strong></span> <span class='ocrx_word' id='word_1_857' title='bbox 3531 5743 3618 5796; x_wconf 77' lang='lat' dir='ltr'><strong>Illa</strong></span> 
     </span>
    </p>
   </div>
   <div class='ocr_carea' id='block_1_117' title="bbox 2053 5838 3619 5911">
    <p class='ocr_par' dir='ltr' id='par_1_117' title="bbox 2053 5838 3619 5911">
     <span class='ocr_line' id='line_1_117' title="bbox 2053 5838 3619 5911; baseline 0.002 -20"><span class='ocrx_word' id='word_1_858' title='bbox 2053 5856 2304 5909; x_wconf 82' lang='lat' dir='ltr'><strong>namque,</strong></span> <span class='ocrx_word' id='word_1_859' title='bbox 2355 5857 2586 5911; x_wconf 74' lang='lat' dir='ltr'><strong>quorum</strong></span> <span class='ocrx_word' id='word_1_860' title='bbox 2637 5858 2766 5897; x_wconf 91' lang='lat' dir='ltr'><strong>usus</strong></span> <span class='ocrx_word' id='word_1_861' title='bbox 2813 5841 2944 5897; x_wconf 86' lang='lat' dir='ltr'><strong>mihi</strong></span> <span class='ocrx_word' id='word_1_862' title='bbox 3003 5841 3186 5897; x_wconf 90' lang='lat' dir='ltr'><strong>nullus</strong></span> <span class='ocrx_word' id='word_1_863' title='bbox 3243 5849 3357 5906; x_wconf 85' lang='lat' dir='ltr'><strong>cst,</strong></span> <span class='ocrx_word' id='word_1_864' title='bbox 3413 5838 3619 5907; x_wconf 78' lang='lat' dir='ltr'><strong>accipio</strong></span> 
     </span>
    </p>
   </div>
  </div>
