4176 6530
424 359 539 422 759

1503 368 1926 428 NICEPHORI
1967 368 2445 430 PRESBYTERI
2488 369 2596 429 (ΣΡ.

3601 372 3706 434 760

430 487 484 530 et
531 477 584 531 in
644 487 866 546 egentes
910 479 1206 549 tlispertior
1237 500 1250 534 :
1277 481 1370 534 sed
1401 490 1454 534 et
1489 479 1592 533 hoc
1656 480 1848 534 incidit
1880 483 2032 551 cogi-

2159 484 2234 536 ιαὶ
2280 484 2393 545 τοῖς
2446 481 2821 553 προσάγουσιν
2878 482 3120 554 ἔπρεπεν
3182 485 3482 556 ίδιοχείρως
3535 486 3710 541 ταῦτα

436 581 572 634 lare,
635 572 809 635 mibi,
872 583 1061 643 utpote
1105 574 1473 637 distributori,
1522 572 1874 642 mercedem,
1924 590 2029 630 non

435 673 616 718 autem
674 665 797 719 aliis
852 665 1230 722 distribuenda
1297 666 1708 723 conferentibus
1760 683 2030 722 manere:

440 757 586 811 unde
609 769 659 812 et
694 759 1002 814 consultius
1030 760 1194 816 fuerit
1214 761 1314 816 bos
1344 762 1492 833 ipsos
1521 778 1621 818 sua
1640 763 1756 817 suis
1779 761 2032 816 manibus

442 866 692 920 erogare.
753 852 827 906 lta
889 863 1033 906 recte
1100 868 1163 907 ac
1213 855 1320 922 pie.
1358 869 1456 910 nec
1505 869 1666 910 secus
1696 867 1860 923 quam
1904 841 2034 908 reli-

436 943 651 1011 giosum
707 944 864 997 decet
905 944 1130 1008 viventi,
1192 947 1346 1002 adest
1391 962 1488 1017 per
1534 948 1771 1016 quietem
1834 948 2032 1003 visiliili

437 1036 746 1105 iidemique
789 1037 973 1107 specie
1031 1039 1273 1096 fatiiulus
1333 1041 1425 1096 Dei
1469 1041 1749 1104 Andreas,
1786 1041 2036 1099 indicans

441 1127 674 1195 quodam
706 1127 758 1182 in
783 1143 979 1199 eampo
1010 1132 1260 1186 arborem
1317 1131 1724 1201 perpulchram,
1762 1130 2032 1197 ﬂoridam,

437 1220 706 1274 fructibus
749 1233 1006 1278 onustam
1068 1225 1462 1293 sapidissimis,
1515 1232 1570 1279 et
1623 1225 1803 1280 dicit:
1840 1224 2037 1283 Multas

443 1313 722 1382 equidem,
787 1330 980 1384 magne
1030 1313 1212 1378 Pater,
1266 1317 1471 1384 gratias
1519 1315 1654 1371 mihi
1681 1316 1866 1377 debes.
1889 1318 2033 1388 quod

441 1408 680 1461 animam
745 1415 893 1462 tuam
944 1408 1195 1462 arborem
1229 1406 1534 1478 ﬂorigeram
1585 1408 1779 1478 edaci;
1827 1408 1910 1464 fac
1938 1410 2038 1479 igi-

450 1509 538 1552 tur
589 1514 687 1569 pro
731 1501 936 1555 viribus
964 1515 1184 1570 operam
1237 1501 1355 1566 des,
1392 1502 1516 1556 utbi
1549 1501 1712 1558 ﬂores
1741 1503 1796 1556 in
1827 1503 2040 1558 suavis-

443 1592 614 1644 simos
665 1591 896 1655 fruetus,
957 1593 1103 1663 quod
1167 1601 1359 1662 potes.
1445 1603 1854 1650 convertantur.
1913 1594 2037 1650 Hec

442 1682 612 1743 enim.
674 1699 837 1752 quam
863 1701 986 1739 cum
1047 1686 1324 1755 voluptate
1352 1695 1566 1755 spectas
1621 1687 1803 1746 arbor.
1844 1687 2040 1741 anima:

2137 575 2341 645 νέμειν.
2401 575 2561 628 Οὕτω
2609 576 2785 638 καλῶς
2840 577 2934 630 καὶ
2987 577 3254 644 εὐσεϐῶς,
3315 577 3450 633 καθὸ
3498 578 3712 649 πρέπον

2139 669 2398 738 μοναχοῖς
2448 665 2856 733 πολιτεύεσθαι,
2898 665 3324 738 πολιτευομένου
3357 666 3548 732 αὑτοῦ,
3585 670 3714 738 φαί-

2139 776 2289 815 νεται
2313 759 2466 831 αὑτῴ
2497 760 2622 814 καθ’
2653 758 2857 825 ῦπςιους
2886 761 2915 814 ὁ
2944 760 3132 824 δοῦλος
3158 761 3252 815 τοῦ
3282 760 3444 826 Θεοῦ,
3493 761 3716 834 μειδιῶν

2141 849 2219 922 τῷ
2245 850 2542 923 προσώπῳ,
2581 851 2678 905 καὶ
2729 851 3003 906 δείκνυσιν
3044 852 3195 924 αὐτῷ
3235 852 3452 920 δένδρον
3489 853 3717 924 φαιδρὸν

2136 945 2196 996 ὲν
2259 943 2473 996 πεδιάδι
2530 944 2640 996 τινὶ
2686 941 2986 1014 ἀνθοφόρον
3011 982 3028 1010 ,
3095 944 3305 1016 πλῆρες
3358 945 3717 1014 γλυκυτάτων

2138 1037 2368 1108 καρπῶν
2422 1037 2517 1091 καὶ
2574 1036 2680 1109 ἔφη
2707 1055 2721 1069 ο
2755 1038 2970 1102 Πολλὰς
3015 1055 3105 1109 μοι
3157 1041 3392 1111 χάριτας
3437 1037 3715 1111 ὀφείλεις,

2139 1107 2286 1201 Κῦρι
2325 1131 2352 1182 ὁ
2381 1131 2580 1200 μέγας,
2606 1107 2692 1185 ὅτι
2728 1107 3366 1203 πεποίηκαήτὴννᾴυχήν
3426 1107 3520 1184 σου
3558 1107 3719 1185 ἀνθοί

2138 1224 2309 1294 φόρον
2363 1224 2568 1292 φυτόνυ
2628 1223 2933 1278 σπούδασον
2992 1223 3086 1278 οῦν
3140 1225 3209 1277 τὰ
3258 1223 3397 1292 ἄνθη
3438 1223 3614 1278 ταῦτα
3636 1224 3720 1287 είς

2130 1317 2350 1390 καρπον
2408 1316 2748 1386 γλυκύτατον
2797 1317 3222 1388 μετατραπῆναι
3253 1317 3333 1389 ὡς
3365 1317 3593 1372 δύνασαι
3619 1331 3634 1348 ο
3657 1316 3722 1369 τὸ

2139 1409 2248 1478 γὰρ
2279 1408 2468 1478 φυτὸν,
2491 1407 2520 1460 ὃ
2543 1408 2676 1475 ὁρᾶς
2711 1409 2769 1461 ἐν
2812 1408 3164 1480 τερπνὸτητι,
3202 1410 3236 1482 ἡ
3269 1406 3371 1480 τῆς
3415 1407 3596 1478 ψυχῆς
3624 1423 3721 1460 σου

2144 1501 2384 1571 ὑπάρχει
2417 1500 2772 1564 κατάστασις,
2791 1501 2884 1572 ἀφ’
2914 1497 2980 1573 ἦς
3011 1504 3224 1572 ἡμέρας
3245 1496 3386 1566 εἶδες
3415 1519 3504 1573 με,
3539 1501 3634 1557 καὶ
3657 1501 3724 1558 τὸ

2142 1593 2369 1662 χρυσίον
2425 1594 2724 1663 διένειμας.
2784 1594 3058 1661 Ἐξυπνος
3119 1595 3176 1647 δὲ
3229 1593 3569 1664 γενόμενος,
3630 1595 3724 1647 ἐπὶ

2141 1685 2328 1737 πλεῖον
2381 1687 2831 1758 ἐστηρίχθη,ιὲπὶ
2879 1687 2976 1758 τὴν
3025 1689 3409 1760 πνευματικὴν
3458 1687 3724 1759 ἐργασίαν

442 1783 550 1828 tua:
601 1783 845 1841 statum,
895 1778 965 1831 ab
1021 1777 1116 1833 illo
1173 1789 1439 1849 tempore,
1504 1793 1616 1850 quo
1661 1795 1748 1833 me
1801 1779 2036 1849 primum

2159 1779 2490 1846 προκόπτων,
2525 1781 2618 1832 καὶ
2645 1779 2746 1850 τὴν
2775 1780 3129 1849 εὐχαριστίαν
3163 1779 3512 1851 καθεκάστην
3553 1795 3726 1849 προσ-

450 1866 636 1921 vidisti
680 1878 733 1922 et
769 1870 1054 1939 pecuniam
1112 1873 1379 1942 erogasti,
1413 1873 1587 1940 magis
1628 1873 1912 1943 magisque
1941 1873 2039 1927 ﬂo-

2159 1875 2309 1945 ἔφερε
2364 1874 2443 1946 τῷ
2479 1873 2598 1945 Θεῷ
2620 1875 2717 1927 καὶ
2738 1873 2815 1943 τῷ
2844 1873 3142 1944 θεράποντι
3181 1871 3371 1929 αὑτοῦ.

446 1970 656 2017 rentem
696 1972 1070 2033 repraesentat.
1124 1964 1489 2034 Experrectus
1530 1967 1659 2022 hinc
1715 1967 2035 2033 monachus.
2075 1969 2373 2038 plurimum
2432 1970 2787 2024 conﬁrmatus
2844 1967 2895 2020 in
2959 1966 3095 2021 bene
3146 1968 3361 2038 emptis,
3397 1968 3640 2039 quotidie
3668 1969 3724 2024 iu

446 2059 646 2131 spiritu
681 2057 1020 2129 proﬁciebat,
1048 2060 1365 2131 gratiasque
1384 2061 1731 2132 persolvebat
1762 2061 1873 2116 Dco
1903 2061 2134 2132 ejusque
2159 2063 2384 2117 famulo.

1890 2180 2119 2236 CAPUT
2155 2180 2276 2236 XV.

519 2297 639 2354 Duo
664 2294 872 2353 sodales
903 2295 1210 2368 Epiplmnii,
1234 2299 1372 2353 alter
1409 2301 1470 2352 ob
1518 2299 1869 2424 Ιιμμοενὶιῖρι.
1890 2270 2186 2420 gladi-gata:
2207 2299 2273 2352 ab
2295 2300 2533 2366 Andrea,
2571 2299 2708 2352 alter
2741 2297 2804 2350 ob
2839 2261 3076 2350 animum
3097 2296 3442 2350 libidinosum
3463 2295 3528 2349 ab
3545 2299 3659 2367 ipso

1793 2386 2068 2424 mimanta
2111 2380 2405 2424 correptus.

1793 2380 2068 2440 Epiphanio
2111 2380 2405 2442 correptus.

448 2485 452 2491 ’
528 2490 653 2544 114.
707 2489 1034 2546 Adbterebat
1096 2491 1438 2546 familiariter
1495 2492 1836 2562 Epiphanio,
1895 2493 2053 2562 cujus

450 2581 777 2652 jampridem
831 2582 1204 2646 meminimus,
1245 2584 1566 2640 adolescens
1631 2583 1876 2655 quidam,
1907 2585 2047 2640 fama

459 2676 728 2729 virtutum
787 2673 906 2741 ejus
973 2675 1298 2731 excitatus:
1336 2690 1496 2744 quem
1552 2676 1662 2738 ille,
1719 2676 1794 2729 uti
1849 2675 2054 2730 multos

459 2766 622 2830 alios,
672 2781 954 2822 sacrarum
1013 2767 1343 2822 Litterarum
1395 2768 1624 2822 scientia
1666 2767 1956 2832 imbutum,
2000 2767 2054 2820 in

461 2860 687 2915 salutari
724 2863 918 2916 timore
943 2860 1037 2915 Dei
1075 2861 1410 2916 conﬁrmare
1453 2862 1770 2917 nitebatur:
1803 2862 2056 2930 quamvis

461 2954 554 3008 ille
613 2971 723 3018 non
772 2970 833 3010 se
891 2955 1236 3023 adiunxisset
1293 2955 1639 3025 Epiphanio,
1686 2964 1746 3009 ut
1790 2954 2056 3009 virtutum

2228 2489 2348 2566 pt§'.
2385 2491 2623 2555 Νεανίας
2645 2508 2732 2555 τις
2763 2492 3177 2563 προπκολλήθη
3213 2491 3294 2564 τῷ
3323 2491 3649 2560 Ἐπιφανίῳ,
3669 2481 3736 2544 οὗ

2154 2582 2349 2652 πρώην
2400 2583 2782 2653 ἐμνήσθημεν,
2821 2583 3038 2638 ἁκούων
3073 2585 3173 2650 τᾲς
3211 2584 3418 2654 ἀρετὰς
3460 2581 3630 2636 αὐτοῦ
3653 2597 3669 2612 ·
3702 2579 3736 2631 δ

2152 2672 2210 2726 δὲ
2245 2672 2562 2741 Ἑπιφάνιος
2603 2673 2878 2726 ἐνουθέτει
2916 2674 3083 2727 αὑτὸν
3115 2674 3224 2728 άπὸ
3256 2673 3366 2728 τῶν
3406 2673 3567 2728 θείων
3595 2673 3738 2744 Γρα-

2152 2765 2290 2832 φῶν,
2326 2763 2400 2828 ῶς
2429 2765 2527 2819 καὶ
2562 2763 2757 2828 ἀλλους
2785 2765 3037 2828 πολλοὺς.
3062 2765 3386 2835 βουλόμενος
3415 2765 3583 2819 αὖτδν
3605 2781 3742 2834 στῇ⁴⁵

2155 2854 2304 2924 ρίξαι
2337 2857 2420 2918 είς
2450 2855 2542 2908 τδν
2574 2856 2742 2925 φόϐον
2772 2855 2868 2910 τοῦ
2909 2855 3048 2909 Θεοῦ
3077 2876 3092 2890 ο
3123 2858 3331 2920 ἐκεῖνος
3367 2856 3426 2910 δι
3472 2855 3533 2907 οὐ
3558 2853 3648 2908 διὰ
3675 2855 3741 2906 τὸ

2155 2945 2397 3016 ζηλῶσαι
2420 2947 2513 3002 τοῦ
2534 2948 2721 3018 τιμίου
2753 2948 2942 3010 παιδὸς
2968 2947 3180 3002 ἐκείνου
3211 2947 3310 3018 τὴν
3334 2947 3535 3018 ἀρετὴν
3559 2947 3740 3014 τούτῳ

464 3045 718 3100 evaderet
736 3047 1038 3111 emulator,
1095 3048 1186 3102 sed
1222 3056 1282 3102 ut
1306 3048 1522 3102 inanem
1561 3049 1843 3100 hominum
1868 3055 2056 3115 capta-

2159 3038 2614 3110 προσεκολλὴθη,
2676 3039 2816 3094 ἀλλὰ
2878 3039 2972 3094 τοῦ
3028 3040 3136 3093 τῶν
3191 3039 3502 3109 ἀνθρώπων
3547 3039 3742 3091 ῑνσκσν

464 3159 546 3202 ret
578 3149 814 3215 laudem,
842 3108 1182 3205 dicturorum
1231 3150 1297 3205 de
1329 3165 1408 3213 se,
1450 3149 1632 3218 qualia
1666 3149 1732 3202 de
1752 3108 2052 3216 Epiphanio

2159 3132 2410 3198 ἐπαίνου,
2458 3132 2547 3186 ἴνα
2617 3133 2815 3203 λέγωσι
2876 3134 2968 3186 καὶ
3023 3135 3152 3202 περὶ
3217 3131 3409 3194 αὑτοῦ,
3469 3131 3613 3199 ὅπερ
3649 3131 3743 3183 διὰ

466 3242 756 3306 solebant,
823 3244 1097 3297 encomia.
1179 3243 1283 3309 Qui
1361 3252 1540 3296 autem
1619 3243 1682 3294 de
1757 3239 2056 3310 Epiphanio

470 3333 754 3388 hominum
784 3335 1108 3388 sermones?
1153 3333 1290 3387 Audi
1328 3351 1341 3386 :
1384 3331 1687 3403 explicabo.
1714 3331 2059 3385 Transeunte

467 3427 563 3481 illo
615 3441 712 3494 per
765 3425 1000 3480 mediam
1042 3427 1473 3496 saepesurbem,
1536 3434 1803 3496 quotquot
1858 3423 2056 3478 famam

470 3520 737 3573 virtutum
778 3517 899 3586 ejus
953 3529 1300 3588 acceperant,
1337 3520 1514 3574 indice
1545 3519 1597 3572 in
1632 3517 1809 3586 ipsum
1848 3516 2060 3570 intento

471 3621 842 3667 monstrantes
881 3609 1062 3664 :Eccc
1089 3651 1103 3673 ,
1156 3611 1512 3679 inquiebant.
1580 3625 1743 3679 quam
1801 3608 2060 3677 praeclare

475 3709 553 3762 iiii
604 3708 913 3763 traducitur
951 3707 1342 3770 adolescentia,
1396 3703 1603 3758 deliciis
1628 3701 1816 3756 mundi
1854 3699 2061 3754 moveri

475 3786 709 3863 nescia?
783 3801 838 3854 in
915 3801 1108 3856 mediis
1185 3799 1413 3868 ignibus
1451 3795 1656 3857 illaesa,
1721 3793 2060 3860 voluptatum

477 3892 749 3948 illecebris
795 3906 910 3946 non
971 3900 1255 3961 corrupta.
1307 3891 1486 3958 Atque
1558 3885 1724 3940 etiam
1784 3883 2062 3937 communi

477 3983 722 4038 omnium
766 4000 863 4039 ore
893 3983 960 4039 de
992 3983 1112 4053 ipso
1138 3983 1421 4037 dicebatur
1448 3999 1460 4032 :
1499 3975 1902 4034 Commercium
1936 3989 2061 4028 cum

478 4075 676 4129 femina
740 4089 1019 4143 nunquam
1078 4073 1288 4137 habuit,
1321 4072 1414 4124 sed
1438 4067 1644 4122 castam
1694 4077 1855 4135 atque
1887 4065 2064 4119 inrui-

477 4178 658 4237 patam
719 4167 884 4219 vitam
937 4173 1200 4237 perpetuo
1232 4162 1532 4232 transegit;
1563 4159 1812 4229 jejuniis,
1865 4157 2068 4226 vigiliis

481 4261 846 4330 precibusque
923 4236 1205 4322 vacando;
1285 4256 1434 4310 omni
1510 4256 1772 4306 virtutum
1871 4263 2070 4319 genere

479 4356 717 4409 animam
796 4351 1149 4414 exornando,
1224 4365 1428 4418 corpus
1477 4361 1506 4401 a
1555 4345 1750 4417 quavis
1824 4341 2068 4408 nequitia

479 4448 749 4518 corporali
825 4446 1170 4501 abstinendo.
1224 4443 1448 4497 Talibus
1530 4441 1714 4508 itaque
1781 4437 2067 4490 hominum

2176 3222 2499 3289 Ἐπιφανίου
2545 3223 2781 3293 ὁρῶντες
2825 3221 3266 3291 ἐγκωμιάζοντες
3325 3222 3532 3287 ελεγον.
3575 3220 3640 3272 Τί
3679 3219 3741 3272 δδ

2165 3313 2388 3380 ἕλεγον;
2419 3316 2551 3386 ἐρῶ.
2607 3313 2874 3377 Πολλάκις
2923 3315 3277 3384 διερχομένου
3329 3311 3496 3367 αὐτοῦ
3547 3313 3744 3380 ἐπιμέ-

2167 3421 2275 3466 σως
2314 3404 2606 3466 ἀκούοντες
2632 3405 2872 3467 ἅπαντες
2901 3403 3002 3467 τὰς
3030 3403 3195 3456 αὐτοῦ
3226 3403 3452 3473 ἀρετὰς,
3480 3399 3747 3454 δακτυλο-

2165 3494 2506 3558 δεικτοῦντες
2553 3494 2740 3562 ἔλεγον
2767 3510 2784 3525 ·
2823 3494 2926 3548 Ἴδα
2989 3494 3118 3547 ποία
3165 3494 3356 3563 νεότης
3407 3491 3586 3562 ὡραία
3646 3491 3745 3543 καὶ

2133 3616 2138 3619 -
2168 3591 2572 3658 κατάτερπνος,
2611 3589 2778 3657 μέσον
2811 3585 2909 3639 τοῦ
2945 3586 3117 3656 πυρὸς
3149 3584 3500 3654 διερχομένη.
3537 3581 3632 3636 καὶ
3665 3579 3746 3651 μὴ

2170 3681 2460 3749 καιομένη.
2501 3679 2636 3750 μηδὲ
2669 3678 3022 3749 βλαπτομένη
3048 3677 3158 3730 τῶν
3183 3677 3386 3748 ἡδονῶν
3421 3677 3536 3736 τοῖς
3572 3675 3748 3727 ὑπεκ-

2171 3773 2454 3844 καύμασιν
2487 3791 2501 3805 ·
2537 3772 2677 3842 φησὶ
2723 3773 2834 3841 γὰρ
2875 3772 3116 3834 ἅπαντες
3157 3771 3226 3823 δι’
3258 3769 3442 3831 αὑτὸν,
3491 3764 3643 3820 Καθό
3691 3784 3744 3820 τι

2172 3861 2283 3930 γὰρ
2324 3861 2548 3928 γυναικὶ
2597 3861 2695 3930 οὐχ
2735 3859 2988 3928 ὡμίλησέ
3044 3876 3196 3918 ποτε,
3239 3858 3358 3912 ἀλλ’
3413 3858 3580 3926 ἁγνὸς
3648 3859 3750 3909 καὶ

2171 3955 2466 4022 ἄμεμπτος
2515 3953 2610 4005 τὸν
2660 3952 2778 4020 βίον
2817 3950 2990 4004 αὐτοῦ
3034 3949 3404 4020 διεπορεύετο,
3443 3946 3748 4018 νηστείαις.

2171 4046 2532 4114 ἀγρυπνίαις.
2585 4045 2962 4112 προσευχαῖς,
3017 4042 3114 4096 καὶ
3176 4041 3392 4113 δεήσεσι
3447 4039 3746 4110 σχολάζων,

2175 4141 2270 4190 καὶ
2303 4139 2526 4207 ἀρεταῖς
2583 4137 2826 4196 ἁπάσαις
2867 4134 3146 4203 καθαίρων
3206 4135 3422 4195 ἑαυτὸν,
3480 4135 3574 4184 καὶ
3616 4134 3757 4184 ἁπο-

2177 4233 2405 4299 σμήχων
2433 4228 2540 4282 ἀπὸ
2589 4229 2772 4295 πάσης
2813 4225 3006 4295 ὑλικῆς
3039 4224 3360 4295 μοχθηρίας.
3405 4223 3592 4276 Ταῦτα
3639 4221 3753 4276 τῶν

2177 4321 2484 4391 ἀνθρώπων
2518 4321 2809 4388 λεγόντων,
2837 4319 3044 4375 τούτων
3065 4319 3248 4370 ἕνεκεν
3286 4313 3383 4368 τοῦ
3407 4313 3755 4386 προρρηθέν-

2177 4433 2270 4478 τος
2305 4414 2592 4471 νεανίσκου
2621 4414 2713 4466 τὸν
2739 4412 2892 4480 παρὰ
2921 4409 3226 4480 ἀνθρώπων
3268 4408 3488 4461 ἔπαινον
3517 4406 3756 4476 θηρᾶσαι

481 4539 749 4594 encomiis
810 4547 1040 4607 raptus,
1100 4551 1262 4605 quem
1312 4534 1462 4595 dixi,
1523 4533 1878 4589 adolescens,
1930 4539 2057 4595 qu0t

2179 4508 2518 4578 γλιχόμενος.
2548 4503 2967 4575 προσεκολλήθη
2991 4503 3069 4572 τῷ
3123 4500 3446 4569 Ἐπιφανίῳ.

484 4633 634 4701 paria
708 4631 808 4685 sibi
871 4630 1126 4684 ardenter
1178 4626 1608 4695 concupisceret,
1674 4623 1727 4675 in
1780 4616 2068 4688 Epiplianii

488 4724 910 4778 huniliaritatem
944 4737 1064 4777 sesc
1099 4721 1499 4774 insinuaverat.

564 4819 688 4871 “5.
745 4817 961 4871 Accidit
995 4829 1124 4884 ergo
1156 4814 1475 4881 aliquando,
1525 4809 1893 4879 Epipliauium
1931 4806 2072 4858 dilu-

491 4911 612 4964 culo‘
637 4925 694 4964 se
722 4910 1001 4978 proripere
1030 4923 1060 4961 e
1111 4914 1302 4966 strato,
1341 4916 1398 4959 ut
1443 4904 1631 4957 laudes
1663 4903 1770 4956 Deo
1796 4900 2074 4969 persolve-

496 5001 1021 5071 ret:proripuitque
1071 5014 1131 5054 se
1169 4999 1333 5051 etiam
1401 4998 1717 5050 adolescens
1764 4993 2074 5062 przedietus,

495 5108 547 5148 et
594 5109 696 5147 una
747 5094 997 5162 precibus
1045 5090 1328 5145 matutinis
1372 5088 1595 5142 vacabat
1629 5103 1642 5140 :
1676 5102 1824 5146 cum,
1869 5085 1978 5138 Deo
2005 5085 2077 5136 ita

494 5191 801 5257 disponenti
880 5185 1057 5240 ,odcm
1091 5197 1310 5253 quoque
1350 5181 1564 5234 advenit
1590 5181 1780 5233 beatus
1810 5179 2077 5238 Andreas,

497 5293 926 5348 eacrgumenum
958 5293 1143 5346 agens.
1177 5278 1349 5343 Quem
1394 5276 1481 5329 ubi
1515 5271 1797 5340 conspexit
1843 5270 2074 5338 Epipha-

501 5372 643 5429 nius,
710 5369 780 5421 ob
838 5366 1198 5436 frequentiam
1265 5365 1451 5436 pepuli
1506 5361 1750 5424 veritus,
1801 5375 1866 5413 ne
1914 5359 2084 5427 ipsius

504 5462 693 5529 agendi
740 5461 933 5514 uzodus
968 5462 1204 5526 cuipiam
1255 5461 1641 5518 iunotcscercl,
1672 5452 1877 5506 nullum
1910 5449 2084 5504 sensi-

507 5556 610 5609 bile
652 5553 907 5606 iadieiuiu
980 5553 1250 5614 (θαμεεά
1320 5552 1435 5605 solo
1461 5548 1654 5617 spiritu
1706 5543 2085 5598 advenientem

508 5647 783 5702 salutavit.
835 5647 1119 5714 ingressus
1172 5652 1355 5696 autem
1387 5640 1652 5704 Andreas,
1691 5633 1995 5705 Epiphanio
2030 5647 2087 5684 se

509 5739 795 5808 adjunxit;
855 5739 1112 5806 stetitque
1142 5739 1306 5806 longo
1339 5743 1598 5802 tempore,
1640 5729 1867 5785 verbum
1910 5723 2088 5794 profe-

513 5846 635 5887 rcus
688 5832 933 5895 nullum,
989 5831 1178 5885 obtutu
1241 5830 1527 5885 duntaxat.
1584 5839 1759 5892 coque
1811 5831 1965 5874 torvo
2030 5833 2092 5869 ac

2251 4795 2372 4866 ριε’.
2390 4796 2476 4847 Ἐν
2513 4795 2610 4863 μιᾷ
2629 4791 2686 4844 δὲ
2717 4790 2824 4844 τῶν
2853 4787 3095 4858 ἡμερῶν,
3115 4774 3467 4856 ὀρθρίσσντος
3492 4785 3586 4838 τοῦ
3603 4784 3756 4838 Ἐπι-

2182 4891 2375 4958 φανίου
2398 4890 2476 4949 εἰς
2507 4888 2603 4954 τὴν
2630 4885 2723 4938 τοῦ
2740 4881 2878 4936 Θεοῦ
2909 4881 3239 4948 δοξολογίαν,
3267 4878 3576 4949 συνηγέρθη
3606 4878 3762 4945 αὐτῷ

2183 4984 2276 5035 καὶ
2305 4982 2334 5033 ὁ
2375 4981 2564 5050 ῥηθεὶς
2586 4979 2824 5041 νεανίας,
2857 4977 2951 5028 καὶ
2979 4975 3075 5027 σὺν
3111 4972 3261 5042 αὐτῷ
3284 4972 3471 5025 ἵστατο
3494 4971 3712 5041 ψάλλων
3740 4987 3755 5002 ο

2185 5076 2368 5124 νεύσει
2397 5073 2453 5124 δὲ
2495 5070 2631 5123 Θεοῦ
2655 5070 2875 5138 ἔρχεται
2909 5069 3088 5120 ἐκεῖσε
3119 5068 3146 5118 ὁ
3180 5064 3452 5135 μακάριος
3503 5064 3760 5131 ’Δνδρέας

2185 5168 2258 5227 ὡς
2289 5161 2369 5225 εἷς
2408 5164 2516 5216 τῶν
2547 5159 3122 5231 παρατετραμμένων.
3175 5156 3471 5226 Ἐωρακὼς
3497 5155 3555 5208 δὲ
3599 5156 3758 5208 αὑτὸν

2187 5260 2214 5308 ὁ
2262 5257 2600 5323 Ἐπιφάνιος,
2649 5254 2737 5307 διὰ
2767 5255 2896 5314 τοὺς
2934 5250 3280 5320 ἀνθρώπους,
3328 5250 3479 5311 ὅπως
3516 5250 3592 5318 μὴ
3619 5265 3758 5314 γνω·

2190 5351 2384 5417 coam
2443 5346 2537 5398 τοῦ
2600 5345 2775 5399 ’0σέου
2831 5344 2931 5414 τὴν
2982 5345 3268 5413 ἐργασίαν,
3310 5344 3463 5395 οὐδὲν
3506 5341 3760 5411 αἰσθητὸν

2192 5442 2328 5512 πρὸς
2359 5440 2520 5493 αὐτὸν
2551 5439 2885 5503 ἐπεδείξατο,
2918 5436 3055 5490 ἀλλὰ
3088 5436 3359 5503 πνεύματι
3385 5435 3546 5487 αὐτὸν
3580 5435 3760 5504 ἠσπά-

2195 5552 2346 5587 σατο.
2397 5534 2486 5592 Ὠς
2537 5531 2628 5582 οῦν
2659 5530 2808 5583 ἔνδον
2835 5529 3081 5596 ἐγένετο,
3110 5527 3282 5580 ἐλθὼν
3309 5525 3535 5595 πλησίον
3570 5523 3758 5584 αὑτοῦ,

2195 5629 2325 5696 ἔστη
2373 5628 2466 5678 ἐπὶ
2517 5624 2715 5693 πολλὴν
2739 5623 2886 5692 ὥραν
2919 5622 3139 5673 σιωπῶν
3167 5638 3180 5652 ο
3217 5618 3426 5673 ἀπιδὼν
3454 5619 3512 5671 δὲ
3557 5620 3635 5676 εἰς
3663 5615 3758 5685 τὴν

2196 5721 2316 5788 ὅφιν
2368 5717 2461 5771 τοῦ
2519 5718 2800 5770 νεανίσκου
2857 5717 3063 5766 ἐκείνου
3113 5713 3357 5783 βλοσυρῷ
3410 5712 3485 5779 τῷ
3527 5711 3754 5779 ὄμματι,

2195 5814 2406 5865 δίδωσιν
2438 5810 2582 5879 αὐτῷ
2626 5811 2838 5873 κὺσοον,
2876 5809 2945 5870 εἴ),
2989 5807 3234 5876 ἠδύνατο,
3292 5805 3380 5858 καί
3427 5818 3557 5873 φησι
3625 5799 3755 5870 πρὸς
