4176 6470
696 372 806 435 763

771 488 888 541 117.
943 487 1093 541 Talia
1150 500 1401 544 monente
1456 490 1654 545 illustri
1686 482 2012 556 Epiphanio,
2045 486 2265 555 intltira-
2296 490 2337 543 Α

702 588 818 629 tum
884 588 967 632 est
1014 596 1043 631 a
1094 578 1237 634 malo
1265 581 1506 635 daemone
1535 596 1630 635 cor
1670 579 2055 639 adolescentis,
2094 587 2269 645 usque

699 670 837 722 adeo
870 680 927 723 ut
958 671 1239 739 aegerrime
1262 671 1567 724 hortantem
1596 670 1798 733 tulerit,
1858 678 2269 737 prostratusque

694 762 1098 827 quodammodo
1131 771 1180 815 et
1204 771 1427 816 mmstus
1450 761 1664 823 abierit,
1690 762 1761 815 ita
1798 761 2056 830 loquens:
2088 758 2273 823 Quan-
2310 786 2313 787 ν

693 852 768 901 do
816 852 978 920 igitur
1027 852 1168 914 licet,
1234 851 1416 905 mundi
1462 866 1545 903 me
1605 850 1812 904 deliciis
1863 848 2041 907 dabo.
2071 846 2269 900 deinde

701 942 792 994 ubi
843 943 1018 994 visum
1082 941 1266 1006 fuerit,
1302 941 1375 995 illi
1403 941 1651 994 nuntium
1681 940 2035 994 remissurus.
2080 936 2270 1004 Neque

698 1024 960 1098 deinceps
989 1031 1040 1083 in
1064 1031 1307 1085 animum
1342 1030 1554 1083 induxit
1600 1030 1886 1084 convenire
1914 1027 2271 1097 Epiphanium

701 1133 760 1176 ut
814 1123 865 1175 in
924 1122 1117 1187 spiritu
1174 1122 1500 1184 erudiretur,
1565 1131 1618 1175 et
1674 1130 1841 1175 totum
1898 1135 1955 1173 se
1988 1119 2276 1187 voluptati-

708 1214 809 1267 bus
858 1213 1137 1276 addicens,
1169 1213 1487 1281 nullumque
1543 1210 1821 1265 scortandi
1853 1225 1916 1263 ac
1939 1208 2288 1287 adulterandi

702 1305 924 1357 modum
960 1303 1182 1366 faciens,
1238 1302 1658 1371 pulcherrimam
1711 1302 1949 1356 animam
1976 1316 2131 1355 suam
2174 1299 2278 1353 mi-

706 1394 1009 1447 serabiliter
1024 1392 1422 1462 conspurcavit.
1447 1385 1832 1447 Verumtamen
1856 1393 2132 1462 aliquanto
2157 1400 2279 1460 post

706 1483 764 1536 in
815 1485 1139 1538 tentationes
1192 1484 1625 1543 etcalamitates
1684 1485 2034 1553 gravissimas
2067 1483 2276 1549 incidit,

702 1574 900 1643 quibus
948 1574 1014 1628 ad
1076 1575 1270 1629 incitas
1321 1578 1592 1638 redactus,
1621 1575 1865 1644 quotidie
1900 1590 2091 1643 panem
2118 1589 2276 1629 suum

703 1665 1013 1719 mendicare
1048 1681 1327 1721 necessum
1374 1667 1582 1719 habuit.
1630 1665 1767 1720 Hinc
1811 1676 2041 1721 mmstus
2100 1666 2284 1719 turba-

708 1770 909 1826 tusque
960 1757 1324 1827 Epiphanius,
1380 1758 1639 1811 famulum
1697 1756 1785 1811 Dei
1840 1757 2111 1810 Andream
2169 1755 2281 1808 adit

702 1857 956 1917 oratque,
1009 1857 1065 1901 ut
1116 1849 1309 1903 miselli
1364 1848 1725 1903 adolescentis
1790 1850 2135 1902 misereatur.
2178 1846 2277 1902 Cui

712 1941 983 1996 Sanctus:
1020 1943 1194 2008 Absit,
1248 1943 1317 1995 liii
1368 1944 1483 2006 mi,
1538 1944 1633 1996 sed
1677 1943 1871 1995 anima:
1906 1942 2051 1995 illius
2098 1939 2281 2006 capiat

704 2044 759 2088 te
820 2036 1003 2104 potius
1060 2036 1339 2090 miseratio
1395 2052 1557 2103 quam
1602 2035 1876 2103 corporis;
1941 2033 2012 2086 ita
2038 2047 2200 2102 porro
2222 2046 2283 2084 se

705 2126 939 2191 habeat,
1013 2126 1088 2179 uti
1151 2128 1351 2189 modo,
1406 2127 1455 2181 id
1490 2141 1724 2195 namque
1768 2124 2023 2192 expedit.
2097 2122 2283 2175 Veniet

704 2225 883 2270 autem
920 2227 1158 2287 tempus,
1206 2234 1316 2287 quo
1346 2218 1621 2272 miseriam
1661 2216 1801 2270 illius
1836 2224 1888 2269 et
1922 2214 2281 2269 humilitatem

704 2307 1035 2377 respiciente
1092 2309 1338 2368 Domino,
1372 2307 1422 2359 in
1452 2307 1741 2375 pristinum
1792 2316 1995 2360 statum
2025 2304 2285 2359 restitue-

708 2408 817 2452 tur.
866 2397 1003 2450 Tum
1077 2394 1721 2467 Epiphanius:0b.secro
1789 2406 1876 2460 te,
1922 2396 2139 2464 inquit,
2200 2394 2284 2448 fa-

706 2488 852 2541 mule
908 2488 1021 2550 Dei,
1071 2499 1129 2541 ut
1181 2504 1421 2557 exponas
1472 2488 1626 2551 mhi,
1678 2490 2033 2556 quamobrem
2095 2486 2285 2541 adole-

707 2595 867 2633 scens
894 2580 983 2633 ille
1015 2589 1122 2633 tam
1168 2582 1348 2634 subito
1374 2580 1678 2633 dsenmnum
1732 2579 2012 2633 tentationi
2055 2578 2285 2633 traditus

707 2672 803 2725 sit.
863 2673 1046 2736 Nulla,
1110 2674 1319 2742 reponit
1378 2672 1639 2733 Andreas,
1674 2671 1779 2726 alia
1812 2672 1885 2749 de
1936 2686 2099 2725 causa
2153 2686 2283 2727 suc-

706 2763 922 2817 censuit
982 2763 1056 2816 illi
1122 2763 1401 2826 Dominus,
1459 2764 1562 2816 nisi
1619 2762 1763 2832 qttod
1816 2763 2090 2833 periurus,
2130 2777 2283 2814 men-

705 2855 848 2916 dat,
896 2852 1181 2923 prtulideus
1241 2870 1304 2908 ac
1373 2854 1614 2909 tumidus
1662 2864 1841 2919 esset,
1910 2857 2162 2924 quamvis
2230 2864 2285 2907 et

710 2946 817 2999 alia
848 2945 1009 3011 forte,
1033 2948 1195 3001 etiam
1228 2946 1499 3015 graviora,
1528 2946 1581 2999 in
1611 2962 1671 3003 se
1715 2946 1919 3001 scelera
1950 2945 2236 3000 admiserit
2268 2960 2282 2995 :

709 3039 807 3092 sed
839 3052 943 3092 non
971 3046 1174 3091 tantam
1207 3047 1427 3107 propter
1457 3038 1590 3102 haec,
1649 3046 1908 3107 quantam
1942 3048 2159 3108 propter
2193 3037 2283 3091 illa

710 3128 1135 3195 indignationem
1191 3127 1442 3181 incurrit.
1498 3126 1572 3180 Ita
1626 3128 1768 3181 enim
1815 3143 1874 3181 se
1930 3142 2017 3180 res
2072 3126 2282 3180 habet:
2312 3167 2356 3226 Ο

706 3212 823 3272 Nisi
852 3219 958 3271 olla
992 3218 1099 3289 igni
1132 3208 1383 3287 imposita
1407 3219 1636 3272 multum
1667 3216 1950 3279 ferbuerit,
1981 3214 2116 3269 nihil
2158 3230 2285 3269 sua-

710 3310 892 3364 \itatis
926 3309 1146 3363 habebit
1176 3310 1352 3373 cibus,
1394 3311 1486 3378 qui
1542 3310 1893 3363 continetur:
1926 3307 1997 3359 ita
2015 3317 2068 3359 et
2093 3306 2283 3360 nobis-

706 3386 831 3455 cum
859 3401 1035 3469 agitur
1084 3400 1310 3454 misellis
1334 3401 1667 3470 abiectisque
1697 3398 2076 3469 peccatoribus
2104 3438 2119 3461 ,
2170 3397 2273 3452 nisi

711 3491 902 3546 inultis
937 3492 1339 3546 calamitatibus
1372 3493 1544 3561 pressi
1578 3506 1641 3546 ac
1664 3489 2050 3544 tentationibus
2080 3488 2292 3543 exerci-

708 3582 807 3634 tati
844 3581 1136 3645 fuerimus,
1190 3584 1370 3637 aditus
1397 3600 1501 3637 non
1537 3584 1739 3653 patebit
1768 3582 1822 3637 in
1872 3597 2093 3651 regnum
2122 3582 2291 3636 ταξιο-

709 3684 871 3726 ruma
923 3672 1063 3727 Tum
1114 3672 1487 3743 Epiphanius:
1521 3673 1574 3729 Si
1604 3676 1675 3730 ita
1739 3675 1993 3729 conducit
2045 3675 2111 3727 ad
2142 3674 2289 3728 salu-

684 3774 818 3819 ‘tcm
854 3765 1050 3818 anima:
1084 3767 1249 3827 illius,
1280 3769 1503 3821 verbum
1539 3784 1644 3821 non
1695 3768 1950 3836 adjiciam
1984 3768 2289 3835 deprecztn-

1763 362 2189 443 NICEPHORI
2232 362 2704 439 PRESBYTEBI
2744 370 2851 430 (ΖΡ.

3833 376 3931 437 764

2442 481 2567 551 ριζν.
2595 482 2776 535 Ταῦτα
2813 482 2908 534 τοῦ
2949 478 3563 554 φωστῆροςἙπιφανὶω
3598 487 3671 557 τῷ
3693 492 3934 561 νεωτέρῳ

2374 575 2569 643 ἐκείνῳ
2597 573 2996 636 νουθετοῦντος,
3040 573 3146 627 ὑπὸ
3192 575 3284 627 τοῦ
3323 579 3560 645 πονηροῦ
3609 580 3936 647 σκληρωθεί-

2374 684 2473 734 σης
2498 665 2663 733 αὐτοῦ
2693 668 2789 735 τῆς
2821 667 3065 735 καρδίας,
3100 666 3310 737 βαρέως
3336 653 3403 721 τά
3436 670 3657 738 ῥήματα
3717 671 3935 739 ἤνεγκε,

2380 760 2476 811 καὶ
2508 760 2745 819 ὀκλάσας
2772 758 2906 825 πρὸς
2939 759 3005 811 τὰ
3034 758 3325 827 λεγόμενα,
3353 758 3638 829 λυπηθεὶς,
3666 763 3939 833 ἀνεχώρη-

2378 869 2470 905 σεν
2496 848 2667 905 εἰπών
2689 870 2702 883 ·
2721 850 2989 917 Ὀπηνίκα
3021 848 3240 920 ὀφείλω,
3273 850 3567 906 ἀπολαύσω
3591 854 3683 907 τὸν
3715 856 3935 924 κόσμον,

2375 924 2495 997 τότε
2522 941 2687 996 αὑτοῦ
2713 942 3049 1011 ἀπόσχομαι.
3090 943 3288 996 Οὐκέτι
3315 939 3407 996 οὖν
3434 944 3728 1011 προσέθετο
3758 945 3940 997 συνελ-

2378 1035 2490 1087 θεῖν
2512 1034 2591 1104 τῷ
2628 1034 2932 1104 Ἐπιφανίῳ
2970 1036 3047 1097 είς
3076 1034 3168 1109 τὸν
3198 1035 3564 1105 πνευματικὸν
3587 1035 3795 1102 ἀγῶνα,
3826 1036 3941 1090 ἀλλ’

2377 1125 2770 1195 ἑμφιλοχωρῶν
2801 1129 2919 1186 ταῖς
2953 1125 3327 1194 ἡδυπαθείαις,
3364 1126 3645 1195 πορνείαις
3683 1128 3777 1179 καὶ
3820 1145 3939 1195 μοι·

2377 1215 2570 1285 χείαις,
2610 1216 2710 1284 τῆς
2742 1215 2981 1284 ἐλεεινῆς
3028 1216 3192 1269 αὐτοῦ
3234 1216 3413 1285 ψυχῆς
3451 1216 3510 1269 τὸ
3560 1218 3756 1281 κάλλος
3786 1236 3945 1272 κατεο

2386 1307 2599 1377 μίανεν.
2650 1302 2804 1360 Μετὰ
2852 1308 3041 1361 ταῦτα
3124 1308 3413 1377 περιέπεσε
3469 1313 3795 1379 πειρασμοῖς
3852 1310 3947 1365 καὶ

2382 1398 2593 1469 elatam
2658 1400 3075 1469 συοδροτάταις,
3105 1394 3246 1456 ὥστε
3290 1401 3383 1455 καὶ
3434 1402 3514 1463 είς
3557 1401 3821 1470 μεγίστην
3847 1419 3945 1454 πε-

2381 1492 2501 1544 νίαν
2524 1491 2723 1554 ἐλθεῖν,
2751 1489 2847 1543 καὶ
2873 1487 2967 1545 τὸν
2993 1492 3159 1561 ἄρτον
3182 1492 3365 1561 ζητεῖν
3395 1488 3738 1563 καθημέραν.
3795 1493 3948 1545 Ἐλυ-

2380 1581 2529 1650 πήθη
2564 1577 2658 1635 οὖν
2693 1582 2787 1635 ἐπὶ
2819 1574 2997 1652 τούτῳ
3044 1582 3077 1638 ὁ
3120 1584 3455 1655 Ἐπιφάνιος,
3508 1586 3601 1636 καὶ
3650 1585 3949 1653 παρεκάλει

2375 1671 2476 1725 -τδν
2506 1670 2690 1725 δοῦλον
2714 1670 2808 1723 τοῦ
2832 1670 2969 1723 θεοῦ
3001 1671 3222 1740 ποιῆσαι
3268 1672 3389 1741 μετ’
3417 1666 3581 1725 αὐτοῦ
3609 1671 3775 1733 ελεος.
3815 1670 3875 1724 '0
3896 1670 3952 1723 δὲ

2388 1758 2578 1825 Ὅσιος
2606 1758 2713 1831 ἔφη
2742 1778 2755 1792 ⁸
2791 1762 2949 1832 Οὐχὶ,
2978 1762 3187 1827 τέκνον,
3232 1763 3370 1817 ἀλλά
3401 1764 3757 1833 συμπάθησον
3785 1761 3950 1817 αὐτοῦ

2386 1852 2588 1920 μᾶλλον
2637 1856 2703 1922 τῇ
2752 1853 2919 1925 ψυχῇ.
2966 1851 3263 1923 κάμνοντος
3306 1853 3403 1907 τοῦ
3456 1854 3707 1923 σώματος
3740 1871 3755 1885 ⁸
3795 1855 3953 1907 ἔασον

2382 1944 2563 1997 τοίνυν
2594 1944 2761 1997 αὐτὸν
2788 1941 2962 2011 οὕτως
2998 1960 3013 1975 ⁸
3040 1945 3299 2016 ἁρμόδιον
3340 1947 3448 2017 γὰρ
3476 1948 3632 2001 τοῦτο
3672 1945 3823 2015 αὐτῷ
3857 1964 3953 1998 πε-

2388 2034 2613 2102 ρίεστιν.
2686 2034 2995 2091 Ἑλεύσεται
3040 2033 3095 2090 δὲ
3137 2036 3345 2106 καιρὸς,
3396 2036 3633 2107 ὁπηνίκα
3684 2039 3712 2089 ὁ
3749 2036 3952 2106 Κύριος

2387 2123 2723 2193 θεασάμενος
2741 2128 2839 2193 τῆς
2861 2126 3233 2196 ταλαιπωρίας
3263 2128 3359 2197 τὴν
3399 2128 3754 2183 ταπείνωσιν.
3792 2128 3954 2195 μετὲ-

2387 2226 2553 2267 πειτα
2580 2216 2672 2266 ἐπὶ
2715 2215 2814 2284 τὴν
2855 2215 3130 2285 προτέραν
3173 2217 3340 2270 αὐτοῦ
3378 2217 3716 2271 κατάστασιν
3744 2218 3954 2268 ἀνακα-

2386 2303 2613 2373 λέσηται
2664 2306 2850 2361 αὐτὸν.
2917 2307 3230 2374 Ἐπιφάνιος
3283 2308 3385 2378 εφη
3426 2323 3445 2341 ⁸
3500 2307 3808 2377 Παρακαλῶ
3874 2323 3954 2371 σε.

2385 2395 2538 2449 δοῦλε
2570 2397 2795 2465 Κυρίου,
2821 2397 3089 2469 γνώρισόν
3120 2416 3211 2471 μοι
3238 2399 3328 2452 διὰ
3367 2378 3532 2452 ποίαν
3574 2399 3758 2452 αἰτίαν
3781 2398 3955 2461 οὕτως

2389 2487 2558 2563 ὀξέως
2593 2491 2706 2554 τοῖς
2737 2491 3065 2559 πειρασμοῖς
3099 2490 3391 2559 παρεδόθη.
3434 2488 3496 2545 Ὀ
3522 2490 3581 2543 δὲ
3606 2487 3762 2543 εἶπεν
3796 2506 3813 2520 ⁸
3843 2490 3957 2543 Οὐκ

2392 2579 2637 2649 ὠργίσθη
2667 2580 2819 2650 αὐτῷ
2854 2582 2881 2632 ὁ
2905 2579 3110 2648 Κύριος
3153 2581 3222 2634 δι’
3245 2582 3399 2634 οὐδὲν
3425 2582 3635 2651 ἕτερον,
3677 2583 3725 2633 εί
3755 2580 3835 2650 μὴ
3872 2582 3957 2634 ὃτι

2388 2666 2459 2741 ἦν
2486 2672 2764 2739 ἐπίορκος,
2799 2671 2893 2723 καὶ
2925 2671 3314 2749 ψεύστηςηκαὶ
3348 2673 3572 2742 θρασὺς,
3618 2674 3714 2725 καὶ
3745 2673 3957 2743 ὑπερή-

2388 2780 2557 2833 φανος
2586 2778 2601 2794 ⁸
2640 2763 2744 2815 κᾶν
2777 2763 2915 2831 τάχα
2945 2764 3052 2830 γάρ
3076 2766 3168 2816 καὶ
3200 2764 3335 2817 ἄλλα
3368 2764 3585 2833 χείρονα
3627 2765 3956 2835 διεπράξατο

2388 2852 2679 2921 σωματικά
2712 2852 3161 2923 πλημμελήματα
3188 2869 3203 2884 ο
3235 2853 3351 2907 ἀλλ’
3374 2849 3471 2907 οὖν
3495 2854 3556 2907 ού
3582 2852 3837 2906 τοσοῦτον
3867 2854 3955 2906 διὰ

2387 2943 2579 3007 ταῦτα,
2601 2942 2724 2995 ὅσον
2756 2941 2827 2995 δι’
2855 2944 3061 2997 ἐκεῖνα.
3116 2943 3272 2997 Οὕτω
3298 2945 3406 3013 γάρ
3431 2945 3604 3006 ἐστιν,
3629 2943 3722 2995 ἐάν
3747 2942 3858 3011 γὰρ
3880 2942 3955 3013 μὴ

2388 3035 2567 3106 βράσῃ
2596 3036 2628 3105 ἠ
2674 3034 2852 3104 κύθρα
2882 3033 3160 3104 ύψουμένη
3200 3034 3453 3106 ισχυρῶς,
3488 3035 3727 3105 ηδύτητα
3751 3036 3955 3105 βρῶσις

2387 3126 2487 3177 οὐκ
2524 3124 2637 3193 εχει
2663 3138 2678 3155 ⁸
2713 3121 2856 3175 οὕτω
2907 3122 3002 3177 καὶ
3037 3125 3190 3194 ἡμεῖς
3215 3125 3262 3179 ol
3294 3124 3612 3193 ἁμαρτωλοὶ
3640 3124 3734 3177 καὶ
3761 3141 3955 3176 ταπει-

2390 3218 2495 3283 νοὶ,
2529 3217 2623 3269 ὲάν
2657 3214 2732 3283 μὴ
2760 3213 3051 3285 ἐψηθῶμεν
3086 3216 3171 3269 διὰ
3213 3215 3419 3271 πολλῶν
3459 3216 3689 3285 θλίψεων
3711 3217 3809 3268 καὶ
3842 3233 3953 3269 πει-

2376 3309 2637 3378 ρασμῶν,
2668 3295 2730 3361 οὐ
2761 3309 2837 3378 μὴ
2870 3308 3201 3378 εἰσέλθωμεν
3254 3312 3334 3373 εἰς
3384 3310 3483 3379 την
3532 3309 3810 3378 βασιλείαν
3850 3309 3955 3361 τῶν

2385 3400 2653 3470 οὐρανῶν.
2701 3402 3015 3469 Ἐπιφάνιος
3044 3397 3196 3454 εἶπεν
3224 3417 3239 3431 ⁸
3271 3400 3334 3455 El
3356 3394 3529 3465 οὕτως
3558 3400 3676 3454 ἐστὶ
3736 3400 3797 3454 τὸ
3822 3416 3954 3470 συμδ
3979 3436 3988 3444 -

2391 3492 2557 3563 φέρον
2612 3495 2714 3564 τῆς
2770 3492 2946 3562 ψυχῆς
3000 3492 3165 3545 αὐτοῦ
3228 3492 3536 3561 σωτηρίας,
3585 3492 3771 3545 οὐκέτι
3831 3494 3955 3563 περὶ

2386 3583 2551 3637 αὑτοῦ
2595 3584 2899 3654 φθέγξομαι
2932 3598 2945 3613 ⁸
2977 3584 3139 3654 μόνον
3186 3584 3280 3637 ίδω
3316 3582 3479 3637 αὑτὸν
3508 3584 3567 3635 ἐν
3591 3583 3836 3653 ὑπομονῇ
3863 3585 3954 3636 άν-

2387 3670 2760 3746 δρειούμενον,
2797 3677 2892 3729 καὶ
2938 3678 3019 3739 εἰς
3065 3675 3277 3743 ἀγαθάς
3312 3676 3533 3739 ἐλπίδας
3574 3678 3669 3729 καὶ
3698 3675 3953 3738 ἐπαύλεις
3993 3703 3996 3706 ~

2396 3767 2549 3835 παρά
2575 3768 2781 3838 Κυρίου
2815 3767 3118 3839 βαδίζοντα.

711 3860 760 3909 di
798 3873 962 3911 causa
994 3875 1007 3911 :
1047 3860 1205 3911 modo
1235 3858 1463 3926 videam,
1492 3876 1753 3929 generose
1782 3859 2137 3915 sustinentem
2191 3859 2447 3925 adversa,
2503 3859 2567 3913 ad
2591 3874 2741 3931 spem
2787 3859 2945 3913 bonis
2998 3860 3355 3929 propositam,
3381 3869 3435 3917 et
3507 3860 3689 3915 aulam
3741 3860 3951 3916 Domini

711 3955 987 4008 caelestem
1013 3956 1313 4024 pervenire.

788 4051 909 4105 “8.
966 4051 1119 4105 Alius
1154 4066 1372 4122 quoque
1395 4053 1732 4117 adolescens,
1758 4052 1845 4105 cui
1871 4066 2063 4105 nomen
2126 4049 2291 4103 Joan-

714 4160 851 4207 nes,
917 4144 1259 4197 familiariter
1348 4147 1600 4198 utebatur
1673 4144 2011 4215 Epiphanio,
2055 4157 2290 4211 cumque

713 4249 773 4289 ut
801 4238 1259 4304 condiscipulum,
1280 4240 1423 4308 quod
1454 4239 1615 4291 simul
1649 4254 1927 4292 sacrarum
1962 4238 2287 4291 Litterarum

713 4330 897 4383 studio
948 4342 1253 4394 vocassent,
1312 4332 1530 4384 amabat
1566 4348 1578 4383 :
1611 4332 1705 4386 sed
1764 4332 1981 4385 amabat
2042 4339 2289 4391 tantum,

2463 4043 2824 4115 ριη’.Ἔτερος
2838 4044 2893 4097 δέ
2908 4062 2989 4109 τις
3004 4046 3239 4110 νεανίας,
3258 4046 3482 4117 ὀνόματι
3499 4046 3771 4118 Ἰωάννης,
3792 4050 3953 4119 ἐχρη-

2397 4136 2591 4207 μάτιζε
2619 4137 2926 4206 προσφιλὴς
2970 4138 3288 4206 Ἐπιφανίῳ,
3324 4140 3514 4193 καθότι
3542 4141 3767 4196 καὶτῶν
3801 4142 3959 4212 ἱερῶν

2391 4232 2738 4300 γραμμάτων
2770 4231 3072 4301 ἀμφότεροι
3098 4231 3165 4281 τά
3193 4231 3487 4301 μαθήματα
3512 4233 3912 4303 ὲπαιδεύθησαν
3936 4248 3951 4264 ⁸
4014 4240 4017 4241 ⁷

2387 4323 2582 4393 ἠγάπα
2607 4319 2700 4375 οὖν
2740 4322 2829 4375 τὸν
2854 4322 3171 4391 Ἐπιφάνιον
3203 4314 3595 4395 συμφοιτητὴν,
3625 4325 3723 4395 τὴν
3744 4328 3800 4379 δὲ
3826 4329 3952 4395 ἁρε-

714 4443 819 4479 uon
850 4424 1010 4478 etiam
1044 4424 1401 4477 temulabatur
1432 4426 1703 4478 virtutem.
1729 4422 1967 4493 Contigit
1995 4422 2287 4491 aliquando

2390 4417 2488 4484 τὴν
2537 4413 2702 4467 αὑτοῦ
2749 4414 2850 4467 οὐκ
2898 4416 3152 4485 ἐμιμεῖτο
3193 4416 3257 4468 τι)
3302 4416 3541 4471 σύνολον.
3586 4420 3701 4489 Μιᾷ
3732 4418 3824 4471 οὖν
3849 4419 3952 4472 τῶν

713 4517 1123 4569 νοιιδίιίοιιιὼυε
1152 4526 1383 4586 utroque
1409 4517 1459 4569 in
1496 4519 1613 4571 loco
1644 4517 1856 4585 publico
1884 4524 1935 4568 et
1969 4516 2285 4583 colloquen-

2392 4509 2635 4579 ἡμερῶν,
2666 4507 3150 4575 συγκαθεζομένων
3179 4508 3288 4560 τῶν
3314 4508 3639 4577 ἀμφοτέρων
3667 4510 3874 4563 παίδων
3896 4512 3950 4561 ὲν

714 4607 883 4671 tibus,
946 4609 1282 4661 meretricem
1315 4608 1439 4662 illac
1464 4608 1565 4661 iter
1616 4608 1813 4661 habere
1841 4625 1852 4659 :
1881 4623 2001 4675 qua:
2041 4606 2128 4659 ubi
2154 4604 2288 4658 ado-

716 4702 983 4755 lest-entes
1030 4702 1332 4770 conspexit,
1388 4702 1623 4770 primum
1682 4698 1991 4771 gesticulari
2045 4699 2291 4766 impura,
2326 4691 2349 4717 ⁸

709 4792 909 4845 deinde
938 4808 1139 4861 corpus
1171 4794 1346 4847 modis
1381 4792 1649 4846 indecoris
1701 4806 1936 4853 movere,
1990 4805 2055 4843 eo
2084 4804 2182 4844 sua
2210 4788 2291 4840 di-

715 4889 896 4954 rigens
937 4888 1221 4940 conaubna
1244 4930 1259 4952 ,
1300 4894 1358 4941 ut
1388 4888 1613 4941 alterum
1649 4884 1840 4939 saltem
1874 4885 2090 4939 illorum
2124 4884 2175 4935 in
2205 4880 2288 4937 sui

710 4979 1211 5047 cmnrnpiseentiam
1254 4980 1589 5049 pertraheret
1619 4978 1944 5047 perniciosa.
1976 4974 2183 5029 Interea
2214 4975 2290 5025 fa-

718 5071 857 5122 ciem
892 5088 1042 5123 suam
1067 5081 1337 5126 averterat
1357 5070 1713 5141 Epiphanius,
1736 5065 1990 5140 socioque
2007 5068 2292 5122 subridens

720 5163 933 5215 dieelat
981 5181 992 5214 :
1061 5162 1196 5217 Ecce
1244 5164 1573 5233 vulpiculam
1620 5160 2079 5224 inverecundam,
2127 5173 2289 5227 quam

721 5248 919 5309 blande
960 5257 1224 5309 aviculam
1290 5266 1454 5311 tentet
1505 5256 1866 5322 intercipere,
1908 5252 2153 5319 juvenis,
2217 5250 2297 5302 iu-

718 5356 906 5415 tluam,
976 5349 1209 5417 alicujus
1258 5349 1491 5403 animam
1546 5349 1795 5418 prmttari.
1845 5349 1910 5400 At
1966 5360 2093 5400 vero
2127 5342 2292 5399 Joan-

722 5456 845 5503 nes,
904 5452 961 5495 ut
1013 5450 1133 5495 erat
1192 5441 1609 5509 perditissimus,
1646 5440 1844 5494 furtivo
1877 5440 1925 5491 in
1959 5438 2102 5491 illam
2137 5437 2290 5490 obtu-

727 5547 781 5585 tu
814 5550 1106 5591 Ctmt'CI'SUS
1124 5546 1263 5597 erat,
1294 5536 1453 5597 clam,
1483 5543 1540 5589 ut
1567 5535 1811 5603 putabat,
1832 5530 2128 5601 Epiphanio
2159 5546 2173 5582 :
2200 5528 2289 5597 qui

726 5624 1019 5691 perniciem
1072 5627 1265 5681 anima:
1319 5628 1485 5688 illius,
1519 5640 1701 5679 revera
1738 5622 2028 5683 libidinosi,
2066 5631 2119 5675 et
2152 5623 2295 5675 insa-

727 5732 799 5768 no
831 5732 959 5785 erga
1017 5719 1245 5772 feminas
1299 5733 1481 5772 amore
1511 5717 1775 5777 succensi,
1822 5716 2078 5769 uberibus
2108 5727 2291 5781 prose-

735 5810 1298 5880 quebaturlactyznis,
1328 5820 1379 5865 et
1415 5812 1695 5865 minaciter
1746 5811 1797 5863 in
1840 5808 2171 5863 meretricem
2220 5810 2294 5860 iu-

2389 4598 2465 4667 τῴ
2491 4597 2753 4667 δημοσίῳ,
2804 4598 2895 4650 καὶ
2943 4599 3013 4650 τά
3054 4600 3275 4666 ῥήματα
3311 4597 3664 4665 ὁμιλούντων,
3701 4602 3837 4670 γυνή
3871 4616 3951 4662 τις

2395 4691 2568 4761 μιμάς
2596 4690 2916 4758 διερχομένη
2948 4690 3004 4741 ὲν
3043 4691 3153 4750 τοῖς
3186 4690 3319 4753 ἐκεῖ,
3349 4690 3423 4752 ὠς
3453 4692 3579 4753 τοὺς
3608 4693 3948 4761 ἀμφοτέρους

2393 4784 2590 4843 παῖδας
2654 4782 2934 4847 ἐθεάσατο,
2991 4780 3192 4851 ἤρξατο
3246 4783 3277 4852 ἠ
3339 4782 3647 4852 ἀκάθαρτος
3699 4768 3959 4853 σχήματαῖ

2396 4875 2683 4944 πράττειν,
2725 4874 2850 4941 ἑξῆς
2884 4874 2977 4925 καὶ
3008 4874 3283 4943 κινήματα
3308 4875 3402 4926 καὶ
3430 4874 3801 4945 βλακεύματα,
3834 4856 3959 4929 πειοέ

2396 4966 2619 5035 ρωμένη
2654 4966 2686 5035 ἡ
2719 4965 3026 5034 γάγγραινα
3059 4967 3163 5019 κᾶν
3192 4966 3286 5020 ἕνα
3325 4965 3551 5035 συλῆσαι
3586 4969 3667 5030 εἰς
3690 4968 3802 5037 ,τὴν
3832 4970 3947 5019 ἑπι-

2396 5059 2596 5128 θυμίαν
2634 5060 2827 5129 αὐτῆς.
2873 5059 2961 5119 Ὠς
2992 5059 3049 5113 δὲ
3084 5058 3257 5112 ταῦτα
3284 5058 3655 5130 διεπράττετο,
3690 5060 3946 5128 ἀπέστρε-

2396 5152 2464 5219 ψε
2520 5152 2620 5221 τὴν
2660 5152 2780 5220 ὄψιν
2820 5152 2984 5205 αὑτοῦ
3026 5151 3149 5205 ἰδὼν
3189 5150 3503 5221 Ἐπιφάνιος
3545 5150 3943 5218 ὑπομειδιάσας,

2395 5244 2487 5296 καί
2521 5262 2685 5314 φησιν
2713 5260 2728 5276 ⁸
2782 5244 2951 5297 Βλέπε
2982 5244 3080 5314 τὴν
3128 5243 3387 5297 ἀλώπεκα
3435 5242 3534 5313 τὴν
3577 5243 3943 5313 ἀναίσχυντον,

2395 5336 2511 5398 πῶς
2555 5337 2951 5389 ύποκυνεύεται
2995 5335 3144 5405 δρνιγ
3197 5334 3514 5406 πειρωμένη
3564 5333 3767 5399 λαῦεῖν,
3812 5332 3945 5403 φημὶ

2394 5428 2661 5496 νεωτέρου
2697 5426 2838 5488 τινὸς
2864 5427 3041 5499 ψυχὴν
3073 5427 3167 5481 τοῦ
3200 5427 3483 5497 θηρεῦσαι.
3522 5422 3582 5480 ’0
3608 5427 3663 5481 δὲ
3680 5427 3939 5494 Ἰωάννης,

2395 5522 2470 5585 ὡς
2503 5520 2577 5573 ὢν
2604 5520 2984 5587 ἐξωλέστατος,
3037 5521 3369 5575 κατεσκόπει
3412 5519 3675 5589 κρυφίως,
3709 5520 3781 5582 ὡς
3817 5520 3941 5571 ὑπο-

2398 5614 2671 5668 λανθάνων
2693 5613 2770 5684 τῷ
2809 5615 3130 5684 Ἐπιςρανίῳ.
3166 5612 3453 5682 Πορευθεὶς
3484 5614 3538 5667 δὲ
3563 5616 3590 5667 ὁ
3619 5610 3940 5680 Ἐπιφάνιος,

2400 5709 2649 5761 ἐλυπεῖτο
2696 5706 2787 5759 ἐπὶ
2832 5711 2898 5776 τῇ
2956 5706 3199 5775 ἀπωλείᾳ
3246 5705 3341 5777 τῆς
3378 5705 3554 5775 ψυχῆς
3594 5706 3754 5758 αὐτοῦ
3788 5720 3803 5735 ⁸
3859 5698 3938 5755 ἐπ’

2400 5801 2669 5873 ἀληθείας
2695 5801 2803 5871 γάρ
2846 5801 3044 5863 ἄσωτος
3081 5796 3177 5865 ὢν,
3229 5800 3480 5868 ἐμαίνετο
3529 5800 3607 5862 εἰς
3646 5798 3710 5853 τά
3745 5795 3941 5863 σκωληο
