4176 6528
583 411 684 474 815

1619 402 2032 464 NlCEPHORl
2059 400 2548 460 PRESBYTER!
2586 399 2691 460 CP.

3674 401 3780 465 815

587 523 974 575 surrectionem
1010 516 1325 571 conscensis
1360 513 1510 569 coelis
1539 512 1604 564 ad
1637 513 1918 565 dexteram
1954 508 2119 562 Patris

2235 525 2339 560 νων
2383 507 2638 575 γλωσσῶν
2682 506 2773 557 ἐπὶ
2811 507 2933 567 τοὺς
2969 507 3317 570 ἀποστόλους.
3366 507 3672 576 Κεφάλαιον
3720 510 3777 563 δέ

584 614 907 674 collocatus,
944 624 1067 663 cum
1114 607 1314 662 tonitru
1363 615 1416 659 et
1481 618 1615 659 sono
1660 601 1955 654 vehementi
2004 615 2128 652 san-

584 715 727 758 ctum
773 701 1036 770 Spiritum
1057 701 1108 752 in
1144 697 1321 766 specie
1365 695 1669 764 linguarum
1704 689 2128 759 ignearummi-

2237 598 2351 649 ἐστι
2404 596 2509 649 τῶν
2542 596 2934 664 εύαγγελιστῶν
2960 596 2988 647 ὁ
3019 595 3295 664 Θεολὸγος,
3328 597 3419 650 καὶ
3444 595 3632 660 λευκὸς
3667 597 3784 649 Ἴτε·

2238 705 2339 751 πος
2360 688 2705 756 ὀνομάζεται,
2736 691 2828 741 καὶ
2866 688 2987 751 Υίὺς
3021 689 3268 759 βροντῆς.

588 797 713 850 serit
749 808 912 864 super
943 791 1214 861 apostolos
1248 807 1263 843 :
1299 797 1462 856 caput
1493 792 1668 838 autem
1706 781 2158 851 evnngelistarnm
2197 781 2527 850 reliqdorum
2575 778 2814 835 Joannes
2860 789 2977 846 cst,
3030 781 3123 850 qui
3167 791 3219 835 et
3270 780 3454 851 Equus
3480 783 3650 835 albus
3676 787 3785 844 ,Ν

583 889 752 943 Filius
781 886 1004 941 tonitrui
1037 883 1359 952 appellatur.

651 984 775 1035 168.
829 979 1061 1046 Fulgura
1104 977 1299 1039 deinde
1347 974 1489 1028 unde
1524 972 1859 1041 promicent,
1903 979 1957 1023 et
2005 983 2126 1038 qua:

583 1073 794 1126 illorum
847 1068 1187 1128 substantia,
1238 1081 1359 1119 cum
1403 1072 1692 1137 ‘quaareret
1744 1062 2118 1130 Epiphanius,

581 1163 650 1215 ita
689 1160 963 1229 respondit
1001 1157 1062 1211 Β.
1088 1157 1367 1209 Andreas:
1400 1154 1662 1222 Siphones
1693 1152 1967 1206 attrahunt
2007 1159 2120 1204 tum

501 1241 507 1245 ’
580 1250 838 1304 marinam
861 1288 875 1311 ,
907 1255 1020 1301 tum
1051 1243 1392 1306 ﬂuviatilem,
1419 1251 1528 1295 tum
1559 1242 1852 1310 palustrem
1880 1255 2075 1308 aquam
2104 1255 2119 1302 ;

578 1339 871 1407 repletique
916 1335 1212 1390 ascendunt
1243 1332 1308 1385 ad
1353 1330 1704 1400 capacissima
1757 1331 2119 1398 receptacula,

577 1443 635 1481 se
681 1428 825 1494 ipsos
853 1425 963 1477 illic
989 1421 1299 1477 evacuaturi
1331 1436 1344 1472 :
1383 1430 1731 1489 posteaquam
1765 1433 1891 1473 vero
1933 1419 2123 1487 imple-

577 1527 770 1573 verunt
804 1516 1022 1579 omnia,
1064 1514 1343 1570 discedunt
1386 1511 1527 1575 alio,
1585 1511 1767 1580 ibique
1812 1519 2124 1565 constanter

577 1617 910 1679 permanent.
943 1606 1133 1660 Postea
1178 1605 1357 1674 fulgur
1379 1642 1394 1667 ,
1445 1603 1587 1671 quod
1621 1601 1972 1670 receptaculis
2005 1602 2124 1654 istis

576 1685 971 1765 quodammodo
1003 1704 1196 1766 praeest
1219 1703 1278 1748 et
1327 1697 1671 1748 securitatem
1705 1699 1942 1761 praestat,
1975 1705 2124 1745 com—

2307 965 2440 1034 péq'.
2481 965 2794 1034 Ἐπιφάνιος
2834 960 2983 1019 εἶπεν
3011 983 3024 998 ·
3065 966 3245 1029 Πόθεν
3277 968 3308 1037 ἡ
3346 968 3597 1040 ἀστραπὴ
3631 971 3784 1042 ἐξέρ.

2231 1071 2384 1123 χεται
2416 1071 2430 1119 ;
2465 1055 2558 1106 καὶ
2589 1056 2671 1116 τίς
2717 1056 2752 1124 η
2791 1055 2992 1124 ταύτης
3031 1057 3186 1109 οὐσία
3219 1073 3234 1121 ;
3278 1057 3334 1110 ὐ
3363 1059 3543 1122 Ὄσιος
3577 1056 3732 1113 εἶπεν
3765 1077 3779 1091 ο

2232 1148 2292 1198 Οί
2329 1145 2557 1212 σίφωνες
2617 1145 2878 1213 ἀνάγουσι
2914 1147 3007 1199 καὶ
3037 1147 3327 1218 θαλάσσης,
3365 1152 3458 1203 καὶ
3500 1157 3778 1222 ποταμῶν,

2227 1237 2320 1289 καὶ
2345 1235 2548 1299 λιμνῶν
2573 1236 2758 1303 ὕδατα,
2792 1239 2886 1293 καὶ
2914 1241 3224 1308 γεμίζοντες
3253 1243 3479 1306 ἑαυτοὺς
3521 1247 3779 1316 ἀνέρχον-

2222 1341 2332 1387 ται,
2383 1328 2476 1378 καὶ
2525 1325 2768 1380 κενοῦσιν
2817 1329 3042 1391 ἑαυτοὺς
3076 1332 3156 1392 τίς
3200 1333 3299 1394 τὰς
3341 1334 3447 1388 τῶν
3491 1335 3778 1412 θησα·.ρῶν

2224 1415 2494 1477 ἀϐύσσους
2517 1430 2530 1445 ⁸
2564 1415 2658 1468 καὶ
2683 1416 2809 1469 ὅταν
2835 1419 3100 1486 γεμίσωσι
3127 1421 3353 1484 πάντας,
3381 1423 3675 1477 διίστανται
3697 1429 3779 1491 είς

2222 1507 2317 1567 τὰς
2342 1507 2625 1570 συστάσεις
2654 1509 2851 1574 αὐτῶν,
2875 1511 2968 1562 καὶ
2996 1511 3303 1579 διαμένουσι
3333 1515 3777 1582 πάγιοι.Ἕπειτα

2221 1597 2254 1664 η
2287 1597 2539 1665 ἀστραπὴ
2562 1598 2823 1666 ἀσφάλειά
2849 1601 2962 1652 ἐστι
2987 1600 3093 1652 τῶν
3111 1601 3394 1672 θησαυρῶν
3413 1607 3654 1671 ἐκείνων,
3679 1609 3777 1662 καὶ

2222 1688 2434 1755 συνέχει
2476 1690 2533 1740 ἐν
2559 1690 2724 1758 ἑαυτῇ
2753 1689 2870 1741 ὅλον
2905 1691 2965 1742 τὸ
2993 1691 3155 1758 ὕδωρ,
3187 1694 3279 1745 κα)⁸
3309 1697 3581 1750 κατεσθίει
3609 1701 3776 1754 αὑτοῦ

577 1785 814 1859 plectens
841 1791 894 1842 in
925 1803 984 1842 se
1023 1801 1236 1840 omnem
1284 1799 1477 1853 aquam
1501 1823 1516 1849 ,
1563 1782 1834 1837 consumit
1860 1780 2118 1850 quidquid

2229 1779 2410 1828 πᾶσαν
2444 1777 2541 1847 τὴν
2590 1779 2768 1848 ἅλμην
2799 1781 2888 1832 καὶ
2919 1782 3010 1834 τὸν
3037 1782 3227 1853 ρὖον,
3275 1789 3324 1837 εί
3351 1787 3458 1855 ἀρα
3501 1789 3615 1840 ἐστὶ
3668 1791 3776 1844 ἀπὸ

577 1884 652 1936 illi
697 1881 834 1933 forte
859 1894 922 1932 ex
958 1877 1091 1932 mari
1128 1875 1418 1944 salsuginis
1452 1873 1759 1928 sordiumve
1803 1873 2118 1938 permistum

575 1982 677 2028 est.
707 1971 839 2025 Tum
873 1970 1093 2040 angelus
1122 1967 1330 2021 Domini
1361 1967 1729 2028 descendens,
1763 1973 2120 2019 sacrosancta:

576 2063 756 2116 crucis
801 2061 1035 2115 ostendit
1084 2059 1322 2128 lignum,
1369 2066 1424 2111 et
1463 2055 1800 2109 dulcedinem
1852 2055 1906 2107 in
1953 2067 2122 2123 aquas

576 2152 696 2205 illas
721 2150 945 2206 inducit.
978 2148 1218 2216 Denique
1249 2147 1450 2214 fulgur,
1483 2145 1628 2212 quod
1655 2145 1789 2208 dixi,
1814 2143 2121 2213 praecedens

577 2243 856 2305 tonitrua,
904 2240 1100 2294 desinit
1132 2240 1183 2291 in
1229 2236 1535 2305 conﬂictum
1580 2236 1837 2300 nubium,
1894 2233 2123 2301 illasque

575 2341 832 2401 expurgat
897 2341 948 2384 et
1003 2338 1318 2398 praeparat,
1364 2339 1420 2382 et
1463 2327 1634 2381 sicubi
1693 2325 1831 2380 forte
1885 2324 2120 2378 rariores

579 2425 796 2489 reperit,
848 2421 900 2473 in
936 2429 1133 2474 statum
1176 2433 1334 2473 suum
1368 2418 1487 2471 illas
1520 2415 1795 2485 componit
1840 2432 1855 2468 :
1906 2413 2121 2467 creber—

576 2514 710 2566 rime
758 2526 884 2564 vero
939 2512 1098 2566 etiam
1167 2510 1439 2578 egreditur
1500 2507 1558 2561 in
1609 2520 1780 2570 aera,
1841 2513 2121 2574 terrasque

575 2603 778 2658 lumine
803 2617 902 2656 suo
933 2617 994 2656 ac
1022 2601 1306 2672 splendore
1339 2601 1575 2653 illustrat
1601 2616 1616 2652 :
1642 2611 1752 2652 non
1780 2611 1904 2651 raro
1932 2598 2118 2660 etiam,

576 2697 666 2750 ubi
711 2692 1001 2748 accesserit
1053 2691 1426 2748 vehementior
1474 2690 1747 2759 impetus,
1800 2687 1996 2742 fulmen
2041 2688 2121 2757 ip-

573 2801 693 2839 sum
751 2784 816 2837 ad
853 2794 1048 2837 terram
1105 2781 1396 2851 pertingit,
1457 2789 1513 2834 et
1575 2769 1839 2848 quidquid
1906 2777 2117 2831 obviam

573 2886 792 2929 nactum
835 2872 1031 2936 fuerit,
1086 2865 1339 2925 violentia
1383 2869 1522 2939 ignis
1568 2869 1653 2922 sui
1686 2869 1977 2932 adustum,
2028 2881 2120 2935 pe-

572 2968 718 3020 nitus
749 2962 1015 3018 consumit
1047 2979 1062 3015 :
1105 2962 1186 3016 vis
1211 2961 1355 3015 enim
1391 2960 1536 3014 illius
1561 2959 1912 3013 comburendi
1949 2957 2118 3011 multo

573 3058 751 3112 acrior
777 3065 859 3110 est
887 3069 1047 3123 quam
1082 3052 1223 3121 ignis
1249 3051 1541 3114 nostratis,
1591 3049 1837 3104 fortassis
1867 3057 1920 3103 et
1962 3048 2119 3102 inex-

2222 1868 2525 1939 θαλάσσης·
2598 1873 2692 1924 καὶ
2740 1873 3345 1944 κατέρχεται’άγγελος
3399 1880 3626 1950 Κυρίου,
3681 1887 3775 1936 καὶ

2222 1961 2473 2029 ἐμφαίνει
2522 1963 2580 2013 τὸ
2615 1962 2772 2027 ξύλον
2815 1964 2908 2016 τοῦ
2947 1966 3141 2035 ,τιμίου
3178 1969 3435 2040 σταυροῦ,
3484 1946 3574 2027 καὶ
3618 1946 3813 2028 καταρκ

2221 2051 2501 2139 γλυκαίνει
2539 2055 2606 2107 τὰ
2640 2053 2806 2107 ὕδατα
2837 2057 3017 2109 ἐκεῖνα
3041 2075 3053 2088 ·
3081 2057 3174 2110 καὶ
3215 2059 3399 2114 λοιπὸν
3442 2065 3474 2132 ἡ
3521 2066 3773 2134 ἀστραπὴ

2222 2140 2403 2210 ἐκείνη
2429 2145 2824 2213 προπορεύεται
2848 2147 2944 2216 τῆς
2983 2148 3229 2218 βροντῆς,
3255 2151 3478 2204 τελοῦσα
3501 2157 3579 2217 εἰς
3599 2156 3772 2227 ὁρμὴν

2220 2231 2328 2284 τῶν
2360 2233 2420 2284 ὲν
2447 2233 2697 2300 νεφέλαις
2727 2236 2981 2304 ἀγωγῶν,
3011 2241 3102 2291 καὶ
3131 2242 3490 2314 προκαθαίρει
3522 2247 3614 2297 καὶ
3636 2262 3771 2317 προ-

2221 2322 2496 2392 ετοιμάζει
2523 2340 2538 2355 ο
2570 2326 2664 2379 καὶ
2690 2330 2736 2380 εί
2767 2328 2907 2401 λάχῃ
2940 2333 3196 2402 ἀραίωμα
3229 2336 3484 2403 νεφελῶν,
3519 2339 3771 2407 συντίθηο

2227 2429 2310 2464 σιν
2340 2414 2418 2476 είς
2451 2414 2740 2485 εὐθύτητα.
2779 2419 3098 2484 Πλειστάκις
3121 2423 3176 2476 δὲ
3205 2428 3296 2476 καὶ
3334 2425 3552 2496 ἔρχεται
3575 2432 3654 2492 είς
3682 2432 3771 2483 τὸν

2220 2503 2377 2570 ἀέρα,
2417 2504 2508 2556 ἐπὶ
2540 2507 2636 2575 τῆς
2667 2508 2771 2577 γῆς
2812 2511 3124 2579 αὐγάζουσα
3167 2517 3262 2585 καὶ
3293 2519 3569 2587 φέγγουσα
3595 2538 3608 2552 ο
3642 2522 3771 2575 πολε

2220 2594 2374 2657 λάκις
2402 2596 2456 2666 δὲ
2487 2598 2535 2648 εί
2563 2597 2709 2651 ἔστιν
2736 2601 2987 2668 πλούσιος
3022 2606 3053 2674 ὴ
3099 2606 3240 2677 ὁρμὴ
3273 2609 3460 2678 αὐτῆς,
3510 2615 3771 2679 φαίνουσα

2223 2678 2411 2746 φθάνει
2444 2685 2534 2734 καὶ
2569 2685 2730 2755 μέχρι
2759 2688 2858 2756 τῆς
2885 2693 2985 2759 γῆς
3021 2694 3422 2764 ἀστράπτουσα,
3473 2678 3564 2751 καὶ
3607 2705 3712 2755 πᾶν
3744 2703 3771 2755 ὅ

2220 2787 2277 2864 τιΔ
2300 2771 2648 2843 ἐπιλάϐηται,
2685 2777 2898 2850 δαπανᾷ
2928 2783 3021 2836 καὶ
3051 2784 3322 2858 ἐμπιπρᾷ.
3369 2792 3627 2856 Καύσεως
3664 2796 3770 2864 γὰρ

2221 2860 2451 2932 δύναμιν
2475 2865 2587 2935 ἔχει
2627 2869 2684 2921 ὲν
2715 2872 2878 2942 ἑαυτῇ
2911 2874 3220 2946 ὑπερτέραν
3249 2881 3340 2932 τοῦ
3381 2884 3620 2951 ἐπιγείου

2224 2954 2314 3020 ρός
2342 2972 2357 2986 ·
2397 2957 2526 3020 ίσως
2549 2963 2690 3031 φημὶ
2716 2963 2810 3016 καὶ
2833 2965 2930 3034 τῆς
2961 2969 3221 3022 ἀσϐέστου
3249 2975 3537 3039 κολάσεως.
3576 2980 3694 3032 Ὀτι
3713 2982 3768 3034 δὲ

2220 3042 2247 3093 ὁ
2271 3045 2401 3143 Θεος
2436 3049 2529 3101 καὶ
2549 3052 2752 3122 ταύτην
2784 3055 2885 3124 τὴν
2906 3059 3190 3133 ἀστραπὴν
3220 3065 3307 3117 διὰ
3353 3069 3541 3136 χρείαν
3572 3071 3770 3143 βροχῆς

573 3145 910 3218 stingpibilis
947 3143 1165 3199 inferni.
1209 3141 1363 3197 Nunc
1395 3156 1524 3196 vero
1563 3140 1709 3210 quod
1754 3141 1895 3194 Deus
1929 3139 2114 3196 istius-

2222 3139 2561 3236 παρήγαγεν,
2592 3145 2690 3196 οὐκ
2713 3149 2841 3215 ἐμὸς
2868 3151 2895 3201 ό
2924 3149 3097 3218 λόγος,
3130 3157 3334 3224 τέκνον,
3369 3159 3501 3212 ἀλλά
3523 3139 3615 3215 τού

571 3238 717 3292 modi
743 3237 969 3300 fulmen,
995 3249 1118 3307 cum
1144 3247 1296 3302 aqua
1315 3232 1538 3301 penuria
1562 3231 1859 3296 laboratur,
1889 3230 2114 3296 inducit,

572 3344 677 3382 non
702 3343 767 3382 ex
801 3341 919 3380 meo
952 3326 1172 3381 cerebro
1199 3332 1511 3394 promanat,
1538 3323 1610 3376 fili
1639 3324 1733 3389 mi,
1766 3325 1858 3377 sed
1892 3337 1954 3377 ex
1987 3320 2118 3375 Pro-

572 3420 745 3486 pheta:
779 3432 938 3471 sensu
972 3416 1202 3470 dicentis
1233 3432 1246 3469 :
1295 3432 1315 3467 ι
1355 3412 1590 3482 Fulgura
1631 3413 1686 3466 in
1723 3413 1956 3480 pluviam
1992 3411 2117 3466 fecit

569 3508 712 3562 Deus
737 3508 802 3575 ³⁸,
835 3525 854 3582 ε
893 3516 945 3562 et
977 3507 1219 3570 alterius,
1250 3506 1341 3574 qui
1373 3506 1486 3558 ait:
1529 3522 1546 3555 ι
1580 3500 1914 3558 Fulminibus
1943 3516 2114 3570 aquas

568 3600 777 3666 dirigit,
825 3606 878 3652 et
928 3596 1216 3651 tonitribus
1272 3596 1479 3665 pluvias
1528 3595 1870 3664 nubibusqne
1916 3594 2115 3648 imbres

556 3689 859 3761 spargit“.
900 3706 919 3740 ι
957 3689 1218 3742 Caeterum
1254 3688 1554 3741 substantia
1596 3685 1839 3739 fulminis
1878 3699 1946 3738 ex
1995 3684 2115 3753 igne

568 3782 774 3836 ctel'esti
805 3787 1017 3834 constat
1049 3795 1062 3831 :
1101 3777 1551 3846 quemadmodum
1581 3775 1724 3832 enim
1772 3775 1950 3830 radios
1984 3789 2114 3830 suos

554 3871 647 3923 sol
702 3869 906 3929 habet,
959 3867 1155 3935 quibus
1205 3866 1569 3935 splendescit,
1620 3865 1692 3918 ita
1747 3862 1926 3934 fulgur
1976 3864 2113 3933 ignis

566 3958 777 4020 .eterni,
808 3958 899 4026 qui
931 3969 1095 4024 super
1133 3956 1536 4008 ﬁrmamentum
1576 3953 1811 4017 exsistit,
1860 3952 2114 4021 splendor

567 4059 670 4102 est.
699 4048 935 4116 Denique
961 4046 1118 4100 velim
1161 4046 1364 4115 cogites
1421 4046 1595 4113 ignem
1630 4043 1778 4097 illum
1810 4042 2109 4107 ctelestem,

569 4154 726 4206 quem
785 4139 930 4191 Elius
990 4137 1240 4205 precibus
1299 4135 1416 4189 suis
1471 4149 1635 4202 super
1690 4135 1836 4201 ligna
1883 4140 2109 4202 parata,

567 4244 728 4296 super
760 4229 1133 4282 holocaustum
1156 4265 1172 4292 ,
1203 4241 1364 4294 super
1401 4225 1708 4279 sacerdotes
1731 4222 2068 4278 confusiOnis
2094 4264 2108 4288 ,

549 4330 619 4373 et
655 4319 924 4373 delatores
960 4315 1175 4371 Jezabel
1217 4317 1430 4371 cwlitus
1475 4317 1704 4371 accersit
1737 4334 1751 4370 :
1801 4314 2108 4370 istiusmodi

566 4397 709 4463 cnim
767 4410 906 4478 ignis
958 4409 1155 4477 fulgor,
1206 4407 1501 4461 matcrialis
1549 4416 1603 4461 et
1649 4421 1772 4460 vere
1819 4405 2105 4472 exsistens,

547 4501 764 4554 fulmen
791 4500 909 4553 esse
931 4499 1228 4553 consuevit.

637 4591 758 4646 lti9.
790 4589 951 4643 Facta
992 4573 1262 4643 mentione
1301 4589 1432 4642 Elia:
1467 4603 1481 4640 :
1527 4585 1702 4651 Num,
1760 4585 1934 4652 inquit
1978 4585 2106 4655 Epi-

563 4677 840 4746 phanius,
903 4689 1027 4728 vera
1081 4663 1342 4740 narrant,
1399 4675 1491 4744 qui
1543 4675 1706 4728 Eliam
1762 4675 1816 4728 in
1874 4675 2105 4730 nubibus

565 4770 753 4822 dicunt
783 4781 945 4822 curru
973 4781 1072 4822 suo
1114 4768 1351 4821 tonitrua
1383 4773 1436 4816 et
1467 4764 1691 4819 fulmina
1732 4765 2000 4830 excitare,
2053 4775 2121 4832 et,

565 4861 817 4930 prosequi
855 4859 1182 4912 draconem?
1223 4857 1597 4927 Nequaquam,
1641 4858 1713 4910 fili
1763 4858 1855 4922 mi,
1895 4859 2103 4927 reponit

563 4953 803 5005 Andreas
828 4989 844 5014 ,
889 4951 1018 5019 quin
1071 4951 1177 5003 imo
1221 4959 1475 5003 extrema:
1504 4950 1783 5003 dementiae
1809 4958 1891 5005 cst
1921 4950 2104 5004 istius-

568 5043 709 5096 modi
744 5042 1162 5095 narratiunculis
1187 5054 1344 5095 aures
1373 5043 1642 5108 pm-bere;
1679 5040 1924 5093 homines
1947 5054 2102 5093 nam-

564 5149 670 5200 que
713 5141 887 5186 mense
916 5131 1054 5199 capti
1087 5133 1213 5185 talia
1260 5131 1466 5184 cerebri
1516 5132 1599 5193 sui
1641 5131 1827 5183 deliria
1861 5130 2107 5183 conscrio

563 5233 802 5293 pscrunt.
836 5223 1002 5289 Quale
1042 5233 1095 5279 et
1117 5225 1270 5287 illud,
1315 5225 1459 5291 quod
1489 5221 1796 5275 fabulantur
1839 5222 2104 5284 nonnulli,

562 5316 830 5369 Christum
861 5315 1181 5378 Dominum,
1212 5316 1545 5383 inspectante
1579 5313 1885 5367 Juduemum
1923 5315 2098 5375 turba,

564 5421 594 5458 e
647 5407 756 5458 luto
801 5405 1023 5458 tinxisse
1072 5407 1332 5470 aviculas,
1379 5420 1601 5472 easque,
1664 5414 1944 5472 postquam
1995 5406 2096 5455 vita

566 5494 823 5560 inspirata
853 5505 1036 5558 esset,
1095 5495 1145 5547 in
1180 5510 1355 5547 aerem
1388 5494 1654 5562 projectas
1685 5494 1922 5546 avolassc
1957 5510 1969 5557 ;
2014 5504 2095 5545 at-

560 5603 661 5657 que
690 5588 828 5642 istud
859 5626 873 5651 ,
907 5589 1078 5641 nivem
1105 5601 1200 5656 pro
1225 5585 1395 5640 farina
1419 5586 1653 5638 habitam
1684 5584 1872 5638 fuisse.
1900 5585 2097 5650 Quem-

625 5748 666 5777 ³⁰
708 5744 848 5800 Psal.
889 5760 1098 5812 ttvxxw,
1133 5748 1184 5802 7.
1277 5749 1316 5781 "
1359 5746 1476 5804 Job.
1513 5766 1689 5818 xxxvi,
1726 5754 1812 5808 Ξῖ.

2218 3231 2388 3332 iﬁlli?"
2411 3247 2426 3264 '
2461 3251 2479 3284 ι
2502 3234 2809 3332 ’Δςξραξτὰς
2840 3242 3002 3311 γὰρ,›
3035 3248 3220 3316 φησιν,
3257 3267 3276 3300 ι
3305 3252 3332 3302 ὁ
3356 3251 3484 3314 Θεὸς
3514 3257 3591 3317 είς
3617 3231 3767 3310 ὑετὸν

2215 3322 2486 3419 ἐποίησεν.
2518 3343 2536 3376 ι
2570 3327 2676 3379 Καὶ
2692 3328 2874 3398 ἕτερος
2897 3338 3176 3405 προφήτης
3194 3338 3390 3407 λέγει’(
3421 3344 3551 3406 Ταῖς
3570 3347 3770 3419 ἀστραο

2214 3414 2345 3474 παῖς
2373 3417 2400 3466 ὁ
2428 3419 2773 3474 κατευθύνων
2793 3424 2860 3475 τὰ
2888 3424 3073 3493 ὕδατα,
3105 3431 3197 3482 καὶ
3223 3435 3340 3493 ταῖς
3377 3414 3766 3510 ἐπισροντησε-

2218 3506 2353 3596 sive
2379 3523 2759 3581 κατασπειρων
2790 3516 2867 3576 είς
2897 3516 3148 3588 βρόχους,
3180 3524 3272 3574 καὶ
3302 3526 3420 3588 ταῖς
3441 3506 3687 3596 νεφέλαις
3708 3533 3768 3587 τὸ

2221 3593 2525 3666 ὅμϐρισμα.
2565 3619 2585 3650 ι
2624 3601 2781 3656 Ἔστι
2826 3605 2882 3659 δὲ
2929 3609 3026 3678 τῆς
3057 3612 3345 3686 ἀστραπῆς
3381 3593 3536 3673 οὐσία
3577 3624 3640 3676 ἐκ
3671 3593 3766 3678 τοῦ

2212 3688 2462 3788 ούρανίου
2498 3691 2688 3788 πυράς.
2714 3696 2924 3788 ῘΩσπερ
2952 3700 3008 3753 δὲ
3031 3703 3059 3754 ό
3088 3705 3238 3775 ἥλιος
3269 3709 3381 3778 ἔχει
3411 3715 3511 3775 τάς
3537 3715 3762 3780 ἀκτῖνας

2227 3783 2564 3876 ἀπαύγασμα
2581 3783 2761 3850 αὑτοῦ,
2782 3787 2923 3842 οὕτω
2976 3792 3068 3844 καὶ
3100 3797 3132 3863 ἡ
3157 3796 3408 3870 ἀστραπὴ
3432 3803 3766 3876 ἀπαύγασμα

2212 3872 2326 3924 ἐστι
2355 3873 2448 3926 τοῦ
2479 3877 2697 3931 αἰωνίου
2727 3882 2911 3950 πυρὸς,
2938 3886 3056 3955 ἦτοι
3087 3888 3182 3940 τοῦ
3213 3894 3394 3947 ἐπάνω
3421 3897 3513 3951 τοῦ
3535 3872 3766 3971 στερεῶο

2213 3983 2381 4066 ματος
2400 3973 2860 4066 χρηματίζοντος.
2914 3979 3181 4049 Οὐράνιον
3221 3985 3278 4038 δὲ
3317 3989 3428 4058 πῦρ
3463 3993 3639 4047 ἐκεῖνό
3673 4013 3763 4066 μοι

2211 4059 2340 4123 νόει,
2395 4060 2529 4131 ὅπερ
2588 4063 2775 4128 Ἠλίας
2821 4075 3096 4142 προσευχῇ
3155 4079 3613 4147 κατήγαγεν’ἐπ“ι
3663 4059 3762 4149 τὰς

2213 4149 2472 4244 σκίδογχας
2517 4152 2610 4244 καί,
2650 4155 2710 4206 τὸ
2760 4156 3135 4230 ὁλοκαύτωμσ,
3185 4165 3277 4216 καὶ
3316 4169 3440 4230 τοὺς
3477 4169 3639 4240 ἱερεῖς
3666 4173 3763 4244 τῆς

2199 4238 2486 4308 αἰσχύνης,
2519 4243 2614 4293 καὶ
2638 4244 2763 4307 τοὺς
2789 4249 3027 4316 μηνυτὰς
3046 4251 3144 4320 τῆς
3160 4253 3391 4318 Ἰεζάϐελ
3411 4274 3424 4290 ο
3458 4238 3642 4313 τούτου
3669 4238 3761 4316 τοῦ

2211 4335 2383 4406 πυρὸς
2420 4339 2765 4409 ἀπαύγασμα
2819 4345 3062 4414 πέφυκεν
3098 4351 3130 4420 ἡ
3164 4352 3441 4426 ἀστραπὴ,
3492 4357 3673 4411 ἔνυλόν
3701 4375 3760 4412 τε

2210 4427 2303 4478 καὶ
2329 4430 2708 4487 ἐνυπόστατοι.
3555 4447 3568 4460 ’

2285 4609 2414 4679 ρξθ’.
2460 4613 2768 4683 Ἐπιφάνιος
2800 4615 2951 4674 εἶπεν
2980 4638 2994 4651 ·
3027 4619 3167 4693 ’Λρα
3196 4624 3550 4697 ἀληθεύουσιν
3579 4633 3626 4685 oi
3671 4635 3758 4688 λέ-

2211 4717 2416 4768 γοντες,
2443 4704 2523 4756 ὅτι
2556 4708 2582 4757 ὁ
2613 4711 2894 4780 προφήτης
2946 4712 3129 4777 Ἠλίας
3179 4719 3343 4781 δστὶν,
3377 4722 3402 4771 ὁ
3447 4721 3521 4790 τῷ
3553 4723 3756 4794 ἅρματι

2215 4794 2450 4860 βροντῶν
2485 4797 2574 4849 καὶ
2622 4799 2949 4868 ἀστράπτων
2981 4804 3039 4855 ἐν
3072 4808 3188 4868 ταῖς
3233 4809 3506 4877 νεφέλῖις,
3553 4816 3643 4872 καὶ
3676 4817 3756 4868 ὅτι

2209 4881 2475 4950 δράκοντα
2523 4888 2754 4954 suam;
2821 4892 2878 4943 Ὀ
2929 4894 3113 4962 Ἀγιος
3167 4896 3342 4964 λέγει’
3379 4902 3468 4972 Μὴ
3527 4906 3753 4972 γίνοιτο,

2211 4974 2397 5025 τέκνον
2434 4993 2534 5044 μου
2563 4994 2577 5007 ο
2605 4981 2837 5050 ἐσχάτης
2887 4982 2994 5051 γὰρ
3043 4987 3235 5047 ἀνοίας
3281 4989 3437 5042 τοῦτὸ
3484 4994 3598 5046 ἐστι
3663 5002 3753 5047 καὶ⁵

2208 5057 2344 5148 ἀκοῇ
2375 5064 2777 5130 παραδέξασθαι
2809 5085 2822 5098 ·
2861 5070 3134 5140 ἄνθρωποι
3160 5077 3262 5146 γὰρ
3297 5081 3676 5146 φρενοΰλαὸῶς
3696 5083 3754 5148 ὰξ

2207 5146 2410 5210 οἰκείας
2464 5151 2699 5214 διανοίας
2730 5157 2899 5210 ταῦτα
2950 5163 3392 5232 συνεγράψαντο·
3429 5168 3614 5240 ῶσπερ
3659 5146 3751 5226 καί

2203 5237 2382 5303 τοῦτο,
2411 5241 2488 5293 ὅτι
2512 5246 2576 5295 τὰ
2618 5249 2872 5314 στρουθία
2892 5251 2918 5302 ὁ
2948 5251 3177 5320 Χριστὸς
3207 5257 3447 5309 ἐναντίον
3474 5237 3596 5311 τῶν-
3626 5261 3752 5314 Ἰου-

2209 5327 2366 5382 δαίων
2406 5334 2466 5385 ἐκ
2505 5336 2671 5404 πηλοῦ
2697 5339 3054 5407 διαπλάττων,
3088 5348 3167 5407 είς
3199 5348 3289 5399 τὸν
3343 5350 3477 5418 ἀέρα
3524 5351 3750 5423 ἀπέρριο

2210 5436 2364 5522 ῖτςτεν,
2417 5425 2692 5493 ἐμφυσῶν,
2726 5430 2820 5482 καὶ
2873 5434 3130 5488 ἐπέταντο
3157 5455 3168 5468 ·
3204 5438 3296 5489 καὶ
3352 5441 3509 5494 πάλιν
3543 5444 3574 5510 ἠ
3619 5443 3749 5512 χιὼν

2204 5515 2426 5578 ἀλευρος
2470 5515 2850 5584 ἐχρημάτιζεν.
2894 5522 3103 5593 Ὠσπερ
3147 5525 3201 5578 δὲ
3235 5528 3404 5581 ταῦτά
3466 5533 3581 5584 ἐστι
3618 5533 3749 5601 ψεῦ-

2205 5603 2311 5666 δος,
2342 5603 2481 5656 οὓτω
2516 5610 2606 5660 καὶ
2660 5612 2796 5666 αὐτὰ
2824 5613 3009 5681 ψεῦδος
3040 5618 3660 5690 καθεστήκασιν,οόπόσα
3697 5631 3745 5681 οἱ
