4176 6512
438 383 532 448 817

1581 391 1756 453 VITA
1795 395 1859 455 3-.
1898 393 2226 456 ANDREE
2265 397 2461 459 SAEI‘.

3511 395 3652 474 '818

437 493 695 566 αίρετικοὶ
724 494 1076 560 νοθεύσαντες
1101 496 1468 568 ἐδογμάτισεν
1532 500 1795 556 ἀλλόκοτα
1860 501 1876 572 Ῐ
1904 503 1987 555 καὶ

2100 506 2392 559 admodum
2447 508 2560 563 haec
2627 517 2806 564 autem
2848 509 3126 578 splendide
3169 515 3392 570 mentita
3418 556 3433 581 ,
3486 517 3567 572 sic
3605 528 3660 571 et

437 584 537 657 χρὴ
564 584 738 658 ταῦτα
772 586 948 640 πάντα
967 588 1286 661 Χριστιανὸν
1315 590 1390 659 μὴ
1415 592 1817 663 παραδέχεσθαι
1835 593 1994 666 (78)].

445 675 627 740 Ἦλίας
653 676 748 730 οῦν
778 680 856 739 είς
883 680 1147 750 οὐρανοὺς
1179 683 1278 734 οὐκ
1308 682 1494 750 ἀνέϐη,
1523 683 1597 754 μὴ
1620 685 1848 752 γένοιτο,
1875 686 1996 739 οῦτε

435 766 523 820 tiri.
555 769 804 838 ἅρματος
834 771 1123 835 καθέζεται
1147 786 1160 801 °
1191 773 1351 844 χάριν
1379 775 1435 828 δὲ
1460 769 1578 847 ’ἔχει
1604 779 1696 829 ἐπὶ
1726 776 1815 846 τδν
1845 779 1997 832 ὑετὸν

435 856 526 909 τοῦ
568 860 905 928 παρακαλεῖν
940 860 1030 913 τὸν
1076 860 1233 927 Θεὸν,
1268 864 1416 928 ὅπως
1458 867 1516 919 ὲν
1562 865 1740 937 καιρῷ
1786 867 1996 940 ἀνύδρῳ

384 1028 386 1031 Ι
436 945 608 1032 Ξίδωσι
639 953 703 1020 τῇ
735 953 800 1020 γῇ
831 951 1004 1004 ὑετόν⁶
1033 953 1152 1006 ἐπεὶ
1182 973 1200 1005 ι
1235 956 1424 1020 Οὐδεὶς
1443 956 1780 1028 ἀναϐέϐηκεν
1802 962 1879 1022 είς
1906 961 1996 1014 τὸν

433 1039 670 1109 οὐρανὸν,
694 1046 741 1095 εἰ
776 1043 849 1113 μὴ
878 1045 908 1096 6
941 1046 1003 1100 ἐκ
1027 1046 1119 1100 τοῦ
1152 1049 1382 1118 οὐρανοῦ
1409 1050 1670 1116 καταϐὰς,
1704 1054 1731 1104 6
1757 1052 1884 1116 Υίδς
1900 1054 1993 1106 τοῦ

433 1130 735 1201 ἀνθρώπου,
788 1135 816 1186 6
864 1134 940 1190 ὢν
979 1138 1036 1191 ἑν
1081 1139 1160 1210 τῷ
1188 1141 1421 1211 οὐρανῷ.
1447 1160 1466 1193 ι
1502 1137 1670 1206 Οὗτος
1712 1144 1769 1197 δὲ
1823 1146 1889 1214 ζῇ
1936 1149 1993 1199 ὲν

436 1225 597 1292 σαρκὶ
631 1224 726 1276 καὶ
757 1225 904 1281 ἔστιν
932 1228 1026 1282 ἐπὶ
1061 1231 1187 1300 γῆς,
1225 1232 1326 1284 κάν
1355 1233 1529 1297 οὐδείς
1563 1239 1711 1290 ἐστιν
1737 1238 1764 1289 ὁ
1796 1237 1994 1307 γνωρί-

405 1312 537 1380 ,ζων
568 1315 752 1370 αὐτόν.
783 1320 856 1390 Ζῇ
889 1319 944 1373 δὲ
974 1321 1172 1393 Ἑνὼχ,
1207 1327 1301 1378 καὶ
1329 1328 1388 1380 ὲν
1429 1328 1579 1400 μέσῳ
1613 1329 1825 1383 πολλῶν
1858 1335 1991 1383 ἀνα-

430 1407 745 1477 στρέφεται.
783 1413 874 1465 καὶ
911 1414 1087 1477 οὐδείς
1127 1417 1272 1470 ἐστιν
1300 1420 1326 1472 6
1355 1419 1640 1487 γινώσκων
1667 1423 1869 1478 ἀὑτὸν.
1916 1425 1990 1494 Ζῇ

384 1518 387 1519 ν
429 1497 602 1550 δὲκαὶ
636 1500 662 1551 6
699 1501 1109 1576 Εὐαγγελιστὴς
1150 1507 1424 1579 Ἰωάννης,
1478 1514 1570 1564 καὶ
1608 1511 1756 1567 ἔστιν
1788 1516 1869 1575 είς
1901 1518 1992 1569 τδν

429 1586 652 1658 κόσμον,
678 1591 867 1660 ὥσπερ
905 1595 1254 1667 μαργαρίτης
1293 1600 1351 1651 ἐν
1381 1601 1532 1672 μέσῳ
1565 1600 1829 1675 βορϐόρου
1861 1605 1993 1674 ἀφε-

429 1679 563 1746 θεὶς,
596 1682 691 1735 τοῦ
723 1679 865 1738 εἶναι
897 1686 955 1739 ὲν
984 1691 1146 1759 σαρκὶ
1182 1692 1274 1743 ἐπὶ
1298 1692 1394 1759 τῆς
1423 1693 1544 1762 γῆς,
1576 1695 1990 1767 ἀντιπρόσωπος

433 1776 612 1846 Ἰησοῦ
648 1779 885 1849 Χριστοῦ
938 1783 1030 1836 τοῦ
1067 1784 1448 1849 ἐξιλάσκεσθαι
1483 1781 1647 1858 ἡμῶν
1676 1790 1773 1854 τάς
1805 1793 1990 1863 ἀμαρ-

2052 996 2056 999 Α
2098 979 2225 1016 num
2274 963 2483 1018 sedere-
2511 964 2724 1031 Eliam,
2777 968 3025 1021 dicamus

2102 599 2200 652 ista
2239 613 2268 651 a
2317 601 2546 654 veritate
2583 600 2919 657 alienissima
2967 612 3135 670 sunt,
3183 614 3237 659 et
3276 606 3345 662 ab
3386 607 3661 665 haereticis

2099 689 2406 758 prodigiose
2476 691 2774 745 adulterata
2843 704 3008 760 atque
3071 696 3350 762 conficta,
3413 699 3660 767 adeoque

2097 781 2407 835 Christiano
2456 782 2683 836 cuilibet
2734 785 3047 854 neutiquam
3099 788 3456 844 admittenda.
3508 791 3661 846 Absit

2098 872 2283 941 igitur,
2317 883 2411 927 aut
2443 873 2495 927 in
2524 874 2693 930 caalos
2720 874 3018 941 invectum,
3067 888 3159 933 aut
3187 879 3240 934 in
3277 895 3440 934 curru
3470 881 3660 934 etiam-

3080 984 3094 1020 :
3148 967 3198 1022 id
3256 970 3459 1031 verius,
3484 970 3660 1024 istbac

2095 1052 2248 1121 apud
2270 1051 2438 1107 Deum
2475 1055 2709 1124 gaudere
2747 1059 3120 1125 praerogativa,
3149 1068 3204 1112 ut
3237 1069 3476 1130 tempore
3503 1063 3661 1116 sicci-

2096 1144 2222 1196 tatis
2264 1151 2467 1196 terram
2510 1142 2713 1196 aridam
2749 1144 2931 1214 pluvia
2973 1146 3311 1214 impertiatur
3361 1166 3375 1201 :
3413 1166 3441 1198 ‘t
3488 1148 3658 1222 Ifiemo

2095 1233 2295 1300 quippe
2342 1233 2393 1284 in
2439 1232 2636 1286 coelum
2673 1234 2939 1299 ascendit,
2986 1235 3101 1289 nisi
3125 1236 3215 1304 qui
3267 1238 3545 1293 descendit
3592 1241 3659 1294 de

2094 1317 2252 1388 coelo,
2311 1319 2480 1378 Filius
2531 1322 2790 1389 hominis,
2833 1325 2930 1395 qui
2968 1315 3063 1380 ‘est
3096 1326 3148 1379 in
3185 1328 3322 1380 cado
3347 1329 3412 1382 ".
3455 1348 3472 1381 ι
3513 1329 3659 1386 Elias

2096 1425 2247 1473 vero,
2303 1410 2524 1467 indutus
2569 1428 2810 1478 carnem,
2870 1414 2998 1468 vivit
3045 1416 3096 1470 in
3131 1427 3312 1483 terra;
3365 1435 3524 1473 neuio
3554 1431 3656 1482 est,

2093 1502 2187 1572 qui
2218 1502 2392 1572 ipsum
2432 1506 2749 1574 cognoscit:
2785 1505 2911 1560 vivit
2943 1516 2995 1561 et
3028 1507 3231 1572 Enoch,
3273 1520 3326 1563 et
3367 1495 3654 1565 multorum

2096 1603 2344 1652 versatur
2391 1598 2444 1650 in
2493 1598 2692 1664 medio,
2724 1613 3032 1670 quanquam
3097 1602 3350 1657 omnibus
3405 1605 3654 1671 ignotus:

2092 1687 2222 1741 vivit
2249 1687 2674 1758 denique-etiam
2716 1688 2959 1746 loannes
2982 1693 3309 1761 evangelista
3347 1693 3397 1746 in
3433 1695 3656 1756 mundo.

2092 1774 2254 1833 sicuti
2283 1780 2571 1846 margarita
2599 1777 2652 1832 in
2684 1778 2862 1833 medio
2892 1779 3024 1844 luto,
3050 1781 3128 1836 sic
3156 1791 3212 1837 ut
3243 1798 3348 1836 non
3379 1796 3654 1853 appareat,

429 1867 566 1931 τίας,
599 1870 693 1953 καὶ
719 1869 814 1924 τοῦ
841 1872 1211 1943 ἀποστρέφειν
1236 1878 1335 1946 τὴν
1381 1879 1595 1934 δικαίαν
1626 1880 1796 1953 ὀργὴν
1826 1883 1987 1937 αὑτοῦ

2095 1872 2347 1936 latitans,
2413 1883 2470 1925 ut
2519 1870 2572 1925 in
2633 1886 2798 1926 carne
2847 1881 2970 1928 ante
3023 1872 3211 1929 faciem
3269 1874 3397 1930 Jesu
3453 1877 3656 1932 Christi

425 1954 524 2027 τὴν
553 1951 670 2011 καθ’
692 1961 722 2030 ἡ
733 1962 868 2029 μῶν,
903 1964 1139 2034 ὁπηνίκα
1162 1968 1439 2042 πληθυνθῇ
1463 1971 1529 2026 τὰ
1553 1951 1710 2043 ήμῷν
1736 1951 1840 2046 πλη
1851 1992 1992 2046 μμε-

425 2048 642 2136 λήματα
661 2051 753 2105 τοῦ
778 2054 1075 2127 ἀπαλεῖψαι
1096 2059 1240 2129 ἡμᾶς
1269 2059 1357 2115 διὰ
1385 2062 1486 2125 τάς
1514 2063 1789 2136 ἁμαρτίας
1812 2067 1991 2135 ήμῶν.

322 2204 324 2207 ι
424 2127 617 2195 Πολλολ
652 2138 749 2197 οῦν
787 2145 896 2198 τῶν
937 2127 1161 2202 δικαίων
1193 2150 1491 2206 ἐθεάσαντο
1533 2127 1866 2221 αὑτδν,νάλλ;
1895 2158 1994 2212 οῦκ

322 2304 325 2306 _
423 2233 783 2305 ὶφανέρωσαν
816 2237 980 2293 αὐτὸν
1011 2240 1102 2299 διὰ
1132 2242 1192 2296 τὸ
1213 2242 1444 2299 ἀπιστον
1466 2246 1560 2300 καὶ
1583 2247 1878 2318 περίεργον
1894 2249 1995 2319 τῆς

421 2325 775 2397 ἀνθρωπίνης
820 2329 1126 2410 ἀσθενείας.
1157 2334 1320 2388 Ὅθεν
1354 2338 1404 2389 οἱ
1449 2339 1599 2408 τρεῖς
1646 2334 1791 2392 οὗτοι
1852 2339 1990 2404 ζῶσι

426 2418 597 2492 μέχρι
634 2421 732 2491 τῆς
765 2424 1109 2514 συντελείας,
1134 2427 1226 2480 καὶ
1250 2429 1372 2482 τότε
1415 2430 1554 2499 μετά
1592 2429 1685 2485 τοῦ
1725 2432 1993 2512 Ἀντιχρί-

423 2525 551 2562 στου
585 2510 968 2578 παλαίσαντες,
1004 2517 1325 2594 νικήσουσιν.
1373 2521 1555 2586 αὑτὸν,
1594 2523 1686 2574 καὶ
1719 2510 1861 2574 οὕτω
1902 2521 1992 2575 τὸν

422 2598 517 2652 τοῦ
553 2602 857 2671 μαρτυρίου
889 2607 1153 2675 στέφανον
1183 2609 1536 2679 ἀναδήσονται
1566 2615 1713 2684 παρά
1754 2614 1990 2685 Χριστοῦ

422 2690 522 2745 τοῦ
563 2692 697 2747 Θεοῦ

495 2981 593 3046 90'.
628 2958 813 3031 Ταῦτα
845 2977 944 3047 μὲν
970 2976 1161 3042 οὕτως.
1194 2980 1326 3049 Περὶ
1360 2980 1416 3034 δὲ
1440 2980 1532 3034 τοῦ
1564 2983 1737 3038 καὲειν
1765 2987 1991 3058 δράκον*

419 3085 489 3122 τα
518 3069 550 3138 ἡ
591 3067 869 3140 ἀστραπὴ,
906 3070 1004 3122 οὐκ
1033 3071 1382 3140 ἀμφιϐάλλω,
1415 3073 1613 3144 ἀληθὲς
1651 3079 1759 3146 γάρ
1798 3079 1945 3131 ἐστιν
1971 3094 1985 3107 ο

2094 1963 2413 2033 deprecetur
2446 1978 2545 2033 pro
2601 1965 2837 2032 peccatis
2887 1966 3126 2032 nostris,
3176 1965 3487 2037 iustamque
3536 1969 3656 2038 ejus

2096 2053 2359 2111 adversus
2411 2069 2511 2109 nos
2567 2056 2927 2111 iracundiam.
2962 2067 3213 2123 avertat,
3257 2058 3475 2128 quando
3509 2060 3652 2114 deli-

2095 2156 2303 2203 ctorum
2329 2158 2639 2202 nostrorum
2673 2149 2940 2218 completo
2978 2165 3206 2205 numero
3247 2152 3524 2206 deleturus
3559 2167 3658 2206 nos

2095 2239 2147 2292 in
2184 2247 2382 2295 terram
2427 2239 2627 2294 veniet.
2666 2239 2812 2294 Multi
2846 2240 3064 2308 quidem
3100 2250 3413 2296 sanctorum
3456 2242 3653 2296 intueri

2083 2321 2244 2383 illum
2283 2339 2636 2396 meruerunt,
2675 2332 2767 2392 sed
2801 2332 2919 2386 aliis
2950 2342 3170 2402 propter
3199 2333 3527 2388 inﬁrmitatis
3559 2335 3656 2388 hu-

2095 2438 2268 2478 manae
2321 2425 2756 2480 incredulitatem
2800 2425 3307 2502 curiositatemque;
3329 2441 3435 2480 non
3481 2429 3655 2479 mani-

2094 2516 2378 2572 festarunt.
2453 2518 2626 2586 Atque
2701 2517 2756 2571 lii
2821 2525 2930 2573 tres
2999 2517 3065 2570 ad
3127 2518 3652 2572 ccusummationcm

2094 2610 2275 2665 saeculi
2307 2611 2536 2664 vivendo
2570 2610 2918 2679 pertingant,
2969 2611 3185 2680 quando
3237 2611 3480 2678 pra-lium
3528 2626 3651 2664 eum

2090 2699 2426 2754 Antichristo
2505 2699 2903 2754 committentes
2931 2738 2946 2763 ,
2998 2688 3221 2753 victoria
3271 2701 3489 2768 potituri
3520 2702 3553 2765 ,'
3591 2717 3655 2756 ac

2092 2791 2612 2864 gloriosamartyrii
2666 2805 2863 2847 corona
2920 2806 2951 2845 a
3001 2790 3219 2846 Christo
3273 2791 3501 2846 Domino
3552 2794 3649 2847 do-

2095 2885 2436 2940 uandisunL
2855 2891 2857 2893 ’

2168 2977 2288 3030 170.
2324 2978 2496 3046 Atque
2529 2977 2616 3031 illa
2645 2977 2862 3047 quidem
2889 2975 2962 3032 ita
2995 2993 3053 3033 se
3080 2978 3308 3043 habent,
3359 2978 3434 3032 uti
3469 2978 3653 3032 hacte-

2092 3084 2196 3123 nus
2246 3069 2532 3124 diximus:
2580 3069 2760 3138 quoad
2793 3068 3084 3124 draconem
3139 3085 3306 3134 vero,
3361 3070 3502 3139 quod
3547 3071 3652 3122 ful-

417 3159 539 3214 ἀλλ⁹
571 3161 668 3230 οὐχ
701 3165 729 3216 6
761 3164 914 3230 ἅγιος
953 3162 1139 3230 Ἠλίας
1191 3165 1524 3236 ἀστράπτων
1574 3170 1739 3234 ἐστὶν,
1794 3170 1912 3224 ἀλλ’
1961 3172 1987 3223 6

2095 3162 2238 3215 mine
2288 3163 2426 3215 ictus
2477 3162 2607 3216 dare
2658 3176 2849 3232 pinnas
2901 3171 3161 3232 cogatur,
3214 3163 3394 3216 nullus
3425 3163 3649 3227 dubito;

419 3256 653 3324 ἄγγελος
693 3257 924 3327 Κυρίου,
958 3260 985 3310 6
1015 3260 1104 3322 είς⁵
1138 3258 1297 3311 τοῦτο
1355 3262 1706 3330 τεταγμένος.
1761 3265 1987 3334 Δράκων
2024 3254 2058 3261 ⁷
2091 3263 2175 3308 εει
2216 3254 2359 3306 enim
2395 3254 2608 3308 νενίιειῖ
2658 3269 2955 3309 θοηεοηυιη
3011 3272 3025 3310 ε

419 3345 477 3398 δὲ
517 3347 728 3401 ἐκεῖθεν
761 3347 972 3416 γίνεται
999 3363 1012 3377 ·
1050 3349 1245 3419 θεωρεῖ
1265 3353 1292 3403 6
1310 3350 1516 3420 δαίμων
1542 3353 1666 3416 τοὺς
1688 3355 1860 3423 ὄφεις,
1892 3358 1987 3408 καὶ

422 3436 531 3508 [είς
563 3433 674 3490 οἷον
703 3439 907 3506 άρέσθη
932 3440 1044 3507 (79)
1072 3439 1110 3509 ],
1144 3439 1276 3492 ὅπου
1308 3441 1478 3507 ἐστὶν,
1518 3444 1843 3514 εἰσέρχεται,
1894 3448 1987 3500 καὶ

418 3528 632 3595 γίνεται
660 3528 937 3596 σύμφυτος
964 3528 1129 3581 αὑτοῦ
1163 3531 1259 3582 καὶ
1288 3530 1686 3600 συνανάτροφος
1715 3536 1809 3586 καὶ
1853 3553 1985 3603 συγ-

421 3620 732 3690 κακοῦργος
761 3635 774 3649 ⁸
811 3621 906 3684 καὶ
941 3621 1326 3687 προϐαίνοντος
1355 3622 1448 3674 τοῦ
1483 3625 1697 3694 καιροῦ,
1743 3626 1986 3697 ἀπεργάσ

421 3710 577 3776 ζεται
601 3715 627 3761 ὁ
653 3712 860 3788 δαίμων
887 3712 978 3765 τὸν
1015 3711 1136 3781 ὅφιν
1171 3715 1484 3783 φαντασμὸν
1509 3719 1682 3785 μέγαν
1711 3721 1800 3771 καὶ
1828 3719 1987 3788 φοϐεο

423 3805 522 3873 ρὸν
555 3803 649 3855 καὶ
680 3787 906 3872 ορασῦν,
941 3805 1031 3858 καὶ
1062 3806 1232 3858 κακὸν
1266 3807 1492 3876 σφόδρα,
1530 3810 1620 3862 καὶ
1663 3812 1722 3862 οὐ
1756 3787 1986 3881 χωρίξε-

418 3913 513 3949 ται
539 3893 704 3947 αὐτοῦ
738 3894 804 3961 τὸ,
829 3896 1070 3964 σύνολον,
1108 3896 1243 3950 ἀλλὰ
1281 3899 1431 3967 μένει
1464 3901 1522 3952 ὲν
1553 3901 1701 3972 αὐτῷ
1733 3902 1988 3972 βλάπτων

424 3984 702 4057 μεγάλως.
740 3985 1029 4039 Ἐντεῦθεν
1058 3988 1086 4039 6
1112 3987 1234 4056 69cc
1272 3989 1752 4060 γίνεταιδράκων,
1797 3994 1987 4065 θηρίον

419 4077 621 4147 πικρὸν
675 4077 769 4128 καὶ
824 4075 1186 4142 ἐξωλέστατον
1240 4078 1354 4150 [καὶ
1409 4081 1520 4134 ἔστι
1572 4083 1670 4151 μὲν
1711 4084 1806 4137 καὶ
1855 4086 1986 4139 αύτδ

419 4167 550 4222 καθ’
576 4168 738 4221 ἑαυτὸ
787 4167 957 4222 κακὸν
988 4168 1148 4248 (8οη,
1185 4169 1301 4223 ἀλλ’
1335 4171 1575 4225 ἐνδύεται
1621 4174 1713 4227 καὶ
1755 4176 1845 4227 τὸν
1874 4176 1987 4231 διὰ-

424 4257 607 4322 ϐολον,
635 4259 964 4327 καὶγίνεται
991 4260 1211 4314 διπλοῦν
1256 4263 1321 4315 τδ
1364 4265 1532 4315 κακὸν
1582 4265 1725 4317 κατὰ
1771 4267 1864 4320 τὸν
1905 4269 1988 4319 λέ-

3088 3263 3324 3310 attamen
3376 3272 3480 3310 non
3537 3255 3650 3308 Elia

2091 3344 2405 3400 moderante
2442 3355 2495 3399 et
2538 3346 2815 3416 jaculante
2866 3347 3127 3413 fulmina,
3171 3348 3264 3402 sed
3316 3347 3504 3416 angelo
3550 3347 3651 3397 Do-

2092 3437 2225 3491 mini
2261 3438 2326 3491 ad
2369 3439 2471 3492 hoc
2502 3438 2805 3506 designato.
2833 3439 2970 3492 Audi
3017 3455 3147 3493 vero
3196 3439 3449 3494 draconis
3491 3441 3654 3508 origi-

2093 3543 2236 3584 nem.
2267 3529 2586 3597 Conspectis
2614 3529 2822 3584 damon
2859 3530 3222 3598 serpentibus,
3270 3544 3655 3599 quemcunque

2089 3623 2204 3676 vult
2238 3621 2572 3690 ingreditur,
2629 3638 2753 3676 cum
2802 3623 3003 3692 illoque
3042 3623 3202 3677 unius
3248 3623 3649 3692 quodammodo

2089 3725 2295 3770 natura:
2326 3717 2402 3780 fit,
2446 3733 2567 3771 cum
2607 3717 2698 3770 illo
2749 3717 3008 3770 malitiam
3054 3732 3208 3770 suam
3243 3717 3647 3771 communicat:

2091 3807 2415 3874 procedente
2447 3815 2628 3859 autem
2668 3814 2910 3874 tempore
2933 3843 2948 3870 ,
2984 3813 3254 3874 spectrum
3287 3805 3411 3858 inde
3453 3805 3657 3859 format

2090 3897 2453 3956 immensum,
2506 3897 2767 3960 terribile,
2814 3895 2987 3949 audax
3051 3906 3211 3962 atque
3265 3895 3648 3960 vaferrimum,

2089 4001 2116 4038 a
2161 4000 2267 4055 quo
2317 4001 2413 4039 uec
2458 3987 2525 4040 ad
2577 3987 2743 4040 latum
2781 4002 3013 4055 unguem
3061 3985 3345 4040 discedens
3393 3996 3651 4041 constans

2089 4078 2265 4131 incola
2299 4118 2312 4141 ,
2373 4079 2478 4132 late
2538 4078 2843 4131 vastitatem
2889 4092 2950 4131 ac
3001 4076 3258 4131 damnum
3313 4077 3645 4131 circumfert.

2088 4165 2227 4221 Hinc
2267 4169 2482 4220 tandem
2529 4183 2750 4236 serpens
2794 4168 2881 4223 ille
2917 4168 2976 4221 fit
3013 4168 3175 4223 draco
3206 4209 3220 4233 ,
3275 4167 3386 4223 fera
3430 4169 3649 4221 innuitis

2087 4271 2142 4312 et
2177 4258 2413 4311 maxime
2451 4258 2774 4326 perniciosa,
2816 4274 2935 4327 quae
2974 4259 3189 4327 quidem
3235 4275 3302 4312 ex
3347 4259 3504 4312 insita
3545 4260 3658 4312 sibi

418 4365 590 4417 γοντα
622 4365 638 4380 ο
672 4343 843 4417 Εὗρεν
881 4352 909 4402 6
945 4352 1191 4413 Σατανᾶς
1236 4351 1328 4403 τὸν
1371 4353 1632 4410 διάϐολον.
1686 4357 1852 4409 Ὅταν
1892 4355 1986 4411 οὖν

2090 4363 2282 4402 natura
2340 4349 2472 4401 satis
2511 4348 2708 4411 noxia,
2766 4363 2859 4416 per
2904 4348 3290 4402 inltabitantem
3346 4349 3655 4402 dmmonenv

415 4442 677 4511 διανοηθῇ
713 4443 741 4493 6
773 4441 1045 4510 διάϐολος,
1077 4447 1104 4498 6
1151 4443 1208 4494 ὲν
1252 4443 1329 4513 τῷ
1357 4444 1499 4512 ὄφει,
1534 4445 1770 4510 ἐξελθεῖν
1799 4452 1861 4501 ἐκ
1892 4450 1987 4502 τοῦ

2090 4443 2251 4511 duplo
2299 4442 2620 4495 malitiosior
2672 4441 2767 4504 fit,
2819 4457 2886 4495 ex
2923 4452 3102 4496 mente
3139 4443 3302 4508 illius,
3355 4444 3443 4512 qui
3477 4443 3647 4496 dicit:

416 4533 629 4603 φωλεοῦ
671 4533 836 4586 αὑτοῦ
867 4534 960 4587 τοῦ
991 4534 1210 4605 βλάψαι,
1243 4538 1274 4608 ἢ
1330 4538 1592 4591 ἀπολέσαι
1640 4538 1982 4608 ἀνθρώπους,

2092 4528 2309 4598 Reperit
2356 4529 2587 4584 Satanas
2629 4530 2924 4585 diabolum.
2977 4525 3204 4595 Quando
3258 4533 3420 4602 igitur
3477 4535 3647 4606 visum

415 4624 622 4695 θεωρεῖ
648 4627 674 4677 6
701 4625 832 4687 Θεὸς
865 4626 1104 4692 ἄνωθεν,
1126 4630 1218 4681 καὶ
1270 4630 1344 4698 μὴ
1381 4629 1549 4682 θέλων
1604 4631 1853 4697 γενέσθαι
1888 4648 1984 4685 καέ

414 4718 546 4782 κὸν,
572 4716 717 4769 νεύει
770 4716 847 4787 τῷ
888 4719 1104 4788 ἀγγέλῳ
1150 4721 1247 4789 τῆς
1305 4721 1609 4791 ἀστραπῆς,
1643 4723 1735 4774 καὶ
1783 4722 1984 4783 εὐθέως

416 4809 652 4879 ἄρχεται
687 4809 829 4863 κατά
857 4809 949 4861 τοῦ
970 4810 1264 4880 δράκοντος
1295 4811 1541 4882 βροντᾷν,
1593 4812 1685 4865 καὶ
1723 4811 1984 4866 ἀποστέλυ

413 4901 503 4953 λει
532 4903 622 4954 τὸν
646 4903 857 4969 σίφωνα
887 4902 985 4969 τῆς
1015 4902 1328 4972 ἀστραπῆς,
1369 4903 1464 4956 καὶ
1487 4905 1771 4956 κατακαίει
1800 4903 1981 4957 αὐτόν.

429 4994 494 5045 Ὃ
530 4993 584 5046 δὲ
614 4991 880 5056 διάϐολος,
914 4993 942 5045 6
979 4992 1037 5045 ὲν
1062 4992 1138 5062 τῷ
1171 4993 1294 5062 ὄφει
1344 4994 1850 5073 ὑπερασπιξόμενος
1884 4996 1984 5047 αύ-

411 5085 530 5149 τδν,
584 5085 731 5154 αίρει
786 5085 950 5138 αὑτὸν
978 5085 1036 5136 ὲν
1073 5086 1150 5152 τῷ
1177 5085 1322 5154 ἀέρι,
1359 5086 1454 5138 καὶ⁴
1493 5086 1682 5153 φεύγει
1732 5087 1842 5139 ἀπὸ
1885 5085 1978 5138 τοῦ

412 5175 650 5246 φοϐεροῦ
689 5176 852 5245 φόϐου
886 5176 979 5229 καὶ
1029 5178 1232 5246 τρόμου
1284 5179 1382 5247 τῆς
1408 5178 1715 5247 ἀστραπῆς.
1761 5179 1996 5244 Φεύγων.

411 5269 474 5322 δὲ
521 5270 847 5336 ἀγωνίζεται
875 5273 954 5332 είς
984 5269 1272 5340 ἄνθρωπον
1296 5272 1803 5341 ἀποκρεμασθῆναι,
1835 5273 1981 5332 ὅπως

408 5364 441 5415 6
478 5362 610 5426 Θεὸς
651 5363 966 5432 φειδόμενος
994 5360 1088 5414 τοῦ
1120 5362 1430 5432 ἀνθρώπου,
1467 5363 1638 5432 ἀφεθῇ
1679 5365 1927 5426 κάκεῖνος
1964 5380 1976 5393 ·

409 5587 414 5590 -
489 5557 531 5589 ³⁸
567 5554 726 5610 Joan.
756 5570 834 5617 ιιι,
872 5557 953 5608 15.

492 5718 600 5789 (78.)
641 5718 739 5772 Ms.
803 5717 976 5774 Vatic.
1040 5722 1123 5772 ἵνα
1168 5719 1476 5781 ἐπίστασαι,
1514 5759 1526 5780 ,
1581 5721 1672 5771 κοιῖ
1728 5720 1829 5789 χρὴ
1880 5720 1979 5781 πᾶς

412 5790 742 5853 Χριττιανδς
771 5789 876 5843 τῶν
914 5789 1637 5856 τοιούτωνἀποστρέφεσθαι.

2091 4633 2173 4676 cst
2196 4623 2449 4682 dzcmoni,
2482 4632 2785 4691 serpentem
2820 4623 3094 4688 incolenti,
3129 4625 3342 4693 prodire
3369 4642 3398 4678 e
3431 4625 3648 4678 latebris

2091 4714 2226 4776 suis,
2282 4713 2592 4766 hominibus
2650 4714 2874 4768 nocendi
2926 4729 2990 4768 ac
3046 4715 3319 4769 interitum
3383 4716 3643 4770 inferendi

2091 4821 2289 4872 causa;
2333 4807 2384 4860 id
2433 4806 2741 4874 speculatus
2789 4808 3021 4876 desuper
3061 4808 3239 4873 Deus,
3290 4824 3396 4860 non
3439 4810 3647 4877 patiens

2089 4897 2153 4950 ad
2207 4898 2409 4951 exitum
2448 4895 2670 4966 perduci
2721 4896 2925 4950 nefaria
2979 4897 3365 4953 machinatoris
3398 4900 3646 4965 consilia,

2089 4990 2276 5058 angelo
2320 4989 2531 5041 fulmini
2564 4988 2850 5056 praelecto,
2881 5004 2942 5042 ca
2975 4990 3154 5043 statim
3183 4990 3368 5043 divino
3397 5000 3524 5044 nutu
3563 4991 3646 5042 in-

2089 5082 2274 5135 dicat:
2318 5081 2363 5135 is
2396 5088 2578 5135 autem
2618 5082 2879 5135 continuo
2925 5090 3115 5135 contra
3161 5082 3450 5136 draconem
3504 5084 3646 5137 ciere

2092 5175 2349 5238 tonitrua,
2384 5175 2630 5228 emittere
2666 5173 2909 5229 fulminis
2936 5177 3245 5245 siphonem,
3299 5183 3351 5228 ct
3393 5176 3550 5230 omni
3582 5192 3643 5228 cx

2090 5277 2241 5335 parte
2268 5265 2500 5327 ﬂanimis
2528 5265 2704 5334 ipsum
2740 5266 3018 5321 infestare.
3048 5266 3181 5320 Tum
3218 5282 3343 5320 vero
3373 5266 3644 5329 diabolus,

2090 5360 2356 5428 serpentis
2388 5359 2588 5418 incola.
2620 5359 2986 5414 imminentem
3022 5361 3386 5415 calamitatem
3420 5359 3646 5429 propul-

2164 5719 2270 5784 (79)
2313 5717 2535 5778 ibidem,
2569 5717 2699 5770 ὅπου
2740 5715 2900 5770 ἐστίν.

2163 5782 2291 5858 (80)
2315 5787 2533 5853 Ibidem,
2570 5788 2667 5839 οὐκ
2693 5788 2755 5840 ὲνς
2778 5788 2853 5855 τῷ
2888 5785 3149 5855 ὑπάρχειν
3184 5782 3325 5853 αὐτῷ
3359 5783 3538 5840 κκκόν.
3567 5836 3572 5840 .
